  <div class='ocr_page' id='page_1' title='image "/cluster/home/n/w/nwhite01/storage/ocr_20150623/131/hvd.32044054759923/299.png"; bbox 0 0 4014 6194; ppageno 0'>
   <div class='ocr_carea' id='block_1_1' title="bbox 384 347 503 407">
    <p class='ocr_par' dir='ltr' id='par_1_1' title="bbox 384 347 503 407">
     <span class='ocr_line' id='line_1_1' title="bbox 384 347 503 407; baseline 0.008 -1"><span class='ocrx_word' id='word_1_1' title='bbox 384 347 503 407; x_wconf 71' lang='grc'><strong>583</strong></span> 
     </span>
    </p>
   </div>
   <div class='ocr_carea' id='block_1_2' title="bbox 960 345 3225 411">
    <p class='ocr_par' dir='ltr' id='par_1_2' title="bbox 960 345 3225 411">
     <span class='ocr_line' id='line_1_2' title="bbox 960 345 3225 411; baseline 0.001 -5"><span class='ocrx_word' id='word_1_2' title='bbox 960 347 1262 409; x_wconf 80' lang='lat' dir='ltr'><strong>REMIGII</strong></span> <span class='ocrx_word' id='word_1_3' title='bbox 1307 347 2064 409; x_wconf 79' lang='lat' dir='ltr'><strong>ANTISSIODORENSIS</strong></span> <span class='ocrx_word' id='word_1_4' title='bbox 2109 345 2283 409; x_wconf 89' lang='lat' dir='ltr'><strong>OPP.</strong></span> <span class='ocrx_word' id='word_1_5' title='bbox 2327 349 2531 410; x_wconf 81' lang='lat' dir='ltr'><strong>PARS</strong></span> <span class='ocrx_word' id='word_1_6' title='bbox 2576 349 2622 408; x_wconf 90' lang='lat' dir='ltr'><strong>l.</strong></span> <span class='ocrx_word' id='word_1_7' title='bbox 2657 381 2735 393; x_wconf 90' lang='lat'><strong><em>—</em></strong></span> <span class='ocrx_word' id='word_1_8' title='bbox 2763 347 3225 411; x_wconf 81' lang='lat' dir='ltr'><strong>EXEGETICA.</strong></span> 
     </span>
    </p>
   </div>
   <div class='ocr_carea' id='block_1_3' title="bbox 3670 345 3797 406">
    <p class='ocr_par' dir='ltr' id='par_1_3' title="bbox 3670 345 3797 406">
     <span class='ocr_line' id='line_1_3' title="bbox 3670 345 3797 406; baseline 0.008 -3"><span class='ocrx_word' id='word_1_9' title='bbox 3670 345 3797 406; x_wconf 71' lang='grc'><strong>584</strong></span> 
     </span>
    </p>
   </div>
   <div class='ocr_carea' id='block_1_4' title="bbox 385 477 3797 554">
    <p class='ocr_par' dir='ltr' id='par_1_4' title="bbox 385 477 3797 554">
     <span class='ocr_line' id='line_1_4' title="bbox 385 477 3797 554; baseline -0.001 -20"><span class='ocrx_word' id='word_1_10' title='bbox 385 479 733 536; x_wconf 90' lang='lat' dir='ltr'><strong>toreularia:</strong></span> <span class='ocrx_word' id='word_1_11' title='bbox 769 484 1126 551; x_wconf 79' lang='lat' dir='ltr'><strong>quapropter</strong></span> <span class='ocrx_word' id='word_1_12' title='bbox 1156 482 1297 551; x_wconf 92' lang='lat' dir='ltr'><strong>quid</strong></span> <span class='ocrx_word' id='word_1_13' title='bbox 1331 487 1541 552; x_wconf 78' lang='lat' dir='ltr'><strong>agatur</strong></span> <span class='ocrx_word' id='word_1_14' title='bbox 1569 481 1628 536; x_wconf 91' lang='lat' dir='ltr'><strong>in</strong></span> <span class='ocrx_word' id='word_1_15' title='bbox 1663 481 1753 536; x_wconf 89' lang='lat' dir='ltr'><strong>his</strong></span> <span class='ocrx_word' id='word_1_16' title='bbox 1783 480 2026 535; x_wconf 88' lang='lat' dir='ltr'><strong>visibili-</strong></span> <span class='ocrx_word' id='word_1_17' title='bbox 2063 483 2116 548; x_wconf 85' lang='grc' dir='ltr'><strong>Α</strong></span> <span class='ocrx_word' id='word_1_18' title='bbox 2151 483 2496 554; x_wconf 84' lang='lat' dir='ltr'><strong>Concupiscit</strong></span> <span class='ocrx_word' id='word_1_19' title='bbox 2553 488 2605 537; x_wconf 86' lang='lat' dir='ltr'><strong>et</strong></span> <span class='ocrx_word' id='word_1_20' title='bbox 2662 484 2837 551; x_wconf 80' lang='lat' dir='ltr'><strong>deﬁcit</strong></span> <span class='ocrx_word' id='word_1_21' title='bbox 2867 485 3068 538; x_wconf 84' lang='lat' dir='ltr'><strong>anima</strong></span> <span class='ocrx_word' id='word_1_22' title='bbox 3100 497 3222 536; x_wconf 90' lang='lat' dir='ltr'><strong>mea</strong></span> <span class='ocrx_word' id='word_1_23' title='bbox 3253 483 3313 535; x_wconf 87' lang='lat' dir='ltr'><strong>in</strong></span> <span class='ocrx_word' id='word_1_24' title='bbox 3369 487 3518 534; x_wconf 80' lang='lat' dir='ltr'><strong>atria</strong></span> <span class='ocrx_word' id='word_1_25' title='bbox 3548 477 3797 532; x_wconf 77' lang='lat' dir='ltr'><strong>Domini.</strong></span> 
     </span>
    </p>
   </div>
   <div class='ocr_carea' id='block_1_5' title="bbox 384 568 2034 641">
    <p class='ocr_par' dir='ltr' id='par_1_5' title="bbox 384 568 2034 641">
     <span class='ocr_line' id='line_1_5' title="bbox 384 568 2034 641; baseline -0.001 -16"><span class='ocrx_word' id='word_1_26' title='bbox 384 571 496 625; x_wconf 90' lang='lat' dir='ltr'><strong>bus</strong></span> <span class='ocrx_word' id='word_1_27' title='bbox 517 568 908 636; x_wconf 80' lang='lat' dir='ltr'><strong>recordemur,</strong></span> <span class='ocrx_word' id='word_1_28' title='bbox 937 573 994 622; x_wconf 88' lang='lat' dir='ltr'><strong>et</strong></span> <span class='ocrx_word' id='word_1_29' title='bbox 1025 586 1126 640; x_wconf 91' lang='lat' dir='ltr'><strong>per</strong></span> <span class='ocrx_word' id='word_1_30' title='bbox 1157 569 1264 624; x_wconf 91' lang='lat' dir='ltr'><strong>hoc</strong></span> <span class='ocrx_word' id='word_1_31' title='bbox 1293 571 1596 626; x_wconf 80' lang='lat' dir='ltr'><strong>videamus</strong></span> <span class='ocrx_word' id='word_1_32' title='bbox 1629 569 1883 641; x_wconf 82' lang='lat' dir='ltr'><strong>qualiter</strong></span> <span class='ocrx_word' id='word_1_33' title='bbox 1935 569 2034 624; x_wconf 91' lang='lat' dir='ltr'><strong>illa</strong></span> 
     </span>
    </p>
   </div>
   <div class='ocr_carea' id='block_1_6' title="bbox 383 657 2036 731">
    <p class='ocr_par' dir='ltr' id='par_1_6' title="bbox 383 657 2036 731">
     <span class='ocr_line' id='line_1_6' title="bbox 383 657 2036 731; baseline -0.001 -18"><span class='ocrx_word' id='word_1_34' title='bbox 383 658 626 731; x_wconf 77' lang='lat' dir='ltr'><strong>mystice</strong></span> <span class='ocrx_word' id='word_1_35' title='bbox 664 657 808 711; x_wconf 84' lang='lat' dir='ltr'><strong>ﬁant</strong></span> <span class='ocrx_word' id='word_1_36' title='bbox 848 657 906 710; x_wconf 91' lang='lat' dir='ltr'><strong>in</strong></span> <span class='ocrx_word' id='word_1_37' title='bbox 946 657 1224 712; x_wconf 83' lang='lat' dir='ltr'><strong>Ecclesia.</strong></span> <span class='ocrx_word' id='word_1_38' title='bbox 1296 659 1412 714; x_wconf 86' lang='lat' dir='ltr'><strong>Uva</strong></span> <span class='ocrx_word' id='word_1_39' title='bbox 1478 665 1632 714; x_wconf 85' lang='lat' dir='ltr'><strong>certe</strong></span> <span class='ocrx_word' id='word_1_40' title='bbox 1701 660 1913 730; x_wconf 88' lang='lat' dir='ltr'><strong>pendet</strong></span> <span class='ocrx_word' id='word_1_41' title='bbox 1977 659 2036 712; x_wconf 89' lang='lat' dir='ltr'><strong>in</strong></span> 
     </span>
    </p>
   </div>
   <div class='ocr_carea' id='block_1_7' title="bbox 380 744 2037 827">
    <p class='ocr_par' dir='ltr' id='par_1_7' title="bbox 380 744 2037 827">
     <span class='ocr_line' id='line_1_7' title="bbox 380 744 2037 827; baseline -0.001 -25"><span class='ocrx_word' id='word_1_42' title='bbox 380 748 598 802; x_wconf 79' lang='lat' dir='ltr'><strong>vitibus</strong></span> <span class='ocrx_word' id='word_1_43' title='bbox 663 751 720 801; x_wconf 88' lang='lat' dir='ltr'><strong>et</strong></span> <span class='ocrx_word' id='word_1_44' title='bbox 780 744 934 800; x_wconf 87' lang='lat' dir='ltr'><strong>oliva</strong></span> <span class='ocrx_word' id='word_1_45' title='bbox 1000 745 1057 800; x_wconf 92' lang='lat' dir='ltr'><strong>in</strong></span> <span class='ocrx_word' id='word_1_46' title='bbox 1126 747 1456 813; x_wconf 79' lang='lat' dir='ltr'><strong>arboribus,</strong></span> <span class='ocrx_word' id='word_1_47' title='bbox 1529 753 1586 802; x_wconf 91' lang='lat' dir='ltr'><strong>et</strong></span> <span class='ocrx_word' id='word_1_48' title='bbox 1649 748 1832 802; x_wconf 89' lang='lat' dir='ltr'><strong>libero</strong></span> <span class='ocrx_word' id='word_1_49' title='bbox 1883 764 2037 827; x_wconf 49' lang='lat' dir='ltr'><strong>aere,</strong></span> 
     </span>
    </p>
   </div>
   <div class='ocr_carea' id='block_1_8' title="bbox 383 834 2038 905">
    <p class='ocr_par' dir='ltr' id='par_1_8' title="bbox 383 834 2038 905">
     <span class='ocr_line' id='line_1_8' title="bbox 383 834 2038 905; baseline -0.001 -13"><span class='ocrx_word' id='word_1_50' title='bbox 383 838 522 892; x_wconf 91' lang='lat' dir='ltr'><strong>dum</strong></span> <span class='ocrx_word' id='word_1_51' title='bbox 547 835 630 890; x_wconf 89' lang='lat' dir='ltr'><strong>sic</strong></span> <span class='ocrx_word' id='word_1_52' title='bbox 660 834 935 905; x_wconf 86' lang='lat' dir='ltr'>pendent,</span> <span class='ocrx_word' id='word_1_53' title='bbox 968 835 1260 890; x_wconf 84' lang='lat' dir='ltr'><strong>fruuntur.</strong></span> <span class='ocrx_word' id='word_1_54' title='bbox 1307 836 1407 890; x_wconf 87' lang='lat' dir='ltr'><strong>His</strong></span> <span class='ocrx_word' id='word_1_55' title='bbox 1453 837 1686 890; x_wconf 89' lang='lat' dir='ltr'><strong>duobus</strong></span> <span class='ocrx_word' id='word_1_56' title='bbox 1745 836 2038 891; x_wconf 86' lang='lat' dir='ltr'><strong>fructibus</strong></span> 
     </span>
    </p>
   </div>
   <div class='ocr_carea' id='block_1_9' title="bbox 382 922 2031 994">
    <p class='ocr_par' dir='ltr' id='par_1_9' title="bbox 382 922 2031 994">
     <span class='ocr_line' id='line_1_9' title="bbox 382 922 2031 994; baseline -0.002 -12"><span class='ocrx_word' id='word_1_57' title='bbox 382 925 573 982; x_wconf 81' lang='lat' dir='ltr'><strong>solent</strong></span> <span class='ocrx_word' id='word_1_58' title='bbox 602 923 790 994; x_wconf 91' lang='lat' dir='ltr'><strong>parari</strong></span> <span class='ocrx_word' id='word_1_59' title='bbox 827 922 1157 990; x_wconf 85' lang='lat' dir='ltr'><strong>toreularia,</strong></span> <span class='ocrx_word' id='word_1_60' title='bbox 1192 925 1331 994; x_wconf 87' lang='lat' dir='ltr'><strong>quia</strong></span> <span class='ocrx_word' id='word_1_61' title='bbox 1361 942 1471 979; x_wconf 90' lang='lat' dir='ltr'><strong>uva</strong></span> <span class='ocrx_word' id='word_1_62' title='bbox 1517 942 1631 980; x_wconf 89' lang='lat' dir='ltr'><strong>non</strong></span> <span class='ocrx_word' id='word_1_63' title='bbox 1665 929 1753 979; x_wconf 90' lang='lat' dir='ltr'><strong>est</strong></span> <span class='ocrx_word' id='word_1_64' title='bbox 1808 925 2031 979; x_wconf 62' lang='lat' dir='ltr'><strong>vinum,</strong></span> 
     </span>
    </p>
   </div>
   <div class='ocr_carea' id='block_1_10' title="bbox 381 1011 2036 1084">
    <p class='ocr_par' dir='ltr' id='par_1_10' title="bbox 381 1011 2036 1084">
     <span class='ocr_line' id='line_1_10' title="bbox 381 1011 2036 1084; baseline -0.001 -14"><span class='ocrx_word' id='word_1_65' title='bbox 381 1031 486 1070; x_wconf 88' lang='lat' dir='ltr'><strong>nec</strong></span> <span class='ocrx_word' id='word_1_66' title='bbox 524 1013 677 1068; x_wconf 86' lang='lat' dir='ltr'><strong>oliva</strong></span> <span class='ocrx_word' id='word_1_67' title='bbox 743 1011 959 1076; x_wconf 89' lang='lat' dir='ltr'><strong>oleum,</strong></span> <span class='ocrx_word' id='word_1_68' title='bbox 1028 1017 1342 1084; x_wconf 86' lang='lat' dir='ltr'><strong>antequam</strong></span> <span class='ocrx_word' id='word_1_69' title='bbox 1420 1015 1477 1067; x_wconf 91' lang='lat' dir='ltr'><strong>in</strong></span> <span class='ocrx_word' id='word_1_70' title='bbox 1548 1014 1824 1068; x_wconf 89' lang='lat' dir='ltr'><strong>toreulari</strong></span> <span class='ocrx_word' id='word_1_71' title='bbox 1907 1031 2036 1084; x_wconf 79' lang='lat' dir='ltr'><strong>pre-</strong></span> 
     </span>
    </p>
   </div>
   <div class='ocr_carea' id='block_1_11' title="bbox 379 1100 2036 1173">
    <p class='ocr_par' dir='ltr' id='par_1_11' title="bbox 379 1100 2036 1173">
     <span class='ocr_line' id='line_1_11' title="bbox 379 1100 2036 1173; baseline -0.001 -15"><span class='ocrx_word' id='word_1_72' title='bbox 379 1107 635 1158; x_wconf 90' lang='lat' dir='ltr'><strong>mantur.</strong></span> <span class='ocrx_word' id='word_1_73' title='bbox 669 1100 759 1163; x_wconf 88' lang='lat' dir='ltr'><strong>Sic</strong></span> <span class='ocrx_word' id='word_1_74' title='bbox 790 1105 846 1154; x_wconf 91' lang='lat' dir='ltr'><strong>et</strong></span> <span class='ocrx_word' id='word_1_75' title='bbox 876 1100 1141 1155; x_wconf 79' lang='lat' dir='ltr'><strong>homines</strong></span> <span class='ocrx_word' id='word_1_76' title='bbox 1171 1118 1322 1172; x_wconf 92' lang='lat' dir='ltr'><strong>quos</strong></span> <span class='ocrx_word' id='word_1_77' title='bbox 1385 1103 1823 1173; x_wconf 68' lang='lat' dir='ltr'><strong>praedestinavit</strong></span> <span class='ocrx_word' id='word_1_78' title='bbox 1880 1107 2036 1157; x_wconf 87' lang='lat' dir='ltr'><strong>Deus</strong></span> 
     </span>
    </p>
   </div>
   <div class='ocr_carea' id='block_1_12' title="bbox 378 1188 2035 1261">
    <p class='ocr_par' dir='ltr' id='par_1_12' title="bbox 378 1188 2035 1261">
     <span class='ocr_line' id='line_1_12' title="bbox 378 1188 2035 1261; baseline -0.002 -13"><span class='ocrx_word' id='word_1_79' title='bbox 378 1192 704 1248; x_wconf 89' lang='lat' dir='ltr'><strong>conformes</strong></span> <span class='ocrx_word' id='word_1_80' title='bbox 735 1189 858 1244; x_wconf 88' lang='lat' dir='ltr'><strong>ﬁeri</strong></span> <span class='ocrx_word' id='word_1_81' title='bbox 888 1188 1164 1261; x_wconf 83' lang='lat' dir='ltr'><strong>imaginis</strong></span> <span class='ocrx_word' id='word_1_82' title='bbox 1198 1189 1323 1244; x_wconf 90' lang='lat' dir='ltr'><strong>Filii</strong></span> <span class='ocrx_word' id='word_1_83' title='bbox 1357 1190 1447 1244; x_wconf 90' lang='lat' dir='ltr'><strong>sui</strong></span> <span class='ocrx_word' id='word_1_84' title='bbox 1492 1191 1666 1260; x_wconf 82' lang='lat' dir='ltr'><strong>(Rom.</strong></span> <span class='ocrx_word' id='word_1_85' title='bbox 1721 1191 1868 1261; x_wconf 78' lang='lat' dir='ltr'><strong>vui),</strong></span> <span class='ocrx_word' id='word_1_86' title='bbox 1931 1204 2035 1259; x_wconf 79' lang='lat' dir='ltr'><strong>qui</strong></span> 
     </span>
    </p>
   </div>
   <div class='ocr_carea' id='block_1_13' title="bbox 376 1276 2031 1350">
    <p class='ocr_par' dir='ltr' id='par_1_13' title="bbox 376 1276 2031 1350">
     <span class='ocr_line' id='line_1_13' title="bbox 376 1276 2031 1350; baseline 0 -16"><span class='ocrx_word' id='word_1_87' title='bbox 376 1295 626 1350; x_wconf 89' lang='lat' dir='ltr'><strong>magnus</strong></span> <span class='ocrx_word' id='word_1_88' title='bbox 666 1277 724 1331; x_wconf 89' lang='lat' dir='ltr'><strong>in</strong></span> <span class='ocrx_word' id='word_1_89' title='bbox 782 1276 1054 1347; x_wconf 85' lang='lat' dir='ltr'><strong>passione</strong></span> <span class='ocrx_word' id='word_1_90' title='bbox 1093 1293 1406 1348; x_wconf 87' lang='lat' dir='ltr'><strong>expressus</strong></span> <span class='ocrx_word' id='word_1_91' title='bbox 1446 1284 1533 1333; x_wconf 84' lang='lat' dir='ltr'><strong>est</strong></span> <span class='ocrx_word' id='word_1_92' title='bbox 1591 1280 1812 1343; x_wconf 86' lang='lat' dir='ltr'><strong>botrus,</strong></span> <span class='ocrx_word' id='word_1_93' title='bbox 1872 1284 2031 1334; x_wconf 88' lang='lat' dir='ltr'><strong>ante-</strong></span> 
     </span>
    </p>
   </div>
   <div class='ocr_carea' id='block_1_14' title="bbox 375 1366 2034 1440">
    <p class='ocr_par' dir='ltr' id='par_1_14' title="bbox 375 1366 2034 1440">
     <span class='ocr_line' id='line_1_14' title="bbox 375 1366 2034 1440; baseline -0.001 -16"><span class='ocrx_word' id='word_1_94' title='bbox 375 1385 551 1440; x_wconf 84' lang='lat' dir='ltr'><strong>quam</strong></span> <span class='ocrx_word' id='word_1_95' title='bbox 583 1366 861 1421; x_wconf 78' lang='lat' dir='ltr'><strong>accedant</strong></span> <span class='ocrx_word' id='word_1_96' title='bbox 890 1366 961 1419; x_wconf 88' lang='lat' dir='ltr'><strong>ad</strong></span> <span class='ocrx_word' id='word_1_97' title='bbox 996 1367 1354 1429; x_wconf 88' lang='lat' dir='ltr'><strong>servitutem,</strong></span> <span class='ocrx_word' id='word_1_98' title='bbox 1407 1367 1684 1422; x_wconf 89' lang='lat' dir='ltr'><strong>deliciosa</strong></span> <span class='ocrx_word' id='word_1_99' title='bbox 1752 1368 2034 1423; x_wconf 85' lang='lat' dir='ltr'><strong>fruuntur</strong></span> 
     </span>
    </p>
   </div>
   <div class='ocr_carea' id='block_1_15' title="bbox 375 1453 2028 1526">
    <p class='ocr_par' dir='ltr' id='par_1_15' title="bbox 375 1453 2028 1526">
     <span class='ocr_line' id='line_1_15' title="bbox 375 1453 2028 1526; baseline 0.001 -16"><span class='ocrx_word' id='word_1_100' title='bbox 375 1457 662 1512; x_wconf 87' lang='lat' dir='ltr'><strong>libertate.</strong></span> <span class='ocrx_word' id='word_1_101' title='bbox 697 1454 804 1508; x_wconf 87' lang='lat' dir='ltr'><strong>Sed</strong></span> <span class='ocrx_word' id='word_1_102' title='bbox 839 1453 1114 1524; x_wconf 89' lang='lat' dir='ltr'><strong>quoniam</strong></span> <span class='ocrx_word' id='word_1_103' title='bbox 1146 1455 1431 1526; x_wconf 85' lang='lat' dir='ltr'><strong>scriptum</strong></span> <span class='ocrx_word' id='word_1_104' title='bbox 1491 1461 1617 1511; x_wconf 86' lang='lat' dir='ltr'><strong>est:</strong></span> <span class='ocrx_word' id='word_1_105' title='bbox 1687 1457 1820 1521; x_wconf 85' lang='lat' dir='ltr'><strong>Fili,</strong></span> <span class='ocrx_word' id='word_1_106' title='bbox 1881 1473 2028 1511; x_wconf 88' lang='lat' dir='ltr'><strong>acce-</strong></span> 
     </span>
    </p>
   </div>
   <div class='ocr_carea' id='block_1_16' title="bbox 377 1543 2026 1614">
    <p class='ocr_par' dir='ltr' id='par_1_16' title="bbox 377 1543 2026 1614">
     <span class='ocr_line' id='line_1_16' title="bbox 377 1543 2026 1614; baseline 0.001 -14"><span class='ocrx_word' id='word_1_107' title='bbox 377 1545 506 1602; x_wconf 87' lang='lat' dir='ltr'><strong>dens</strong></span> <span class='ocrx_word' id='word_1_108' title='bbox 563 1544 636 1598; x_wconf 82' lang='lat' dir='ltr'><strong>ad</strong></span> <span class='ocrx_word' id='word_1_109' title='bbox 685 1545 995 1597; x_wconf 69' lang='lat' dir='ltr'><strong>servitutem</strong></span> <span class='ocrx_word' id='word_1_110' title='bbox 1041 1543 1154 1609; x_wconf 89' lang='lat' dir='ltr'><strong>Dei,</strong></span> <span class='ocrx_word' id='word_1_111' title='bbox 1215 1549 1300 1597; x_wconf 84' lang='lat' dir='ltr'><strong>sta</strong></span> <span class='ocrx_word' id='word_1_112' title='bbox 1331 1547 1390 1598; x_wconf 89' lang='lat' dir='ltr'><strong>in</strong></span> <span class='ocrx_word' id='word_1_113' title='bbox 1412 1546 1632 1614; x_wconf 84' lang='lat' dir='ltr'><strong>justitia</strong></span> <span class='ocrx_word' id='word_1_114' title='bbox 1661 1550 1712 1599; x_wconf 89' lang='lat' dir='ltr'><strong>et</strong></span> <span class='ocrx_word' id='word_1_115' title='bbox 1756 1551 2026 1613; x_wconf 89' lang='lat' dir='ltr'><strong>tremore,</strong></span> 
     </span>
    </p>
   </div>
   <div class='ocr_carea' id='block_1_17' title="bbox 375 1633 2023 1706">
    <p class='ocr_par' dir='ltr' id='par_1_17' title="bbox 375 1633 2023 1706">
     <span class='ocr_line' id='line_1_17' title="bbox 375 1633 2023 1706; baseline 0.001 -17"><span class='ocrx_word' id='word_1_116' title='bbox 375 1642 426 1689; x_wconf 92' lang='lat' dir='ltr'><strong>et</strong></span> <span class='ocrx_word' id='word_1_117' title='bbox 452 1648 712 1704; x_wconf 75' lang='lat' dir='ltr'><strong>praepara</strong></span> <span class='ocrx_word' id='word_1_118' title='bbox 735 1634 985 1686; x_wconf 87' lang='lat' dir='ltr'><strong>animam</strong></span> <span class='ocrx_word' id='word_1_119' title='bbox 1007 1639 1160 1686; x_wconf 87' lang='lat' dir='ltr'><strong>tuam</strong></span> <span class='ocrx_word' id='word_1_120' title='bbox 1191 1633 1260 1686; x_wconf 85' lang='lat' dir='ltr'><strong>ad</strong></span> <span class='ocrx_word' id='word_1_121' title='bbox 1295 1636 1647 1690; x_wconf 82' lang='lat' dir='ltr'><strong>tentationem</strong></span> <span class='ocrx_word' id='word_1_122' title='bbox 1709 1636 1892 1703; x_wconf 67' lang='lat' dir='ltr'><strong>(Eccli.</strong></span> <span class='ocrx_word' id='word_1_123' title='bbox 1927 1638 2023 1706; x_wconf 73' lang='lat'><strong>11):</strong></span> 
     </span>
    </p>
   </div>
   <div class='ocr_carea' id='block_1_18' title="bbox 375 1719 2028 1795">
    <p class='ocr_par' dir='ltr' id='par_1_18' title="bbox 375 1719 2028 1795">
     <span class='ocr_line' id='line_1_18' title="bbox 375 1719 2028 1795; baseline 0.001 -18"><span class='ocrx_word' id='word_1_124' title='bbox 375 1719 788 1791; x_wconf 89' lang='lat' dir='ltr'><strong>unusquisque</strong></span> <span class='ocrx_word' id='word_1_125' title='bbox 819 1721 1100 1775; x_wconf 88' lang='lat' dir='ltr'><strong>accedens</strong></span> <span class='ocrx_word' id='word_1_126' title='bbox 1131 1721 1202 1776; x_wconf 89' lang='lat' dir='ltr'><strong>ad</strong></span> <span class='ocrx_word' id='word_1_127' title='bbox 1241 1722 1578 1777; x_wconf 88' lang='lat' dir='ltr'><strong>servitutem</strong></span> <span class='ocrx_word' id='word_1_128' title='bbox 1607 1723 1722 1792; x_wconf 88' lang='lat' dir='ltr'><strong>Dei,</strong></span> <span class='ocrx_word' id='word_1_129' title='bbox 1760 1740 2028 1795; x_wconf 86' lang='lat' dir='ltr'><strong>recogno-</strong></span> 
     </span>
    </p>
   </div>
   <div class='ocr_carea' id='block_1_19' title="bbox 2152 565 3798 636">
    <p class='ocr_par' dir='ltr' id='par_1_19' title="bbox 2152 565 3798 636">
     <span class='ocr_line' id='line_1_19' title="bbox 2152 565 3798 636; baseline -0.005 -10"><span class='ocrx_word' id='word_1_130' title='bbox 2152 572 2324 636; x_wconf 86' lang='lat' dir='ltr'><strong>Quasi</strong></span> <span class='ocrx_word' id='word_1_131' title='bbox 2362 572 2562 626; x_wconf 88' lang='lat' dir='ltr'><strong>dicat:</strong></span> <span class='ocrx_word' id='word_1_132' title='bbox 2599 572 2726 625; x_wconf 91' lang='lat' dir='ltr'><strong>Ideo</strong></span> <span class='ocrx_word' id='word_1_133' title='bbox 2785 570 2996 625; x_wconf 90' lang='lat' dir='ltr'><strong>dilecta</strong></span> <span class='ocrx_word' id='word_1_134' title='bbox 3054 575 3192 625; x_wconf 91' lang='lat' dir='ltr'><strong>sunt</strong></span> <span class='ocrx_word' id='word_1_135' title='bbox 3233 565 3612 623; x_wconf 79' lang='lat' dir='ltr'><strong>tabernacula</strong></span> <span class='ocrx_word' id='word_1_136' title='bbox 3671 570 3798 632; x_wconf 88' lang='lat' dir='ltr'><strong>tua,</strong></span> 
     </span>
    </p>
   </div>
   <div class='ocr_carea' id='block_1_20' title="bbox 2148 653 3797 731">
    <p class='ocr_par' dir='ltr' id='par_1_20' title="bbox 2148 653 3797 731">
     <span class='ocr_line' id='line_1_20' title="bbox 2148 653 3797 731; baseline -0.004 -17"><span class='ocrx_word' id='word_1_137' title='bbox 2148 661 2206 714; x_wconf 91' lang='lat' dir='ltr'><strong>in</strong></span> <span class='ocrx_word' id='word_1_138' title='bbox 2239 662 2455 731; x_wconf 90' lang='lat' dir='ltr'><strong>quibus</strong></span> <span class='ocrx_word' id='word_1_139' title='bbox 2516 661 2686 714; x_wconf 90' lang='lat' dir='ltr'><strong>modo</strong></span> <span class='ocrx_word' id='word_1_140' title='bbox 2718 659 3056 729; x_wconf 82' lang='lat' dir='ltr'><strong>affligimur,</strong></span> <span class='ocrx_word' id='word_1_141' title='bbox 3117 659 3256 729; x_wconf 90' lang='lat' dir='ltr'><strong>quia</strong></span> <span class='ocrx_word' id='word_1_142' title='bbox 3305 657 3503 710; x_wconf 88' lang='lat' dir='ltr'><strong>anima</strong></span> <span class='ocrx_word' id='word_1_143' title='bbox 3563 669 3696 708; x_wconf 79' lang='lat' dir='ltr'><strong>mea</strong></span> <span class='ocrx_word' id='word_1_144' title='bbox 3735 653 3797 708; x_wconf 89' lang='lat' dir='ltr'><strong>in</strong></span> 
     </span>
    </p>
   </div>
   <div class='ocr_carea' id='block_1_21' title="bbox 2149 743 3798 819">
    <p class='ocr_par' dir='ltr' id='par_1_21' title="bbox 2149 743 3798 819">
     <span class='ocr_line' id='line_1_21' title="bbox 2149 743 3798 819; baseline -0.003 -16"><span class='ocrx_word' id='word_1_145' title='bbox 2149 749 2285 814; x_wconf 87' lang='lat' dir='ltr'><strong>illis,</strong></span> <span class='ocrx_word' id='word_1_146' title='bbox 2345 748 2630 804; x_wconf 83' lang='lat' dir='ltr'><strong>subaudis</strong></span> <span class='ocrx_word' id='word_1_147' title='bbox 2699 747 2904 819; x_wconf 84' lang='lat' dir='ltr'><strong>posita,</strong></span> <span class='ocrx_word' id='word_1_148' title='bbox 2963 747 3326 818; x_wconf 88' lang='lat' dir='ltr'><strong>concupiscit</strong></span> <span class='ocrx_word' id='word_1_149' title='bbox 3395 743 3798 799; x_wconf 87' lang='lat' dir='ltr'><strong>conscendere</strong></span> 
     </span>
    </p>
   </div>
   <div class='ocr_carea' id='block_1_22' title="bbox 2147 831 3795 906">
    <p class='ocr_par' dir='ltr' id='par_1_22' title="bbox 2147 831 3795 906">
     <span class='ocr_line' id='line_1_22' title="bbox 2147 831 3795 906; baseline -0.004 -14"><span class='ocrx_word' id='word_1_150' title='bbox 2147 838 2204 892; x_wconf 91' lang='lat' dir='ltr'><strong>in</strong></span> <span class='ocrx_word' id='word_1_151' title='bbox 2264 838 2411 892; x_wconf 89' lang='lat' dir='ltr'><strong>atria</strong></span> <span class='ocrx_word' id='word_1_152' title='bbox 2468 836 2715 904; x_wconf 85' lang='lat' dir='ltr'><strong>Domini,</strong></span> <span class='ocrx_word' id='word_1_153' title='bbox 2777 836 2912 906; x_wconf 85' lang='lat' dir='ltr'><strong>quia</strong></span> <span class='ocrx_word' id='word_1_154' title='bbox 2954 852 3021 890; x_wconf 88' lang='lat' dir='ltr'><strong>ex</strong></span> <span class='ocrx_word' id='word_1_155' title='bbox 3077 835 3207 890; x_wconf 90' lang='lat' dir='ltr'><strong>istis</strong></span> <span class='ocrx_word' id='word_1_156' title='bbox 3263 831 3663 889; x_wconf 82' lang='lat' dir='ltr'><strong>tabernaculis</strong></span> <span class='ocrx_word' id='word_1_157' title='bbox 3723 832 3795 885; x_wconf 83' lang='lat' dir='ltr'><strong>ad</strong></span> 
     </span>
    </p>
   </div>
   <div class='ocr_carea' id='block_1_23' title="bbox 2146 921 3796 996">
    <p class='ocr_par' dir='ltr' id='par_1_23' title="bbox 2146 921 3796 996">
     <span class='ocr_line' id='line_1_23' title="bbox 2146 921 3796 996; baseline -0.005 -15"><span class='ocrx_word' id='word_1_158' title='bbox 2146 928 2248 981; x_wconf 86' lang='lat' dir='ltr'><strong>illa</strong></span> <span class='ocrx_word' id='word_1_159' title='bbox 2309 926 2457 981; x_wconf 90' lang='lat' dir='ltr'><strong>atria</strong></span> <span class='ocrx_word' id='word_1_160' title='bbox 2487 926 2896 996; x_wconf 83' lang='lat' dir='ltr'><strong>suspiramus:</strong></span> <span class='ocrx_word' id='word_1_161' title='bbox 2933 924 3027 979; x_wconf 91' lang='lat' dir='ltr'><strong>hic</strong></span> <span class='ocrx_word' id='word_1_162' title='bbox 3059 923 3444 991; x_wconf 87' lang='lat' dir='ltr'><strong>seminamus,</strong></span> <span class='ocrx_word' id='word_1_163' title='bbox 3477 921 3558 974; x_wconf 90' lang='lat' dir='ltr'><strong>ibi</strong></span> <span class='ocrx_word' id='word_1_164' title='bbox 3606 923 3796 974; x_wconf 84' lang='lat' dir='ltr'><strong>mete-</strong></span> 
     </span>
    </p>
   </div>
   <div class='ocr_carea' id='block_1_24' title="bbox 2147 1008 3794 1086">
    <p class='ocr_par' dir='ltr' id='par_1_24' title="bbox 2147 1008 3794 1086">
     <span class='ocr_line' id='line_1_24' title="bbox 2147 1008 3794 1086; baseline -0.005 -16"><span class='ocrx_word' id='word_1_165' title='bbox 2147 1033 2298 1079; x_wconf 90' lang='lat' dir='ltr'><strong>mus,</strong></span> <span class='ocrx_word' id='word_1_166' title='bbox 2368 1014 2505 1086; x_wconf 90' lang='lat' dir='ltr'><strong>quia</strong></span> <span class='ocrx_word' id='word_1_167' title='bbox 2571 1014 2667 1068; x_wconf 92' lang='lat' dir='ltr'><strong>ubi</strong></span> <span class='ocrx_word' id='word_1_168' title='bbox 2739 1013 3020 1083; x_wconf 82' lang='lat' dir='ltr'><strong>ploratur,</strong></span> <span class='ocrx_word' id='word_1_169' title='bbox 3090 1012 3167 1066; x_wconf 90' lang='lat' dir='ltr'><strong>ibi</strong></span> <span class='ocrx_word' id='word_1_170' title='bbox 3227 1011 3574 1066; x_wconf 79' lang='lat' dir='ltr'><strong>seminatur.</strong></span> <span class='ocrx_word' id='word_1_171' title='bbox 3625 1008 3794 1063; x_wconf 88' lang='lat' dir='ltr'><strong>Unde</strong></span> 
     </span>
    </p>
   </div>
   <div class='ocr_carea' id='block_1_25' title="bbox 2143 1100 3792 1170">
    <p class='ocr_par' dir='ltr' id='par_1_25' title="bbox 2143 1100 3792 1170">
     <span class='ocr_line' id='line_1_25' title="bbox 2143 1100 3792 1170; baseline -0.005 -12"><span class='ocrx_word' id='word_1_172' title='bbox 2143 1103 2327 1158; x_wconf 89' lang='lat' dir='ltr'><strong>illud:</strong></span> <span class='ocrx_word' id='word_1_173' title='bbox 2387 1106 2588 1157; x_wconf 85' lang='lat' dir='ltr'><strong>Euntes</strong></span> <span class='ocrx_word' id='word_1_174' title='bbox 2645 1103 2796 1156; x_wconf 86' lang='lat' dir='ltr'><strong>ibant</strong></span> <span class='ocrx_word' id='word_1_175' title='bbox 2857 1106 2906 1156; x_wconf 87' lang='lat' dir='ltr'><strong>et</strong></span> <span class='ocrx_word' id='word_1_176' title='bbox 2961 1101 3184 1170; x_wconf 72' lang='lat' dir='ltr'><strong>flebant,</strong></span> <span class='ocrx_word' id='word_1_177' title='bbox 3245 1103 3518 1154; x_wconf 78' lang='lat' dir='ltr'><strong>mittentes</strong></span> <span class='ocrx_word' id='word_1_178' title='bbox 3574 1100 3792 1153; x_wconf 84' lang='lat' dir='ltr'><strong>semina</strong></span> 
     </span>
    </p>
   </div>
   <div class='ocr_carea' id='block_1_26' title="bbox 2141 1187 3787 1262">
    <p class='ocr_par' dir='ltr' id='par_1_26' title="bbox 2141 1187 3787 1262">
     <span class='ocr_line' id='line_1_26' title="bbox 2141 1187 3787 1262; baseline -0.004 -15"><span class='ocrx_word' id='word_1_179' title='bbox 2141 1209 2245 1247; x_wconf 82' lang='lat' dir='ltr'><strong>sua</strong></span> <span class='ocrx_word' id='word_1_180' title='bbox 2295 1193 2464 1261; x_wconf 85' lang='lat' dir='ltr'><strong>(Psal.</strong></span> <span class='ocrx_word' id='word_1_181' title='bbox 2531 1192 2715 1262; x_wconf 80' lang='lat' dir='ltr'><strong>cxxv).</strong></span> <span class='ocrx_word' id='word_1_182' title='bbox 2773 1192 2879 1244; x_wconf 90' lang='lat' dir='ltr'><strong>Sed</strong></span> <span class='ocrx_word' id='word_1_183' title='bbox 2937 1191 3091 1260; x_wconf 89' lang='lat' dir='ltr'><strong>quod</strong></span> <span class='ocrx_word' id='word_1_184' title='bbox 3149 1189 3208 1242; x_wconf 89' lang='lat' dir='ltr'><strong>in</strong></span> <span class='ocrx_word' id='word_1_185' title='bbox 3267 1189 3404 1244; x_wconf 87' lang='lat' dir='ltr'><strong>ﬂetu</strong></span> <span class='ocrx_word' id='word_1_186' title='bbox 3465 1187 3787 1254; x_wconf 83' lang='lat' dir='ltr'><strong>seminant,</strong></span> 
     </span>
    </p>
   </div>
   <div class='ocr_carea' id='block_1_27' title="bbox 2141 1277 3790 1335">
    <p class='ocr_par' dir='ltr' id='par_1_27' title="bbox 2141 1277 3790 1335">
     <span class='ocr_line' id='line_1_27' title="bbox 2141 1277 3790 1335; baseline -0.002 -1"><span class='ocrx_word' id='word_1_187' title='bbox 2141 1281 2282 1335; x_wconf 91' lang='lat' dir='ltr'><strong>illud</strong></span> <span class='ocrx_word' id='word_1_188' title='bbox 2315 1281 2371 1335; x_wconf 92' lang='lat' dir='ltr'><strong>in</strong></span> <span class='ocrx_word' id='word_1_189' title='bbox 2404 1279 2790 1334; x_wconf 87' lang='lat' dir='ltr'><strong>exsultatione</strong></span> <span class='ocrx_word' id='word_1_190' title='bbox 2821 1283 3076 1333; x_wconf 89' lang='lat' dir='ltr'><strong>metent:</strong></span> <span class='ocrx_word' id='word_1_191' title='bbox 3113 1278 3266 1332; x_wconf 92' lang='lat' dir='ltr'><strong>unde</strong></span> <span class='ocrx_word' id='word_1_192' title='bbox 3302 1277 3484 1331; x_wconf 91' lang='lat' dir='ltr'><strong>illud:</strong></span> <span class='ocrx_word' id='word_1_193' title='bbox 3553 1277 3790 1330; x_wconf 83' lang='lat' dir='ltr'><strong>Venien-</strong></span> 
     </span>
    </p>
   </div>
   <div class='ocr_carea' id='block_1_28' title="bbox 2139 1365 3790 1434">
    <p class='ocr_par' dir='ltr' id='par_1_28' title="bbox 2139 1365 3790 1434">
     <span class='ocr_line' id='line_1_28' title="bbox 2139 1365 3790 1434; baseline -0.004 -12"><span class='ocrx_word' id='word_1_194' title='bbox 2139 1376 2219 1424; x_wconf 91' lang='lat' dir='ltr'><strong>tes</strong></span> <span class='ocrx_word' id='word_1_195' title='bbox 2301 1377 2479 1423; x_wconf 86' lang='lat' dir='ltr'><strong>autem</strong></span> <span class='ocrx_word' id='word_1_196' title='bbox 2559 1370 2779 1422; x_wconf 81' lang='lat' dir='ltr'><strong>venient</strong></span> <span class='ocrx_word' id='word_1_197' title='bbox 2853 1383 2977 1421; x_wconf 87' lang='lat' dir='ltr'><strong>cum</strong></span> <span class='ocrx_word' id='word_1_198' title='bbox 3059 1367 3441 1430; x_wconf 71' lang='lat' dir='ltr'><strong>exsultatione,</strong></span> <span class='ocrx_word' id='word_1_199' title='bbox 3508 1365 3790 1434; x_wconf 77' lang='lat' dir='ltr'><strong>portantes</strong></span> 
     </span>
    </p>
   </div>
   <div class='ocr_carea' id='block_1_29' title="bbox 2137 1455 3789 1528">
    <p class='ocr_par' dir='ltr' id='par_1_29' title="bbox 2137 1455 3789 1528">
     <span class='ocr_line' id='line_1_29' title="bbox 2137 1455 3789 1528; baseline -0.004 -17"><span class='ocrx_word' id='word_1_200' title='bbox 2137 1459 2447 1528; x_wconf 81' lang='lat' dir='ltr'><strong>manipulos</strong></span> <span class='ocrx_word' id='word_1_201' title='bbox 2527 1473 2654 1510; x_wconf 88' lang='lat' dir='ltr'><strong>suos</strong></span> <span class='ocrx_word' id='word_1_202' title='bbox 2703 1455 2888 1524; x_wconf 71' lang='grc' dir='ltr'><strong>(Ιὺίιί.)</strong></span> <span class='ocrx_word' id='word_1_203' title='bbox 2942 1455 3044 1509; x_wconf 87' lang='lat' dir='ltr'><strong>Cor</strong></span> <span class='ocrx_word' id='word_1_204' title='bbox 3098 1470 3300 1518; x_wconf 87' lang='lat' dir='ltr'><strong>meum,</strong></span> <span class='ocrx_word' id='word_1_205' title='bbox 3359 1460 3413 1507; x_wconf 89' lang='lat' dir='ltr'><strong>et</strong></span> <span class='ocrx_word' id='word_1_206' title='bbox 3474 1468 3603 1506; x_wconf 74' lang='lat' dir='ltr'><strong>caro</strong></span> <span class='ocrx_word' id='word_1_207' title='bbox 3662 1468 3789 1506; x_wconf 85' lang='lat' dir='ltr'><strong>mea</strong></span> 
     </span>
    </p>
   </div>
   <div class='ocr_carea' id='block_1_30' title="bbox 2135 1541 3789 1607">
    <p class='ocr_par' dir='ltr' id='par_1_30' title="bbox 2135 1541 3789 1607">
     <span class='ocr_line' id='line_1_30' title="bbox 2135 1541 3789 1607; baseline -0.003 -6"><span class='ocrx_word' id='word_1_208' title='bbox 2135 1548 2545 1601; x_wconf 75' lang='lat' dir='ltr'><strong>exsultaverunt</strong></span> <span class='ocrx_word' id='word_1_209' title='bbox 2601 1547 2660 1599; x_wconf 87' lang='lat' dir='ltr'><strong>in</strong></span> <span class='ocrx_word' id='word_1_210' title='bbox 2718 1548 2893 1598; x_wconf 87' lang='lat' dir='ltr'><strong>Deum</strong></span> <span class='ocrx_word' id='word_1_211' title='bbox 2936 1545 3140 1598; x_wconf 84' lang='lat' dir='ltr'><strong>vivum.</strong></span> <span class='ocrx_word' id='word_1_212' title='bbox 3186 1541 3360 1607; x_wconf 84' lang='lat' dir='ltr'><strong>Quasi</strong></span> <span class='ocrx_word' id='word_1_213' title='bbox 3419 1542 3614 1595; x_wconf 88' lang='lat' dir='ltr'><strong>dicat:</strong></span> <span class='ocrx_word' id='word_1_214' title='bbox 3653 1541 3789 1596; x_wconf 88' lang='lat' dir='ltr'><strong>Ideo</strong></span> 
     </span>
    </p>
   </div>
   <div class='ocr_carea' id='block_1_31' title="bbox 2137 1631 3784 1707">
    <p class='ocr_par' dir='ltr' id='par_1_31' title="bbox 2137 1631 3784 1707">
     <span class='ocr_line' id='line_1_31' title="bbox 2137 1631 3784 1707; baseline -0.004 -18"><span class='ocrx_word' id='word_1_215' title='bbox 2137 1637 2274 1707; x_wconf 84' lang='lat' dir='ltr'><strong>quia</strong></span> <span class='ocrx_word' id='word_1_216' title='bbox 2304 1633 2678 1690; x_wconf 87' lang='lat' dir='ltr'><strong>tabernacula</strong></span> <span class='ocrx_word' id='word_1_217' title='bbox 2711 1637 2811 1687; x_wconf 90' lang='lat' dir='ltr'><strong>tua</strong></span> <span class='ocrx_word' id='word_1_218' title='bbox 2854 1632 3066 1686; x_wconf 91' lang='lat' dir='ltr'><strong>dilecta</strong></span> <span class='ocrx_word' id='word_1_219' title='bbox 3124 1635 3282 1696; x_wconf 87' lang='lat' dir='ltr'><strong>sunt,</strong></span> <span class='ocrx_word' id='word_1_220' title='bbox 3338 1647 3430 1685; x_wconf 84' lang='lat' dir='ltr'><strong>cor</strong></span> <span class='ocrx_word' id='word_1_221' title='bbox 3458 1646 3662 1697; x_wconf 79' lang='lat' dir='ltr'><strong>meum,</strong></span> <span class='ocrx_word' id='word_1_222' title='bbox 3729 1631 3784 1684; x_wconf 93' lang='lat' dir='ltr'><strong>id</strong></span> 
     </span>
    </p>
   </div>
   <div class='ocr_carea' id='block_1_32' title="bbox 2135 1719 3789 1789">
    <p class='ocr_par' dir='ltr' id='par_1_32' title="bbox 2135 1719 3789 1789">
     <span class='ocr_line' id='line_1_32' title="bbox 2135 1719 3789 1789; baseline -0.004 -9"><span class='ocrx_word' id='word_1_223' title='bbox 2135 1728 2223 1780; x_wconf 91' lang='lat' dir='ltr'><strong>est</strong></span> <span class='ocrx_word' id='word_1_224' title='bbox 2278 1725 2514 1779; x_wconf 90' lang='lat' dir='ltr'><strong>interior</strong></span> <span class='ocrx_word' id='word_1_225' title='bbox 2567 1739 2751 1789; x_wconf 82' lang='lat' dir='ltr'><strong>mens,</strong></span> <span class='ocrx_word' id='word_1_226' title='bbox 2811 1732 2861 1776; x_wconf 89' lang='lat' dir='ltr'><strong>et</strong></span> <span class='ocrx_word' id='word_1_227' title='bbox 2913 1737 3039 1775; x_wconf 89' lang='lat' dir='ltr'><strong>caro</strong></span> <span class='ocrx_word' id='word_1_228' title='bbox 3087 1737 3232 1785; x_wconf 89' lang='lat' dir='ltr'><strong>mea,</strong></span> <span class='ocrx_word' id='word_1_229' title='bbox 3273 1720 3330 1774; x_wconf 92' lang='lat' dir='ltr'><strong>id</strong></span> <span class='ocrx_word' id='word_1_230' title='bbox 3388 1724 3478 1774; x_wconf 91' lang='lat' dir='ltr'><strong>est</strong></span> <span class='ocrx_word' id='word_1_231' title='bbox 3533 1719 3789 1774; x_wconf 85' lang='lat' dir='ltr'><strong>exterior</strong></span> 
     </span>
    </p>
   </div>
   <div class='ocr_carea' id='block_1_33' title="bbox 382 1808 3783 1908">
    <p class='ocr_par' dir='ltr' id='par_1_33' title="bbox 382 1808 3783 1908">
     <span class='ocr_line' id='line_1_33' title="bbox 382 1808 3783 1908; baseline -0.001 -42"><span class='ocrx_word' id='word_1_232' title='bbox 382 1814 507 1866; x_wconf 88' lang='lat' dir='ltr'><strong>seat</strong></span> <span class='ocrx_word' id='word_1_233' title='bbox 535 1826 595 1864; x_wconf 90' lang='lat' dir='ltr'><strong>se</strong></span> <span class='ocrx_word' id='word_1_234' title='bbox 626 1809 694 1863; x_wconf 90' lang='lat' dir='ltr'><strong>ad</strong></span> <span class='ocrx_word' id='word_1_235' title='bbox 731 1808 1045 1863; x_wconf 89' lang='lat' dir='ltr'><strong>toreularia</strong></span> <span class='ocrx_word' id='word_1_236' title='bbox 1076 1811 1414 1877; x_wconf 89' lang='lat' dir='ltr'><strong>accessisse,</strong></span> <span class='ocrx_word' id='word_1_237' title='bbox 1451 1812 1589 1881; x_wconf 86' lang='lat' dir='ltr'><strong>quia</strong></span> <span class='ocrx_word' id='word_1_238' title='bbox 1637 1811 1716 1866; x_wconf 91' lang='lat' dir='ltr'><strong>ibi</strong></span> <span class='ocrx_word' id='word_1_239' title='bbox 1777 1812 2020 1867; x_wconf 85' lang='lat' dir='ltr'><strong>tribula-</strong></span> <span class='ocrx_word' id='word_1_240' title='bbox 2049 1844 2096 1908; x_wconf 83' lang='lat' dir='ltr'><strong>B</strong></span> <span class='ocrx_word' id='word_1_241' title='bbox 2137 1829 2324 1877; x_wconf 91' lang='lat' dir='ltr'><strong>mens,</strong></span> <span class='ocrx_word' id='word_1_242' title='bbox 2357 1813 2772 1867; x_wconf 70' lang='lat' dir='ltr'><strong>exsultaverunt</strong></span> <span class='ocrx_word' id='word_1_243' title='bbox 2799 1813 2860 1864; x_wconf 89' lang='lat' dir='ltr'><strong>in</strong></span> <span class='ocrx_word' id='word_1_244' title='bbox 2890 1811 3059 1865; x_wconf 85' lang='lat' dir='ltr'><strong>Deum</strong></span> <span class='ocrx_word' id='word_1_245' title='bbox 3086 1810 3293 1873; x_wconf 82' lang='lat' dir='ltr'><strong>vivum,</strong></span> <span class='ocrx_word' id='word_1_246' title='bbox 3328 1825 3430 1880; x_wconf 91' lang='lat' dir='ltr'><strong>per</strong></span> <span class='ocrx_word' id='word_1_247' title='bbox 3449 1825 3629 1879; x_wconf 88' lang='lat' dir='ltr'><strong>quem</strong></span> <span class='ocrx_word' id='word_1_248' title='bbox 3651 1824 3783 1864; x_wconf 87' lang='lat' dir='ltr'><strong>vere</strong></span> 
     </span>
    </p>
   </div>
   <div class='ocr_carea' id='block_1_34' title="bbox 378 1898 2020 1970">
    <p class='ocr_par' dir='ltr' id='par_1_34' title="bbox 378 1898 2020 1970">
     <span class='ocr_line' id='line_1_34' title="bbox 378 1898 2020 1970; baseline 0.001 -15"><span class='ocrx_word' id='word_1_249' title='bbox 378 1899 551 1968; x_wconf 89' lang='lat' dir='ltr'><strong>bitur,</strong></span> <span class='ocrx_word' id='word_1_250' title='bbox 586 1898 664 1952; x_wconf 90' lang='lat' dir='ltr'><strong>ibi</strong></span> <span class='ocrx_word' id='word_1_251' title='bbox 697 1898 1117 1968; x_wconf 91' lang='lat' dir='ltr'><strong>comprimetur</strong></span> <span class='ocrx_word' id='word_1_252' title='bbox 1146 1903 1200 1953; x_wconf 89' lang='lat' dir='ltr'><strong>et</strong></span> <span class='ocrx_word' id='word_1_253' title='bbox 1232 1899 1542 1970; x_wconf 87' lang='lat' dir='ltr'><strong>afﬂigetur,</strong></span> <span class='ocrx_word' id='word_1_254' title='bbox 1579 1917 1692 1954; x_wconf 86' lang='lat' dir='ltr'><strong>non</strong></span> <span class='ocrx_word' id='word_1_255' title='bbox 1726 1906 1790 1954; x_wconf 93' lang='lat' dir='ltr'><strong>ut</strong></span> <span class='ocrx_word' id='word_1_256' title='bbox 1823 1901 1878 1954; x_wconf 92' lang='lat' dir='ltr'><strong>in</strong></span> <span class='ocrx_word' id='word_1_257' title='bbox 1916 1903 2020 1956; x_wconf 87' lang='lat' dir='ltr'><strong>hoc</strong></span> 
     </span>
    </p>
   </div>
   <div class='ocr_carea' id='block_1_35' title="bbox 377 1987 2015 2059">
    <p class='ocr_par' dir='ltr' id='par_1_35' title="bbox 377 1987 2015 2059">
     <span class='ocr_line' id='line_1_35' title="bbox 377 1987 2015 2059; baseline 0.001 -17"><span class='ocrx_word' id='word_1_258' title='bbox 377 1989 598 2043; x_wconf 89' lang='lat' dir='ltr'><strong>mundo</strong></span> <span class='ocrx_word' id='word_1_259' title='bbox 642 1992 859 2058; x_wconf 90' lang='lat' dir='ltr'><strong>pereat,</strong></span> <span class='ocrx_word' id='word_1_260' title='bbox 896 1987 1004 2041; x_wconf 80' lang='lat' dir='ltr'><strong>sed</strong></span> <span class='ocrx_word' id='word_1_261' title='bbox 1027 1991 1091 2040; x_wconf 90' lang='lat' dir='ltr'><strong>ut</strong></span> <span class='ocrx_word' id='word_1_262' title='bbox 1144 1987 1202 2040; x_wconf 91' lang='lat' dir='ltr'><strong>in</strong></span> <span class='ocrx_word' id='word_1_263' title='bbox 1240 1988 1552 2059; x_wconf 85' lang='lat' dir='ltr'><strong>apothecas</strong></span> <span class='ocrx_word' id='word_1_264' title='bbox 1611 1989 1707 2044; x_wconf 90' lang='lat' dir='ltr'><strong>Dei</strong></span> <span class='ocrx_word' id='word_1_265' title='bbox 1767 1990 2015 2044; x_wconf 84' lang='lat' dir='ltr'><strong>difﬂuat.</strong></span> 
     </span>
    </p>
   </div>
   <div class='ocr_carea' id='block_1_36' title="bbox 376 2075 2014 2148">
    <p class='ocr_par' dir='ltr' id='par_1_36' title="bbox 376 2075 2014 2148">
     <span class='ocr_line' id='line_1_36' title="bbox 376 2075 2014 2148; baseline 0 -16"><span class='ocrx_word' id='word_1_266' title='bbox 376 2077 444 2132; x_wconf 88' lang='lat' dir='ltr'><strong>Et</strong></span> <span class='ocrx_word' id='word_1_267' title='bbox 509 2077 787 2147; x_wconf 91' lang='lat' dir='ltr'><strong>quoniam</strong></span> <span class='ocrx_word' id='word_1_268' title='bbox 829 2075 936 2130; x_wconf 93' lang='lat' dir='ltr'><strong>hoc</strong></span> <span class='ocrx_word' id='word_1_269' title='bbox 1000 2093 1115 2130; x_wconf 91' lang='lat' dir='ltr'><strong>non</strong></span> <span class='ocrx_word' id='word_1_270' title='bbox 1186 2077 1249 2130; x_wconf 91' lang='lat' dir='ltr'><strong>ﬁt</strong></span> <span class='ocrx_word' id='word_1_271' title='bbox 1311 2077 1421 2130; x_wconf 89' lang='lat' dir='ltr'><strong>nisi</strong></span> <span class='ocrx_word' id='word_1_272' title='bbox 1493 2094 1595 2148; x_wconf 87' lang='lat' dir='ltr'><strong>per</strong></span> <span class='ocrx_word' id='word_1_273' title='bbox 1659 2094 2014 2148; x_wconf 89' lang='lat' dir='ltr'><strong>pressuram,</strong></span> 
     </span>
    </p>
   </div>
   <div class='ocr_carea' id='block_1_37' title="bbox 375 2164 2019 2237">
    <p class='ocr_par' dir='ltr' id='par_1_37' title="bbox 375 2164 2019 2237">
     <span class='ocr_line' id='line_1_37' title="bbox 375 2164 2019 2237; baseline 0 -16"><span class='ocrx_word' id='word_1_274' title='bbox 375 2167 581 2222; x_wconf 90' lang='lat' dir='ltr'><strong>merito</strong></span> <span class='ocrx_word' id='word_1_275' title='bbox 642 2164 895 2220; x_wconf 87' lang='lat' dir='ltr'><strong>Ecclesia</strong></span> <span class='ocrx_word' id='word_1_276' title='bbox 950 2164 1130 2234; x_wconf 85' lang='lat' dir='ltr'><strong>hujus</strong></span> <span class='ocrx_word' id='word_1_277' title='bbox 1169 2166 1450 2236; x_wconf 82' lang='lat' dir='ltr'><strong>temporis</strong></span> <span class='ocrx_word' id='word_1_278' title='bbox 1496 2171 1872 2237; x_wconf 89' lang='lat' dir='ltr'><strong>comparatur</strong></span> <span class='ocrx_word' id='word_1_279' title='bbox 1909 2173 2019 2221; x_wconf 89' lang='lat' dir='ltr'><strong>tor-</strong></span> 
     </span>
    </p>
   </div>
   <div class='ocr_carea' id='block_1_38' title="bbox 375 2253 2020 2326">
    <p class='ocr_par' dir='ltr' id='par_1_38' title="bbox 375 2253 2020 2326">
     <span class='ocr_line' id='line_1_38' title="bbox 375 2253 2020 2326; baseline 0 -16"><span class='ocrx_word' id='word_1_280' title='bbox 375 2253 692 2311; x_wconf 90' lang='lat' dir='ltr'><strong>cularibus.</strong></span> <span class='ocrx_word' id='word_1_281' title='bbox 730 2253 1022 2325; x_wconf 87' lang='lat' dir='ltr'><strong>Sequitur,</strong></span> <span class='ocrx_word' id='word_1_282' title='bbox 1053 2253 1189 2323; x_wconf 78' lang='lat' dir='ltr'><strong>ﬁliis</strong></span> <span class='ocrx_word' id='word_1_283' title='bbox 1219 2254 1372 2310; x_wconf 84' lang='lat' dir='ltr'><strong>Core.</strong></span> <span class='ocrx_word' id='word_1_284' title='bbox 1434 2259 1575 2310; x_wconf 70' lang='lat' dir='ltr'><strong>Core</strong></span> <span class='ocrx_word' id='word_1_285' title='bbox 1608 2256 2020 2326; x_wconf 88' lang='lat' dir='ltr'><strong>interpretatur</strong></span> 
     </span>
    </p>
   </div>
   <div class='ocr_carea' id='block_1_39' title="bbox 380 2342 2018 2407">
    <p class='ocr_par' dir='ltr' id='par_1_39' title="bbox 380 2342 2018 2407">
     <span class='ocr_line' id='line_1_39' title="bbox 380 2342 2018 2407; baseline 0.001 -8"><span class='ocrx_word' id='word_1_286' title='bbox 380 2345 587 2401; x_wconf 78' lang='lat' dir='ltr'><strong>clavus.</strong></span> <span class='ocrx_word' id='word_1_287' title='bbox 648 2342 856 2397; x_wconf 87' lang='lat' dir='ltr'><strong>Clavus</strong></span> <span class='ocrx_word' id='word_1_288' title='bbox 921 2343 1050 2407; x_wconf 90' lang='lat' dir='ltr'><strong>iste,</strong></span> <span class='ocrx_word' id='word_1_289' title='bbox 1111 2343 1376 2398; x_wconf 83' lang='lat' dir='ltr'><strong>Christus</strong></span> <span class='ocrx_word' id='word_1_290' title='bbox 1443 2343 1502 2398; x_wconf 90' lang='lat' dir='ltr'><strong>in</strong></span> <span class='ocrx_word' id='word_1_291' title='bbox 1567 2344 1836 2400; x_wconf 72' lang='lat' dir='ltr'><strong>Calvarize</strong></span> <span class='ocrx_word' id='word_1_292' title='bbox 1895 2345 2018 2400; x_wconf 91' lang='lat' dir='ltr'><strong>loco</strong></span> 
     </span>
    </p>
   </div>
   <div class='ocr_carea' id='block_1_40' title="bbox 383 2433 2017 2503">
    <p class='ocr_par' dir='ltr' id='par_1_40' title="bbox 383 2433 2017 2503">
     <span class='ocr_line' id='line_1_40' title="bbox 383 2433 2017 2503; baseline 0.001 -16"><span class='ocrx_word' id='word_1_293' title='bbox 383 2434 715 2497; x_wconf 86' lang='lat' dir='ltr'><strong>cruciﬁxus,</strong></span> <span class='ocrx_word' id='word_1_294' title='bbox 747 2436 805 2486; x_wconf 91' lang='lat' dir='ltr'><strong>et</strong></span> <span class='ocrx_word' id='word_1_295' title='bbox 837 2448 870 2486; x_wconf 91' lang='lat' dir='ltr'><strong>a</strong></span> <span class='ocrx_word' id='word_1_296' title='bbox 899 2433 1153 2501; x_wconf 87' lang='lat' dir='ltr'><strong>quodam</strong></span> <span class='ocrx_word' id='word_1_297' title='bbox 1187 2433 1346 2487; x_wconf 90' lang='lat' dir='ltr'><strong>calvo</strong></span> <span class='ocrx_word' id='word_1_298' title='bbox 1378 2435 1805 2503; x_wconf 66' lang='lat' dir='ltr'><strong>przeﬁguratus,</strong></span> <span class='ocrx_word' id='word_1_299' title='bbox 1830 2433 2017 2489; x_wconf 89' lang='lat' dir='ltr'><strong>Eliseo</strong></span> 
     </span>
    </p>
   </div>
   <div class='ocr_carea' id='block_1_41' title="bbox 380 2519 2018 2589">
    <p class='ocr_par' dir='ltr' id='par_1_41' title="bbox 380 2519 2018 2589">
     <span class='ocr_line' id='line_1_41' title="bbox 380 2519 2018 2589; baseline 0.002 -15"><span class='ocrx_word' id='word_1_300' title='bbox 380 2520 646 2574; x_wconf 87' lang='lat' dir='ltr'><strong>videlicet</strong></span> <span class='ocrx_word' id='word_1_301' title='bbox 673 2519 972 2588; x_wconf 86' lang='lat' dir='ltr'><strong>propheta.</strong></span> <span class='ocrx_word' id='word_1_302' title='bbox 1010 2519 1078 2572; x_wconf 89' lang='lat' dir='ltr'><strong>Ut</strong></span> <span class='ocrx_word' id='word_1_303' title='bbox 1108 2519 1286 2589; x_wconf 86' lang='lat' dir='ltr'><strong>hujus</strong></span> <span class='ocrx_word' id='word_1_304' title='bbox 1327 2521 1472 2575; x_wconf 89' lang='lat' dir='ltr'><strong>calvi</strong></span> <span class='ocrx_word' id='word_1_305' title='bbox 1517 2522 1617 2574; x_wconf 90' lang='lat' dir='ltr'><strong>filii</strong></span> <span class='ocrx_word' id='word_1_306' title='bbox 1685 2523 1871 2577; x_wconf 89' lang='lat' dir='ltr'><strong>simus</strong></span> <span class='ocrx_word' id='word_1_307' title='bbox 1913 2541 2018 2578; x_wconf 87' lang='lat' dir='ltr'><strong>nos</strong></span> 
     </span>
    </p>
   </div>
   <div class='ocr_carea' id='block_1_42' title="bbox 383 2605 2020 2672">
    <p class='ocr_par' dir='ltr' id='par_1_42' title="bbox 383 2605 2020 2672">
     <span class='ocr_line' id='line_1_42' title="bbox 383 2605 2020 2672; baseline 0.002 -11"><span class='ocrx_word' id='word_1_308' title='bbox 383 2606 729 2662; x_wconf 85' lang='lat' dir='ltr'><strong>adhortatur</strong></span> <span class='ocrx_word' id='word_1_309' title='bbox 786 2605 1052 2660; x_wconf 87' lang='lat' dir='ltr'><strong>Psalmus</strong></span> <span class='ocrx_word' id='word_1_310' title='bbox 1092 2606 1220 2672; x_wconf 90' lang='lat' dir='ltr'><strong>iste,</strong></span> <span class='ocrx_word' id='word_1_311' title='bbox 1264 2625 1335 2662; x_wconf 90' lang='lat' dir='ltr'>ne</span> <span class='ocrx_word' id='word_1_312' title='bbox 1373 2608 1729 2663; x_wconf 89' lang='lat' dir='ltr'><strong>insultemus</strong></span> <span class='ocrx_word' id='word_1_313' title='bbox 1769 2609 1818 2664; x_wconf 90' lang='lat' dir='ltr'><strong>ei</strong></span> <span class='ocrx_word' id='word_1_314' title='bbox 1865 2611 2020 2664; x_wconf 77' lang='lat' dir='ltr'><strong>velut</strong></span> 
     </span>
    </p>
   </div>
   <div class='ocr_carea' id='block_1_43' title="bbox 382 2693 2016 2766">
    <p class='ocr_par' dir='ltr' id='par_1_43' title="bbox 382 2693 2016 2766">
     <span class='ocr_line' id='line_1_43' title="bbox 382 2693 2016 2766; baseline 0.002 -18"><span class='ocrx_word' id='word_1_315' title='bbox 382 2693 548 2766; x_wconf 90' lang='lat' dir='ltr'><strong>pueri</strong></span> <span class='ocrx_word' id='word_1_316' title='bbox 587 2693 764 2748; x_wconf 85' lang='lat' dir='ltr'><strong>stulte</strong></span> <span class='ocrx_word' id='word_1_317' title='bbox 803 2693 1025 2765; x_wconf 87' lang='lat' dir='ltr'><strong>garruli</strong></span> <span class='ocrx_word' id='word_1_318' title='bbox 1074 2695 1433 2750; x_wconf 85' lang='lat' dir='ltr'><strong>insultabant</strong></span> <span class='ocrx_word' id='word_1_319' title='bbox 1498 2696 1654 2752; x_wconf 89' lang='lat' dir='ltr'><strong>calvo</strong></span> <span class='ocrx_word' id='word_1_320' title='bbox 1725 2697 1804 2750; x_wconf 77' lang='lat' dir='ltr'><strong>illi</strong></span> <span class='ocrx_word' id='word_1_321' title='bbox 1874 2698 2016 2753; x_wconf 88' lang='lat' dir='ltr'><strong>calvi</strong></span> 
     </span>
    </p>
   </div>
   <div class='ocr_carea' id='block_1_44' title="bbox 381 2781 2019 2852">
    <p class='ocr_par' dir='ltr' id='par_1_44' title="bbox 381 2781 2019 2852">
     <span class='ocr_line' id='line_1_44' title="bbox 381 2781 2019 2852; baseline 0.002 -15"><span class='ocrx_word' id='word_1_322' title='bbox 381 2781 554 2837; x_wconf 88' lang='lat' dir='ltr'><strong>istius</strong></span> <span class='ocrx_word' id='word_1_323' title='bbox 593 2785 793 2852; x_wconf 87' lang='lat' dir='ltr'><strong>typum</strong></span> <span class='ocrx_word' id='word_1_324' title='bbox 836 2781 1094 2852; x_wconf 88' lang='lat' dir='ltr'><strong>gerenti;</strong></span> <span class='ocrx_word' id='word_1_325' title='bbox 1138 2783 1235 2852; x_wconf 91' lang='lat' dir='ltr'><strong>qui</strong></span> <span class='ocrx_word' id='word_1_326' title='bbox 1279 2800 1312 2836; x_wconf 90' lang='lat' dir='ltr'><strong>a</strong></span> <span class='ocrx_word' id='word_1_327' title='bbox 1352 2783 1554 2838; x_wconf 88' lang='lat' dir='ltr'><strong>bestiis</strong></span> <span class='ocrx_word' id='word_1_328' title='bbox 1593 2785 1848 2838; x_wconf 90' lang='lat' dir='ltr'><strong>devorati</strong></span> <span class='ocrx_word' id='word_1_329' title='bbox 1879 2792 2019 2841; x_wconf 87' lang='lat' dir='ltr'><strong>sunt</strong></span> 
     </span>
    </p>
   </div>
   <div class='ocr_carea' id='block_1_45' title="bbox 379 2870 2014 2941">
    <p class='ocr_par' dir='ltr' id='par_1_45' title="bbox 379 2870 2014 2941">
     <span class='ocr_line' id='line_1_45' title="bbox 379 2870 2014 2941; baseline 0.001 -15"><span class='ocrx_word' id='word_1_330' title='bbox 379 2872 468 2941; x_wconf 81' lang='lat' dir='ltr'><strong>(IV</strong></span> <span class='ocrx_word' id='word_1_331' title='bbox 495 2874 620 2941; x_wconf 84' lang='lat' dir='ltr'><strong>Reg.</strong></span> <span class='ocrx_word' id='word_1_332' title='bbox 663 2870 748 2939; x_wconf 84' lang='lat'><strong>11).</strong></span> <span class='ocrx_word' id='word_1_333' title='bbox 793 2871 979 2934; x_wconf 88' lang='lat' dir='ltr'><strong>Quare</strong></span> <span class='ocrx_word' id='word_1_334' title='bbox 1019 2871 1339 2924; x_wconf 89' lang='lat' dir='ltr'><strong>cavendum</strong></span> <span class='ocrx_word' id='word_1_335' title='bbox 1401 2875 1488 2926; x_wconf 91' lang='lat' dir='ltr'><strong>est</strong></span> <span class='ocrx_word' id='word_1_336' title='bbox 1555 2872 1722 2927; x_wconf 89' lang='lat' dir='ltr'><strong>nobis</strong></span> <span class='ocrx_word' id='word_1_337' title='bbox 1790 2890 1858 2927; x_wconf 91' lang='lat' dir='ltr'><strong>ne</strong></span> <span class='ocrx_word' id='word_1_338' title='bbox 1928 2874 2014 2928; x_wconf 86' lang='lat' dir='ltr'><strong>in-</strong></span> 
     </span>
    </p>
   </div>
   <div class='ocr_carea' id='block_1_46' title="bbox 376 2957 2018 3030">
    <p class='ocr_par' dir='ltr' id='par_1_46' title="bbox 376 2957 2018 3030">
     <span class='ocr_line' id='line_1_46' title="bbox 376 2957 2018 3030; baseline 0.001 -15"><span class='ocrx_word' id='word_1_339' title='bbox 376 2959 663 3015; x_wconf 88' lang='lat' dir='ltr'><strong>sultantes</strong></span> <span class='ocrx_word' id='word_1_340' title='bbox 696 2975 729 3012; x_wconf 92' lang='lat' dir='ltr'><strong>a</strong></span> <span class='ocrx_word' id='word_1_341' title='bbox 760 2957 962 3013; x_wconf 87' lang='lat' dir='ltr'><strong>bestiis</strong></span> <span class='ocrx_word' id='word_1_342' title='bbox 983 2959 1344 3028; x_wconf 88' lang='lat' dir='ltr'><strong>devoremur,</strong></span> <span class='ocrx_word' id='word_1_343' title='bbox 1372 2960 1733 3030; x_wconf 89' lang='lat' dir='ltr'><strong>principibus</strong></span> <span class='ocrx_word' id='word_1_344' title='bbox 1755 2961 2018 3017; x_wconf 84' lang='lat' dir='ltr'><strong>videlicet</strong></span> 
     </span>
    </p>
   </div>
   <div class='ocr_carea' id='block_1_47' title="bbox 373 3047 2014 3119">
    <p class='ocr_par' dir='ltr' id='par_1_47' title="bbox 373 3047 2014 3119">
     <span class='ocr_line' id='line_1_47' title="bbox 373 3047 2014 3119; baseline 0.001 -17"><span class='ocrx_word' id='word_1_345' title='bbox 373 3048 778 3102; x_wconf 90' lang='lat' dir='ltr'><strong>tenebrarum:</strong></span> <span class='ocrx_word' id='word_1_346' title='bbox 814 3063 992 3118; x_wconf 90' lang='lat' dir='ltr'><strong>quare</strong></span> <span class='ocrx_word' id='word_1_347' title='bbox 1022 3047 1210 3102; x_wconf 88' lang='lat' dir='ltr'><strong>simus</strong></span> <span class='ocrx_word' id='word_1_348' title='bbox 1243 3049 1370 3119; x_wconf 83' lang='lat' dir='ltr'><strong>ejus</strong></span> <span class='ocrx_word' id='word_1_349' title='bbox 1403 3047 1530 3115; x_wconf 88' lang='lat' dir='ltr'><strong>ﬁlii,</strong></span> <span class='ocrx_word' id='word_1_350' title='bbox 1561 3050 1612 3103; x_wconf 89' lang='lat' dir='ltr'><strong>id</strong></span> <span class='ocrx_word' id='word_1_351' title='bbox 1641 3055 1729 3104; x_wconf 91' lang='lat' dir='ltr'><strong>est</strong></span> <span class='ocrx_word' id='word_1_352' title='bbox 1761 3051 2014 3105; x_wconf 87' lang='lat' dir='ltr'><strong>imitato-</strong></span> 
     </span>
    </p>
   </div>
   <div class='ocr_carea' id='block_1_48' title="bbox 374 3135 2015 3208">
    <p class='ocr_par' dir='ltr' id='par_1_48' title="bbox 374 3135 2015 3208">
     <span class='ocr_line' id='line_1_48' title="bbox 374 3135 2015 3208; baseline 0.002 -18"><span class='ocrx_word' id='word_1_353' title='bbox 374 3151 488 3204; x_wconf 88' lang='lat' dir='ltr'><strong>res,</strong></span> <span class='ocrx_word' id='word_1_354' title='bbox 522 3152 637 3190; x_wconf 89' lang='lat' dir='ltr'><strong>non</strong></span> <span class='ocrx_word' id='word_1_355' title='bbox 698 3135 900 3190; x_wconf 91' lang='lat' dir='ltr'><strong>mundi</strong></span> <span class='ocrx_word' id='word_1_356' title='bbox 959 3141 1268 3192; x_wconf 86' lang='lat' dir='ltr'><strong>amatores.</strong></span> <span class='ocrx_word' id='word_1_357' title='bbox 1331 3137 1528 3208; x_wconf 86' lang='lat' dir='ltr'><strong>Neque</strong></span> <span class='ocrx_word' id='word_1_358' title='bbox 1593 3139 1748 3192; x_wconf 92' lang='lat' dir='ltr'><strong>enim</strong></span> <span class='ocrx_word' id='word_1_359' title='bbox 1801 3140 2015 3194; x_wconf 75' lang='lat' dir='ltr'><strong>frustra</strong></span> 
     </span>
    </p>
   </div>
   <div class='ocr_carea' id='block_1_49' title="bbox 2127 1896 3780 1972">
    <p class='ocr_par' dir='ltr' id='par_1_49' title="bbox 2127 1896 3780 1972">
     <span class='ocr_line' id='line_1_49' title="bbox 2127 1896 3780 1972; baseline -0.003 -15"><span class='ocrx_word' id='word_1_360' title='bbox 2127 1901 2359 1964; x_wconf 81' lang='lat' dir='ltr'><strong>vivitur,</strong></span> <span class='ocrx_word' id='word_1_361' title='bbox 2387 1917 2488 1972; x_wconf 91' lang='lat' dir='ltr'><strong>per</strong></span> <span class='ocrx_word' id='word_1_362' title='bbox 2505 1917 2678 1971; x_wconf 88' lang='lat' dir='ltr'><strong>quem</strong></span> <span class='ocrx_word' id='word_1_363' title='bbox 2697 1904 2786 1954; x_wconf 90' lang='lat' dir='ltr'><strong>est</strong></span> <span class='ocrx_word' id='word_1_364' title='bbox 2802 1915 2972 1954; x_wconf 89' lang='lat' dir='ltr'><strong>omne</strong></span> <span class='ocrx_word' id='word_1_365' title='bbox 2989 1899 3144 1969; x_wconf 92' lang='lat' dir='ltr'><strong>quod</strong></span> <span class='ocrx_word' id='word_1_366' title='bbox 3157 1903 3263 1952; x_wconf 88' lang='lat' dir='ltr'><strong>est.</strong></span> <span class='ocrx_word' id='word_1_367' title='bbox 3288 1899 3353 1952; x_wconf 90' lang='lat' dir='ltr'><strong>Et</strong></span> <span class='ocrx_word' id='word_1_368' title='bbox 3369 1898 3578 1951; x_wconf 89' lang='lat' dir='ltr'><strong>merito</strong></span> <span class='ocrx_word' id='word_1_369' title='bbox 3593 1896 3780 1952; x_wconf 86' lang='lat' dir='ltr'><strong>exsul-</strong></span> 
     </span>
    </p>
   </div>
   <div class='ocr_carea' id='block_1_50' title="bbox 2125 1987 3776 2055">
    <p class='ocr_par' dir='ltr' id='par_1_50' title="bbox 2125 1987 3776 2055">
     <span class='ocr_line' id='line_1_50' title="bbox 2125 1987 3776 2055; baseline -0.002 -12"><span class='ocrx_word' id='word_1_370' title='bbox 2125 1994 2393 2044; x_wconf 88' lang='lat' dir='ltr'><strong>taverunt</strong></span> <span class='ocrx_word' id='word_1_371' title='bbox 2421 2006 2553 2043; x_wconf 90' lang='lat' dir='ltr'><strong>caro</strong></span> <span class='ocrx_word' id='word_1_372' title='bbox 2587 2003 2716 2042; x_wconf 88' lang='lat' dir='ltr'><strong>mea</strong></span> <span class='ocrx_word' id='word_1_373' title='bbox 2736 1991 2789 2042; x_wconf 88' lang='lat' dir='ltr'><strong>et</strong></span> <span class='ocrx_word' id='word_1_374' title='bbox 2817 2003 2914 2041; x_wconf 92' lang='lat' dir='ltr'><strong>cor</strong></span> <span class='ocrx_word' id='word_1_375' title='bbox 2935 2003 3131 2041; x_wconf 89' lang='lat' dir='ltr'><strong>meum</strong></span> <span class='ocrx_word' id='word_1_376' title='bbox 3159 2004 3171 2040; x_wconf 90' lang='lat'><strong>:</strong></span> <span class='ocrx_word' id='word_1_377' title='bbox 3205 1987 3607 2055; x_wconf 83' lang='lat' dir='ltr'><strong>etenimpasser</strong></span> <span class='ocrx_word' id='word_1_378' title='bbox 3623 1987 3776 2040; x_wconf 85' lang='lat' dir='ltr'><strong>inve-</strong></span> 
     </span>
    </p>
   </div>
   <div class='ocr_carea' id='block_1_51' title="bbox 2124 2075 3777 2145">
    <p class='ocr_par' dir='ltr' id='par_1_51' title="bbox 2124 2075 3777 2145">
     <span class='ocr_line' id='line_1_51' title="bbox 2124 2075 3777 2145; baseline -0.003 -12"><span class='ocrx_word' id='word_1_379' title='bbox 2124 2081 2206 2133; x_wconf 84' lang='lat' dir='ltr'><strong>nit</strong></span> <span class='ocrx_word' id='word_1_380' title='bbox 2235 2079 2345 2132; x_wconf 85' lang='lat' dir='ltr'><strong>sibi</strong></span> <span class='ocrx_word' id='word_1_381' title='bbox 2364 2079 2604 2142; x_wconf 87' lang='lat' dir='ltr'><strong>domum,</strong></span> <span class='ocrx_word' id='word_1_382' title='bbox 2636 2081 2684 2132; x_wconf 87' lang='lat' dir='ltr'><strong>et</strong></span> <span class='ocrx_word' id='word_1_383' title='bbox 2715 2085 2907 2130; x_wconf 83' lang='lat' dir='ltr'><strong>turtur</strong></span> <span class='ocrx_word' id='word_1_384' title='bbox 2938 2075 3134 2129; x_wconf 78' lang='lat' dir='ltr'><strong>nidum</strong></span> <span class='ocrx_word' id='word_1_385' title='bbox 3164 2075 3258 2129; x_wconf 86' lang='lat' dir='ltr'><strong>ubi</strong></span> <span class='ocrx_word' id='word_1_386' title='bbox 3315 2079 3541 2145; x_wconf 81' lang='lat' dir='ltr'><strong>reponat</strong></span> <span class='ocrx_word' id='word_1_387' title='bbox 3599 2076 3777 2145; x_wconf 82' lang='lat' dir='ltr'><strong>pullos</strong></span> 
     </span>
    </p>
   </div>
   <div class='ocr_carea' id='block_1_52' title="bbox 2125 2163 3775 2236">
    <p class='ocr_par' dir='ltr' id='par_1_52' title="bbox 2125 2163 3775 2236">
     <span class='ocr_line' id='line_1_52' title="bbox 2125 2163 3775 2236; baseline -0.002 -15"><span class='ocrx_word' id='word_1_388' title='bbox 2125 2183 2270 2222; x_wconf 86' lang='lat' dir='ltr'><strong>suos.</strong></span> <span class='ocrx_word' id='word_1_389' title='bbox 2332 2167 2539 2222; x_wconf 90' lang='lat' dir='ltr'><strong>Passer</strong></span> <span class='ocrx_word' id='word_1_390' title='bbox 2569 2171 2656 2220; x_wconf 89' lang='lat' dir='ltr'><strong>est</strong></span> <span class='ocrx_word' id='word_1_391' title='bbox 2715 2165 2837 2219; x_wconf 90' lang='lat' dir='ltr'><strong>avis</strong></span> <span class='ocrx_word' id='word_1_392' title='bbox 2878 2163 3142 2236; x_wconf 89' lang='lat' dir='ltr'><strong>querula,</strong></span> <span class='ocrx_word' id='word_1_393' title='bbox 3185 2163 3527 2236; x_wconf 88' lang='lat' dir='ltr'><strong>signiﬁcans</strong></span> <span class='ocrx_word' id='word_1_394' title='bbox 3573 2163 3775 2218; x_wconf 90' lang='lat' dir='ltr'><strong>ﬁdeles</strong></span> 
     </span>
    </p>
   </div>
   <div class='ocr_carea' id='block_1_53' title="bbox 2128 2251 3777 2325">
    <p class='ocr_par' dir='ltr' id='par_1_53' title="bbox 2128 2251 3777 2325">
     <span class='ocr_line' id='line_1_53' title="bbox 2128 2251 3777 2325; baseline -0.002 -15"><span class='ocrx_word' id='word_1_395' title='bbox 2128 2256 2376 2324; x_wconf 90' lang='lat' dir='ltr'><strong>animas,</strong></span> <span class='ocrx_word' id='word_1_396' title='bbox 2437 2271 2562 2325; x_wconf 67' lang='lat' dir='ltr'><strong>quas</strong></span> <span class='ocrx_word' id='word_1_397' title='bbox 2620 2253 2930 2308; x_wconf 88' lang='lat' dir='ltr'><strong>attendunt</strong></span> <span class='ocrx_word' id='word_1_398' title='bbox 2987 2253 3044 2307; x_wconf 90' lang='lat' dir='ltr'><strong>in</strong></span> <span class='ocrx_word' id='word_1_399' title='bbox 3109 2253 3217 2307; x_wconf 91' lang='lat' dir='ltr'><strong>hac</strong></span> <span class='ocrx_word' id='word_1_400' title='bbox 3306 2251 3777 2323; x_wconf 79' lang='lat' dir='ltr'><strong>peregrinatione</strong></span> 
     </span>
    </p>
   </div>
   <div class='ocr_carea' id='block_1_54' title="bbox 2127 2340 3777 2411">
    <p class='ocr_par' dir='ltr' id='par_1_54' title="bbox 2127 2340 3777 2411">
     <span class='ocr_line' id='line_1_54' title="bbox 2127 2340 3777 2411; baseline -0.002 -13"><span class='ocrx_word' id='word_1_401' title='bbox 2127 2345 2325 2399; x_wconf 89' lang='lat' dir='ltr'><strong>omnia</strong></span> <span class='ocrx_word' id='word_1_402' title='bbox 2351 2359 2477 2398; x_wconf 83' lang='lat' dir='ltr'><strong>esse</strong></span> <span class='ocrx_word' id='word_1_403' title='bbox 2507 2343 2727 2397; x_wconf 91' lang='lat' dir='ltr'><strong>caduca</strong></span> <span class='ocrx_word' id='word_1_404' title='bbox 2756 2347 2812 2395; x_wconf 92' lang='lat' dir='ltr'><strong>et</strong></span> <span class='ocrx_word' id='word_1_405' title='bbox 2841 2340 3195 2410; x_wconf 88' lang='lat' dir='ltr'><strong>transitoria,</strong></span> <span class='ocrx_word' id='word_1_406' title='bbox 3255 2340 3384 2396; x_wconf 91' lang='lat' dir='ltr'><strong>ideo</strong></span> <span class='ocrx_word' id='word_1_407' title='bbox 3443 2347 3777 2411; x_wconf 88' lang='lat' dir='ltr'><strong>queruntur</strong></span> 
     </span>
    </p>
   </div>
   <div class='ocr_carea' id='block_1_55' title="bbox 2127 2429 3766 2504">
    <p class='ocr_par' dir='ltr' id='par_1_55' title="bbox 2127 2429 3766 2504">
     <span class='ocr_line' id='line_1_55' title="bbox 2127 2429 3766 2504; baseline -0.002 -16"><span class='ocrx_word' id='word_1_408' title='bbox 2127 2433 2234 2488; x_wconf 89' lang='lat' dir='ltr'><strong>sibi</strong></span> <span class='ocrx_word' id='word_1_409' title='bbox 2297 2431 2626 2504; x_wconf 90' lang='lat' dir='ltr'><strong>prolongari</strong></span> <span class='ocrx_word' id='word_1_410' title='bbox 2681 2430 2947 2485; x_wconf 86' lang='lat' dir='ltr'><strong>exsilium</strong></span> <span class='ocrx_word' id='word_1_411' title='bbox 2997 2435 3054 2484; x_wconf 89' lang='lat' dir='ltr'><strong>et</strong></span> <span class='ocrx_word' id='word_1_412' title='bbox 3108 2446 3172 2485; x_wconf 90' lang='lat' dir='ltr'><strong>se</strong></span> <span class='ocrx_word' id='word_1_413' title='bbox 3219 2429 3438 2484; x_wconf 84' lang='lat' dir='ltr'><strong>differri</strong></span> <span class='ocrx_word' id='word_1_414' title='bbox 3469 2447 3504 2483; x_wconf 88' lang='lat' dir='ltr'><strong>a</strong></span> <span class='ocrx_word' id='word_1_415' title='bbox 3534 2429 3766 2500; x_wconf 89' lang='lat' dir='ltr'><strong>patria:</strong></span> 
     </span>
    </p>
   </div>
   <div class='ocr_carea' id='block_1_56' title="bbox 2127 2517 3772 2592">
    <p class='ocr_par' dir='ltr' id='par_1_56' title="bbox 2127 2517 3772 2592">
     <span class='ocr_line' id='line_1_56' title="bbox 2127 2517 3772 2592; baseline -0.001 -17"><span class='ocrx_word' id='word_1_416' title='bbox 2127 2523 2265 2592; x_wconf 90' lang='lat' dir='ltr'><strong>quia</strong></span> <span class='ocrx_word' id='word_1_417' title='bbox 2291 2525 2347 2574; x_wconf 90' lang='lat' dir='ltr'><strong>in</strong></span> <span class='ocrx_word' id='word_1_418' title='bbox 2391 2521 2496 2575; x_wconf 91' lang='lat' dir='ltr'><strong>hoc</strong></span> <span class='ocrx_word' id='word_1_419' title='bbox 2526 2519 2814 2574; x_wconf 89' lang='lat' dir='ltr'><strong>desiderio</strong></span> <span class='ocrx_word' id='word_1_420' title='bbox 2845 2518 3261 2589; x_wconf 90' lang='lat' dir='ltr'><strong>ingemiscunt,</strong></span> <span class='ocrx_word' id='word_1_421' title='bbox 3306 2517 3415 2588; x_wconf 89' lang='lat' dir='ltr'><strong>ipsi</strong></span> <span class='ocrx_word' id='word_1_422' title='bbox 3461 2519 3633 2589; x_wconf 90' lang='lat' dir='ltr'><strong>quasi</strong></span> <span class='ocrx_word' id='word_1_423' title='bbox 3665 2520 3772 2573; x_wconf 86' lang='lat' dir='ltr'><strong>do-</strong></span> 
     </span>
    </p>
   </div>
   <div class='ocr_carea' id='block_1_57' title="bbox 2127 2605 3772 2677">
    <p class='ocr_par' dir='ltr' id='par_1_57' title="bbox 2127 2605 3772 2677">
     <span class='ocr_line' id='line_1_57' title="bbox 2127 2605 3772 2677; baseline -0.002 -13"><span class='ocrx_word' id='word_1_424' title='bbox 2127 2626 2289 2664; x_wconf 91' lang='lat' dir='ltr'><strong>mum</strong></span> <span class='ocrx_word' id='word_1_425' title='bbox 2321 2608 2685 2672; x_wconf 86' lang='lat' dir='ltr'><strong>invenerunt,</strong></span> <span class='ocrx_word' id='word_1_426' title='bbox 2739 2607 2838 2660; x_wconf 90' lang='lat' dir='ltr'><strong>ubi</strong></span> <span class='ocrx_word' id='word_1_427' title='bbox 2891 2607 3016 2675; x_wconf 87' lang='lat' dir='ltr'><strong>jam</strong></span> <span class='ocrx_word' id='word_1_428' title='bbox 3070 2605 3129 2660; x_wconf 92' lang='lat' dir='ltr'><strong>in</strong></span> <span class='ocrx_word' id='word_1_429' title='bbox 3177 2621 3279 2676; x_wconf 91' lang='lat' dir='ltr'><strong>spe</strong></span> <span class='ocrx_word' id='word_1_430' title='bbox 3334 2605 3684 2677; x_wconf 88' lang='lat' dir='ltr'><strong>inhabitant,</strong></span> <span class='ocrx_word' id='word_1_431' title='bbox 3717 2611 3772 2661; x_wconf 90' lang='lat' dir='ltr'><strong>et</strong></span> 
     </span>
    </p>
   </div>
   <div class='ocr_carea' id='block_1_58' title="bbox 2126 2695 3775 2768">
    <p class='ocr_par' dir='ltr' id='par_1_58' title="bbox 2126 2695 3775 2768">
     <span class='ocr_line' id='line_1_58' title="bbox 2126 2695 3775 2768; baseline -0.002 -15"><span class='ocrx_word' id='word_1_432' title='bbox 2126 2699 2196 2753; x_wconf 93' lang='lat' dir='ltr'><strong>ad</strong></span> <span class='ocrx_word' id='word_1_433' title='bbox 2229 2715 2404 2768; x_wconf 87' lang='lat' dir='ltr'><strong>quam</strong></span> <span class='ocrx_word' id='word_1_434' title='bbox 2438 2697 2787 2766; x_wconf 86' lang='lat' dir='ltr'><strong>quandoque</strong></span> <span class='ocrx_word' id='word_1_435' title='bbox 2821 2695 3151 2767; x_wconf 86' lang='lat' dir='ltr'><strong>perventuri</strong></span> <span class='ocrx_word' id='word_1_436' title='bbox 3185 2700 3346 2749; x_wconf 86' lang='lat' dir='ltr'><strong>sunt.</strong></span> <span class='ocrx_word' id='word_1_437' title='bbox 3409 2695 3631 2749; x_wconf 90' lang='lat' dir='ltr'><strong>Turtur</strong></span> <span class='ocrx_word' id='word_1_438' title='bbox 3685 2701 3775 2750; x_wconf 85' lang='lat' dir='ltr'><strong>est</strong></span> 
     </span>
    </p>
   </div>
   <div class='ocr_carea' id='block_1_59' title="bbox 2125 2783 3766 2854">
    <p class='ocr_par' dir='ltr' id='par_1_59' title="bbox 2125 2783 3766 2854">
     <span class='ocr_line' id='line_1_59' title="bbox 2125 2783 3766 2854; baseline -0.001 -14"><span class='ocrx_word' id='word_1_439' title='bbox 2125 2786 2245 2840; x_wconf 89' lang='lat' dir='ltr'><strong>avis</strong></span> <span class='ocrx_word' id='word_1_440' title='bbox 2268 2802 2527 2854; x_wconf 81' lang='lat' dir='ltr'><strong>gemens,</strong></span> <span class='ocrx_word' id='word_1_441' title='bbox 2563 2784 2904 2854; x_wconf 89' lang='lat' dir='ltr'><strong>signiﬁcans</strong></span> <span class='ocrx_word' id='word_1_442' title='bbox 2934 2783 3202 2838; x_wconf 89' lang='lat' dir='ltr'><strong>homines</strong></span> <span class='ocrx_word' id='word_1_443' title='bbox 3233 2784 3376 2837; x_wconf 92' lang='lat' dir='ltr'><strong>bene</strong></span> <span class='ocrx_word' id='word_1_444' title='bbox 3435 2790 3766 2853; x_wconf 85' lang='lat' dir='ltr'><strong>operantes,</strong></span> 
     </span>
    </p>
   </div>
   <div class='ocr_carea' id='block_1_60' title="bbox 2125 2871 3769 2936">
    <p class='ocr_par' dir='ltr' id='par_1_60' title="bbox 2125 2871 3769 2936">
     <span class='ocr_line' id='line_1_60' title="bbox 2125 2871 3769 2936; baseline -0.001 -7"><span class='ocrx_word' id='word_1_445' title='bbox 2125 2873 2422 2929; x_wconf 81' lang='lat' dir='ltr'><strong>famelicos</strong></span> <span class='ocrx_word' id='word_1_446' title='bbox 2454 2877 2803 2936; x_wconf 89' lang='lat' dir='ltr'><strong>saturantes,</strong></span> <span class='ocrx_word' id='word_1_447' title='bbox 2862 2873 3050 2926; x_wconf 91' lang='lat' dir='ltr'><strong>nudos</strong></span> <span class='ocrx_word' id='word_1_448' title='bbox 3107 2871 3438 2935; x_wconf 88' lang='lat' dir='ltr'><strong>vestientes,</strong></span> <span class='ocrx_word' id='word_1_449' title='bbox 3501 2872 3769 2928; x_wconf 87' lang='lat' dir='ltr'><strong>inﬁrmos</strong></span> 
     </span>
    </p>
   </div>
   <div class='ocr_carea' id='block_1_61' title="bbox 2121 2960 3767 3032">
    <p class='ocr_par' dir='ltr' id='par_1_61' title="bbox 2121 2960 3767 3032">
     <span class='ocr_line' id='line_1_61' title="bbox 2121 2960 3767 3032; baseline 0 -16"><span class='ocrx_word' id='word_1_450' title='bbox 2121 2963 2459 3028; x_wconf 86' lang='lat' dir='ltr'><strong>visitantes;</strong></span> <span class='ocrx_word' id='word_1_451' title='bbox 2523 2967 2579 3016; x_wconf 89' lang='lat' dir='ltr'><strong>et</strong></span> <span class='ocrx_word' id='word_1_452' title='bbox 2629 2962 2908 3032; x_wconf 90' lang='lat' dir='ltr'><strong>quoniam</strong></span> <span class='ocrx_word' id='word_1_453' title='bbox 2973 2961 3140 3014; x_wconf 89' lang='lat' dir='ltr'><strong>multi</strong></span> <span class='ocrx_word' id='word_1_454' title='bbox 3199 2960 3305 3015; x_wconf 89' lang='lat' dir='ltr'><strong>hoc</strong></span> <span class='ocrx_word' id='word_1_455' title='bbox 3361 2961 3602 3023; x_wconf 83' lang='lat' dir='ltr'><strong>faciunt,</strong></span> <span class='ocrx_word' id='word_1_456' title='bbox 3667 2962 3767 3016; x_wconf 90' lang='lat' dir='ltr'><strong>sed</strong></span> 
     </span>
    </p>
   </div>
   <div class='ocr_carea' id='block_1_62' title="bbox 2123 3048 3768 3121">
    <p class='ocr_par' dir='ltr' id='par_1_62' title="bbox 2123 3048 3768 3121">
     <span class='ocr_line' id='line_1_62' title="bbox 2123 3048 3768 3121; baseline -0.001 -16"><span class='ocrx_word' id='word_1_457' title='bbox 2123 3051 2359 3116; x_wconf 81' lang='lat' dir='ltr'><strong>frustra,</strong></span> <span class='ocrx_word' id='word_1_458' title='bbox 2394 3051 2532 3121; x_wconf 89' lang='lat' dir='ltr'><strong>quia</strong></span> <span class='ocrx_word' id='word_1_459' title='bbox 2562 3050 2672 3104; x_wconf 90' lang='lat' dir='ltr'><strong>ﬁde</strong></span> <span class='ocrx_word' id='word_1_460' title='bbox 2701 3055 2921 3114; x_wconf 86' lang='lat' dir='ltr'><strong>carent,</strong></span> <span class='ocrx_word' id='word_1_461' title='bbox 2953 3049 3082 3104; x_wconf 90' lang='lat' dir='ltr'><strong>ideo</strong></span> <span class='ocrx_word' id='word_1_462' title='bbox 3127 3049 3276 3111; x_wconf 88' lang='lat' dir='ltr'><strong>dicit,</strong></span> <span class='ocrx_word' id='word_1_463' title='bbox 3339 3049 3478 3118; x_wconf 89' lang='lat' dir='ltr'><strong>quia</strong></span> <span class='ocrx_word' id='word_1_464' title='bbox 3537 3048 3768 3104; x_wconf 81' lang='lat' dir='ltr'><strong>invenit</strong></span> 
     </span>
    </p>
   </div>
   <div class='ocr_carea' id='block_1_63' title="bbox 2125 3135 3756 3204">
    <p class='ocr_par' dir='ltr' id='par_1_63' title="bbox 2125 3135 3756 3204">
     <span class='ocr_line' id='line_1_63' title="bbox 2125 3135 3756 3204; baseline -0.002 -10"><span class='ocrx_word' id='word_1_465' title='bbox 2125 3140 2350 3204; x_wconf 89' lang='lat' dir='ltr'><strong>nidum,</strong></span> <span class='ocrx_word' id='word_1_466' title='bbox 2412 3139 2467 3192; x_wconf 90' lang='lat' dir='ltr'><strong>id</strong></span> <span class='ocrx_word' id='word_1_467' title='bbox 2523 3149 2612 3194; x_wconf 85' lang='lat' dir='ltr'><strong>est</strong></span> <span class='ocrx_word' id='word_1_468' title='bbox 2680 3138 2852 3192; x_wconf 90' lang='lat' dir='ltr'><strong>ﬁdem</strong></span> <span class='ocrx_word' id='word_1_469' title='bbox 2907 3143 2964 3192; x_wconf 91' lang='lat' dir='ltr'><strong>et</strong></span> <span class='ocrx_word' id='word_1_470' title='bbox 3021 3135 3404 3192; x_wconf 87' lang='lat' dir='ltr'><strong>ecclesiastica</strong></span> <span class='ocrx_word' id='word_1_471' title='bbox 3459 3135 3756 3200; x_wconf 84' lang='lat' dir='ltr'><strong>instituta,</strong></span> 
     </span>
    </p>
   </div>
   <div class='ocr_carea' id='block_1_64' title="bbox 373 3205 3752 3299">
    <p class='ocr_par' dir='ltr' id='par_1_64' title="bbox 373 3205 3752 3299">
     <span class='ocr_line' id='line_1_64' title="bbox 373 3205 3752 3299; baseline -0.001 -18"><span class='ocrx_word' id='word_1_472' title='bbox 373 3225 640 3298; x_wconf 88' lang='lat' dir='ltr'><strong>pecunia,</strong></span> <span class='ocrx_word' id='word_1_473' title='bbox 683 3241 809 3297; x_wconf 72' lang='lat' dir='ltr'><strong>quae</strong></span> <span class='ocrx_word' id='word_1_474' title='bbox 849 3224 907 3278; x_wconf 90' lang='lat' dir='ltr'><strong>in</strong></span> <span class='ocrx_word' id='word_1_475' title='bbox 969 3225 1077 3280; x_wconf 88' lang='lat' dir='ltr'><strong>hoc</strong></span> <span class='ocrx_word' id='word_1_476' title='bbox 1143 3227 1362 3280; x_wconf 92' lang='lat' dir='ltr'><strong>mundo</strong></span> <span class='ocrx_word' id='word_1_477' title='bbox 1432 3233 1682 3297; x_wconf 82' lang='lat' dir='ltr'><strong>amatur,</strong></span> <span class='ocrx_word' id='word_1_478' title='bbox 1760 3229 2010 3284; x_wconf 87' lang='lat' dir='ltr'><strong>rotunda</strong></span> <span class='ocrx_word' id='word_1_479' title='bbox 2044 3205 2086 3271; x_wconf 79' lang='lat' dir='ltr'>C</span> <span class='ocrx_word' id='word_1_480' title='bbox 2125 3229 2223 3283; x_wconf 89' lang='lat' dir='ltr'><strong>ubi</strong></span> <span class='ocrx_word' id='word_1_481' title='bbox 2256 3232 2497 3299; x_wconf 90' lang='lat' dir='ltr'><strong>reponat</strong></span> <span class='ocrx_word' id='word_1_482' title='bbox 2527 3226 2716 3296; x_wconf 91' lang='lat' dir='ltr'><strong>pullos</strong></span> <span class='ocrx_word' id='word_1_483' title='bbox 2748 3244 2908 3293; x_wconf 91' lang='lat' dir='ltr'><strong>suos,</strong></span> <span class='ocrx_word' id='word_1_484' title='bbox 2967 3227 3025 3281; x_wconf 91' lang='lat' dir='ltr'><strong>id</strong></span> <span class='ocrx_word' id='word_1_485' title='bbox 3070 3231 3160 3281; x_wconf 88' lang='lat' dir='ltr'><strong>est</strong></span> <span class='ocrx_word' id='word_1_486' title='bbox 3217 3227 3360 3280; x_wconf 89' lang='lat' dir='ltr'><strong>bona</strong></span> <span class='ocrx_word' id='word_1_487' title='bbox 3411 3240 3581 3296; x_wconf 90' lang='lat' dir='ltr'><strong>opera</strong></span> <span class='ocrx_word' id='word_1_488' title='bbox 3623 3241 3752 3292; x_wconf 91' lang='lat' dir='ltr'><strong>sua,</strong></span> 
     </span>
    </p>
   </div>
   <div class='ocr_carea' id='block_1_65' title="bbox 366 3312 2006 3372">
    <p class='ocr_par' dir='ltr' id='par_1_65' title="bbox 366 3312 2006 3372">
     <span class='ocr_line' id='line_1_65' title="bbox 366 3312 2006 3372; baseline 0.002 -4"><span class='ocrx_word' id='word_1_489' title='bbox 366 3314 684 3370; x_wconf 84' lang='lat' dir='ltr'><strong>formatur:</strong></span> <span class='ocrx_word' id='word_1_490' title='bbox 719 3318 785 3368; x_wconf 93' lang='lat' dir='ltr'><strong>ut</strong></span> <span class='ocrx_word' id='word_1_491' title='bbox 817 3312 1036 3369; x_wconf 89' lang='lat' dir='ltr'><strong>scilicet</strong></span> <span class='ocrx_word' id='word_1_492' title='bbox 1091 3317 1360 3369; x_wconf 90' lang='lat' dir='ltr'><strong>ostendat</strong></span> <span class='ocrx_word' id='word_1_493' title='bbox 1402 3333 1463 3370; x_wconf 86' lang='lat' dir='ltr'><strong>se</strong></span> <span class='ocrx_word' id='word_1_494' title='bbox 1494 3317 1766 3371; x_wconf 90' lang='lat' dir='ltr'><strong>mobilem</strong></span> <span class='ocrx_word' id='word_1_495' title='bbox 1826 3323 1882 3372; x_wconf 91' lang='lat' dir='ltr'><strong>et</strong></span> <span class='ocrx_word' id='word_1_496' title='bbox 1919 3318 2006 3372; x_wconf 92' lang='lat' dir='ltr'><strong>in-</strong></span> 
     </span>
    </p>
   </div>
   <div class='ocr_carea' id='block_1_66' title="bbox 364 3402 2008 3471">
    <p class='ocr_par' dir='ltr' id='par_1_66' title="bbox 364 3402 2008 3471">
     <span class='ocr_line' id='line_1_66' title="bbox 364 3402 2008 3471; baseline 0.002 -15"><span class='ocrx_word' id='word_1_497' title='bbox 364 3402 652 3471; x_wconf 89' lang='lat' dir='ltr'><strong>stabilem,</strong></span> <span class='ocrx_word' id='word_1_498' title='bbox 694 3405 750 3456; x_wconf 90' lang='lat' dir='ltr'><strong>et</strong></span> <span class='ocrx_word' id='word_1_499' title='bbox 789 3403 872 3456; x_wconf 89' lang='lat' dir='ltr'><strong>sic</strong></span> <span class='ocrx_word' id='word_1_500' title='bbox 939 3402 1227 3458; x_wconf 90' lang='lat' dir='ltr'><strong>deterreat</strong></span> <span class='ocrx_word' id='word_1_501' title='bbox 1297 3409 1588 3459; x_wconf 90' lang='lat' dir='ltr'><strong>amatores</strong></span> <span class='ocrx_word' id='word_1_502' title='bbox 1656 3421 1813 3460; x_wconf 92' lang='lat' dir='ltr'><strong>suos.</strong></span> <span class='ocrx_word' id='word_1_503' title='bbox 1858 3406 2008 3461; x_wconf 91' lang='lat' dir='ltr'><strong>Dicit</strong></span> 
     </span>
    </p>
   </div>
   <div class='ocr_carea' id='block_1_67' title="bbox 360 3491 958 3562">
    <p class='ocr_par' dir='ltr' id='par_1_67' title="bbox 360 3491 958 3562">
     <span class='ocr_line' id='line_1_67' title="bbox 360 3491 958 3562; baseline 0.002 -17"><span class='ocrx_word' id='word_1_504' title='bbox 360 3496 558 3546; x_wconf 90' lang='lat' dir='ltr'><strong>autem</strong></span> <span class='ocrx_word' id='word_1_505' title='bbox 599 3491 682 3546; x_wconf 89' lang='lat' dir='ltr'><strong>sic</strong></span> <span class='ocrx_word' id='word_1_506' title='bbox 721 3491 958 3562; x_wconf 85' lang='lat' dir='ltr'><strong>Asaph:</strong></span> 
     </span>
    </p>
   </div>
   <div class='ocr_carea' id='block_1_68' title="bbox 434 3577 2004 3650">
    <p class='ocr_par' dir='ltr' id='par_1_68' title="bbox 434 3577 2004 3650">
     <span class='ocr_line' id='line_1_68' title="bbox 434 3577 2004 3650; baseline 0.004 -18"><span class='ocrx_word' id='word_1_507' title='bbox 434 3582 617 3650; x_wconf 84' lang='lat' dir='ltr'><strong>Quam</strong></span> <span class='ocrx_word' id='word_1_508' title='bbox 672 3577 880 3633; x_wconf 83' lang='lat' dir='ltr'><strong>dilecta</strong></span> <span class='ocrx_word' id='word_1_509' title='bbox 955 3580 1309 3634; x_wconf 82' lang='lat' dir='ltr'><strong>tabernacula</strong></span> <span class='ocrx_word' id='word_1_510' title='bbox 1400 3586 1516 3645; x_wconf 87' lang='lat' dir='ltr'><strong>tua,</strong></span> <span class='ocrx_word' id='word_1_511' title='bbox 1579 3583 1818 3649; x_wconf 80' lang='lat' dir='ltr'><strong>Domine,</strong></span> <span class='ocrx_word' id='word_1_512' title='bbox 1889 3600 2004 3638; x_wconf 89' lang='lat' dir='ltr'><strong>non</strong></span> 
     </span>
    </p>
   </div>
   <div class='ocr_carea' id='block_1_69' title="bbox 360 3657 2002 3731">
    <p class='ocr_par' dir='ltr' id='par_1_69' title="bbox 360 3657 2002 3731">
     <span class='ocr_line' id='line_1_69' title="bbox 360 3657 2002 3731; baseline 0.002 -18"><span class='ocrx_word' id='word_1_513' title='bbox 360 3662 590 3715; x_wconf 81' lang='lat' dir='ltr'><strong>tantum</strong></span> <span class='ocrx_word' id='word_1_514' title='bbox 631 3657 959 3723; x_wconf 89' lang='lat' dir='ltr'><strong>hominum,</strong></span> <span class='ocrx_word' id='word_1_515' title='bbox 993 3660 1092 3714; x_wconf 89' lang='lat' dir='ltr'><strong>sed</strong></span> <span class='ocrx_word' id='word_1_516' title='bbox 1132 3660 1309 3714; x_wconf 90' lang='lat' dir='ltr'><strong>etiam</strong></span> <span class='ocrx_word' id='word_1_517' title='bbox 1349 3663 1620 3714; x_wconf 80' lang='lat' dir='ltr'><strong>virtutum</strong></span> <span class='ocrx_word' id='word_1_518' title='bbox 1660 3662 2002 3731; x_wconf 80' lang='lat' dir='ltr'><strong>caelestium,</strong></span> 
     </span>
    </p>
   </div>
   <div class='ocr_carea' id='block_1_70' title="bbox 363 3747 2006 3820">
    <p class='ocr_par' dir='ltr' id='par_1_70' title="bbox 363 3747 2006 3820">
     <span class='ocr_line' id='line_1_70' title="bbox 363 3747 2006 3820; baseline 0.003 -19"><span class='ocrx_word' id='word_1_519' title='bbox 363 3747 419 3802; x_wconf 90' lang='lat' dir='ltr'><strong>id</strong></span> <span class='ocrx_word' id='word_1_520' title='bbox 489 3751 596 3814; x_wconf 78' lang='lat' dir='ltr'><strong>est,</strong></span> <span class='ocrx_word' id='word_1_521' title='bbox 668 3752 859 3802; x_wconf 89' lang='lat' dir='ltr'><strong>castra</strong></span> <span class='ocrx_word' id='word_1_522' title='bbox 923 3752 1026 3802; x_wconf 90' lang='lat' dir='ltr'><strong>tua</strong></span> <span class='ocrx_word' id='word_1_523' title='bbox 1092 3748 1150 3802; x_wconf 91' lang='lat' dir='ltr'><strong>in</strong></span> <span class='ocrx_word' id='word_1_524' title='bbox 1221 3748 1438 3818; x_wconf 90' lang='lat' dir='ltr'><strong>quibus</strong></span> <span class='ocrx_word' id='word_1_525' title='bbox 1480 3749 1724 3820; x_wconf 90' lang='lat' dir='ltr'><strong>recipies</strong></span> <span class='ocrx_word' id='word_1_526' title='bbox 1763 3750 2006 3806; x_wconf 89' lang='lat' dir='ltr'><strong>dilectos</strong></span> 
     </span>
    </p>
   </div>
   <div class='ocr_carea' id='block_1_71' title="bbox 363 3833 2008 3906">
    <p class='ocr_par' dir='ltr' id='par_1_71' title="bbox 363 3833 2008 3906">
     <span class='ocr_line' id='line_1_71' title="bbox 363 3833 2008 3906; baseline 0.004 -19"><span class='ocrx_word' id='word_1_527' title='bbox 363 3839 515 3900; x_wconf 89' lang='lat' dir='ltr'><strong>tuos,</strong></span> <span class='ocrx_word' id='word_1_528' title='bbox 549 3849 726 3904; x_wconf 90' lang='lat' dir='ltr'><strong>quam</strong></span> <span class='ocrx_word' id='word_1_529' title='bbox 759 3833 1296 3905; x_wconf 87' lang='lat' dir='ltr'><strong>incomparabiliter</strong></span> <span class='ocrx_word' id='word_1_530' title='bbox 1326 3840 1464 3889; x_wconf 91' lang='lat' dir='ltr'><strong>sunt</strong></span> <span class='ocrx_word' id='word_1_531' title='bbox 1496 3834 1729 3890; x_wconf 90' lang='lat' dir='ltr'><strong>dilecta.</strong></span> <span class='ocrx_word' id='word_1_532' title='bbox 1764 3838 1832 3891; x_wconf 91' lang='lat' dir='ltr'><strong>Et</strong></span> <span class='ocrx_word' id='word_1_533' title='bbox 1873 3841 2008 3906; x_wconf 86' lang='lat' dir='ltr'><strong>quia</strong></span> 
     </span>
    </p>
   </div>
   <div class='ocr_carea' id='block_1_72' title="bbox 360 3920 2006 3994">
    <p class='ocr_par' dir='ltr' id='par_1_72' title="bbox 360 3920 2006 3994">
     <span class='ocr_line' id='line_1_72' title="bbox 360 3920 2006 3994; baseline 0.004 -20"><span class='ocrx_word' id='word_1_534' title='bbox 360 3920 573 3975; x_wconf 89' lang='lat' dir='ltr'><strong>dilecta</strong></span> <span class='ocrx_word' id='word_1_535' title='bbox 664 3927 820 3983; x_wconf 86' lang='lat' dir='ltr'><strong>sunt,</strong></span> <span class='ocrx_word' id='word_1_536' title='bbox 913 3925 1247 3994; x_wconf 80' lang='lat' dir='ltr'><strong>concupiscit</strong></span> <span class='ocrx_word' id='word_1_537' title='bbox 1321 3926 1517 3979; x_wconf 89' lang='lat' dir='ltr'><strong>anima</strong></span> <span class='ocrx_word' id='word_1_538' title='bbox 1572 3940 1694 3979; x_wconf 90' lang='lat' dir='ltr'><strong>mea</strong></span> <span class='ocrx_word' id='word_1_539' title='bbox 1750 3927 1808 3978; x_wconf 90' lang='lat' dir='ltr'><strong>in</strong></span> <span class='ocrx_word' id='word_1_540' title='bbox 1861 3929 2006 3981; x_wconf 85' lang='lat' dir='ltr'><strong>atria</strong></span> 
     </span>
    </p>
   </div>
   <div class='ocr_carea' id='block_1_73' title="bbox 362 4008 2008 4084">
    <p class='ocr_par' dir='ltr' id='par_1_73' title="bbox 362 4008 2008 4084">
     <span class='ocr_line' id='line_1_73' title="bbox 362 4008 2008 4084; baseline 0.007 -24"><span class='ocrx_word' id='word_1_541' title='bbox 362 4008 601 4076; x_wconf 86' lang='lat' dir='ltr'><strong>Domini,</strong></span> <span class='ocrx_word' id='word_1_542' title='bbox 641 4009 934 4064; x_wconf 80' lang='lat' dir='ltr'><strong>caelestem</strong></span> <span class='ocrx_word' id='word_1_543' title='bbox 977 4012 1252 4067; x_wconf 90' lang='lat' dir='ltr'><strong>videlicet</strong></span> <span class='ocrx_word' id='word_1_544' title='bbox 1289 4013 1639 4079; x_wconf 89' lang='lat' dir='ltr'><strong>Jerusalem,</strong></span> <span class='ocrx_word' id='word_1_545' title='bbox 1685 4031 1810 4084; x_wconf 68' lang='lat' dir='ltr'><strong>quae</strong></span> <span class='ocrx_word' id='word_1_546' title='bbox 1843 4015 2008 4071; x_wconf 89' lang='lat' dir='ltr'><strong>atriis</strong></span> 
     </span>
    </p>
   </div>
   <div class='ocr_carea' id='block_1_74' title="bbox 368 4099 2008 4173">
    <p class='ocr_par' dir='ltr' id='par_1_74' title="bbox 368 4099 2008 4173">
     <span class='ocr_line' id='line_1_74' title="bbox 368 4099 2008 4173; baseline 0.007 -26"><span class='ocrx_word' id='word_1_547' title='bbox 368 4099 768 4164; x_wconf 88' lang='lat' dir='ltr'><strong>comparatur,</strong></span> <span class='ocrx_word' id='word_1_548' title='bbox 802 4099 1078 4166; x_wconf 83' lang='lat' dir='ltr'><strong>quoniam</strong></span> <span class='ocrx_word' id='word_1_549' title='bbox 1110 4100 1267 4155; x_wconf 91' lang='lat' dir='ltr'><strong>omni</strong></span> <span class='ocrx_word' id='word_1_550' title='bbox 1300 4101 1684 4157; x_wconf 87' lang='lat' dir='ltr'><strong>delectatione</strong></span> <span class='ocrx_word' id='word_1_551' title='bbox 1714 4103 1884 4173; x_wconf 91' lang='lat' dir='ltr'><strong>plena</strong></span> <span class='ocrx_word' id='word_1_552' title='bbox 1922 4104 2008 4158; x_wconf 92' lang='lat' dir='ltr'><strong>in-</strong></span> 
     </span>
    </p>
   </div>
   <div class='ocr_carea' id='block_1_75' title="bbox 360 4184 2008 4261">
    <p class='ocr_par' dir='ltr' id='par_1_75' title="bbox 360 4184 2008 4261">
     <span class='ocr_line' id='line_1_75' title="bbox 360 4184 2008 4261; baseline 0.007 -25"><span class='ocrx_word' id='word_1_553' title='bbox 360 4186 610 4248; x_wconf 88' lang='lat' dir='ltr'><strong>venitur,</strong></span> <span class='ocrx_word' id='word_1_554' title='bbox 678 4184 832 4239; x_wconf 90' lang='lat' dir='ltr'><strong>sicut</strong></span> <span class='ocrx_word' id='word_1_555' title='bbox 898 4187 1045 4240; x_wconf 88' lang='lat' dir='ltr'><strong>atria</strong></span> <span class='ocrx_word' id='word_1_556' title='bbox 1083 4187 1141 4240; x_wconf 91' lang='lat' dir='ltr'><strong>in</strong></span> <span class='ocrx_word' id='word_1_557' title='bbox 1185 4189 1400 4258; x_wconf 90' lang='lat' dir='ltr'><strong>quibus</strong></span> <span class='ocrx_word' id='word_1_558' title='bbox 1438 4190 1780 4261; x_wconf 88' lang='lat' dir='ltr'><strong>plantantur</strong></span> <span class='ocrx_word' id='word_1_559' title='bbox 1817 4192 2008 4248; x_wconf 72' lang='lat' dir='ltr'><strong>herbae</strong></span> 
     </span>
    </p>
   </div>
   <div class='ocr_carea' id='block_1_76' title="bbox 362 4270 2004 4343">
    <p class='ocr_par' dir='ltr' id='par_1_76' title="bbox 362 4270 2004 4343">
     <span class='ocr_line' id='line_1_76' title="bbox 362 4270 2004 4343; baseline 0.004 -13"><span class='ocrx_word' id='word_1_560' title='bbox 362 4270 585 4338; x_wconf 87' lang='lat' dir='ltr'><strong>dulces,</strong></span> <span class='ocrx_word' id='word_1_561' title='bbox 629 4272 799 4328; x_wconf 85' lang='lat' dir='ltr'><strong>flores</strong></span> <span class='ocrx_word' id='word_1_562' title='bbox 831 4273 1079 4343; x_wconf 87' lang='lat' dir='ltr'><strong>pulchri,</strong></span> <span class='ocrx_word' id='word_1_563' title='bbox 1115 4280 1180 4329; x_wconf 92' lang='lat' dir='ltr'><strong>ut</strong></span> <span class='ocrx_word' id='word_1_564' title='bbox 1207 4275 1473 4332; x_wconf 89' lang='lat' dir='ltr'><strong>homines</strong></span> <span class='ocrx_word' id='word_1_565' title='bbox 1504 4280 1603 4333; x_wconf 91' lang='lat' dir='ltr'><strong>ubi</strong></span> <span class='ocrx_word' id='word_1_566' title='bbox 1627 4279 2004 4337; x_wconf 89' lang='lat' dir='ltr'><strong>delectentur.</strong></span> 
     </span>
    </p>
   </div>
   <div class='ocr_carea' id='block_1_77' title="bbox 368 4362 2006 4440">
    <p class='ocr_par' dir='ltr' id='par_1_77' title="bbox 368 4362 2006 4440">
     <span class='ocr_line' id='line_1_77' title="bbox 368 4362 2006 4440; baseline 0.005 -22"><span class='ocrx_word' id='word_1_567' title='bbox 368 4362 713 4434; x_wconf 84' lang='lat' dir='ltr'><strong>Concupiscit</strong></span> <span class='ocrx_word' id='word_1_568' title='bbox 745 4365 934 4418; x_wconf 86' lang='lat' dir='ltr'><strong>anima</strong></span> <span class='ocrx_word' id='word_1_569' title='bbox 999 4379 1120 4418; x_wconf 87' lang='lat' dir='ltr'><strong>mea</strong></span> <span class='ocrx_word' id='word_1_570' title='bbox 1175 4369 1229 4418; x_wconf 92' lang='lat' dir='ltr'><strong>et</strong></span> <span class='ocrx_word' id='word_1_571' title='bbox 1303 4367 1769 4438; x_wconf 88' lang='lat' dir='ltr'><strong>concupiscendo</strong></span> <span class='ocrx_word' id='word_1_572' title='bbox 1807 4370 2006 4440; x_wconf 81' lang='lat' dir='ltr'><strong>deﬁcit,</strong></span> 
     </span>
    </p>
   </div>
   <div class='ocr_carea' id='block_1_78' title="bbox 362 4452 2010 4530">
    <p class='ocr_par' dir='ltr' id='par_1_78' title="bbox 362 4452 2010 4530">
     <span class='ocr_line' id='line_1_78' title="bbox 362 4452 2010 4530; baseline 0.005 -24"><span class='ocrx_word' id='word_1_573' title='bbox 362 4468 396 4507; x_wconf 90' lang='lat' dir='ltr'><strong>a</strong></span> <span class='ocrx_word' id='word_1_574' title='bbox 425 4452 678 4506; x_wconf 87' lang='lat' dir='ltr'><strong>terrenis</strong></span> <span class='ocrx_word' id='word_1_575' title='bbox 720 4452 1010 4518; x_wconf 88' lang='lat' dir='ltr'><strong>videlicet,</strong></span> <span class='ocrx_word' id='word_1_576' title='bbox 1041 4453 1337 4523; x_wconf 88' lang='lat' dir='ltr'><strong>quomodo</strong></span> <span class='ocrx_word' id='word_1_577' title='bbox 1369 4453 1506 4509; x_wconf 89' lang='lat' dir='ltr'><strong>alibi</strong></span> <span class='ocrx_word' id='word_1_578' title='bbox 1538 4456 1736 4527; x_wconf 80' lang='lat' dir='ltr'><strong>defecit</strong></span> <span class='ocrx_word' id='word_1_579' title='bbox 1784 4462 2010 4530; x_wconf 84' lang='lat' dir='ltr'><strong>spiritus</strong></span> 
     </span>
    </p>
   </div>
   <div class='ocr_carea' id='block_1_79' title="bbox 2117 3311 3758 3388">
    <p class='ocr_par' dir='ltr' id='par_1_79' title="bbox 2117 3311 3758 3388">
     <span class='ocr_line' id='line_1_79' title="bbox 2117 3311 3758 3388; baseline -0.003 -17"><span class='ocrx_word' id='word_1_580' title='bbox 2117 3317 2256 3388; x_wconf 91' lang='lat' dir='ltr'><strong>quia</strong></span> <span class='ocrx_word' id='word_1_581' title='bbox 2283 3315 2402 3370; x_wconf 90' lang='lat' dir='ltr'><strong>veri</strong></span> <span class='ocrx_word' id='word_1_582' title='bbox 2434 3315 2700 3370; x_wconf 90' lang='lat' dir='ltr'><strong>sacriﬁcii</strong></span> <span class='ocrx_word' id='word_1_583' title='bbox 2765 3317 2925 3370; x_wconf 90' lang='lat' dir='ltr'><strong>locus</strong></span> <span class='ocrx_word' id='word_1_584' title='bbox 2984 3331 3098 3369; x_wconf 92' lang='lat' dir='ltr'><strong>non</strong></span> <span class='ocrx_word' id='word_1_585' title='bbox 3160 3319 3248 3368; x_wconf 88' lang='lat' dir='ltr'><strong>est</strong></span> <span class='ocrx_word' id='word_1_586' title='bbox 3304 3318 3461 3368; x_wconf 84' lang='lat' dir='ltr'><strong>extra</strong></span> <span class='ocrx_word' id='word_1_587' title='bbox 3513 3311 3758 3367; x_wconf 85' lang='lat' dir='ltr'><strong>catholi-</strong></span> 
     </span>
    </p>
   </div>
   <div class='ocr_carea' id='block_1_80' title="bbox 2115 3400 3763 3473">
    <p class='ocr_par' dir='ltr' id='par_1_80' title="bbox 2115 3400 3763 3473">
     <span class='ocr_line' id='line_1_80' title="bbox 2115 3400 3763 3473; baseline -0.002 -13"><span class='ocrx_word' id='word_1_588' title='bbox 2115 3423 2243 3460; x_wconf 87' lang='lat' dir='ltr'><strong>cam</strong></span> <span class='ocrx_word' id='word_1_589' title='bbox 2300 3403 2635 3459; x_wconf 86' lang='lat' dir='ltr'><strong>Eeclesiam.</strong></span> <span class='ocrx_word' id='word_1_590' title='bbox 2693 3403 2838 3457; x_wconf 89' lang='lat' dir='ltr'><strong>Nota</strong></span> <span class='ocrx_word' id='word_1_591' title='bbox 2893 3403 3047 3473; x_wconf 91' lang='lat' dir='ltr'><strong>quod</strong></span> <span class='ocrx_word' id='word_1_592' title='bbox 3127 3403 3275 3456; x_wconf 89' lang='lat' dir='ltr'><strong>bene</strong></span> <span class='ocrx_word' id='word_1_593' title='bbox 3359 3400 3517 3462; x_wconf 86' lang='lat' dir='ltr'><strong>dicit,</strong></span> <span class='ocrx_word' id='word_1_594' title='bbox 3605 3401 3763 3472; x_wconf 89' lang='lat' dir='ltr'><strong>quod</strong></span> 
     </span>
    </p>
   </div>
   <div class='ocr_carea' id='block_1_81' title="bbox 2113 3489 3769 3564">
    <p class='ocr_par' dir='ltr' id='par_1_81' title="bbox 2113 3489 3769 3564">
     <span class='ocr_line' id='line_1_81' title="bbox 2113 3489 3769 3564; baseline -0.002 -18"><span class='ocrx_word' id='word_1_595' title='bbox 2113 3510 2301 3564; x_wconf 75' lang='lat' dir='ltr'><strong>passer</strong></span> <span class='ocrx_word' id='word_1_596' title='bbox 2331 3495 2538 3547; x_wconf 82' lang='lat' dir='ltr'><strong>invenit</strong></span> <span class='ocrx_word' id='word_1_597' title='bbox 2567 3491 2677 3545; x_wconf 76' lang='lat' dir='ltr'><strong>sibi</strong></span> <span class='ocrx_word' id='word_1_598' title='bbox 2723 3491 2943 3546; x_wconf 88' lang='lat' dir='ltr'><strong>domum</strong></span> <span class='ocrx_word' id='word_1_599' title='bbox 3002 3500 3052 3545; x_wconf 81' lang='lat' dir='ltr'><strong>et</strong></span> <span class='ocrx_word' id='word_1_600' title='bbox 3106 3493 3299 3544; x_wconf 85' lang='lat' dir='ltr'><strong>turtur</strong></span> <span class='ocrx_word' id='word_1_601' title='bbox 3357 3489 3569 3556; x_wconf 85' lang='lat' dir='ltr'><strong>nidum,</strong></span> <span class='ocrx_word' id='word_1_602' title='bbox 3633 3489 3769 3561; x_wconf 83' lang='lat' dir='ltr'><strong>quia</strong></span> 
     </span>
    </p>
   </div>
   <div class='ocr_carea' id='block_1_82' title="bbox 2119 3578 3766 3650">
    <p class='ocr_par' dir='ltr' id='par_1_82' title="bbox 2119 3578 3766 3650">
     <span class='ocr_line' id='line_1_82' title="bbox 2119 3578 3766 3650; baseline -0.002 -14"><span class='ocrx_word' id='word_1_603' title='bbox 2119 3581 2308 3637; x_wconf 86' lang='lat' dir='ltr'><strong>ﬁdelis</strong></span> <span class='ocrx_word' id='word_1_604' title='bbox 2364 3580 2562 3634; x_wconf 89' lang='lat' dir='ltr'><strong>anima</strong></span> <span class='ocrx_word' id='word_1_605' title='bbox 2610 3596 2735 3650; x_wconf 69' lang='lat' dir='ltr'><strong>qua:</strong></span> <span class='ocrx_word' id='word_1_606' title='bbox 2792 3579 2887 3633; x_wconf 89' lang='lat' dir='ltr'><strong>hic</strong></span> <span class='ocrx_word' id='word_1_607' title='bbox 2937 3595 3091 3633; x_wconf 92' lang='lat' dir='ltr'><strong>nunc</strong></span> <span class='ocrx_word' id='word_1_608' title='bbox 3148 3586 3237 3634; x_wconf 89' lang='lat' dir='ltr'><strong>est</strong></span> <span class='ocrx_word' id='word_1_609' title='bbox 3295 3578 3354 3632; x_wconf 90' lang='lat' dir='ltr'><strong>in</strong></span> <span class='ocrx_word' id='word_1_610' title='bbox 3415 3595 3615 3634; x_wconf 88' lang='lat' dir='ltr'><strong>amore</strong></span> <span class='ocrx_word' id='word_1_611' title='bbox 3675 3595 3766 3634; x_wconf 86' lang='lat' dir='ltr'><strong>su-</strong></span> 
     </span>
    </p>
   </div>
   <div class='ocr_carea' id='block_1_83' title="bbox 2117 3667 3766 3742">
    <p class='ocr_par' dir='ltr' id='par_1_83' title="bbox 2117 3667 3766 3742">
     <span class='ocr_line' id='line_1_83' title="bbox 2117 3667 3766 3742; baseline -0.003 -17"><span class='ocrx_word' id='word_1_612' title='bbox 2117 3687 2307 3742; x_wconf 71' lang='lat' dir='ltr'><strong>pernae</strong></span> <span class='ocrx_word' id='word_1_613' title='bbox 2353 3668 2749 3733; x_wconf 87' lang='lat' dir='ltr'><strong>habitationis,</strong></span> <span class='ocrx_word' id='word_1_614' title='bbox 2811 3668 2868 3721; x_wconf 90' lang='lat' dir='ltr'><strong>in</strong></span> <span class='ocrx_word' id='word_1_615' title='bbox 2930 3685 3048 3739; x_wconf 89' lang='lat' dir='ltr'><strong>qua</strong></span> <span class='ocrx_word' id='word_1_616' title='bbox 3113 3670 3240 3737; x_wconf 86' lang='lat' dir='ltr'><strong>jam</strong></span> <span class='ocrx_word' id='word_1_617' title='bbox 3289 3683 3393 3738; x_wconf 90' lang='lat' dir='ltr'><strong>per</strong></span> <span class='ocrx_word' id='word_1_618' title='bbox 3451 3683 3618 3738; x_wconf 90' lang='lat' dir='ltr'><strong>spem</strong></span> <span class='ocrx_word' id='word_1_619' title='bbox 3680 3667 3766 3721; x_wconf 88' lang='lat' dir='ltr'><strong>in-</strong></span> 
     </span>
    </p>
   </div>
   <div class='ocr_carea' id='block_1_84' title="bbox 2117 3756 3765 3827">
    <p class='ocr_par' dir='ltr' id='par_1_84' title="bbox 2117 3756 3765 3827">
     <span class='ocr_line' id='line_1_84' title="bbox 2117 3756 3765 3827; baseline -0.002 -14"><span class='ocrx_word' id='word_1_620' title='bbox 2117 3759 2363 3821; x_wconf 87' lang='lat' dir='ltr'><strong>habitat,</strong></span> <span class='ocrx_word' id='word_1_621' title='bbox 2437 3757 2790 3827; x_wconf 86' lang='lat' dir='ltr'><strong>quandoque</strong></span> <span class='ocrx_word' id='word_1_622' title='bbox 2839 3756 3112 3810; x_wconf 89' lang='lat' dir='ltr'><strong>habitura</strong></span> <span class='ocrx_word' id='word_1_623' title='bbox 3162 3761 3255 3812; x_wconf 90' lang='lat' dir='ltr'><strong>est</strong></span> <span class='ocrx_word' id='word_1_624' title='bbox 3284 3757 3571 3826; x_wconf 89' lang='lat' dir='ltr'><strong>majorem</strong></span> <span class='ocrx_word' id='word_1_625' title='bbox 3634 3772 3765 3810; x_wconf 90' lang='lat' dir='ltr'><strong>cum</strong></span> 
     </span>
    </p>
   </div>
   <div class='ocr_carea' id='block_1_85' title="bbox 2118 3843 3767 3916">
    <p class='ocr_par' dir='ltr' id='par_1_85' title="bbox 2118 3843 3767 3916">
     <span class='ocr_line' id='line_1_85' title="bbox 2118 3843 3767 3916; baseline -0.001 -16"><span class='ocrx_word' id='word_1_626' title='bbox 2118 3846 2255 3900; x_wconf 93' lang='lat' dir='ltr'><strong>illuc</strong></span> <span class='ocrx_word' id='word_1_627' title='bbox 2313 3843 2679 3916; x_wconf 81' lang='lat' dir='ltr'><strong>pervenerit;</strong></span> <span class='ocrx_word' id='word_1_628' title='bbox 2760 3844 2889 3899; x_wconf 91' lang='lat' dir='ltr'><strong>ideo</strong></span> <span class='ocrx_word' id='word_1_629' title='bbox 2947 3845 3117 3915; x_wconf 90' lang='lat' dir='ltr'><strong>quasi</strong></span> <span class='ocrx_word' id='word_1_630' title='bbox 3176 3846 3417 3898; x_wconf 91' lang='lat' dir='ltr'><strong>domum</strong></span> <span class='ocrx_word' id='word_1_631' title='bbox 3476 3844 3767 3899; x_wconf 88' lang='lat' dir='ltr'><strong>invenisse</strong></span> 
     </span>
    </p>
   </div>
   <div class='ocr_carea' id='block_1_86' title="bbox 2117 3932 3769 4004">
    <p class='ocr_par' dir='ltr' id='par_1_86' title="bbox 2117 3932 3769 4004">
     <span class='ocr_line' id='line_1_86' title="bbox 2117 3932 3769 4004; baseline -0.001 -16"><span class='ocrx_word' id='word_1_632' title='bbox 2117 3933 2352 3996; x_wconf 87' lang='lat' dir='ltr'><strong>dicitur,</strong></span> <span class='ocrx_word' id='word_1_633' title='bbox 2412 3932 2548 4004; x_wconf 90' lang='lat' dir='ltr'><strong>quia</strong></span> <span class='ocrx_word' id='word_1_634' title='bbox 2605 3933 2733 4003; x_wconf 91' lang='lat' dir='ltr'><strong>ejus</strong></span> <span class='ocrx_word' id='word_1_635' title='bbox 2789 3949 2954 3988; x_wconf 91' lang='lat' dir='ltr'><strong>amor</strong></span> <span class='ocrx_word' id='word_1_636' title='bbox 2985 3949 3290 4004; x_wconf 88' lang='lat' dir='ltr'><strong>nunquam</strong></span> <span class='ocrx_word' id='word_1_637' title='bbox 3325 3932 3558 3987; x_wconf 90' lang='lat' dir='ltr'><strong>deﬁciet</strong></span> <span class='ocrx_word' id='word_1_638' title='bbox 3593 3951 3606 3998; x_wconf 93' lang='lat'><strong>;</strong></span> <span class='ocrx_word' id='word_1_639' title='bbox 3636 3933 3769 4004; x_wconf 85' lang='lat' dir='ltr'><strong>quia</strong></span> 
     </span>
    </p>
   </div>
   <div class='ocr_carea' id='block_1_87' title="bbox 2117 4019 3772 4093">
    <p class='ocr_par' dir='ltr' id='par_1_87' title="bbox 2117 4019 3772 4093">
     <span class='ocr_line' id='line_1_87' title="bbox 2117 4019 3772 4093; baseline -0.002 -16"><span class='ocrx_word' id='word_1_640' title='bbox 2117 4039 2251 4077; x_wconf 91' lang='lat' dir='ltr'><strong>eum</strong></span> <span class='ocrx_word' id='word_1_641' title='bbox 2334 4020 2710 4093; x_wconf 89' lang='lat' dir='ltr'><strong>pulchritudo</strong></span> <span class='ocrx_word' id='word_1_642' title='bbox 2780 4020 2858 4075; x_wconf 88' lang='lat' dir='ltr'><strong>sit</strong></span> <span class='ocrx_word' id='word_1_643' title='bbox 2923 4019 3300 4086; x_wconf 86' lang='lat' dir='ltr'><strong>insatiabilis,</strong></span> <span class='ocrx_word' id='word_1_644' title='bbox 3353 4020 3616 4092; x_wconf 79' lang='lat' dir='ltr'><strong>cbaritas</strong></span> <span class='ocrx_word' id='word_1_645' title='bbox 3663 4021 3772 4076; x_wconf 83' lang='lat' dir='ltr'><strong>erit</strong></span> 
     </span>
    </p>
   </div>
   <div class='ocr_carea' id='block_1_88' title="bbox 2118 4109 3766 4180">
    <p class='ocr_par' dir='ltr' id='par_1_88' title="bbox 2118 4109 3766 4180">
     <span class='ocr_line' id='line_1_88' title="bbox 2118 4109 3766 4180; baseline -0.001 -15"><span class='ocrx_word' id='word_1_646' title='bbox 2118 4109 2574 4175; x_wconf 74' lang='lat' dir='ltr'><strong>inilefectibilis;</strong></span> <span class='ocrx_word' id='word_1_647' title='bbox 2635 4109 2776 4180; x_wconf 87' lang='lat' dir='ltr'><strong>quia</strong></span> <span class='ocrx_word' id='word_1_648' title='bbox 2851 4125 2985 4164; x_wconf 90' lang='lat' dir='ltr'><strong>cum</strong></span> <span class='ocrx_word' id='word_1_649' title='bbox 3046 4111 3159 4164; x_wconf 85' lang='lat' dir='ltr'><strong>tria</strong></span> <span class='ocrx_word' id='word_1_650' title='bbox 3217 4109 3351 4178; x_wconf 85' lang='lat' dir='ltr'><strong>sint,</strong></span> <span class='ocrx_word' id='word_1_651' title='bbox 3411 4109 3566 4178; x_wconf 81' lang='lat' dir='ltr'><strong>ﬁdes,</strong></span> <span class='ocrx_word' id='word_1_652' title='bbox 3627 4125 3766 4180; x_wconf 81' lang='lat' dir='ltr'><strong>spes,</strong></span> 
     </span>
    </p>
   </div>
   <div class='ocr_carea' id='block_1_89' title="bbox 2117 4198 3766 4269">
    <p class='ocr_par' dir='ltr' id='par_1_89' title="bbox 2117 4198 3766 4269">
     <span class='ocr_line' id='line_1_89' title="bbox 2117 4198 3766 4269; baseline -0.002 -15"><span class='ocrx_word' id='word_1_653' title='bbox 2117 4199 2355 4254; x_wconf 75' lang='lat' dir='ltr'><strong>Charitas</strong></span> <span class='ocrx_word' id='word_1_654' title='bbox 2421 4198 2463 4268; x_wconf 92' lang='grc' dir='ltr'>(Ι</span> <span class='ocrx_word' id='word_1_655' title='bbox 2527 4198 2643 4252; x_wconf 85' lang='lat' dir='ltr'><strong>Cor.</strong></span> <span class='ocrx_word' id='word_1_656' title='bbox 2704 4199 2854 4267; x_wconf 86' lang='lat' dir='ltr'><strong>xm),</strong></span> <span class='ocrx_word' id='word_1_657' title='bbox 2907 4199 3048 4252; x_wconf 87' lang='lat' dir='ltr'><strong>ﬁdes</strong></span> <span class='ocrx_word' id='word_1_658' title='bbox 3105 4202 3162 4252; x_wconf 89' lang='lat' dir='ltr'><strong>et</strong></span> <span class='ocrx_word' id='word_1_659' title='bbox 3215 4214 3348 4269; x_wconf 89' lang='lat' dir='ltr'><strong>spes</strong></span> <span class='ocrx_word' id='word_1_660' title='bbox 3407 4199 3766 4269; x_wconf 87' lang='lat' dir='ltr'><strong>transibunt,</strong></span> 
     </span>
    </p>
   </div>
   <div class='ocr_carea' id='block_1_90' title="bbox 2119 4286 3768 4358">
    <p class='ocr_par' dir='ltr' id='par_1_90' title="bbox 2119 4286 3768 4358">
     <span class='ocr_line' id='line_1_90' title="bbox 2119 4286 3768 4358; baseline -0.002 -15"><span class='ocrx_word' id='word_1_661' title='bbox 2119 4287 2374 4343; x_wconf 88' lang='lat' dir='ltr'><strong>cbaritas</strong></span> <span class='ocrx_word' id='word_1_662' title='bbox 2449 4291 2676 4341; x_wconf 90' lang='lat' dir='ltr'><strong>tantum</strong></span> <span class='ocrx_word' id='word_1_663' title='bbox 2732 4287 3104 4342; x_wconf 85' lang='lat' dir='ltr'><strong>remanebit:</strong></span> <span class='ocrx_word' id='word_1_664' title='bbox 3166 4291 3224 4341; x_wconf 90' lang='lat' dir='ltr'><strong>et</strong></span> <span class='ocrx_word' id='word_1_665' title='bbox 3281 4286 3561 4358; x_wconf 89' lang='lat' dir='ltr'><strong>quoniam</strong></span> <span class='ocrx_word' id='word_1_666' title='bbox 3624 4286 3768 4341; x_wconf 89' lang='lat' dir='ltr'><strong>ﬁdes</strong></span> 
     </span>
    </p>
   </div>
   <div class='ocr_carea' id='block_1_91' title="bbox 2119 4373 3767 4446">
    <p class='ocr_par' dir='ltr' id='par_1_91' title="bbox 2119 4373 3767 4446">
     <span class='ocr_line' id='line_1_91' title="bbox 2119 4373 3767 4446; baseline -0.002 -14"><span class='ocrx_word' id='word_1_667' title='bbox 2119 4383 2209 4432; x_wconf 87' lang='lat' dir='ltr'><strong>est</strong></span> <span class='ocrx_word' id='word_1_668' title='bbox 2239 4377 2310 4430; x_wconf 90' lang='lat' dir='ltr'><strong>ad</strong></span> <span class='ocrx_word' id='word_1_669' title='bbox 2358 4379 2594 4446; x_wconf 85' lang='lat' dir='ltr'><strong>tempus</strong></span> <span class='ocrx_word' id='word_1_670' title='bbox 2651 4390 3054 4446; x_wconf 90' lang='lat' dir='ltr'><strong>permansura,</strong></span> <span class='ocrx_word' id='word_1_671' title='bbox 3115 4373 3244 4430; x_wconf 90' lang='lat' dir='ltr'><strong>ideo</strong></span> <span class='ocrx_word' id='word_1_672' title='bbox 3277 4375 3414 4429; x_wconf 92' lang='lat' dir='ltr'><strong>nido</strong></span> <span class='ocrx_word' id='word_1_673' title='bbox 3461 4391 3767 4445; x_wconf 80' lang='lat' dir='ltr'><strong>compara-</strong></span> 
     </span>
    </p>
   </div>
   <div class='ocr_carea' id='block_1_92' title="bbox 2119 4463 3769 4536">
    <p class='ocr_par' dir='ltr' id='par_1_92' title="bbox 2119 4463 3769 4536">
     <span class='ocr_line' id='line_1_92' title="bbox 2119 4463 3769 4536; baseline -0.002 -14"><span class='ocrx_word' id='word_1_674' title='bbox 2119 4473 2233 4522; x_wconf 84' lang='lat' dir='ltr'><strong>tur.</strong></span> <span class='ocrx_word' id='word_1_675' title='bbox 2269 4466 2414 4520; x_wconf 90' lang='lat' dir='ltr'><strong>Nota</strong></span> <span class='ocrx_word' id='word_1_676' title='bbox 2471 4463 2607 4534; x_wconf 91' lang='lat' dir='ltr'><strong>quia</strong></span> <span class='ocrx_word' id='word_1_677' title='bbox 2667 4480 2798 4518; x_wconf 92' lang='lat' dir='ltr'><strong>caro</strong></span> <span class='ocrx_word' id='word_1_678' title='bbox 2853 4463 3067 4518; x_wconf 91' lang='lat' dir='ltr'><strong>turturi</strong></span> <span class='ocrx_word' id='word_1_679' title='bbox 3100 4469 3496 4536; x_wconf 88' lang='lat' dir='ltr'><strong>comparatur,</strong></span> <span class='ocrx_word' id='word_1_680' title='bbox 3529 4469 3769 4536; x_wconf 85' lang='lat' dir='ltr'><strong>propter</strong></span> 
     </span>
    </p>
   </div>
   <div class='ocr_carea' id='block_1_93' title="bbox 361 4543 3770 4634">
    <p class='ocr_par' dir='ltr' id='par_1_93' title="bbox 361 4543 3770 4634">
     <span class='ocr_line' id='line_1_93' title="bbox 361 4543 3770 4634; baseline 0.004 -38"><span class='ocrx_word' id='word_1_681' title='bbox 361 4557 515 4597; x_wconf 86' lang='lat' dir='ltr'><strong>meus</strong></span> <span class='ocrx_word' id='word_1_682' title='bbox 543 4543 719 4634; x_wconf 53' lang='lat' dir='ltr'><strong>(Dsat.</strong></span> <span class='ocrx_word' id='word_1_683' title='bbox 770 4544 976 4634; x_wconf 79' lang='lat' dir='ltr'><strong>Lxxv1).</strong></span> <span class='ocrx_word' id='word_1_684' title='bbox 1014 4543 1124 4634; x_wconf 74' lang='lat' dir='ltr'><strong>illa</strong></span> <span class='ocrx_word' id='word_1_685' title='bbox 1163 4544 1219 4634; x_wconf 89' lang='lat' dir='ltr'><strong>in</strong></span> <span class='ocrx_word' id='word_1_686' title='bbox 1262 4559 1324 4598; x_wconf 89' lang='lat' dir='ltr'><strong>se</strong></span> <span class='ocrx_word' id='word_1_687' title='bbox 1363 4545 1592 4615; x_wconf 87' lang='lat' dir='ltr'><strong>defecit,</strong></span> <span class='ocrx_word' id='word_1_688' title='bbox 1634 4553 1692 4602; x_wconf 90' lang='lat' dir='ltr'><strong>et</strong></span> <span class='ocrx_word' id='word_1_689' title='bbox 1755 4549 1884 4604; x_wconf 90' lang='lat' dir='ltr'><strong>ideo</strong></span> <span class='ocrx_word' id='word_1_690' title='bbox 1950 4550 2008 4604; x_wconf 91' lang='lat' dir='ltr'><strong>in</strong></span> <span class='ocrx_word' id='word_1_691' title='bbox 2044 4571 2086 4634; x_wconf 69' lang='grc' dir='ltr'><strong>Ι)</strong></span> <span class='ocrx_word' id='word_1_692' title='bbox 2121 4555 2352 4610; x_wconf 89' lang='lat' dir='ltr'><strong>dolores</strong></span> <span class='ocrx_word' id='word_1_693' title='bbox 2410 4552 2697 4624; x_wconf 88' lang='lat' dir='ltr'><strong>plurimos</strong></span> <span class='ocrx_word' id='word_1_694' title='bbox 2731 4552 2946 4623; x_wconf 91' lang='lat' dir='ltr'><strong>quibus</strong></span> <span class='ocrx_word' id='word_1_695' title='bbox 2983 4553 3484 4624; x_wconf 83' lang='lat' dir='ltr'><strong>affligiturzquod</strong></span> <span class='ocrx_word' id='word_1_696' title='bbox 3522 4553 3688 4620; x_wconf 87' lang='lat' dir='ltr'><strong>dicit,</strong></span> <span class='ocrx_word' id='word_1_697' title='bbox 3721 4561 3770 4608; x_wconf 81' lang='lat' dir='ltr'><strong>et</strong></span> 
     </span>
    </p>
   </div>
   <div class='ocr_carea' id='block_1_94' title="bbox 363 4630 2009 4708">
    <p class='ocr_par' dir='ltr' id='par_1_94' title="bbox 363 4630 2009 4708">
     <span class='ocr_line' id='line_1_94' title="bbox 363 4630 2009 4708; baseline 0.005 -26"><span class='ocrx_word' id='word_1_698' title='bbox 363 4633 418 4683; x_wconf 87' lang='lat' dir='ltr'><strong>te</strong></span> <span class='ocrx_word' id='word_1_699' title='bbox 458 4630 702 4700; x_wconf 84' lang='lat' dir='ltr'><strong>proﬁcit,</strong></span> <span class='ocrx_word' id='word_1_700' title='bbox 747 4632 886 4702; x_wconf 89' lang='lat' dir='ltr'><strong>quia</strong></span> <span class='ocrx_word' id='word_1_701' title='bbox 926 4631 1126 4687; x_wconf 87' lang='lat' dir='ltr'><strong>nullus</strong></span> <span class='ocrx_word' id='word_1_702' title='bbox 1183 4633 1241 4686; x_wconf 91' lang='lat' dir='ltr'><strong>in</strong></span> <span class='ocrx_word' id='word_1_703' title='bbox 1282 4637 1338 4688; x_wconf 88' lang='lat' dir='ltr'><strong>te</strong></span> <span class='ocrx_word' id='word_1_704' title='bbox 1406 4636 1655 4706; x_wconf 87' lang='lat' dir='ltr'><strong>proﬁcit,</strong></span> <span class='ocrx_word' id='word_1_705' title='bbox 1726 4637 1836 4691; x_wconf 91' lang='lat' dir='ltr'><strong>nisi</strong></span> <span class='ocrx_word' id='word_1_706' title='bbox 1910 4637 2009 4708; x_wconf 92' lang='lat' dir='ltr'><strong>qui</strong></span> 
     </span>
    </p>
   </div>
   <div class='ocr_carea' id='block_1_95' title="bbox 363 4715 2004 4795">
    <p class='ocr_par' dir='ltr' id='par_1_95' title="bbox 363 4715 2004 4795">
     <span class='ocr_line' id='line_1_95' title="bbox 363 4715 2004 4795; baseline 0.006 -26"><span class='ocrx_word' id='word_1_707' title='bbox 363 4715 650 4771; x_wconf 86' lang='lat' dir='ltr'><strong>defectum</strong></span> <span class='ocrx_word' id='word_1_708' title='bbox 702 4735 874 4774; x_wconf 92' lang='lat' dir='ltr'><strong>suum</strong></span> <span class='ocrx_word' id='word_1_709' title='bbox 933 4722 1198 4776; x_wconf 87' lang='lat' dir='ltr'><strong>attendit.</strong></span> <span class='ocrx_word' id='word_1_710' title='bbox 1241 4722 1390 4776; x_wconf 80' lang='lat' dir='ltr'><strong>Nota</strong></span> <span class='ocrx_word' id='word_1_711' title='bbox 1431 4723 1570 4792; x_wconf 88' lang='lat' dir='ltr'><strong>quia</strong></span> <span class='ocrx_word' id='word_1_712' title='bbox 1608 4723 2004 4795; x_wconf 77' lang='lat' dir='ltr'><strong>tabernacula,</strong></span> 
     </span>
    </p>
   </div>
   <div class='ocr_carea' id='block_1_96' title="bbox 363 4801 2006 4881">
    <p class='ocr_par' dir='ltr' id='par_1_96' title="bbox 363 4801 2006 4881">
     <span class='ocr_line' id='line_1_96' title="bbox 363 4801 2006 4881; baseline 0.007 -24"><span class='ocrx_word' id='word_1_713' title='bbox 363 4801 499 4859; x_wconf 89' lang='lat' dir='ltr'><strong>licet</strong></span> <span class='ocrx_word' id='word_1_714' title='bbox 527 4804 665 4858; x_wconf 88' lang='lat' dir='ltr'><strong>alibi</strong></span> <span class='ocrx_word' id='word_1_715' title='bbox 714 4807 1074 4878; x_wconf 89' lang='lat' dir='ltr'><strong>accipiantur</strong></span> <span class='ocrx_word' id='word_1_716' title='bbox 1139 4811 1352 4866; x_wconf 90' lang='lat' dir='ltr'><strong>domus</strong></span> <span class='ocrx_word' id='word_1_717' title='bbox 1392 4809 1633 4881; x_wconf 64' lang='lat' dir='ltr'><strong>militiai,</strong></span> <span class='ocrx_word' id='word_1_718' title='bbox 1677 4811 1769 4867; x_wconf 90' lang='lat' dir='ltr'><strong>hic</strong></span> <span class='ocrx_word' id='word_1_719' title='bbox 1811 4818 2006 4869; x_wconf 90' lang='lat' dir='ltr'><strong>tamen</strong></span> 
     </span>
    </p>
   </div>
   <div class='ocr_carea' id='block_1_97' title="bbox 364 4893 2005 4986">
    <p class='ocr_par' dir='ltr' id='par_1_97' title="bbox 364 4893 2005 4986">
     <span class='ocr_line' id='line_1_97' title="bbox 364 4893 2005 4986; baseline 0.006 -38"><span class='ocrx_word' id='word_1_720' title='bbox 364 4909 481 4949; x_wconf 93' lang='lat' dir='ltr'><strong>non</strong></span> <span class='ocrx_word' id='word_1_721' title='bbox 504 4893 824 4966; x_wconf 88' lang='lat' dir='ltr'><strong>incongrue</strong></span> <span class='ocrx_word' id='word_1_722' title='bbox 842 4897 1208 4967; x_wconf 89' lang='lat' dir='ltr'><strong>accipiuntur</strong></span> <span class='ocrx_word' id='word_1_723' title='bbox 1231 4915 1333 4970; x_wconf 90' lang='lat' dir='ltr'><strong>pro</strong></span> <span class='ocrx_word' id='word_1_724' title='bbox 1365 4898 1584 4986; x_wconf 68' lang='lat' dir='ltr'><strong>coplesti</strong></span> <span class='ocrx_word' id='word_1_725' title='bbox 1618 4899 2005 4970; x_wconf 89' lang='lat' dir='ltr'><strong>habitatione;</strong></span> 
     </span>
    </p>
   </div>
   <div class='ocr_carea' id='block_1_98' title="bbox 365 4982 2008 5058">
    <p class='ocr_par' dir='ltr' id='par_1_98' title="bbox 365 4982 2008 5058">
     <span class='ocr_line' id='line_1_98' title="bbox 365 4982 2008 5058; baseline 0.005 -21"><span class='ocrx_word' id='word_1_726' title='bbox 365 4983 504 5054; x_wconf 90' lang='lat' dir='ltr'><strong>quia</strong></span> <span class='ocrx_word' id='word_1_727' title='bbox 542 4982 622 5038; x_wconf 89' lang='lat' dir='ltr'><strong>ibi</strong></span> <span class='ocrx_word' id='word_1_728' title='bbox 673 4984 924 5055; x_wconf 87' lang='lat' dir='ltr'><strong>quisque</strong></span> <span class='ocrx_word' id='word_1_729' title='bbox 994 4992 1151 5040; x_wconf 88' lang='lat' dir='ltr'><strong>tutus</strong></span> <span class='ocrx_word' id='word_1_730' title='bbox 1215 4989 1325 5041; x_wconf 90' lang='lat' dir='ltr'><strong>erit</strong></span> <span class='ocrx_word' id='word_1_731' title='bbox 1381 4982 1549 5058; x_wconf 79' lang='lat' dir='ltr'><strong>quasi</strong></span> <span class='ocrx_word' id='word_1_732' title='bbox 1619 4989 1752 5044; x_wconf 89' lang='lat' dir='ltr'><strong>forti</strong></span> <span class='ocrx_word' id='word_1_733' title='bbox 1817 4996 2008 5046; x_wconf 90' lang='lat' dir='ltr'><strong>castro</strong></span> 
     </span>
    </p>
   </div>
   <div class='ocr_carea' id='block_1_99' title="bbox 366 5071 2011 5150">
    <p class='ocr_par' dir='ltr' id='par_1_99' title="bbox 366 5071 2011 5150">
     <span class='ocr_line' id='line_1_99' title="bbox 366 5071 2011 5150; baseline 0.005 -24"><span class='ocrx_word' id='word_1_734' title='bbox 366 5071 652 5137; x_wconf 89' lang='lat' dir='ltr'><strong>munitus,</strong></span> <span class='ocrx_word' id='word_1_735' title='bbox 705 5071 782 5126; x_wconf 93' lang='lat' dir='ltr'><strong>ibi</strong></span> <span class='ocrx_word' id='word_1_736' title='bbox 843 5071 1006 5127; x_wconf 91' lang='lat' dir='ltr'><strong>nulla</strong></span> <span class='ocrx_word' id='word_1_737' title='bbox 1066 5076 1176 5128; x_wconf 88' lang='lat' dir='ltr'><strong>erit</strong></span> <span class='ocrx_word' id='word_1_738' title='bbox 1240 5075 1594 5143; x_wconf 88' lang='lat' dir='ltr'><strong>sollicitudo,</strong></span> <span class='ocrx_word' id='word_1_739' title='bbox 1692 5079 1770 5133; x_wconf 90' lang='lat' dir='ltr'><strong>ibi</strong></span> <span class='ocrx_word' id='word_1_740' title='bbox 1842 5097 2011 5150; x_wconf 84' lang='lat' dir='ltr'><strong>neque</strong></span> 
     </span>
    </p>
   </div>
   <div class='ocr_carea' id='block_1_100' title="bbox 361 5161 2005 5236">
    <p class='ocr_par' dir='ltr' id='par_1_100' title="bbox 361 5161 2005 5236">
     <span class='ocr_line' id='line_1_100' title="bbox 361 5161 2005 5236; baseline 0.004 -21"><span class='ocrx_word' id='word_1_741' title='bbox 361 5161 568 5216; x_wconf 79' lang='lat' dir='ltr'><strong>nubent</strong></span> <span class='ocrx_word' id='word_1_742' title='bbox 629 5177 801 5233; x_wconf 85' lang='lat' dir='ltr'><strong>neque</strong></span> <span class='ocrx_word' id='word_1_743' title='bbox 857 5163 1132 5217; x_wconf 86' lang='lat' dir='ltr'><strong>nubentur</strong></span> <span class='ocrx_word' id='word_1_744' title='bbox 1189 5163 1381 5233; x_wconf 82' lang='lat' dir='ltr'><strong>(Marc.</strong></span> <span class='ocrx_word' id='word_1_745' title='bbox 1465 5168 1590 5236; x_wconf 84' lang='lat' dir='ltr'><strong>xu).</strong></span> <span class='ocrx_word' id='word_1_746' title='bbox 1677 5167 1777 5222; x_wconf 81' lang='lat' dir='ltr'><strong>Vel</strong></span> <span class='ocrx_word' id='word_1_747' title='bbox 1874 5168 2005 5224; x_wconf 89' lang='lat' dir='ltr'><strong>sic:</strong></span> 
     </span>
    </p>
   </div>
   <div class='ocr_carea' id='block_1_101' title="bbox 367 5249 2009 5319">
    <p class='ocr_par' dir='ltr' id='par_1_101' title="bbox 367 5249 2009 5319">
     <span class='ocr_line' id='line_1_101' title="bbox 367 5249 2009 5319; baseline 0.005 -15"><span class='ocrx_word' id='word_1_748' title='bbox 367 5251 542 5317; x_wconf 86' lang='lat' dir='ltr'><strong>Quam</strong></span> <span class='ocrx_word' id='word_1_749' title='bbox 597 5249 796 5305; x_wconf 84' lang='lat' dir='ltr'><strong>dilecta</strong></span> <span class='ocrx_word' id='word_1_750' title='bbox 853 5251 1218 5307; x_wconf 85' lang='lat' dir='ltr'><strong>tabernacula</strong></span> <span class='ocrx_word' id='word_1_751' title='bbox 1276 5257 1388 5318; x_wconf 89' lang='lat' dir='ltr'><strong>tua,</strong></span> <span class='ocrx_word' id='word_1_752' title='bbox 1452 5255 1677 5310; x_wconf 83' lang='lat' dir='ltr'><strong>Domi-ne</strong></span> <span class='ocrx_word' id='word_1_753' title='bbox 1707 5258 2009 5319; x_wconf 85' lang='lat' dir='ltr'><strong>virtutum;</strong></span> 
     </span>
    </p>
   </div>
   <div class='ocr_carea' id='block_1_102' title="bbox 364 5337 2010 5416">
    <p class='ocr_par' dir='ltr' id='par_1_102' title="bbox 364 5337 2010 5416">
     <span class='ocr_line' id='line_1_102' title="bbox 364 5337 2010 5416; baseline 0.004 -24"><span class='ocrx_word' id='word_1_754' title='bbox 364 5337 423 5392; x_wconf 91' lang='lat' dir='ltr'><strong>id</strong></span> <span class='ocrx_word' id='word_1_755' title='bbox 456 5342 564 5402; x_wconf 88' lang='lat' dir='ltr'><strong>est,</strong></span> <span class='ocrx_word' id='word_1_756' title='bbox 607 5339 818 5393; x_wconf 88' lang='lat' dir='ltr'><strong>domus</strong></span> <span class='ocrx_word' id='word_1_757' title='bbox 849 5344 959 5393; x_wconf 68' lang='lat' dir='ltr'><strong>tua:</strong></span> <span class='ocrx_word' id='word_1_758' title='bbox 1013 5340 1256 5406; x_wconf 68' lang='lat' dir='ltr'><strong>militiae,</strong></span> <span class='ocrx_word' id='word_1_759' title='bbox 1310 5339 1369 5395; x_wconf 92' lang='lat' dir='ltr'><strong>in</strong></span> <span class='ocrx_word' id='word_1_760' title='bbox 1429 5342 1646 5413; x_wconf 88' lang='lat' dir='ltr'><strong>quibus</strong></span> <span class='ocrx_word' id='word_1_761' title='bbox 1677 5350 1809 5400; x_wconf 89' lang='lat' dir='ltr'><strong>tuos</strong></span> <span class='ocrx_word' id='word_1_762' title='bbox 1841 5348 2010 5416; x_wconf 90' lang='lat' dir='ltr'><strong>quasi</strong></span> 
     </span>
    </p>
   </div>
   <div class='ocr_carea' id='block_1_103' title="bbox 364 5425 2011 5500">
    <p class='ocr_par' dir='ltr' id='par_1_103' title="bbox 364 5425 2011 5500">
     <span class='ocr_line' id='line_1_103' title="bbox 364 5425 2011 5500; baseline 0.005 -20"><span class='ocrx_word' id='word_1_763' title='bbox 364 5425 422 5481; x_wconf 91' lang='lat' dir='ltr'><strong>in</strong></span> <span class='ocrx_word' id='word_1_764' title='bbox 481 5425 878 5482; x_wconf 89' lang='lat' dir='ltr'><strong>tabernaculis</strong></span> <span class='ocrx_word' id='word_1_765' title='bbox 911 5427 1148 5500; x_wconf 85' lang='lat' dir='ltr'><strong>affligis,</strong></span> <span class='ocrx_word' id='word_1_766' title='bbox 1208 5429 1474 5486; x_wconf 72' lang='lat' dir='ltr'><strong>Ecclesia:</strong></span> <span class='ocrx_word' id='word_1_767' title='bbox 1515 5433 1780 5488; x_wconf 89' lang='lat' dir='ltr'><strong>videlicet</strong></span> <span class='ocrx_word' id='word_1_768' title='bbox 1837 5435 2011 5490; x_wconf 90' lang='lat' dir='ltr'><strong>istius</strong></span> 
     </span>
    </p>
   </div>
   <div class='ocr_carea' id='block_1_104' title="bbox 364 5515 2010 5593">
    <p class='ocr_par' dir='ltr' id='par_1_104' title="bbox 364 5515 2010 5593">
     <span class='ocr_line' id='line_1_104' title="bbox 364 5515 2010 5593; baseline 0.005 -21"><span class='ocrx_word' id='word_1_769' title='bbox 364 5515 669 5587; x_wconf 81' lang='lat' dir='ltr'><strong>temporis,</strong></span> <span class='ocrx_word' id='word_1_770' title='bbox 705 5532 882 5588; x_wconf 89' lang='lat' dir='ltr'><strong>quam</strong></span> <span class='ocrx_word' id='word_1_771' title='bbox 923 5515 1142 5572; x_wconf 70' lang='lat' dir='ltr'><strong>dilectae</strong></span> <span class='ocrx_word' id='word_1_772' title='bbox 1193 5523 1334 5574; x_wconf 88' lang='lat' dir='ltr'><strong>sunt</strong></span> <span class='ocrx_word' id='word_1_773' title='bbox 1359 5520 1477 5576; x_wconf 88' lang='lat' dir='ltr'><strong>tuis</strong></span> <span class='ocrx_word' id='word_1_774' title='bbox 1513 5520 1525 5577; x_wconf 76' lang='grc' dir='ltr'>Ξ</span> <span class='ocrx_word' id='word_1_775' title='bbox 1587 5523 1726 5593; x_wconf 88' lang='lat' dir='ltr'><strong>quia</strong></span> <span class='ocrx_word' id='word_1_776' title='bbox 1771 5540 1886 5579; x_wconf 90' lang='lat' dir='ltr'><strong>non</strong></span> <span class='ocrx_word' id='word_1_777' title='bbox 1919 5540 2010 5580; x_wconf 86' lang='lat' dir='ltr'><strong>so-</strong></span> 
     </span>
    </p>
   </div>
   <div class='ocr_carea' id='block_1_105' title="bbox 372 5601 2010 5683">
    <p class='ocr_par' dir='ltr' id='par_1_105' title="bbox 372 5601 2010 5683">
     <span class='ocr_line' id='line_1_105' title="bbox 372 5601 2010 5683; baseline 0.008 -26"><span class='ocrx_word' id='word_1_778' title='bbox 372 5601 494 5660; x_wconf 89' lang='lat' dir='ltr'><strong>lum</strong></span> <span class='ocrx_word' id='word_1_779' title='bbox 517 5603 890 5676; x_wconf 82' lang='lat' dir='ltr'><strong>tribulamur,</strong></span> <span class='ocrx_word' id='word_1_780' title='bbox 907 5605 1004 5663; x_wconf 88' lang='lat' dir='ltr'><strong>sed</strong></span> <span class='ocrx_word' id='word_1_781' title='bbox 1026 5610 1082 5664; x_wconf 88' lang='lat' dir='ltr'><strong>ot</strong></span> <span class='ocrx_word' id='word_1_782' title='bbox 1099 5606 1155 5663; x_wconf 90' lang='lat' dir='ltr'><strong>in</strong></span> <span class='ocrx_word' id='word_1_783' title='bbox 1173 5607 1649 5668; x_wconf 77' lang='lat' dir='ltr'><strong>tribulationibus</strong></span> <span class='ocrx_word' id='word_1_784' title='bbox 1669 5611 2010 5683; x_wconf 77' lang='lat' dir='ltr'><strong>gloriamur,</strong></span> 
     </span>
    </p>
   </div>
   <div class='ocr_carea' id='block_1_106' title="bbox 2119 4641 3764 4712">
    <p class='ocr_par' dir='ltr' id='par_1_106' title="bbox 2119 4641 3764 4712">
     <span class='ocr_line' id='line_1_106' title="bbox 2119 4641 3764 4712; baseline -0.002 -14"><span class='ocrx_word' id='word_1_785' title='bbox 2119 4648 2304 4698; x_wconf 84' lang='lat' dir='ltr'><strong>turtur</strong></span> <span class='ocrx_word' id='word_1_786' title='bbox 2358 4643 2551 4696; x_wconf 55' lang='lat' dir='ltr'><strong>nit/um</strong></span> <span class='ocrx_word' id='word_1_787' title='bbox 2625 4642 2721 4695; x_wconf 86' lang='lat' dir='ltr'><strong>ubi</strong></span> <span class='ocrx_word' id='word_1_788' title='bbox 2777 4646 3017 4710; x_wconf 86' lang='lat' dir='ltr'><strong>reponat</strong></span> <span class='ocrx_word' id='word_1_789' title='bbox 3071 4642 3252 4712; x_wconf 80' lang='lat' dir='ltr'><strong>pullos</strong></span> <span class='ocrx_word' id='word_1_790' title='bbox 3294 4657 3438 4696; x_wconf 87' lang='lat' dir='ltr'><strong>suos.</strong></span> <span class='ocrx_word' id='word_1_791' title='bbox 3500 4641 3572 4695; x_wconf 87' lang='lat' dir='ltr'><strong>Et</strong></span> <span class='ocrx_word' id='word_1_792' title='bbox 3625 4641 3764 4712; x_wconf 92' lang='lat' dir='ltr'><strong>quid</strong></span> 
     </span>
    </p>
   </div>
   <div class='ocr_carea' id='block_1_107' title="bbox 2120 4730 3766 4801">
    <p class='ocr_par' dir='ltr' id='par_1_107' title="bbox 2120 4730 3766 4801">
     <span class='ocr_line' id='line_1_107' title="bbox 2120 4730 3766 4801; baseline -0.002 -15"><span class='ocrx_word' id='word_1_793' title='bbox 2120 4732 2326 4786; x_wconf 90' lang='lat' dir='ltr'><strong>nidum</strong></span> <span class='ocrx_word' id='word_1_794' title='bbox 2357 4735 2544 4795; x_wconf 87' lang='lat' dir='ltr'><strong>vocet,</strong></span> <span class='ocrx_word' id='word_1_795' title='bbox 2577 4730 2883 4801; x_wconf 86' lang='lat' dir='ltr'><strong>subjungit</strong></span> <span class='ocrx_word' id='word_1_796' title='bbox 2911 4746 2924 4784; x_wconf 92' lang='lat'><strong>:</strong></span> <span class='ocrx_word' id='word_1_797' title='bbox 2958 4731 3170 4785; x_wconf 83' lang='lat' dir='ltr'><strong>Altaria</strong></span> <span class='ocrx_word' id='word_1_798' title='bbox 3197 4735 3312 4796; x_wconf 88' lang='lat' dir='ltr'><strong>tua,</strong></span> <span class='ocrx_word' id='word_1_799' title='bbox 3370 4732 3598 4786; x_wconf 87' lang='lat' dir='ltr'><strong>Domine</strong></span> <span class='ocrx_word' id='word_1_800' title='bbox 3657 4732 3766 4784; x_wconf 84' lang='lat' dir='ltr'><strong>vir-</strong></span> 
     </span>
    </p>
   </div>
   <div class='ocr_carea' id='block_1_108' title="bbox 2119 4818 3764 4888">
    <p class='ocr_par' dir='ltr' id='par_1_108' title="bbox 2119 4818 3764 4888">
     <span class='ocr_line' id='line_1_108' title="bbox 2119 4818 3764 4888; baseline -0.001 -14"><span class='ocrx_word' id='word_1_801' title='bbox 2119 4828 2318 4883; x_wconf 86' lang='lat' dir='ltr'><strong>tutum,</strong></span> <span class='ocrx_word' id='word_1_802' title='bbox 2375 4835 2475 4873; x_wconf 64' lang='grc' dir='ltr'><strong>γεω</strong></span> <span class='ocrx_word' id='word_1_803' title='bbox 2528 4835 2698 4887; x_wconf 84' lang='lat' dir='ltr'><strong>meus,</strong></span> <span class='ocrx_word' id='word_1_804' title='bbox 2751 4818 2807 4872; x_wconf 89' lang='lat' dir='ltr'><strong>id</strong></span> <span class='ocrx_word' id='word_1_805' title='bbox 2886 4823 2976 4874; x_wconf 86' lang='lat' dir='ltr'><strong>est</strong></span> <span class='ocrx_word' id='word_1_806' title='bbox 3046 4836 3332 4886; x_wconf 89' lang='lat' dir='ltr'><strong>recreans,</strong></span> <span class='ocrx_word' id='word_1_807' title='bbox 3395 4821 3535 4873; x_wconf 88' lang='lat' dir='ltr'><strong>Deus</strong></span> <span class='ocrx_word' id='word_1_808' title='bbox 3595 4834 3764 4888; x_wconf 77' lang='lat' dir='ltr'><strong>meus,</strong></span> 
     </span>
    </p>
   </div>
   <div class='ocr_carea' id='block_1_109' title="bbox 2118 4907 3766 4963">
    <p class='ocr_par' dir='ltr' id='par_1_109' title="bbox 2118 4907 3766 4963">
     <span class='ocr_line' id='line_1_109' title="bbox 2118 4907 3766 4963; baseline 0 -1"><span class='ocrx_word' id='word_1_809' title='bbox 2118 4925 2324 4962; x_wconf 90' lang='lat' dir='ltr'><strong>creans</strong></span> <span class='ocrx_word' id='word_1_810' title='bbox 2375 4923 2489 4961; x_wconf 89' lang='lat' dir='ltr'><strong>me.</strong></span> <span class='ocrx_word' id='word_1_811' title='bbox 2545 4908 2652 4961; x_wconf 88' lang='lat' dir='ltr'><strong>Per</strong></span> <span class='ocrx_word' id='word_1_812' title='bbox 2699 4907 2908 4961; x_wconf 89' lang='lat' dir='ltr'><strong>altaria</strong></span> <span class='ocrx_word' id='word_1_813' title='bbox 2960 4908 3104 4963; x_wconf 83' lang='lat' dir='ltr'><strong>ﬁdes</strong></span> <span class='ocrx_word' id='word_1_814' title='bbox 3144 4913 3199 4963; x_wconf 85' lang='lat' dir='ltr'><strong>et</strong></span> <span class='ocrx_word' id='word_1_815' title='bbox 3252 4907 3648 4962; x_wconf 88' lang='lat' dir='ltr'><strong>ecclesiastica</strong></span> <span class='ocrx_word' id='word_1_816' title='bbox 3679 4907 3766 4962; x_wconf 88' lang='lat' dir='ltr'><strong>in-</strong></span> 
     </span>
    </p>
   </div>
   <div class='ocr_carea' id='block_1_110' title="bbox 2119 4995 3766 5067">
    <p class='ocr_par' dir='ltr' id='par_1_110' title="bbox 2119 4995 3766 5067">
     <span class='ocr_line' id='line_1_110' title="bbox 2119 4995 3766 5067; baseline -0.002 -16"><span class='ocrx_word' id='word_1_817' title='bbox 2119 4998 2325 5052; x_wconf 90' lang='lat' dir='ltr'><strong>stituta</strong></span> <span class='ocrx_word' id='word_1_818' title='bbox 2375 4997 2750 5059; x_wconf 84' lang='lat' dir='ltr'><strong>denotantur,</strong></span> <span class='ocrx_word' id='word_1_819' title='bbox 2795 4996 3071 5067; x_wconf 88' lang='lat' dir='ltr'><strong>quoniam</strong></span> <span class='ocrx_word' id='word_1_820' title='bbox 3115 4996 3268 5050; x_wconf 90' lang='lat' dir='ltr'><strong>sicut</strong></span> <span class='ocrx_word' id='word_1_821' title='bbox 3298 4997 3356 5050; x_wconf 91' lang='lat' dir='ltr'><strong>in</strong></span> <span class='ocrx_word' id='word_1_822' title='bbox 3414 4995 3584 5050; x_wconf 89' lang='lat' dir='ltr'><strong>altari</strong></span> <span class='ocrx_word' id='word_1_823' title='bbox 3619 4997 3766 5050; x_wconf 87' lang='lat' dir='ltr'><strong>ﬁunt</strong></span> 
     </span>
    </p>
   </div>
   <div class='ocr_carea' id='block_1_111' title="bbox 2119 5084 3764 5155">
    <p class='ocr_par' dir='ltr' id='par_1_111' title="bbox 2119 5084 3764 5155">
     <span class='ocr_line' id='line_1_111' title="bbox 2119 5084 3764 5155; baseline -0.002 -15"><span class='ocrx_word' id='word_1_824' title='bbox 2119 5085 2470 5150; x_wconf 89' lang='lat' dir='ltr'><strong>oblationes,</strong></span> <span class='ocrx_word' id='word_1_825' title='bbox 2503 5084 2584 5137; x_wconf 86' lang='lat' dir='ltr'><strong>ita</strong></span> <span class='ocrx_word' id='word_1_826' title='bbox 2615 5084 2672 5137; x_wconf 91' lang='lat' dir='ltr'><strong>in</strong></span> <span class='ocrx_word' id='word_1_827' title='bbox 2732 5085 2845 5138; x_wconf 90' lang='lat' dir='ltr'><strong>ﬁde</strong></span> <span class='ocrx_word' id='word_1_828' title='bbox 2904 5085 3188 5139; x_wconf 91' lang='lat' dir='ltr'><strong>bonorum</strong></span> <span class='ocrx_word' id='word_1_829' title='bbox 3250 5100 3490 5155; x_wconf 87' lang='lat' dir='ltr'><strong>operum</strong></span> <span class='ocrx_word' id='word_1_830' title='bbox 3551 5085 3764 5139; x_wconf 84' lang='lat' dir='ltr'><strong>conﬁr-</strong></span> 
     </span>
    </p>
   </div>
   <div class='ocr_carea' id='block_1_112' title="bbox 2121 5170 3766 5244">
    <p class='ocr_par' dir='ltr' id='par_1_112' title="bbox 2121 5170 3766 5244">
     <span class='ocr_line' id='line_1_112' title="bbox 2121 5170 3766 5244; baseline 0.001 -17"><span class='ocrx_word' id='word_1_831' title='bbox 2121 5173 2425 5235; x_wconf 87' lang='lat' dir='ltr'><strong>mationes,</strong></span> <span class='ocrx_word' id='word_1_832' title='bbox 2472 5170 2610 5241; x_wconf 89' lang='lat' dir='ltr'><strong>quia</strong></span> <span class='ocrx_word' id='word_1_833' title='bbox 2640 5171 3004 5242; x_wconf 90' lang='lat' dir='ltr'><strong>impossibile</strong></span> <span class='ocrx_word' id='word_1_834' title='bbox 3061 5177 3150 5227; x_wconf 87' lang='lat' dir='ltr'><strong>est</strong></span> <span class='ocrx_word' id='word_1_835' title='bbox 3207 5173 3333 5227; x_wconf 84' lang='lat' dir='ltr'><strong>sine</strong></span> <span class='ocrx_word' id='word_1_836' title='bbox 3392 5171 3506 5227; x_wconf 87' lang='lat' dir='ltr'><strong>ﬁde</strong></span> <span class='ocrx_word' id='word_1_837' title='bbox 3563 5187 3766 5244; x_wconf 85' lang='lat' dir='ltr'><strong>quem-</strong></span> 
     </span>
    </p>
   </div>
   <div class='ocr_carea' id='block_1_113' title="bbox 2120 5258 2562 5332">
    <p class='ocr_par' dir='ltr' id='par_1_113' title="bbox 2120 5258 2562 5332">
     <span class='ocr_line' id='line_1_113' title="bbox 2120 5258 2562 5332; baseline -0.002 -17"><span class='ocrx_word' id='word_1_838' title='bbox 2120 5277 2297 5332; x_wconf 89' lang='lat' dir='ltr'><strong>quam</strong></span> <span class='ocrx_word' id='word_1_839' title='bbox 2331 5258 2562 5314; x_wconf 90' lang='lat' dir='ltr'><strong>salvari.</strong></span> 
     </span>
    </p>
   </div>
   <div class='ocr_carea' id='block_1_114' title="bbox 2190 5347 3769 5419">
    <p class='ocr_par' dir='ltr' id='par_1_114' title="bbox 2190 5347 3769 5419">
     <span class='ocr_line' id='line_1_114' title="bbox 2190 5347 3769 5419; baseline -0.001 -15"><span class='ocrx_word' id='word_1_840' title='bbox 2190 5350 2352 5404; x_wconf 86' lang='lat' dir='ltr'><strong>Beati</strong></span> <span class='ocrx_word' id='word_1_841' title='bbox 2369 5349 2462 5419; x_wconf 87' lang='lat' dir='ltr'><strong>qui</strong></span> <span class='ocrx_word' id='word_1_842' title='bbox 2483 5347 2735 5402; x_wconf 85' lang='lat' dir='ltr'><strong>habitant</strong></span> <span class='ocrx_word' id='word_1_843' title='bbox 2758 5351 2816 5403; x_wconf 91' lang='lat' dir='ltr'><strong>in</strong></span> <span class='ocrx_word' id='word_1_844' title='bbox 2837 5351 2999 5405; x_wconf 83' lang='lat' dir='ltr'><strong>domo</strong></span> <span class='ocrx_word' id='word_1_845' title='bbox 3024 5354 3138 5418; x_wconf 88' lang='lat' dir='ltr'><strong>tua,</strong></span> <span class='ocrx_word' id='word_1_846' title='bbox 3163 5352 3224 5405; x_wconf 89' lang='lat' dir='ltr'><strong>in</strong></span> <span class='ocrx_word' id='word_1_847' title='bbox 3274 5349 3474 5405; x_wconf 75' lang='lat' dir='ltr'><strong>saecula</strong></span> <span class='ocrx_word' id='word_1_848' title='bbox 3531 5348 3769 5405; x_wconf 72' lang='lat' dir='ltr'><strong>saeculo-</strong></span> 
     </span>
    </p>
   </div>
   <div class='ocr_carea' id='block_1_115' title="bbox 2120 5436 3767 5510">
    <p class='ocr_par' dir='ltr' id='par_1_115' title="bbox 2120 5436 3767 5510">
     <span class='ocr_line' id='line_1_115' title="bbox 2120 5436 3767 5510; baseline 0 -18"><span class='ocrx_word' id='word_1_849' title='bbox 2120 5455 2246 5492; x_wconf 80' lang='lat' dir='ltr'><strong>rum</strong></span> <span class='ocrx_word' id='word_1_850' title='bbox 2277 5436 2589 5491; x_wconf 78' lang='lat' dir='ltr'><strong>laudabunt</strong></span> <span class='ocrx_word' id='word_1_851' title='bbox 2622 5445 2688 5492; x_wconf 84' lang='lat' dir='ltr'><strong>te.</strong></span> <span class='ocrx_word' id='word_1_852' title='bbox 2724 5437 2869 5492; x_wconf 87' lang='lat' dir='ltr'><strong>Nota</strong></span> <span class='ocrx_word' id='word_1_853' title='bbox 2898 5439 3052 5510; x_wconf 92' lang='lat' dir='ltr'><strong>quod</strong></span> <span class='ocrx_word' id='word_1_854' title='bbox 3087 5438 3278 5494; x_wconf 87' lang='lat' dir='ltr'><strong>omnis</strong></span> <span class='ocrx_word' id='word_1_855' title='bbox 3310 5437 3633 5505; x_wconf 88' lang='lat' dir='ltr'><strong>beatus,vel</strong></span> <span class='ocrx_word' id='word_1_856' title='bbox 3664 5437 3767 5492; x_wconf 79' lang='lat' dir='ltr'><strong>ha-</strong></span> 
     </span>
    </p>
   </div>
   <div class='ocr_carea' id='block_1_116' title="bbox 2121 5524 3764 5598">
    <p class='ocr_par' dir='ltr' id='par_1_116' title="bbox 2121 5524 3764 5598">
     <span class='ocr_line' id='line_1_116' title="bbox 2121 5524 3764 5598; baseline -0.002 -17"><span class='ocrx_word' id='word_1_857' title='bbox 2121 5526 2308 5581; x_wconf 91' lang='lat' dir='ltr'><strong>bendo</strong></span> <span class='ocrx_word' id='word_1_858' title='bbox 2330 5524 2419 5581; x_wconf 88' lang='lat' dir='ltr'><strong>vel</strong></span> <span class='ocrx_word' id='word_1_859' title='bbox 2441 5527 2664 5598; x_wconf 90' lang='lat' dir='ltr'><strong>agendo</strong></span> <span class='ocrx_word' id='word_1_860' title='bbox 2688 5527 2892 5582; x_wconf 89' lang='lat' dir='ltr'><strong>beatus</strong></span> <span class='ocrx_word' id='word_1_861' title='bbox 2914 5532 3022 5582; x_wconf 89' lang='lat' dir='ltr'><strong>est.</strong></span> <span class='ocrx_word' id='word_1_862' title='bbox 3059 5526 3160 5583; x_wconf 91' lang='lat' dir='ltr'><strong>llle</strong></span> <span class='ocrx_word' id='word_1_863' title='bbox 3190 5532 3390 5583; x_wconf 88' lang='lat' dir='ltr'><strong>autem</strong></span> <span class='ocrx_word' id='word_1_864' title='bbox 3423 5526 3524 5598; x_wconf 90' lang='lat' dir='ltr'><strong>qui</strong></span> <span class='ocrx_word' id='word_1_865' title='bbox 3544 5524 3764 5581; x_wconf 81' lang='lat' dir='ltr'><strong>habitat</strong></span> 
     </span>
    </p>
   </div>
   <div class='ocr_carea' id='block_1_117' title="bbox 2120 5613 3761 5691">
    <p class='ocr_par' dir='ltr' id='par_1_117' title="bbox 2120 5613 3761 5691">
     <span class='ocr_line' id='line_1_117' title="bbox 2120 5613 3761 5691; baseline 0.002 -17"><span class='ocrx_word' id='word_1_866' title='bbox 2120 5614 2182 5674; x_wconf 87' lang='lat' dir='ltr'><strong>in</strong></span> <span class='ocrx_word' id='word_1_867' title='bbox 2203 5616 2377 5675; x_wconf 84' lang='lat' dir='ltr'><strong>domo</strong></span> <span class='ocrx_word' id='word_1_868' title='bbox 2400 5615 2632 5673; x_wconf 87' lang='lat' dir='ltr'><strong>Domini</strong></span> <span class='ocrx_word' id='word_1_869' title='bbox 2661 5615 2868 5675; x_wconf 82' lang='lat' dir='ltr'><strong>beatus</strong></span> <span class='ocrx_word' id='word_1_870' title='bbox 2891 5621 2978 5675; x_wconf 88' lang='lat' dir='ltr'><strong>est</strong></span> <span class='ocrx_word' id='word_1_871' title='bbox 2997 5621 3054 5687; x_wconf 85' lang='lat' dir='ltr'><strong>et</strong></span> <span class='ocrx_word' id='word_1_872' title='bbox 3074 5616 3342 5676; x_wconf 86' lang='lat' dir='ltr'><strong>habendo</strong></span> <span class='ocrx_word' id='word_1_873' title='bbox 3382 5619 3440 5675; x_wconf 86' lang='lat' dir='ltr'><strong>et</strong></span> <span class='ocrx_word' id='word_1_874' title='bbox 3497 5613 3714 5691; x_wconf 75' lang='lat' dir='ltr'><strong>agendo</strong></span> <span class='ocrx_word' id='word_1_875' title='bbox 3741 5628 3761 5677; x_wconf 82' lang='lat'><strong>:</strong></span> 
     </span>
    </p>
   </div>
  </div>
