4024 6192
314 341 320 348 '
356 325 474 390 587

824 459 1152 516 PSALMUS
1193 461 1484 517 LXXXIV.

683 549 742 587 ΙΝ
781 549 954 588 FINEM
993 549 1159 588 I-‘ILIIS
1199 551 1344 589 CORE
1382 550 1662 588 PSALMUS.

435 661 463 689 ‹‹
497 639 868 706 Benedixisti,
928 639 1190 707 Domine,
1250 644 1464 696 terram
1521 645 1705 708 tuam,
1753 637 2009 693 avertisti

360 752 391 781 «
423 727 815 802 captivitatem
845 727 1046 784 Jacob.
1092 729 1387 784 Remisisti
1421 729 1791 800 iniquitatem
1823 727 2008 800 plebis

362 841 392 870 «
425 823 558 886 tuae,
619 817 902 890 operuisti
958 818 1156 873 omnia
1188 825 1422 890 peccata
1453 836 1676 874 eorum.
1734 816 2008 888 Mitigasti

363 932 392 959 ‹‹
424 923 658 964 omnem
683 907 832 963 iram
860 910 1046 974 tuam,
1073 908 1331 962 avertisti
1365 909 1437 962 ab
1469 909 1554 962 ira
1585 906 2008 978 indignationis

362 1019 392 1048 «
423 1001 558 1052 tute.
592 995 867 1051 Converte
888 1012 1016 1062 nos,
1039 1001 1186 1051 Deus
1217 997 1488 1051 salutaris
1513 1002 1788 1067 noster,et
1819 1000 2009 1050 averte

364 1108 394 1136 ‹‹
423 1085 746 1141 iramtuam
779 1101 813 1140 a
844 1085 1415 1156 nobis.Numquidin
1434 1091 1714 1141 aeternum
1739 1084 2008 1139 irasceris

363 1197 392 1224 «
426 1174 634 1230 nobis?
663 1177 764 1230 aut
791 1175 1108 1230 extendens
1133 1175 1279 1230 iram
1313 1181 1473 1230 tuam
1503 1193 1535 1230 a
1557 1175 1926 1247 generatione
1951 1173 2008 1227 in

361 1287 390 1315 «
423 1263 889 1338 generationem?
918 1263 1162 1331 Deus,tu
1195 1282 1508 1320 conversus
1539 1263 1856 1319 viviﬁcabis
1882 1280 2007 1328 nos,

364 1377 392 1404 ‹‹
423 1357 482 1410 et
511 1351 677 1426 plebs
706 1357 809 1408 tua
836 1351 1130 1408 laetabitur
1167 1353 1225 1408 in
1257 1359 1336 1409 te.
1373 1355 1626 1409 Ostende
1669 1353 1859 1420 nobis,
1893 1353 2008 1408 Do-

365 1465 394 1494 ‹‹
425 1442 604 1508 mine,
637 1441 1099 1497 misericordiam
1130 1445 1314 1509 tuam,
1347 1447 1402 1497 et
1450 1443 1705 1497 salutare
1735 1445 1903 1495 tuum
1938 1442 2022 1495 da'

326 1531 606 1588 '«nobis.
666 1529 909 1586 Audiam
973 1530 1113 1602 quid
1157 1529 1431 1603 loquatur
1485 1531 1540 1584 in
1602 1548 1694 1585 me
1727 1529 2011 1585 Dominus

362 1644 392 1672 «
428 1625 600 1685 Deus,
637 1620 914 1689 quoniam
947 1619 1220 1691 loquetur
1252 1638 1449 1692 pacem
1480 1620 1538 1674 in
1562 1620 1788 1692 plebem
1819 1637 2010 1687 suam,

365 1733 394 1762 ‹‹
417 1713 476 1766 et
502 1725 680 1782 super
710 1714 944 1764 sanctos
977 1725 1114 1764 suos
1147 1714 1200 1764 et
1232 1709 1288 1764 in
1319 1727 1417 1765 eos
1467 1710 1564 1781 qui
1597 1712 2014 1764 convertuntur

363 1821 392 1850 «
425 1800 496 1856 ad
528 1799 1071 1856 cor.Verumtamen
1104 1817 1281 1870 prope
1307 1800 1579 1854 timentes
1601 1816 1732 1853 eum
1757 1797 2014 1853 salutare

367 1912 396 1939 «
428 1888 636 1962 ipsius,
661 1891 728 1943 ut
756 1887 1044 1944 inhabitet
1097 1887 1278 1960 gloria
1310 1889 1367 1942 in
1401 1892 1555 1943 terra
1585 1893 1806 1942 nostra.
1842 1887 2013 1942 Mise-

367 2000 396 2030 ‹‹
427 1977 679 2033 ricordia
692 1981 751 2032 et
776 1977 989 2032 veritas
1011 1976 1387 2032 obviaverunt
1415 1977 1548 2044 sibi,
1565 1975 1798 2048 justitia
1827 1980 1883 2030 et
1907 1992 2016 2046 pax

376 2087 406 2118 ‹‹
433 2065 706 2123 οεοιιὶειῒω
737 2069 894 2122 sunt.
918 2065 1147 2120 Veritas
1178 2067 1248 2120 de
1279 2071 1432 2120 terra
1453 2072 1578 2120 orta
1608 2070 1694 2119 est
1716 2063 2017 2134 etjustitia

372 2176 396 2208 ι
427 2155 498 2212 de
527 2154 670 2212 caelo
726 2153 1056 2227 prospexit:
1109 2155 1322 2209 etenim
1372 2155 1656 2210 Dominus
1713 2153 1876 2208 dabit
1917 2153 2015 2206 be.

371 2267 401 2297 «
430 2244 796 2319 nignitatem,
828 2247 886 2300 et
916 2248 1069 2300 terra
1100 2248 1300 2300 nostra
1338 2244 1500 2300 dabit
1530 2244 1784 2298 fructum
1820 2259 2014 2297 suum.

367 2333 670 2390 «Justitia
725 2336 857 2390 ante
917 2349 1051 2390 eum
1111 2334 1459 2399 ambulabit,
1521 2338 1577 2388 et
1636 2337 1810 2405 ponet
1841 2332 1896 2386 in
1929 2332 2020 2385 via

373 2444 401 2475 ‹‹
433 2439 674 2497 gressus
703 2439 862 2479 suos.
897 2446 926 2472 »

990 2513 1132 2567 ENA
1143 2513 1399 2568 RRATIO.

439 2602 506 2656 In
537 2600 646 2655 hoc
703 2601 929 2672 psalmo
978 2601 1240 2672 loquitur
1286 2602 1527 2672 quidam
1589 2618 1656 2656 ex
1715 2600 1851 2655 ﬁliis
1882 2599 2021 2654 Core

373 2687 506 2744 aliis
535 2687 674 2744 ﬁliis
713 2691 879 2756 Core,
935 2689 1338 2761 prophetando
1397 2689 1482 2744 eis
1539 2691 1853 2743 adventum
1905 2687 2024 2742 Sal-

369 2776 590 2834 vatoris
620 2777 806 2833 nostri
833 2777 971 2833 Jesu
1026 2777 1272 2845 Christi,
1333 2782 1390 2832 et
1433 2777 1772 2832 exhortatur
1828 2793 1926 2832 eos
1958 2781 2024 2832 ut

373 2884 489 2924 non
516 2871 749 2922 tantum
779 2867 852 2922 de
908 2867 1164 2922 adventu
1213 2866 1341 2936 ejus
1389 2864 1888 2936 congratulantur,
1923 2865 2022 2920 sed

377 2955 554 3012 etiam
577 2954 912 3028 passionem
941 2955 1070 3024 ejus
1102 2953 1426 3009 imitentur.
1481 2954 1629 3008 Dicit
1660 2958 1850 3008 autem
1903 2954 2021 3008 sic:

449 3043 808 3111 Benedixisti,
863 3045 1108 3110 Domine,
1166 3052 1372 3098 terram
1426 3045 1598 3111 tuam,
1649 3044 1901 3098 avertisti
1927 3059 2024 3097 ca-

375 3134 686 3204 ptivitatem
714 3133 892 3190 Jaeob.
933 3131 1110 3196 Quasi
1168 3131 1522 3204 praeteritum
1557 3133 1696 3186 dicit
1735 3131 2027 3203 Propheta

920 324 1224 389 REMIGII
1269 320 2022 388 ANTISSIODORENSIS
2068 325 2241 386 OPP.
2291 323 2491 386 PARS
2537 321 2694 383 1.-
2724 319 3184 382 EXEGETICA.

3635 307 3763 376 588

2032 464 2084 528 Α
2115 465 2263 514 stem
2295 475 2468 514 suum
2502 475 2614 513 non
2659 455 2956 528 intelligit,
2988 453 3280 527 quomodo
3339 451 3573 506 invocat
3617 447 3764 504 libe-

2119 553 2421 605 ratorem?
2470 549 2732 618 aperuisti
2801 547 2986 600 omnia
3051 552 3283 616 peccata
3347 556 3574 597 eorum:
3637 555 3767 610 ope-

2119 641 2301 706 ruisti,
2337 639 2486 709 dico,
2550 643 2612 691 ut
2643 654 2756 692 non
2809 637 3050 703 videres,
3105 635 3162 688 id
3213 637 3321 700 est,
3355 629 3453 685 illa
3508 629 3568 684 in
3605 627 3772 700 plebe

2118 734 2220 783 tua
2269 745 2385 782 non
2416 727 2759 782 vindicares.
2813 727 2881 779 Et
2910 741 3039 778 ecce
3071 721 3324 795 qualiter
3353 721 3622 792 aperuisti
3645 735 3772 790 pee-

2118 827 2242 872 cata
2289 835 2501 882 eorum,
2551 816 2690 888 quia
2764 815 3036 885 mitigasti
3105 828 3326 868 omnem
3400 811 3546 864 iram
3599 817 3772 873 tuam,

2118 913 2236 962 tam
2269 908 2326 961 in
2359 905 2628 978 originali
2681 909 2914 975 peccato
2964 919 3140 974 quam
3202 901 3261 955 in
3323 897 3560 954 actuali.
3623 897 3778 952 Nota

2119 997 2266 1050 iram
2316 995 2545 1050 Domini
2599 995 2954 1066 mitigatam,
3026 1009 3138 1046 non
3197 989 3432 1060 penitus
3489 987 3772 1054 ablatam,

2121 1086 2259 1156 quia
2305 1085 2412 1140 etsi
2452 1085 2778 1139 condonata
2819 1088 2958 1136 sunt
3014 1084 3271 1152 peccata,
3323 1083 3520 1134 tamen
3580 1077 3776 1132 adhuc

2117 1173 2174 1228 in
2231 1173 2398 1228 nobis
2452 1177 2650 1227 manet
2707 1178 3076 1244 peccatorum
3111 1184 3314 1242 pcena:
3379 1167 3491 1222 etsi
3523 1166 3777 1221 cessavit

2118 1263 2206 1318 ira
2252 1267 2539 1334 quantum
2571 1261 2642 1316 ad
2699 1259 3160 1325 damnationem,
3207 1274 3322 1312 non
3375 1255 3552 1312 desiit
3582 1255 3774 1310 adhuc

2121 1353 2192 1408 ad
2245 1352 2664 1424 probationem.
2747 1351 3000 1406 Avertisti
3079 1348 3146 1402 ab
3206 1350 3294 1401 ira
3369 1345 3778 1416 indignationis

2121 1451 2246 1496 tuae.
2283 1442 2459 1506 Quasi
2508 1441 2699 1496 dicat:
2751 1439 2915 1494 Nunc
2966 1437 3229 1506 mitigasti
3281 1437 3446 1502 iram,
3479 1439 3538 1491 et
3593 1451 3778 1506 quan-

2125 1533 2316 1602 doque
2347 1535 2568 1586 avertes
2629 1535 2683 1584 te
2733 1531 2798 1583 ab
2851 1529 2938 1583 ira
2991 1527 3400 1597 indignationis
3455 1533 3584 1590 tuae,
3648 1541 3778 1579 eam

2121 1621 2356 1692 penitus
2390 1619 2704 1674 auferendo
2737 1623 2792 1672 et
2842 1622 2976 1672 tuos
3008 1614 3194 1688 gloria
3251 1611 3779 1685 incorruptibilita-

2122 1710 2199 1764 tis
2227 1710 2578 1764 coronando.
2621 1709 2880 1763 Converte
2927 1723 3046 1775 nos,
3079 1710 3229 1760 Deus
3273 1704 3540 1758 salutaris
3571 1711 3779 1768 noster,

2123 1807 2172 1854 et
2203 1807 2381 1854 averte
2440 1801 2584 1852 iram
2615 1801 2764 1852 tuam
2826 1813 2860 1850 a
2890 1796 3070 1850 nobis.
3129 1791 3416 1858 Quoniam
3478 1791 3551 1847 de
3583 1793 3780 1847 futuro

2127 1888 2237 1942 ista
2286 1888 2579 1952 dicuntur,
2629 1886 2902 1956 quamvis
2958 1885 3136 1939 verba
3196 1880 3491 1954 praeterita
3538 1886 3776 1950 sonant,

2126 1976 2392 2048 sequitur
2419 1981 2476 2031 et
2533 1975 2710 2029 dicit:
2764 1974 3020 2029 Converte
3070 1988 3189 2042 nos,
3241 1973 3404 2034 Deus,
3462 1986 3703 2026 aversos
3749 1987 3784 2024 a

2127 2069 2218 2132 te;
2279 2070 2341 2120 tu
2393 2065 2546 2130 dico,
2575 2065 2850 2118 salutaris
2901 2071 3104 2128 noster,
3137 2065 3188 2117 et
3213 2068 3393 2116 averte
3451 2061 3602 2114 iram
3627 2069 3783 2115 tuam

2127 2154 2361 2210 anobis.
2413 2154 2556 2209 Ecce
2612 2157 2842 2208 constat
2872 2153 3133 2208 nondum
3192 2152 3414 2206 factum
3444 2167 3575 2206 esse
3625 2150 3780 2222 quod

2129 2243 2358 2299 diccbat
2398 2259 2524 2298 esse
2559 2243 2812 2298 factum:
2875 2241 3013 2312 quia
3043 2245 3169 2296 orat
3197 2244 3261 2294 ut
3308 2240 3429 2296 ﬁat.
3463 2239 3616 2294 Nam
3649 2255 3782 2294 cum

2129 2334 2293 2405 prius
2321 2333 2486 2396 dixit,
2512 2334 2776 2407 avertisti'
2802 2332 3197 2402 captivitatem,
3253 2331 3535 2401 aperuisti
3559 2332 3782 2400 peccata

2131 2427 2195 2476 ut
2225 2422 2295 2476 de
2335 2421 2532 2476 futuro
2583 2421 2774 2476 dicere
2823 2437 2885 2474 se
2933 2419 3285 2488 ostenderet,
3339 2417 3413 2472 ad
3461 2417 3783 2473 orationem

2133 2524 2192 2562 se
2251 2507 2552 2573 convertit,
2614 2507 2734 2562 sic:
2772 2508 3038 2562 Converte
3111 2521 3228 2572 nos,
3299 2506 3442 2560 Deus
3518 2504 3784 2560 salutaris

2129 2600 2330 2664 noster,
2391 2601 2443 2650 et
2488 2602 2672 2652 averte
2729 2597 2874 2652 iram
2929 2598 3082 2650 tuam
3111 2613 3145 2649 a
3199 2594 3378 2650 nobis.
3435 2595 3518 2648 Ex
3564 2594 3656 2649 ira
3685 2593 3788 2649 Dei

2133 2685 2408 2741 mortales
2439 2702 2684 2741 sumus:
2749 2684 2834 2740 ira
2869 2685 2965 2740 Dei
2996 2683 3056 2738 in
3097 2684 3274 2740 istam
3306 2688 3526 2738 terram
3555 2683 3616 2738 in
3651 2699 3788 2754 ege-

2133 2779 2281 2829 state
2313 2777 2369 2829 et
2421 2773 2619 2829 labore
2663 2773 2862 2828 vultus
2921 2773 3104 2828 nostri
3161 2772 3654 2828 manducavimus
3685 2789 3787 2844 pa-

2133 2879 2288 2916 nem.
2343 2862 2459 2918 Hoc
2517 2862 2676 2918 enim
2731 2861 2951 2918 audivit
3007 2861 3215 2927 Adam,
3275 2861 3512 2934 quando
3573 2860 3634 2916 in
3687 2859 3786 2915 illo

2134 2968 2340 3007 omnes
2383 2968 2638 3020 eramus,
2698 2953 2838 3024 quia
2892 2953 2952 3006 in
3001 2950 3170 3006 Adam
3229 2967 3414 3006 omnes
3465 2953 3792 3006 moriuntur

2135 3041 2181 3112 (Ι
2210 3042 2330 3096 Cor.
2365 3041 2491 3113 xv):
2555 3041 2710 3112 quod
2740 3040 2838 3097 ille
2892 3040 3114 3096 audivit
3152 3055 3329 3110 usque
3382 3038 3455 3092 ad
3507 3055 3618 3094 nos
3647 3055 3789 3110 per-

2135 3131 2312 3186 venit.
2361 3128 2634 3186 Nondum
2691 3130 2850 3186 enim
2905 3147 3009 3186 nos
3057 3145 3303 3194 eramus,
3336 3126 3436 3183 sed
3488 3126 3547 3180 in
3578 3127 3777 3182 Adam

381 3222 626 3296 quodin
683 3221 896 3294 spiritu
945 3221 1222 3294 przevidet
1278 3221 1562 3276 futurum.
1596 3221 1772 3287 Quasi
1825 3221 2018 3277 dicat:
2052 3205 2094 3271 C
2133 3237 2388 3287 eramus,
2421 3225 2476 3276 et
2503 3219 2632 3275 ideo
2686 3217 2972 3292 quidquid
3033 3219 3093 3273 in
3124 3235 3190 3274 eo
3245 3217 3432 3272 divina
3477 3213 3774 3270 sententia

369 3311 618 3380 Domine,
685 3311 923 3369 Verbum
962 3319 1118 3366 tuum
1172 3310 1516 3377 benedixisti,
1575 3311 1632 3364 id
1682 3314 1788 3376 cst,
1849 3309 2019 3365 bene-

373 3400 575 3458 dicens
602 3405 822 3456 terram
845 3405 1008 3456 tuam
1037 3417 1049 3456 :
1083 3399 1406 3456 humanam
1432 3399 1698 3454 videlicet
1726 3403 2018 3470 naturam,

372 3489 758 3562 personaliter
787 3505 913 3545 eam
947 3489 1051 3545 tibi
1103 3489 1376 3544 uniendo.
1437 3489 1583 3544 Nota
1613 3489 1762 3544 hanc
1811 3497 2020 3544 terram

369 3595 500 3636 esse
531 3578 922 3644 benedictam,
956 3578 1016 3634 in
1075 3578 1351 3634 omnibus
1401 3577 1672 3633 videlicet
1702 3577 2019 3632 virtutibus

371 3667 844 3741 multiplicatam,
878 3668 1016 3736 quia
1041 3669 1100 3722 in
1132 3684 1200 3723 ea
1237 3667 1466 3722 habitat
1493 3668 1691 3722 omnis
1721 3666 2019 3738 plenitudo

371 3757 694 3815 divinitatis
746 3757 1124 3830 corporaliter
1169 3761 1227 3811 et
1273 3756 1477 3811 solide.
1539 3757 1796 3811 Avertisti
1828 3756 2020 3828 .capti-

371 3848 600 3904 vitatem
652 3847 834 3904 Jacob.
895 3845 1208 3918 Captivitas
1272 3845 1388 3900 ista
1443 3861 1558 3900 non
1620 3847 1710 3899 est
1754 3843 1814 3897 in
1868 3847 2021 3898 exte-

373 3934 534 4004 riori,
585 3935 686 3990 sed
742 3935 801 3990 in
862 3934 1144 3991 interiori.
1207 3935 1329 3990 Non
1389 3933 1543 3988 enim
1603 3950 1708 3987 nos
1758 3931 2022 3988 liberavit

376 4010 702 4078 abarbaris
757 4023 1116 4091 nationibus,
1150 4041 1296 4096 quas
1337 4023 1596 4078 nondum
1643 4020 2019 4086 incurrimus,

377 4109 482 4166 sed
517 4125 552 4164 a
581 4111 830 4166 mortuis
877 4112 1172 4182 operibus.
1223 4117 1299 4167 De
1347 4112 1455 4167 hac
1503 4111 1836 4182 captivitate
1884 4109 2023 4164 dicit

377 4197 597 4254 Paulus
643 4216 655 4254 :
749 4199 904 4255 Video
961 4199 1141 4280 etiam
1214 4201 1387 4269 legem
1434 4203 1492 4253 in
1553 4200 1809 4255 membris
1864 4201 2019 4268 meis,

375 4291 776 4362 repugnantem
830 4289 1182 4358 tegimentis
1233 4304 1391 4359 meae,
1463 4293 1518 4344 ct
1577 4289 1870 4360 captivum
1930 4304 2024 4342 me

375 4379 686 4436 ducentem
734 4379 796 4435 in
853 4378 1040 4452 legem
1073 4377 1298 4452 peccati
1349 4382 1406 4433 et
1457 4379 1662 4433 mortis
1697 4379 1867 4448 (Rom.
1901 4381 2019 4444 vn).

375 4468 519 4536 Quis
552 4467 728 4525 etiam
783 4467 1062 4524 liberator
1116 4469 1194 4523 sit
1247 4467 1418 4522 istius
1468 4467 1838 4539 captivitatis,
1899 4467 2024 4538 ipse

2131 3309 2422 3366 sancitum
2467 3313 2575 3374 est,
2635 3308 2743 3364 hoc
2825 3325 3012 3379 usque
3070 3308 3140 3363 ad
3216 3324 3321 3362 nos
3378 3304 3658 3378 pervenit,
3716 3307 3790 3357 ut

2132 3415 2512 3454 moreremur.
2557 3399 2636 3453 Ea
2666 3401 2860 3452 autem
2895 3401 3130 3470 peccata
3158 3400 3468 3468 parentum
3509 3411 3630 3450 non
3662 3409 3799 3466 per-

2131 3488 2321 3542 tinent
2372 3488 2444 3542 ad
2497 3486 2670 3556 filios,
2741 3503 2866 3558 quae
2901 3487 3120 3541 faciunt
3171 3490 3446 3558 parentes
3467 3483 3598 3556 jam
3640 3481 3799 3538 natis

2131 3576 2287 3631 filiis.
2345 3578 2472 3632 Jam
2531 3576 2688 3631 enim
2747 3573 2848 3629 filii
2908 3575 3026 3630 nati
3076 3575 3147 3630 ad
3234 3591 3296 3630 se
3354 3573 3675 3646 pertinent,
3734 3575 3789 3626 et

2133 3669 2401 3736 parentes
2459 3666 2528 3721 ad
2591 3682 2670 3721 se.
2738 3665 2938 3736 Itaque
2992 3663 3074 3718 illi
3122 3665 3224 3736 qui
3257 3663 3376 3719 nati
3428 3667 3592 3731 sunt,
3628 3661 3680 3717 si
3712 3665 3794 3715 te-

2133 3755 2366 3808 nuerint
2424 3755 2548 3808 vias
2605 3759 2913 3825 parentum
2973 3770 3215 3810 suorum
3265 3751 3474 3821 malas,
3539 3765 3784 3807 necesse

2131 3847 2220 3898 est
2249 3849 2315 3896 ut
2367 3848 2597 3914 portent
2626 3849 2682 3898 et
2729 3841 2939 3898 merita
2994 3841 3253 3897 illorum.
3307 3843 3367 3897 Si
3417 3845 3623 3897 autem
3657 3855 3789 3893 mu-

2131 3933 2380 3987 taverint
2437 3949 2519 3996 se,
2570 3935 2626 3986 et
2674 3949 2786 3987 non
2821 3930 3040 3986 fuerint
3097 3930 3310 3987 imitati
3343 3935 3622 4003 parentes
3675 3945 3796 3984 ma-

2131 4021 2239 4090 los,
2269 4021 2556 4093 incipiunt
2585 4021 2800 4076 habere
2854 4020 3128 4076 meritum
3172 4037 3369 4087 suum,
3432 4037 3552 4075 non
3612 4023 3796 4077 meri-

2131 4115 2255 4165 tum
2289 4115 2822 4183 parentum.Usque
2837 4111 2978 4166 adeo
3011 4127 3126 4166 non
3150 4110 3315 4166 obest
3336 4109 3442 4165 tibi
3474 4117 3788 4182 peccatum

2133 4200 2336 4272 patris,
2371 4200 2419 4255 si
2450 4205 2506 4254 te
2537 4199 2975 4255 immutaveris:
3002 4204 3066 4254 ut
3096 4215 3201 4254 nec
3233 4199 3381 4272 patri
3412 4204 3514 4254 tuo
3547 4200 3790 4268 obsit,si

2134 4307 2196 4344 se
2222 4289 2928 4360 immutaveritﬂumquid
2955 4291 3018 4344 in
3045 4292 3314 4344 aeternum
3326 4291 3588 4344 irasceris
3603 4291 3784 4360 nobis,

2132 4387 2228 4433 aut
2253 4378 2507 4433 extendes
2525 4380 2669 4432 iram
2682 4386 2876 4433 tua-ma
2895 4381 3244 4448 generatione
3257 4380 3316 4432 in
3347 4381 3790 4447 generationem?

2133 4467 2307 4530 Quasi
2341 4467 2496 4522 dicat
2521 4485 2532 4522 :
2565 4467 2702 4522 Dico
2725 4471 2789 4521 ut
2817 4472 3121 4523 convertas
3148 4483 3246 4522 nos
3275 4467 3549 4523 adversos
3583 4485 3620 4524 a
3646 4472 3785 4538 te,et

374 4557 594 4616 Paulus
624 4559 734 4614 sub
765 4558 874 4614 hac
906 4558 1240 4631 captivitate
1281 4557 1541 4612 clamans
1583 4557 1836 4612 ostendit
1863 4574 1873 4611 :
1926 4561 2022 4612 In-
2053 4577 2100 4642 Β
2133 4560 2360 4611 avertas
2375 4559 2520 4612 iram
2545 4557 3364 4620 tuamanobis,eonformando
3387 4573 3494 4612 nos
3517 4555 3606 4612 illi
3628 4575 3785 4629 quem

373 4648 515 4718 felix
541 4663 638 4718 ego
695 4647 875 4713 homo,
935 4649 1056 4720 quis
1084 4664 1170 4704 me
1218 4647 1476 4702 liberabit
1513 4646 1580 4700 de
1625 4663 1848 4717 corpore
1876 4661 2021 4706 mor-

375 4736 448 4790 tis
474 4736 685 4808 hujus?
741 4736 930 4792 Gratia
987 4738 1088 4792 Dei
1124 4753 1223 4807 per
1274 4738 1454 4797 Iesum
1513 4737 1794 4789 Christ-um
1845 4736 2024 4789 Domi-

373 4839 511 4879 num
537 4827 785 4880 nostrum
815 4825 1018 4897 (Ibid).
1081 4824 1182 4880 Vel
1215 4825 1318 4890 sic,
1381 4823 1736 4888 Benedixisti,
1772 4825 2020 4889 Domine,

374 4921 580 4972 terram
607 4917 784 4982 tuam,
819 4914 874 4970 id
906 4919 996 4970 est
1024 4914 1344 4970 humanam
1379 4918 1648 4968 naturam
1683 4929 1716 4967 a
1767 4917 1820 4968 te
1863 4929 2019 4968 crea-

371 5007 676 5078 tam,quaa
735 5003 1044 5060 maledicta
1097 5004 1208 5058 fuit
1267 5004 1322 5057 in
1382 5003 1570 5074 primo
1628 5006 1882 5074 parente,
1928 5001 2022 5056 cui

375 5093 600 5150 dictum
631 5099 752 5151 est:
807 5093 1088 5150 Maledicta
1117 5101 1265 5148 terra
1320 5109 1380 5147 in
1413 5107 1570 5164 apere
1615 5100 1704 5148 tuo
1728 5090 1882 5162 (Gen.
1914 5092 2016 5163 In).

375 5185 644 5240 Avertisti
697 5187 1062 5256 captivitatem
1128 5182 1307 5239 Iacob.
1367 5183 1437 5236 Et
1512 5182 1803 5252 quomodo
1864 5181 2022 5236 hoc?

373 5272 520 5338 Quia
549 5273 811 5330 remisisti
855 5276 1206 5344 iniquitatem
1250 5272 1428 5343 plebis
1470 5279 1602 5336 tuae,
1637 5289 1761 5343 qlia:
1793 5271 2022 5326 intensa

375 5361 487 5418 fuit
541 5362 600 5417 in
642 5363 830 5434 primo
888 5367 1145 5434 parente,
1197 5361 1337 5432 quia
1385 5377 1588 5416 omnes
1647 5360 1907 5426 involvit,
1967 5363 2022 5414 et

373 5436 869 5508 nulli'remittitur
924 5451 1034 5507 nisi
1067 5450 1150 5506 illi
1183 5452 1283 5523 qui
1331 5449 1624 5505 intonsam
1656 5466 1782 5504 eam
1834 5448 2021 5504 inten-

373 5539 481 5596 dit.
539 5539 842 5596 Confiteris
899 5557 1034 5612 ergo
1095 5544 1150 5595 te
1225 5556 1352 5595 esse
1427 5539 1486 5593 in
1546 5538 1894 5610 captivitate,
1953 5542 2021 5593 ut

375 5627 590 5710 dignus
649 5627 732 5686 sis
789 5627 1024 5687 liberari
1077 5645 1112 5687 a
1166 5628 1518 5702 captivitate.
1580 5628 1726 5685 Nam
1778 5627 1880 5704 qui
1912 5628 2018 5686 ho-

2130 4648 2402 4701 missurus
2425 4663 2479 4701 es
2508 4645 2703 4715 (Emod.
2740 4647 2838 4717 ιν),
2881 4646 3034 4717 quod
3065 4651 3122 4702 et
3152 4651 3215 4702 tu
3269 4646 3464 4716 facies,
3497 4647 3785 4718 quoniam

2134 4752 2247 4790 non
2281 4733 2743 4806 permanebitira
2767 4739 2868 4789 tua
2888 4735 2947 4790 in
2976 4742 3280 4798 externum;
3307 4735 3457 4807 quod
3475 4735 3793 4803 dicit,nun-

2132 4824 2262 4896 quid
2292 4826 2351 4878 in
2378 4831 2642 4878 azternum
2674 4825 2932 4879 irasceris
2980 4825 3137 4879 nobis
3164 4850 3178 4891 ;
3236 4832 3332 4879 aut
3357 4823 3616 4880 extendes
3647 4827 3795 4880 iram

2129 4916 2333 4968 tuama
2353 4915 2702 4984 generatione
2732 4911 2950 4968 carnali
2982 4915 3041 4968 in
3066 4915 3480 4982 generationem
3511 4913 3789 4984 spiritua-

2132 5003 2268 5072 lem,
2305 5008 2371 5057 ut
2401 5002 2554 5057 sicut
2585 5002 2672 5057 ira
2699 5007 2798 5057 tua
2855 5003 3181 5074 permansit
3210 5002 3268 5056 in
3329 5003 3511 5058 veteri
3543 5002 3785 5076 populo,

2131 5093 2214 5147 sic
2270 5090 2698 5164 permaneatin
2759 5091 2972 5162 populo
3003 5091 3240 5163 gratia}?
3295 5091 3428 5148 Fuit
3478 5092 3640 5148 enim
3677 5090 3793 5164 pri-

2133 5199 2230 5236 ma
2259 5179 2552 5252 generatio
2607 5181 2872 5235 mortalis
2930 5181 3000 5235 de
3036 5179 3120 5236 ira
3171 5186 3290 5248 tua,
3323 5181 3437 5236 erit
3466 5179 3653 5237 altera
3684 5197 3788 5254 ge-

2131 5270 2352 5325 neratio
2421 5267 2772 5350 immortalis
2832 5269 2901 5324 de
2974 5269 3376 5325 misericordia
3440 5275 3563 5326 tua.
3616 5271 3790 5335 Deus,

2131 5369 2188 5414 tu
2243 5358 2543 5427 vivz‘ﬁrabis
2600 5373 2717 5412 nos.
2768 5359 3054 5423 Quoniam
3123 5359 3393 5429 promisit
3472 5359 3626 5415 iram
3692 5364 3792 5414 Do-

2130 5448 2272 5503 mini
2307 5447 2685 5520 mitigandam
2721 5450 2910 5502 etnon
2935 5447 2994 5502 in
3027 5452 3306 5504 aeternum
3341 5463 3791 5512 mansuram,ne

2129 5537 2237 5593 hoc
2269 5538 2380 5593 sibi
2413 5537 2663 5609 quisque
2695 5539 2926 5608 putaret
2953 5553 3022 5591 ex
3053 5537 3260 5594 merito
3291 5537 3777 5609 ﬁeri,subjungit:

2126 5632 2293 5698 Deus,
2323 5631 2385 5685 tu
2401 5625 2773 5700 convertis,id
2802 5629 2982 5696 est,tu
3003 5642 3173 5686 vocas
3187 5643 3294 5690 nos
3323 5627 3398 5686 ad
3428 5626 3784 5710 versionem.
