4024 6192
234 348 349 414 589

1364 354 1969 418 ENARRATIONES
2018 356 2092 417 IN
2142 360 2517 423 PSALMOS.

3523 328 3642 429 590

235 492 293 539 tu
311 484 1349 561 viviﬁt'abisnos,utsicintelligamus
1370 491 1523 562 quod
1550 508 1663 546 non
1691 490 1883 546 solum
1912 493 1966 557 Α
1996 492 2394 559 contradictio,
2432 494 2528 548 ubi
2564 494 2762 548 nullus
2792 493 3033 561 resistit,
3096 491 3258 549 nulla
3318 494 3640 551 adversitas

229 574 539 631 vivificatio
564 581 768 631 nostra
786 593 854 632 ex
874 582 930 632 te
980 578 1076 644 sit,
1109 579 1210 634 sed
1238 579 1415 635 etiam
1438 580 1783 651 justificatio
1816 598 1883 636 ac

230 664 550 732 conversio,
586 670 651 719 ut
672 665 1055 738 vivificemur,
1080 672 1131 722 et
1157 667 1316 739 plebs
1346 678 1461 739 tua,
1488 686 1601 724 non
1628 668 1881 739 amplius

228 770 357 819 sua,
381 753 670 810 laetabitur
699 759 757 810 in
789 765 857 824 te,
892 762 1083 812 etnon
1108 757 1165 812 in
1193 774 1273 813 se.
1298 758 1447 813 Malo
1471 759 1627 813 enim
1652 775 1757 813 suo
1784 759 1881 813 ta:-

224 841 436 897 tabitur
465 842 524 897 in
556 859 638 910 se,
667 843 819 899 bono
844 849 1043 900 autem
1067 863 1176 901 suo
1203 848 1485 902 laetabitur
1507 848 1564 901 in
1606 851 1681 901 te.
1709 847 1876 913 Nam,

226 933 465 1002 quando
488 931 673 987 voluit
693 933 908 989 habere
938 934 1154 1007 gaudia
1186 936 1253 989 de
1287 953 1368 1003 se,
1404 935 1627 990 invenit
1647 934 1876 990 luctum

224 1019 287 1075 in
310 1036 391 1076 se.
411 1020 578 1076 Nunc
599 1038 754 1090 vero,
772 1022 909 1094 quia
931 1028 1117 1079 totum
1134 1025 1416 1097 gaudium
1441 1030 1706 1079 nostrum
1726 1024 1879 1079 Deus

224 1116 335 1178 est,
370 1110 471 1182 qui
500 1110 644 1179 vult,
669 1128 871 1168 secure
903 1112 961 1168 in
991 1113 1091 1168 illo
1123 1114 1374 1186 gaudeat
1405 1114 1503 1185 qui
1530 1130 1645 1168 non
1688 1118 1880 1185 potest

224 1199 436 1272 perire.
452 1200 662 1256 Omnia
673 1203 828 1256 enim
844 1203 1159 1269 terrena,in
1175 1204 1389 1273 quibus
1403 1202 1578 1257 homo
1593 1203 1809 1276 gaudiu
1822 1221 1875 1257 m

224 1286 343 1344 sibi
364 1289 656 1361 proponit,
690 1291 951 1362 peritura
979 1296 1137 1360 sunt,
1170 1297 1226 1347 et
1253 1292 1552 1347 hominem
1587 1292 1656 1346 ad
1682 1292 1874 1363 perdi-

222 1377 444 1434 tionem
460 1394 659 1434 secum
680 1380 942 1435 trahunt.
970 1380 1171 1435 Gaude
1191 1397 1326 1454 ergo
1350 1381 1408 1435 in
1432 1380 1531 1436 illa
1552 1380 1677 1435 luce
1697 1398 1874 1453 quam

223 1482 345 1521 non
367 1466 641 1537 precedit
660 1467 972 1523 hesternus
993 1470 1253 1535 dies,nec
1276 1470 1871 1542 sequiturcrastinus.

222 1555 362 1619 Quae
394 1556 473 1610 sit
500 1555 603 1612 illa
630 1557 727 1612 lux
757 1557 1006 1629 ipsemet
1036 1557 1325 1614 ostendit:
1362 1559 1471 1627 Ego
1492 1576 1634 1627 sum,
1661 1559 1872 1630 inquit,

222 1644 326 1698 tua:
348 1645 545 1700 mundi
572 1645 747 1717 (Joan.
783 1647 908 1717 vm)
936 1666 947 1701 :
976 1649 1121 1712 Ecce,
1156 1647 1423 1714 dicendo,
1455 1664 1548 1717 ego
1593 1665 1718 1701 sum
1776 1649 1874 1702 tua

218 1732 438 1801 mundi,
470 1739 635 1790 vocat
666 1739 721 1790 te
751 1734 823 1791 ad
847 1752 947 1810 se;
982 1753 1117 1791 cum
1148 1741 1317 1792 vocat
1344 1740 1420 1804 te,
1454 1738 1737 1793 convertit
1776 1743 1830 1792 te
1857 1755 1869 1803 ;

1992 584 2078 634 est
2105 580 2400 634 :hmctalls
2432 600 2538 651 pax
2562 600 2676 637 non
2710 588 2797 639 est
2818 583 2911 638 hic
2928 583 3260 654 quaerenda,
3288 582 3643 653 quianullus

1991 674 2080 723 est
2112 677 2443 723 sanctorum
2475 671 2565 723 cui
2598 689 2710 727 non
2744 672 2819 727 sit
2850 673 3157 728 conflictus
3214 688 3349 726 cum
3382 671 3641 738 diabolo,

1990 763 2045 812 et
2075 758 2171 828 qui
2208 776 2321 813 non
2354 758 2611 814 luctetur
2641 777 2773 815 cum
2807 763 2964 816 vitiis
3012 767 3069 818 et
3124 760 3643 833 concupiscentiis,

1992 847 2337 901 refrenando
2368 848 2637 903 videlicet
2669 848 2904 905 illicitos
2938 856 3152 907 motus.
3189 854 3256 904 Et
3285 849 3422 922 quia
3441 849 3501 906 in
3534 849 3642 904 hoc

1992 936 2210 990 mundo
2246 953 2358 991 non
2392 942 2586 1007 potest
2616 956 2745 992 esse
2775 956 2885 1010 pax
2936 957 3089 1011 vera,
3146 956 3416 995 amemus
3476 938 3637 994 illam

1991 1040 2121 1095 quae
2150 1027 2346 1079 futura
2379 1031 2486 1089 est,
2518 1031 2573 1080 et
2603 1026 2661 1080 in
2696 1027 2793 1081 illo
2827 1029 3048 1083 mundo
3071 1046 3174 1100 per
3202 1046 3366 1100 spem
3415 1029 3639 1085 reﬁcia-

1991 1131 2147 1177 mus,
2181 1115 2342 1185 quia,
2366 1132 2499 1170 cum
2523 1116 2880 1180 venerit,erit
2910 1118 3045 1172 ﬁnis
3078 1118 3257 1172 totius
3280 1118 3643 1191 pugnaa,sine

1989 1220 2107 1273 qua
2139 1204 2311 1258 modo
2345 1220 2447 1257 nec
2480 1209 2717 1259 sanctus
2750 1210 2838 1259 est
2888 1206 3035 1260 Nam
3067 1205 3268 1261 nullus
3297 1208 3493 1278 justus
3552 1212 3643 1262 est

1990 1292 2215 1347 alienus
2239 1309 2272 1347 a
2296 1293 2481 1362 poenis
2504 1295 2747 1364 peccati,
2779 1294 2954 1356 fame,
2987 1294 3102 1361 siti,
3125 1295 3639 1365 lassitudine,con-

1987 1384 2078 1434 tra
2110 1397 2233 1451 quae
2266 1382 2652 1453 pugnandum
2676 1387 2783 1449 est,
2808 1384 2948 1453 quia
2978 1382 3638 1457 abillisimpugnamur.

1987 1469 2215 1541 Pugnat
2244 1470 2423 1533 enim,
2449 1474 2507 1525 et
2539 1470 2859 1541 qumrimus
2881 1471 3010 1525 cibo
3034 1472 3191 1525 reﬁci
3226 1489 3238 1526 :
3273 1472 3487 1527 iterum
3512 1474 3642 1544 ipsa

1985 1558 2098 1613 cibi
2124 1559 2369 1614 defectio
2392 1559 2496 1614 erit
2523 1560 2691 1615 nobis
2708 1561 2962 1615 refectio.
2988 1560 3047 1615 Si
3078 1560 3149 1615 ad
3175 1561 3640 1632 superfluitatem

1983 1663 2118 1701 cum
2147 1648 2436 1718 capimus,
2492 1649 2853 1720 fatigamur:
2917 1650 3119 1705 sedere
3177 1649 3520 1721 qurerimus,
3581 1654 3640 1705 et

1985 1738 2197 1791 iterum
2221 1737 2549 1802 deficimus,
2584 1738 2630 1793 si
2663 1738 2719 1791 in
2753 1738 3015 1793 sessione
3032 1739 3133 1795 diu
3165 1754 3633 1811 perseveramus.

217 1838 357 1877 cum
380 1822 659 1879 convertit
681 1828 757 1892 te,
778 1830 948 1880 sanat
978 1830 1053 1891 te,
1078 1842 1211 1879 cum
1234 1825 1524 1880 sanaverit
1546 1828 1623 1890 te,
1649 1825 1872 1881 videbis
1906 1863 1952 1927 B
1982 1826 2188 1889 Quare,
2225 1843 2356 1880 cum
2390 1843 2505 1880 non
2531 1827 2607 1881 sit
2640 1828 2874 1882 refectio
2907 1844 3059 1898 vera,
3103 1833 3550 1884 contemnamus
3572 1844 3641 1884 ea

216 1925 634 1967 conversorem
668 1916 860 1979 tuum,
885 1912 977 1967 cui
1009 1913 1260 1968 dicitur:
1293 1924 1346 1969 et
1369 1914 1517 1985 plebs
1540 1924 1631 1969 tua
1656 1914 1874 1968 laetabi-

214 2002 315 2054 tur
343 2001 404 2054 in
436 2003 505 2055 te.
530 2001 600 2055 Et
629 2006 694 2056 ut
714 2001 941 2056 laetetur
969 2001 1027 2056 in
1059 2007 1151 2067 te;
1185 2003 1399 2057 ostende
1420 2005 1598 2072 nobis,
1621 2005 1873 2072 Domine,

216 2089 669 2167 misericordiam
689 2099 858 2160 tuam,
885 2095 935 2146 et
954 2092 1207 2147 salutare
1222 2099 1377 2146 tuum
1397 2092 1468 2147 da
1485 2092 1661 2159 nobis,
1684 2092 1738 2146 id
1767 2096 1874 2158 est,

224 2176 532 2233 hominem
545 2180 782 2235 ostende
799 2179 1494 2245 hominibus,etsalutare
1510 2185 1677 2235 tuum
1698 2182 1881 2235 dano-

224 2264 348 2331 bis,
381 2265 569 2322 Deum
599 2267 865 2323 videlicet
895 2268 954 2322 in
987 2270 1298 2339 majestate
1329 2286 1435 2324 sua
1466 2270 1636 2325 nobis
1658 2269 1771 2324 diis
1802 2270 1881 2323 fa-

221 2353 309 2409 tis
330 2354 733 2428 contemplari.
760 2358 903 2412 Ecce
947 2373 1159 2429 magna
1199 2357 1619 2424 misericordia,
1653 2358 1794 2428 quia
1818 2360 1882 2411 ut

222 2458 443 2515 panem
469 2445 812 2517 angelorum
832 2447 1211 2501 manducaret
1233 2446 1425 2512 homo,
1443 2448 1774 2518 redemptor
1786 2464 1880 2501 an-

221 2530 499 2603 gelorum
522 2532 711 2589 factus
735 2538 822 2588 est
844 2533 1191 2589 bomo.Ecce
1210 2540 1475 2590 materna
1490 2536 1884 2606 atl‘ectio,quia

220 2636 368 2675 cum
389 2619 618 2701 indigni
640 2637 875 2677 eramus
895 2621 956 2677 in
983 2622 1276 2678 soliditate
1300 2625 1624 2694 majestatis
1646 2642 1765 2678 sua:
1787 2640 1880 2677 co-

221 2709 486 2777 medere,
510 2725 624 2765 ase
646 2710 774 2780 ipso
817 2710 987 2765 nobis
1023 2709 1113 2765 lac
1153 2712 1399 2783 praebuit
1424 2716 1481 2766 et
1509 2712 1715 2767 effudit
1746 2728 1881 2767 cum

220 2797 405 2854 nobis
426 2797 738 2854 invisibilis
759 2799 818 2854 in
841 2799 1101 2854 humana
1122 2806 1330 2854 natura
1351 2799 1643 2872 apparuit,
1669 2805 1724 2855 et
1746 2801 1881 2854 fecit

225 2903 294 2943 se
315 2885 1355 2959 talem,qualispossitabbominibus
1369 2888 1708 2960 capi.Deum
1722 2889 1880 2944 enim

225 2974 534 3031 Christum
558 2973 758 3031 nullus
772 2975 1076 3031 hominum
1099 2993 1301 3048 capere
1322 2978 1671 3048 poterat,sed
1696 2978 1881 3032 factus

225 3070 321 3121 est
341 3064 894 3136 hominibushomo,
920 3065 1168 3121 servavit
1187 3082 1248 3121 se
1268 3065 1451 3121 Deum
1482 3066 1615 3136 diis,
1640 3068 1709 3120 de
1748 3066 1880 3137 qui-

225 3155 347 3210 bus
362 3153 585 3209 dictum
617 3158 739 3209 est:
771 3154 887 3209 Vos
919 3159 1139 3218 autem,
1161 3157 1250 3210 dii
1276 3156 1407 3209 estis
1436 3160 1485 3209 et
1515 3156 1623 3224 ﬁlii
1660 3154 1884 3210 Επεθὶδί

1989 1931 2117 1986 quae
2151 1931 2257 1969 nos
2288 1915 2659 1987 impugnant,
2693 1921 2749 1970 et
2781 1933 3047 1972 amemus
3078 1931 3146 1971 ea
3192 1934 3319 1988 quae
3378 1915 3642 1988 loquitur

1988 2003 2292 2069 Dominus,
2326 2004 2565 2060 veniens
2596 2006 2655 2058 in
2676 2006 2886 2076 plebem
2916 2022 3090 2060 suam.
3127 2005 3215 2073 Et,
3244 2020 3334 2060 'ne
3357 2005 3640 2061 Judaicus

1988 2093 2239 2164 populus
2254 2092 2363 2148 sibi
2385 2094 2747 2164 applaudens
2767 2093 3009 2148 diceret:
3031 2094 3147 2149 Nos
3162 2110 3369 2148 sumus
3389 2093 3641 2164 populus

1989 2182 2138 2250 ejus,
2172 2181 2341 2236 nobis
2372 2185 2603 2236 tantum
2627 2182 3073 2236 annuntiabitur
3093 2198 3205 2253 pax
3234 2180 3355 2250 illa,
3371 2180 3644 2236 determi-

1991 2274 2091 2325 nat
2113 2286 2288 2340 super
2310 2287 2457 2341 quos
2479 2271 2554 2325 sit
2575 2275 2818 2324 ventura
2839 2287 2950 2342 pax
2970 2269 3088 2338 illa,
3112 2269 3196 2325 sic
3214 2285 3226 2323 :
3243 2271 3309 2324 Et
3328 2286 3491 2340 super
3508 2285 3641 2324 san-

1989 2367 2099 2413 ctos
2123 2375 2269 2429 suos,
2302 2367 2351 2414 et
2381 2361 2441 2413 in
2468 2375 2558 2413 eos
2575 2362 2673 2429 qui
2694 2363 3086 2415 convertuntur
3116 2359 3198 2415 ad
3209 2374 3322 2413 cor.
3356 2358 3480 2413 Non
3512 2363 3639 2413 tan-

1991 2452 2116 2501 tum
2137 2447 2262 2502 sola
2281 2447 2483 2502 Judaaa
2504 2447 2790 2517 eritplebs
2811 2449 2960 2517 ejus,
2984 2448 3082 2502 sed
3107 2462 3175 2501 ex
3198 2446 3473 2502 omnibus
3486 2444 3642 2501 colli-

1991 2540 2160 2608 getur
2182 2536 2344 2605 plebs
2369 2553 2495 2602 sua,
2522 2536 2740 2605 quian
2762 2536 3038 2590 omnibus
3060 2539 3232 2590 erunt
3258 2532 3638 2606 aliquisancti

1992 2628 2049 2679 et
2065 2641 2133 2679 ex
2165 2625 2442 2679 omnibus
2464 2628 2873 2679 convertentur
2892 2622 3114 2695 aliquid
3145 2624 3215 2678 ad
3242 2639 3351 2678 cor.
3414 2624 3641 2678 Conver-

1991 2716 2175 2767 tentur
2197 2716 2391 2767 autem
2424 2712 2493 2767 ad
2521 2730 2614 2767 cor
2642 2713 2741 2785 qui
2770 2714 3081 2767 attendunt
3103 2729 3165 2768 se
3212 2712 3283 2767 ad
3317 2711 3636 2784 imaginem

1990 2800 2091 2855 Dei
2122 2818 2249 2857 esse
2280 2806 2526 2868 creatos,
2560 2807 2619 2856 et
2649 2802 2748 2872 qui
2782 2800 3126 2872 resculpuut
3154 2816 3441 2856 corsuum
3472 2802 3545 2855 ab
3576 2799 3640 2853 il-

1992 2888 2164 2944 licitis
2196 2894 2252 2944 et
2281 2890 2459 2944 variis
2513 2889 2965 2962 cogitationibus
2997 2894 3365 2945 terrenorum
3423 2888 3640 2960 quibus

1991 2978 2394 3050 impediuntur
2424 2995 2494 3033 ne
2525 2979 2783 3033 ccelestia
2838 2982 3069 3034 tantum
3128 2977 3634 3050 contemplentur:

1992 3066 2209 3138 quibus
2239 3083 2389 3138 smpe
2420 3068 2669 3122 dicitur:
2701 3068 2908 3137 Redite,
2930 3070 3409 3139 praevaricatores,
3444 3070 3517 3123 ad
3534 3084 3635 3123 cor

1992 3156 2127 3225 (Isa.
2160 3157 2331 3225 XLVI).
2368 3159 2762 3211 Verumtamen:
2781 3172 2949 3228 prope
2971 3158 3220 3211 timentes
3249 3173 3372 3211 eum
3391 3158 3642 3212 salutare

226 3244 615 3315 omnes(Psal.
645 3251 853 3314 LXXXI.)
870 3244 970 3299 Isti
989 3243 1361 3300 diividebunt
1378 3244 1570 3313 ipsum
1586 3242 1757 3298 sicuti
1776 3249 1883 3311 est,
1917 3228 1959 3293 C
1990 3246 2186 3314 ipsius.
2208 3244 2385 3307 Quasi
2407 3244 2562 3298 dicat
2587 3245 3056 3299 :Licetomnibus
3074 3245 3545 3299 convertentibus
3567 3245 3639 3299 ad

226 3334 279 3390 si
296 3337 650 3406 permanent
671 3332 727 3387 in
743 3349 809 3388 eo
831 3333 1103 3403 quinunc
1126 3332 1183 3386 in
1207 3332 1453 3387 Domino
1477 3337 1590 3386 Deo
1604 3333 1879 3386 credunt:

228 3406 381 3496 quia
403 3421 503 3495 qui
526 3438 680 3476 nunc
698 3424 913 3494 gaudet
934 3421 993 3475 in
1017 3437 1138 3492 spe,
1165 3422 1518 3492 quandoque
1536 3419 1883 3491 gaudebitin

228 3510 471 3582 re,quia
486 3510 850 3565 videbiteum
869 3509 1041 3564 sicuti
1056 3513 1162 3564 est.
1180 3509 1297 3564 Hoc
1311 3508 1465 3564 enim
1482 3509 1605 3581 ipse
1619 3508 1888 3580 promisit

229 3605 290 3656 et
312 3600 683 3671 manifestabo
694 3599 1215 3670 eimeipsum(loan.
1236 3599 1371 3667 xw).
1398 3601 1583 3662 Quare
1604 3614 1739 3669 ergo
1771 3614 1886 3652 non

231 3690 513 3746 videmus
535 3688 726 3743 adhuc
750 3692 973 3760 patrem
997 3688 1307 3744 nostrum?
1328 3676 1476 3757 Quia
1496 3688 1742 3744 nondum
1791 3705 1889 3759 ap-

231 3779 433 3850 paruit
453 3776 584 3849 quid
603 3778 834 3832 erimus.
861 3779 929 3830 Et
949 3776 1088 3848 quid
1113 3777 1355 3844 erimus,
1381 3776 1636 3832 Joannes
1659 3776 1717 3830 in
1758 3775 1889 3846 Epi-

234 3868 365 3924 tola
382 3883 492 3922 sua
512 3865 853 3920 manifestat
875 3881 888 3919 :
907 3865 1143 3931 Scimus,
1169 3865 1385 3937 inquit,
1410 3868 1540 3936 quia
1561 3882 1691 3920 cum
1718 3882 1889 3936 appa-

236 3958 445 4023 ruerit,
467 3955 679 4010 similes
697 3956 754 4009 ei
771 3956 1001 4020 erimus,
1024 3956 1154 4025 quia
1176 3954 1478 4009 videbimus
1497 3971 1622 4009 eum
1632 3956 1799 4010 sicuti
1818 3956 1895 4008 est

238 4046 291 4117 (ι
317 4046 482 4101 Joan.
517 4045 624 4115 III).
660 4042 905 4098 Audiam
933 4044 1071 4115 quid
1102 4043 1357 4114 loquatur
1385 4045 1441 4096 in
1501 4059 1587 4097 me
1634 4044 1896 4097 Dominus

237 4132 593 4198 Deus.Quasi
613 4130 767 4187 dicat
782 4130 1182 4186 :OraviDomin
1194 4148 1290 4185 um
1306 4136 1371 4185 ut
1384 4131 1713 4185 ostenderet
1729 4131 1896 4185 nobis

241 4220 713 4278 misericordiam
737 4237 935 4275 suam:
961 4220 1117 4292 quod
1155 4236 1351 4275 revera
1369 4220 1555 4289 faciet,
1580 4220 1719 4290 quia
1740 4219 1899 4275 intus

243 4309 431 4367 audio
452 4309 585 4381 quid
606 4310 866 4381 loquatur
890 4310 948 4363 in
970 4310 1330 4364 meDominus
1352 4309 1508 4362 Deus.
1534 4308 1603 4363 Et
1624 4308 1764 4379 quid
1796 4325 1899 4363 au-

244 4401 350 4457 dio
364 4399 393 4454 ?
418 4399 689 4467 Quoniam
708 4399 957 4470 loquetur
967 4414 1157 4469 pacem
1180 4400 1240 4452 in
1252 4398 1465 4469 plebem
1501 4414 1677 4452 suam.
1740 4397 1901 4452 Unde

241 4487 608 4562 Apostolus:
649 4488 890 4558 Veniens,
925 4485 1135 4557 inquit,
1169 4487 1453 4541 Dominus
1505 4488 1904 4554 evangelisevit

1992 3348 2084 3387 cor
2104 3349 2214 3402 pax
2240 3330 2338 3385 illa
2360 3332 2554 3385 futura
2575 3332 2670 3398 sit,
2696 3338 2890 3387 tamen
2930 3348 3097 3403 prope
3136 3334 3383 3387 timentes
3429 3348 3557 3387 eum
3586 3332 3644 3386 id

1994 3424 2099 3488 est,
2125 3419 2563 3491 quieiserviunt
2582 3420 3010 3486 extimore,non
3045 3437 3112 3475 ex
3145 3419 3654 3493 amore,propeJu-

1998 3512 2149 3563 dicos
2171 3506 2455 3572 videlicet,
2472 3508 2581 3562 erit
2603 3507 2764 3562 salus
2787 3508 2994 3578 ipsius,
3018 3509 3458 3579 quoniamsalus
3477 3517 3637 3565 estea:

1996 3600 2206 3655 Iudaeis
2222 3597 2397 3667 (Joan.
2433 3598 2533 3668 IV).
2556 3597 2625 3650 Et
2646 3596 2896 3667 qualiter
2919 3598 3163 3653 salutare
3185 3598 3261 3652 sit
3277 3613 3452 3669 prape
3497 3615 3646 3665 eum,

2000 3690 2124 3755 ipse
2145 3686 2380 3758 exponit
2405 3704 2416 3741 :
2441 3694 2502 3741 ut
2523 3686 2793 3741 inhabitet
2812 3686 3010 3757 gloria,
3044 3687 3232 3756 idest,
3263 3687 3493 3742 Verbum
3513 3702 3641 3741 caro

1999 3780 2205 3849 factum
2236 3777 2411 3848 (Joan.
2447 3777 2507 3846 1),
2544 3777 2605 3831 in
2637 3784 2784 3831 terra
2812 3780 3020 3845 nostra,
3051 3775 3395 3830 Judaeorum
3444 3773 3652 3830 videli-

2004 3871 2111 3934 cet,
2146 3865 2424 3938 quoniam
2450 3866 2527 3919 ibi
2560 3864 2939 3936 corporaliter
2968 3863 3269 3931 habitavit,
3295 3863 3429 3919 inde
3448 3863 3654 3935 praedi-

2005 3972 2136 4010 care
2168 3955 2361 4026 ccepit,
2398 3954 2533 4008 inde
2566 3952 2811 4024 apostoli
2839 3959 2895 4008 et
2942 3952 3079 4007 illuc
3111 3952 3273 4024 prius
3336 3952 3524 4020 missi,
3574 3952 3659 4008 ibi

2005 4042 2316 4114 templum,
2347 4041 2426 4095 ibi
2459 4042 2921 4109 sacrificabatur,
2974 4041 3107 4097 inde
3162 4041 3431 4098 videlicet
3487 4041 3659 4113 Virgo

2010 4131 2192 4187 Maria
2222 4148 2348 4201 quae
2379 4130 2678 4185 Christum
2719 4133 2965 4203 peperit,
3019 4132 3099 4186 ibi
3153 4131 3446 4188 mirabilia
3502 4132 3660 4197 fecit,

2012 4226 2303 4294 postremo
2326 4224 2557 4274 tantum
2578 4219 2857 4276 honorem
2882 4220 2963 4275 illi
2996 4222 3157 4293 genti
3179 4221 3410 4288 detulit,
3437 4225 3663 4285 ut,cum

2012 4326 2144 4364 eum
2161 4308 2554 4379 interpellaret
2566 4312 2831 4381 quaedam
2849 4307 3666 4373 mulierChananaea,salutem

2014 4415 2279 4471 quaerens
2304 4397 2431 4451 filice
2457 4415 2573 4451 suae
2598 4416 2617 4459 ;
2642 4399 2857 4453 diceret
2884 4399 2935 4453 ei
2963 4399 3115 4452 :Non
3142 4414 3265 4452 sum
3314 4398 3513 4450 missus
3555 4395 3669 4450 nisi

2014 4487 2085 4542 ad
2113 4502 2231 4543 oves
2259 4502 2383 4559 quae
2400 4489 2684 4557 perierunt
2702 4487 2893 4541 domus
2916 4486 3085 4541 Israel
3118 4484 3333 4555 (Matth.
3372 4483 3486 4555 xv).
3550 4482 3669 4538 Hoc

241 4595 442 4651 pacem
464 4577 558 4633 bis
579 4578 677 4648 qui
705 4592 874 4647 prope
894 4580 1057 4631 erant
1079 4576 1246 4647 (Eph.
1280 4577 1364 4647 11),
1382 4592 1578 4647 pacem
1598 4575 1668 4631 de
1686 4593 1802 4647 qua
1822 4577 1904 4631 di-
1936 4599 1981 4663 Ι)
2018 4593 2153 4648 ergo
2172 4576 2459 4647 Propheta
2483 4576 2540 4629 in
2564 4573 2776 4645 spiritu
2801 4574 3123 4645 praevidens
3144 4572 3259 4628 ait:
3293 4575 3671 4663 Verumtamen

249 4668 432 4735 citur,
457 4669 518 4722 In
550 4683 637 4721 me
652 4682 845 4737 pacem
865 4665 1177 4731 habebitis,
1212 4667 1274 4720 in
1315 4664 1517 4719 mundo
1537 4674 1722 4721 autem
1750 4682 1904 4735 pres-

248 4772 451 4812 suram
479 4756 657 4827 (Joan.
689 4772 826 4809 XVI.‘
855 4752 941 4809 vel
987 4753 1151 4808 illam
1201 4771 1318 4825 qua
1369 4753 1479 4808 erit
1534 4759 1677 4809 Deus
1729 4757 1915 4810 omnia

251 4847 318 4901 in
344 4847 599 4900 omnibus
621 4846 671 4916 (Ι
699 4846 824 4899 Cor.
856 4842 992 4914 xv);
1022 4842 1110 4898 vel
1166 4842 1336 4898 aliter
1368 4858 1381 4897 :
1444 4843 1672 4897 Ostende
1732 4845 1913 4913 nobis,

254 4935 514 5012 Domine,
544 4932 985 4989 misericordiam
1015 4938 1192 5002 tuam,
1225 4937 1282 4986 et
1338 4936 1403 4985 ut
1454 4933 1750 5000 ostendas,
1812 4949 1916 5004 ego

258 5023 626 5095 inquantum
659 5038 901 5094 possum
931 5037 1023 5075 me
1052 5019 1329 5075 idoneum
1356 5020 1584 5085 faciam,
1606 5020 1744 5091 quia
1764 5020 1925 5075 cohi-

259 5113 417 5168 bebo
450 5128 543 5167 me
566 5112 638 5167 ab
675 5111 834 5165 omni
863 5110 1108 5181 strepitu
1153 5109 1379 5175 mundi,
1414 5115 1471 5163 et
1500 5112 1781 5164 obturans
1813 5128 1921 5165 au-

259 5216 390 5258 rem
415 5199 1086 5255 contratumultuantem
1109 5198 1289 5269 hujus
1310 5197 1439 5253 vitae
1458 5198 1921 5269 inquietudinem

262 5294 493 5345 vertam
526 5302 619 5344 me
641 5289 713 5344 ad
744 5288 990 5344 interius
1022 5304 1243 5353 meum,
1277 5291 1341 5341 ut
1362 5288 1592 5341 audiam
1617 5305 1729 5341 non
1782 5305 1923 5343 aure

263 5377 562 5445 exteriori,
593 5378 693 5433 sed
726 5395 865 5433 aure
890 5377 1331 5445 interiori,aure
1362 5375 1629 5430 videlicet
1650 5376 1926 5432 audiendi

262 5454 403 5540 quid
436 5469 494 5521 in
522 5483 608 5523 me
631 5468 887 5539 loquatur
914 5467 1185 5521 Dominus
1225 5466 1384 5519 Deus.
1443 5464 1512 5518 Et
1562 5466 1769 5520 merito
1827 5483 1927 5521 au-

264 5554 443 5625 diam,
473 5558 737 5629 quouiam
768 5557 1019 5627 loquetur
1032 5570 1221 5627 pacem
1244 5556 1302 5609 in
1321 5553 1543 5620 plebem
1575 5569 1735 5608 suam
1758 5554 1928 5611 futu-

265 5660 420 5715 ram.
444 5645 559 5707 Pax
579 5645 818 5721 quidem
844 5645 942 5705 ubi
963 5643 1192 5705 nullum
1217 5642 1437 5702 bellum
1467 5646 1574 5720 est,
1608 5643 1709 5701 ubi
1742 5644 1908 5703 nulla

2016 4683 2182 4738 prope
2210 4668 2465 4721 timentes
2496 4680 2621 4718 eum
2646 4664 2895 4718 salutare
2928 4665 3120 4733 ipsius.
3154 4664 3199 4717 A
3235 4662 3455 4719 Judaeis
3512 4662 3671 4718 enim

2026 4761 2254 4811 tantum
2288 4755 2625 4818 timebatur,
2659 4752 2799 4823 quia
2830 4752 2941 4824 ipsi
2972 4752 3043 4806 ab
3076 4768 3141 4807 eo
3199 4751 3456 4808 carnalia
3510 4758 3668 4824 pete-

2028 4846 2200 4899 bant:
2226 4845 2546 4898 timebatur
2576 4842 2649 4896 ab
2678 4842 2763 4896 eis
2794 4858 2865 4895 ne
2892 4842 3057 4896 daret
3088 4840 3220 4897 illos
3251 4843 3311 4897 in
3370 4841 3674 4913 captivita-

2029 4938 2171 5001 tem,
2204 4950 2274 4987 ne
2304 4937 2517 4987 terram
2549 4931 2667 4985 illis
2696 4931 2968 4996 auferret,
3004 4948 3075 4986 ne
3107 4930 3164 4985 in
3206 4931 3490 5004 grandine
3539 4944 3676 4983 con-

2035 5022 2304 5075 tunderet
2334 5021 2480 5075 vites
2510 5036 2732 5089 eorum,
2776 5036 2847 5074 ne
2906 5022 3120 5075 faceret
3176 5018 3409 5074 steriles
3465 5031 3679 5071 uxores

2033 5128 2259 5166 eorum.
2296 5110 2424 5163 llaec
2455 5110 2608 5164 enim
2644 5108 2898 5163 carnalia
2931 5110 3221 5179 promissa
3246 5106 3346 5160 Dei
3376 5105 3682 5170 tenebant,

2035 5204 2091 5255 et
2121 5200 2248 5254 ideo
2271 5216 2405 5253 eum
2430 5198 2735 5253 timebant.
2761 5197 2973 5251 Gentes
3007 5200 3204 5251 autem
3236 5193 3506 5250 similiter
3564 5197 3683 5248 ter-

2037 5306 2175 5345 rena
2206 5288 2497 5360 petebant,
2527 5289 2625 5342 sed
2661 5303 2775 5342 non
2808 5304 2841 5340 a
2874 5291 3007 5352 Deo,
3039 5285 3178 5356 quia
3224 5285 3297 5338 ab
3328 5282 3498 5337 idolis
3556 5280 3681 5337 suis

2038 5379 2235 5433 omnia
2266 5377 2373 5432 sibi
2406 5376 2529 5431 dari
2553 5375 2941 5430 crediderunt.
2981 5376 3045 5431 Ut
3074 5374 3345 5429 inhabitet
3379 5371 3566 5441 gloria
3624 5370 3684 5425 in

2039 5478 2185 5522 terra
2216 5472 2423 5535 nostra,
2458 5464 2515 5518 in
2549 5482 2665 5535 qua
2694 5463 2880 5536 gloria
2906 5464 3103 5519 omnia
3134 5463 3541 5518 condonantur
3590 5459 3687 5515 de-

2039 5552 2575 5611 lictaJlisericonlia
2589 5557 2639 5608 et
2662 5554 2881 5620 veritas,
2899 5570 3014 5624 qua
3034 5551 3357 5625 implentur
3372 5548 3683 5622 promissa,

2041 5646 2205 5705 obvia
2214 5651 2407 5704 verunt
2434 5643 2563 5715 sibi,
2586 5642 2726 5717 quia
2742 5642 2863 5702 haec
2879 5643 2996 5701 duo
3013 5641 3074 5701 in
3091 5640 3320 5701 Christo
3332 5632 3667 5719 conveniat;
