4024 6192
364 320 475 380 591

938 323 1236 385 REMIGII
1280 325 2028 388 ANTISSIODORENSIS
2072 327 2244 390 OPP.
2293 329 2492 392 PARS
2537 329 2586 389 Ι.
2619 325 3191 393 —EXEGETICA.

3647 324 3764 394 59!

371 453 575 507 Veritas
599 452 657 507 in
681 468 746 508 eo
771 453 900 523 fuit,
927 459 1210 527 quantum
1235 458 1305 511 ad
1328 457 1580 528 Judmos,
1605 460 1743 530 quia
1781 459 1830 514 is
1879 475 2009 531 pro-
2039 462 2093 528 Α
2122 460 2408 528 videlicet,
2444 463 2504 516 in
2525 469 2674 518 terra
2701 470 2904 529 nostra,
2938 461 2995 517 id
3029 465 3138 534 est,
3171 462 3230 516 in
3271 474 3514 533 corpore
3568 463 3770 515 nostro

366 542 586 597 missus
620 543 748 600 fuit.
773 543 851 598 ibi
871 544 1065 598 divina
1093 547 1324 617 eloquia
1347 548 1598 602 fuerunt.
1627 548 2011 604 Misericordia

370 631 718 686 ubi?inillis
749 634 848 704 qui
883 634 1227 689 dimiserant
1251 641 1430 690 Deum
1476 655 1648 691 suum
1674 643 1728 692 et
1776 655 2009 692 conver-

365 724 561 775 terunt
586 737 646 776 se
670 723 738 776 ad
761 723 1046 777 daemonia
1069 743 1087 777 :
1112 725 1210 778 sed
1238 727 1500 792 nunquid
1519 732 1574 781 et
1595 744 1693 781 eos
1715 726 2012 798 despexit?

367 809 514 880 Non,
542 809 678 882 quia
709 829 810 883 per
831 812 1290 868 misericordiam
1323 833 1420 870 eos
1438 816 1676 870 vocavit.
1713 817 2011 881 Quomodo

369 897 418 954 si
449 899 686 965 diceret,
717 918 876 962 voca.
902 907 959 956 et
982 903 1124 957 istos
1150 904 1317 975 longe
1342 905 1612 973 fugitivos
1635 906 1732 976 qui
1758 905 2008 959 multum

368 1005 402 1043 a
432 1005 523 1043 me
545 997 928 1046 recesserunt.
970 993 1120 1060 Voca,
1155 1003 1203 1047 et
1235 995 1510 1049 invenient
1543 1011 1626 1049 me
1677 997 2015 1064 qua'rentem

367 1094 440 1149 se,
475 1078 613 1149 quia
643 1079 755 1151 ipsi
783 1081 1054 1136 volebant
1077 1100 1333 1153 quaerere
1367 1101 1477 1138 me.
1505 1090 1643 1138 Ecce
1677 1083 1926 1156 qualiter
1953 1084 2012 1138 in

367 1165 595 1222 Christo
625 1170 1001 1226 misericordia
1029 1175 1080 1225 et
1106 1174 1310 1226 veritas
1341 1172 1693 1226 obviaverunt
1721 1174 1849 1227 sibi.
1913 1173 2011 1227 Se-

370 1259 590 1329 quitur,
621 1260 842 1315 Justitia
863 1262 913 1314 et
938 1277 1052 1330 pax
1081 1263 1343 1316 osculata:
1361 1270 1508 1316 sunt.
1532 1263 1644 1317 lloc
1667 1263 1738 1316 ad
1764 1279 1869 1317 nos
1892 1277 2015 1334 per-

368 1348 534 1412 tinet,
558 1349 716 1420 quia,
747 1349 1011 1404 veniente
1033 1349 1522 1420 Christo,justitia
1540 1356 1587 1406 et.
1611 1368 1722 1420 par
1751 1367 1854 1422 per
1876 1367 2012 1422 gra‘

367 1437 509 1493 tiam
535 1438 663 1509 ejus
701 1437 758 1492 in
818 1438 1156 1494 hominibus
1207 1446 1621 1494 convenerunt.
1684 1441 1830 1494 Nota
1879 1440 2016 1511 quia

370 1531 418 1584 si
441 1545 556 1584 non
581 1527 864 1582 amaveris
890 1543 1236 1599 pacem,non
1263 1528 1524 1585 habebis.
1544 1531 1752 1584 Amant
1774 1529 1930 1584 enim
1955 1545 2017 1584 se

369 1619 485 1673 duo
519 1617 876 1688 istajustitia
899 1626 947 1670 et
979 1633 1117 1686 μαλ’,
1151 1621 1207 1671 et
1237 1617 1580 1672 osculantur
1628 1635 1708 1683 se,
1773 1623 1856 1684 ut,
1915 1619 2014 1689 qui

371 1705 897 1776 feceritjustitiam,
934 1705 1187 1760 inveniat
1221 1723 1440 1777 pacem.
1476 1707 1711 1778 Oportet
1761 1723 1896 1778 ergo
1955 1711 2018 1760 ut

378 1797 660 1870 praecedat
680 1797 924 1865 justitz‘a,
958 1799 1013 1850 et
1044 1801 1328 1866 sequatur
1357 1813 1502 1866 par;
1556 1797 1776 1866 justitz’a
1837 1795 2014 1852 dicit:

374 1891 496 1942 Non
525 1887 740 1957 furtum
767 1884 960 1956 facies,
995 1900 1099 1937 non
1131 1885 1473 1939 adulterabis
1502 1886 1693 1956 (Exod.
1719 1886 1812 1953 xx)
1839 1901 1850 1951 ;
1901 1901 2014 1939 non

375 1975 552 2031 facias
583 1974 744 2029 alteri
775 1975 926 2044 quod
949 1974 1064 2043 pati
1092 1990 1202 2025 non
1229 1973 1314 2027 vis
1338 1974 1484 2044 (Tob.
1511 1974 2014 2046 1v;lll,atth.xxvn).

378 2065 507 2120 Ilaec
541 2063 780 2120 forsitan
815 2061 1160 2123 contemnis,
1181 2066 1236 2115 et
1266 2061 1408 2116 dicit
1436 2062 1540 2116 tibi
1567 2080 1684 2134 pax
1705 2082 1722 2117 :
1754 2061 1900 2126 Quid
1927 2079 2018 2117 me

373 2153 624 2226 quatris‘?
653 2151 853 2206 Amica
870 2167 1002 2205 sum
1021 2149 1283 2221 justitire,
1311 2167 1722 2222 quemcunque
1745 2150 2017 2206 invenero

372 2243 679 2299 inimicum
710 2241 907 2296 amicae
942 2258 1102 2310 mea),
1135 2240 1204 2294 ad
1237 2239 1403 2294 illum
1458 2257 1570 2295 non
1628 2242 1857 2296 accedo.
1919 2241 2018 2297 Vis

371 2349 506 2405 ergo
537 2330 731 2391 venire
761 2331 830 2385 ad
865 2347 1064 2402 pacem
1085 2329 1111 2383 ‘t
1146 2331 1231 2383 fac
1265 2329 1584 2400 justitiam.
1649 2330 1810 2385 Unde
1868 2329 2018 2386 alius

371 2421 638 2494 psalmus
668 2419 844 2474 dicit:
879 2421 1104 2473 Dec/ina
1129 2421 1346 2485 anmlo,
1379 2423 1536 2488 etfae
1586 2421 1786 2475 bonum
1844 2420 2015 2490 (Psat.

369 2511 579 2580 xxxvx).
613 2509 731 2563 Hoc
758 2509 914 2562 enim
947 2508 1132 2561 facere
1163 2514 1252 2562 est
1275 2509 1592 2577 justitiam,
1615 2515 1670 2563 et
1697 2509 1779 2563 sic
1801 2511 2022 2580 inquire

366 2615 588 2671 pacem,-
621 2601 670 2652 et
700 2612 922 2666 sequere
939 2612 1060 2650 eam
1081 2600 1138 2650 et
1160 2595 1479 2665 justitiam,
1509 2600 1566 2650 et
1588 2596 1814 2666 justitia
1835 2602 1889 2652 et
1908 2615 2019 2669 pax

369 2705 431 2743 se
461 2685 802 2742 osculantur
831 2684 935 2738 sic.
969 2683 1130 2747 Quod
1159 2688 1354 2737 autem
1386 2689 1451 2738 ut
1512 2685 1632 2751 fiat,
1694 2687 1896 2740 Veritas
1952 2685 2018 2741 de

368 2786 518 2834 terra
549 2776 787 2840 ortaest,
818 2773 876 2827 id
910 2777 1017 2836 est,
1050 2771 1317 2826 Christus
1349 2772 1447 2842 qui
1481 2773 1550 2826 de
1583 2773 1896 2845 semetipso
1928 2774 2014 2828 di-

369 2867 481 2922 cit:
513 2867 621 2936 Ego
651 2880 774 2918 sum
805 2864 913 2929 via,
938 2869 989 2917 et
1022 2862 1240 2927 veritas,
1274 2863 1323 2915 et
1353 2863 1465 2915 vita
1515 2862 1690 2930 (Joan.
1744 2863 1884 2933 xxv).
1938 2867 2017 2918 De

369 2955 609 3028 Virgine
639 2951 822 3008 Maria
854 2954 1145 3017 nascetur,
1179 2956 1231 3004 et
1261 2951 1597 3021 sicjustitia,
1631 2950 1689 3005 id
1720 2956 1810 3007 est
1847 2953 2015 3022 fides,

367 3043 731 3115 justiﬁcans,
759 3039 823 3096 de
851 3041 978 3094 caelo
995 3041 1295 3110 prospexit,
1321 3039 1543 3094 scilicet
1567 3041 1632 3094 de
1655 3039 1892 3096 homine
1909 3041 2017 3096 Do-

374 3132 590 3206 minico
622 3147 728 3186 nos
761 3130 1092 3201 prospiciet.
1130 3129 1194 3182 Et
1249 3129 1402 3183 unde
1452 3129 1558 3183 hoc
1586 3131 1611 3183 ?
1647 3131 1855 3185 Etenim
1911 3131 2012 3188 Do-

2121 549 2230 604 sibi
2255 551 2635 606 conformato.
2662 551 2821 606 Unde
2843 550 3057 608 Paulus
3081 569 3094 606 :
3131 551 3196 608 Ut
3223 551 3362 606 sciat
3391 549 3774 620 unusquisque

2114 640 2390 710 possidere
2427 657 2522 696 vas
2552 657 2717 695 suum
2755 641 2815 695 in
2856 642 3286 711 sanctiﬁcatione
3331 642 3381 695 et
3424 639 3772 702 honore,n0u

2121 730 2180 783 in
2235 731 2490 800 passione
2557 729 2844 794 desiderii,
2899 729 3039 785 sicut
3089 733 3274 800 gentes
3331 742 3458 802 quae
3513 729 3774 798 ignorant

2124 823 2298 872 Deum
2331 821 2381 885 (Ι
2410 819 2582 874 Thess.
2619 822 2715 887 IV).
2749 817 2854 873 Vel
2885 819 2989 886 sic,
3017 823 3076 874 ut
3111 818 3386 874 inhabitet
3412 817 3604 886 gloria
3660 815 3772 872 im-

2121 907 2513 974 mortalitatis,
2537 907 2893 979 relinquitur
2910 912 2974 962 ut
2993 923 3096 978 per
3113 905 3570 962 inob'edientiam
3592 921 3773 978 quam

2121 1011 2422 1050 servamus
2449 994 2672 1049 homini
2697 995 2862 1050 Domi
2872 995 3022 1063 nico,
3038 999 3362 1050 revertatur
3380 993 3570 1067 gloria
3586 993 3775 1050 incor-

2123 1081 2526 1154 ruptibilitatis
2551 1083 2620 1137 ad
2641 1086 2853 1138 terram
2883 1089 3164 1139 nostram.
3188 1083 3575 1140 Misericordia
3603 1092 3655 1138 et
3681 1100 3775 1138 ve-

2119 1171 2254 1225 ritas
2287 1171 2642 1226 obviaverunt
2671 1173 2801 1226 sibi.
2835 1171 3009 1236 Quasi
3041 1173 3235 1228 dicat:
3259 1171 3350 1228 Sic
3383 1173 3642 1244 loquetur
3669 1174 3773 1228 Do-

2123 1261 2304 1314 minus
2321 1276 2511 1331 pacem
2529 1275 2692 1331 super
2709 1265 2924 1316 sanctos
2943 1277 3068 1316 suos
3080 1269 3132 1316 et
3156 1263 3214 1315 in
3231 1276 3316 1318 eos
3326 1263 3424 1333 qui
3441 1265 3776 1318 convertun-

2123 1357 2213 1403 tur
2239 1348 2308 1404 ad
2338 1364 2450 1414 cor,
2484 1349 2621 1419 quia
2643 1349 3024 1405 misericordia
3053 1353 3104 1406 et
3131 1349 3333 1406 veritas
3349 1350 3700 1407 convenient
3713 1350 3773 1407 in

2124 1437 2274 1509 ipso,
2295 1438 2517 1508 justitia
2544 1441 2592 1494 et
2619 1455 2732 1510 pax
2761 1439 3026 1495 osculatae
3069 1447 3198 1494 sunt
3261 1441 3322 1495 in
3375 1439 3554 1510 nobis,
3612 1439 3775 1513 quia,

2117 1527 2424 1598 justiﬁcati
2464 1545 2564 1600 per
2592 1529 2810 1600 ipsum,
2845 1544 3046 1600 pacem
3080 1545 3212 1584 cum
3247 1527 3362 1584 Deo
3418 1527 3778 1586 habebimus

2127 1632 2228 1688 per
2259 1616 2451 1688 ipsum
2475 1618 2730 1688 (Rom.v).
2767 1616 2834 1671 Et
2863 1617 3156 1688 quomodo
3188 1617 3296 1672 hoc
3318 1615 3346 1672 ?
3367 1617 3516 1684 Quia
3568 1621 3782 1674 veritas

2125 1705 2192 1760 de
2219 1709 2366 1761 terra
2395 1711 2510 1762 orta
2543 1710 2638 1773 est,
2673 1705 2730 1761 id
2764 1709 2876 1772 est,
2924 1721 3059 1761 vera
3089 1705 3376 1762 confessio
3416 1705 3642 1762 orietur
3705 1724 3774 1763 ex

2127 1794 2488 1864 hominibus,
2523 1795 2663 1867 quia
2693 1793 2841 1849 nihil
2872 1794 3067 1851 verius
3099 1811 3275 1868 quam
3307 1799 3371 1850 ut
3400 1795 3576 1852 homo
3599 1795 3776 1852 ροηδ-

2127 1888 2323 1939 teatur
2353 1901 2414 1939 se
2446 1900 2577 1940 esse
2609 1889 2992 1956 peccatorem.
3025 1885 3189 1948 Quod
3247 1885 3555 1941 attendens
3587 1886 3781 1958 publi-

2127 1989 2310 2027 canus
2345 1973 2924 2044 percutiebatpectus
2955 1989 3152 2044 suum,
3186 1973 3386 2028 dicens
3415 1990 3429 2028 :
3467 1973 3615 2030 Deus
3648 1991 3781 2051 Apro-

2125 2062 2299 2132 pitius
2327 2066 2438 2118 esto
2461 2063 2603 2116 mihi
2626 2063 2902 2133 peceatori
2941 2063 3096 2134 (Luc.
3131 2061 3316 2132 xvm.)
3375 2064 3518 2130 Ecce
3572 2064 3778 2120 veritas

2125 2151 2191 2206 de
2221 2159 2362 2205 terra
2394 2154 2515 2206 orta
2541 2157 2638 2218 est,
2672 2150 2812 2222 quia
2833 2149 3122 2206 confessio
3144 2153 3518 2222 peccatorum
3560 2153 3636 2207 ab
3669 2151 3773 2208 ho-

2128 2239 2286 2296 mine
2317 2239 2466 2295 facta
2490 2243 2596 2295 est.
2617 2239 2727 2294 Sed
2756 2238 2896 2310 quid
2916 2238 3225 2311 sequitur?
3247 2239 3417 2295 Amen
3437 2239 3558 2296 dico
3603 2241 3774 2314 vobis,

2126 2329 2400 2385 descendit
2429 2330 2517 2384 hic
2547 2329 2882 2400 justiﬁcatus
2942 2330 2998 2382 in
3057 2329 3278 2384 domum
3333 2345 3497 2385 suam
3548 2330 3618 2386 ab
3675 2329 3777 2387 illo

2127 2418 2330 2489 (ibid).
2364 2417 2437 2473 Ut
2467 2421 2660 2472 autem
2697 2433 3121 2489 cognoscamus
3151 2417 3291 2488 quia
3317 2419 3520 2474 veritas
3543 2419 3771 2476 confes-

2127 2507 2354 2562 sionem
2384 2507 2697 2579 signiﬁcat,
2739 2505 3051 2561 audiamus
3099 2506 3389 2563 Joannem
3447 2507 3775 2566 dicentem:

2125 2597 2188 2650 Si
2214 2596 2520 2651 dixerimus
2551 2595 2690 2667 quia
2716 2603 2996 2667 peccatum
3023 2610 3132 2651 non
3161 2595 3444 2665 habemus,
3507 2598 3780 2671 nosipsos

2125 2684 2454 2753 seducimus,
2485 2692 2536 2739 et
2565 2685 2764 2740 veritas
2795 2685 2854 2740 in
2883 2684 3040 2740 nobis
3080 2700 3190 2741 non
3246 2693 3328 2742 est
3381 2687 3433 2759 (Ι
3480 2687 3640 2744 Joan.
3703 2688 3767 2761 ι).

2126 2773 2411 2836 Quoniam
2442 2777 2637 2828 autem
2669 2773 2821 2829 facta
2852 2773 3237 2841 confessione,
3273 2774 3416 2831 fides
3435 2775 3779 2847 justiticans

2127 2862 2198 2917 de
2227 2861 2393 2925 caelo,
2429 2862 2485 2916 id
2517 2866 2627 2928 est,
2656 2862 2728 2918 de
2767 2862 3070 2918 divinitate
3119 2879 3227 2919 nos
3282 2864 3623 2938 prospiciat,
3685 2864 3783 2922 ille

2126 2951 2280 3006 idem
2301 2943 2558 3006 Joann'es
2581 2951 2908 3024 subjungit,
2933 2951 3134 3008 dicens
3161 2969 3173 3008 :
3197 2953 3260 3007 Si
3273 2952 3645 3022 eonﬁteamur
3655 2969 3788 3027 pee-

2124 3044 2247 3095 cata
2266 3049 2476 3108 nostra,
2496 3041 2676 3112 ﬁdelis
2693 3049 2769 3097 est
2787 3049 2838 3096 et
2847 3043 3032 3112 justus
3062 3045 3126 3096 ut
3152 3043 3396 3096 remittat
3441 3042 3608 3098 nobis
3633 3059 3782 3112 pee-

2124 3134 2272 3198 cata,
2301 3139 2352 3186 et
2381 3134 2592 3202 purget
2625 3146 2722 3186 nos
2751 3131 2818 3186 ab
2846 3132 3002 3186 omni
3028 3131 3311 3203 iniquitate
3365 3129 3578 3202 (ibid.);
3640 3135 3775 3188 tan-

370 3209 556 3276 minus
584 3220 736 3276 dabit
767 3219 1180 3287 benignitatem,
1213 3217 1268 3272 id
1303 3223 1412 3288 est,
1447 3219 1840 3275 abundantem
1886 3237 2014 3292 gra-
2045 3207 2087 3274 C
2126 3235 2303 3290 quam
2319 3217 3770 3275 sidiceretdivinascientia:Parcamushuichomi-

363 3312 527 3382 tiam,
563 3320 612 3366 et
641 3311 724 3366 sic
755 3318 899 3364 terra
932 3317 1137 3372 nostra,
1161 3325 1288 3379 quae
1321 3307 1483 3379 prius
1509 3307 1857 3379 germinavit
1885 3309 2005 3380 spi-

361 3417 468 3457 nas
489 3405 546 3456 et
569 3398 840 3465 tribulos,
871 3398 1020 3453 dabit
1048 3399 1289 3469 fructum
1319 3413 1498 3462 suum,
1525 3396 1780 3453 fructum
1815 3397 2008 3452 videli-

359 3495 450 3546 cet
479 3491 640 3545 bona:
672 3487 1063 3560 operationis:
1099 3492 1154 3542 ct
1181 3487 1291 3541 hoc
1345 3503 1459 3542 non
1492 3503 1561 3542 ex
1617 3487 1844 3555 merito,
1903 3489 2005 3542 sed

355 3595 422 3634 ex
449 3577 642 3650 gratia
675 3577 796 3642 Dei,
825 3577 1218 3648 quiajustitia,
1243 3575 1510 3630 Christus
1541 3575 1806 3631 videlicet
1837 3593 1870 3630 a
1891 3593 2004 3648 quo

352 3667 638 3740 processit
659 3667 850 3722 omnis
867 3666 1122 3735 justitia,
1146 3668 1270 3718 ante
1300 3682 1424 3719 eum
1453 3667 1756 3720 mnbulavit
1778 3683 1796 3720 :
1814 3665 2004 3738 fungi-

350 3761 448 3812 tur
477 3756 741 3812 videlicet
767 3755 889 3810 vice
929 3753 1128 3826 legati,
1189 3753 1720 3808 reconciliationem
1781 3755 2000 3810 faciens

352 3845 505 3901 inter
536 3862 772 3900 summa
795 3848 852 3899 et
880 3843 1017 3909 ima,
1053 3852 1106 3898 et
1131 3850 1293 3914 ponet
1332 3858 1548 3910 gressus
1573 3859 1716 3912 suos,
1780 3842 1836 3896 id
1894 3847 2001 3913 est,

353 3933 690 3988 affectiones
722 3950 881 4002 suas,
915 3935 976 3986 in
1009 3933 1187 3996 via,id
1210 3938 1316 4002 est,
1338 3931 1395 3985 in
1425 3931 1896 4003 hominibusjam
1913 3932 2004 3987 via

354 4038 462 4077 sua
489 4021 673 4076 factis.
698 4025 954 4076 Possunt
979 4021 1251 4092 superius
1273 4021 1536 4093 qumdam
1559 4019 1726 4074 aliter
1745 4009 1996 4092 legi,sic:

356 4113 425 4167 Et
453 4126 616 4180 super
642 4112 856 4164 sanctos
885 4126 1027 4175 suos,
1061 4109 1114 4162 id
1151 4115 1260 4176 est,
1295 4127 1478 4180 grana
1510 4109 1566 4163 in
1597 4109 1842 4164 Judaico
1895 4126 2002 4182 po-

356 4199 516 4275 pulo,
549 4209 600 4256 et
629 4201 687 4254 in
717 4214 804 4255 eos
835 4201 933 4270 qui
958 4205 1348 4252 convertuntur
1376 4199 1444 4252 ad
1465 4214 1575 4253 cor.
1606 4201 1724 4253 Hoc
1757 4199 1826 4253 de
1859 4215 1998 4272 gen-

355 4291 514 4348 tibus
535 4290 755 4346 dietum
787 4292 896 4356 est,
929 4303 1056 4358 qua“:
1081 4301 1293 4341 aversa:
1323 4291 1488 4341 erant
1517 4304 1550 4342 a
1605 4288 1797 4357 corde,
1862 4287 2002 4360 quia

355 4381 473 4436 vim
508 4378 750 4435 rationis
782 4377 1121 4443 amiserant,
1180 4375 1365 4429 Deum
1422 4375 1789 4447 ignorabant,
1845 4376 2000 4432 idola

357 4469 699 4533 adorabunt,
732 4468 1028 4520 creaturas
1059 4463 1314 4518 Creatori
1363 4465 1816 4536 praeponebant;
1859 4482 1996 4522 con-

2117 3308 2198 3373 ni,
2223 3307 2362 3380 quia
2381 3306 2507 3380 ipse
2531 3324 2644 3362 non
2661 3307 2848 3380 parcit
2876 3307 2987 3363 sibi
3020 3324 3032 3362 :
3056 3307 3449 3381 ignoscamus,
3479 3307 3618 3379 quia
3637 3306 3772 3381 ipse

2117 3413 2179 3452 se
2209 3397 2493 3469 agnoscit.
2527 3395 2858 3452 Conversus
2887 3401 2978 3452 est
3007 3397 3079 3452 ad
3111 3413 3174 3454 se
3206 3397 3593 3470 puniendum,
3628 3413 3774 3454 con-

2114 3490 2305 3542 vertar
2325 3502 2428 3558 ego
2461 3485 2531 3541 ad
2549 3502 2683 3542 eum
2702 3485 3098 3541 liberandum.
3113 3486 3257 3542 Ecce
3280 3486 3532 3560 qualiter
3534 3488 3781 3558 justitia

2113 3575 2176 3631 de
2207 3577 2337 3631 caelo
2361 3577 2662 3647 prospexit,
2687 3575 2796 3630 hoc
2827 3578 3022 3632 autem
3054 3592 3172 3631 non
3203 3593 3273 3631 ex
3303 3576 3533 3646 merito,
3569 3575 3676 3632 sed
3708 3591 3777 3634 ex

2114 3665 2322 3736 gratia.
2360 3664 2582 3720 Etenim
2616 3666 2886 3720 Dominus
2915 3665 3072 3720 dabit
3103 3665 3517 3734 benignitatem,
3549 3665 3611 3720 id
3669 3669 3776 3734 est,

2117 3754 2366 3826 gratiam
2391 3753 2789 3810 abundantem
2826 3758 2889 3809 ut
2919 3753 3163 3826 incipiat
3193 3753 3484 3811 delectare
3513 3753 3769 3826 justitia,

2113 3858 2288 3914 quem
2321 3841 2507 3914 primo
2526 3841 2856 3898 delectabat
2878 3842 3160 3916 iniquitas
3185 3847 3276 3912 ;et
3300 3844 3402 3916 qui
3421 3844 3617 3916 primo
3630 3859 3773 3918 gau-

2115 3933 2294 3987 debas
2315 3931 2615 3999 ebrietate,
2639 3932 2897 4004 gaudeas
2914 3949 3069 3987 nunc
3091 3934 3403 3989 sobrietate
3427 3951 3440 4002 ;
3467 3949 3644 4004 quem
3662 3932 3779 4005 pri-

2111 4037 2275 4075 mum
2302 4020 2625 4076 delectabat
2641 4017 2832 4076 aliena
2851 4020 3330 4094 rapere,delectet
3351 4038 3509 4077 nunc
3535 4021 3776 4095 propria

2109 4109 2344 4182 largiri:
2375 4113 2423 4165 et
2454 4109 2537 4166 sic
2571 4114 2721 4165 terra
2748 4119 2937 4166 nostra
2964 4109 3127 4166 dabit
3177 4113 3421 4182 fructum
3463 4126 3654 4177 suum,
3717 4113 3774 4166 et

2109 4198 2219 4253 hoc
2248 4197 2400 4263 ideo,
2433 4197 2574 4269 quia
2592 4196 2914 4269 justitia,id
2949 4202 3058 4254 est:
3089 4199 3380 4254 confessio
3412 4201 3620 4257 nostra
3637 4213 3771 4271 qua

2111 4291 2200 4342 est
2229 4286 2531 4343 hominem
2555 4285 2914 4357 justificans.
2951 4287 3117 4344 Unde
3146 4287 3331 4344 illud:
3370 4287 3540 4343 Corde
3583 4287 3768 4343 credi-

2109 4383 2200 4430 tar
2229 4375 2299 4430 ad
2320 4376 2602 4447 justitiam
2631 4375 2807 4447 (Rom.
2840 4377 2922 4447 x).
2955 4378 3090 4432 Ante
3149 4393 3272 4434 eum
3326 4375 3660 4448 ambulabit,
3709 4373 3770 4432 id

2109 4467 2218 4530 est,
2250 4463 2496 4520 Domino
2528 4463 2894 4537 beneplacita
2922 4465 3054 4532 erit,
3085 4465 3226 4538 quia
3255 4465 3340 4522 sic
3399 4472 3568 4538 ponet
3616 4479 3772 4534 gres-

355 4571 534 4611 versa:
553 4556 788 4610 fuerunt
808 4552 877 4608 ad
905 4569 1015 4625 cor,
1047 4552 1105 4608 id
1135 4560 1240 4616 est,
1265 4553 1335 4608 ad
1381 4554 1660 4610 rationem
1719 4555 1995 4611 insisten-
2025 4577 2074 4643 D
2104 4569 2196 4610 sus
2223 4569 2348 4609 suos
2377 4554 2436 4608 in
2466 4554 2579 4621 via,
2613 4553 2670 4609 id
2703 4557 2812 4621 est,
2871 4554 3206 4612 affectiones
3261 4570 3402 4611 suas
3453 4553 3514 4610 in
3571 4552 3769 4609 homi-

356 4643 513 4710 dam,
547 4643 782 4714 quando
815 4659 876 4698 se
909 4643 1246 4698 immundos
1279 4647 1336 4698 et
1365 4645 1537 4715 quasi
1577 4660 1781 4714 porcos
1827 4643 1994 4700 intel-

357 4732 642 4803 lexerunt,
667 4737 902 4804 peccata
927 4733 1324 4800 attenderunt,
1351 4733 1645 4787 medicum
1677 4732 1786 4788 sibi
1809 4749 2002 4790 neces-

355 4822 578 4879 sarium
593 4827 963 4894 putaverunt.
1002 4824 1378 4878 Verumtamen
1396 4837 1565 4893 prope
1585 4823 1834 4879 timentes
1850 4840 1996 4880 eum.

355 4912 528 4979 Quasi
555 4911 748 4968 dicat:
785 4911 940 4966 Licet
981 4929 1092 4984 pax
1125 4911 1375 4979 Domini,
1435 4911 1552 4967 sive
1614 4929 1724 4984 pax
1782 4913 1998 4984 futura,

354 5004 472 5058 vita
502 5001 724 5058 scilicet
745 5005 977 5069 aeterna,
1014 5001 1130 5055 sive
1154 5000 1544 5056 reconciliatio
1578 5001 1726 5073 ipsa,
1759 5019 1861 5075 per
1915 5021 2004 5059 sa-

355 5092 635 5165 pientiam
667 5091 762 5146 Dei
787 5090 974 5144 Patris
1006 5089 1263 5144 humano
1288 5089 1483 5160 generi
1507 5090 1782 5162 exhibita,
1807 5093 2003 5147 futura

358 5181 436 5237 sit
453 5199 630 5254 super
650 5197 736 5236 eos
753 5198 846 5251 qui
869 5180 1348 5236 conrertuntzwad
1378 5196 1486 5248 eor,
1521 5184 1714 5236 tamen
1735 5198 1800 5236 su
1809 5186 2003 5253 perest

359 5275 426 5326 ut
453 5271 553 5344 qui
585 5274 721 5335 stat,
753 5271 942 5325 videat
973 5288 1064 5338 ne,
1127 5271 1294 5325 cadat
1342 5272 1388 5342 (I
1441 5268 1566 5325 Cor.
1627 5273 1748 5342 x11),
1808 5276 1872 5326 ut
1930 5271 1999 5327 il-

361 5360 424 5426 li,
457 5359 724 5415 videlicct
773 5359 872 5430 qui
931 5359 1193 5415 conversi
1249 5364 1391 5414 sunt
1447 5359 1517 5414 ad
1577 5376 1893 5428 corsuum,
1926 5361 1998 5416 ti-

362 5453 560 5506 meant
588 5465 660 5504 ne
679 5448 888 5503 iterum
923 5465 1025 5520 per
1047 5447 1577 5521 prazvaricationem
1599 5466 1766 5504 suam
1787 5451 2002 5508 acorde

361 5539 651 5604 recedant,
713 5537 850 5608 quia
885 5555 1060 5610 prope
1089 5538 1282 5594 taliter
1324 5541 1573 5594 timentes
1621 5543 1700 5594 est
1755 5541 2002 5597 salutare

359 5628 557 5704 ipsius,
591 5625 663 5686 ad
688 5625 798 5686 hoc
827 5625 1096 5688 videlicet
1124 5631 1184 5684 ut
1204 5627 1472 5686 inhabitet
1496 5626 1703 5700 gloria,
1735 5627 2002 5713 Christus

2106 4643 2302 4699 nibus.

2619 4731 2744 4787 PSA
2755 4731 2945 4788 LMUS
2988 4731 3250 4788 LXXXV.

2717 4838 2922 4877 ORATIO
2963 4837 3157 4878 DAVID.

2187 4933 2213 4960 «
2242 4910 2484 4980 Inclina,
2519 4910 2785 4977 Domine,
2821 4927 3020 4966 aurem
3052 4915 3238 4980 tuam,
3270 4912 3328 4967 et
3377 4910 3589 4966 exaudi
3649 4925 3764 4982 me,

2112 5025 2139 5052 ‹‹
2173 5000 2452 5074 quoniam
2483 5000 2650 5072 inops
2680 5003 2736 5055 et
2767 5016 2988 5072 pauper
3012 5016 3144 5055 sum
3177 5015 3304 5073 ego.
3339 4998 3583 5056 Custodi
3634 4999 3765 5056 ani-

2111 5115 2139 5140 ‹‹
2173 5107 2331 5146 mam
2348 5088 2848 5160 meam,quoniam
2865 5092 3104 5144 sanctus
3117 5105 3248 5144 sum
3267 5107 3279 5144 :
3297 5088 3523 5146 salvum
3545 5088 3636 5144 fac
3649 5103 3765 5145 ser-

2112 5204 2138 5230 «
2174 5196 2311 5235 vum
2337 5184 2527 5244 tuum,
2557 5179 2706 5234 Deus
2723 5193 2910 5247 meus,
2939 5183 3272 5250 sperantem
3303 5177 3364 5234 in
3385 5182 3462 5235 to.
3484 5177 3764 5234 Miserere

2117 5290 2138 5319 α
2173 5270 2308 5325 mei.
2339 5267 2600 5336 Domine,
2634 5267 2910 5339 quoniam
2945 5268 3014 5322 ad
3042 5271 3098 5324 te
3145 5266 3390 5323 clamavi
3450 5271 3574 5322 tota
3622 5266 3760 5323 die:

2113 5385 2139 5411 «
2173 5358 2403 5416 laztifica
2433 5357 2690 5413 animam
2726 5373 2915 5412 meam
2947 5357 3097 5413 servi
3126 5356 3234 5424 tui,
3269 5356 3552 5430 quoniam
3575 5357 3652 5412 ad
3681 5360 3758 5426 te,

2113 5473 2141 5501 ‹‹
2172 5447 2433 5514 Domine,
2466 5447 2725 5502 animam
2749 5463 2939 5502 meam
2971 5445 3171 5503 levavi.
3204 5445 3491 5513 Quoniam
3523 5449 3612 5513 tu,
3645 5445 3758 5502 Do-

2111 5563 2139 5589 ‹‹
2174 5538 2350 5608 mine,
2375 5537 2528 5592 savis
2545 5539 2604 5591 et
2632 5535 2816 5602 mitis,
2840 5540 2897 5590 et
2918 5536 3113 5592 multa;
3133 5533 3553 5594 misericordia
3575 5533 3758 5590 omni-

2112 5651 2141 5682 «
2172 5629 2284 5688 bus
2301 5624 2708 5686 invocantibus
2726 5628 2803 5684 te.
2825 5625 3082 5685 Auribus
3093 5624 3751 5704 percipe,Domine,ora-
