4024 6192
256 349 373 418 897

1375 351 1987 417 ENABRATIONES
2034 351 2111 415 IN
2156 355 2538 421 PSALMOS.

3545 346 3668 424 598

256 489 473 545 venient
496 495 551 544 et
567 487 872 545 adorabunt
899 504 1082 544 coram
1105 497 1173 559 te,
1199 490 1896 545 Domine.Attendendum
1931 492 1984 555 Α
2015 505 2165 543 care.
2198 495 2392 546 Potest
2414 493 2526 565 legi
2548 509 2796 564 persona
2819 490 3027 564 capitis
3077 489 3232 564 quod
3272 489 3413 548 dicit
3467 495 3663 549 eruisti

254 579 522 651 estquod
557 579 716 646 dicit,
752 581 1016 645 Domine;
1076 580 1212 650 quia
1273 581 1328 632 in
1392 580 1594 634 eadem
1657 597 1907 650 persona

255 684 458 723 servus
479 673 532 722 et
553 668 877 722 Dominus:
915 669 1218 730 Dominus,
1249 667 1304 720 in
1338 685 1402 721 eo
1429 669 1580 738 quod
1607 669 1904 734 Verbum;

254 774 480 823 servus,
508 757 564 810 in
599 773 664 810 eo
699 759 848 828 quod
871 757 1065 810 homo.
1093 757 1358 811 Christus
1375 774 1511 827 ergo
1536 759 1604 811 ad
1635 758 1905 827 seipsum

253 847 553 917 loquitur:
589 846 728 917 quia
761 846 933 900 homo
967 847 1036 899 ad
1071 847 1324 900 Verbum
1379 847 1488 900 sibi
1525 847 1910 917 personaliter

259 936 514 990 unitum.
552 935 616 988 Et
646 934 1068 1006 gloriticabitur
1084 953 1294 989 nomen
1318 942 1485 989 tuum
1513 935 1567 988 in
1599 941 1901 989 aeternum:

256 1030 312 1077 et
346 1024 573 1091 merito,
611 1025 745 1094 quia
772 1042 997 1093 magnus
1028 1041 1082 1078 es
1112 1029 1191 1089 tu,
1230 1025 1308 1078 ita
1342 1029 1402 1077 ut
1433 1025 1631 1078 nullus
1659 1042 1908 1095 magnus

255 1112 593 1167 inhumano
621 1129 830 1183 genere
855 1114 959 1167 tibi
986 1115 1168 1183 possit
1193 1115 1714 1183 comparari,juxta
1738 1114 1902 1168 illud:

254 1202 528 1272 Propheta
559 1220 790 1272 magnus
840 1206 1087 1256 surrexit
1145 1206 1201 1255 in
1257 1205 1416 1256 nobis
1460 1205 1607 1273 (Lar.
1642 1205 1764 1272 vii).
1821 1206 1904 1257 'l‘u

252 1295 463 1362 faciens
494 1293 778 1345 mirabilia
805 1291 912 1345 etsi
946 1291 1042 1344 alii
1079 1291 1262 1346 facere
1299 1292 1621 1355 videantur,
1657 1299 1710 1345 et
1743 1296 1802 1346 tu
1853 1310 1905 1346 es

254 1381 394 1434 Deus
413 1381 561 1434 solus
580 1397 597 1438 :
629 1385 687 1434 et
719 1381 847 1433 ideo
877 1380 1046 1433 deduc
1101 1398 1204 1446 me,
1268 1383 1510 1448 Domine,
1575 1384 1628 1434 in
1671 1384 1761 1434 eiu
1811 1393 1903 1436 tua

257 1469 540 1540 positum,
575 1475 631 1522 et
665 1470 753 1522 fac
785 1486 875 1522 me
909 1485 1275 1538 perseverare
1310 1470 1364 1522 in
1411 1471 1712 1540 praeceptis
1744 1471 1858 1523 tuis
1887 1489 1897 1523 :

254 1557 391 1628 quia
420 1575 534 1611 non
565 1558 695 1612 veni
730 1563 786 1611 ut
815 1558 1024 1627 faciam
1054 1558 1392 1612 voluntatem
1419 1575 1616 1623 meam,
1661 1559 1752 1612 sed
1812 1576 1900 1612 ro-

254 1647 525 1701 tuntatem
555 1649 671 1717 ejus
700 1649 797 1719 qui
844 1649 993 1700 misit
1051 1664 1154 1713 me,
1208 1649 1394 1701 Patris
1453 1650 1628 1718 (Joan.
1689 1649 1800 1718 vi):
1853 1659 1902 1702 et

257 1737 560 1806 ingrediar,
595 1737 651 1789 id
685 1742 774 1790 est
803 1735 1210 1808 ingrediantur
1233 1737 1369 1801 mei,
1403 1738 1459 1791 id
1495 1743 1581 1790 est
1610 1737 1803 1790 vivant
1845 1738 1897 1789 in

2017 582 2263 633 animum
2297 598 2471 634 meam
2498 599 2565 635 ar
2587 586 2807 652 inferno
2825 584 3109 654 inferiori,
3153 599 3219 637 ex
3246 586 3478 654 peccato
3503 582 3664 637 vide-

2015 669 2166 732 licet,
2203 669 2308 723 etsi
2343 687 2456 723 non
2491 688 2556 724 ex
2587 674 2771 742 paruis
2807 673 3022 740 peccati
3049 691 3060 728 :
3084 671 3171 728 vel
3193 674 3389 727 eruisti
3417 673 3664 727 animam

2017 776 2191 812 meum
2219 776 2281 812 at
2317 761 2530 827 inferno
2562 763 2843 831 iii/Priori,
2880 763 2935 816 id
2979 767 3085 830 est,
3149 779 3216 817 ex
3267 760 3658 832 corruptione,

2019 847 2208 901 carnis
2243 848 2298 900 in
2335 848 2619 918 sepulcro.
2657 851 2815 904 Unde
2840 851 3015 906 alibi:
3061 856 3181 906 Non
3223 851 3376 906 dabis
3414 855 3662 905 sanctum

2017 943 2173 991 tuum
2206 938 2385 991 videre
2414 942 2817 1008 corruptionem
2852 942 3024 1009 (Psal.
3068 940 3485 1011 xv).lpseenim
3507 940 3664 995 sicut

2020 1029 2310 1081 nascendo
2335 1027 2488 1081 venit
2521 1030 2570 1080 in
2598 1030 2904 1094 mundum,
2941 1031 3021 1083 ita
3038 1031 3337 1086 moriendo
3360 1029 3664 1086 descendit

2018 1115 2073 1168 in
2107 1117 2400 1170 infernum
2429 1135 2440 1183 ;
2477 1117 2575 1170 sed
2612 1135 2723 1171 non
2759 1118 2834 1172 ibi
2869 1120 3168 1189 remansit,
3196 1120 3354 1191 quia,
3379 1121 3662 1176 suisinde

2016 1205 2295 1266 liberatis,
2333 1223 2462 1259 cum
2502 1211 2784 1275 potestate
2817 1208 3008 1262 rediit.
3049 1214 3210 1275 Deus,
3262 1211 3444 1280 iniqui
3471 1212 3658 1266 insur-

2015 1304 2275 1348 rererunt
2302 1298 2356 1346 in
2383 1313 2482 1348 me.
2510 1296 2667 1348 istud
2694 1297 3068 1350 continuatur
3089 1299 3159 1351 ad
3188 1298 3662 1371 superius,quasi

2015 1384 2202 1437 dicat:
2241 1385 2543 1448 Dt‘tlltt.‘711(’,
2576 1387 2826 1454 Domine,
2855 1388 2911 1439 in
2943 1388 3032 1440 via
3075 1390 3206 1440 tua:
3265 1393 3322 1442 et
3367 1405 3514 1458 opus
3553 1393 3660 1456 est,

2014 1473 2150 1543 quia
2182 1472 2367 1542 iniqui
2401 1473 3029 1546 insurrexeruntsuper
3049 1493 3135 1531 me
3160 1492 3171 1529 :
3196 1476 3304 1544 vel,
3339 1479 3662 1533 secundum

2012 1561 2184 1615 aliam
2207 1563 3097 1634 translationem,praetereuntes
3119 1565 3652 1636 iniquiinsurrexe-

2013 1657 2148 1704 runt
2180 1669 2357 1721 super
2391 1670 2499 1704 me.
2534 1653 2588 1705 Si
2622 1654 2691 1706 de
2725 1653 2910 1723 capite
2947 1655 3054 1708 hoc
3086 1653 3358 1726 legimus,
3418 1656 3657 1712 Judaeos

2013 1744 2429 1810 prietel'euntes
2463 1741 2649 1811 legem
2685 1742 3037 1812 accipiemus
3072 1759 3084 1796 :
3117 1743 3256 1813 quia
3302 1742 3411 1814 ipsi
3465 1743 3656 1816 legem

248 1826 484 1879 veritate
510 1829 624 1891 tua,
662 1825 715 1877 id
742 1829 849 1890 est,
887 1826 944 1878 in
979 1826 1280 1896 praeceptis
1303 1825 1418 1879 tuis
1447 1844 1458 1890 ;
1486 1831 1540 1880 et
1567 1825 1902 1882 {getetureor
1934 1860 1980 1923 Β
2011 1835 2377 1899 acceperunt,
2413 1835 2466 1883 et
2500 1832 2898 1900 praetereundo
2933 1831 3287 1903 praevaricati
3333 1835 3508 1887 sunt:
3549 1849 3662 1904 pa-

249 1931 458 1984 meum,
486 1914 539 1966 id
577 1917 663 1967 est
696 1930 793 1967 cor
827 1931 1110 1981 meorum,
1177 1916 1252 1967 ita
1306 1918 1363 1967 ut
1423 1915 1672 1968 timeant
1727 1915 1900 1968 etiam

261 2019 457 2058 nomen
482 2012 660 2056 tuum:
687 2002 823 2073 quia
851 2006 947 2074 qui
973 2005 1437 2067 stat,eavenrlum
1464 2008 1549 2058 est
1572 2004 1619 2058 ei
1645 2021 1714 2057 ne
1737 2005 1880 2058 cada
1930 2008 1949 2056 i

255 2092 300 2162 (l
337 2092 458 2145 Cor.
490 2094 568 2160 Χ).
601 2091 694 2146 Vel
732 2092 814 2146 sic
837 2110 854 2144 :
887 2091 1068 2146 Dcdue
1100 2109 1182 2145 me
1233 2094 1480 2155 Domine,
1532 2097 1584 2146 in
1650 2096 1735 2147 via
1793 2103 1907 2155 tua,

257 2179 317 2233 id
350 2186 456 2246 est,
493 2196 651 2234 meos
675 2181 800 2250 jam
839 2181 1060 2250 positos
1093 2180 1149 2234 in
1173 2181 1262 2234 via
1295 2187 1412 2247 tua,
1441 2182 1724 2235 imitando
1750 2182 1909 2234 Chri-

257 2271 418 2321 stum
451 2266 733 2336 videlicet,
769 2268 867 2339 qui
901 2286 1031 2322 sum
1072 2271 1158 2322 via
1195 2278 1308 2332 tua,
1343 2271 1518 2324 (ledae
1544 2287 1648 2336 me,
1685 2271 1739 2322 id
1799 2276 1906 2331 est,

257 2371 630 2426 perseverare
663 2358 748 2410 fac
785 2374 874 2411 me
904 2358 962 2409 in
1006 2359 1283 2413 mandato
1317 2364 1434 2413 tuo:
1471 2365 1525 2413 et
1573 2359 1656 2413 sic
1718 2360 1909 2431 ingre-

259 2443 498 2496 diantur
525 2448 583 2497 in
612 2448 845 2499 veritate
872 2448 1320 2517 tua,appetendo
1341 2449 1492 2519 quod
1519 2449 1909 2519 appetendum

260 2531 547 2603 principis,
584 2549 699 2586 non
739 2533 880 2586 illud
908 2536 1059 2604 quod
1085 2536 1433 2590 contradicis
1459 2555 1469 2590 :
1498 2537 1580 2589 vel
1609 2542 1670 2589 ut
1705 2538 1909 2601 Adam,

262 2636 436 2692 quem
473 2621 720 2690 posuisti
757 2623 814 2674 in
851 2625 956 2690 vz'a,
1000 2623 1055 2676 id
1089 2628 1176 2677 est
1209 2624 1262 2677 in
1301 2626 1575 2679 mandato
1622 2631 1760 2679 tuo:
1819 2625 1909 2678 cui

263 2708 457 2762 dixisti
486 2725 498 2760 :
536 2709 610 2761 De
641 2709 790 2777 tigno
824 2710 922 2764 illo
946 2728 1057 2764 non
1089 2714 1336 2766 comedas
1363 2716 1510 2783 (Gen.
1548 2717 1607 2782 ii)
1634 2733 1644 2772 :
1673 2715 1770 2768 sed
1796 2731 1909 2767 non

267 2797 726 2868 deduxisti,quia
759 2798 816 2851 in
849 2800 1179 2854 obedientia
1210 2819 1324 2855 non
1358 2803 1608 2872 perstitit
1643 2820 1653 2855 :
1689 2803 1913 2855 la-tetur

265 2903 362 2941 cor
395 2904 591 2940 meum
616 2891 679 2940 ut
710 2890 897 2942 timeat
931 2906 1138 2942 nomen
1167 2895 1352 2944 tuum.
1379 2893 1536 2956 Quod
1566 2909 1763 2945 revera
1793 2893 1908 2955 t'iet,

266 2976 403 3046 quia
437 2976 699 3029 futurum
737 2982 827 3030 est
854 2978 1006 3047 quod
1040 2981 1475 3048 conﬁtebortibi,
1512 2983 1746 3035 Domine
1776 2982 1912 3034 Deus

268 3082 446 3128 meus,
479 3067 538 3118 in
572 3069 680 3119 toto
711 3066 868 3120 corde
896 3083 1031 3137 meo,
1077 3068 1132 3121 id
1164 3072 1270 3137 est,
1307 3069 1415 3122 mei
1477 3071 1914 3124 confitebuntur

271 3154 375 3208 tibi
402 3152 712 3208 laudantes
739 3158 790 3208 te
818 3171 884 3208 ex
911 3157 1068 3208 omni
1093 3157 1263 3210 corde
1289 3174 1300 3210 :
1326 3158 1701 3225 etgloriﬁcabo
1719 3173 1911 3213 nomen
1943 3192 1954 3199 ς

268 3251 424 3297 tuum
458 3243 647 3297 eundo
680 3246 738 3296 in
768 3253 1077 3306 aeternum,-
1109 3250 1164 3298 et
1195 3245 1303 3298 hoc
1327 3247 1506 3315 juste,
1542 3247 1665 3316 quia
1696 3249 1914 3300 miseri-
1949 3226 1989 3290 C

269 3333 452 3386 cordia
478 3340 571 3386 tua
599 3350 802 3402 magna
834 3337 911 3386 est
939 3351 1108 3403 super
1138 3350 1242 3402 me,
1277 3335 1331 3386 id
1367 3340 1453 3387 est
1485 3352 1662 3404 super
1714 3352 1873 3389 meos
1901 3354 1916 3388 :

271 3426 328 3476 et
353 3437 483 3475 ecce
517 3423 828 3492 quomodo,
866 3422 1001 3492 quia
1022 3425 1216 3477 eruisti
1236 3425 1480 3476 animam
1507 3439 1698 3492 meum,
1729 3424 1782 3476 irl
1809 3430 1915 3489 est,

273 3511 534 3564 animam
568 3527 832 3564 meorum
862 3528 929 3564 ex
961 3512 1180 3584 inferno
1203 3512 1480 3580 inferiori.
1507 3513 1650 3566 Nota
1675 3512 1810 3582 quia
1832 3519 1920 3566 est

271 3600 537 3654 infernus
561 3601 827 3670 superior
842 3605 896 3654 et
919 3601 1316 3656 inferiorNita
1335 3601 1490 3654 enim
1507 3602 1616 3655 ista
1632 3608 1917 3672 quantum

273 3689 344 3743 ad
368 3689 710 3759 dignitatem
735 3689 894 3743 illam
929 3691 985 3744 in
1013 3708 1128 3761 qua
1151 3691 1788 3761 suntangeli,inferuus
1808 3691 1919 3745 dici

273 3782 468 3849 potest
493 3779 612 3843 ;sed
648 3779 910 3832 internus
936 3779 1370 3849 iut‘erior,pa:na
1395 3798 1522 3851 quae
1547 3775 1924 3851 consequitur

273 3872 406 3938 post
429 3866 580 3920 hanc
610 3867 810 3936 vitam,
832 3885 994 3938 aqua
1016 3875 1303 3922 eruuntur
1321 3870 1525 3922 anima:
1550 3874 1918 3923 sanctorum:

277 3957 431 4026 quod
467 3955 559 4009 hic
580 3955 742 4021 dicit,
774 3959 972 4010 eruisti
992 3960 1237 4011 animum
1267 3975 1441 4011 meam
1460 3976 1530 4011 ex
1549 3961 1764 4027 in/in'no
1789 3961 1926 4026 in/e-

275 4047 416 4098 riori
441 4043 498 4098 id
531 4051 636 4110 est,
672 4061 736 4098 ex
763 4062 932 4116 paena
964 4045 1255 4113 int'ernali,
1302 4047 1435 4099 licet
1505 4065 1616 4100 non
1677 4048 1926 4101 eruisset

277 4134 508 4188 animas
531 4149 729 4187 eorum
764 4151 830 4188 ex
865 4133 970 4188 hac
987 4135 1189 4198 vita,in
1225 4152 1340 4205 qua
1363 4137 1518 4206 passi
1545 4140 1680 4188 sunt
1708 4135 1926 4188 multas

277 4221 688 4277 tribulationes
721 4228 775 4276 et
803 4223 1072 4278 .niserias
1097 4241 1108 4277 :
1139 4223 1225 4276 vel
1257 4226 1453 4278 eruisti
1480 4227 1726 4278 animum
1753 4242 1928 4278 meam

277 4329 350 4366 ex
388 4314 605 4380 inferno
626 4313 908 4382 inferiori,
940 4314 998 4366 id
1041 4317 1150 4379 est,
1210 4331 1277 4366 ex
1338 4320 1570 4383 peccato
1615 4313 1925 4380 criminali,

277 4400 417 4456 licet
447 4417 560 4454 non
593 4417 660 4454 ex
691 4406 928 4472 peccato
959 4401 1189 4456 veniali.
1225 4402 1322 4456 Vel
1357 4404 1427 4456 ad
1461 4402 1713 4455 litteram
1773 4403 1927 4456 diea-

280 4507 418 4545 mus
445 4506 455 4542 :
493 4491 702 4544 Eruiin
731 4494 983 4546 ani-mam
1018 4509 1192 4546 meam
1222 4509 1292 4546 ea:
1325 4495 1538 4561 inferno
1567 4494 1845 4559 in/eriori,
1871 4492 1924 4544 id

2016 1917 2148 1989 gani
2169 1920 2490 1988 autem,qui
2521 1918 2706 1990 legem
2732 1937 2845 1973 non
2875 1925 3663 1992 acceperunt,prz~etereuntes

2015 1998 2200 2067 legem
2235 2016 2346 2052 non
2381 2005 2557 2052 sunt:
2593 2017 2763 2053 nemo
2813 2001 2968 2053 enim
3031 2001 3284 2072 prteterit
3343 2003 3498 2073 quod
3547 2018 3661 2057 non

2017 2087 2244 2157 accipit.
2283 2089 2339 2140 Si
2381 2094 2574 2142 autem
2611 2090 2679 2143 de
2709 2106 2947 2160 corpore
2981 2090 3188 2144 Christi
3209 2091 3664 2163 versuslegitur,

2018 2176 2371 2246 accipiemus
2396 2177 2579 2247 legem
2607 2179 3243 2249 prmiereuutes,malos
3273 2180 3351 2234 Cb
3365 2179 3662 2247 ristianos,

2020 2265 2118 2334 qui
2154 2267 2412 2335 quotidie
2441 2268 2830 2337 insurguntin
2856 2285 3067 2338 corpus
3094 2267 3408 2337 Christi,de
3451 2267 3668 2339 quibus

2021 2354 2231 2424 quodie
2257 2354 2694 2409 tribulationem
2713 2357 3028 2426 patitur.Et
3057 2373 3338 2426 synagoga
3357 2359 3670 2427 potentium

2020 2446 2352 2513 qumsierunt
2383 2447 2628 2498 animam
2645 2463 2842 2512 meam,
2871 2445 2923 2499 id
2941 2450 3047 2512 est;
3065 2447 3437 2518 congregatio
3452 2447 3668 2517 princi-

2023 2550 2183 2603 pum,
2219 2532 2598 2587 clamantium
2627 2539 2681 2587 et
2712 2535 3029 2588 dicentium
3058 2551 3070 2587 :
3097 2536 3381 2605 Cruciﬁge,
3413 2537 3672 2605 cruci/iga

2019 2639 2143 2674 eum
2159 2623 2336 2690 (Joan.
2357 2626 2846 2689 x1x).Qu:rsierimt
2875 2626 3125 2677 animam
3147 2625 3432 2678 meam.De
3451 2625 3667 2695 quibus

2023 2709 2157 2762 alibi
2184 2727 2195 2763 :
2232 2713 2364 2763 Filii
2393 2711 2677 2764 hominum
2709 2713 2896 2766 (lentes
2927 2729 3112 2766 eorum
3155 2729 3313 2768 arma
3336 2721 3389 2768 et
3430 2715 3666 2782 sagittae,

2021 2803 2069 2851 et
2101 2801 2292 2865 lingua
2315 2816 2504 2852 eorum
2528 2801 2746 2866 gladius
2779 2810 2968 2856 acutus
2997 2802 3167 2872 (Psal.
3207 2802 3354 2872 LXV).
3389 2802 3514 2857 Non
3541 2818 3671 2874 per-

2022 2889 2458 2954 cusserunt,sed
2476 2889 3667 2955 clamaverunt,clamandocruciﬁxeruut.

2026 2976 2089 3029 Et
2122 2994 2234 3030 non
2279 2987 2704 3047 preposuerunt
2740 2981 2918 3033 Deum
2951 2980 3010 3033 in
3039 2985 3350 3051 conspectu
3376 2997 3504 3047 suo,
3528 2979 3670 3051 quia

2025 3083 2136 3119 non
2161 3066 2571 3122 intellexerunt
2594 3085 2770 3139 super
2783 3085 3032 3140 egenum
3049 3075 3104 3124 et
3128 3072 3522 3141 pauperemzet
3542 3068 3671 3124 ideo

2025 3164 2102 3220 tu,
2129 3156 2351 3209 Domine
2370 3160 2526 3221 Deus,
2553 3160 2844 3212 miseralor
2863 3159 2920 3212 in
2952 3159 3327 3224 exhibitione,
3361 3167 3412 3214 et
3450 3160 3672 3214 miseri-

2028 3261 2148 3296 cors
2185 3244 2238 3294 in
2275 3244 2592 3310 ali‘eetione,
2624 3248 3006 3317 patiens,quia
3038 3251 3234 3316 portas
3251 3247 3436 3300 donec
3476 3261 3676 3318 super-

2030 3332 2190 3384 tieias
2212 3333 2489 3386 :e/multce
2522 3335 2916 3390 miscricort‘lize
2937 3334 3486 3404 prazdestinando,et
3506 3351 3678 3389 verax

2032 3420 2089 3472 in
2124 3426 2316 3472 aetum
2362 3421 2624 3474 ducendo
2652 3425 2892 3492 :respit'e
2926 3425 2982 3477 in
3019 3439 3100 3476 me
3149 3427 3200 3476 et
3230 3424 3490 3478 miserere
3546 3425 3675 3489 mei,

2031 3509 2221 3560 dando
2243 3510 2535 3577 imperium
2560 3515 2714 3563 tuum
2745 3511 2887 3563 mihi
2912 3528 3081 3581 puero
3114 3516 3203 3566 tuo
3229 3516 3510 3568 :transeat
3526 3511 3679 3568 vide-

2031 3595 2164 3649 licet
2196 3597 2452 3667 patiendi
2488 3602 2740 3668 tempus,
2774 3605 2829 3652 et
2858 3601 3054 3653 veniat
3084 3604 3318 3671 tempus
3341 3600 3670 3670 judicandi.

2031 3688 2737 3756 Palerenimnonjudit‘ttt
2801 3705 3147 3758 quemquam,
3198 3690 3292 3742 sed
3321 3705 3478 3742 omne
3529 3688 3676 3757 judi-

2033 3777 2174 3829 cium
2207 3777 2352 3829 dedit
2384 3778 2520 3830 Filio
2552 3779 2728 3843 (Joan.
2765 3783 2838 3842 ν).
2871 3779 2996 3848 ipse
3017 3777 3172 3831 enim
3195 3776 3488 3831 videbitur
3508 3775 3678 3831 terri-

2035 3864 2166 3917 bilis
2200 3865 2296 3934 qui
2331 3865 2488 3919 visus
2530 3871 2617 3920 est
2650 3865 3109 3936 contemptibilis
3138 3863 3678 3921 :demonstrabitin

2026 3954 2248 4022 judicio
2282 3955 2624 4023 potentiam,
2657 3955 2754 4024 qui
2789 3954 3110 4009 ostendilin
3127 3969 3294 4009 cruce
3316 3953 3678 4026 patientiam:

2035 4041 2334 4111 apparebit
2369 4043 2422 4094 in
2452 4043 2678 4110 judicio
2709 4043 2908 4108 homo,
2941 4044 3040 4098 sed
3073 4043 3131 4098 in
3192 4044 3452 4099 claritate
3480 4060 3492 4098 :
3546 4043 3686 4115 quia

2037 4130 2187 4183 sicut
2220 4129 2451 4182 vidistis
2487 4147 2620 4184 eum
2656 4130 2756 4202 ire,
2789 4131 3061 4188 dixerunt
3094 4133 3282 4206 angeli
3314 4150 3327 4188 :
3371 4132 3458 4187 Sic
3511 4133 3689 4188 veniet

2040 4219 2169 4287 (.trt.
2206 4218 2265 4286 ι).
2296 4219 2504 4272 Forma
2537 4220 2794 4276 hominis
2824 4223 3012 4277 veniet
3059 4225 3129 4279 ad
3180 4222 3500 4294 judicium,
3559 4221 3689 4276 ideo

2037 4307 2318 4359 videbunt
2361 4307 2524 4360 illum
2559 4315 2613 4362 et
2645 4310 2845 4380 impii:
2885 4312 2983 4365 sed
3019 4329 3133 4366 non
3167 4312 3223 4364 in
3259 4312 3444 4364 forma
3467 4308 3563 4363 Dei
3607 4307 3690 4360 vi-

2042 4396 2265 4447 debunt
2301 4413 2476 4465 quem
2511 4397 2616 4450 soli
2652 4401 2871 4453 mundo
2914 4401 3085 4453 corde
3134 4399 3437 4454 videbunt.
3499 4403 3690 4466 Appa—

2046 4501 2178 4538 rens
2212 4501 2345 4555 ergo
2384 4485 2436 4537 in
2472 4485 2728 4540 hominis
2763 4489 2967 4554 forma,
3026 4487 3198 4540 dicet.
3248 4487 3341 4553 Ite,
3385 4485 3690 4548 maledicti,

281 4584 374 4634 est
405 4596 438 4632 a
466 4577 590 4632 loco
621 4585 1072 4651 tormentorum,
1107 4580 1239 4635 licet
1271 4598 1382 4634 non
1428 4599 1460 4634 a
1491 4581 1611 4634 loco
1673 4583 1932 4634 tenebra-
1963 4598 2007 4660 D
2043 4578 2103 4628 in
2136 4576 2319 4638 ignem
2343 4583 2605 4626 irim-num
2640 4575 2856 4642 (illatth.
2888 4576 3040 4643 xxv),
3074 4579 3138 4628 ut
3171 4573 3483 4645 impleatur
3533 4573 3689 4644 quod

281 4685 441 4723 rum.
475 4668 711 4739 Legitur
735 4669 889 4724 enim
924 4670 1074 4740 quod
1098 4687 1190 4724 om
1204 4687 1304 4724 nes
1320 4669 1505 4723 sancti
1533 4674 1663 4723 ante
1682 4687 1933 4723 resurre-

283 4756 539 4811 ctionem
573 4757 808 4811 Domini
842 4760 1078 4823 mortui,
1114 4759 1540 4813 descenderunt
1571 4758 1639 4811 ad
1673 4758 1889 4812 int’eros
1918 4775 1930 4811 :

285 4845 388 4900 ubi
420 4851 585 4900 erant
615 4847 672 4900 in
705 4848 981 4910 tenebris,
1017 4849 1115 4902 sed
1153 4865 1264 4901 non
1302 4847 1358 4900 in
1383 4847 1720 4917 poenis,non
1755 4848 1809 4899 in
1834 4846 1933 4900 illo

279 4934 412 4989 loco
444 4935 598 4989 unde
638 4935 800 4990 dives
833 4938 1089 5008 respexit
1121 4937 1398 4990 Lazarum
1433 4936 1488 4988 in
1523 4936 1653 4988 sinu
1689 4935 1934 4988 Abrahae

281 5023 643 5094 repositum:
682 5025 837 5094 quod
871 5026 1033 5092 dicit,
1058 5028 1253 5080 eruisti
1276 5028 1523 5080 animum
1555 5042 1734 5078 meam
1763 5026 1934 5078 exin-

282 5116 450 5183 lerno
469 5115 746 5183 inferiori.
780 5116 848 5168 Et
872 5133 1020 5186 opus
1054 5115 1165 5169 fuit.
1195 5115 1506 5186 ereptione,
1540 5115 1676 5186 quia
1732 5117 1935 5185 iniqui,

284 5221 320 5258 ο
358 5208 522 5268 Deus,
556 5205 980 5259 insurrexerunt
1028 5220 1190 5271 super
1238 5220 1340 5272 me,
1378 5204 1431 5256 id
1492 5209 1580 5258 est
1638 5220 1832 5258 meos:
1888 5207 1936 5256 et

281 5309 586 5364 synagoga,
620 5294 675 5347 id
706 5300 814 5361 est,
850 5293 1240 5364 congregatio,
1263 5295 1571 5363 potentium
1601 5296 1939 5364 quzesierzmt

283 5384 729 5437 animammea-m
746 5385 816 5438 ad
847 5383 1288 5455 deprimendam
1313 5399 1451 5435 :non
1476 5382 1544 5434 ad
1569 5382 1936 5434 imitandam.

281 5474 340 5527 et
370 5487 479 5524 non
497 5478 896 5542 proposuerunt
925 5474 1095 5526 Deum
1147 5472 1203 5523 in
1252 5473 1536 5539 conspectu
1586 5485 1704 5522 suo.
1763 5471 1936 5522 Deum

286 5577 412 5616 non
444 5562 717 5632 proponit
749 5561 804 5615 in
839 5564 1148 5632 conspectu
1186 5575 1311 5628 suo,
1365 5557 1464 5628 qui
1526 5573 1640 5610 non
1701 5558 1937 5628 cogitat,

289 5665 531 5708 servum
565 5651 662 5706 Dei
697 5667 872 5722 quam
906 5650 1175 5721 iniquum
1209 5648 1287 5705 sit
1318 5648 1387 5702 ab
1421 5646 1749 5702 obedientia
1781 5662 1939 5701 revo-

2044 4663 2186 4717 dixit
2225 4662 2434 4717 Isaias:
2470 4663 2729 4716 'l‘ollatur
2762 4663 2980 4733 impius
3013 4680 3082 4717 ne
3102 4663 3294 4716 videat
3322 4661 3565 4734 gloriam
3587 4661 3691 4718 Dei

2046 4754 2170 4819 (lsa.
2206 4757 2396 4818 xxvi):
2433 4752 2570 4821 quia
2601 4751 2656 4804 in
2693 4753 2878 4806 forma
2910 4770 3027 4822 qua
3067 4751 3307 4823 aequalis
3365 4757 3456 4808 est
3515 4752 3688 4819 Patri,

2045 4858 2177 4894 eum
2203 4842 2501 4895 videbunt.
2521 4847 2595 4895 Da
2619 4841 2929 4912 imperium
2956 4846 3121 4896 tuum
3146 4859 3344 4914 puero,
3363 4845 3541 4904 tuo,et
3576 4841 3689 4894 sat-

2045 4947 2173 4982 vum
2205 4932 2294 4998 fac
2318 4931 2495 4996 ﬁlium.
2517 4931 2734 4983 ancillae
2756 4930 3165 5002 tiize?Virginis
3183 4930 3454 4986 videlicet
3475 4927 3691 4993 Mariae,

2047 5036 2173 5088 quae
2207 5035 2266 5071 se
2299 5017 2570 5071 ancillam
2608 5020 2911 5073 nominare
2934 5037 3047 5073 non
3079 5018 3696 5088 erubuit,dicens:Ecce

2047 5107 2255 5160 ancilla
2287 5107 2524 5174 Domini,
2559 5106 2664 5175 ﬁat
2723 5108 2866 5161 mihi
2917 5107 3213 5162 secundum
3263 5107 3491 5161 verbum
3540 5110 3696 5159 tuum

2049 5198 2198 5268 (Luc.
2223 5198 2299 5263 1);
2336 5194 2422 5248 vel
2450 5195 2572 5249 sic:
2610 5198 2695 5249 Da
2722 5198 3017 5266 imperium
3063 5205 3215 5250 tuum
3279 5210 3450 5266 puero
3501 5202 3590 5248 tuo
3635 5191 3696 5247 id

2049 5290 2136 5339 est
2162 5284 2356 5353 pueris
2391 5284 2529 5350 tuis,
2563 5284 2843 5353 apostolis
2876 5283 3160 5350 videlicet,
3203 5284 3418 5356 quibus
3476 5281 3698 5336 dictum

2050 5383 2168 5431 est:
2209 5384 2268 5431 In
2294 5375 2711 5438 regeneratione
2741 5390 2864 5426 cum
2894 5372 3095 5428 sederit
3149 5374 3300 5442 ﬁlius
3346 5371 3592 5426 hominis
3640 5372 3700 5424 in

2050 5469 2171 5523 sede
2204 5465 2510 5534 majestatis
2532 5477 2669 5524 sum,
2702 5461 2947 5515 sedebitis
2979 5471 3028 5516 et
3060 5478 3151 5516 vos
3180 5477 3343 5532 super
3385 5460 3536 5515 sedes
3565 5458 3698 5513 duo-

2050 5559 2243 5621 decim,
2269 5554 2580 5623 j-zulicantes
2612 5550 2895 5604 duodecini
2928 5553 3098 5605 tribus
3123 5551 3300 5606 Israel
3325 5548 3531 5620 (Matth.
3556 5548 3696 5618 xxx);

2051 5651 2106 5701 et
2135 5646 2351 5701 salvum
2379 5645 2467 5711 fac
2495 5641 2675 5711 ﬁlium
2726 5640 2946 5696 ancilla:
2977 5649 3103 5709 tum,
3148 5640 3206 5695 id
3263 5643 3371 5707 est,
3426 5636 3696 5694 Ecclesiae
