4024 6192
218 354 357 421 θοιο

1347 359 1953 425 ENARRATIONES
1992 358 2077 423 3N
2125 361 2504 426 PSALMOS.

3504 326 3644 427 eos"

216 497 404 568 portas
431 492 567 552 Sion
603 511 767 568 super
821 496 1008 552 omnia
1063 495 1425 553 tabernacula.
1471 499 1653 567 Iacob,
1686 498 1742 552 id
1780 501 1867 553 est
1895 498 1951 563 Α
1980 498 2111 570 quid
2142 498 2271 554 Sion
2320 500 2462 556 dicet
2491 500 2648 557 homo
2678 503 2703 554 .9
2750 502 2807 557 et
2862 502 3057 555 tamen
3116 494 3273 569 dicit,
3337 497 3620 555 Dominus

219 600 396 656 super
415 586 613 640 omnia
640 584 850 658 legalis.
880 586 1171 651 instituta,
1197 587 1335 660 quia
1365 587 1502 642 alibi
1536 587 1748 642 dicitur
1772 604 1783 640 :
1810 589 1871 642 Et

216 674 453 746 placebit
484 675 583 729 Deo
629 691 794 746 super
844 677 1078 733 vitulum
1136 676 1416 732 novellum
1446 678 1614 748 (Psal.
1651 676 1866 747 vam).

219 761 553 817 Votandum
578 768 668 818 est
691 768 910 829 tamen,
935 766 1089 836 quod
1114 765 1291 821 iidem
1314 766 1410 837 qui
1436 771 1572 820 sunt
1592 765 1649 819 in
1674 766 1870 819 taber-

219 850 448 907 naculis
468 852 669 923 Jacob,
690 858 861 907 erunt
884 854 942 908 in
986 856 1144 908 Sion.
1199 856 1306 909 Sed
1333 856 1471 924 quia
1492 853 1874 909 tabernacula

220 941 471 1013 ﬁguram
504 943 783 1013 gerebant
815 942 974 997 illius
1008 944 1218 998 futurae
1265 944 1538 1011 civitatis,
1574 945 1873 1015 praecessit

219 1029 376 1085 enim
396 1030 596 1085 civitas
617 1031 893 1100 carnalis,
918 1036 981 1086 ut
1003 1040 1347 1103 sequeretur
1369 1032 1712 1104 spiritualis,
1744 1034 1871 1087 ideo

221 1117 404 1174 dixit:
439 1108 631 1189 Diligit
663 1123 925 1175 Dominus
954 1126 1140 1192 portas
1195 1122 1327 1183 Sion
1383 1139 1543 1193 super
1571 1126 1758 1177 omnia
1790 1131 1871 1176 ta-

222 1208 528 1263 bernacula
589 1210 775 1265 Iacob.
834 1211 1079 1266 Gloriosa
1139 1212 1287 1265 dicta
1332 1221 1456 1266 sunt
1486 1212 1549 1265 de
1581 1216 1650 1276 te,
1683 1213 1874 1265 ciuitas

219 1298 340 1351 Dei.
357 1297 738 1368 Prosequitur
758 1301 1167 1354 commendare
1183 1300 1473 1355 civitatem
1490 1301 1683 1367 istam,
1706 1300 1873 1371 quasi

219 1386 377 1441 dicat
396 1404 408 1440 :
426 1388 679 1441 Ocivitas
696 1387 807 1454 Dei,
831 1404 1006 1459 quam
1019 1390 1284 1456 gloriosa,
1302 1390 1357 1444 id
1374 1395 1481 1455 est,
1504 1407 1680 1461 quam
1697 1391 1877 1460 digna

216 1474 606 1530 admiratione
618 1476 911 1531 suntdicta
924 1476 987 1532 de
1004 1485 1050 1531 te
1063 1478 1132 1532 ab
1148 1478 1276 1550 ipso
1290 1479 1587 1534 conditore
1605 1484 1721 1543 tuo,
1739 1477 1878 1549 quia

218 1562 397 1618 dixit:
421 1567 633 1619 Memor
651 1581 741 1619 ero
764 1564 949 1620 Raliab
971 1570 1020 1619 et
1044 1567 1359 1637 Babylonis,
1381 1569 1670 1621 scientiam
1695 1583 1800 1627 me.
1818 1566 1874 1619 id

219 1656 333 1717 est,
353 1668 644 1708 memores
673 1653 881 1709 faciam
902 1650 1156 1709 scientes
1171 1660 1225 1710 et
1244 1656 1639 1727 intelligentes
1660 1672 1752 1709 me
1775 1659 1879 1709 Ra-

219 1740 570 1813 hab,populi
583 1742 850 1798 videlicet
863 1760 996 1798 cum
1012 1744 1240 1800 diabolo
1258 1746 1519 1800 fornican
1531 1745 1689 1809 tis,et
1704 1744 1881 1816 Baby-

1978 588 2237 643 narrabit
2266 588 2322 642 in
2348 590 2656 661 scripturis
2678 588 3050 663 populorum,
3075 606 3187 645 non
3211 605 3356 661 quas
3375 587 3620 661 scripse-

1980 682 2117 732 runt
2147 676 2364 749 populi,
2400 679 2500 733 sed
2533 697 2658 750 quae
2688 679 2922 752 populis
2954 679 3404 734 succedentibus
3423 682 3479 734 et
3502 676 3624 733 dis-

1980 767 2363 822 cendentibus
2420 768 2640 839 passim
2696 769 3095 824 innatuerunt.
3156 768 3256 824 Vel
3289 767 3413 823 sic:
3459 769 3625 823 Homo

1979 865 2143 911 natus
2173 858 2335 910 estin
2385 873 2468 921 ea,
2530 861 2581 910 et
2637 859 2752 927 ipse
2807 857 3066 931 fundavit
3123 874 3241 912 eam
3270 858 3625 912 Altissimus:

1983 950 2038 999 et
2076 946 2205 1009 hoc,
2238 963 2269 1000 ο
2303 946 2452 1011 Sion,
2500 945 2772 1016 numquid
2814 947 2956 1001 dicet
3012 948 3169 1003 homo
3191 947 3218 1001 ?
3246 946 3302 1001 id
3336 951 3424 1002 est
3452 946 3632 1002 audet

1982 1034 2158 1089 homo
2178 1034 2288 1089 hoc
2311 1034 2499 1089 dicere
2517 1036 2545 1089 ‘?
2569 1034 2748 1088 Audet
2780 1035 2998 1105 utique,
3030 1036 3168 1106 quia
3196 1034 3475 1090 Dominus
3499 1052 3632 1090 nar-

1985 1123 2615 1179 rabitetinnotuithoc
2662 1126 2718 1177 in
2766 1125 3061 1195 scripturis
3082 1124 3513 1199 pepulerum,id
3542 1128 3634 1193 est

1984 1212 2042 1266 in
2072 1212 2379 1283 scripturis
2403 1229 2549 1283 quas
2574 1213 2935 1283 scripserunt
2957 1211 3061 1281 illi,
3079 1212 3175 1283 qui
3197 1214 3452 1283 potiores
3471 1217 3635 1268 erant

1986 1302 2045 1355 in
2070 1301 2441 1373 significante
2466 1302 2621 1367 Sion,
2642 1301 2697 1355 id
2722 1305 2832 1370 est,
2859 1301 2918 1354 in
2956 1300 3284 1372 temporali,
3311 1301 3367 1355 in
3393 1319 3508 1373 qua
3529 1318 3637 1355 na-

1985 1394 2080 1445 tus
2103 1395 2191 1445 est
2212 1391 2387 1458 Deus,
2414 1391 2471 1444 in
2510 1408 2574 1445 co
2625 1391 2779 1463 quod
2830 1390 2990 1454 dicit,
3043 1391 3219 1452 homo.
3255 1390 3407 1445 Sicut
3438 1392 3633 1446 laetan-

1986 1482 2130 1534 tium
2159 1482 2417 1535 omnium
2450 1481 2720 1535 habitatio
2746 1488 2823 1535 est
2845 1480 2905 1534 in
2926 1488 2992 1534 te.
3014 1478 3189 1542 Quasi
3212 1480 3369 1534 dicat
3394 1498 3406 1534 :
3432 1480 3638 1535 Merito

1986 1570 2229 1640 gloriosa
2260 1570 2413 1625 dicta
2440 1575 2563 1625 sunt
2593 1571 2665 1625 de
2703 1574 2770 1641 te,
2798 1571 2995 1624 civitas
3042 1570 3159 1635 Dei,
3206 1569 3343 1640 quia
3373 1569 3639 1624 habitatio

1988 1658 2254 1713 omnium
2290 1658 2680 1714 habitantium
2724 1662 2779 1713 in
2806 1667 2874 1722 te,
2907 1657 3017 1713 erit
3067 1657 3345 1713 habitatio
3373 1659 3516 1713 sicut
3547 1658 3639 1714 lae-

1989 1748 2244 1815 tantium,
2281 1749 2337 1802 id
2367 1752 2474 1818 est,
2505 1765 2635 1803 vere
2667 1748 3015 1803 lmtantium.
3074 1747 3177 1802 Sed
3208 1746 3519 1804 laetantium
3552 1746 3640 1800 di-

219 1828 1159 1897 lonis,idestconfusi.Audiamus
1175 1835 1468 1906 quomodo
1485 1835 1879 1890 sitmemorRa
1910 1873 1955 1937 B
1989 1837 2089 1904 cit,
2124 1854 2195 1892 ne
2227 1854 2288 1892 se
2320 1837 2665 1909 simpliciter
2693 1837 3010 1904 diceretur,
3057 1836 3401 1906 laetantium,
3436 1852 3640 1891 occur-

221 1918 343 1974 hab
362 1919 761 1993 ctBabylonis.
784 1921 1101 1977 Dixitenim
1120 1924 1354 1979 :Mando
1370 1924 1628 1979 nubibus
1643 1923 1881 1990 meis,ut

221 2006 433 2078 pulant
454 2025 633 2079 super
655 2010 1018 2065 meretricem
1044 2012 1215 2065 istam
1240 2014 1367 2081 (lsa.
1401 2014 1455 2081 v)
1487 2030 1661 2084 super
1684 2013 1879 2068 Eccle-

223 2096 660 2153 siamvidelicet
680 2115 748 2153 ex
771 2100 1067 2171 gentibus.
1092 2100 1193 2155 Vel
1217 2101 1297 2155 sic
1319 2119 1330 2156 :
1356 2103 1557 2157 Memor
1576 2119 1670 2157 ero
1692 2102 1880 2158 Rahab

232 2188 288 2239 et
319 2184 614 2254 Babylonis
645 2187 955 2242 scientium
981 2205 1073 2243 me
1102 2189 1159 2243 id
1182 2194 1272 2244 est
1297 2192 1448 2261 apud
1477 2191 1726 2246 scientes
1749 2208 1841 2244 me
1868 2216 1881 2256 ;

224 2271 449 2327 ducam
473 2273 531 2328 in
561 2277 902 2330 memoriam
927 2278 1127 2332 Rahab
1178 2283 1235 2332 et
1262 2278 1665 2349 Babyloniam,
1686 2284 1749 2333 ut
1772 2279 1883 2351 ipsi

216 2360 285 2413 in
311 2361 625 2417 aedificium
652 2363 832 2434 hujus
850 2364 1100 2420 civitatis
1126 2372 1526 2422 assumantur.
1554 2368 1717 2423 Unde
1735 2368 1886 2422 Pau-

218 2447 323 2503 lus
349 2465 362 2503 :
385 2449 588 2517 Nobis,
614 2450 831 2522 inquit,
856 2453 1131 2509 revelavit
1153 2460 1306 2511 Deus
1330 2473 1430 2527 per
1450 2456 1725 2528 Spiritum
1752 2474 1888 2511 san-

221 2540 414 2605 ctum,
447 2546 509 2592 ut
535 2539 775 2595 sciamus
830 2558 950 2612 quae
1006 2560 1040 2596 α
1095 2545 1203 2599 Deo
1258 2546 1459 2600 donata
1506 2553 1637 2600 sunt
1660 2548 1816 2601 nobis
1847 2549 1894 2612 (Ι

215 2624 352 2680 Cor.
388 2625 472 2696 11).
502 2626 703 2681 Rah'ab
754 2628 865 2683 fuit
914 2632 1187 2686 meretrix
1220 2633 1276 2687 in
1325 2632 1575 2700 Jericho,
1600 2651 1725 2704 quae
1755 2651 1883 2688 sus-

216 2716 384 2786 cepit
413 2713 807 2786 exploratores
836 2717 1091 2773 ﬁliorum
1126 2720 1325 2786 Israel,
1351 2728 1406 2775 et
1434 2737 1538 2791 per
1569 2722 1883 2776 fenestram

216 2819 245 2857 s
270 2802 513 2859 ubmisit
543 2806 779 2877 quando
802 2808 1214 2877 quaerebantur
1234 2810 1306 2863 ab
1329 2807 1584 2863 inimicis
1608 2810 1729 2865 suis
1756 2828 1767 2864 :
1794 2811 1883 2864 cui

218 2896 661 2965 praeceperunt,
711 2898 776 2948 ut
812 2894 1118 2967 ingruente
1164 2898 1571 2970 persecutione
1611 2899 1883 2967 civitatis,

231 2982 633 3053 suspenderet
664 2983 864 3039 funem
892 2986 1322 3059 coccineum,ut
1350 2987 1459 3042 hoc
1500 2989 1667 3059 signo
1698 2988 1889 3044 salva-

231 3075 411 3126 retur
440 3075 496 3126 et
533 3071 759 3127 familia
790 3090 918 3144 sua,
951 3076 1108 3145 quod
1159 3076 1379 3131 factum
1428 3082 1517 3131 est
1548 3078 1672 3147 (Jos.
1708 3078 1807 3147 11):
1837 3082 1894 3132 et

228 3159 292 3215 in
331 3160 524 3232 ﬂgura
555 3162 837 3233 mysterii,
871 3164 969 3234 qui
999 3163 1124 3219 vult
1163 3164 1358 3221 sanari
1416 3166 1487 3219 ab
1534 3165 1731 3221 hostili
1764 3183 1892 3237 per-

1990 1926 2661 1993 rerettalisjucunditas,
2686 1926 2918 1997 qualem
2938 1926 3146 1980 habere
3159 1924 3351 1980 solent
3372 1924 3642 1980 homines

1991 2014 2055 2070 ni
2091 2015 2339 2086 poculis,
2365 2016 2421 2070 in
2448 2016 2731 2088 prandiis,
2758 2016 2817 2070 in
2839 2015 3161 2071 honoribus
3201 2013 3416 2070 saeculi.
3451 2012 3646 2069 Extol-

1994 2104 2207 2158 luotur
2237 2106 2391 2159 enim
2424 2105 2692 2160 homines
2722 2110 2777 2160 et
2804 2104 3004 2159 laetitia
3026 2105 3279 2176 quadam
3302 2103 3645 2157 insaniunt:

1997 2191 2058 2244 in
2093 2190 2194 2244 illa
2227 2196 2421 2246 autem
2454 2192 2815 2247 habitatione
2862 2196 2953 2248 est
3001 2192 3268 2263 quaedam
3299 2189 3648 2262 jucunditas

1996 2296 2178 2351 quam
2212 2297 2317 2335 nec
2346 2282 2534 2335 oculus
2564 2282 2720 2347 vidit,
2750 2297 2847 2335 nec
2875 2282 3034 2336 auris
3065 2280 3307 2349 audivit,
3339 2294 3437 2335 nec
3466 2279 3526 2333 in
3555 2293 3649 2333 cor

1998 2368 2236 2424 hominis
2264 2370 2505 2425 ascendit
2535 2371 2579 2442 (I
2620 2370 2740 2427 Cor.
2774 2371 2857 2441 11).

2471 2514 2805 2569 PSALMUS
2847 2514 3166 2570 LXXXVII.

1996 2616 2288 2656 CANTICUM
2322 2617 2529 2656 PSALMI
2561 2619 2726 2658 FILIIS
2757 2619 2902 2657 CORE
2949 2620 3007 2657 ΙΝ
3040 2619 3216 2657 PINEM
3247 2617 3359 2657 PRO
3389 2618 3649 2657 MABLETH

2033 2689 2105 2726 AD
2138 2689 2625 2741 RESPONDENDUM,
2668 2691 3046 2730 INTELLECTUS
3077 2690 3272 2730 ΗΕΜΑΝ
3302 2690 3608 2729 ΕΖΒΔΗΙΤΕ.

2072 2818 2099 2845 ‹‹
2132 2797 2371 2853 Domine
2402 2798 2555 2853 Deus
2613 2798 2821 2855 salutis
2846 2816 3009 2864 meae,
3068 2800 3127 2854 in
3186 2798 3279 2854 die
3309 2798 3555 2854 clamavi
3588 2802 3648 2854 et

2004 2907 2023 2933 α
2061 2890 2229 2941 nocte
2260 2903 2454 2941 coram
2487 2894 2562 2942 te.
2626 2886 2804 2944 Intret
2859 2888 2920 2943 in
2980 2893 3296 2960 conspectu
3330 2891 3432 2943 tuo
3463 2886 3649 2943 oratio

2001 2996 2027 3023 «
2062 2991 2212 3043 mea,
2244 2974 2462 3031 inclina
2492 2993 2694 3032 aurem
2726 2982 2885 3032 tuam
2911 2977 2983 3032 ad
3010 2993 3237 3048 precem
3261 2992 3469 3032 meam.
3498 2975 3648 3042 Quia

2004 3083 2032 3111 α
2066 3063 2286 3134 repleta
2310 3069 2399 3119 est
2424 3065 2592 3120 malis
2617 3065 2815 3121 anima
2852 3082 3002 3130 mea,
3036 3070 3092 3121 et
3132 3066 3249 3120 vita
3270 3082 3402 3122 mea
3425 3064 3651 3120 inferno

2006 3173 2032 3199 «
2068 3153 2574 3223 appropinquavit.
2609 3155 2953 3210 Estimatus
2983 3172 3115 3209 sum
3140 3171 3273 3209 cum
3297 3154 3650 3209 descenden-

230 3249 560 3317 secutione,
587 3266 825 3306 necesse
848 3257 1022 3308 estut
1046 3254 1103 3307 in
1127 3254 1400 3321 fenestra,
1434 3254 1492 3307 id
1515 3258 1603 3308 est
1622 3254 1681 3308 in
1707 3256 1886 3309 fronte

2008 3261 2034 3287 ‹‹
2068 3240 2228 3293 tibus
2258 3241 2317 3292 in
2340 3240 2555 3309 lacum,
2589 3243 2779 3297 factus
2802 3259 2933 3297 sum
2954 3242 3108 3297 sicut
3128 3242 3302 3296 homo
3330 3242 3457 3296 sine
3480 3241 3649 3310 adju-

228 3354 370 3405 sua,
388 3337 585 3393 funem
610 3340 948 3395 coccineum
971 3341 1376 3412 suspendat,id
1401 3346 1489 3395 est
1508 3342 1740 3413 signum
1768 3360 1897 3397 san—

228 3427 443 3501 guinis
461 3427 675 3484 Christi
700 3429 929 3497 habeat,
958 3446 1072 3501 quo
1103 3430 1228 3501 ipse
1268 3430 1437 3502 quasi
1462 3431 1598 3485 fune
1621 3430 1893 3501 trahitur,

228 3520 290 3571 et
322 3515 387 3570 in
420 3515 704 3573 charitate
734 3517 967 3573 Domini
1016 3518 1252 3591 ligatur.
1313 3520 1440 3574 Ecce
1489 3521 1815 3589 alimzigenae
1846 3525 1897 3575 et

231 3607 415 3677 Tyrus
435 3610 486 3661 et
513 3608 749 3678 populus
779 3609 1125 3676 xEthiopum,
1159 3609 1220 3663 hi
1264 3612 1490 3679 fuerunt
1521 3610 1656 3664 illic.
1690 3612 1893 3664 Osten-

229 3694 324 3749 dit
344 3710 474 3765 quaa
499 3694 753 3766 gloriosa
775 3697 931 3751 dicta
948 3702 1085 3752 sunt
1105 3698 1175 3752 de
1201 3698 1431 3753 civitate
1459 3698 1595 3753 Dei:
1636 3698 1774 3769 quia
1795 3699 1893 3771 qui

229 3782 292 3837 in
322 3782 619 3855 Babylone
638 3784 872 3839 fuerunt
889 3785 1177 3856 peregrini
1196 3787 1644 3858 despectissimi,
1667 3787 1894 3843 venien-

230 3879 327 3927 tes
358 3870 519 3927 intra
548 3872 864 3928 aediﬁcium
897 3873 1076 3944 hujus
1110 3876 1380 3942 civitatis,
1436 3877 1569 3931 facti
1601 3881 1738 3932 sunt
1766 3878 1894 3948 pul-

229 3960 519 4015 cherrimi
550 3966 607 4015 et
637 3960 1122 4033 splendidissimi.
1147 3967 1289 4020 Ecce
1308 3966 1659 4033 alienigenae,
1687 3965 1893 4021 Philis-

228 4048 378 4104 thaei
408 4049 678 4105 videlicet
736 4051 971 4122 potione
1030 4054 1326 4120 cadentes,
1386 4062 1440 4109 et
1497 4056 1682 4124 Tyrus,
1728 4056 1784 4109 id
1808 4059 1897 4111 est

228 4136 565 4209 augustiati
596 4138 654 4193 in
676 4140 956 4195 terrenis:
990 4144 1040 4195 et
1083 4143 1324 4213 papulas
1355 4143 1688 4213 rEthiopum,
1720 4142 1777 4197 id
1807 4148 1896 4199 est

230 4226 545 4299 nigerrimi
573 4228 838 4283 moribus
861 4231 921 4285 hi
946 4232 1177 4301 fuerunt
1208 4231 1343 4300 illic,
1376 4231 1433 4285 id
1459 4236 1547 4286 est
1570 4232 1626 4285 in
1650 4232 1892 4287 EDdlflClO

228 4314 423 4386 hujus
446 4314 716 4372 civitatis.
742 4317 809 4372 Et
829 4317 937 4372 hoc
959 4319 1252 4389 quomodo
1268 4318 1296 4372 ?
1319 4318 1463 4384 Quia
1484 4322 1548 4372 ut
1566 4317 1679 4389 ipsi
1704 4320 1762 4374 in
1786 4320 1894 4375 hac

228 4403 474 4459 civitate
532 4406 1125 4477 comprehendantur,
1185 4407 1342 4463 homo
1400 4412 1562 4462 natus
1610 4414 1690 4462 est
1717 4411 1891 4477 inea,

228 4490 291 4547 id
326 4496 421 4547 est
443 4493 714 4549 Christus
745 4498 1019 4549 nascetur
1064 4495 1241 4550 homo
1293 4495 1512 4550 factus:
1574 4505 1625 4550 et
1654 4498 1766 4567 ipse
1794 4498 1893 4569 qui

228 4585 416 4637 natus
447 4585 539 4637 est
567 4582 626 4636 in
659 4598 746 4651 ea,
778 4584 1036 4653 fundavit
1066 4600 1189 4640 eam
1235 4600 1338 4639 ens
1386 4585 1714 4640 altissimus.
1750 4586 1896 4641 Nota
1926 4606 1973 4670 Ι)

228 4669 381 4741 quia
414 4670 573 4725 idem
605 4671 708 4743 qui
758 4672 1023 4727 nascitur
1069 4672 1127 4727 in
1181 4673 1436 4739 civitate,
1479 4676 1588 4729 erit
1620 4675 1896 4731 fundator

229 4758 495 4815 civitatis
521 4776 533 4814 :
568 4760 707 4831 quia
734 4765 1010 4817 nascetur
1038 4762 1095 4816 in
1129 4779 1197 4818 ea
1242 4764 1566 4819 secundum
1594 4763 1892 4820 hominem

228 4846 509 4903 fundavit
537 4864 667 4905 eam
690 4851 1019 4906 secundum
1045 4850 1431 4906 divinitatem.
1464 4853 1533 4906 Et
1550 4855 1830 4924 nunquid,
1860 4871 1896 4909 ο

230 4936 403 5002 Sion,
433 4936 577 4992 dicet
607 4938 716 4994 hoc
741 4938 925 5005 homo,
956 4940 1014 4996 id
1038 4944 1127 4996 est
1166 4940 1434 5012 nunquid
1472 4940 1768 4997 humanus
1801 4942 1891 4996 in-

230 5024 514 5082 tellectus
534 5043 601 5083 ea
622 5028 935 5100 expediet?
956 5046 1072 5085 non
1092 5030 1231 5101 quia
1263 5029 1405 5101 quod
1428 5030 1661 5084 stultum
1690 5039 1767 5085 est
1798 5032 1895 5086 Dei

226 5116 549 5187 sapientius
577 5124 655 5173 est
684 5117 999 5174 hominibus
1043 5119 1091 5190 (1
1150 5120 1269 5175 Cor.
1333 5122 1416 5185 II).
1453 5119 1560 5184 Qui
1587 5134 1723 5191 ergo
1754 5124 1894 5176 tunc

229 5204 736 5261 dieet?Dominus
782 5207 1038 5262 narrabit
1086 5208 1146 5261 in
1198 5208 1490 5278 scripturis
1546 5209 1890 5279 populorum,

228 5291 295 5348 id
321 5292 496 5348 estin
521 5296 829 5367 scripturis
853 5295 1019 5352 factis
1042 5296 1112 5351 ad
1137 5296 1515 5351 instruendus
1538 5298 1784 5366 populos
1809 5305 1894 5353 :et

228 5381 299 5436 in
334 5381 649 5454 scripturis
687 5386 1007 5456 principum
1054 5385 1255 5440 horum
1300 5385 1393 5456 qui
1442 5384 1670 5453 fuerunt
1717 5388 1775 5439 in
1806 5403 1891 5451 ea,

226 5470 296 5524 id
336 5474 429 5525 est
457 5471 518 5526 in
550 5472 856 5545 scripturis
887 5492 1016 5546 quis
1048 5474 1120 5529 ab
1151 5472 1296 5545 ipsis
1343 5472 1707 5543 principibus
1741 5491 1893 5529 nun-

228 5558 458 5615 tianda:
506 5567 648 5619 sunt
678 5562 828 5619 aliis.
870 5564 1018 5620 Nota
1048 5563 1298 5636 aenigma
1328 5560 1661 5628 insolubile,
1697 5562 1745 5618 si
1778 5581 1890 5619 non

230 5647 603 5707 eluxissetin
621 5652 1095 5710 tenebrislumen
1119 5652 1312 5709 cordis
1337 5668 1348 5706 :
1394 5649 1534 5723 quia
1556 5650 1721 5720 dixit,
1794 5670 1893 5708 un-

2008 3348 2036 3376 ‹‹
2066 3328 2231 3394 torio,
2266 3328 2420 3383 inter
2450 3334 2712 3385 mortuos
2757 3330 2923 3386 liber.
2978 3332 3138 3385 Sicut
3192 3329 3481 3384 vulnerati
3514 3329 3652 3383 dor-

2004 3438 2031 3465 ‹‹
2068 3415 2315 3471 mientes
2347 3416 2407 3471 in
2437 3416 2744 3488 sepulcris,
2777 3435 3029 3489 quorum
3063 3434 3177 3473 non
3201 3435 3262 3473 es
3289 3433 3515 3473 memor
3533 3433 3653 3471 am-

2010 3526 2029 3551 α
2068 3501 2246 3574 plius,
2269 3508 2325 3556 et
2346 3502 2454 3575 ipsi
2479 3504 2548 3559 de
2573 3521 2749 3559 manu
2774 3509 2874 3560 tua
2894 3505 3114 3577 repulsi
3136 3510 3294 3561 sunt.
3319 3510 3651 3562 Posuerunt

2008 3614 2035 3641 ‹‹
2068 3609 2159 3647 me
2190 3592 2248 3647 in
2280 3592 2409 3647 lacu
2468 3593 2750 3659 inferiori,
2784 3595 2841 3649 in
2903 3595 3228 3650 tenebrosis
3263 3598 3319 3650 et
3347 3595 3407 3650 in
3440 3596 3651 3650 umbra

2006 3705 2032 3731 ‹‹
2067 3681 2293 3737 mortis.
2326 3683 2514 3755 Super
2542 3700 2636 3739 me
2666 3684 3048 3739 confirmatus
3095 3687 3184 3739 est
3214 3684 3373 3738 furor
3402 3688 3559 3749 tuus,
3594 3688 3652 3738 et

2006 3790 2033 3817 ‹‹
2067 3785 2270 3825 omnes
2294 3771 2508 3826 fluctus
2528 3776 2663 3826 tuos
2684 3771 2965 3826 induxisti
2992 3787 3170 3842 super
3207 3787 3318 3828 me.
3346 3771 3539 3842 Longe
3562 3770 3649 3827 fe-

2006 3884 2031 3909 ‹‹
2066 3859 2193 3914 cisti
2230 3866 2392 3916 notos
2423 3878 2585 3917 meos
2617 3879 2649 3916 a
2678 3878 2772 3917 me
2800 3879 2812 3916 :
2860 3864 3185 3934 posuerunt
3215 3876 3308 3915 me
3340 3860 3646 3916 abomina—

2005 3974 2029 3997 ‹‹
2064 3950 2283 4004 tionem
2316 3951 2449 4014 sibi,
2482 3951 2761 4005 Traditus
2802 3967 2957 4018 sum,
3015 3954 3073 4005 et
3121 3967 3235 4006 non
3269 3950 3643 4023 egrediebar:

2004 4062 2029 4087 α
2065 4037 2214 4093 oculi
2249 4039 2362 4093 mei
2387 4038 2742 4109 languerunt
2788 4056 2900 4110 prae
2949 4039 3167 4112 inopia.
3189 4038 3447 4096 Clamavi
3472 4040 3542 4096 ad
3566 4043 3643 4105 te,

2006 4157 2033 4185 ε(
2068 4135 2328 4201 Domine,
2361 4138 2481 4190 tota
2530 4136 2624 4191 die
2677 4136 2926 4209 expendi
2985 4138 3056 4192 ad
3117 4142 3173 4193 te
3222 4154 3433 4194 manus
3462 4153 3643 4192 meas.

2004 4249 2031 4274 ‹‹
2064 4224 2340 4295 Nunquid
2383 4225 2629 4281 mortuis
2687 4226 2862 4282 facies
2921 4226 3233 4293 mirabilia,
3286 4229 3387 4282 aut
3435 4225 3646 4280 medic:

2004 4336 2032 4364 ‹‹
2062 4312 2431 4368 suscitabunt
2461 4319 2517 4369 et
2547 4317 2980 4370 confitebuntur
3009 4316 3163 4371 tibi?
3194 4313 3474 4385 Nunquid
3510 4329 3645 4367 nar-

2008 4425 2035 4453 ‹‹
2066 4404 2219 4458 rabit
2249 4403 2463 4474 aliquis
2493 4405 2551 4458 in
2580 4406 2847 4476 sepulcro
2881 4403 3343 4459 misericordiam
3382 4406 3567 4467 tuam,
3592 4403 3650 4455 et

2010 4517 2030 4543 «ι
2067 4494 2365 4549 veritatem
2384 4497 2544 4547 tuam
2562 4494 2619 4547 in
2639 4492 3288 4565 perditione?Nunquid
3302 4506 3650 4561 cognoscen-

2009 4608 2029 4633 α
2065 4588 2162 4638 tur
2192 4582 2250 4637 in
2278 4582 2535 4638 tenebris
2567 4581 2859 4637 mirabilia
2906 4586 3027 4651 tua,
3086 4585 3143 4636 et
3192 4580 3429 4652 justitia
3457 4584 3557 4635 tua
3587 4579 3645 4635 in

2009 4695 2035 4722 ‹‹
2070 4676 2224 4728 terra
2255 4671 2563 4727 oblivionis
2585 4671 2613 4724 ‘?
2644 4672 2715 4725 Et
2743 4687 2849 4741 ego
2884 4670 2954 4724 ad
3000 4676 3077 4736 te,
3112 4669 3373 4738 Domine,
3402 4668 3649 4737 clamavi

2010 4783 2038 4810 «
2070 4766 2127 4816 et
2149 4778 2319 4816 mane
2349 4762 2533 4816 oratio
2566 4776 2695 4815 mea
2725 4758 3037 4829 praeveniet
3070 4763 3145 4815 te.
3180 4759 3413 4831 thuid,
3449 4759 3639 4815 Domi-

2005 4874 2033 4900 ‹‹
2068 4868 2158 4918 ne,
2180 4850 2413 4922 repellis
2435 4850 2758 4905 orationem
2782 4864 2994 4915 meam,
3018 4849 3230 4904 avertis
3254 4849 3457 4903 faciem
3484 4852 3646 4902 tuam

2008 4962 2035 4989 «
2069 4957 2101 4994 a
2122 4956 2214 4995 me
2233 4939 2261 4993 ‘I
2283 4941 2510 5010 Pauper
2530 4954 2660 4993 sum
2685 4954 2791 5008 ego
2816 4941 2873 4992 et
2895 4937 2951 4992 in
2974 4937 3273 4993 laboribus
3296 4938 3651 5008 ajuventute

2005 5051 2032 5078 «
2070 5043 2235 5082 mea:
2262 5027 2549 5082 exaltatus
2572 5030 2789 5095 autem,
2815 5026 3161 5081 humiliatus
3186 5042 3317 5081 sum
3341 5029 3398 5079 et
3419 5026 3651 5080 contur-

2006 5142 2032 5168 ‹‹
2062 5117 2254 5172 batus.
2279 5116 2339 5170 In
2365 5132 2457 5171 me
2478 5116 2840 5171 transierunt
2888 5117 2985 5169 ira:
3036 5120 3171 5181 tuae,
3211 5118 3269 5169 et
3292 5118 3540 5168 terrores
3560 5109 3649 5166 tui

2006 5230 2033 5257 ‹‹
2067 5206 2562 5261 conturbaverunt
2620 5222 2733 5259 me.
2796 5204 3316 5259 Circumdederunt
3373 5217 3464 5255 me
3495 5200 3650 5256 sicut

2007 5318 2035 5347 ‹‹
2068 5312 2220 5367 aqua
2248 5299 2369 5348 tota
2399 5293 2491 5348 die
2519 5310 2530 5347 :
2565 5293 3075 5347 circumdederunt
3121 5308 3210 5345 me
3240 5289 3440 5346 simul.
3472 5288 3645 5344 Elon-

2005 5410 2033 5435 ‹‹
2067 5385 2217 5458 gasti
2250 5401 2283 5439 a
2314 5399 2407 5437 me
2437 5382 2694 5438 amicum
2727 5386 2784 5436 et
2814 5382 3167 5453 proximum,
3199 5384 3257 5435 et
3289 5383 3456 5435 notos
3484 5393 3648 5433 meos

2006 5498 2032 5523 ί(
2067 5492 2100 5529 ἃ
2131 5489 2385 5528 miseria.
2419 5494 2446 5521 ))

2625 5560 2889 5614 ENARRA
2899 5560 3020 5615 T10.

2074 5650 2360 5717 Quoniam
2393 5647 2532 5721 quid
2579 5647 2655 5704 sit
2700 5651 2980 5704 canticum
3006 5648 3229 5720 psalmi,
3263 5645 3360 5718 qui
3394 5645 3513 5702 sint
3541 5641 3649 5702 ﬁlii
