4024 6192
352 344 474 409 603

918 344 1222 410 REMIGII
1265 344 2019 412 ANTISSIODORENSIS
2061 347 2235 411 OPP.
2281 348 2480 411 PARS
2524 346 2574 410 Ι.
2610 378 2685 397 --
2713 345 3185 413 EXEGETICA.

3637 344 3768 411 604

358 478 509 547 Core,
544 495 613 535 ex
647 466 1049 552 superioribus
1099 481 1343 553 psalmis
1395 480 1541 540 Satis
1584 483 1915 539 audivimus
1948 487 2004 539 et
2033 485 2086 550 Α
2200 477 2434 539 Domine
2489 485 2628 539 Deus
2683 489 2885 540 auctor
2939 484 3138 538 salutis
3186 495 3347 549 meae,
3405 480 3649 537 clamavi
3688 482 3764 539 ad

357 569 599 635 scimus,
625 568 683 624 in
708 570 929 625 caeteris
952 573 1307 642 exponendis
1350 590 1685 629 moremur:
1733 590 1831 645 pro
1862 575 2000 629 Mae-

355 658 470 715 leth
500 659 569 714 ad
620 660 1055 729 respondendum
1112 662 1490 718 chrahelitre.
1553 664 1796 718 Maeleth
1829 664 2001 719 verbo

353 748 591 803 Hebraeo
631 749 827 804 chorus
873 750 1257 821 significatur.
1313 754 1460 818 Quid
1509 760 1702 808 autem
1738 753 1795 807 in
1824 754 2001 809 choro

358 838 478 903 ﬁat,
511 838 925 893 attendendum
960 844 1069 894 est.
1106 841 1186 895 lbi
1221 843 1376 896 enim
1404 843 1654 897 maxime
1677 844 1997 898 cavendum

354 931 465 992 est,
499 932 564 980 ut
622 930 957 996 praecentori
1020 930 1077 984 in
1138 930 1314 986 choro
1347 933 1599 999 canenti,
1632 937 1999 987 suecentores

354 1014 719 1069 concorditer
736 1016 790 1069 in
818 1017 994 1071 choro
1016 1020 1423 1090 respondeant.
1446 1021 1664 1076 Chorus
1683 1027 1878 1076 autem
1900 1024 1996 1089 qui

342 1102 444 1157 hic
470 1107 708 1158 notatur
729 1106 986 1160 Ecclesia
1012 1114 1118 1174 est,
1152 1109 1209 1162 in
1235 1126 1352 1179 qua
1391 1109 1660 1164 Christus
1682 1118 2001 1181 preacentnr

348 1197 456 1257 est,
483 1196 537 1246 et
561 1193 775 1248 chorus
799 1200 1121 1267 martyrum
1159 1204 1530 1253 succentores
1562 1205 1617 1253 et
1643 1201 1996 1271 responden-

350 1285 440 1335 tes
471 1282 839 1337 concorditer
872 1286 1231 1353 przecentori.
1282 1288 1442 1351 Quod
1477 1288 1599 1357 ipse
1632 1294 1822 1342 autem
1856 1307 1997 1359 prae-

346 1369 505 1433 cinit,
548 1370 751 1426 Petrus
807 1374 1081 1442 ostendit,
1143 1374 1378 1430 dicens:
1419 1376 1667 1431 Christus
1715 1394 1810 1446 pro
1844 1380 2000 1433 nobis

345 1474 539 1529 passus
569 1464 647 1513 est
678 1460 727 1530 (Ι
763 1464 911 1515 Petr.
948 1462 1030 1532 11).
1068 1466 1208 1518 Ecce
1241 1471 1651 1534 praecentorem
1686 1466 1993 1521 habemus.

346 1547 517 1603 Notat
554 1549 730 1604 etiam
787 1556 1203 1607 succentores:
1242 1554 1400 1609 Vobis
1448 1554 1766 1626 relinquens
1806 1573 1996 1611 exem-

344 1638 518 1709 plum,
543 1640 602 1691 ut
622 1640 933 1708 sequamini
962 1643 1191 1709 vestigia
1237 1644 1358 1712 ejus
1378 1644 1570 1716 (ibid).
1622 1646 1767 1699 Nam
1798 1646 1855 1699 in
1893 1646 1998 1700 hoc

346 1725 454 1781 sibi
479 1727 884 1798 respondetur.
912 1728 1076 1785 Unde
1092 1731 1350 1787 Joannes
1374 1750 1384 1786 :
1407 1734 1569 1788 Sicut
1586 1734 1883 1790 Christum
1900 1752 1997 1806 pro

342 1817 503 1871 nobis
524 1817 777 1871 animam
803 1834 963 1872 suam
984 1821 1183 1889 posuit,
1210 1821 1290 1876 ita
1310 1826 1359 1877 et
1376 1839 1471 1877 nos
1505 1824 1761 1879 debemus
1784 1827 1998 1880 animus

339 1921 439 1977 pro
481 1906 750 1976 fratribus
799 1924 1001 1978 ponere
1058 1910 1102 1980 (I
1150 1913 1306 1966 Joan.
1374 1912 1497 1982 In):
1558 1912 1669 1968 hoc
1720 1914 1877 1968 enim
1910 1919 2000 1969 est

343 1993 452 2049 sibi
486 1996 857 2066 respondere.
894 1999 1227 2053 Cavendum
1271 1999 1446 2054 etiam
1480 2002 1818 2073 unicuique,
1852 2007 1917 2058 ut
1947 2003 1996 2057 si

341 2081 481 2137 velit
502 2098 629 2138 esse
651 2082 956 2139 aemulator
978 2086 1294 2142 Dominicae
1320 2088 1633 2160 passionis,
1656 2091 1997 2147 charitatem

343 2172 554 2227 habeat
581 2188 594 2226 :
630 2173 768 2243 quia
800 2174 929 2229 sine
962 2174 1245 2231 charitate
1280 2194 1394 2233 non
1440 2180 1801 2236 concorditer
1829 2183 1879 2237 ei
1908 2199 1997 2236 re-

344 2262 611 2332 spondet.
647 2262 809 2318 Unde
840 2263 1100 2320 Paulus:
1133 2268 1198 2320 Et
1221 2268 1271 2321 si
1288 2268 1570 2323 tradidero
1590 2286 1791 2340 corpus
1812 2288 1997 2326 meum

346 2351 428 2405 ita
455 2354 518 2405 ut
546 2351 796 2418 ardeam,
833 2352 1159 2409 charitatem
1188 2361 1368 2411 autem
1418 2375 1532 2412 non
1563 2358 1823 2424 habuero,
1849 2360 1998 2415 nihil

338 2440 560 2509 prodest
622 2440 671 2510 (Ι
730 2441 850 2495 Cor.
910 2443 1053 2514 xm).
1128 2446 1432 2501 Intellectus
1491 2450 1712 2503 lleman.
1774 2450 1995 2505 Heman

342 2526 764 2597 interpretatur
819 2530 1004 2602 frater
1056 2533 1195 2601 ejus.
1258 2535 1365 2589 Eos
1424 2537 1578 2591 enim
1622 2539 1830 2593 fratres
1860 2555 1996 2593 suos

347 2614 616 2670 Christus
638 2616 826 2671 facere
847 2618 1123 2689 dignatus
1145 2625 1252 2687 est,
1280 2622 1379 2693 qui
1412 2633 1842 2681 sacramentum
1864 2645 1995 2682 cru—

350 2702 435 2758 cis
456 2702 794 2775 intelligunt
814 2722 827 2773 ;
847 2710 904 2761 et
924 2724 1039 2761 non
1064 2708 1253 2764 solum
1278 2711 1350 2765 de
1372 2710 1471 2765 illa
1486 2730 1599 2767 non
1619 2716 1992 2782 erubescunt,

344 2807 548 2847 verum
575 2792 749 2848 etiam
785 2794 841 2848 in
876 2794 976 2849 illa
1005 2796 1251 2852 fideliter
1292 2797 1637 2871 gloriantur,
1671 2807 1734 2855 ut
1765 2802 1994 2857 unicui-

342 2896 455 2952 que
486 2881 750 2939 dicatur:
784 2885 929 2938 lz'cce
973 2901 1093 2940 vere
1144 2888 1418 2954 Israelita,
1474 2891 1534 2943 in
1563 2907 1664 2960 quo
1695 2891 1857 2945 dolus
1886 2910 1996 2948 non

341 2974 420 3025 est
479 2970 657 3040 (Joan.
719 2976 780 3039 ι).
841 2972 943 3028 Vel
1002 2976 1308 3031 intellectus
1339 2977 1665 3034 lezraelitaa.
1701 2980 1996 3036 Iezraelita

345 3057 769 3130 interpretatur
791 3063 1076 3118 orientalis
1105 3064 1350 3120 advena.
1397 3065 1525 3121 Hec
1558 3067 1713 3122 enim
1743 3069 1995 3141 quisque

346 3147 568 3202 Heman
602 3149 771 3204 debet
804 3152 1121 3217 attendere,
1154 3154 1306 3224 quod
1343 3155 1415 3210 ab
1455 3155 1688 3212 Oriente
1719 3156 1991 3228 ,splendi-

347 3236 595 3292 dissima
621 3237 889 3294 videlicet
944 3240 1196 3312 regione,
1259 3259 1360 3314 per
1404 3244 1656 3315 primum
1690 3252 1990 3318 parentem
2024 3228 2067 3295 (ἶ

347 3325 631 3397 depulsus
659 3328 755 3394 sit,
814 3333 868 3384 et
928 3329 987 3384 in
1036 3330 1407 3388 Occidentem
1440 3334 1682 3404 missus,
1725 3336 1823 3391 ubi
1855 3343 1993 3393 sunt

344 3415 568 3470 caduca
587 3420 644 3471 et
666 3418 1005 3474 transitoria
1025 3438 1044 3475 :
1078 3424 1134 3475 et
1162 3421 1290 3477 ideo
1324 3424 1553 3478 studeat
1586 3426 1992 3498 unusquisque

344 3504 707 3560 concorditer
737 3508 1113 3579 respondere,
1146 3514 1210 3564 ut
1242 3510 1379 3566 illuc
1412 3514 1609 3567 redeat
1629 3531 1730 3585 per
1750 3532 1990 3571 concor-

344 3591 521 3657 diam,
547 3594 703 3649 unde
736 3596 951 3651 decidit
986 3614 1088 3668 per
1113 3598 1587 3657 inobedientiam.
1623 3606 1991 3660 Constructio

339 3681 516 3749 tituli,
566 3682 701 3739 talis
731 3689 854 3740 est:
915 3686 1204 3744 Canticum
1228 3690 1435 3760 psalmi
1464 3692 1825 3762 propositum
1857 3695 1993 3764 ﬁliis

347 3771 480 3827 Core
510 3772 567 3826 in
595 3772 769 3828 ﬁnem
808 3776 1317 3846 perseverantibus
1338 3778 1407 3832 ad
1438 3780 1867 3849 respondendum
1893 3800 1992 3853 pro

347 3859 593 3926 Maeleth,
626 3861 683 3916 id
714 3867 804 3918 est
834 3881 935 3935 pro
967 3865 1181 3922 choro:
1240 3867 1380 3937 quia
1408 3867 1518 3922 hoc
1550 3870 1871 3925 cavendum
1905 3877 1995 3926 est

343 3947 556 4019 cuique
587 3952 985 4021 respondenti,
1020 3961 1086 4009 ut
1136 3957 1503 4011 concordiam
1550 3962 1606 4011 et
1648 3958 1992 4015 charitatem

342 4037 775 4107 respondeant:
802 4046 867 4094 ut
890 4043 989 4111 qui
1037 4043 1230 4117 diligit
1273 4047 1475 4116 Deum,
1503 4046 1709 4117 diligat
1725 4054 1779 4102 et
1801 4050 1993 4121 proxi-

342 4139 505 4178 mum
534 4142 547 4192 ;
577 4129 643 4179 ut
660 4125 742 4181 sic
765 4127 1000 4199 exigant
1026 4132 1125 4201 qui
1165 4136 1554 4204 respondeant
1577 4136 1744 4191 bonis
1767 4154 1991 4207 eorum,

334 4212 670 4283 juxtaillud
698 4231 709 4269 :
738 4216 1046 4273 Imitatores
1085 4222 1200 4275 mei
1231 4226 1411 4289 estote,
1442 4225 1581 4279 sicut
1599 4234 1648 4280 et
1667 4242 1761 4297 ego
1786 4227 1996 4283 Christi

274 4334 285 4345 κ
342 4301 392 4372 (1
420 4302 539 4357 Cor.
575 4319 649 4368 ιν,
676 4303 755 4374 x1)
782 4320 793 4358 :
820 4310 877 4360 et
900 4305 1010 4361 iste
1032 4312 1123 4363 est
1168 4310 1473 4365 intellectus
1521 4317 1762 4381 Heman,
1795 4316 1849 4371 id
1882 4323 1990 4384 est,

340 4390 539 4447 fratris
566 4409 578 4447 :
604 4398 660 4448 et
684 4394 973 4462 Israelita),
995 4395 1051 4451 id
1074 4401 1183 4464 est,
1218 4415 1350 4453 vere
1383 4400 1633 4457 videntis
1656 4403 1837 4459 Deum
1864 4423 1876 4459 :
1906 4406 1992 4461 vel

348 4482 554 4537 Heman
591 4484 919 4550 Iezraelitae,
949 4485 1005 4539 id
1054 4491 1141 4543 est
1183 4489 1535 4544 attendentis
1562 4507 1624 4547 se
1657 4509 1785 4549 esse
1803 4494 1993 4549 orien-

342 4569 519 4626 talem
554 4572 860 4629 advenam.
923 4578 1043 4630 Vox
1101 4580 1190 4631 est
1219 4576 1275 4631 in
1309 4578 1416 4633 hoc
1450 4578 1675 4650 psalmo
1704 4582 1991 4638 Dominici
2026 4606 2072 4670 D

344 4656 628 4729 hominis,
663 4664 1132 4720 commendantis
1177 4668 1346 4721 nobis
1378 4669 1709 4739 passionem
1743 4688 1910 4726 suam
1942 4679 1999 4728 et

346 4744 714 4804 exhortantis
747 4751 954 4807 fratres
987 4770 1126 4810 suos
1158 4772 1272 4809 non
1305 4772 1538 4826 sperare
1560 4757 1671 4811 nisi
1697 4758 1752 4812 in
1779 4764 1910 4826 Deo,
1938 4762 1995 4816 in

350 4850 465 4905 quo
498 4834 621 4891 solo
652 4841 740 4891 est
770 4839 959 4907 salus,
991 4843 1060 4896 ad
1094 4859 1267 4913 quem
1301 4842 1489 4899 solum
1514 4843 1887 4903 clamandum
1910 4856 1998 4906 est

346 4924 473 4980 sine
503 4925 941 4983 intermissione
966 4947 979 4993 ;
1012 4935 1068 4985 et
1098 4932 1399 5002 quaeritur,
1433 4950 1565 4989 cum
1594 4936 1859 5006 psalmus
1888 4937 1997 4995 iste

345 5013 505 5069 idem
537 5014 715 5070 habet
747 5018 1043 5088 negotium
1079 5036 1211 5074 cum
1242 5021 1663 5093 superioribus,
1702 5042 1884 5097 quare
1912 5029 1997 5084 sic

346 5102 425 5158 sit
450 5102 805 5177 intitulatus,
833 5123 934 5179 pro
983 5107 1212 5163 Maelelh
1254 5111 1323 5164 ad
1370 5114 1828 5183 respondendum.
1862 5135 1996 5174 cum

345 5190 477 5263 ipse
507 5191 671 5249 solus
709 5210 825 5249 non
882 5194 1150 5251 hortatur
1207 5200 1568 5255 concorditer
1624 5206 1996 5275 respondere,

355 5280 494 5350 quia
517 5280 716 5352 plures
739 5282 834 5337 alii
869 5284 940 5339 de
977 5285 1246 5356 passione
1271 5288 1497 5342 Domini
1534 5293 1787 5347 tractant
1806 5299 1862 5347 et
1884 5295 1997 5350 t'or-

354 5368 505 5423 sitan
538 5368 676 5424 huic
707 5372 933 5443 psalmo
983 5374 1249 5431 divcrsus
1314 5375 1521 5433 titulus
1553 5382 1856 5451 appositus
1886 5389 1996 5453 est,

352 5472 425 5511 ne
454 5457 502 5511 si
534 5474 739 5514 omnes
770 5460 982 5531 psalmi
1041 5464 1142 5534 qui
1202 5464 1356 5520 idem
1418 5466 1637 5523 habent
1676 5473 1995 5545 negotium,

352 5544 577 5600 eisdem
610 5547 796 5603 titulis
828 5550 1286 5624 intitularentur,
1323 5555 1555 5612 fastidio
1587 5544 1891 5629 caperetur
1918 5562 1997 5619 le-

353 5634 494 5693 ctor.
524 5632 673 5689 Dicit
704 5640 899 5696 autem
932 5639 1014 5695 sic
1050 5640 1354 5698 Christus:

2112 577 2167 627 te
2224 575 2280 626 in
2340 574 2447 643 die,
2500 573 2557 627 id
2612 578 2717 639 est,
2779 574 2836 627 in
2896 577 3156 643 tempore
3213 571 3664 643 prosperitatis:
3714 579 3769 628 et

2111 666 2281 733 nocte,
2319 663 2374 717 id
2408 668 2517 729 est,
2578 662 2635 716 in
2696 663 2821 734 ipso
2878 667 3137 732 tempore
3196 660 3529 731 passionis:
3566 659 3767 716 ethoc

2112 769 2301 807 coram
2328 756 2398 816 te,
2430 752 2482 805 id
2518 757 2626 817 est,
2686 752 2743 805 in
2804 750 3161 822 beneplacito
3206 755 3309 803 tuo
3342 753 3545 803 etnon
3581 748 3641 803 in
3677 749 3761 804 fa-

2116 858 2311 897 vorem
2344 841 2688 896 hominum:
2748 845 2805 896 et
2860 840 2986 895 ideo
3046 841 3230 903 intret,
3282 838 3337 892 id
3372 842 3482 901 est,
3518 854 3634 892 non
3670 854 3765 893 re-

2111 930 2379 1003 pellatur,
2413 933 2585 985 oratio
2615 947 2737 985 mea
2770 930 3010 983 confusa
3068 931 3129 983 in
3185 930 3473 998 conspectu
3503 930 3616 981 tuo.
3651 928 3766 982 Sed

2112 1020 2386 1074 introitus
2435 1020 2714 1073 orationis
2774 1023 2862 1073 est
2915 1016 3173 1088 acceptio
3233 1015 3553 1070 orationis:
3589 1022 3649 1069 et
3680 1021 3771 1071 est

2112 1109 2329 1164 dictum
2345 1109 2414 1162 ad
2434 1108 2879 1162 similitudidem
2900 1106 3038 1179 quia
3051 1106 3240 1161 solent
3258 1109 3520 1177 potentes
3544 1104 3768 1176 legatos

2112 1200 2434 1253 amicorum
2468 1214 2615 1269 quos
2664 1201 2864 1252 amant
2921 1196 3308 1251 intromittere
3349 1194 3409 1248 in
3444 1199 3767 1264 conspectu

2110 1304 2214 1342 suo
2243 1305 2254 1341 :
2290 1289 2501 1342 inclina
2531 1303 2723 1342 aurem
2758 1291 2909 1340 tuam
2956 1286 3026 1340 ad
3070 1300 3285 1356 precem
3328 1300 3527 1352 meam,
3563 1282 3619 1336 id
3655 1290 3762 1349 est,

2111 1394 2375 1431 meorum
2405 1396 2416 1432 :
2452 1382 2507 1431 et
2538 1393 2687 1448 Opus
2718 1381 2807 1431 est
2839 1381 2901 1429 ut
2938 1374 3114 1428 intret
3161 1371 3342 1427 oratio
3375 1389 3505 1426 mea
3537 1372 3595 1425 in
3632 1389 3769 1427 con-

2110 1472 2313 1537 spectu
2358 1471 2478 1531 tuo,
2516 1469 2651 1538 quia
2687 1466 2894 1536 repleta
2918 1467 2992 1518 est
3022 1462 3186 1517 malis
3214 1464 3410 1517 anima
3439 1478 3584 1515 mea.
3620 1462 3765 1516 Ani-

2113 1573 2269 1611 mam
2294 1555 2506 1610 Christi
2531 1554 2811 1625 repletam
2834 1552 2989 1607 vitiis
3011 1568 3126 1606 non
3149 1554 3376 1605 tantum
3411 1550 3625 1613 dicere,
3662 1551 3763 1605 sed

2109 1644 2286 1699 etiam
2311 1645 2473 1698 nefas
2496 1648 2582 1697 est
2601 1642 2873 1713 cogitare.
2895 1641 3118 1706 Quibus
3166 1656 3300 1710 ergo
3349 1637 3521 1693 malis
3543 1643 3634 1693 est
3667 1656 3761 1695 re-

2108 1733 2262 1804 pleta
2282 1733 2309 1787 ?
2330 1733 2453 1787 Nisi
2479 1731 2698 1786 malum
2722 1732 2868 1785 forte
2892 1728 3249 1801 accipiamus
3282 1726 3512 1783 dolores
3539 1728 3761 1793 carnis,

2109 1822 2167 1877 in
2193 1822 2407 1894 quibus
2442 1820 2882 1892 conpatiebatur
2910 1819 3109 1874 anima
3137 1819 3363 1889 corpori
3396 1816 3759 1889 sibijuncto.

2110 1911 2274 1967 Unde
2300 1911 2443 1965 illud
2474 1929 2485 1965 :
2524 1912 2709 1965 Tristis
2729 1914 2808 1964 est
2838 1910 3029 1963 anima
3069 1924 3191 1962 mea
3235 1922 3406 1977 usque
3442 1906 3510 1960 ad
3530 1910 3767 1962 mortem

2107 2001 2318 2072 (Matth,
2352 2001 2527 2071 xxvx).
2563 1999 2680 2055 Hos
2705 2006 2895 2053 autem
2931 1997 3202 2052 humanae
3239 1994 3604 2049 inﬁrmitatis
3625 1995 3764 2051 alie-

2107 2095 2236 2145 ctus
2256 2108 2371 2145 non
2396 2090 2657 2161 suscepit
2678 2088 2964 2143 Dominus
2988 2103 3057 2141 ex
3076 2085 3405 2141 conditione
3437 2084 3758 2139 necessita-

2106 2181 2203 2246 tis,
2222 2180 2322 2236 sed
2346 2196 2415 2235 ex
2435 2178 2736 2234 voluntate
2759 2175 3183 2240 miserationis,
3212 2178 3273 2229 ut
3311 2173 3760 2245 transfiguraret

2107 2287 2168 2325 se
2190 2270 2248 2324 in
2268 2286 2479 2341 corpus
2502 2284 2700 2334 suum,
2722 2267 2877 2338 quod
2900 2270 2989 2321 est
3010 2264 3261 2320 Ecclesia
3285 2282 3296 2319 :
3321 2263 3412 2318 cui
3435 2268 3613 2334 caput
3633 2279 3762 2319 esse

2106 2361 2384 2433 dignatus
2407 2363 2517 2425 est,
2541 2358 2598 2412 id
2622 2362 2730 2423 est,
2757 2356 3023 2411 membra
3048 2354 3227 2409 suain
3248 2352 3468 2408 sanctis
3487 2356 3544 2407 et
3577 2352 3761 2407 fideli-

2105 2450 2216 2505 bus
2238 2448 2383 2513 suis,
2405 2451 2469 2502 ut
2495 2447 2542 2502 si
2566 2445 2739 2502 alicui
2762 2461 2963 2499 eorum
2987 2445 3137 2498 inter
3160 2441 3455 2497 humanas
3474 2443 3750 2497 tentatio-

2105 2555 2207 2593 nes
2239 2536 2569 2592 contristari
2620 2540 2675 2591 et
2722 2533 2918 2589 dolere
2957 2532 3337 2603 contingeret,
3370 2547 3487 2586 non
3517 2530 3649 2585 ideo
3679 2531 3751 2585 ab

2105 2627 2232 2697 ejus
2253 2625 2440 2697 gratia
2462 2642 2523 2679 se
2546 2627 2778 2695 putaret
2807 2622 3061 2678 alienum
3088 2638 3100 2675 :
3128 2625 3184 2676 et
3205 2637 3320 2675 non
3342 2635 3471 2676 esse
3493 2620 3607 2674 ista
3628 2636 3753 2691 pec-

2104 2720 2248 2784 cata,
2283 2714 2381 2768 sed
2434 2714 2701 2767 humanae
2748 2710 3112 2766 infirmitatis
3152 2708 3390 2764 indicia.
3423 2706 3526 2763 Vel
3558 2706 3751 2762 aliter.

2104 2803 2325 2874 Repleta
2356 2806 2435 2856 est
2454 2803 2620 2856 malis
2647 2803 2843 2856 anima
2872 2817 3017 2868 mea,
3040 2797 3211 2853 malis
3232 2796 3501 2852 videlicet
3520 2796 3752 2852 Judeo-

2105 2908 2256 2955 rum,
2292 2907 2393 2961 pro
2426 2889 2643 2960 quibus
2673 2890 2733 2944 in
2785 2888 3056 2961 passione
3112 2886 3267 2941 dixi:
3300 2890 3483 2950 Pater,
3516 2885 3756 2957 ignosce

2103 2980 2218 3034 illis
2249 2978 2389 3049 quia
2420 2978 2691 3033 nesciunt
2721 2978 2855 3048 quid
2883 2979 3099 3048 faciunt
3131 2977 3278 3047 (Luc.
3298 2975 3479 3044 xxm).
3508 2973 3577 3027 Et
3608 2973 3751 3028 alibi

2103 3068 2174 3123 de
2200 3067 2407 3122 iisdem
2442 3066 2615 3122 malis
2646 3066 2897 3121 dicitur:
2938 3068 3012 3121 Et
3040 3064 3273 3120 sustinui
3297 3061 3391 3131 qui
3414 3061 3588 3114 simul
3614 3077 3749 3116 oon-

2105 3158 2445 3221 tristarelur,
2478 3165 2528 3211 et
2555 3172 2663 3211 non
2706 3157 2893 3210 inveni
2940 3154 3115 3226 (Psal.
3150 3150 3354 3221 vam).
3383 3149 3484 3203 Bis
3510 3148 3735 3204 talibus

2104 3245 2276 3302 malis
2307 3244 2550 3301 Paulum
2577 3245 2931 3317 apostolum,
2958 3242 3313 3315 praecipuum
3335 3237 3657 3293 membrum
3680 3237 3737 3292 in

2105 3351 2342 3407 corpore
2371 3333 2608 3399 Christi,
2642 3332 2892 3405 legimus
2922 3337 2980 3387 et
3019 3330 3353 3386 audivimus
3382 3326 3750 3382 conﬁtentem

2105 3425 2363 3479 animam
2393 3440 2521 3480 esse
2555 3421 2862 3495 repletam,
2894 3437 3025 3476 cum
3059 3420 3279 3475 diceret
3309 3414 3609 3471 tristitiam
3641 3413 3753 3469 sibi

2105 3529 2232 3568 esse
2260 3529 2533 3584 magnam
2567 3516 2624 3566 et
2652 3510 2996 3566 continuum
3028 3508 3289 3564 dolorem
3322 3505 3483 3562 cordi
3514 3521 3623 3559 suo
3655 3520 3755 3577 pro

2102 3602 2382 3657 tratribus
2405 3602 2530 3655 suis
2550 3601 2879 3655 secundum
2900 3615 3156 3667 carnem,
3176 3597 3279 3669 qui
3298 3599 3439 3650 sunt
3457 3592 3752 3659 Israelita,

2103 3705 2207 3759 pro
2239 3688 2454 3759 quibus
2498 3687 2679 3741 dixit:
2715 3688 2980 3759 Optabam
3007 3685 3303 3740 anathema
3331 3699 3447 3739 esse
3488 3698 3595 3754 pro
3632 3684 3754 3752 fra-

2102 3778 2278 3833 tribus
2302 3779 2442 3831 meis
2463 3776 2799 3832 carnalibus
2831 3778 3007 3849 (Rom,
3046 3778 3147 3843 1x),
3180 3777 3243 3830 Et
3264 3775 3379 3829 vita
3401 3788 3526 3827 mea
3542 3773 3754 3843 inferno

2104 3867 2589 3938 appropinquavit,
2624 3866 2679 3920 id
2714 3870 2822 3934 est,
2852 3863 3238 3920 destructioni
3272 3878 3453 3934 prope
3501 3860 3636 3921 fuit,
3669 3858 3751 3914 vel

2103 3953 2318 4009 similis
2340 3954 2533 4009 habitu
2560 3957 2647 4009 est
2670 3954 2787 4007 vita
2809 3970 2939 4009 mea
2958 3953 3090 4008 vita:
3121 3952 3378 4017 illorum,
3401 3950 3503 4021 qui
3527 3949 3752 4004 inferno

2104 4043 2265 4115 digni
2290 4042 2569 4099 suntzvel
2594 4043 2737 4114 ipsis
2762 4043 2862 4114 qui
2886 4047 3025 4097 sunt
3056 4043 3320 4097 infernus
3356 4037 3531 4094 nihili
3554 4038 3757 4093 habita

2103 4137 2192 4188 est
2214 4132 2331 4188 vita
2353 4149 2501 4187 mea.
2523 4131 2648 4195 Vel,
2677 4132 2747 4186 de
2770 4130 3052 4187 membris
3091 4131 3359 4186 dicamus
3394 4129 3480 4183 sic
3504 4145 3518 4183 :
3540 4127 3759 4184 lnclina

2105 4221 2175 4275 ad
2210 4237 2409 4292 preces
2441 4237 2621 4287 meas,
2652 4220 2710 4274 id
2739 4224 2849 4287 est,
2885 4236 3149 4275 meorum
3175 4236 3188 4272 :
3235 4222 3291 4274 et
3321 4234 3469 4289 opus
3501 4220 3596 4271 est
3624 4216 3759 4288 quia

2104 4311 2312 4381 repleta
2340 4314 2419 4364 est
2450 4312 2650 4364 anima
2680 4325 2945 4364 meorum
2975 4311 3144 4364 malis
3162 4308 3317 4363 vitiis
3334 4305 3606 4362 videlicet
3627 4321 3761 4360 car-

2105 4398 2375 4466 nalibus;
2407 4402 2458 4452 el
2492 4400 2601 4452 vita
2630 4415 2755 4453 mea
2784 4398 3011 4471 inferno
3042 4397 3541 4470 appropinquavit:
3573 4399 3634 4450 et
3652 4410 3761 4466 ego

2105 4489 2229 4559 ipse
2255 4490 2561 4543 aestimatus
2598 4504 2721 4541 sum
2778 4488 2850 4542 ab
2904 4486 3025 4543 illis
3054 4504 3180 4543 cum
3208 4484 3655 4542 descendentibus
3702 4486 3760 4539 in

2105 4578 2307 4642 lacum,
2339 4576 2398 4631 id
2430 4581 2539 4641 est,
2558 4575 2812 4632 similem
2834 4593 2927 4631 me
2949 4577 3237 4648 putabant
3256 4574 3386 4631 aliis
3408 4572 3763 4629 hominibus

2105 4666 2557 4722 descendentibus
2585 4667 2646 4719 in
2677 4667 2875 4735 lacum,
2908 4666 2965 4719 id
3026 4670 3133 4734 est,
3185 4665 3245 4719 in
3277 4662 3458 4734 hujus
3486 4662 3621 4717 vitae
3650 4662 3763 4716 mi-

2109 4756 2321 4811 seriam
2348 4772 2360 4810 :
2390 4759 2445 4810 et
2461 4757 2639 4824 factus
2657 4771 2783 4809 sum
2810 4754 3162 4827 inquantum
3184 4752 3295 4826 ipsi
3318 4751 3764 4816 existimabant,

2106 4848 2258 4901 sicut
2289 4845 2447 4900 homo
2477 4846 2599 4900 sine
2629 4844 2906 4910 adiutorio
2925 4861 2946 4907 ;
2973 4844 3112 4916 quia
3138 4844 3445 4898 dixerunt:
3478 4840 3765 4913 Compre-

2107 4933 2345 4990 bendite
2376 4949 2535 5001 eum,
2568 4932 2709 5004 quia
2740 4949 2853 4988 non
2886 4937 2976 4990 est
3022 4932 3122 5005 qui
3179 4931 3386 4988 liberet
3412 4946 3551 4986 eum
3582 4930 3763 4997 (Psal.

2108 5024 2257 5093 nxx),
2291 5038 2426 5078 cum
2458 5038 2564 5094 ego
2594 5026 2790 5077 tamen
2822 5021 2983 5077 solus
3009 5023 3159 5077 inter
3190 5028 3455 5083 mortuos,
3479 5019 3538 5074 id
3564 5022 3679 5085 est,
3703 5019 3765 5073 in

2107 5113 2383 5169 societate
2422 5110 2690 5166 videlicet
2734 5115 3102 5167 mortuorum
3134 5113 3462 5183 reputatus,
3495 5108 3640 5164 liber
3669 5123 3767 5163 es-

2107 5218 2255 5266 sem,
2278 5200 2336 5255 id
2364 5204 2471 5271 est,
2497 5201 2624 5256 sine
2646 5205 2906 5272 peccato:
2934 5201 3089 5273 quod
3111 5215 3347 5256 summa
3366 5197 3611 5253 libertas
3632 5202 3766 5253 est:

2108 5292 2246 5364 quia
2278 5292 2455 5346 omnis
2506 5292 2602 5361 qui
2654 5292 2791 5360 facit
2835 5293 3141 5361 peccatum,
3200 5304 3393 5344 servus
3445 5294 3527 5342 est
3552 5287 3770 5358 peccati

2112 5382 2299 5453 (Joan.
2330 5379 2455 5451 VIII)
2480 5396 2492 5433 :
2523 5380 2663 5434 liber
2692 5377 2908 5434 dicitur
2937 5379 3222 5435 Dominus
3271 5378 3424 5433 inter
3454 5374 3767 5443 mortales,

2108 5469 2247 5541 quia
2265 5469 2323 5523 in
2350 5468 2736 5524 similitudine
2758 5468 2948 5525 carnis
2975 5466 3312 5540 peccatricis
3333 5463 3630 5539 apparuit,
3658 5463 3767 5519 sed

2107 5575 2223 5614 non
2255 5560 2549 5630 peccator.
2586 5558 2713 5630 Ipse
2744 5557 2918 5613 etiam
2952 5573 3066 5613 non
3098 5559 3355 5623 coactus,
3384 5553 3487 5610 sed
3520 5554 3764 5625 sponta-

2109 5663 2253 5705 neus
2287 5650 2536 5704 mortem
2565 5645 2768 5704 subiit.
2828 5646 2991 5705 Unde
3017 5645 3164 5704 illud
3193 5661 3208 5702 :
3240 5646 3562 5704 Potestatem
3588 5639 3761 5698 habeo
