4024 6192
241 310 361 379 805

1368 309 1979 403 ENARRA'I‘IONES
2021 307 2102 373 IN
2142 309 2526 379 PSALMOS.

3528 314 3699 383 ωδ.

242 451 495 522 ponendi
530 452 808 509 amimam
826 467 1034 520 meam,
1066 460 1121 508 et
1159 452 1402 507 iterum’
1436 449 1701 507 sumendi
1754 464 1887 505 eam
1915 446 1971 513 Α
2000 446 2081 501 ita
2105 450 2162 502 et
2192 449 2438 519 apostoli
2474 444 3170 523 languebantprzninopia
3192 448 3426 520 quando
3441 464 3641 508 eorum

244 542 427 614 (Joan.
463 544 521 609 χ)
550 559 562 596 :
598 542 752 614 quod
785 543 961 597 dicit:
993 542 1190 611 factus
1219 558 1349 597 sum
1379 542 1528 597 sicut
1559 542 1726 595 homo
1772 539 1894 595 sine

242 631 565 700 adjutorio,
598 630 747 686 inter
777 636 1038 686 mortuos
1070 630 1210 686 liber
1232 650 1248 685 :
1271 636 1328 687 et
1342 635 1534 686 tamen
1570 630 1896 684 aestimatus

242 735 376 775 sum
408 720 481 774 ab
516 718 633 773 illis
662 721 805 774 sicut
831 720 1126 791 vulnerati,
1151 718 1209 774 id
1241 723 1351 783 est,
1387 720 1542 773 sicut
1572 717 1761 773 caeteri
1795 716 1895 789 qui

240 807 547 878 vulnerati,
580 807 964 881 suntsagittis
989 807 1610 877 Domini,mortalitate
1631 806 1898 862 videlicet

243 901 302 954 et
332 896 737 969 passibilitate.
770 896 933 952 Unde
956 895 1134 952 illud:
1171 896 1400 967 Sagittae
1423 900 1533 951 tuae
1557 896 1749 963 inﬁxa:
1769 903 1899 951 sunt

244 987 388 1042 mihi
410 986 580 1057 (Psal.
613 985 849 1056 xxxvn).
884 986 952 1040 Et
980 986 1306 1041 testimatus
1330 1002 1462 1041 sum
1497 987 1568 1041 ab
1600 984 1900 1049 illis,sicut

243 1074 330 1130 illi
365 1074 465 1148 qui
496 1075 798 1130 dormiunt
828 1076 887 1130 in
915 1075 1186 1146 sepulcris
1214 1091 1443 1146 quorum
1473 1075 1626 1130 Deus
1654 1090 1765 1129 non
1811 1078 1901 1129 est

245 1181 455 1220 memor
483 1165 750 1236 amplius,
786 1168 1077 1236 quantum
1099 1163 1170 1219 ad
1194 1164 1344 1219 hanc
1366 1164 1723 1236 vitam,quos
1741 1162 1898 1219 vide-

240 1252 381 1309 licet
410 1253 467 1307 in
501 1251 770 1324 sepulcro
791 1253 1012 1324 positos
1026 1256 1360 1323 exspectare
1375 1257 1601 1325 oportet
1628 1253 1898 1324 usquead

247 1357 624 1399 communem
658 1342 1164 1397 resurrectionem.
1204 1346 1267 1397 Et
1311 1344 1419 1414 ipsi
1474 1342 1538 1397 de
1588 1358 1760 1397 manu
1803 1350 1900 1396 tua

249 1431 460 1504 repulsi
479 1438 627 1496 sunt,
661 1431 718 1485 id
751 1435 859 1495 est,
891 1429 1022 1486 illos
1072 1431 1170 1503 qui
1226 1447 1318 1486 me
1366 1431 1540 1486 talem
1602 1429 1900 1486 existima-

246 1522 410 1590 bant,
440 1519 523 1575 ita
551 1536 585 1574 a
613 1523 670 1575 te
703 1518 976 1589 rejecisti,
1011 1523 1077 1574 ut
1107 1519 1364 1592 amplius
1396 1536 1497 1575 eos
1556 1519 1901 1583 revocando,

240 1626 359 1666 non
382 1624 683 1680 supponas
711 1608 793 1663 eis
825 1624 1067 1663 manum
1102 1607 1517 1665 misericordiae
1544 1625 1556 1664 :
1583 1608 1725 1679 quia
1786 1606 1900 1679 ipsi

246 1698 563 1754 existentes
595 1698 653 1752 in
680 1697 968 1769 profundo
992 1697 1344 1769 iniquitatis,
1369 1700 1790 1754 contemnunt:
1815 1695 1902 1751 vel

241 1786 310 1843 de
339 1802 514 1841 manu
537 1794 653 1854 tua,
695 1785 754 1840 id
785 1790 893 1854 est,
929 1787 998 1840 de
1028 1786 1287 1858 potentia
1318 1791 1419 1841 tua
1473 1786 1748 1842 videntur
1775 1802 1903 1884 esse
1934 1820 1981 1884 Β

245 1874 492 1948 repulsi,
516 1874 655 1947 quia
674 1873 833 1930 licito
849 1878 1167 1946 operantur
1191 1876 1345 1947 quod
1366 1875 1587 1939 volunt,
1612 1892 1677 1931 ac
1699 1875 1747 1930 si
1773 1872 1901 1929 nul-

249 1964 367 2019 lam
391 1964 709 2036 potentiam
732 1979 911 2035 super
931 1980 1029 2019 eos
1064 1964 1243 2019 habes
1270 1983 1286 2019 :
1318 1963 1429 2030 vel,
1465 1965 1812 2020 dormientes
1839 1962 1900 2018 in

250 2053 539 2125 sepulcris
570 2052 936 2125 accipiuntur
964 2052 1069 2120 illi,
1105 2054 1204 2125 qui
1238 2056 1299 2108 in
1321 2054 1602 2125 sepulcris,
1627 2054 1686 2108 id
1710 2058 1817 2119 est,
1840 2052 1902 2108 in

256 2156 496 2212 corpore
525 2140 625 2196 illo
654 2145 711 2197 et
739 2142 797 2195 in
820 2140 1128 2197 desideriis
1162 2141 1587 2214 corporalibus,
1618 2159 1744 2213 quae
1768 2145 1903 2198 sunt

254 2228 428 2300 quasi
452 2229 783 2301 sepulcrum
816 2229 1046 2298 animae,
1078 2230 1546 2286 tantumhabent
1567 2230 1904 2286 delectatio-

255 2333 418 2384 nem,
454 2322 733 2388 quantam
762 2317 1046 2374 haberent
1102 2319 1162 2373 in
1214 2320 1612 2375 dormitione:
1674 2335 1907 2391 quorum

254 2421 371 2461 non
400 2410 490 2462 est
516 2422 725 2462 memor
750 2409 996 2479 amplius
1026 2408 1203 2475 Deus,
1233 2414 1299 2464 ut
1328 2425 1427 2464 eos
1475 2414 1717 2479 revocet,
1773 2407 1910 2481 quia

246 2495 378 2566 jam
413 2494 657 2550 tradidit
686 2513 783 2551 eos
814 2496 875 2551 in
908 2498 1220 2569 reprobum
1254 2514 1526 2553 sensum:
1552 2498 1641 2553 vel
1680 2514 1791 2554 non
1822 2501 1912 2554 est

154 2592 161 2599 °
250 2598 465 2639 memor
492 2584 969 2655 ampliuseorum,
994 2592 1283 2657 quantum
1306 2587 1375 2641 ad
1398 2586 1905 2643 existimationem:

252 2671 399 2745 quia
419 2670 693 2727 italibere
710 2678 956 2744 peccant
976 2675 1141 2745 quasi
1158 2675 1444 2731 Dominus
1466 2674 1663 2730 omnia
1676 2678 1911 2746 peccata

256 2777 467 2817 eorum
500 2765 655 2817 esset
676 2760 987 2831 oblitus,ut
1005 2762 1264 2833 amplius
1286 2780 1401 2818 non
1424 2763 1785 2835 punireteos.
1810 2766 1910 2819 Po-

252 2852 497 2904 suerunt
534 2848 710 2904 etiam
730 2849 1257 2905 meexistimatione
1279 2868 1385 2907 sua
1403 2853 1459 2907 in
1476 2853 1600 2906 lacu
1629 2853 1908 2921 inferiori,

252 2938 313 2994 id
342 2937 609 3005 est,inter
626 2936 760 2993 illos
777 2939 877 3009 qui
903 2936 958 2992 in
976 2940 1332 3010 profundum
1346 2939 1675 3012 iniquitatis
1693 2940 1911 2997 cecide-

259 3044 335 3085 ru
348 3029 565 3082 nt:etin
585 3027 901 3096 tenebrosis,
917 3028 974 3082 id
996 3032 1103 3095 est,
1119 3028 1451 3093 nonsolum
1467 3033 1789 3101 posuerunt
1818 3045 1912 3083 me

251 3117 317 3172 in
342 3115 474 3171 lacu
489 3114 879 3181 inferiori,sed
903 3116 1077 3172 etiam
1103 3116 1428 3171 tenebrosis
1446 3133 1535 3171 me
1549 3133 1913 3188 comparave-

2002 535 2153 590 visui
2186 536 2471 593 Dominus
2504 539 2976 606 subtrahebatur,
3009 556 3042 593 a
3072 555 3188 610 quo
3218 537 3453 593 assidue
3474 538 3646 611 spiri-

2003 624 2238 680 tualiter
2267 626 2696 683 reﬁciebantur.
2731 629 2859 701 Ipse
2890 628 3042 683 enim
3077 628 3147 683 de
3178 644 3240 683 se
3281 627 3427 682 dixit
3455 644 3467 682 :
3534 632 3645 699 Ego

2004 731 2128 770 sum
2162 715 2333 784 panis
2356 718 2512 771 vivus
2551 720 2653 788 qui
2707 718 2775 772 de
2817 720 2952 773 caelo
3014 718 3283 774 descendi
3337 718 3646 790 (Joan.vx).

2009 804 2185 862 Oculi
2212 806 2330 860 mei
2356 806 2700 875 languerunt
2738 823 2860 875 pra:
2882 809 3082 874 inopia
3105 824 3210 880 ego
3236 807 3647 863 tameninobe-

2007 894 2226 949 dientia
2257 912 2372 950 non
2404 894 2726 965 destiti,sed
2762 898 3263 968 semperclamavi
3283 897 3362 953 ad
3392 902 3449 951 te
3465 897 3649 953 Deum

2007 985 2494 1053 promerendum:
2531 990 2649 1039 tota
2682 986 2775 1040 die
2806 987 3060 1055 expandi
3088 987 3166 1043 ad
3181 996 3234 1042 te
3251 1002 3455 1042 manus
3473 1003 3649 1042 meas.

2009 1072 2068 1128 Si
2101 1073 2422 1144 accipimus
2451 1074 2866 1145 expansionem
2900 1093 3184 1131 manuum
3218 1076 3277 1131 in
3310 1093 3501 1147 cruce,
3535 1093 3650 1132 non
3726 1098 3735 1103 ·

2009 1166 2202 1232 potest
2226 1161 2336 1216 dici
2373 1163 2526 1234 quod
2560 1167 2681 1217 tota
2712 1163 2806 1218 die
2828 1163 3209 1234 expandisset
3232 1165 3391 1236 ;quia
3412 1165 3471 1219 in
3493 1169 3655 1221 sexta

2009 1249 2152 1305 hora
2185 1250 2295 1304 fuit
2325 1252 2660 1317 crucifixus,
2693 1256 2750 1308 et
2781 1251 2841 1306 in
2871 1268 3111 1323 vespere
3133 1252 3401 1324 sepultus
3428 1272 3441 1308 :
3502 1254 3657 1309 unde

2009 1339 2243 1393 videtur
2273 1339 2737 1417 convenientius,
2772 1345 2835 1395 ut
2866 1357 2969 1412 per
3021 1357 3236 1396 manus
3295 1340 3656 1413 accipiamus

2009 1427 2163 1481 bona
2175 1444 2504 1500 opera,qute
2519 1430 2642 1501 ipse
2654 1445 2886 1501 semper
2898 1429 3656 1502 expandit,quianunquam

2012 1534 2045 1572 a
2079 1517 2224 1571 bene
2254 1519 2548 1587 operando
2566 1517 2835 1587 cessavit,
2869 1519 2967 1573 sed
3000 1534 3231 1590 semper
3252 1536 3400 1590 opus
3439 1520 3659 1575 bonum

2012 1622 2184 1678 opere
2205 1607 2357 1660 bono
2388 1607 2781 1674 continuavit;
2816 1608 2970 1679 quod
3004 1607 3166 1672 dicit,
3193 1607 3443 1678 empandi
3470 1609 3549 1664 ad
3604 1617 3663 1664 te

2016 1711 2220 1749 manus
2252 1711 2450 1751 meas:
2492 1700 2548 1750 et
2587 1695 2696 1751 hoc
2724 1700 2918 1752 tamen
2954 1712 3068 1751 non
3101 1697 3339 1769 prodest
3360 1697 3659 1764 omnibus,

2018 1784 2157 1856 quia
2189 1785 2437 1849 mortuis
2466 1785 2526 1840 in
2559 1785 2757 1841 anima
2795 1802 2912 1841 non
2963 1787 3235 1857 prodest;
3292 1785 3446 1858 quod
3497 1785 3658 1857 dicit,

2012 1874 2275 1940 Nunquid
2298 1874 2537 1930 mortuis
2565 1875 2753 1949 facies
2789 1875 3118 1944 mirabilia,
3178 1874 3407 1930 scilicet
3449 1872 3659 1941 valere,

2011 1969 2113 2018 aut
2142 1964 2409 2035 nunquid
2432 1964 2651 2020 medici
2677 1963 3266 2026 suscitabuntillos,id
3284 1964 3664 2031 est,doctores

2013 2052 2101 2108 vel
2134 2052 2543 2124 praedicatores
2573 2054 2707 2125 mei,
2761 2070 3016 2125 quorum
3074 2053 3341 2108 doctrina
3380 2057 3666 2108 sanantur

2013 2142 2257 2197 vulnera
2287 2142 2502 2198 mentis
2527 2160 2539 2196 :
2574 2148 2629 2198 et
2661 2145 3081 2214 conﬁtebuntur
3112 2143 3264 2197 tibi?
3285 2142 3435 2206 Non,
3460 2142 3599 2213 quia
3626 2157 3665 2196 a

2014 2238 2241 2286 mortuo
2268 2231 2425 2299 perit
2455 2232 2730 2301 confessio
2759 2236 3042 2303 tanquam
3070 2246 3186 2285 non
3214 2228 3666 2300 sit(Eccli.xvu).

2016 2320 2288 2390 Nunquid
2307 2320 2590 2376 narrabit
2615 2321 2836 2392 aliquis
2875 2321 2933 2375 in
2963 2317 3251 2391 sepulcro,
3302 2318 3360 2373 id
3402 2322 3513 2384 est,
3552 2316 3670 2373 illis

2019 2424 2169 2480 quos
2192 2410 2315 2481 jam
2348 2408 2409 2463 in
2471 2426 2531 2465 se
2581 2409 2797 2464 clausit
2846 2408 3216 2481 profunditas
3264 2411 3667 2478 peccatorum,

2017 2498 2483 2554 misericordiam
2514 2508 2678 2554 tuam
2712 2515 2814 2570 per
2845 2513 2936 2552 me
2967 2496 3188 2551 mundo
3212 2494 3532 2551 exhibitam
3561 2494 3671 2551 ?Et

2019 2586 2285 2658 nunquid
2320 2586 2585 2642 narrabit
2605 2586 2821 2659 aliquis
2851 2586 3145 2641 veritatem
3174 2589 3359 2654 tuam,
3389 2584 3450 2639 in
3475 2585 3674 2656 perdi-

2016 2675 2190 2742 tione,
2224 2674 2282 2729 id
2315 2680 2421 2736 sst.
2456 2674 2574 2730 illis
2605 2675 2707 2747 qui
2741 2676 2867 2746 jam
2902 2674 3135 2730 iverunt
3165 2674 3224 2728 in
3283 2674 3670 2746 perditionem

2018 2764 2440 2836 peccatorum?
2496 2764 2559 2819 Et
2592 2764 2733 2836 quia
2789 2768 3043 2837 possunt
3090 2763 3314 2819 narrari
3372 2762 3674 2818 mirabilia

2020 2853 2251 2909 Domini
2288 2852 2442 2908 inter
2469 2853 2927 2925 peccatores,sed
2950 2851 3239 2908 inutiliter
3266 2852 3371 2920 eis,
3400 2851 3540 2925 quia
3556 2868 3671 2907 non

2020 2959 2159 2996 aure
2192 2941 2471 2996 audiendi
2496 2942 2763 3009 audiunt,
2796 2940 3140 3013 subjungit:
3174 2942 3458 3015 Numquid
3478 2957 3673 3011 cogno-

2018 3034 2247 3087 scentur
2275 3031 2333 3086 in
2365 3032 2630 3098 tenebris,
2663 3031 2721 3085 id
2752 3035 2859 3097 est,
2882 3030 2941 3085 in
2963 3031 3288 3086 tenebrosis
3331 3029 3675 3087 hominibus

2021 3118 2150 3174 luce
2182 3118 2479 3189 sapientiae
2503 3120 2839 3175 carentibus
2860 3119 3159 3175 mirabilia
3180 3125 3287 3175 tua
3305 3136 3431 3191 quas
3453 3135 3556 3192 per
3580 3136 3673 3175 me

253 3203 488 3275 runt,id
508 3203 682 3268 est,in
705 3202 824 3259 illis
839 3205 1173 3276 quisuntin
1196 3204 1457 3260 interiori
1496 3187 1733 3260 homine
1755 3221 1914 3259 mor-
1944 3187 1988 3254 (ἶ
2027 3208 2175 3262 facta
2208 3187 2346 3261 sunt
2370 3211 2448 3274 ;et
2478 3208 2745 3279 nunquid
2770 3217 3151 3280 cognoscatur
3168 3187 3405 3280 justitia
3434 3187 3534 3263 tua
3560 3225 3676 3278 qua

254 3294 358 3351 tui
383 3301 453 3349 :et
485 3294 543 3348 in
572 3293 770 3348 umbra
798 3293 1081 3361 mortis,id
1102 3294 1273 3358 est,in
1296 3292 1917 3365 ignorantiaveritatis,

258 3400 403 3455 quae
435 3384 684 3437 mortem
718 3382 896 3437 infert
927 3386 1020 3436 :et
1057 3381 1168 3436 hoc
1227 3398 1343 3436 non
1402 3384 1680 3444 merente,
1731 3382 1833 3436 sed
1862 3386 1919 3437 te

252 3489 329 3529 vo
340 3470 498 3527 lente
520 3488 534 3538 ;
559 3486 664 3526 nec
685 3487 888 3526 eorum
910 3469 1338 3531 voluntate,sed
1359 3472 1461 3524 tua
1512 3469 1915 3541 permissione;

250 3559 408 3634 quia
435 3575 603 3633 super
620 3575 708 3615 me
726 3559 1079 3630 conﬁrmatus
1099 3562 1174 3614 est
1193 3560 1360 3630 furor
1387 3569 1535 3630 tuus,
1585 3559 1639 3613 id
1665 3563 1773 3627 est,
1833 3559 1920 3615 ira

247 3653 370 3707 tua
401 3666 515 3706 non
547 3652 779 3705 tantum
811 3653 902 3704 est
922 3649 1353 3715 commota,sed
1378 3648 1555 3703 etiam
1574 3649 1920 3704 confirmata

245 3754 444 3811 super
474 3754 606 3793 me:
640 3737 778 3809 quia
810 3737 1056 3793 firmiter
1085 3737 1372 3808 quosdam
1420 3736 1647 3809 opinari
1704 3737 1914 3806 fecisti,

251 3844 354 3884 me
384 3843 522 3883 esse
553 3825 896 3881 derelictum
929 3843 963 3881 a
991 3830 1080 3881 te:
1113 3835 1166 3881 et
1195 3842 1378 3882 omnes
1423 3828 1621 3897 ﬂuctus
1680 3830 1818 3893 tuos,
1856 3826 1914 3882 id

249 3922 344 3973 est
375 3915 583 3972 omnia
632 3915 891 3987 pericula
944 3932 1071 3986 qua:
1137 3920 1298 3970 extra
1348 3914 1537 3970 solent
1582 3916 1913 3987 procedere,

244 4006 542 4063 induxisti
567 4020 733 4076 super
752 4021 857 4060 me.
873 4004 1039 4068 Quod
1072 4003 1213 4059 alibi
1235 4003 1469 4074 dicitur,
1492 4006 1683 4058 omnia
1702 4004 1917 4060 excelsa

243 4098 343 4151 tua
375 4098 433 4150 et
462 4095 662 4164 ﬂuctus
692 4094 776 4148 tui
803 4109 968 4165 super
1015 4108 1104 4147 me
1161 4094 1506 4147 transierunt
1567 4094 1742 4163 (Psal.
1778 4094 1911 4164 xu).

245 4184 317 4239 Et
348 4181 880 4254 ostenditqualiter
900 4179 1363 4237 induxitﬂuctus
1386 4180 1670 4237 Dominus
1691 4180 1911 4237 dicens:

248 4274 440 4343 Longe
466 4273 652 4343 fecisti
679 4280 834 4328 notos
856 4287 1004 4327 meos
1033 4288 1068 4326 a
1097 4288 1203 4335 me,
1228 4269 1286 4325 id
1309 4274 1418 4335 est,
1440 4274 1712 4342 parentes
1730 4287 1912 4336 meos,

249 4378 284 4417 a
314 4361 543 4435 quibus
575 4365 749 4417 natus
771 4360 1109 4432 sum,longe
1138 4376 1173 4415 a
1204 4375 1296 4415 me
1330 4359 1567 4415 fuerunt
1589 4358 1913 4431 affectione,

248 4449 402 4506 licet
435 4465 550 4504 non
575 4466 834 4522 corpore.
859 4451 1168 4505 Posuerunt
1188 4465 1275 4504 me
1293 4449 1755 4504 abominationem
1782 4450 1908 4516 sibi,

2020 3293 2317 3366 justificas
2346 3294 2617 3367 impium,
2645 3298 2704 3351 in
2729 3301 2895 3351 terra
2927 3296 3245 3359 oblivionis,
3278 3296 3337 3349 id
3360 3295 3533 3363 est,in
3557 3293 3675 3350 illis

2027 3382 2127 3455 qui
2142 3383 2269 3453 jam
2289 3386 2446 3437 terra
2476 3388 2701 3448 sunt,et
2721 3384 2882 3439 obliti
2907 3388 3049 3439 sunt
3069 3401 3130 3439 se
3156 3384 3334 3438 fuisse
3356 3382 3676 3438 rationabi-

2028 3471 2141 3527 lem
2174 3471 2545 3527 creaturam?
2574 3473 2720 3527 Non.
2756 3476 2831 3527 Et
2863 3472 3001 3544 quia
3031 3472 3197 3528 video
3239 3489 3354 3528 non
3396 3473 3674 3545 prodesse

2027 3560 2247 3616 talibus
2279 3559 2573 3616 mirabilia
2601 3565 2722 3629 tua,
2764 3562 2894 3617 ideo
2927 3562 3107 3617 averti
3140 3578 3233 3616 me
3255 3562 3328 3616 ab
3356 3561 3496 3629 illis,
3528 3560 3674 3616 etad

2026 3656 2102 3717 te,
2138 3651 2391 3720 Domine,
2417 3655 2720 3706 convertor
2742 3668 2846 3723 pro
2869 3650 3134 3723 reliquiis
3154 3649 3469 3706 salvandis:
3493 3658 3543 3704 et
3562 3649 3675 3705 hoc
3710 3699 3717 3707 .

2026 3756 2141 3795 non
2175 3740 2416 3805 frustra,
2430 3740 2569 3812 quia
2585 3742 2777 3797 oratio
2795 3757 2925 3796 mea
2938 3741 3250 3812 praeveniet
3274 3748 3344 3806 te,
3364 3738 3482 3794 vim
3506 3754 3679 3793 exau-

2026 3827 2265 3883 ditionis
2286 3828 2440 3899 apud
2472 3833 2528 3885 te
2559 3830 2884 3885 obtinebit:
2913 3830 3067 3901 quod
3088 3827 3387 3902 apparebit
3408 3826 3673 3895 mane,id

2025 3920 2133 3981 est,
2166 3916 2226 3971 in
2261 3915 2643 3989 reliquiarum
2686 3917 3029 3984 salvatione,
3062 3917 3149 3974 vel
3179 3918 3239 3972 in
3271 3917 3329 3972 in
3369 3916 3672 3973 communi

2025 4003 2637 4072 salvatione,omnium
2654 4008 3339 4080 resurrectione,quando
3361 4006 3553 4063 omnis
3572 4023 3672 4062 ca-

2025 4094 2141 4165 ligo
2172 4093 2361 4149 noctis
2393 4093 2671 4163 discedet,
2704 4099 2760 4151 et
2788 4112 2990 4152 verum
3023 4113 3195 4153 mane
3227 4096 3448 4153 orietur
3476 4112 3488 4150 :
3514 4097 3667 4167 quod

2024 4182 2247 4249 dixit,et
2265 4199 2436 4237 mane
2455 4186 2646 4239 oratio
2660 4201 2785 4240 mea
2796 4186 3103 4254 praeveniet
3122 4192 3195 4242 te.
3211 4186 3281 4240 Et
3301 4183 3670 4257 quandoqui-

2023 4271 2156 4326 dem
2188 4276 2321 4326 ante
2351 4276 2407 4326 te
2445 4273 2639 4329 veniet
2668 4274 2850 4331 oratio
2882 4292 3034 4340 mea,
3080 4284 3146 4330 ut
3199 4274 3355 4348 quid.
3410 4272 3667 4338 Ποῐῐιίηε»

2023 4359 2282 4431 repellis,
2314 4359 2373 4414 id
2405 4365 2511 4431 est,
2548 4362 2824 4434 repellere
2844 4364 3116 4429 videaris,
3137 4365 3460 4417 oralionem
3486 4375 3671 4414 meam

2020 4449 2079 4503 id
2113 4453 2202 4505 est
2232 4454 2584 4520 meorum,et
2607 4452 2812 4522 utquid
2846 4452 3292 4521 avertis‘faciem
3323 4458 3487 4504 tuam
3507 4463 3667 4514 ame,

246 4539 397 4611 quia
430 4538 827 4594 abominando
860 4555 954 4594 me
985 4537 1257 4594 dixerunt
1288 4554 1437 4593 caeco
1470 4555 1504 4593 a
1542 4553 1636 4593 me
1689 4537 1909 4593 illumi-
1942 4556 1990 4623 Ι)
2023 4537 2080 4592 id
2112 4542 2221 4605 est,
2245 4555 2277 4591 ιι
2312 4537 2481 4601 meis,
2514 4538 2681 4608 quasi
2716 4539 2800 4593 eis
2861 4538 3097 4594 iratus?
3150 4537 3274 4593 Non
3335 4538 3406 4592 ad
3465 4553 3668 4593 eorum

243 4632 390 4683 nato
417 4644 431 4682 :
464 4627 539 4681 Tu
565 4627 871 4699 discipulus
894 4628 1051 4683 illius
1078 4629 1158 4683 sis
1187 4627 1374 4698 (Joan.
1402 4628 1478 4699 xx)
1504 4644 1517 4681 :
1562 4630 1619 4681 et
1669 4627 1908 4682 tandem

240 4716 501 4772 traditus
526 4732 649 4771 sum
672 4733 706 4772 a
726 4715 1019 4788 discipulo
1051 4732 1199 4781 meo,
1232 4720 1285 4771 et
1313 4732 1426 4771 non
1458 4715 1798 4787 egrediebar,
1850 4715 1910 4771 id

241 4810 336 4862 est
370 4822 493 4862 non
523 4804 894 4863 manifestavi
922 4804 1292 4861 divinitatem
1327 4804 1649 4870 meam,sed
1684 4804 1908 4877 patien-

241 4898 339 4951 ter
367 4891 484 4949 tuli
515 4895 689 4951 eosin
706 4911 881 4951 carne
904 4911 1035 4950 mea
1049 4894 1271 4949 saevire.
1303 4893 1465 4960 Quod
1503 4891 1638 4948 alibi
1663 4893 1905 4950 dicitur:

239 4982 538 5039 Induebar
564 4984 753 5040 cilicio
773 4984 945 5056 (Psal.
979 4983 1191 5055 xxxxv).
1222 4984 1385 5041 Oculi
1429 4984 1540 5038 mei
1597 4982 1909 5038 exteriores

241 5071 608 5143 languerunt,
637 5072 696 5128 id
729 5077 837 5140 est,
870 5072 930 5127 in
961 5075 1151 5127 morte
1180 5071 1643 5128 claudebantur:
1685 5074 1743 5127 et
1798 5070 1909 5126 hoc

236 5177 363 5233 prae
388 5162 603 5234 inopia,
636 5160 694 5215 id
726 5166 835 5226 est,
867 5160 1131 5217 humana
1162 5159 1563 5216 imbecillitate
1593 5176 1720 5232 quae
1737 5164 1825 5215 est
1846 5160 1904 5215 in

242 5265 344 5306 me
369 5266 386 5306 :
421 5249 531 5318 vel,
563 5250 709 5307 oculi
737 5250 935 5321 mei,id
957 5255 1048 5306 est
1072 5248 1319 5321 apostoli
1345 5248 1480 5319 mei,
1506 5249 1607 5321 qui
1629 5249 1907 5321 praecipui

241 5338 496 5394 fuerunt
523 5339 583 5394 in
616 5355 853 5411 corpore
884 5354 1035 5405 meo,
1068 5340 1421 5409 languerunt,
1456 5337 1513 5392 id
1546 5342 1651 5407 est,
1685 5336 1908 5392 debiles

240 5426 390 5482 facti
418 5431 593 5483 sunt:
621 5443 741 5499 prae
770 5429 961 5500 inopia
1000 5426 1285 5482 subaudis
1338 5425 1483 5497 spei,
1516 5425 1657 5495 quia
1713 5426 1771 5479 in
1803 5441 1906 5498 spe

242 5515 595 5572 defecerunt
623 5533 760 5573 cum
791 5532 885 5573 mc
917 5515 1065 5572 mori
1096 5516 1154 5571 in
1185 5530 1353 5571 cruce
1410 5514 1699 5569 viderunt.
1758 5514 1906 5571 Nota

240 5605 394 5677 quia
418 5605 604 5664 solent
618 5605 931 5667 exteriores
953 5604 1105 5662 oculi
1127 5604 1404 5677 languere
1426 5602 1726 5661 subtracto
1750 5603 1899 5662 cibo:

2022 4626 2459 4683 damnationem
2494 4627 2726 4696 avertis,
2790 4628 2891 4682 sed
2946 4628 3016 4683 ad
3082 4625 3497 4682 salvationem:
3530 4626 3670 4699 quia

2022 4733 2123 4788 per
2143 4717 2252 4772 hoc
2289 4732 2521 4788 pauper
2547 4732 2673 4772 sum
2701 4731 2824 4786 ego,
2858 4715 2914 4771 id
2950 4720 3059 4785 est,
3083 4715 3196 4771 mei
3220 4733 3504 4789 pauperes
3537 4716 3668 4773 efﬁ-

2021 4804 2255 4860 ciuntur
2284 4804 2774 4871 ethumiliantur,
2806 4815 2856 4861 et
2888 4806 2948 4860 in
2973 4806 3263 4861 laboribus
3294 4823 3325 4860 α
3346 4807 3665 4877 juventute,

2020 4910 2164 4959 mea,
2189 4892 2245 4947 id
2279 4897 2386 4961 est,
2420 4893 2534 4948 mei
2563 4893 2836 4948 laborant
2877 4911 2910 4948 a
2964 4899 3226 4963 tempore
3275 4894 3667 4949 innovationis

2023 4997 2247 5037 eorum.
2281 4982 2602 5036 Emaltatus
2630 4987 2835 5048 autem,
2866 4982 2922 5037 id
2955 4987 3063 5049 est,
3097 4982 3210 5038 mei
3238 4981 3469 5037 exaltati
3528 4984 3668 5037 sunt

2019 5070 2080 5125 in
2137 5068 2647 5141 prosperitatibus,
2722 5086 2793 5125 ne
2874 5071 3151 5126 deﬁciant
3198 5071 3256 5124 in
3313 5070 3549 5125 labore:
3609 5073 3668 5125 et

2019 5158 2233 5214 iterum
2286 5158 2624 5214 humiliatus
2680 5176 2827 5229 sum,
2886 5159 2941 5213 id
3001 5164 3109 5224 est,
3169 5158 3469 5214 humiliati
3527 5161 3670 5215 sunt

2019 5248 2133 5302 mei
2175 5263 2277 5319 per
2334 5247 2579 5302 adversa
2635 5264 2708 5304 ne
2766 5248 3138 5319 superbirent
3195 5248 3252 5302 in
3305 5248 3667 5319 prosperita-

2016 5337 2177 5391 tibus
2202 5352 2214 5389 :
2251 5341 2307 5390 et
2335 5334 2419 5391 sic
2442 5337 2818 5392 conturbatus
2845 5354 2974 5392 sum
3002 5337 3059 5391 in
3087 5336 3367 5392 membris
3390 5335 3557 5405 meis,
3593 5337 3663 5392 ad

2015 5425 2125 5481 hoc
2150 5424 2439 5491 videlicet,
2475 5429 2540 5479 ut
2568 5425 2625 5479 in
2658 5441 2769 5491 me,
2801 5425 2855 5479 id
2896 5429 3004 5490 cst,
3054 5425 3110 5477 in
3146 5424 3294 5479 meis
3347 5423 3668 5479 transirent

2015 5517 2121 5571 ira:
2152 5522 2289 5583 tum,
2324 5530 2452 5586 quae
2478 5517 2719 5568 manent
2750 5513 2808 5568 in
2843 5512 3181 5568 inﬁdelibus
3211 5517 3268 5568 et
3312 5513 3370 5568 in
3416 5511 3535 5569 illis
3565 5514 3664 5585 qui

1999 5602 2225 5659 “nolunt
2245 5618 2307 5658 se
2335 5600 2480 5658 mihi
2511 5600 2875 5674 incorporari
2902 5617 2914 5657 :
2947 5608 3004 5657 et
3030 5610 3284 5659 terrores
3308 5603 3416 5675 tui,
3460 5600 3518 5657 id
3552 5605 3663 5675 est,
