4024 6192
250 312 369 382 613

1374 314 1980 387 ENARRATIONES
2025 318 2101 383 IN
2148 324 2531 387 PSALMOS.

3532 328 3653 396 614

253 454 607 512 exaltabitur
636 457 903 515 dextera:
947 459 1087 531 quia
1137 475 1294 513 nunc
1340 458 1497 514 venit
1546 458 1724 527 mitis,
1759 463 1898 514 tunc
1927 459 1981 525 Α
2009 458 2186 511 mabit
2214 474 2339 513 eum
2382 460 2698 525 intantum,
2730 461 2883 529 quod
2914 459 3059 515 mihi
3090 461 3200 515 erit
3229 463 3541 533 coaequalis
3569 484 3582 532 ;
3607 476 3657 522 et

251 545 439 600 veniet
459 546 752 603 terribilis.
776 552 1009 605 Justitia
1031 557 1084 603 et
1089 549 1379 621 judicium
1391 551 1733 620 prwparatio
1758 548 1901 602 sedis

254 638 385 690 tuae.
419 637 593 699 Quasi
652 638 848 693 dicat:
907 639 1051 694 Vere
1109 638 1459 694 exaltabitur
1515 639 1749 693 dextera
1778 642 1896 706 tua,

253 724 923 797 quiajustumjudicium
940 727 1407 801 praeparabittibi
1423 728 1641 782 sedem.
1661 725 1900 781 Interim

255 817 451 867 autem
475 814 616 884 quid
639 815 666 868 ?
690 817 1082 882 Misericordia,
1110 818 1166 871 id
1191 821 1298 885 est,
1345 816 1614 871 remissio
1637 819 1899 886 peccato-

254 918 383 955 rum
412 911 494 957 :et
516 906 734 973 veritas,
759 905 815 959 id
840 910 950 967 est,
975 904 1283 975 completio
1302 904 1731 975 promissionis,
1747 919 1901 974 pra?-

253 990 441 1046 cedent
487 994 687 1061 faciem
728 1004 898 1061 luam,
940 994 1038 1066 qui
1078 999 1142 1049 tu
1165 992 1430 1048 videlicet
1448 1001 1732 1048 venturus
1754 1010 1816 1048 es
1842 993 1901 1046 in

255 1081 564 1150 majestate
596 1081 803 1137 Patris.
838 1084 907 1137 Et
935 1085 1167 1155 quando
1198 1082 1435 1154 quidem
1474 1087 1537 1136 tu
1586 1086 1787 1136 tantus
1817 1098 1900 1150 es,

256 1169 441 1223 beatus
464 1186 599 1241 ergo
619 1173 851 1242 populus
884 1174 977 1242 qui
1004 1176 1105 1227 scit
1127 1173 1548 1244 jubilationem,
1582 1171 1638 1225 id
1666 1176 1774 1240 est,
1802 1169 1903 1241 qui

256 1258 465 1330 probat
487 1259 591 1313 tibi
613 1277 741 1315 esse
756 1261 1134 1331 jubilandum
1164 1260 1442 1316 ineffabili
1460 1260 1759 1326 affectione
1777 1276 1902 1314 cor-

254 1345 367 1414 dis,
398 1364 501 1418 per
530 1365 709 1419 quam
740 1350 917 1422 digne
948 1349 1312 1421 sitjubilus;
1357 1350 1494 1421 quia
1531 1348 1787 1419 jubilare
1817 1353 1907 1403 est

254 1440 478 1489 tantam
504 1434 764 1492 laetitiam
782 1437 996 1493 mentis
1018 1438 1249 1503 habere,
1271 1442 1551 1508 quantam
1576 1436 1779 1491 nullus
1802 1452 1902 1507 po-

254 1528 368 1577 test
398 1523 589 1579 verbis
619 1525 958 1596 exprimere.
992 1525 1117 1581 Alia
1164 1526 1565 1581 continuatio:
1599 1526 1904 1581 Misericor-

255 1613 351 1667 dia
381 1618 433 1666 et
462 1615 665 1669 veritas
707 1616 1049 1684 przecedent:
1101 1621 1158 1671 et
1207 1616 1345 1687 quia
1392 1615 1736 1687 przecedent,
1769 1630 1905 1687 ergo

256 1702 461 1757 beatus
492 1702 588 1758 ille
619 1704 720 1775 qui
752 1706 1101 1760 attendendo
1134 1704 1596 1760 misericordiam
1629 1706 1817 1776 ipsam
1851 1708 1908 1759 et

253 1791 579 1859 veritatem,
615 1792 727 1849 scit
772 1794 1049 1865 jubilare,
1083 1795 1235 1849 sicut
1265 1798 1321 1848 et
1361 1793 1543 1864 prius.
1566 1795 1819 1862 Domine,
1846 1795 1906 1847 in

259 1878 684 1937 tuminevultus
732 1887 815 1938 tui
861 1884 1244 1938 ambulabant.
1301 1882 1475 1945 Quasi
1537 1883 1730 1937 dicat:
1764 1882 1909 1937 Vere

254 1973 398 2024 sunt
420 1970 573 2025 beati
597 1971 696 2042 qui
721 1971 1202 2042 sciuntjubilare,
1232 1971 1370 2043 quia
1389 1971 1499 2044 ipsi
1523 1972 1906 2038 ambulabunt,

254 2057 314 2112 id
338 2062 444 2125 est,
469 2059 865 2126 delectabunt,
891 2063 949 2115 in
975 2061 1185 2116 tumine
1208 2062 1391 2115 vultus
1418 2063 1520 2131 tui,
1566 2061 1622 2115 id
1666 2065 1775 2131 est,
1810 2067 1912 2115 tua

263 2147 591 2218 cognitione
622 2148 935 2205 illuminati
967 2168 979 2206 :
1015 2159 1067 2206 et
1094 2153 1153 2205 in
1182 2153 1405 2206 nomine
1436 2159 1527 2205 tuo
1556 2150 1912 2205 exsultabant

259 2241 383 2290 tota
403 2235 510 2302 die,
534 2236 590 2290 id
614 2242 702 2292 est
722 2239 994 2295 continue
1012 2258 1024 2295 :
1039 2245 1090 2295 et
1096 2242 1320 2311 justitia
1346 2245 1443 2295 tua
1462 2241 1909 2304 exsatiabuntur,

259 2339 378 2378 non
401 2334 725 2395 quaerentes
747 2345 917 2383 suam
941 2335 1204 2384 statuere
1239 2328 1559 2400 justitiam,
1585 2330 1685 2384 sed
1710 2333 1868 2383 tuam
1896 2346 1907 2382 :

265 2415 323 2465 et
350 2414 557 2469 merito
580 2418 765 2486 tuam,
792 2417 931 2488 quia
957 2417 1140 2473 virtus
1178 2434 1365 2473 eorum
1396 2422 1453 2472 tu
1482 2435 1536 2473 es
1557 2436 1576 2472 :
1598 2422 1653 2472 et
1674 2416 1801 2472 ideo
1824 2421 1910 2471 at-

263 2500 508 2556 tendum
533 2519 595 2558 se
617 2519 746 2559 esse
770 2505 1064 2561 virtuosos
1088 2524 1202 2563 non
1226 2524 1259 2562 a
1280 2524 1363 2577 se,
1397 2508 1497 2562 sed
1529 2524 1563 2561 a
1595 2511 1649 2562 te
1675 2524 1687 2561 :
1712 2506 1912 2562 etideo

264 2605 379 2644 non
412 2589 470 2645 in
502 2608 586 2657 se,
621 2593 722 2647 sed
746 2593 805 2648 in
841 2598 895 2648 te
925 2595 1338 2666 gloriabuntur
1366 2613 1378 2650 :
1411 2600 1463 2650 et
1492 2598 1551 2649 in
1583 2596 1911 2666 beneplaeitv

264 2686 376 2751 tuo,
413 2679 467 2733 id
499 2684 608 2751 est,
642 2681 699 2736 in
735 2682 886 2737 bona
915 2682 1217 2738 voluntate
1264 2688 1385 2751 tuo,
1439 2702 1553 2739 non
1595 2684 1651 2736 in
1686 2683 1911 2738 meritis

263 2768 501 2834 nostris,
523 2770 871 2825 exaltabitur
889 2788 1061 2827 cornu
1077 2781 1345 2842 nostrum,
1364 2771 1421 2826 id
1445 2777 1551 2835 est,
1576 2771 1910 2828 sublimitas

262 2860 464 2913 nostra
496 2858 585 2913 vel
614 2860 874 2915 defensio
922 2865 1143 2929 nostra,
1180 2862 1322 2929 Quia
1350 2862 1570 2916 Domini
1597 2869 1674 2916 est
1701 2878 1913 2916 assum-

256 2947 373 3017 ptio
401 2954 587 3002 nostra
618 2947 796 3011 Quasi
844 2949 1035 3004 dicat:
1096 2950 1242 3006 Vere
1304 2953 1363 3005 in
1421 2954 1511 3006 tuo
1570 2951 1913 3021 beneptacito

262 3036 605 3091 exaltabitur
634 3053 804 3092 cornu
844 3041 1112 3107 nostrum,
1164 3040 1302 3111 quia
1348 3039 1677 3111 assumptio
1710 3045 1912 3095 nostra

262 3141 379 3197 qua
409 3127 700 3197 assumpti
732 3142 938 3183 sumus
969 3128 1039 3182 de
1069 3145 1267 3183 massa
1290 3128 1671 3199 perditorum,
1695 3134 1785 3183 est
1806 3129 1912 3183 Do-

2012 546 2154 600 nihil
2170 547 2414 617 proﬁciet
2436 550 2495 601 in
2513 565 2595 615 eo,
2620 549 2677 604 id
2700 553 2805 617 est,
2822 549 2892 605 ad
2908 549 3136 604 nullum
3156 551 3427 606 effectum
3440 553 3651 624 veniet,

2008 642 2065 691 et
2093 635 2142 689 si
2168 635 2445 705 incipiat:
2480 638 2759 705 inimicus,
2792 638 2848 693 id
2881 643 2966 694 est
3011 645 3377 711 persecutor:
3412 645 3465 695 et
3494 641 3643 710 ﬁlius

2009 723 2272 779 videlicet
2302 726 2639 794 iniquitatis,
2676 727 2731 779 id
2764 733 2872 797 est,
2906 746 3145 800 serpens
3196 728 3510 801 malignus,
3544 746 3655 786 non

2012 816 2242 884 apponet
2270 830 2459 867 nocere
2485 816 2555 868 ei.
2591 815 2800 869 Nocuit
2850 834 2982 872 vero
3032 818 3218 889 primo
3269 819 3516 883 homini,
3548 820 3648 875 sed

2011 919 2125 957 non
2160 902 2332 957 addet
2354 920 2555 956 nocere
2588 902 2746 958 huic.
2788 906 3059 961 Tentabit
3089 925 3243 975 eum,
3280 909 3380 963 sed
3415 925 3526 963 non
3554 926 3654 980 ap-

2012 997 2188 1063 ponet
2219 992 2326 1046 hoc
2361 998 2423 1046 ut
2455 997 2693 1047 noceat:
2724 995 2863 1064 quia
2907 1012 3042 1051 eum
3090 998 3366 1052 tentando
3409 1016 3520 1053 non
3555 1016 3658 1053 su-

2014 1082 2259 1153 perabit.
2294 1082 2355 1135 Et
2387 1082 2691 1147 concidam,
2725 1084 2782 1137 id
2814 1089 2903 1138 est
2933 1086 3159 1140 concidi
3194 1087 3427 1153 faciam,
3459 1090 3655 1143 inimi-

2012 1185 2098 1224 cos
2129 1172 2247 1240 ejus
2276 1187 2309 1223 (ι
2338 1172 2497 1239 faeie,
2534 1170 2589 1224 id
2623 1178 2711 1226 est
2743 1189 2775 1225 a
2810 1173 3160 1244 cogitatione
3207 1177 3356 1247 ejus,
3391 1178 3530 1249 quia
3560 1179 3660 1250 qui

2014 1259 2178 1330 prius
2208 1264 2375 1314 erant
2406 1260 2628 1315 inimici
2660 1264 2809 1329 ejus,
2843 1280 2876 1316 a
2909 1263 3127 1317 sanctis
3181 1266 3660 1335 praedicatoribus

2015 1348 2403 1420 prmcidentur
2434 1366 2467 1403 a
2496 1364 2733 1420 corpore
2767 1349 3114 1417 inﬁdelium,
3147 1356 3204 1406 et
3234 1356 3665 1425 coaptabuntur

2014 1437 2241 1508 corpori
2267 1435 2527 1491 ﬁdelium
2555 1454 2567 1491 :
2593 1442 2648 1491 et
2668 1437 2775 1491 hoc
2798 1443 2986 1492 totum
3022 1441 3131 1493 erit
3165 1458 3197 1494 a
3220 1443 3361 1510 fum‘e
3384 1444 3580 1513 ipsius,
3604 1443 3663 1499 id

2014 1531 2121 1591 est,
2139 1525 2603 1597 prazcogitationc
2619 1525 2825 1598 ipsius.
2841 1530 2959 1581 Hoc
2978 1528 3133 1582 enim
3156 1531 3664 1602 pra‘ﬁgurabatur,

2015 1615 2249 1686 quando
2272 1613 2499 1686 Moyses
2522 1619 2698 1687 caput
2716 1614 2881 1669 vituli
2916 1616 2975 1670 in
3018 1616 3314 1687 pulverem
3340 1620 3581 1692 redegit,
3609 1626 3666 1676 et

2015 1703 2233 1759 Judzeis
2263 1704 2331 1757 ad
2366 1703 2685 1759 bibendum
2745 1704 2904 1759 dedit
2962 1706 3155 1778 (Exod.
3206 1709 3431 1778 χχχιιι).
3481 1709 3665 1780 Caput

2015 1810 2148 1848 vero
2169 1792 2333 1846 vituli
2359 1792 2621 1847 infideles
2644 1793 3035 1864 signiﬁcabat,
3059 1801 3115 1851 et
3138 1796 3238 1867 qui
3257 1797 3314 1850 in
3334 1796 3668 1854 humilitate

2022 1900 2123 1953 per
2152 1881 2541 1952 cognitionem
2599 1882 2830 1936 Domini
2890 1884 3149 1950 contriti,
3196 1885 3469 1940 ﬁdelibus
3500 1891 3667 1941 erant

2020 1971 2477 2042 concorporandi
2506 1989 2522 2023 :
2558 1971 2711 2041 quod
2743 1971 2905 2041 dicit,
2939 1974 3002 2026 Et
3022 1974 3304 2028 concidam
3326 1991 3362 2029 a
3404 1976 3546 2044 facie
3582 1977 3667 2046 ip-

2016 2063 2131 2115 sius
2151 2062 2407 2115 inimieos
2452 2062 2592 2127 eius,
2638 2069 2687 2115 et
2716 2060 2958 2116 odientes
2988 2078 3111 2116 eum
3141 2064 3200 2116 in
3229 2068 3421 2134 fugam
3451 2080 3670 2118 conver-

2020 2154 2177 2203 tam:
2210 2149 2351 2220 quia
2382 2151 2479 2219 qui
2512 2165 2667 2204 nunc
2700 2155 2841 2205 sunt
2890 2150 3136 2217 inimici,
3188 2152 3259 2206 ad
3300 2168 3435 2206 eum
3468 2151 3668 2207 confu-

2021 2237 2229 2309 giendo
2264 2239 2403 2292 ﬁent
2433 2238 2626 2305 amici,
2659 2242 2709 2293 et
2739 2243 2942 2294 veritas
2972 2255 3113 2304 mea,
3147 2238 3205 2293 id
3256 2245 3364 2310 est,
3410 2239 3670 2312 impletio

2022 2327 2451 2399 promissionis.
2488 2327 2649 2383 Unde
2679 2328 3034 2399 Apostolus:
3069 2334 3179 2383 Per
3208 2330 3411 2401 ipsum,
3454 2328 3669 2401 inquit,

2022 2433 2183 2471 amen
2210 2417 2314 2472 Deo
2344 2416 2416 2487 (II
2446 2416 2565 2471 Cor.
2620 2418 2679 2487 ι).
2740 2420 2806 2471 Et
2851 2418 3239 2472 misericordia
3294 2433 3431 2483 mea,
3470 2418 3529 2472 id
3562 2423 3668 2489 est,

2022 2506 2311 2576 reparatio
2341 2505 2583 2559 humani
2606 2506 2857 2576 generis,
2880 2506 2988 2560 erit
3007 2523 3131 2561 cum
3154 2508 3270 2575 ipso
3295 2515 3348 2561 et
3371 2508 3427 2560 in
3452 2509 3672 2562 nomine

2022 2610 2158 2660 meo,
2193 2593 2476 2648 subaudis
2504 2593 2909 2665 gloriticando,
2955 2596 3300 2650 exaltabitur
3328 2612 3500 2651 cornu
3529 2596 3669 2667 ejus,

2021 2682 2075 2736 id
2101 2687 2191 2737 est
2207 2682 2541 2738 sublimitas
2562 2684 2709 2754 ejus.
2730 2684 2796 2736 Et
2812 2699 3013 2753 ponam
3034 2686 3094 2737 in
3115 2687 3261 2738 mari
3282 2702 3508 2740 manum
3528 2687 3666 2751 eius,

2020 2772 2076 2825 id
2102 2776 2210 2835 est,
2236 2772 2293 2825 in
2316 2772 2591 2843 gentibus
2617 2772 2870 2842 eritejus
2889 2776 3167 2844 potestas,
3192 2777 3241 2829 et
3266 2776 3323 2827 in
3345 2776 3670 2842 ﬂuminibus

2014 2877 2219 2931 ponam
2248 2863 2497 2915 dextram
2528 2862 2645 2931 ejus
2665 2878 2684 2919 :
2706 2860 2843 2932 quia
2860 2860 3154 2934 principes
3180 2862 3387 2933 majori
3412 2861 3671 2934 potentia

2020 2950 2191 3004 subdi
2214 2949 2425 3003 debent
2445 2948 2583 3015 Deo,
2608 2965 2783 3018 quam
2808 2949 3050 3018 subditi,
3081 2950 3219 3022 quia
3241 2952 3429 3023 major
3447 2951 3532 3007 vis
3556 2955 3668 3007 Do-

2021 3037 2165 3093 mini
2196 3038 2467 3109 apparuit
2498 3038 2556 3091 in
2589 3039 2963 3093 conversione
2995 3056 3221 3111 regum,
3255 3056 3433 3111 quam
3458 3040 3513 3095 in
3537 3057 3671 3096 con-

2019 3125 2282 3181 versione
2334 3143 2678 3197 pauperum.
2740 3128 2901 3192 Quod
2960 3127 3121 3193 dicit,
3188 3133 3400 3184 Ponam
3429 3130 3489 3184 in
3518 3131 3673 3185 mari

263 3214 406 3271 mini
434 3232 446 3270 :
482 3216 623 3286 quia
654 3216 779 3288 ipse
804 3234 905 3272 nos
928 3218 1277 3288 assumpsit,
1301 3222 1358 3272 et
1397 3234 1513 3271 non
1539 3217 1649 3288 ipsi
1673 3234 1782 3272 nos
1808 3234 1820 3271 :
1854 3222 1912 3272 et
1939 3196 1983 3257 C
2020 3231 2251 3268 manum
2275 3215 2415 3284 ejus,
2444 3219 2495 3268 et
2529 3217 2587 3268 in
2616 3215 2939 3285 ﬂuminibus
2968 3216 3246 3271 dexteram
3277 3219 3414 3289 ejus.
3450 3218 3517 3272 Et
3544 3235 3669 3274 me-

259 3309 351 3360 est
380 3304 509 3376 ipsa
533 3305 859 3376 assumptio
891 3308 1034 3375 regis
1079 3308 1274 3371 nostri,
1305 3306 1362 3360 id
1386 3310 1494 3371 est,
1520 3305 1778 3360 hominis
1804 3310 1912 3361 Do-

261 3394 465 3448 minici
495 3393 550 3448 in
582 3393 740 3448 omni
774 3394 1037 3448 bonitate
1083 3410 1190 3448 nos
1224 3393 1497 3465 regentis.
1533 3394 1676 3447 Tune
1705 3394 1914 3448 loeutus

259 3486 351 3538 est
378 3485 440 3538 in
467 3484 676 3538 visione
702 3486 908 3539 sanctis
935 3485 1068 3538 suis.
1104 3482 1280 3548 Quasi
1326 3482 1499 3537 dicat.
1534 3482 1679 3538 Vere
1709 3499 1915 3538 assum-

257 3575 372 3644 ptio
386 3582 578 3628 nostra
593 3572 702 3628 erit
722 3573 965 3639 Domini,
1008 3572 1147 3643 quia
1168 3571 1423 3627 hominis
1442 3570 1912 3627 videlicetVerbo

259 3662 447 3718 Patris
491 3661 780 3734 assumpti
808 3680 819 3717 :
863 3661 1001 3732 quia
1050 3666 1113 3716 tu
1146 3662 1297 3716 Deus
1330 3661 1498 3716 Pater
1528 3662 1736 3716 locutus
1768 3678 1823 3715 es
1854 3662 1912 3716 in

258 3754 491 3819 visione,
524 3752 581 3806 id
614 3755 719 3819 est,
753 3751 1064 3805 manifeste
1094 3750 1180 3805 vel
1212 3750 1524 3822 multiplici
1566 3750 1912 3807 revelatione

259 3840 481 3896 sanctis
513 3842 624 3895 tuis
648 3858 665 3893 :
698 3844 837 3895 tunc
865 3839 1133 3895 \idelicet
1164 3840 1396 3911 quando
1441 3840 1659 3906 dixisti,
1694 3841 1911 3896 Miseri-

257 3930 443 3985 cordia
472 3929 842 3998 aediﬁcabitur
872 3931 933 3983 in
980 3934 1252 3986 .‘ctcrnum
1278 3947 1294 3982 :
1346 3928 1559 3984 locutus
1590 3945 1646 3984 es
1676 3929 1826 3993 dico,
1860 3935 1911 3985 et

258 4018 456 4073 dixisti
482 4034 583 4089 per
612 4018 763 4072 facta
794 4012 1260 4089 patriarcharum
1311 4020 1368 4071 et
1416 4017 1570 4071 dicta
1600 4018 1909 4089 propheta-

260 4124 412 4163 rum.
448 4108 518 4162 Et
556 4106 695 4178 quid
748 4106 992 4161 dixisti?
1044 4108 1214 4161 Posui
1269 4106 1629 4177 adjutorium,
1674 4105 1907 4161 illorum

255 4195 526 4252 videlicet
554 4195 653 4267 qui
689 4195 953 4251 salvacdi
987 4200 1145 4263 sunt,
1196 4197 1255 4249 in
1302 4195 1558 4266 quodam
1587 4200 1818 4265 potente,
1852 4195 1910 4250 id

258 4289 369 4352 est,
396 4285 457 4340 in
483 4284 625 4340 Filio
651 4301 777 4339 meo
802 4285 900 4355 qui
925 4285 1126 4339 omnia
1164 4288 1430 4355 potenter
1474 4291 1622 4355 aget,
1650 4284 1910 4356 spolians

257 4374 625 4447 principatus
646 4378 701 4429 ct
721 4376 1056 4445 potestates,
1084 4373 1441 4428 conﬁdenter
1461 4372 1788 4428 transduxit
1812 4390 1911 4429 eos

254 4462 637 4535 triumphans
658 4462 718 4517 in
741 4462 1090 4533 semetipso:
1109 4465 1160 4516 et
1180 4462 1428 4516 exaltavi
1448 4462 1695 4532 electum,
1723 4462 1777 4517 id
1798 4468 1906 4533 est,

2023 3304 2153 3373 rito,
2189 3304 2327 3373 quia
2357 3304 2471 3373 ipse
2500 3307 2557 3357 et
2615 3320 2730 3357 non
2773 3304 2925 3357 alius
2985 3305 3257 3360 invocabit
3287 3322 3391 3371 me,
3419 3306 3621 3361 dicens
3650 3323 3662 3360 :

2022 3393 2185 3445 Pater
2213 3406 2364 3444 meus
2392 3407 2446 3446 es
2476 3394 2535 3444 tu
2566 3392 2890 3446 secundum
2923 3391 3317 3464 Divinitatem,
3354 3398 3495 3448 Deus
3513 3409 3668 3449 meus

2023 3480 2345 3535 secundum
2422 3478 2840 3543 humilitatem,
2932 3490 3206 3553 susceptor
3258 3482 3454 3537 salutis
3509 3500 3665 3547 meae,

2022 3568 2159 3640 quia
2190 3567 2444 3623 Verbum
2478 3574 2645 3623 tuum
2675 3584 2767 3623 me
2797 3569 3093 3625 hominem
3130 3571 3186 3625 in
3218 3570 3455 3627 homine
3484 3590 3519 3629 a
3539 3589 3670 3645 pec-

2021 3662 2147 3713 cato
2178 3657 2455 3729 suscepit.
2490 3659 2555 3712 Et
2611 3673 2714 3730 ego
2764 3659 3199 3729 primogenitum
3252 3676 3453 3731 penam
3484 3662 3668 3729 illum,

2020 3748 2296 3803 excelsum
2319 3763 2443 3820 prae
2473 3748 2690 3818 regibus
2720 3751 2904 3803 terrae.
2940 3748 3113 3813 Quasi
3146 3747 3302 3803 dicat
3327 3766 3340 3803 :
3366 3749 3492 3820 Ipse
3514 3749 3672 3804 invo-

2021 3837 2175 3892 cabit
2202 3853 2312 3904 me,
2346 3842 2402 3892 et
2431 3836 2540 3892 hoc
2573 3854 2687 3893 non
2722 3838 2975 3891 frustra:
3020 3837 3159 3908 quia
3186 3853 3282 3906 ego
3306 3853 3512 3909 ponam
3544 3854 3670 3892 eum

2016 3928 2463 3998 primogenitum,
2525 3926 2582 3981 id
2640 3930 2750 3991 est,
2806 3925 3132 3997 digniorem
3182 3926 3343 3981 omni
3374 3931 3663 3983 creatura.

2023 4015 2181 4070 Unde
2206 4015 2419 4070 Paulus
2443 4032 2460 4068 :
2488 4017 2549 4071 Ut
2578 4016 2651 4069 sit
2688 4017 2802 4086 ipse
2832 4017 3228 4086 primogenitus
3257 4018 3318 4071 in
3340 4018 3529 4073 multis
3548 4019 3668 4089 fra-

2021 4105 2197 4160 tribus
2226 4106 2402 4171 (Rom.
2436 4104 2579 4174 vm).
2613 4104 2888 4160 Solebant
2918 4106 3249 4177 antiquitus
3293 4106 3670 4180 primogeniti

2020 4192 2123 4247 lilii
2149 4208 2274 4247 esse
2292 4192 2533 4262 majoris
2551 4194 2855 4266 dignitatis
2880 4194 2938 4250 in
2959 4196 3233 4251 domibus
3256 4201 3489 4267 patrum
3509 4201 3672 4251 caste-

2021 4282 2099 4336 ris
2129 4280 2285 4349 ﬁliis,
2320 4282 2645 4337 secundum
2676 4285 2829 4354 quod
2864 4285 3038 4339 homo
3087 4285 3430 4340 Dominicus
3462 4285 3668 4338 merito

2022 4370 2235 4424 dicitur
2258 4370 2705 4443 primogenitus,
2734 4374 2870 4444 quia
2887 4390 3065 4444 super
3084 4389 3318 4427 omnem
3342 4376 3669 4428 creaturam

2020 4459 2325 4529 exaltatus,
2350 4463 2405 4513 ct
2428 4476 2528 4530 per
2548 4478 2678 4515 eum
2705 4461 2897 4515 omnis
2921 4462 3020 4532 qui
3042 4465 3130 4516 est
3147 4460 3433 4515 exaltatus
3448 4463 3538 4514 est
3554 4458 3668 4515 ele-

256 4552 472 4608 Filium
504 4568 700 4607 meum
734 4568 910 4623 super
939 4551 1138 4606 omnia
1167 4550 1311 4605 mihi
1345 4550 1625 4606 dilectum
1657 4552 1909 4607 nascitu-
1941 4562 1985 4626 D
2019 4554 2211 4605 vatus.
2260 4549 2548 4603 Exeetsum
2595 4563 2716 4619 prae
2769 4550 2995 4616 regibus
3053 4552 3234 4603 terrae.
3294 4548 3366 4604 Ut
3396 4546 3542 4603 illud
3568 4547 3671 4603 Ad-

254 4657 412 4709 rum,
446 4641 511 4696 de
535 4641 691 4712 plebe
720 4656 868 4711 mea,
914 4640 970 4695 id
1004 4644 1092 4696 est
1148 4640 1218 4695 de
1277 4645 1446 4712 gente
1473 4640 1737 4708 Judaica,
1774 4642 1912 4713 quia

252 4730 422 4786 salus
452 4747 521 4785 ex
550 4730 769 4785 Judzeis
827 4733 935 4786 est.
998 4731 1191 4786 Inveni
1250 4729 1427 4784 David
1454 4745 1672 4784 servum
1704 4746 1904 4786 meum.

254 4819 437 4884 Quasi
470 4819 659 4875 dicat:
696 4819 925 4885 Dixisti,
954 4823 1114 4891 posui
1168 4819 1506 4891 arIjutorium
1561 4821 1619 4872 in
1647 4823 1871 4889 potente
1893 4837 1910 4872 :

252 4913 311 4963 et
341 4907 540 4963 dixisti
574 4909 773 4977 etiam,
807 4911 999 4964 Inveni
1028 4908 1205 4964 David
1251 4924 1468 4963 servum
1491 4923 1691 4977 meum,
1726 4908 1906 4963 David

250 4996 525 5052 videlicet
556 4997 919 5068 spiritualem
954 5015 1066 5053 non
1091 4998 1404 5052 carnalem.
1433 4996 1592 5051 Unde
1616 4996 1752 5051 alibi
1782 5014 1794 5052 :
1822 4997 1910 5052 ln-

254 5087 386 5141 veni
418 5086 585 5140 David
616 5088 797 5141 virum
825 5086 1116 5141 secundum
1140 5102 1239 5140 eor
1266 5101 1453 5140 meum
1482 5103 1495 5139 :
1530 5090 1585 5140 et
1615 5086 1752 5141 unxi
1776 5103 1908 5141 eum

253 5174 384 5230 oleo
405 5179 606 5230 sancto
629 5176 1023 5246 meo(IReg.xv
1042 5174 1630 5246 ;Aet.x1n),spirituali
1645 5175 1912 5231 videlicet

243 5262 644 5335 jucunditate.
673 5262 835 5318 Unde
863 5263 999 5318 alibi
1027 5280 1038 5317 :
1068 5264 1236 5320 (Ιππίέ
1257 5267 1309 5317 te
1330 5264 1468 5317 Deus
1488 5265 1627 5319 Deus
1648 5273 1772 5319 tuus
1796 5266 1909 5321 oleo

251 5353 476 5408 laetitiae
501 5366 621 5422 prec
647 5354 983 5407 consortibus
1013 5354 1126 5407 tuis
1156 5352 1270 5422 (Ps.
1315 5355 1465 5418 XLIV)
1490 5370 1508 5404 :
1542 5354 1695 5423 quod
1728 5357 1786 5407 et
1815 5353 1909 5408 hic

251 5442 419 5511 dicit,
446 5442 569 5497 Oleo
597 5450 779 5497 sancto
809 5458 927 5497 meo
954 5443 1095 5496 anxi
1122 5457 1267 5495 eum.
1302 5440 1464 5504 Quod
1491 5439 1625 5495 inde
1647 5446 1905 5513 apparet,

251 5530 397 5604 quia
426 5546 625 5585 manus
654 5547 799 5599 mea,
830 5530 889 5586 id
923 5533 1010 5585 est
1040 5528 1320 5601 potentia,
1363 5528 1745 5584 auxiliabitur
1763 5531 1817 5585 ei
1846 5530 1905 5585 in

249 5618 404 5691 suis,
437 5621 491 5676 et
512 5618 802 5678 brachium
827 5635 1029 5695 meum,
1055 5619 1112 5677 id
1142 5622 1253 5690 est,
1286 5618 1467 5676 robur
1486 5632 1683 5679 meum
1708 5618 1907 5697 conﬁr-

2020 4639 2253 4693 orabunt
2283 4654 2408 4692 eum
2438 4653 2620 4692 omnes
2651 4653 2802 4707 reges
2844 4638 3014 4708 (Psal.
3075 4642 3244 4706 an).
3303 4639 3363 4692 In
3394 4642 3671 4695 aeternum

2018 4728 2238 4783 servabo
2269 4728 2359 4781 illi
2381 4726 2819 4782 misericordiam
2848 4743 3028 4781 meam
3050 4728 3107 4781 in
3131 4728 3275 4783 suis.
3299 4727 3461 4792 Quod
3488 4727 3625 4783 alibi
3652 4746 3665 4783 :

2020 4818 2150 4871 Ecce
2196 4833 2290 4885 ego
2338 4817 2617 4872 vobiscum
2660 4833 2781 4871 sum
2833 4832 3006 4887 usque
3049 4816 3119 4871 ai
3144 4820 3671 4873 consummationem

2019 4907 2205 4961 sa’euli
2236 4906 2446 4974 (Matth.
2481 4908 2664 4973 xvm).
2699 4906 2762 4959 Et
2790 4909 3178 4962 testamentum
3226 4924 3433 4970 meum,
3466 4906 3522 4959 id
3556 4907 3664 4973 est,

2022 4999 2255 5066 pactum
2291 5012 2507 5060 meum,
2544 4995 2695 5066 quod
2745 4995 2987 5065 promisi
3045 4996 3443 5050 haereditatem
3474 5007 3667 5048 meum

2020 5082 2289 5137 ﬁdelibus
2312 5083 2589 5152 dandam,
2623 5083 2730 5138 erit
2760 5084 2935 5153 ﬁdele,
2969 5084 3026 5138 id
3058 5089 3166 5149 est,
3205 5080 3505 5154 probabile
3536 5083 3663 5152 ipsi,

2017 5171 2285 5228 videlicet
2315 5172 2373 5226 in
2404 5172 2549 5240 suis,
2574 5173 2713 5242 quia
2735 5173 2934 5228 nullus
2957 5173 3153 5227 credet
3174 5170 3666 5243 promissionibus

2018 5260 2187 5326 meis,
2209 5260 2319 5315 nisi
2341 5259 2477 5314 huic
2498 5261 2672 5332 capiti
2697 5261 2863 5333 quasi
2890 5261 3220 5316 membrum
3246 5260 3576 5331 adaptetur.
3598 5259 3669 5312 Et

2013 5367 2221 5423 ponam
2254 5352 2313 5404 in
2337 5350 2601 5405 swculum
2619 5352 2813 5407 saeculi
2838 5366 3019 5405 semen
3048 5351 3185 5420 ejus,
3209 5349 3265 5403 id
3288 5353 3397 5415 est,
3420 5347 3667 5403 ﬁrmiter

2018 5445 2275 5495 statuam
2317 5438 2642 5493 imitatores
2700 5440 2851 5510 ejus,
2911 5439 3195 5493 subaudis
3227 5439 3579 5493 duraturos:
3612 5438 3663 5491 et

2017 5531 2271 5584 thronum
2302 5529 2440 5599 ejus,
2476 5526 2606 5581 illos
2666 5527 2934 5585 videlicet
2990 5528 3091 5600 qui
3142 5531 3281 5583 sunt
3311 5527 3440 5597 ejus
3471 5526 3659 5594 sedes,

2016 5634 2231 5697 ponam
2259 5618 2400 5676 sicut
2427 5615 2542 5675 dies
2570 5618 2712 5689 coeli,
2740 5617 2799 5676 id
2817 5623 2925 5691 est,
2951 5618 3013 5677 in
3033 5616 3296 5679 claritate
3320 5632 3420 5676 eos
3437 5629 3661 5693 perma-
