4024 6192
373 309 521 374 ,615

975 307 1279 371 REMIGII
1324 307 2078 372 ANTISSIODORENSIS
2122 305 2296 368 OPP.
2341 305 2540 369 PARS
2585 307 2632 366 Ι.
2667 337 2743 351 --
2772 301 3240 366 EXEGETICA.

3686 295 3821 360 646

407 456 540 495 nere
589 439 822 511 faciam,
881 441 1110 496 detersa
1161 443 1320 496 omni
1379 443 1565 498 noctis
1622 441 1903 515 caligine:
1937 440 2045 508 vel,
2076 443 2130 506 Α
2161 442 2221 495 in
2247 449 2538 506 (uernum,
2561 439 2620 494 id
2643 443 2730 493 est
2759 454 2882 510 quae
2915 435 3330 508 perfectionem
3349 447 3532 488 suam
3558 433 3811 484 eterna-

405 545 618 600 ponam
650 527 783 584 illos
813 531 957 584 sicut
985 529 1098 586 dies
1127 532 1266 594 cadi,
1299 531 1356 586 id
1388 537 1496 599 est,
1521 531 1864 587 mternalitcr
1890 548 2050 585 man-

406 634 596 673 suros.
619 617 768 673 Nota
787 635 886 674 eos
925 619 1050 674 dies
1097 619 1282 692 accipi
1309 637 1411 693 per
1441 623 1640 676 sedem
1674 626 1729 676 et
1758 637 1859 692 per
1890 619 2046 673 thro-

403 722 567 776 num,
590 707 728 778 quia
747 707 848 778 qui
869 706 1320 764 imitanlnreum
1337 708 1445 779 ipsi
1463 711 1590 780 ejus
1605 725 1802 764 semen
1819 713 1976 775 sunt,
1994 713 2048 762 et

399 795 670 861 thronus,
703 795 843 867 quia
873 795 930 850 in
962 795 1045 850 eis
1083 797 1210 866 ejus
1241 799 1409 853 sedes
1440 804 1546 853 est.
1579 799 1687 853 Sed
1721 798 1858 869 quia
1884 797 2045 851 fasti-

401 883 564 938 dium
590 887 894 956 generaret
951 885 1101 940 idem
1161 886 1401 941 verbum
1433 887 1523 941 bis
1557 887 1887 959 repetitum,
1919 886 2046 940 ideo

401 972 645 1027 diversis
675 973 868 1028 verbis
897 972 1052 1027 idem
1085 975 1375 1030 ostendit:
1437 975 1524 1031 vel
1583 982 1838 1047 possunt
1865 975 2046 1046 accipi

402 1077 505 1133 per
559 1060 839 1117 thronum
898 1063 1169 1134 majores,
1231 1081 1334 1134 per
1409 1065 1606 1120 sedem
1667 1065 1863 1120 minus
1921 1081 2046 1134 per-

401 1149 560 1204 fecti.
595 1149 654 1205 Si
683 1159 870 1206 autem
897 1152 1330 1224 derelinquerint
1360 1155 1470 1222 ﬁlii
1497 1155 1615 1220 eius
1648 1154 1814 1224 legem
1846 1171 2044 1208 meam.

399 1238 772 1302 Quasidicat:
812 1241 928 1312 Ego
945 1241 1165 1312 promis
1194 1258 1286 1296 me
1316 1242 1643 1313 positurum
1661 1259 1859 1297 semen
1875 1244 1931 1298 in
1950 1260 2049 1298 saa-

409 1327 610 1382 culum
641 1327 836 1384 saeculi
863 1344 876 1384 :
923 1330 1021 1384 sed
1052 1331 1100 1384 si
1157 1331 1546 1402 dereliquerz'nt
1586 1331 1694 1400 ﬁlii
1722 1332 1842 1390 eius
1873 1333 2048 1402 legem

399 1433 581 1472 meam
610 1417 719 1473 hoc
742 1419 935 1485 modo,
959 1419 1114 1490 quod
1145 1421 1204 1473 in
1225 1420 1456 1490 judiciis
1484 1423 1623 1475 meis
1652 1437 1763 1476 non
1793 1421 2044 1476 ambula-

401 1508 599 1577 verint,
613 1505 671 1561 id
694 1511 800 1576 est,
822 1506 870 1562 si
890 1523 1003 1562 non
1021 1507 1449 1564 delectanturin
1459 1510 1684 1580 judicio
1703 1527 1850 1580 meo,
1865 1510 1922 1564 id
1937 1514 2044 1580 est,

397 1596 459 1651 in
477 1596 826 1652 discretione
847 1613 979 1652 mea
1001 1614 1152 1666 vera,
1169 1597 1414 1654 utmulti
1433 1600 1698 1655 monachi
1725 1605 1880 1667 sunt,
1899 1617 2047 1672 quos

399 1685 564 1758 prius
585 1691 786 1758 gravat
805 1686 1106 1742 servitium
1131 1687 1385 1754 Domini,
1407 1688 1540 1744 licet
1563 1689 1797 1760 perfecti
1812 1689 2046 1746 sintﬁlii

399 1775 600 1844 futuri,
627 1776 698 1831 de
720 1776 934 1848 quibus
954 1775 1048 1831 hic
1083 1777 1300 1832 dicitur
1325 1795 1336 1833 :
1381 1777 1444 1832 Si
1464 1778 1768 1849 injudiciis
1782 1781 1917 1834 meis
1937 1796 2046 1833 non

397 1865 829 1934 ambulaverint,
855 1869 910 1920 et
927 1867 979 1920 si
989 1865 1130 1936 justi
1135 1867 1240 1920 tias
1257 1883 1404 1921 meas
1411 1869 1854 1938 profanaverint,
1875 1885 2045 1938 porro

397 1970 431 2008 a
461 1953 616 2025 fano,
649 1953 706 2008 id
738 1959 882 2010 esta
924 1954 1230 2013 sanctitate
1273 1955 1530 2021 fecerint,
1561 1960 1613 2010 et
1639 1956 1896 2012 mandata
1927 1973 2046 2012 mea

395 2058 508 2098 non
533 2043 905 2112 custodierint,
939 2042 996 2098 id
1047 2048 1136 2098 est
1165 2043 1537 2100 dilectionem
1579 2045 1679 2100 Dei
1712 2050 1767 2100 et
1798 2045 2044 2117 proximi

397 2149 510 2187 non
534 2131 851 2188 habuerint
877 2149 889 2186 :
915 2132 1154 2188 visitabo
1172 2135 1231 2186 in
1251 2135 1411 2204 virga
1427 2134 1808 2205 correptionis
1831 2136 2013 2206 iniqui
2030 2167 2044 2174 -

395 2224 530 2277 tates
549 2237 758 2288 eorum,
779 2226 832 2276 et
853 2223 914 2276 in
932 2221 1252 2276 verberibus
1272 2223 1550 2293 paternis,
1570 2240 1682 2278 non
1709 2223 2042 2291 servilibus,

391 2319 612 2382 peccata
639 2327 844 2366 eorum.
881 2310 982 2366 His
1004 2311 1341 2368 verberibus
1369 2329 1482 2368 non
1515 2312 1863 2383 dedignetnr
1883 2313 2044 2386 quis-

399 2415 511 2472 que
533 2399 811 2471 ﬂagellari
829 2416 841 2454 :
858 2401 996 2471 quia
1019 2397 1230 2456 melius
1252 2407 1340 2456 est
1363 2401 1572 2474 corrigi
1591 2401 1816 2474 ﬂagello
1841 2401 2042 2473 patris,

399 2503 576 2559 quam
608 2487 794 2559 perire
815 2488 1212 2545 blandimento
1245 2491 1556 2562 pradonis.
1590 2490 1752 2546 Unde
1795 2491 2041 2546 Paulus:

399 2574 460 2628 Si
477 2581 635 2629 extra
655 2575 1026 2646 disciplinam,
1054 2578 1154 2644 ait,
1183 2581 1333 2643 estis,
1355 2581 1510 2649 cujus
1534 2595 1720 2635 omnes
1756 2581 2046 2651 participes

395 2671 541 2726 sunt.
563 2678 694 2730 ergo
713 2679 824 2718 non
843 2664 975 2734 ﬁlii,
999 2665 1097 2718 sed
1120 2665 1363 2720 adulteri
1382 2667 1511 2721 estis
1559 2667 1740 2735 (Hebr.
1783 2669 1908 2738 x11).
1940 2669 2042 2724 Mi-

401 2750 754 2807 sericordiam
775 2755 957 2807 autem
977 2768 1160 2808 meam
1178 2769 1288 2808 non
1333 2754 1646 2825 dispergam
1662 2757 1733 2810 ab
1766 2771 1844 2810 eo.
1869 2757 1986 2819 Que
1995 2757 2043 2812 si

401 2840 594 2896 dicat:
629 2841 976 2912 Quanquam
1035 2840 1188 2896 ﬁlios
1238 2841 1419 2897 David
1466 2842 1808 2898 visitaturus
1841 2845 1953 2900 sim
1983 2843 2043 2899 in

398 2929 580 3002 virga,
613 2929 663 2984 si
692 2928 1068 3000 deliquerint,
1127 2934 1324 2986 tamen
1381 2932 1816 2987 misericordiam
1844 2949 2040 3001 meam,

399 3017 460 3073 id
489 3022 579 3073 est
609 3017 1030 3090 promissiones
1059 3034 1241 3086 meas,
1275 3036 1384 3074 non
1429 3019 1742 3092 dispergam
1773 3023 1841 3076 ab
1869 3038 1950 3089 eo,
1985 3023 2042 3077 id

399 3111 490 3164 est
509 3123 625 3163 non
647 3107 910 3162 auferam
932 3107 1004 3162 ab
1026 3107 1154 3179 ipso
1175 3107 1353 3162 David
1379 3126 1390 3176 ;
1433 3125 1608 3180 neque
1639 3113 1837 3166 nocebo
1867 3113 1957 3166 ei:
1987 3115 2045 3166 et

398 3195 508 3252 hoc
536 3198 598 3250 in
626 3197 855 3251 veritate
893 3211 1033 3263 mea,
1067 3196 1352 3252 subaudis
1393 3197 1558 3253 dico:
1592 3198 1678 3252 vel
1711 3217 1819 3255 non
1849 3200 2044 3256 nocebo

399 3286 452 3341 ei
480 3287 544 3342 in
563 3285 792 3342 veritate
809 3301 957 3355 mea,
982 3285 1038 3340 id
1063 3290 1170 3350 est,
1194 3285 1251 3340 in
1276 3287 1648 3356 verojudicio
1676 3305 1823 3357 meo,
1848 3306 1962 3360 quo
1985 3289 2044 3343 in

399 3374 562 3448 virga
591 3373 974 3446 correptionis
1009 3373 1181 3430 visito
1236 3374 1579 3447 iniquitates
1626 3394 1847 3433 eorum.
1883 3378 2046 3434 Unde

402 3463 579 3519 alibi:
665 3463 866 3519 Omnia
938 3480 1270 3535 quaecunque
1348 3466 1512 3536 faciet
1575 3468 2048 3538 prosperabuntur

402 3551 572 3624 (Psal.
607 3552 667 3622 1).
702 3552 976 3608 Exerceat
1029 3569 1165 3624 ergo
1223 3553 1596 3624 disciplinam
1643 3555 1894 3623 Domini,
1930 3573 2044 3610 non

400 3641 624 3697 auferat
653 3641 1118 3696 misericordiam
1147 3657 1160 3696 :
1210 3642 1393 3696 caedat
1447 3647 1872 3709 contumacem,
1903 3645 2044 3700 dum

397 3733 597 3786 tamen
629 3730 748 3786 ﬁlio
799 3735 988 3786 servet
1046 3729 1462 3786 haereditatem.
1523 3732 1705 3802 Neque
1759 3735 1958 3788 nocebo
1987 3735 2047 3788 in

397 3821 626 3876 veritate
667 3836 808 3884 mea,
859 3835 1036 3890 neque
1077 3819 1384 3890 pro/anabo
1431 3823 1835 3890 testamentum,
1869 3821 1924 3876 id
1958 3827 2047 3877 est

398 3913 658 3980 pactum,
689 3925 912 3964 meum:
963 3913 1014 3963 et
1065 3923 1188 3980 qua:
1237 3909 1544 3980 procedunt
1601 3909 1664 3964 de
1695 3909 1859 3968 labiis
1886 3913 2042 3978 meis,

401 3997 459 4051 id
489 4001 580 4052 est
607 4013 732 4068 quae
757 3997 1048 4067 promissa
1070 4001 1208 4053 sunt
1233 4015 1336 4070 per
1362 3997 1516 4054 labia
1545 4015 1872 4070 praeconum
1899 4015 2048 4056 mco-

401 4100 555 4150 rum,
580 4099 692 4139 non
719 4085 924 4154 faciam
955 4087 1137 4141 irrita.
1170 4091 1316 4142 Nota
1339 4088 1475 4160 quia
1516 4089 1851 4160 prolanaret
1871 4094 2045 4144 testa-

403 4176 690 4240 mentum,
712 4173 888 4228 sinon
911 4173 1254 4245 adimpleret
1274 4176 1652 4246 promissum.
1684 4178 2049 4246 Semeliaravi

401 4263 462 4318 in
491 4265 674 4318 sancto
705 4277 837 4317 meo.
870 4262 1043 4326 Quasi
1077 4262 1266 4317 dicat:
1303 4265 1433 4319 Ideo
1480 4283 1593 4320 non
1644 4265 1852 4321 faciam
1884 4267 2048 4322 irrita

398 4367 527 4424 quae
557 4351 881 4424 procedunt
911 4351 982 4406 de
1010 4350 1183 4408 labiis
1213 4353 1380 4421 meis,
1415 4353 1553 4424 quia
1581 4357 1744 4410 semel
1765 4357 1959 4426 juravi
1985 4357 2047 4410 in

397 4448 584 4498 sancto
609 4456 748 4507 meo,
782 4439 1066 4496 subaudis
1097 4441 1527 4510 constituendo,
1561 4449 1762 4498 sancto
1784 4443 2048 4500 videlicet

2159 529 2292 582 liter
2321 529 2574 583 habebit.
2605 527 2768 582 Unde
2797 524 3014 580 Paulus
3043 542 3055 580 :
3091 523 3328 595 Oportet,
3361 519 3576 592 inquit,
3608 533 3816 573 corru-

2152 619 2347 690 ptibile
2396 620 2493 673 hoc
2540 617 2764 670 induere
2808 615 3277 684 incorruptionem
3340 614 3390 666 et
3433 609 3672 664 mortale
3711 607 3817 662 hoc

2156 707 2385 762 induere
2406 707 2872 760 immortalitatem
2906 704 2949 776 (ι
2975 702 3094 758 Cor.
3131 702 3246 774 xv).
3271 699 3418 755 Nota
3446 697 3602 770 quod
3635 696 3808 763 dicit,

2156 796 2306 852 Sicut
2352 797 2488 850 lumz
2515 793 2760 867 perfecta
2807 795 2865 847 in
2913 795 3208 857 aeternum,
3259 789 3399 862 quia
3425 788 3536 843 etsi
3589 785 3700 842 hoc
3731 785 3815 842 sit

2159 886 2312 958 quod
2341 885 2480 940 luna
2503 901 2612 938 non
2641 883 2718 937 sit
2739 880 3096 936 duraturain
3129 884 3433 941 aeternum,
3467 892 3581 931 non
3605 873 3810 931 minus

2155 975 2308 1030 valet
2329 975 2396 1029 ad
2425 972 2897 1036 similitudinem,
2923 970 3061 1042 quia
3082 969 3228 1024 solet
3253 967 3324 1023 ab
3350 963 3706 1038 impossibili
3735 965 3815 1021 si-

2157 1063 2427 1118 militudo
2450 1061 2632 1126 trahi;
2660 1064 2722 1115 ut
2743 1059 2886 1114 illud
2913 1078 2929 1113 :
2953 1058 3168 1113 Calatis
3190 1056 3457 1120 culicem,
3479 1059 3538 1110 et
3558 1055 3813 1110 sorbetis

2157 1152 2443 1208 camelum
2485 1149 2710 1221 (Matth.
2761 1148 2922 1218 xxm)
2945 1165 2965 1210 ,ο
2989 1147 3144 1221 quod
3167 1146 3308 1201 dicit
3342 1142 3657 1200 sicutluna
3677 1161 3809 1216 per-

2159 1242 2304 1297 fecta
2337 1242 2394 1295 in
2439 1220 2743 1304 aeternum,
2769 1243 2826 1292 et
2846 1220 3126 1306 hujus'rei
3152 1239 3242 1290 est
3283 1235 3430 1289 testis
3451 1235 3508 1288 in
3525 1233 3658 1288 caelo
3680 1232 3812 1301 ﬁde-

2156 1331 2245 1398 lis,
2279 1329 2546 1384 Christus
2575 1326 2878 1381 videlicet:
2913 1323 3052 1397 quia
3083 1339 3186 1378 nec
3213 1322 3379 1389 fallit,
3413 1338 3518 1377 nec
3551 1320 3677 1376 falli
3707 1337 3810 1392 po-

2155 1423 2287 1476 test.
2321 1425 2440 1490 Ipsc
2465 1419 2632 1484 enim,
2667 1415 2860 1486 inquit
2892 1411 3225 1485 Apostolus,
3255 1411 3559 1467 suscitavit
3591 1427 3691 1465 nos
3711 1426 3814 1482 per

2155 1511 2414 1564 virtutem
2435 1523 2596 1561 suam
2617 1506 2662 1575 (Ι
2686 1507 2812 1559 Cor.
2838 1504 2938 1574 v1).
2965 1505 3070 1558 Hoc
3113 1503 3303 1570 iuravi
3341 1501 3520 1556 David
3539 1500 3599 1554 in
3617 1504 3809 1556 sancta

2155 1616 2302 1660 meo;
2329 1597 2374 1650 si
2399 1601 2592 1651 autem
2618 1593 2788 1649 David
2809 1597 3069 1658 mentiar,
3095 1591 3364 1662 nunquid
3395 1589 3571 1644 alicui
3600 1606 3810 1646 verum

2157 1687 2346 1742 dicam
2380 1685 2667 1756 quantum
2694 1684 2765 1738 ad
2799 1681 3056 1737 Verbum
3089 1696 3287 1744 suum,
3307 1695 3442 1734 cum
3466 1695 3582 1750 quo
3605 1679 3809 1734 omnia

2155 1775 2470 1848 disposuit.
2504 1773 2701 1844 Neque
2731 1771 2888 1826 enim
2920 1786 3069 1842 opus
3099 1773 3187 1824 est
3217 1773 3284 1824 ut
3319 1768 3578 1824 secundo
3601 1769 3807 1837 juret:

2155 1864 2299 1936 quia
2324 1861 2500 1918 semel
2525 1860 2781 1930 jurando
2813 1859 3013 1914 omnia
3043 1856 3344 1924 stabilivit,
3404 1873 3508 1912 nec
3543 1856 3806 1928 aliquem

2155 1969 2415 2024 unquam
2440 1949 2660 2006 fefellit.
2687 1950 2755 2003 Tu
2776 1964 2902 2004 vero
2921 1947 3177 2019 repulisti
3196 1951 3245 2002 et
3264 1946 3580 2018 despexisti.
3608 1945 3810 2018 Usque

2157 2045 2270 2097 huc
2291 2041 2465 2096 verba
2487 2040 2724 2094 fuerunt
2745 2036 2996 2107 Domini,
3017 2035 3412 2108 promittentis
3429 2035 3612 2090 David
3632 2036 3812 2092 mira-

2154 2131 2316 2200 bilia,
2349 2147 2474 2201 quae
2503 2126 2774 2198 superius
2805 2130 2946 2182 sunt
2976 2129 3208 2190 notata;
3241 2124 3338 2179 hic
3356 2141 3489 2179 vero
3503 2125 3634 2197 jam
3655 2125 3809 2181 redit

2156 2219 2440 2292 Propheta
2461 2219 2530 2272 ad
2557 2217 2732 2272 verba
2753 2233 2880 2283 sua,
2907 2215 3076 2286 quasi
3100 2215 3182 2270 sic
3209 2213 3364 2270 dicat
3389 2232 3402 2269 :
3423 2213 3534 2283 Tu,
3562 2214 3806 2269 Domine

2155 2310 2308 2364 Deus
2327 2306 2646 2380 promisisti
2676 2305 2819 2360 mihi
2844 2304 2999 2377 quod
3025 2321 3139 2359 non
3177 2303 3438 2358 auferres
3473 2303 3804 2359 misericor-

2155 2398 2309 2452 diam
2342 2401 2504 2451 tuam
2539 2412 2572 2448 a
2603 2411 2717 2461 me,
2749 2409 2940 2465 neque
2987 2392 3324 2464 profanares
3380 2395 3802 2448 testamentum

2155 2502 2351 2542 meum
2384 2489 2440 2540 et
2471 2489 2675 2540 caetera
2697 2483 2884 2538 multa
2905 2501 2922 2536 :
2945 2487 3000 2536 et
3021 2487 3217 2536 tamen
3241 2498 3359 2536 non
3380 2479 3620 2538 exhibes
3641 2482 3801 2553 quod

2155 2574 2474 2648 promisisti
2507 2573 2674 2639 mihi,
2709 2571 2863 2644 quod
2896 2587 3013 2626 non
3044 2571 3303 2626 auferres
3335 2570 3804 2627 misericordiam

2155 2670 2314 2719 tuam
2349 2680 2380 2716 a
2414 2679 2526 2733 me,
2559 2661 2698 2732 quia
2736 2666 2800 2716 tu
2841 2677 2994 2732 vero,
3055 2659 3111 2714 id
3143 2663 3233 2715 est
3264 2676 3462 2715 revera
3509 2659 3805 2733 repulisti.

2156 2751 2516 2806 Praeterilum
2549 2750 2691 2804 dicit
2722 2767 2825 2822 pro
2857 2750 3073 2817 futura),
3133 2748 3306 2820 quasi
3336 2747 3612 2821 repellere
3641 2748 3808 2806 vide-

2155 2840 2308 2895 beris
2335 2845 2424 2894 :et
2445 2839 2764 2910 despicere,
2791 2839 2847 2893 id
2873 2841 2980 2898 est.
3006 2838 3273 2893 deserere
3303 2837 3596 2893 videberis
3619 2854 3810 2910 popu-

2154 2927 2276 2983 lum
2301 2933 2466 2982 tuum
2492 2929 2584 2983 cui
2611 2945 2886 2998 praesum.
2905 2925 3195 2999 Repulsus
3211 2918 3320 2981 fuit
3336 2927 3512 2982 David
3527 2926 3810 2994 carnalis,

2155 3018 2388 3089 quando
2411 3035 2513 3089 per
2545 3016 2894 3072 Abs-.ilonem
2928 3015 3117 3070 lilium
3149 3033 3318 3071 suum
3343 3015 3561 3070 multas
3581 3032 3808 3088 passus

2153 3111 2242 3162 est
2265 3106 2672 3162 tribulationes
2698 3124 2710 3160 :
2745 3107 3054 3180 despectus
3082 3105 3244 3160 etiam
3278 3103 3386 3158 fuit
3413 3109 3672 3175 populus
3696 3105 3802 3162 cui

2075 3181 2116 3246 C
2157 3196 2403 3268 praefuit,
2429 3196 2664 3267 quando
2688 3195 2746 3249 in
2771 3194 3102 3266 captivitate
3127 3194 3386 3250 detentus
3423 3191 3548 3247 fuit.
3574 3193 3796 3264 Sequi-

2153 3291 2281 3340 tur:
2315 3287 2589 3340 Distulisti
2621 3286 2896 3340 Christum
2934 3287 3112 3350 tuum,
3173 3283 3231 3338 id
3285 3289 3390 3346 est,
3417 3297 3510 3337 me
3536 3286 3796 3337 unctum

2153 3379 2281 3430 tum
2313 3375 2542 3430 dilferes
2576 3391 2608 3428 a
2637 3372 3129 3445 promissionibus
3159 3373 3301 3442 tuis,
3331 3371 3465 3445 quia
3493 3389 3619 3444 quae
3646 3369 3808 3428 mihi

2156 3463 2496 3534 promisisse
2555 3462 2790 3533 videris,
2821 3461 3138 3535 complebis
3194 3461 3257 3517 in
3290 3461 3466 3516 David
3507 3459 3629 3516 filio
3676 3465 3807 3530 tuo,

2156 3553 2325 3622 cujus
2347 3557 2545 3624 typum
2570 3567 2726 3622 gero.
2750 3552 2889 3606 Ecce
2911 3555 3047 3606 nota
3086 3550 3267 3606 David
3291 3567 3425 3606 cum
3449 3549 3616 3616 dicit,
3645 3565 3811 3622 repu-

2157 3643 2273 3696 liin
2300 3650 2352 3696 et
2379 3642 2679 3712 despexisti
2707 3641 2981 3696 eumdem
3029 3657 3157 3696 esse
3202 3641 3274 3701 ad
3301 3639 3482 3695 alium
3511 3639 3712 3710 David,
3743 3642 3808 3694 ut

2157 3730 2213 3784 in
2237 3747 2304 3785 co
2327 3730 2633 3784 videamus
2657 3729 2946 3800 completa
2967 3747 3088 3800 quze
3107 3728 3202 3784 hic
3224 3730 3498 3784 videntur
3516 3744 3647 3786 esse
3671 3744 3804 3800 pru-

2158 3819 2369 3874 missa:
2389 3819 2486 3873 sed
2505 3819 2680 3873 etiam
2698 3819 3130 3874 faciendumest
3151 3818 3210 3873 in
3235 3817 3388 3889 aliis,
3413 3822 3477 3873 ut
3499 3815 3808 3890 prophetia

2154 3925 2287 3962 vera
2319 3909 2414 3963 sit.
2447 3907 2864 3979 Prophetatum
2898 3909 3008 3963 fuit
3063 3908 3297 3963 duobus
3351 3907 3634 3964 fratribus
3663 3906 3802 3964 ﬁliis

2158 3998 2447 4068 Rebeccae,
2481 3999 2658 4066 Major
2683 3999 2883 4052 serviet
2912 3998 3121 4052 minori
3155 3995 3310 4068 (Gen.
3347 3996 3478 4065 xxv)
3501 4014 3520 4050 :
3553 4012 3688 4052 cum
3710 4000 3804 4052 ta-

2156 4103 2288 4141 men
2313 4102 2618 4157 nunquam
2642 4085 2854 4155 legitur
2866 4085 3020 4156 quod
3039 4086 3227 4156 major
3243 4085 3582 4140 fraterEsau
3601 4085 3806 4141 servis-

2157 4179 2244 4231 set
2271 4175 2472 4241 Jacob,
2508 4175 2606 4230 sed
2640 4175 2837 4247 potius
2888 4173 3100 4246 legitur
3131 4175 3287 4246 quod
3316 4174 3495 4230 Jacob
3535 4187 3806 4230 reversus

2157 4281 2290 4320 cum
2325 4263 2601 4320 uxoribus
2624 4263 2748 4318 suis
2771 4263 2842 4318 de
2867 4263 3308 4335 Mesopotamia,
3335 4262 3664 4336 praemissis
3685 4278 3812 4320 mu.

2156 4351 2415 4418 neribus,
2449 4351 2752 4407 cecidisset
2782 4353 2842 4406 in
2874 4351 3081 4407 faciem
3113 4357 3260 4408 Esau
3289 4356 3354 4408 ut
3373 4352 3644 4408 adoraret
3671 4366 3808 4408 eum

2155 4445 2310 4513 (Gen.
2346 4443 2564 4513 xxxni).
2598 4441 2709 4497 Sed
2734 4441 3012 4513 quoniam
3039 4441 3094 4496 hi
3131 4442 3246 4496 duo
3278 4442 3485 4498 fratres
3505 4439 3810 4514 signiﬁca-

399 4533 736 4587 sanctorum
770 4548 782 4586 :
816 4529 904 4586 vel
931 4531 989 4584 in
1038 4533 1224 4586 sancto
1271 4547 1409 4599 meo,
1445 4531 1500 4585 id
1530 4537 1618 4588 est
1648 4533 1708 4587 in
1739 4532 2047 4588 sanctitate
2077 4553 2122 4618 Ι)
2156 4533 2297 4588 bant
2325 4531 2611 4603 populum’
2641 4529 2892 4602 priorem
2915 4535 2972 4585 et
2992 4530 3396 4602 posteriorem,
3421 4530 3702 4586 eumdem
3723 4530 3812 4586 est

400 4634 528 4674 mea
558 4620 885 4674 secundum
917 4619 1070 4690 quod
1093 4619 1506 4690 juramentum
1557 4619 1918 4692 impossibile
1957 4626 2047 4676 est

401 4706 656 4762 mentiri.
691 4707 854 4764 Unde
884 4707 1068 4763 illud:
1103 4710 1214 4764 Per
1259 4711 1639 4780 memetipsum
1669 4709 1880 4778 juravi,
1916 4709 2048 4766 dicit

397 4795 660 4852 Dominus
682 4795 838 4867 (Gen.
862 4797 1024 4868 xxn).
1054 4801 1122 4851 Et
1147 4798 1287 4868 quid
1315 4799 1538 4868 juravit
1562 4797 1588 4850 ‘2
1609 4797 1804 4852 Semen
1839 4800 1956 4868 ejus
1986 4802 2047 4855 in

399 4891 674 4943 aeternum
701 4887 946 4940 manebit
974 4889 1023 4941 et
1055 4886 1287 4942 thronus
1315 4888 1431 4958 ejus
1462 4888 1605 4941 sicut
1635 4885 1722 4942 sol
1752 4889 1808 4942 in
1831 4905 2048 4960 conspe-

401 4977 494 5030 ctu
523 4991 660 5042 meo,
697 4974 752 5030 id
787 4979 895 5037 est,
925 4974 1092 5030 sedes
1122 4973 1280 5030 illius
1302 4976 1414 5030 erit
1437 4975 1493 5030 in
1514 4967 1797 5048 conspectu
1830 4994 1962 5048 meo,
1987 4978 2045 5033 id

403 5069 514 5131 est,
546 5063 606 5119 in
637 5062 901 5120 interiori
928 5081 1056 5130 suo,
1115 5063 1173 5118 id
1229 5069 1334 5132 est,
1370 5064 1586 5129 anima,
1621 5067 1719 5120 ubi
1751 5083 1854 5137 ego
1887 5067 2048 5122 solus

403 5153 738 5226 conspicio:
773 5153 855 5208 ibi
909 5154 1019 5209 erit
1072 5155 1214 5208 sicut
1268 5155 1371 5219 sol,
1432 5153 1660 5226 fulgens
1691 5155 1958 5211 videlicet
1988 5156 2047 5210 in

400 5241 740 5310 virtutibus,
773 5247 830 5297 et
851 5242 958 5298 hoc
982 5247 1268 5314 quantum
1293 5242 1362 5298 ad
1388 5243 1668 5313 animam,
1694 5261 1823 5316 quae
1844 5245 1937 5299 hic
1961 5262 2047 5301 re-

401 5335 603 5404 surget
622 5330 682 5387 in
704 5331 1127 5388 resurrectione
1167 5333 1378 5403 prima,
1422 5338 1488 5388 ut
1506 5333 1744 5388 tandem
1766 5333 2051 5407 refulgent

402 5421 462 5476 in
491 5425 804 5494 conspectu
837 5421 956 5476 Dei.
1007 5423 1302 5487 Quantum
1346 5427 1541 5478 autem
1573 5422 1644 5477 ad
1679 5439 1911 5494 corpus,
1943 5423 2052 5478 erit

399 5509 648 5568 thronus
677 5511 807 5582 ejus
834 5512 978 5568 sicut
1011 5509 1172 5579 luna,
1206 5529 1320 5568 non
1355 5511 1494 5567 luna
1513 5528 1641 5584 quae
1665 5511 1905 5584 suscipit
1927 5528 2048 5569 cre-

401 5602 670 5662 mentum
699 5604 758 5666 et
785 5599 1226 5680 detrimentum,
1257 5602 1359 5662 sed
1387 5607 1530 5660 luna
1547 5617 1680 5676 quae
1700 5605 1941 5682 perfecta
1960 5607 2051 5666 est

2155 4623 2227 4676 ad
2250 4621 2409 4693 ipsos
2432 4619 2698 4691 populos,
2724 4620 2780 4674 in
2811 4619 3028 4692 quibus
3051 4624 3140 4676 est
3171 4619 3530 4692 completum
3558 4619 3716 4692 quod
3739 4615 3812 4676 τι.

2156 4711 2385 4765 duobus
2416 4709 2696 4764 fratribus
2721 4708 2830 4762 fuit
2853 4708 3291 4781 prophetatum.
3321 4709 3503 4780 Major
3523 4707 3686 4764 enim
3708 4721 3812 4780 po-

2158 4784 2643 4871 pulus,Judaicus
2659 4796 3358 4864 videlicet,servitminori
3374 4796 3578 4870 gentili
3593 4793 3812 4870 popub

2157 4887 2453 4943 videlicet:
2479 4886 2616 4958 quia
2633 4885 2741 4941 hoc
2760 4891 2950 4958 portat
2969 4887 3230 4953 Judzeus,
3255 4887 3409 4942 unde
3430 4886 3820 4942 convincatur

2159 4994 2440 5050 paganus.
2473 4974 2575 5029 Vel
2604 4974 2788 5042 aliter,
2815 4975 3080 5031 distulisti
3099 4976 3374 5032 Christum
3394 4985 3573 5042 tuum,
3615 4975 3676 5030 id
3699 4977 3816 5046 est,

2159 5083 2250 5120 me
2275 5068 2516 5120 unctum
2539 5068 2870 5130 tuum,cum
2889 5065 3276 5130 me,videlicet
3292 5065 3486 5137 passis
3501 5069 3592 5120 tot
3613 5077 3820 5137 persa-

2159 5153 2515 5219 cutionibus,
2540 5154 2778 5208 tandem
2794 5170 2970 5226 super
2983 5159 3258 5210 cunctum
3293 5153 3581 5227 populum
3612 5161 3820 5226 regem

2159 5242 2536 5300 constituisti.
2573 5243 2632 5297 In
2664 5241 2772 5297 hac
2812 5259 2946 5298 vero
2991 5242 3273 5298 dilatione
3305 5242 3643 5312 notabatur,
3673 5239 3822 5315 quia

2160 5333 2502 5389 Christusin
2529 5347 2767 5404 corpore
2799 5349 2906 5387 suo
2947 5331 3305 5388 differendus
3331 5337 3457 5388 erat
3495 5349 3532 5387 a
3561 5331 3820 5410 promit}

2161 5421 2445 5488 sionibus,
2479 5425 2537 5475 et
2565 5419 2751 5475 multa
2781 5437 3064 5492 passurus
3112 5425 3431 5494 antequam
3461 5421 3824 5494 impleretur

2161 5528 2372 5584 corpus
2404 5511 2552 5582 ejus.
2584 5508 2851 5565 Evertisti
2883 5513 3262 5566 testamentum
3302 5513 3452 5568 servi
3480 5511 3584 5578 tui,
3619 5511 3678 5566 id
3695 5511 3818 5582 esg

2160 5607 2397 5681 pactum
2417 5605 2588 5660 tuum
2609 5599 2762 5684 quod
2779 5599 3053 5682 pepigisti
3066 5617 3200 5660 cum
3214 5605 3518 5674 servotuo,
3543 5603 3766 5664 evertes
3797 5613 3817 5659 :
