4024 6192
218 392 328 451 621

1340 394 1947 457 ENARRATIONES
1993 397 2068 456 ΙΝ
2118 399 2501 459 PSALMOS.

3496 397 3627 467 [622

213 520 448 577 sitatam
466 523 951 595 recepit,quando
966 526 1037 580 ad
1055 542 1184 582 esse
1198 525 1731 582 bominisdeductae
1760 527 1870 582 fuit
1896 530 1951 595 Α
1981 532 2037 583 et
2067 528 2311 582 incurrit
2342 539 2515 584 mala.
2551 531 2791 585 lnduret
2814 531 2870 585 in
2905 528 3158 602 peccatis
3189 527 3335 592 suis,
3378 526 3505 595 jnm
3564 526 3623 580 in

215 610 290 665 Ne
317 612 530 664 avertas
557 610 838 666 hominem
869 615 927 667 in
958 612 1359 669 humilitatem.
1412 616 1603 669 Factus
1625 630 1680 670 es
1710 615 1869 670 nobis

214 700 501 771 refugium
525 716 538 754 :
565 704 621 754 et
651 700 779 755 ideo
804 718 873 757 ne
891 702 1188 766 avertas,id
1222 709 1407 765 est,ne
1430 704 1605 758 averti
1633 704 1867 775 permil-

211 787 688 855 tas,hominem,in
704 788 813 845 hoc
827 792 1112 847 subaudis
1128 792 1687 863 positumAvertisti
1709 810 1864 863 sum,

208 877 531 948 permisisti
582 885 966 950 usurpantem
1009 882 1121 936 sibi
1166 898 1377 936 nomen
1425 882 1593 952 quasi
1628 883 1865 937 futurus

208 965 365 1021 Deus
386 972 637 1033 esset,ne
665 974 883 1023 avertas
913 986 1047 1024 eum
1069 971 1128 1026 in
1150 971 1498 1026 necessitate
1520 971 1863 1040 dejectionis

206 1072 347 1120 sua,
380 1056 521 1127 quia
549 1058 610 1111 in
634 1057 1091 1127 humilitatem,id
1126 1059 1529 1131 est,humilem
1554 1076 1614 1114 se
1632 1076 1773 1131 erga
1806 1064 1863 1115 te

207 1144 363 1199 fecit.
388 1144 674 1207 ,Czessavit
703 1148 860 1203 enim
893 1165 926 1202 a
957 1148 1149 1222 culpa,
1182 1155 1239 1204 et
1268 1150 1394 1203 ideo
1435 1154 1495 1203 tu
1559 1164 1755 1203 cessas
1788 1150 1861 1203 al)

204 1234 313 1288 ira.
348 1234 618 1290 Avertisti
649 1235 893 1303 elatum,
928 1254 999 1293 ne
1030 1244 1254 1294 avertas
1286 1255 1422 1293 eum
1456 1237 1856 1305 humiliatum;

202 1322 292 1377 vel
325 1323 451 1378 sic:
485 1325 559 1378 Ne
603 1334 825 1380 avertas
877 1328 1171 1393 hominem,
1233 1329 1289 1382 id
1332 1333 1444 1391 est,
1505 1344 1574 1381 ne
1616 1329 1857 1398 permit-

204 1420 296 1467 tas
327 1414 505 1467 averti
538 1432 572 1468 a
604 1415 971 1471 sublimitate
1004 1422 1103 1471 tua
1133 1420 1193 1471 in
1222 1415 1617 1483 humilitatem,
1656 1416 1711 1470 id
1748 1423 1853 1485 est,

203 1500 263 1556 in
295 1502 416 1557 haec
447 1501 673 1568 inﬁma,
708 1509 793 1569 ut,
828 1504 1047 1560 relictis
1072 1506 1428 1573 coelestibus,
1464 1510 1697 1560 terrena
1727 1521 1856 1559 con.

203 1591 554 1663 cupiscat,et
582 1592 712 1649 ideo
733 1594 961 1661 dico,ne
978 1595 1529 1667 avertas,,quoniam
1554 1600 1612 1648 tu
1629 1596 1855 1649 dixisti:

203 1681 604 1737 Convertimmi
623 1683 693 1737 ad
727 1699 841 1749 me,
875 1684 985 1753 ﬁlii
1013 1683 1300 1739 hominum
1328 1688 1407 1752 get
1430 1700 1579 1754 opus
1600 1688 1688 1738 est
1707 1684 1851 1738 utad

200 1775 257 1825 te
288 1772 868 1842 convertantur,quia
895 1778 1423 1845 quantumcunque
1437 1773 1611 1827 vitam
1634 1772 1852 1845 longae-

1980 618 2291 686 reprolium
2326 634 2565 671 sensum
2598 620 2881 674 traditus:
2914 622 2965 673 et
3005 621 3232 682 arescat,
3290 616 3345 671 id
3394 621 3483 670 est
3535 615 3623 668 in-

1979 705 2143 759 utilis
2174 708 2294 767 tiat,
2328 706 2499 760 sicuti
2535 706 2723 776 pulvis
2751 725 2921 779 quem
2956 726 3071 780 pra:
3107 707 3288 762 nimia
3329 704 3620 769 ariditate,

1978 790 2212 865 projicit
2268 800 2540 849 ventusa
2581 795 2723 849 facie
2782 802 2965 851 terris.
3029 798 3168 865 Quia
3224 796 3518 865 defecimus
3560 795 3623 846 in

1975 885 2068 939 ira
2096 893 2209 939 tua.
2245 885 2417 949 Quasi
2452 885 2607 938 dicat
2643 885 2865 948 :Quare
2897 886 3004 940 hoc
3037 887 3190 940 dicat
3247 889 3311 938 ut
3362 886 3623 938 transeat

1975 990 2149 1029 mane
2198 974 2349 1029 sicut
2401 974 2628 1028 herba?
2668 976 2797 1044 quia
2845 975 3142 1043 defecimus
3176 977 3233 1030 in
3266 977 3373 1041 ira,
3425 972 3483 1027 id
3534 977 3623 1027 est

1972 1062 2147 1117 talem
2172 1063 2459 1118 defectum
2476 1062 2741 1133 exigebat
2762 1062 2818 1116 in
2833 1063 2919 1118 ira
2933 1066 3244 1129 tua.Quam
3270 1062 3619 1118 commerui-

1974 1169 2127 1216 mus,
2165 1152 2303 1222 quia
2332 1152 2452 1206 haec
2483 1151 2679 1206 omnia
2710 1169 2777 1205 ex
2807 1169 2976 1222 poena
3028 1153 3245 1222 peccati
3305 1152 3615 1219 habemus,

1971 1242 2107 1309 quia
2135 1246 2371 1312 propter
2397 1245 2693 1312 peccatum
2711 1242 2869 1295 inira
2890 1253 2986 1295 tua
3002 1239 3616 1310 defecimus,etinfirmi

1971 1329 2104 1383 facti
2138 1346 2373 1383 sumus:
2410 1331 2529 1383 etin
2552 1332 2740 1398 furore
2761 1330 3069 1384 tuoturbati
3091 1328 3607 1390 sumus,intantum

1970 1418 2120 1489 quod
2138 1417 2539 1471 infirmitatem
2561 1424 2823 1473 nostram
2845 1423 3028 1472 morte
3047 1418 3613 1488 finiretrepidamus.

1967 1506 2036 1561 Et
2065 1507 2201 1577 quia
2233 1507 2575 1571 defecimus,
2608 1524 2676 1561 ex
2733 1506 2841 1561 hoc
2900 1510 3146 1571 constat,
3199 1504 3336 1576 quia
3379 1506 3617 1575 posuisti

1966 1598 2289 1666 iniquitates
2318 1604 2528 1650 nostras
2558 1598 2612 1650 in
2644 1604 2931 1665 conspectu
2963 1605 3073 1659 tuo,
3110 1596 3164 1649 id
3189 1599 3277 1649 est
3307 1594 3460 1665 quod
3497 1612 3613 1649 non

1965 1690 2052 1739 est
2073 1685 2288 1739 oblitus
2304 1690 2671 1755 peccatorum
2699 1690 3189 1754 nostrorumque:
3203 1682 3613 1737 commisimus

1963 1774 2021 1827 in
2043 1774 2232 1844 primo
2256 1778 2515 1843 parente,
2547 1779 2602 1828 et
2630 1775 2895 1827 saeculum
2924 1782 3190 1839 nostrum,
3224 1772 3281 1827 id
3314 1776 3404 1827 est
3462 1770 3609 1826 illud

196 1875 331 1914 vam
364 1859 659 1926 duxerint,
695 1866 1223 1933 quantumcunque
1253 1879 1401 1933 opus
1435 1860 1727 1932 prolixum
1762 1877 1853 1917 ex-
1882 1897 1929 1961 B
1964 1861 2243 1917 saeculum
2269 1863 2421 1932 quod
2450 1862 2670 1933 nosipsi
2696 1862 2864 1917 nobis
2880 1861 3384 1931 fecimus,posuisti
3402 1862 3459 1914 in
3477 1860 3611 1913 illu-

196 1948 481 2014 tenditur,
502 1952 698 2003 tamen
724 1950 1027 2004 aeternitati
1043 1956 1155 2005 tua:
1178 1955 1583 2021 comparatum
1600 1950 1743 2004 nihil
1764 1967 1849 2005 re-

198 2036 458 2107 peritur:
493 2038 647 2107 quod
668 2037 828 2104 dicit,
860 2039 1130 2105 Quoniam
1160 2040 1318 2093 mille
1350 2042 1491 2094 anni
1518 2048 1641 2094 ante
1672 2040 1851 2094 oculos

199 2128 323 2177 tuos
350 2134 611 2196 tanquam
632 2127 746 2181 dies
758 2127 1013 2183 hesterna
1034 2144 1157 2199 quae
1172 2128 1654 2199 praeteriitQuasi
1676 2128 1850 2183 dicat:

198 2212 333 2267 ideo
364 2214 495 2269 dico
526 2216 678 2284 quod
713 2217 1169 2271 convertendum
1194 2218 1270 2272 sit
1288 2217 1421 2270 filiis
1445 2216 1754 2271 hominum
1777 2218 1849 2271 ad

197 2307 277 2367 te,
312 2302 595 2372 quoniam
621 2304 757 2358 anni
791 2305 887 2359 isti
918 2305 1294 2376 temporales,
1342 2306 1449 2360 etsi
1502 2307 1677 2369 mille,
1728 2314 1854 2360 ante

198 2390 408 2460 oculos,
444 2390 501 2445 id
536 2397 627 2446 est
656 2394 977 2464 comparati
1010 2397 1181 2449 annis
1204 2394 1323 2449 illis
1370 2395 1469 2465 qui
1528 2399 1669 2449 sunt
1718 2399 1851 2449 ante

201 2484 385 2535 oculos
419 2488 561 2545 tuos,
595 2480 653 2533 id
686 2487 797 2546 est,
832 2483 931 2552 qui
965 2482 1071 2537 tibi
1105 2482 1353 2553 placent,
1398 2488 1538 2538 sunt
1585 2487 1851 2555 tanquam

198 2569 311 2624 dies
340 2569 589 2624 hesterna
608 2585 727 2639 qum
743 2572 1045 2639 praeteriit,
1081 2572 1137 2625 id
1171 2577 1279 2633 est,
1314 2588 1440 2641 quae
1454 2573 1577 2641 jam
1603 2589 1717 2626 non
1738 2576 1843 2636 est,

199 2658 335 2729 quia
362 2657 560 2713 omnia
588 2657 937 2729 temporalia
964 2665 1103 2713 sunt
1155 2665 1437 2730 tanquam
1488 2676 1601 2714 non
1659 2666 1800 2714 sunt
1830 2678 1843 2714 :

196 2748 444 2801 custodia
470 2748 527 2801 in
551 2749 705 2800 nocte
727 2762 851 2817 qua:
867 2763 967 2817 pro
988 2748 1169 2802 nihilo
1192 2748 1465 2802 habentur
1494 2764 1679 2803 eorum
1708 2750 1847 2802 anni

194 2840 380 2892 erunt.
405 2834 582 2899 Quasi
607 2834 762 2890 dicat
786 2836 1150 2907 :Comparavi
1182 2853 1369 2891 annos
1389 2836 1561 2891 istius
1579 2837 1708 2891 vitae
1730 2836 1841 2891 diei

194 2924 501 2991 hesternas,
528 2929 593 2979 ut
623 2930 819 2979 autem
849 2924 1040 2979 adhuc
1074 2925 1260 2997 magis
1278 2925 1629 2981 transituros
1651 2932 1841 2981 osten-

192 3013 351 3079 dam,
390 3014 519 3068 dico
543 3014 683 3084 quia
704 3013 841 3067 anni
873 3014 966 3068 isti
1002 3014 1306 3068 suntsicut
1325 3014 1568 3069 custodia
1590 3018 1646 3069 in
1671 3018 1841 3085 nocte,

194 3103 250 3159 id
285 3108 684 3173 est,tanquam
717 3108 925 3173 quarta
960 3120 1094 3173 pars
1120 3102 1308 3157 noctis
1334 3108 1409 3158 :et
1433 3103 1623 3158 adhuc
1646 3104 1843 3158 minus

194 3191 409 3257 dicam,
432 3193 570 3245 anni
595 3191 690 3246 isti
724 3194 883 3245 erunt
904 3206 1115 3256 eorum,
1136 3190 1196 3245 id
1210 3196 1319 3257 est,
1344 3190 1667 3267 computati
1693 3190 1845 3245 inter

192 3280 293 3336 illa
322 3295 450 3353 qua?
470 3295 564 3351 pro
593 3280 769 3335 nihilo
802 3280 1096 3335 habentur.
1121 3280 1263 3334 Ecce
1288 3264 1563 3350 magnam
1587 3279 1843 3333 ostendit
1872 3262 1914 3326 C

192 3369 602 3441 dejectionem,
635 3386 769 3424 cum
789 3369 1048 3425 ostendit
1065 3385 1172 3423 nos
1187 3384 1356 3440 agere
1378 3367 1504 3421 dies
1532 3367 1839 3433 finiendos,

192 3465 249 3515 et
280 3476 469 3515 annos
484 3475 585 3531 pro
608 3458 1300 3514 nibilohabendos.&lane
1321 3458 1458 3511 sicut
1474 3455 1642 3509 herba
1660 3462 1841 3509 trans-

192 3558 303 3619 eat,
336 3564 502 3603 mane
519 3549 711 3618 ﬂoreat
740 3553 797 3601 et
828 3551 1089 3615 transeat,
1120 3560 1340 3617 vespere
1358 3544 1591 3614 decidat,
1624 3543 1843 3598 induret

192 3643 245 3693 et
275 3647 511 3693 arescat.
546 3637 688 3692 Ecce
716 3635 1005 3707 Propheta
1027 3636 1152 3706 jam
1185 3633 1592 3706 aggratulatur
1638 3633 1844 3688 divinis

185 3726 463 3797 justitie,
496 3743 625 3798 quin
656 3725 913 3780 vindicat
944 3726 1187 3795 sejuste
1219 3724 1278 3778 in
1313 3724 1634 3778 hominem.
1669 3722 1845 3787 Quasi

193 3816 393 3871 dicat:
433 3816 579 3870 Luat
601 3816 777 3871 homo
792 3814 947 3885 quod
979 3812 1294 3881 commisit,
1330 3812 1428 3884 qui
1462 3817 1847 3883 perventurus

193 3910 322 3961 erat
352 3905 423 3960 ad
448 3905 837 3960 aternitatem
856 3902 1143 3974 completa
1158 3902 1851 3972 obedientia,experiatur

196 3993 659 4065 corruptionem,
689 3992 787 4064 qui
820 3991 1029 4047 cecidit
1060 4007 1163 4063 per
1193 3990 1853 4063 ignorantiamztrunseat

194 4098 384 4147 mane,
416 4081 475 4137 id
505 4086 617 4147 est,
640 4081 886 4136 infamia
914 4080 1357 4150 cujusque,quae
1378 4083 1469 4133 est
1490 4079 1644 4133 sicut
1674 4077 1855 4131 herba

197 4188 331 4243 que
365 4187 526 4225 nunc
575 4168 845 4225 videlicet
890 4169 1057 4234 viret,
1107 4173 1165 4222 et
1213 4184 1341 4222 oras
1391 4171 1649 4222 arescet:
1694 4182 1857 4221 mane

194 4259 482 4332 ﬂoreat,et
512 4259 761 4313 infantia
791 4258 850 4313 in
882 4256 1336 4313 adolescentiam
1376 4255 1460 4310 vel
1486 4258 1855 4325 juventutem

196 4349 422 4414 veniat,
456 4353 505 4403 et
552 4351 795 4403 transeat
830 4347 912 4401 ibi
944 4346 1369 4401 considerando
1402 4344 1541 4415 quia
1558 4342 1861 4398 nihilsunt

199 4438 335 4493 dies
356 4438 488 4492 vita:
521 4437 714 4504 istius,
744 4443 796 4491 et
826 4450 1043 4507 vespere
1074 4434 1308 4499 decidat,
1333 4438 1391 4489 et
1411 4434 1470 4487 in
1497 4437 1858 4488 senectutem

198 4528 404 4593 cadat,
439 4534 489 4582 et
510 4526 727 4581 induret
756 4525 816 4580 in
849 4523 1034 4591 senio,
1095 4528 1145 4579 et
1202 4531 1419 4578 arescat
1477 4523 1535 4576 in
1570 4520 1862 4593 decrepita

1959 1952 2264 2006 minutione
2282 1953 2458 2004 vultus
2480 1953 2583 2017 tui,
2613 1952 2669 2005 id
2703 1956 2794 2005 est
2825 1951 2881 2005 in
2917 1950 3177 2005 claritate
3225 1954 3337 2003 tuae
3364 1965 3612 2021 praesen-

1958 2040 2071 2104 tiae,
2102 2040 2201 2093 ubi
2226 2056 2457 2109 semper
2486 2040 2853 2110 conspiceres
2886 2043 2941 2093 et
2970 2056 3077 2094 nos
3108 2038 3276 2109 quasi
3338 2054 3441 2107 pro
3502 2036 3600 2091 illo

1960 2128 2299 2199 corrigeres.
2335 2129 2494 2193 Quod
2522 2128 2759 2183 effectus
2803 2128 3047 2192 indicat,
3106 2128 3373 2197 quoniam
3428 2141 3613 2179 omnes

1959 2217 2072 2272 dies
2102 2216 2363 2287 gentium
2385 2218 2703 2287 defecerunt
2726 2236 2743 2271 :
2766 2222 2821 2271 et
2842 2217 2970 2271 ideo
2994 2214 3401 2286 apparetquod
3426 2216 3483 2268 in
3518 2216 3613 2269 ira

1958 2311 2054 2361 tua
2084 2306 2403 2376 defecimus,
2436 2306 2492 2359 id
2526 2311 2613 2360 est
2644 2306 2797 2377 quod
2820 2310 3052 2376 propter
3081 2304 3228 2358 iram
3261 2303 3608 2357 tuaminde-

1960 2395 2174 2450 fectum
2207 2395 2648 2449 venimus.Anni
2676 2396 2851 2449 nostri
2885 2396 3243 2448 sicutaranea
3263 2391 3605 2446 meditaban-

1958 2492 2084 2538 tur:
2121 2484 2240 2538 dies
2269 2500 2545 2537 annorum
2575 2488 2887 2537 nostrorum
2948 2484 3010 2535 in
3060 2482 3213 2551 ipsis,
3256 2482 3605 2550 septuaginta

1957 2575 2112 2626 anni.
2139 2573 2283 2627 Nota
2316 2572 2474 2642 quia,
2508 2570 2658 2625 sicut
2689 2588 2900 2625 aranea
2932 2568 3220 2623 inutiliter
3268 2568 3495 2622 laborat
3546 2568 3603 2621 in

1956 2659 2069 2714 tela
2102 2659 2470 2730 perﬁcienda,
2505 2659 2564 2712 in
2596 2676 2707 2730 qua
2752 2659 2991 2713 tandem
3052 2657 3181 2728 ipsa
3232 2655 3602 2725 interﬁcitur,

1954 2747 2089 2802 huic
2120 2753 2537 2819 comparantur
2567 2747 2703 2802 anni
2737 2748 2941 2813 nostri,
2977 2748 3035 2801 in
3072 2746 3285 2818 quibus
3318 2745 3607 2800 inutiliter

1954 2836 2310 2891 meditemur
2336 2837 2628 2907 quomodo
2650 2841 2879 2891 terrena
2904 2834 3371 2906 acquiramus,in
3389 2833 3606 2905 quibus

1953 2924 2258 2996 acquisitis
2290 2925 2588 2980 irretimur
2618 2931 2673 2978 et
2695 2926 2764 2979 ad
2798 2929 3043 2979 mortem
3076 2923 3387 2978 trahimur.
3441 2922 3603 2977 Unde

1952 3014 2129 3069 illud:
2165 3014 2305 3082 Quid
2325 3014 2569 3085 superbit
2601 3019 2749 3068 terra
2771 3022 2820 3067 et
2844 3013 3030 3067 cinis?
3088 3014 3275 3083 (Eccli.
3319 3013 3399 3081 κ.)
3459 3012 3601 3079 Quo-

1950 3105 2108 3157 niam
2140 3112 2197 3157 tn
2226 3106 2341 3157 vita
2370 3120 2468 3157 sua
2495 3104 2719 3173 projicit
2752 3104 2958 3157 intima
3013 3118 3110 3155 sua
3144 3102 3266 3155 Dies
3325 3117 3598 3154 annorum

1952 3194 2281 3246 nostrorum.
2316 3192 2490 3253 Quasi
2524 3191 2717 3244 dicat:
2754 3190 2877 3243 Non
2911 3193 3141 3243 tantum
3186 3188 3324 3242 anni
3385 3188 3598 3249 nostri,

1954 3279 2010 3333 id
2041 3282 2130 3333 est
2158 3278 2425 3332 diutinus
2454 3277 2619 3331 labor
2664 3282 2863 3331 noster
2920 3277 3029 3331 erit
3086 3274 3331 3339 inutilis,
3394 3275 3491 3328 sed
3542 3278 3597 3327 et

1952 3367 2077 3421 dies
2108 3365 2378 3431 nostri,id
2407 3370 2493 3420 est
2515 3365 2765 3436 quisque
2786 3364 2950 3419 labor
2973 3369 3168 3418 noster
3194 3364 3305 3418 erit
3334 3361 3592 3427 inutilis,

1952 3454 2143 3509 brevis
2169 3458 2258 3508 est
2287 3458 2343 3507 et
2376 3459 2749 3525 comparatur
2778 3469 3001 3507 araneae
3024 3458 3081 3507 et
3119 3451 3331 3506 inutili.
3365 3457 3428 3509 In
3458 3454 3595 3524 ipsis

1950 3545 2297 3615 septuaginta
2325 3543 2479 3597 anni.
2517 3542 2690 3607 Quasi
2728 3543 2919 3599 dicat:
2955 3542 3101 3605 Quia
3130 3540 3254 3595 dies
3294 3542 3479 3596 nostri
3541 3545 3597 3596 et

1956 3633 2093 3689 anni
2125 3637 2263 3688 sunt
2284 3633 2435 3687 sicut
2457 3648 2689 3693 aranea,
2710 3631 2766 3685 id
2791 3636 2878 3685 est
2898 3631 3260 3685 meditantur
3291 3629 3443 3684 sicut
3476 3647 3603 3683 ara-

1956 3740 2084 3789 nea,
2118 3723 2246 3777 ideo
2289 3722 2628 3777 abbreviata
2659 3726 2747 3775 est
2777 3721 2893 3774 vita
2927 3724 3150 3786 nostra,
3186 3718 3339 3789 quod
3369 3719 3426 3771 in
3465 3718 3611 3789 ipsis

1959 3813 2164 3867 diebus
2195 3812 2251 3865 in
2284 3812 2499 3883 quibus
2534 3812 2711 3866 robur
2743 3807 3605 3877 crescit,inveniunturtantum

1956 3903 2311 3973 septuaginta
2332 3901 2629 3970 anni,cum
2663 3900 2721 3954 in
2756 3900 2874 3953 vita
2905 3902 3341 3953 antecessorum
3375 3901 3605 3952 nostro-

1961 4006 2093 4044 rum
2126 3990 2342 4044 fueriut
2373 3989 2510 4042 anni
2545 3988 2763 4058 plures.
2799 3985 3190 4042 Mathusalem
3251 3986 3406 4041 enim
3466 3985 3613 4041 vixit

1963 4078 2272 4149 nongentis
2295 4083 2352 4131 et
2381 4076 2682 4147 sexaginta
2713 4077 2975 4149 quinque
2997 4078 3168 4132 annis
3203 4077 3355 4144 (Gen.
3384 4076 3616 4146 v).Nota

1966 4166 2106 4239 quia
2134 4165 2270 4221 licet
2300 4182 2679 4237 praecessores
2712 4166 2895 4222 nostri
2930 4166 3197 4221 eamdem
3232 4181 3461 4237 pcnnam
3486 4179 3616 4233 pec-

1968 4255 2082 4311 cati
2113 4256 2375 4326 inprimo
2395 4260 2629 4325 parente
2652 4256 3106 4311 commeruerint
3129 4271 3306 4325 quam
3327 4269 3432 4307 nos
3454 4267 3618 4305 com-

1970 4345 2517 4411 meruimus,tamen
2555 4362 2668 4399 non
2691 4344 2772 4398 ita
2795 4342 3333 4399 dominabanturin
3349 4341 3435 4394 eis
3466 4339 3623 4392 sicut

1972 4435 2029 4489 in
2063 4434 2251 4493 nobis.
2288 4432 2425 4504 quia
2457 4450 2569 4486 non
2604 4438 2833 4487 tantum
2868 4431 3043 4486 dediti
3080 4431 3319 4483 fuerunt
3368 4425 3619 4482 terrenis

1973 4524 2125 4579 sicut
2156 4539 2262 4577 nos
2292 4537 2519 4575 sumus.
2553 4521 2612 4575 Si
2636 4525 2817 4574 autem
2843 4522 2898 4574 in
2929 4518 3311 4591 potentatibus,
3346 4519 3621 4586 octoginta

198 4620 400 4681 etate,
434 4614 716 4685 quoniam
747 4630 881 4669 eum
914 4609 1863 4685 fatigattussisindesinenter.Vel
1895 4629 1940 4693 D
1973 4613 2144 4666 anni:
2176 4610 2389 4665 dicitur
2410 4610 2549 4681 quia
2580 4609 2759 4663 robur
2791 4607 3049 4662 hominis
3079 4611 3302 4662 crescat
3333 4622 3520 4677 usque
3553 4604 3624 4659 ad

202 4705 335 4760 sic:
373 4702 527 4757 Mane
545 4701 746 4775 ﬂoreat
774 4706 829 4757 et
867 4706 1109 4756 transeat
1134 4715 1354 4769 vespere
1398 4699 1633 4768 decidat,
1666 4699 1723 4753 id
1754 4702 1863 4764 est,

205 4793 273 4848 in
308 4796 673 4848 senectutem
705 4790 1007 4846 moriendo
1038 4790 1229 4856 cadat,
1258 4797 1309 4844 et
1336 4790 1566 4843 induret
1596 4788 1656 4842 in
1692 4788 1866 4843 cada-

205 4897 373 4947 vere,
406 4881 505 4936 ubi
539 4881 803 4936 membra
844 4880 1316 4949 uniuscujusque
1373 4878 1562 4949 rigida
1606 4878 1773 4941 fiunt,
1820 4879 1869 4930 et

207 4975 439 5028 arescat
470 4971 527 5025 in
558 4968 926 5041 pulvere,Vel
957 4967 1041 5023 sic
1066 4984 1078 5022 :
1107 4968 1409 5022 Manesicut
1423 4966 1590 5021 herba
1605 4971 1869 5030 transeat,

207 5061 274 5116 id
309 5064 424 5125 est,
446 5058 721 5115 voluntas
743 5059 1029 5129 cujusque
1042 5057 1195 5111 bona
1214 5061 1473 5111 transeat
1496 5056 1648 5111 sicut
1668 5056 1870 5123 herba,

207 5154 272 5207 et
306 5165 427 5204 non
460 5147 761 5219 perveniat
790 5147 861 5201 ad
894 5151 1090 5201 actum
1124 5146 1365 5200 bonum.
1393 5143 1678 5199 Voluntas
1705 5160 1875 5199 mane

211 5241 592 5309 cooperator,
628 5236 767 5307 quia
789 5236 848 5290 in
880 5233 1180 5290 voluntate
1212 5234 1473 5305 primum
1500 5232 1749 5304 refulget
1777 5232 1876 5287 lux

206 5325 491 5398 justitie.
520 5330 681 5382 Mane
697 5323 983 5395 ﬂoreat,id
1008 5323 1274 5388 est,bona
1294 5319 1564 5376 voluntas
1586 5322 1656 5376 ad
1681 5325 1875 5376 actum

217 5418 577 5473 deducatur.
612 5421 669 5471 et
686 5419 1087 5485 transeat,non
1104 5411 1372 5467 habendo
1391 5410 1876 5482 perseverantiam
1912 5456 1918 5463 .

218 5506 282 5561 in
316 5507 479 5562 bono
508 5521 718 5576 opere:
755 5504 853 5559 sed
886 5518 1102 5575 vespere
1132 5500 1365 5561 decidat,
1400 5500 1454 5554 id
1482 5504 1588 5568 est,
1638 5498 1694 5552 in
1745 5514 1874 5569 pec-

222 5596 377 5652 catis
396 5595 708 5663 cadat,non
733 5592 1025 5648 relucente
1045 5591 1093 5646 ei
1126 5588 1503 5660 solejustitize
1531 5606 1541 5643 :
1578 5587 1715 5659 quia
1742 5592 1877 5641 tunc

224 5684 485 5763 quisque
499 5682 922 5761 quasivespere
934 5679 1354 5758 cadit,quando
1376 5676 1630 5739 declinat
1648 5675 1881 5747 ahenis,

1975 4700 2345 4772 septuaginta
2376 4716 2581 4769 annos,
2616 4703 2673 4753 et
2698 4697 2779 4752 sic
2812 4700 2928 4751 stat
2956 4712 3143 4767 usque
3199 4696 3269 4750 ad
3328 4693 3624 4766 octoginta

1979 4806 2183 4855 annos,
2236 4793 2292 4844 et
2348 4793 2549 4860 postea
2606 4786 2925 4841 decrescit:
2982 4785 3137 4856 quod
3216 4785 3376 4839 dicit.
3442 4784 3505 4838 Si
3561 4784 3623 4836 in

1977 4877 2353 4950 potentatibus
2384 4877 2831 4931 considerantur
2860 4874 3108 4939 anni,ita
3135 4873 3496 4939 videlicet,ut
3542 4886 3633 4924 ro-

1982 4968 2091 5021 bur
2120 4982 2230 5020 non
2259 4968 2578 5031 decrescat,
2613 4968 2785 5018 erunt
2812 4966 3079 5034 octoginta
3127 4964 3284 5028 anni,
3348 4966 3405 5014 et
3461 4958 3631 5029 quasi

1980 5054 2226 5125 amplius
2260 5058 2367 5118 est,
2405 5054 2459 5107 id
2492 5058 2580 5107 est
2611 5052 2765 5123 quod
2799 5056 3068 5123 superest
3126 5051 3278 5105 ultra
3336 5046 3635 5118 octaginta

1986 5161 2190 5211 annos,
2227 5148 2315 5198 est
2346 5142 2498 5197 labor
2514 5147 2565 5196 et
2597 5143 2757 5197 dolor
2786 5158 2975 5196 eorum
3032 5140 3134 5210 qui
3184 5143 3388 5210 agunt,
3450 5140 3642 5190 trans-

1987 5232 2189 5288 itorios
2219 5248 2425 5297 annos,
2450 5236 2508 5285 et
2529 5231 2637 5286 hoc
2661 5232 2815 5285 unde
2835 5228 3163 5302 processit?
3184 5227 3336 5291 Quia
3380 5239 3640 5295 superve-

1992 5325 2075 5376 nit
2102 5319 2480 5386 mansuetudo,
2514 5330 2564 5374 et
2610 5320 2992 5390 corripiemus,
3056 5318 3111 5371 id
3173 5321 3262 5372 est
3331 5312 3643 5369 manifesta

1995 5409 2278 5481 correptio
2307 5426 2320 5463 :
2354 5414 2411 5464 et
2440 5409 2523 5463 sic
2553 5410 2929 5478 carripientur
2960 5410 3287 5471 mansuete,
3314 5420 3386 5458 ne
3406 5402 3645 5456 tandem

1990 5498 2338 5569 corripiatur
2369 5514 2581 5553 severe.
2628 5496 2726 5550 Vel
2764 5496 2955 5559 aliter,
2994 5498 3049 5549 in
3110 5496 3241 5565 ipsis
3298 5492 3649 5562 septuaginta

1991 5590 2147 5644 anni.
2171 5586 2527 5660 Septuaginta
2561 5584 2659 5658 qui
2691 5592 2920 5641 constat
2978 5602 3045 5639 ex
3105 5582 3369 5639 secunda
3402 5579 3647 5646 unitate,

1994 5676 2230 5736 denario
2252 5675 2517 5736 videlicet
2537 5692 2640 5753 per
2669 5675 3067 5752 septenarium
3096 5672 3263 5731 multi
3271 5669 3649 5747 plicato,per-
