4024 6192
311 303 429 368 625

1441 311 2045 376 ENARRATIONES
2086 313 2166 374 IN
2211 313 2594 381 PSALMOS.

3595 329 3715 390 626

311 463 488 519 opera
517 447 670 504 bona
700 465 883 504 unum
911 448 1124 504 debent
1154 464 1281 505 esse
1306 448 1367 504 in
1407 449 1601 504 radice
1632 448 1953 518 charitatis,
1985 448 2039 514 Α
2068 451 2168 505 Dei
2193 453 2318 505 coeli
2345 453 2790 510 commorabitur.
2818 453 2995 519 Quasi
3027 454 3182 512 dicat
3209 470 3223 513 :
3256 459 3562 516 Prascessit
3588 461 3714 533 qui-

309 538 439 592 ideo
470 542 526 593 et
557 537 931 607 singulariter
963 538 1103 592 dicit
1129 555 1138 593 :
1178 541 1239 593 Et
1290 555 1424 610 opus
1453 557 1718 594 manuum
1748 549 1959 594 nostra-

309 644 432 682 rum
466 628 664 697 dirige.
701 628 875 690 Quasi
909 628 1062 683 dicat
1091 645 1102 681 ε
1137 628 1230 684 Sic
1263 629 1482 701 dirigas
1529 646 1704 700 opera
1734 635 1955 694 nostra,

307 719 428 773 sint
459 733 646 772 unum
679 735 846 789 opus,
880 717 936 772 id
968 723 1075 785 est,
1112 719 1182 772 ad
1216 736 1400 773 unum
1453 719 1627 774 finem
1656 718 1958 774 charitatis

308 807 573 862 tendant.

897 897 1214 952 PSALMUS
1255 898 1363 953 XC.

769 1003 909 1040 LAUS
940 1003 1157 1041 CANTICI
1198 1003 1304 1042 lPSI
1337 1003 1524 1041 DAVID.

383 1095 409 1121 «
439 1072 545 1138 Qui
577 1073 864 1128 habitabit
897 1076 952 1128 in
985 1077 1278 1143 adjutorio
1327 1074 1632 1138 Altissimi,
1675 1074 1730 1128 in
1764 1079 1954 1146 prote-

309 1184 337 1211 ‹‹
372 1163 559 1218 ctione
587 1162 678 1217 Dei
705 1163 829 1217 εοεὶὶ
856 1165 1332 1229 commorabitur,
1364 1165 1516 1220 [)icet
1542 1164 1821 1219 Domino:
1848 1165 1951 1218 Su-

307 1277 333 1302 ‹‹
367 1258 564 1326 ceptor
587 1271 752 1308 meus
775 1271 834 1308 es
858 1259 942 1316 tu,
970 1259 1024 1307 et
1039 1255 1324 1325 refugium
1348 1271 1540 1308 meum
1561 1272 1572 1308 :
1595 1254 1746 1308 Deus
1763 1271 1950 1319 meus,

310 1365 330 1391 ι
363 1343 607 1413 sperabo
636 1342 693 1397 in
721 1359 875 1396 eum.
907 1342 1189 1406 Quoniam
1219 1344 1342 1413 ipse
1363 1343 1630 1397 liberabit
1658 1360 1748 1398 me
1773 1345 1841 1397 de
1864 1343 1951 1398 la-

304 1456 332 1483 ‹‹
367 1448 513 1503 queo
536 1433 892 1497 venantium,
918 1436 975 1486 et
1021 1449 1052 1486 a
1081 1432 1253 1486 verbo
1285 1449 1508 1503 uepero.
1533 1432 1798 1504 Scapulis
1825 1435 1951 1488 suis

304 1545 332 1571 ‹‹
366 1521 701 1576 obumrabit
719 1521 844 1584 tibi,
868 1527 924 1576 ct
942 1522 1052 1576 sub
1075 1522 1279 1593 pennis
1298 1523 1444 1591 ejus,
1467 1523 1751 1593 sperabis.
1773 1525 1948 1578 Scuto

303 1635 331 1661 ‹‹
362 1611 751 1666 circumdabit
773 1616 826 1665 te
850 1611 1063 1665 veritas
1086 1613 1234 1682 ejus,
1258 1628 1374 1666 non
1415 1611 1650 1666 timebis
1674 1630 1705 1667 a
1741 1613 1948 1668 timore

304 1725 330 1751 «
364 1706 667 1756 nocturno.
696 1707 743 1754 A
767 1702 981 1772 sagitta
1027 1701 1258 1755 volante
1286 1702 1342 1756 in
1366 1701 1480 1769 die,
1507 1719 1538 1756 a
1561 1703 1789 1773 negotio
1819 1719 1946 1774 per-

2068 540 2203 594 dam
2230 541 2287 594 in
2318 541 2576 598 humano
2607 561 2835 616 genere,
2870 545 3099 616 positus
3132 546 3190 601 in
3221 548 3585 605 abundantia
3606 550 3717 608 vir-

2065 634 2259 685 tutum
2288 648 2299 697 ;
2333 632 2430 686 sed
2464 632 2521 686 in
2555 651 2616 688 se
2647 635 2969 703 conlidens,
3004 653 3119 692 non
3154 637 3513 708 permansit:
3539 639 3714 698 homo

2068 723 2261 775 autem
2287 722 2600 788 secundus,
2630 724 2726 794 qui
2756 728 3040 780 venturus
3061 731 3170 797 est,
3197 726 3501 793 habitabit,
3527 728 3584 784 id
3603 734 3714 795 est,

2066 809 2123 862 in
2149 811 2481 865 obedientia
2501 814 2911 881 perseverabit,
2939 832 3052 870 non
3071 816 3126 871 in
3150 835 3255 873 suo
3275 817 3564 888 adjutorio
3583 835 3716 875 con-

2067 899 2249 954 ﬁdens
2272 905 2333 953 ut
2356 901 2565 966 Adam,
2595 902 2694 956 sed
2719 904 2775 956 in
2813 905 3105 975 adjutorio
3127 907 3398 962 Attissimi
3426 911 3484 963 et
3505 907 3632 964 ideo
3653 910 3716 965 in

2061 993 2392 1059 protectione
2425 991 2538 1054 Dei,
2573 1007 2684 1045 non
2717 993 3163 1066 qualiscunque,
3195 997 3292 1052 sed
3326 998 3452 1052 caeli
3479 1013 3714 1055 commo-

2063 1081 2303 1145 rabitur,
2331 1079 2382 1133 id
2410 1085 2516 1149 est,
2537 1079 2713 1134 simul
2743 1083 3070 1138 morabitur
3089 1085 3334 1140 interius
3364 1087 3629 1142 videlicet
3657 1092 3716 1144 et

2063 1169 2334 1232 exterius,
2396 1169 2535 1240 quia
2582 1186 2684 1224 nec
2737 1171 3086 1241 cogitatione
3119 1191 3152 1228 a
3183 1175 3428 1230 Domino
3463 1178 3572 1232 Deo
3602 1195 3710 1234 suo

2063 1258 2416 1329 apostatabit
2433 1277 2444 1320 ;
2462 1258 2554 1313 hic
2571 1258 2701 1313 talis
2713 1259 2857 1314 dicet
2877 1263 3107 1317 Domino
3128 1281 3146 1317 :
3167 1263 3456 1336 Susceptor
3479 1283 3632 1322 meus
3653 1283 3711 1323 es

2062 1355 2138 1410 tu,
2174 1347 2227 1400 id
2262 1353 2370 1416 est,
2405 1347 2676 1402 defensor
2705 1366 2891 1420 meus,
2940 1353 2990 1404 et
3039 1355 3319 1422 refugium
3357 1370 3538 1410 meum
3567 1357 3709 1412 Deus

2060 1453 2233 1506 meus,
2248 1453 2362 1491 non
2378 1453 2478 1505 ego
2493 1437 2637 1492 mihi
2655 1427 2826 1504 D'eus,
2843 1444 2908 1493 ut
2925 1440 3129 1507 Adam,
3148 1441 3248 1512 qui
3263 1441 3373 1497 sibi
3387 1443 3708 1502 voluitesse

2059 1525 2235 1588 Deus,
2269 1526 2378 1581 hoc
2407 1526 2561 1581 dicet
2594 1527 2852 1596 Domino,
2903 1529 3056 1584 dicet
3111 1530 3183 1584 ad
3241 1531 3705 1590 exhortationem

2058 1614 2305 1685 proximi
2334 1631 2345 1668 :
2378 1617 2603 1685 sperabo
2633 1617 2693 1670 in
2723 1633 2868 1683 eum,
2923 1621 2978 1672 et
3007 1617 3116 1672 hoc
3145 1618 3273 1674 ideo
3304 1623 3565 1690 quoniam
3594 1625 3708 1693 ipse

2059 1701 2320 1758 liberavit
2351 1721 2438 1759 me
2467 1705 2524 1758 in
2557 1705 2702 1760 meis
2733 1705 2797 1761 de
2828 1707 3021 1777 laqueo
3053 1710 3371 1763 venantium
3402 1713 3453 1764 et
3481 1727 3514 1765 a
3546 1710 3704 1767 verbo

301 1817 328 1843 ‹‹
363 1791 702 1848 ambulante
735 1790 791 1844 in
833 1791 1111 1856 tenebris,
1172 1791 1242 1845 ab
1301 1791 1538 1846 incursu
1573 1797 1628 1846 et
1659 1792 1945 1847 daemonio
1977 1822 2025 1888 Β
2055 1809 2266 1863 aspero.
2299 1791 2618 1849 Venatores
2650 1794 2748 1849 isti
2780 1801 2916 1850 sunt
2964 1796 3233 1853 diabolus
3263 1801 3319 1852 et
3349 1797 3542 1871 angeli
3571 1801 3700 1870 ejus

300 1906 327 1932 ‹‹
364 1881 706 1936 meridiano.
749 1880 967 1934 Cadent
999 1897 1032 1934 a
1084 1879 1262 1934 latere
1313 1885 1412 1935 tuo
1446 1881 1624 1950 mille,
1658 1887 1713 1936 et
1745 1882 1943 1937 decem

299 1993 327 2020 ‹‹
365 1969 526 2025 milia
556 1988 588 2024 a
619 1969 837 2024 dextris
885 1969 1024 2035 tuis,
1059 1971 1130 2023 ad
1165 1975 1218 2024 te
1251 1975 1444 2025 autem
1479 1987 1593 2024 non
1627 1972 1942 2043 appropin-

305 2081 327 2111 ι
366 2059 586 2131 quabit.
617 2058 1035 2116 Verumtamen
1077 2058 1259 2114 oculis
1289 2059 1407 2114 tuis
1437 2060 1855 2130 considerabis,
1890 2065 1946 2116 et

304 2172 331 2198 ‹‹
366 2148 802 2203 retributionem
828 2153 1194 2218 peccatorum
1218 2149 1458 2203 videbis.
1479 2149 1761 2211 Quoniam
1780 2156 1836 2204 tu
1858 2168 1940 2217 es,

303 2260 332 2286 «
365 2238 622 2302 Domine,
658 2253 790 2308 spes
821 2254 968 2302 mea,
995 2236 1348 2292 altissimum
1377 2238 1623 2309 posuisti
1652 2239 1940 2310 refugium

300 2349 320 2375 σ
364 2331 553 2381 tuum.
579 2327 701 2381 Non
727 2327 959 2380 accedet
980 2326 1050 2380 ad
1075 2331 1130 2380 te
1151 2326 1394 2395 malum,
1427 2332 1482 2381 et
1504 2327 1798 2398 flagellum
1828 2347 1941 2384 non

292 2439 319 2465 ‹‹
359 2415 854 2486 appropinquabit
876 2415 1251 2469 tabernaculo
1270 2421 1388 2470 tuo.
1412 2416 1694 2479 Quoniam
1722 2419 1943 2490 angelis

295 2527 324 2555 ‹‹
359 2504 484 2558 suis
511 2503 811 2558 mandavit
833 2504 902 2557 de
930 2509 1005 2568 te,
1032 2509 1098 2558 ut
1133 2505 1466 2559 custodiant
1492 2511 1544 2560 te
1586 2506 1643 2560 in
1667 2509 1941 2564 omnibus

291 2618 319 2643 α
352 2593 463 2647 viis
484 2593 622 2647 tuis.
649 2594 708 2646 In
733 2593 1004 2646 manibus
1020 2594 1420 2663 portabuntte,
1440 2611 1507 2648 ne
1525 2596 1940 2653 forteolfendas

296 2706 317 2733 ι
355 2683 423 2738 ad
450 2681 702 2754 lapidem
732 2682 935 2752 pedem
961 2686 1150 2735 tuum.
1179 2683 1365 2752 Super
1386 2683 1648 2753 aspidem
1699 2690 1751 2739 et
1785 2685 1939 2740 basi-

293 2796 321 2821 ‹‹
359 2772 567 2826 iiscum
594 2769 948 2834 ambulabis,
987 2774 1043 2824 et
1065 2769 1434 2825 conculcabis
1463 2771 1683 2826 leonem
1717 2779 1772 2827 et
1802 2775 1932 2828 dra-

292 2885 319 2912 «
351 2878 574 2917 conem.
603 2861 887 2925 Quoniam
939 2858 997 2911 in
1041 2874 1132 2912 me
1180 2860 1452 2929 speravit,
1487 2860 1744 2915 liberabo
1775 2879 1933 2932 eum,

293 2975 322 3001 «
356 2955 657 3023 protegam
693 2966 848 3014 eum,
882 2947 1158 3018 quoniam
1187 2949 1455 3020 cognovit
1478 2966 1687 3004 nomen
1715 2969 1931 3008 meum.

292 3065 321 3091 ‹‹
350 3040 629 3095 Clamavit
653 3039 720 3094 ad
752 3054 864 3102 me,
888 3042 943 3094 et
965 3054 1069 3110 ego
1099 3038 1406 3092 exaudiam
1448 3055 1581 3094 eum
1610 3059 1627 3093 :
1651 3057 1782 3095 cum
1810 3041 1934 3113 ipso

288 3153 316 3178 ‹‹
353 3146 485 3184 sum
511 3129 570 3183 in
621 3128 1014 3197 tribulatione,
1053 3126 1295 3196 eripiam
1320 3143 1478 3192 eum,
1506 3133 1563 3182 et
1593 3129 1931 3200 glorilicabo

287 3241 315 3268 ‹‹
352 3234 507 3274 eum.
533 3217 938 3288 Longitudine,
963 3192 1190 3268 dierum
1222 3214 1455 3286 replebo
1478 3192 1632 3283 eum“,
1657 3223 1716 3273 et
1737 3225 1930 3274 osten-
1964 3192 2005 3258 Ε

287 3331 315 3357 ‹‹
352 3307 486 3362 dam
517 3305 602 3361 illi
637 3305 891 3362 salutare
922 3321 1139 3358 meum.
1172 3324 1200 3351 »

909 3391 1310 3448 ENARRATIO.

358 3485 659 3540 Canticum
686 3483 920 3554 ponitur
947 3499 1049 3554 pro
1085 3481 1489 3536 exsultatione.
1534 3483 1643 3538 Sed
1669 3485 1807 3556 quia
1835 3503 1931 3541 ne-

284 3592 402 3647 que
434 3574 493 3628 in
526 3574 634 3628 hoc
666 3572 894 3644 psalmo
934 3571 1146 3641 aliquis
1177 3569 1348 3625 vellet
1400 3571 1686 3627 exsultare
1717 3575 1786 3629 de
1818 3575 1930 3629 hu-

281 3681 460 3720 mana
492 3664 854 3727 infirmitate,
912 3661 1247 3731 appositum
1303 3665 1392 3715 est
1453 3662 1574 3716 laus
1617 3665 1835 3730 canticz,
1871 3671 1934 3720 ut

284 3753 582 3809 laudabile
614 3751 903 3806 canticum
936 3749 1293 3820 intelligatis,
1341 3751 1634 3806 canticum
1667 3753 1934 3810 videlicet

284 3843 440 3914 quod
469 3841 716 3913 pertinet
765 3841 835 3894 ad
883 3839 1140 3893 divinam
1170 3838 1463 3905 virtutem,
1498 3846 1554 3895 et
1581 3859 1691 3896 non
1720 3843 1788 3896 ad
1824 3843 1932 3898 hu-

285 3949 523 3987 manam
550 3929 972 3984 infirmitatem.
999 3929 1144 3982 Nam
1170 3927 1475 3999 Propheta,
1500 3931 1652 3984 sicut
1671 3931 1935 3987 incarna-

285 4022 506 4076 tionem
537 4018 792 4080 Domini,
823 4022 1067 4072 mortem
1109 4021 1166 4071 et
1212 4019 1697 4073 resurrectionem
1733 4021 1932 4091 praevi-

285 4111 454 4175 dens,
490 4109 559 4164 ad
621 4106 1064 4162 instructionem
1107 4106 1370 4160 omnium
1429 4106 1592 4172 dixit,
1657 4108 1736 4162 ita
1759 4110 1932 4162 etiam

283 4199 610 4272 praevidens
669 4199 798 4267 ejus
853 4195 1252 4260 tentationem,
1311 4195 1539 4264 aperuit
1568 4212 1695 4250 eam
1728 4199 1798 4250 ad
1833 4215 1932 4251 no-

287 4294 474 4343 stram
495 4286 830 4348 utilitatem,
855 4291 937 4354 ut,
963 4301 1065 4356 per
1087 4284 1214 4352 ejus
1235 4284 1614 4338 tentationem
1640 4285 1932 4357 instructi,

287 4395 408 4432 non
435 4377 713 4432 cedamus
732 4374 1025 4439 tentatori,
1051 4371 1196 4427 nihil
1221 4377 1414 4450 tamen
1439 4373 1508 4426 de
1531 4373 1698 4428 nobis
1727 4393 1938 4446 prmsu-

285 4471 538 4535 mentes,
573 4464 672 4519 sed
706 4468 893 4518 totum
943 4461 1142 4532 gratize
1201 4479 1318 4516 sua:
1379 4461 1781 4518 attribucntes.
1818 4465 1934 4520 Hoc

2057 1882 2156 1954 qui
2190 1897 2440 1954 semper,
2475 1883 2644 1954 quasi
2677 1885 2965 1950 venando,
2988 1885 3284 1942 hominem
3311 1886 3706 1959 insequuntur

2055 1976 2120 2026 ut
2151 1971 2420 2044 capiant;
2452 1973 2702 2028 tendunt
2725 1975 2900 2029 etiam
2935 1975 3045 2030 sibi
3091 1975 3331 2048 laqueos
3362 1978 3575 2049 quibus
3605 1995 3701 2034 ca-

2054 2061 2313 2133 piantur.
2347 2061 2492 2117 Nam
2526 2063 2790 2135 suggerit
2828 2064 2878 2119 ei
2927 2081 3186 2120 amorem
3235 2070 3293 2120 et
3321 2066 3702 2137 cupiditatem

2054 2166 2251 2204 rerum
2279 2151 2715 2222 temporalium,
2750 2153 2849 2207 sed
2892 2151 3180 2210 Dominus
3235 2156 3306 2210 ab
3354 2154 3447 2210 his
3477 2154 3703 2227 laqueis

2054 2257 2195 2295 suos
2227 2239 2453 2301 liberat.
2488 2242 2678 2295 dando
2711 2242 2792 2296 eis
2825 2247 2889 2296 ut
2937 2242 3215 2297 claudant
3259 2243 3477 2298 ostium
3509 2243 3703 2301 cordis

2054 2334 2256 2384 contra
2286 2330 2720 2401 suggestionem
2763 2329 3120 2401 cupiditatis.
3166 2331 3313 2386 Nota
3351 2330 3489 2402 quia
3516 2331 3705 2389 solent

2051 2418 2245 2490 laquei
2279 2423 2335 2474 et
2365 2418 2507 2473 retia
2539 2418 2697 2473 tendi
2759 2435 2875 2474 non
2935 2419 2994 2474 in
3050 2419 3164 2490 via,
3200 2420 3300 2474 scd
3325 2422 3497 2492 juxta
3522 2420 3700 2489 viam,

2051 2508 2133 2563 ita
2165 2507 2436 2562 diabolus
2468 2505 2585 2561 illis
2613 2507 2710 2578 qui
2745 2516 2880 2562 sunt
2913 2508 2971 2562 in
3011 2507 3122 2574 via,
3174 2509 3232 2562 id
3265 2514 3352 2564 est
3382 2509 3481 2580 qui
3513 2511 3699 2582 perfe-

2051 2603 2140 2652 cte
2170 2597 2398 2653 Christo
2430 2596 2750 2663 adhaerent,
2812 2613 2926 2650 non
2986 2596 3174 2651 tendit
3226 2595 3528 2668 laqueum,
3561 2598 3702 2671 quia

2049 2685 2317 2742 Christus
2354 2685 2484 2740 illos
2515 2685 2678 2739 ducit
2711 2701 2813 2756 per
2837 2701 2899 2740 se
2927 2684 3079 2739 viam
3113 2684 3184 2740 ad
3219 2701 3281 2741 se
3327 2686 3507 2742 vitam
3529 2703 3551 2749 ,'
3582 2686 3701 2744 iliis

2047 2793 2178 2830 vero
2209 2775 2306 2846 qui
2340 2782 2474 2828 sunt
2500 2775 2669 2843 juxta
2697 2774 2873 2843 viam,
2903 2774 2959 2828 id
2994 2779 3082 2829 est
3114 2775 3310 2830 minus
3341 2775 3400 2830 in
3425 2775 3537 2830 fide
3568 2793 3700 2848 per-

2048 2865 2233 2933 fectis,
2263 2863 2526 2918 tenditur
2558 2866 2709 2917 recte
2741 2866 2805 2916 ut
2835 2863 3164 2933 capiantur,
3199 2879 3348 2932 quos
3379 2868 3570 2920 tamen
3594 2865 3700 2920 Do-

2048 2955 2244 3009 minus
2277 2953 2506 3022 liberat,
2539 2951 2804 3006 ducendo
2836 2967 2935 3006 eos
2967 2951 3036 3006 ad
3071 2952 3511 3023 perfectionem,
3544 2954 3701 3024 quod

2045 3043 2206 3108 dicit,
2240 3045 2525 3114 quantum
2559 3041 2682 3112 ipse
2740 3040 3007 3096 liberavit
3060 3057 3147 3096 me
3174 3041 3238 3097 de
3272 3040 3464 3114 laqueo
3492 3059 3692 3098 venan-

2046 3135 2204 3187 tium.
2235 3131 2490 3185 Verbum
2524 3145 2800 3201 asperum
2849 3133 2938 3185 est
2993 3146 3163 3185 omne
3219 3131 3463 3186 verbum
3495 3131 3686 3187 detra-

2045 3219 2254 3275 ctionis
2283 3217 2372 3273 vel
2405 3217 2806 3272 insultationis
2844 3217 2995 3272 male
3039 3218 3381 3284 viventium,
3429 3219 3605 3275 etiam
3637 3220 3686 3277 si

2043 3309 2154 3363 sibi
2189 3307 2538 3361 blandiendo
2571 3305 2908 3377 loquantur,
2931 3307 3251 3362 dummodo
3274 3312 3338 3361 ut
3359 3308 3681 3376 seducant;

2043 3412 2314 3467 asperum
2342 3396 2581 3449 verbum
2609 3395 2846 3457 dicitur,
2870 3411 2903 3448 a
2929 3412 3043 3466 quo
3065 3395 3237 3449 verbo
3260 3394 3688 3465 asperoliberat

2044 3486 2196 3540 Deus
2219 3500 2376 3554 suos,
2411 3484 2558 3537 dans
2587 3483 2672 3537 eis
2703 3483 3134 3549 fortitudinem,
3166 3487 3230 3537 ut
3251 3499 3439 3555 neque
3460 3482 3688 3539 blandi-

2042 3574 2139 3629 tiis
2172 3573 2398 3638 cedant,
2432 3587 2618 3642 neque
2668 3570 2867 3626 minis.
2899 3572 3066 3640 Nota,
3119 3572 3256 3643 quia
3302 3576 3473 3640 sicut,
3504 3573 3690 3630 tensis

2043 3661 2269 3735 laqueis
2299 3661 2385 3717 vel
2420 3660 2665 3728 retibus,
2700 3657 2889 3715 solent
2921 3661 3146 3732 lapides
3179 3661 3237 3715 in
3263 3678 3430 3732 sepes
3453 3661 3605 3717 mitti
3627 3666 3693 3717 ut

2044 3754 2128 3808 sic
2159 3753 2562 3807 deterreantur
2591 3767 2748 3818 aves,
2781 3753 2847 3804 ut
2876 3750 2946 3804 ad
2998 3749 3275 3821 laqueum
3318 3749 3576 3818 veniant,
3609 3749 3693 3806 sic

2044 3841 2192 3897 solet
2222 3839 2465 3912 proponi
2500 3839 2774 3894 fidelibus
2821 3838 3066 3893 verbum
3117 3854 3391 3910 asperum
3422 3839 3480 3894 in
3515 3837 3696 3894 minis

2044 3935 2100 3986 et
2128 3930 2454 3994 blanditiis,
2486 3934 2572 3995 ut,
2625 3929 2706 3982 vel
2759 3927 2968 3983 timore
3026 3927 3337 3999 perterriti,
3388 3928 3601 3983 cadant
3632 3931 3700 3984 ut

2043 4019 2306 4090 laqueos,
2338 4017 2428 4072 vel
2462 4034 2659 4072 amore
2689 4033 2890 4072 eorum
2922 4033 3048 4088 qua:
3081 4016 3191 4072 sibi
3242 4015 3476 4072 blandis
3505 4015 3696 4073 verbis

2046 4109 2473 4179 proponuntur,
2503 4105 2709 4175 pedem
2733 4105 2993 4160 vinciant
3014 4105 3259 4177 laqueis.
3297 4107 3554 4177 Scapulis
3581 4108 3699 4163 suis

2045 4195 2417 4252 obumbravit
2447 4194 2568 4260 tibi,
2601 4198 2652 4248 et
2701 4195 2799 4250 sub
2843 4197 3044 4264 pennis
3081 4198 3198 4265 eius
3225 4197 3494 4268 sperabis,
3528 4195 3698 4268 quasi

2045 4285 2237 4339 dicat:
2297 4285 2445 4339 Dicet
2507 4284 2756 4350 Domino,
2811 4284 2964 4340 dicet
3003 4285 3287 4357 proximo,
3338 4285 3491 4340 dicet
3519 4286 3697 4339 etiam

2047 4373 2154 4429 sibi
2180 4372 2623 4444 aggratulando.
2645 4373 2844 4428 Merito
2868 4375 3132 4444 sperabis
3153 4373 3210 4427 in
3235 4389 3392 4439 eum,
3418 4371 3696 4444 quoniam

2044 4462 2393 4518 obumbravit
2422 4462 2546 4526 tibi,
2584 4462 2639 4516 id
2690 4467 2780 4517 est
2808 4467 3068 4534 proteget
3110 4466 3166 4517 te
3189 4460 3434 4516 interius
3453 4460 3700 4531 scapulis

292 4555 453 4610 enim
487 4553 816 4625 exemplum
849 4549 1202 4606 humilitatis
1224 4550 1458 4622 reliquit
1478 4552 1669 4618 nobis,
1694 4554 1850 4623 quia,
1875 4553 1938 4608 li-
1967 4561 2013 4625 D
2043 4555 2178 4618 suis,
2213 4551 2271 4606 in
2303 4549 2614 4622 praisentia
2643 4567 2752 4605 sua
2779 4555 2834 4605 te
2875 4551 3212 4605 custodiens
3243 4548 3488 4618 scilicet,
3519 4553 3577 4605 et
3606 4547 3694 4604 di-

281 4649 376 4700 cet
433 4648 588 4699 esset
627 4643 802 4705 homo
859 4640 1144 4694 immunis
1176 4657 1209 4694 a
1239 4643 1488 4711 peccato,
1523 4640 1656 4695 licet
1686 4642 1934 4698 Verbum

278 4734 474 4789 Patris
493 4730 878 4806 personaliter
899 4734 1052 4784 esset
1075 4728 1326 4797 unitum,
1353 4745 1465 4782 non
1490 4733 1685 4785 tamen
1715 4731 1782 4785 ad
1808 4732 1931 4785 vin-

281 4823 503 4878 dictam
548 4826 750 4878 contra
789 4825 1110 4874 tentatores
1137 4819 1469 4873 insurrexit.
1514 4819 1646 4889 Sed,
1675 4836 1807 4874 cum
1841 4820 1932 4874 di-

284 4918 450 4971 ctum
472 4915 560 4967 est
575 4910 686 4966 sibi
701 4927 719 4964 :
737 4911 1076 4965 Dzemonium
1094 4908 1276 4973 habes,
1290 4906 1592 4962 humiliter
1604 4909 1930 4980 respondit:

277 5003 631 5060 Damno-nium
698 5017 809 5053 non
877 4999 1042 5053 habeo
1138 4999 1316 5066 (Joan.
1372 4998 1491 5067 vn).
1564 4997 1692 5069 Ipse
1758 4999 1933 5053 etiam

282 5095 546 5147 tentatus
575 5092 682 5158 est,
717 5089 893 5160 idque
923 5089 1048 5142 ideo
1083 5103 1151 5141 ne
1205 5104 1239 5142 a
1293 5092 1579 5142 tentatore
1608 5087 1936 5142 vinceretur

281 5180 692 5245 Christianus;
727 5194 840 5232 non
876 5176 982 5230 fuit
1012 5175 1120 5229 sibi
1174 5176 1416 5230 tentatio
1448 5176 1795 5244 necessaria,
1832 5177 1930 5232 sed

279 5269 397 5326 fuit
427 5273 629 5324 nostra
653 5266 937 5322 doctrina.
971 5263 1354 5319 Ambulemus
1386 5281 1522 5336 ergo
1546 5265 1600 5318 in
1628 5265 1723 5320 illo
1747 5265 1846 5335 qui
1870 5282 1932 5320 se

277 5377 388 5433 pro
422 5357 591 5413 nobis
620 5357 774 5412 viam
808 5355 961 5423 fecit,
1013 5353 1171 5424 quia,
1221 5353 1269 5408 si
1312 5354 1370 5407 in
1405 5353 1502 5407 illo
1534 5354 1925 5419 ambulamus,

276 5450 456 5507 ducet
486 5464 593 5502 nos
624 5447 694 5502 ad
727 5463 788 5501 se
817 5446 994 5500 vitam
1055 5460 1157 5515 per
1211 5442 1386 5496 viam.
1448 5443 1595 5496 Dicit
1627 5448 1821 5497 autem
1849 5443 1930 5498 sic

275 5537 573 5609 Propheta
597 5553 608 5591 :

351 5626 460 5694 Qui
488 5625 698 5681 habitat
729 5626 788 5678 in
818 5623 1089 5695 adjutorio
1149 5621 1436 5686 Altissimi,
1500 5620 1556 5673 in
1599 5623 1929 5690 proiectione

2049 4646 2206 4698 ctum
2240 4640 2418 4708 estad
2447 4638 2917 4704 similitudinem,
2943 4639 3099 4710 quia,
3126 4638 3227 4710 qui
3249 4638 3400 4695 inter
3423 4637 3694 4711 speculas

2044 4735 2205 4786 tenet
2234 4729 2488 4801 aliquem
2523 4726 2737 4800 pectori
2770 4744 2877 4782 suo
2917 4729 3316 4798 conjunctum,
3349 4728 3516 4801 quasi
3546 4721 3695 4801 prte-

2047 4826 2270 4876 sentem
2307 4819 2501 4885 habet,
2522 4816 2604 4872 sic
2628 4815 2913 4872 Dominus
2934 4816 3103 4886 quasi
3124 4819 3364 4889 scapulis
3383 4819 3697 4876 obumbra-

2044 4909 2128 4963 vit
2157 4925 2333 4979 quem
2366 4907 2476 4961 sibi
2511 4909 2857 4978 praesentem
2891 4905 3046 4971 facit,
3080 4907 3234 4978 quod
3269 4907 3430 4975 dicit,
3454 4907 3695 4975 scapulis

2043 5000 2162 5052 suis
2194 4997 2544 5051 obumbrabit
2592 4995 2718 5063 tibi,
2772 4999 2824 5050 et
2874 4995 2974 5051 sub
3025 4998 3222 5066 pennis
3277 4997 3400 5067 ejus
3428 4995 3695 5066 sperabis,

2045 5091 2343 5158 protectus
2375 5089 2493 5139 tam
2525 5084 2583 5138 in
2618 5089 2673 5138 te
2703 5100 2881 5155 quam
2914 5086 2973 5139 in
3006 5085 3145 5139 tuis.
3173 5089 3300 5138 Haec
3329 5083 3607 5139 dicuntur
3625 5084 3699 5139 de

2043 5174 2451 5238 similitudine,
2483 5189 2596 5228 non
2625 5174 2696 5228 de
2720 5173 3090 5246 proprietate,
3111 5172 3250 5244 quia
3270 5172 3696 5240 solentaves,et

2044 5264 2296 5319 maxime
2326 5261 2554 5334 gallinaz
2586 5261 2776 5333 pullos
2822 5279 2962 5317 suos
2999 5261 3109 5315 sub
3142 5261 3250 5316 alis
3283 5266 3601 5335 protegere,
3635 5264 3695 5316 et

2041 5354 2120 5409 ibi
2147 5355 2355 5407 fovere.
2382 5350 2612 5405 Gallina
2635 5350 2810 5405 etiam
2837 5367 2938 5423 pro
2979 5350 3164 5404 nimia
3186 5350 3488 5406 affectione
3509 5365 3688 5423 quam

2041 5442 2215 5496 habet
2235 5456 2371 5510 erga
2395 5439 2583 5510 pullos
2606 5456 2744 5494 suos
2767 5456 2827 5494 se
2849 5437 3144 5510 hispidam
3168 5443 3225 5494 et
3245 5438 3494 5494 debilem
3530 5438 3684 5510 facit,

2041 5531 2118 5585 ita
2153 5530 2433 5585 Dominus
2469 5545 2606 5584 suos
2637 5527 2807 5599 quasi
2839 5528 2947 5582 sub
2979 5527 3187 5598 pennis
3215 5530 3382 5594 fovet,
3417 5545 3564 5599 quos
3596 5528 3684 5586 ni-

2039 5620 2160 5675 mia
2190 5617 2492 5674 affectione
2523 5635 2630 5673 sua
2661 5617 2916 5672 custodit
2946 5633 3018 5672 ne
3050 5617 3192 5673 ﬁant
3222 5617 3416 5690 praeda
3445 5617 3682 5677 diaboli.
