4024 6192
366 293 483 353 627

934 296 1231 359 REMIGIl
1283 296 2046 366 ANTISSIODORENSIS,
2079 297 2253 359 OPP.
2304 296 2503 360 PARS
2547 296 2597 359 Ῑ.
2629 330 2707 344 -
2738 294 3209 361 EXEGETICA.

3649 293 3788 367 638

370 425 470 480 Vel
504 425 706 483 aliter:
740 428 987 501 Scapulis
1014 433 1128 484 suis
1158 430 1640 491 obumbrabittibz.
1666 431 1863 487 Solent
1882 449 2016 487 aves
2047 435 2098 496 Α
2126 429 2310 485 decem
2329 430 2790 486 milliaadextris
2836 432 2967 486 tuis.
3018 427 3197 496 Quasi
3243 425 3400 484 dicat
3444 426 3782 500 Propheta:

372 517 664 588 quaedam,
698 522 762 571 ut
791 518 1007 589 aquila,
1043 518 1235 590 pullos
1267 536 1408 574 suos
1437 519 1692 591 scapulis
1714 526 1946 592 portare
1963 524 2020 576 et

372 603 454 660 sic
486 606 943 677 circumducere,
987 608 1171 663 donec
1229 608 1459 663 discant
1513 607 1726 673 volare,
1762 625 1854 677 ne,
1884 626 2019 665 cum

372 693 646 767 primitus
677 695 871 751 volare
917 696 1286 769 incmperiut,
1328 714 1530 753 casum
1590 697 1908 770 patiantur,
1940 699 2021 756 ita

372 783 680 851 Dominus,
709 785 849 840 dum
872 784 1091 840 infirmi
1125 803 1357 852 sumus,
1381 790 1570 858 portat
1590 804 1696 843 nos
1716 788 1897 844 donec
1913 805 2020 843 nos

372 872 654 944 perﬁciat,
687 889 758 929 ne
790 874 839 930 si
872 891 982 930 nos
1028 874 1335 943 dimiserit,
1371 892 1612 931 causam
1671 893 1773 947 pro
1804 876 2017 949 imper-

372 960 618 1017 fectione
648 962 962 1034 patiamur,
995 965 1151 1036 quod
1197 964 1355 1020 dicit.
1401 964 1656 1036 Scapulis
1696 967 1811 1020 suis
1835 966 2021 1020 obum-

373 1048 557 1105 brabit
584 1051 707 1122 tibi,
740 1051 798 1106 id
831 1056 919 1107 est
973 1053 1243 1108 defendet
1294 1057 1350 1109 te
1408 1054 1465 1108 in
1526 1054 1644 1109 tuis
1675 1059 1733 1109 et
1758 1055 1854 1110 sub
1880 1070 2019 1126 pen-

370 1138 461 1193 nis
491 1140 630 1211 ejus,
664 1139 722 1195 id
754 1145 843 1195 est
874 1142 983 1196 sub
1017 1141 1301 1197 charitate
1328 1142 1427 1198 Dei
1453 1147 1510 1198 et
1537 1142 1786 1215 proximi
1808 1144 2019 1199 obum-

372 1227 576 1284 bratus
633 1230 896 1300 sperabit
954 1230 1012 1284 in
1071 1231 1210 1286 tuis.
1261 1230 1363 1286 Vel
1395 1231 1877 1304 aliter:Scapulis
1904 1234 2021 1288 suis

372 1315 717 1373 obumbrabit
743 1319 865 1372 tibi.
903 1318 1060 1375 Solet
1093 1319 1368 1375 fortitudo
1408 1320 1598 1377 notari
1649 1320 1707 1375 in
1739 1320 2016 1394 scapulis.

373 1405 672 1461 Fortitudo
703 1412 897 1462 autem
930 1407 1164 1464 Domini
1219 1413 1457 1464 notatur
1503 1409 1561 1464 in
1603 1410 1687 1466 eis
1718 1410 2019 1466 miraculis

373 1494 590 1566 quibus
621 1495 745 1567 ipse
775 1497 1088 1553 obumbrat
1118 1514 1258 1553 suos
1290 1502 1346 1553 et
1369 1501 1677 1565 sustentat,
1701 1497 1859 1570 quia,
1885 1515 2018 1554 cum

370 1583 563 1639 verbis
583 1600 785 1641 eorum
803 1586 973 1658 signa
994 1587 1167 1642 fidem
1183 1586 1659 1658 subministrant,
1681 1587 1795 1659 ipsi
1818 1586 2021 1659 praedi—

373 1677 598 1729 catores
620 1690 723 1745 per
743 1674 1028 1730 miracula
1050 1675 1218 1747 quasi
1243 1675 1585 1731 fortitudine
1607 1677 1859 1748 quadam
1895 1694 2021 1733 sus-

370 1765 692 1830 tentantur,
716 1764 856 1835 quia
877 1765 1251 1821 ferventiores
1268 1767 1416 1821 ﬁunt
1438 1766 1495 1821 in
1518 1766 1652 1837 ﬁde,
1671 1766 1905 1838 quando
1920 1783 2023 1839 per

374 1851 658 1908 miracula
690 1853 809 1909 veri
840 1854 1249 1925 przedicatores
1305 1854 1803 1927 comprobantur;
1837 1860 1888 1912 et
1925 1855 2023 1910 sub

371 1944 566 2013 pennis
593 1943 712 2011 eius
740 1943 1005 2012 sperabis,
1039 1943 1097 1998 id
1128 1948 1217 1999 est
1264 1942 1322 1998 in
1381 1944 1685 2015 praaceptis
1716 1943 2021 2000 mandato-

373 2047 504 2085 rum
536 2034 800 2099 tuorum,
851 2031 1065 2103 quibus
1124 2031 1326 2087 fideles
1383 2032 1441 2087 in
1501 2049 1705 2089 auram
1738 2032 2024 2089 libertatis

375 2119 543 2192 quasi
577 2137 678 2192 per
702 2138 925 2193 pennas
981 2121 1382 2193 deportantur.
1444 2122 1604 2177 Scuto
1661 2121 2025 2177 circumdabit

373 2218 424 2265 te
453 2211 652 2266 veritas
679 2212 815 2282 ejus,
849 2214 906 2266 et
937 2209 1064 2265 ideo
1095 2227 1211 2265 non
1255 2210 1547 2266 timebunt
1578 2210 1678 2283 qui
1710 2210 1823 2266 tuti
1854 2217 2024 2267 erunt

375 2315 409 2354 a
427 2298 658 2356 timore.
682 2300 723 2355 A
751 2301 958 2371 sagitta
986 2304 1200 2355 volante
1228 2301 1289 2354 in
1318 2299 1466 2362 die.a
1493 2301 1708 2371 negotio
1727 2300 2022 2371 perambu-

375 2389 603 2444 lantein
622 2390 874 2458 tinebris,
896 2389 968 2444 ab
1013 2391 1237 2444 incursu
1260 2396 1313 2443 et
1357 2389 1633 2446 daemonio
1678 2389 2012 2445 meridiano.

374 2476 477 2532 Hic
508 2478 780 2549 proponit
808 2479 924 2533 duo
954 2482 1013 2533 et
1040 2477 1141 2532 illa
1186 2477 1467 2550 geminat,
1504 2483 1572 2533 ut
1600 2478 1745 2533 ﬁant
1774 2483 2025 2551 quatuor

375 2564 590 2636 quibus
610 2564 1039 2639 impugnantur
1060 2565 1259 2622 fideles
1295 2583 1443 2637 quos
1465 2566 1792 2622 circumdat
1809 2567 2022 2623 veritas

372 2652 1226 2725 Domini.1mpugnanturenim
1243 2652 1348 2709 levi
1366 2655 1764 2724 persecutione
1778 2655 2020 2729 etgravi,

373 2741 592 2815 quibus
613 2742 827 2797 cedunt
845 2740 928 2796 illi
953 2741 1051 2815 qui
1066 2741 1259 2797 adhuc
1277 2743 1595 2814 suntquasi
1610 2760 1742 2813 nox,
1763 2743 2026 2799 nescien—

372 2835 460 2887 tes
493 2831 734 2887 reddere
761 2829 1194 2887 Christianismi
1226 2829 1317 2885 sui
1374 2831 1702 2887 rationem:
1734 2837 1795 2887 et
1820 2832 2022 2905 impu-

373 2925 632 2994 gnantur
650 2921 825 2976 etiam
843 2919 951 2975 levi
972 2924 1029 2975 et
1048 2919 1207 2991 gravi
1231 2922 1656 2991 persecutione,
1682 2921 1899 2993 quibus
1917 2922 2019 2979 ite-

372 3027 506 3065 rum
538 3009 753 3065 cedunt
782 3009 1045 3081 quidam,
1091 3008 1189 3080 qui
1250 3008 1419 3080 quasi
1479 3009 1605 3065 dies
1638 3016 1796 3081 sunt,
1830 3012 2018 3068 scien-

372 3102 461 3153 tes
491 3097 752 3153 videlicet
795 3097 1037 3152 reddere
1096 3097 1381 3153 rationem
1441 3098 1874 3156 Christianismi
1904 3101 2015 3157 sui.

2128 518 2327 574 Merito
2341 519 2489 574 dicis
2503 519 2609 576 tibi
2637 519 3083 592 aggratulando,
3094 533 3205 574 non
3219 518 3442 574 timebis
3453 516 3786 574 adaemonio

2125 609 2466 678 meridiano,
2499 608 2639 680 quia
2671 607 2840 664 multi
2876 624 2981 681 per
3003 606 3356 663 daemonium
3384 605 3785 662 meridianum

2127 697 2260 752 victi
2280 703 2439 753 sunt.
2456 698 2602 753 Nam
2621 696 2706 752 illi
2724 697 2899 754 etiam
2918 696 3018 769 qui
3034 700 3322 769 quantum
3341 696 3414 751 ad
3440 694 3786 768 opinionem

2127 802 2298 842 suam
2322 791 2515 842 tecum
2538 787 2597 842 in
2613 786 2932 859 judiciaria
2956 786 3094 841 sede
3115 785 3335 841 sessuri
3357 788 3527 841 erant
3549 790 3617 840 ut
3635 784 3787 841 alios

2119 875 2475 948 judicarent,
2507 875 2777 932 veniente
2807 876 3030 932 fervore
3058 872 3477 945 tribulationis,
3510 873 3789 945 perdide-

2128 968 2266 1019 runt
2282 964 2340 1018 id
2364 965 2518 1036 quod
2542 970 3009 1037 praesumptuose
3032 964 3145 1020 sibi
3167 963 3610 1036 promittebant.
3636 964 3788 1021 Nota

2127 1051 2284 1125 quia,
2314 1053 2481 1109 Petro
2498 1054 2895 1126 interrogante
2910 1056 2965 1109 et
2987 1052 3236 1115 dicente.
3269 1055 3402 1109 Ecce
3419 1068 3520 1108 nos
3540 1052 3787 1125 reliqui-

2126 1157 2247 1196 mus
2278 1143 2488 1211 omnia,
2518 1149 2571 1197 et
2596 1143 2771 1197 secuti
2797 1158 2985 1197 sumus
3017 1145 3090 1212 te,
3123 1141 3255 1213 quid
3299 1155 3427 1213 ergo
3454 1142 3562 1197 erit
3591 1142 3788 1221 nobis?

2128 1230 2428 1302 respondit
2476 1230 2795 1286 Dominus:
2854 1233 2915 1287 In
2971 1231 3401 1302 regeneratione,
3431 1246 3561 1286 cum
3584 1230 3789 1287 sederit

2127 1318 2306 1375 Filius
2336 1319 2592 1392 hominis.
2628 1321 2691 1374 in
2744 1320 2868 1376 sede
2923 1321 3229 1390 maiestatis
3268 1334 3408 1387 suae,
3438 1321 3708 1376 sedebitis
3736 1327 3789 1376 et

2129 1424 2237 1475 vos,
2261 1409 2586 1479 judicantes
2616 1408 2904 1464 duodecim
2932 1409 3113 1465 tribus
3170 1409 3344 1466 Israel
3400 1407 3611 1481 (Matth.
3644 1411 3785 1481 xxx).

2128 1497 2245 1553 Hoc
2263 1498 2628 1553 attendentes
2643 1496 2879 1570 plurimi
2904 1515 3014 1554 sua
3035 1497 3419 1570 reliquerunt,
3433 1503 3498 1555 et
3511 1514 3575 1554 se
3590 1515 3788 1555 sessu-

2129 1603 2225 1642 ros
2255 1602 2387 1642 cum
2420 1586 2668 1642 Domino
2711 1588 2782 1642 ad
2827 1587 3218 1657 judicandum
3270 1587 3610 1660 sperabant.
3647 1589 3784 1660 Sed,

2129 1674 2344 1747 quiain
2375 1675 2526 1731 bono
2550 1675 2702 1746 quod
2754 1674 3063 1741 faciebant,
3098 1691 3214 1731 non
3237 1676 3308 1731 de
3336 1675 3474 1745 Deo,
3499 1677 3606 1732 sed
3629 1678 3704 1733 de
3723 1696 3788 1735 se

2132 1764 2586 1836 praesumebant,
2620 1764 2957 1820 ceciderunt
2982 1782 3016 1819 a
3045 1762 3225 1820 latere
3272 1763 3530 1831 Domini,
3561 1782 3598 1821 a
3618 1767 3788 1837 judi-
3833 1824 3842 1835 ,

2131 1852 2313 1908 ciaria
2348 1852 2630 1923 sede,non
2651 1852 2808 1924 quod
2832 1852 2910 1908 ibi
2935 1852 3194 1924 fuerunt,
3216 1853 3318 1908 sed
3340 1854 3482 1925 quia
3498 1853 3616 1911 sibi
3640 1873 3785 1928 pra:-

2132 1945 2480 2014 sumptuose
2511 1941 2952 2014 promittebant,
2979 1942 3136 2014 quod
3188 1941 3365 1997 dicit:
3399 1941 3608 2000 Cadent
3636 1961 3674 2000 a
3700 1946 3787 2001 la-

2130 2036 2247 2087 tere
2304 2037 2400 2085 tuo
2444 2031 2603 2087 mille
2657 2035 2710 2087 et
2737 2031 2922 2087 decem
2958 2032 3145 2087 millia
3171 2049 3205 2086 a
3230 2032 3445 2088 dextris
3472 2036 3605 2089 tuis.
3637 2035 3787 2092 Sunt

2131 2121 2306 2177 etiam
2341 2119 2535 2188 multi,
2563 2120 2686 2192 qui,
2718 2120 3085 2177 attendentes
3111 2121 3295 2177 Deum
3322 2123 3782 2196 praecipientem,

2135 2209 2308 2265 Vende
2337 2211 2529 2265 omnia
2571 2224 2699 2281 quae
2755 2209 2940 2275 habes,
2980 2214 3034 2265 et
3087 2209 3159 2265 da
3212 2211 3546 2283 pauperibus
3574 2212 3781 2285 (Ibid),

2131 2300 2395 2354 vendunt
2417 2299 2616 2354 omnia
2637 2315 2766 2370 qua:
2788 2298 3031 2366 habent,
3057 2303 3117 2355 et
3143 2298 3506 2372 largissimas
3533 2300 3783 2358 eleemo-

2133 2403 2308 2460 synas
2340 2388 2582 2457 faciunt,
2616 2387 2716 2442 sed
2749 2387 2891 2460 quia
2918 2387 3027 2443 hoc
3058 2403 3174 2443 non
3217 2388 3277 2442 in
3306 2394 3625 2461 conspectu
3657 2391 3781 2459 Dei,

2132 2478 2233 2534 sed
2261 2477 2333 2532 ad
2365 2477 2623 2532 favorem
2682 2476 2989 2533 hominum
3047 2476 3292 2544 faciunt,
3350 2476 3484 2535 ideo
3513 2479 3724 2538 cadent
3750 2499 3786 2538 a

2132 2565 2349 2622 dextris
2381 2565 2630 2633 Domini,
2664 2582 2780 2620 non
2813 2565 2968 2637 quod
3003 2564 3082 2620 ibi
3130 2565 3388 2633 fuerunt,
3419 2567 3523 2623 sed
3553 2570 3693 2641 quia
3720 2586 3786 2627 se

2131 2659 2406 2711 venturos
2439 2656 2743 2727 putabant.
2778 2654 2949 2724 Nota,
2981 2653 3123 2726 quia
3172 2653 3374 2727 plures
3422 2662 3564 2713 sunt
3591 2659 3693 2731 qui
3722 2660 3786 2716 in

2131 2743 2349 2800 dextris
2365 2744 2671 2815 judicandi
2695 2747 2836 2799 sunt
2855 2759 3029 2813 quam
3052 2742 3138 2798 illi
3161 2743 3262 2816 qui
3284 2744 3345 2800 in
3368 2744 3550 2804 latere
3567 2750 3790 2806 sessuri

2131 2838 2270 2889 sunt
2291 2833 2653 2904 judicantes,
2687 2833 2817 2890 ideo
2847 2833 3011 2899 dixit,
3035 2832 3281 2889 cadenta
3302 2834 3476 2891 latere
3497 2840 3591 2893 tuo
3612 2839 3787 2911 mille,

2128 2930 2179 2978 et
2207 2922 2387 2978 decem
2413 2922 2602 2977 millia
2628 2939 2664 2978 a
2718 2922 2929 2979 dextris
2982 2923 3112 2989 tuis,
3172 2922 3244 2979 ad
3274 2927 3326 2979 te
3352 2929 3555 2996 autem,
3588 2926 3648 2982 id
3676 2931 3789 2997 est,

2128 3010 2200 3067 ad
2232 3014 2365 3067 tuos
2395 3027 2503 3067 non
2535 3012 3005 3083 appropinquabit
3036 3027 3207 3068 casus
3238 3010 3352 3076 ille,
3384 3012 3525 3083 quia
3547 3014 3661 3070 etsi
3683 3032 3791 3087 ap—

2131 3099 2487 3172 propinquat
2534 3104 2896 3155 tormentum
2953 3099 3135 3167 carni,
3192 3103 3381 3155 tamen
3437 3116 3555 3156 non
3615 3101 3784 3159 laedit

371 3186 481 3243 Sed
515 3186 655 3259 quia
679 3186 920 3242 veritate
951 3185 1121 3258 quasi
1149 3190 1298 3242 scuto
1329 3191 1470 3241 sunt
1518 3186 1886 3258 circumdati,
1919 3189 2015 3246 hic
2046 3171 2089 3239 α
2129 3171 2323 3245 locum
2357 3188 2510 3244 ﬁdei.
2550 3193 2940 3245 Verumtamen
2993 3190 3170 3245 oculis
3223 3191 3330 3244 tuis
3381 3189 3771 3259 considerabis,

373 3274 653 3332 omnibus
682 3274 887 3332 tentati
918 3281 1266 3348 permanent
1295 3274 1458 3331 illaesi
1489 3294 1502 3333 :
1537 3277 1689 3348 quod
1715 3278 1874 3346 dicit,
1903 3281 2021 3337 Non

374 3367 593 3422 timebis
641 3366 890 3422 interius
973 3382 1007 3420 a
1075 3366 1275 3420 timore
1347 3373 1633 3437 nocturno,
1706 3367 1764 3423 id
1819 3373 1926 3439 est,
1986 3386 2021 3424 a

374 3452 777 3527 persecutione
808 3454 916 3510 levi
958 3470 1089 3526 quas
1146 3455 1209 3508 ﬁt
1264 3454 1690 3526 ignorantibus,
1723 3457 1822 3528 qui
1851 3456 2019 3528 quasi

372 3561 487 3599 nox
543 3549 682 3600 sunt
740 3544 932 3599 adhuc
990 3548 1226 3615 propter
1282 3543 1671 3615 ignorantiam
1752 3546 2015 3617 rationis,

373 3649 549 3705 quam
577 3633 853 3689 deberent
871 3633 1109 3689 reddere
1130 3649 1232 3705 pro
1259 3631 1372 3687 fide
1392 3649 1516 3688 sua.
1566 3635 1624 3688 In
1671 3633 1880 3690 timore
1908 3652 2016 3692 no-

368 3728 528 3779 tatur
557 3723 885 3797 persecutio
908 3721 1069 3792 levis,
1094 3721 1372 3793 quoniam
1419 3721 1596 3777 timor
1641 3723 1787 3778 solet
1807 3740 2013 3795 praece-

365 3813 501 3869 dere
531 3813 776 3868 factum.
808 3813 928 3868 Non
957 3811 1175 3866 timebis
1205 3810 1378 3865 etiam
1418 3827 1451 3865 a
1481 3812 1683 3881 sagitta
1710 3812 1927 3868 volante
1954 3816 2012 3869 in

364 3901 473 3956 die.
510 3902 614 3956 Per
640 3901 915 3973 sagittam
940 3903 1178 3955 notatur
1201 3897 1527 3971 persecutio
1549 3896 1713 3971 levis,
1752 3900 1892 3971 quia
1919 3918 2013 3957 sa-

364 3989 513 4060 gitta
564 3988 750 4043 levius
806 3988 1075 4044 vulnerat
1129 4005 1304 4061 quam
1362 3985 1629 4059 gladius:
1687 3989 1841 4059 quod
1873 3990 2015 4046 dicit

357 4077 579 4132 volante
605 4078 666 4131 in
697 4077 787 4130 die
814 4081 978 4131 notat
1008 4093 1134 4131 eam
1170 4076 1295 4132 ﬁeri
1322 4076 1382 4131 in
1415 4074 1533 4133 illis
1564 4076 1663 4148 qui
1685 4082 1824 4134 sunt
1843 4080 2011 4152 quasi

358 4163 504 4233 dies,
537 4164 791 4220 scientes
837 4165 1123 4219 rationem
1180 4165 1420 4220 reddere
1471 4165 1608 4220 ﬁdei
1667 4182 1824 4234 sum;
1856 4169 2009 4238 quod

2129 3280 2178 3334 et
2207 3278 2625 3334 retributionem
2642 3282 2991 3350 peccatorum
3020 3278 3247 3335 videbis.
3280 3277 3367 3334 Illi
3395 3279 3587 3335 cadent
3624 3297 3660 3334 a
3690 3280 3779 3336 ια-

2128 3375 2237 3422 tere
2257 3371 2348 3422 tuo
2363 3372 2596 3440 pr0pter
2617 3367 2673 3422 in
2675 3367 2972 3439 justitiam
2986 3368 3415 3440 persecutionis
3426 3384 3787 3442 persequen-

2126 3456 2275 3511 tium
2303 3460 2378 3524 te,
2403 3456 2504 3512 sed
2522 3460 2717 3511 tamen
2739 3454 2826 3510 illi
2867 3461 3297 3529 persecutores.
3349 3455 3485 3513 licet
3513 3456 3787 3527 ﬂoreant,

2126 3561 2243 3602 non
2266 3545 2507 3618 impune
2527 3544 2818 3618 persecuti
2840 3550 2980 3601 sunt
3000 3562 3120 3602 eos.
3142 3546 3433 3610 Quoniam
3456 3547 3631 3602 oculis
3652 3550 3783 3620 tuis,

2124 3634 2181 3689 id
2205 3639 2314 3704 est,
2338 3639 2444 3691 tua
2463 3633 2811 3692 discretione
2832 3634 3198 3691 considerabis
3239 3635 3351 3692 hoc
3399 3651 3514 3691 non
3541 3635 3785 3709 impune

2124 3724 2345 3779 factum
2368 3740 2517 3788 esse,
2540 3732 2592 3780 et
2623 3723 2846 3794 videbis,
2872 3723 2930 3779 id
2981 3728 3070 3781 est
3089 3723 3270 3780 videri
3298 3724 3480 3781 facies
3525 3724 3640 3781 hoc
3659 3742 3786 3783 esse

2124 3813 2192 3868 ad
2227 3812 2668 3872 tribulationem
2714 3818 3088 3885 peccatorum
3138 3814 3295 3885 quod
3327 3812 3478 3870 alios
3508 3816 3782 3887 persequi

2122 3901 2565 3974 permittuntur.
2597 3901 2697 3958 Vel
2729 3902 2835 3974 sic,
2869 3901 2955 3957 ilii
2987 3902 3263 3959 videntur
3290 3903 3498 3959 cadere
3526 3920 3563 3959 a
3588 3903 3779 3976 latere,

2120 3999 2216 4046 tuo
2232 4000 2284 4046 et
2305 3991 2519 4046 dextris
2539 3992 2669 4058 tuis,
2700 3995 3079 4047 verumtamen
3108 3991 3283 4047 oculis
3322 3993 3439 4047 tuis
3467 3993 3787 4049 considera-

2121 4080 2223 4148 bis,
2253 4080 2313 4135 id
2345 4084 2452 4148 est,
2513 4084 2618 4136 tua
2674 4080 2949 4137 discretio
3007 4080 3118 4136 hoc
3174 4081 3439 4137 attendet
3490 4080 3632 4138 illos
3665 4100 3786 4139 non

2119 4168 2301 4225 fuisse
2323 4186 2357 4224 a
2380 4168 2751 4236 dextristuis,
2775 4187 2965 4242 neque
2986 4171 3059 4227 ad
3080 4170 3234 4227 latus
3252 4176 3443 4240 tuum,
3465 4176 3525 4228 et
3546 4174 3784 4241 videbis,

359 4253 519 4321 dicit,
556 4269 670 4309 non
703 4251 995 4308 timebunt
1023 4252 1111 4307 tui
1143 4269 1176 4306 a
1226 4254 1427 4322 sagitta
1474 4255 1688 4311 volante
1717 4257 1775 4311 in
1806 4255 1916 4326 die,
1951 4256 2007 4312 id
2115 4256 2174 4312 id
2201 4262 2308 4323 est,
2345 4256 2489 4314 alios
2509 4258 2704 4315 videre
2726 4260 2927 4330 facies,
2971 4259 3079 4316 hoc
3100 4276 3230 4317 esse
3249 4261 3333 4318 eis
3355 4262 3787 4320 retributionem

356 4348 466 4412 est,
528 4361 562 4400 a
618 4341 1023 4416 persecutione
1079 4340 1187 4398 levi
1243 4356 1370 4408 quae
1411 4341 1477 4396 fit
1508 4343 1850 4400 scientibus.
1891 4346 2005 4401 Non
2118 4351 2465 4418 peccatorum
2486 4350 2640 4420 quod
2688 4349 2925 4416 cadunt,
2951 4349 3089 4421 quia
3132 4349 3330 4406 nonin
3351 4354 3428 4418 te,
3461 4366 3568 4407 seu
3599 4351 3662 4408 in
3697 4370 3785 4421 se,

355 4434 574 4490 timebis
603 4432 778 4488 etiam
804 4431 864 4487 in
886 4431 1007 4487 tuis
1031 4448 1064 4485 a
1096 4432 1308 4502 negotio
1327 4431 1748 4502 perambulante
1768 4435 1831 4489 in
1861 4438 2007 4491 tene-
2118 4435 2175 4489 in
2200 4435 2518 4492 benefactis
2550 4436 2678 4493 suis
2717 4436 2948 4507 gloriati
2971 4444 3130 4494 sunt.
3159 4436 3255 4495 Vel
3278 4437 3448 4495 aliter
3478 4440 3725 4497 :cadent
3750 4458 3785 4497 α

354 4523 487 4585 bris,
522 4523 577 4577 id
612 4527 722 4590 est,
778 4539 812 4577 a
871 4520 1276 4593 persecutione
1331 4518 1659 4575 vehementi
1720 4539 1868 4593 quae,
1903 4538 2007 4594 pro
2038 4542 2084 4606 Ι)
2116 4525 2285 4580 latere
2305 4533 2394 4580 tuo
2418 4526 2574 4582 mille
2597 4526 2765 4598 quasi
2787 4525 2945 4583 dicat
2964 4527 3290 4600 Propheta:
3333 4528 3539 4585 Merito
3564 4546 3784 4604 aggra-

354 4610 781 4682 magnitudine,
807 4611 1106 4679 negotium
1133 4607 1301 4681 quasi
1318 4624 1523 4680 negans
1550 4611 1729 4665 otium
1750 4610 2001 4678 dicitur;
2116 4612 2362 4668 tutando
2411 4613 2559 4668 dicis
2582 4614 2709 4679 tibi,
2740 4614 2798 4669 in
2846 4614 2965 4671 tuis
2993 4633 3111 4671 non
3137 4617 3378 4689 timebis,
3407 4617 3552 4690 quia
3579 4620 3786 4676 cadent

351 4714 478 4770 quae
508 4698 880 4770 perambulat
909 4702 967 4755 in
1000 4700 1259 4766 tenebris,
1303 4697 1629 4754 nescientes
1658 4699 2004 4770 temporalia
2114 4719 2148 4756 a
2176 4702 2347 4757 latere
2377 4710 2487 4770 tuo,
2512 4702 2571 4757 id
2594 4707 2702 4768 est,
2731 4704 2802 4759 ab
2826 4703 2918 4760 bis
2941 4704 3042 4776 qui
3066 4721 3197 4761 vere
3229 4710 3371 4762 sunt
3394 4707 3457 4761 in
3476 4706 3667 4764 latere
3689 4711 3785 4765 tuo

351 4802 482 4843 esse
511 4788 959 4855 contemnenda,
990 4792 1046 4843 et
1066 4793 1282 4843 aeterna
1301 4790 1524 4842 tantum
1558 4788 1867 4858 speranda,
1890 4804 2001 4843 non
2113 4791 2291 4858 mille,
2346 4790 2571 4848 scilicet
2625 4791 2905 4865 pericula,
2969 4793 3080 4858 vel,
3139 4795 3296 4851 mille
3334 4795 3697 4854 tentationes
3728 4788 3786 4855 et

349 4876 567 4932 timebis
589 4875 766 4930 etiam
799 4876 865 4929 ab
900 4879 1127 4931 incursu
1157 4885 1205 4931 et
1252 4876 1528 4933 daemonio
1575 4875 1907 4944 meridiano,
1942 4877 2000 4934 id
2110 4879 2293 4937 decem
2323 4881 2509 4937 millia
2539 4880 2930 4938 tentationum
2992 4882 3079 4939 vel
3141 4884 3539 4956 periculorum
3572 4888 3782 4944 cadent

351 4971 461 5034 est,
496 4967 567 5022 ab
600 4965 883 5020 instantia
911 4966 1273 5021 vehementis
1315 4965 1737 5036 persecutionis
1778 4982 1905 5037 quas
1941 4968 2002 5021 tit
2108 4987 2147 5026 a
2186 4969 2401 5026 dextris
2454 4971 2594 5037 tuis,
2656 4971 2796 5040 quia
2854 4975 3337 5045 quatumcunque
3394 4974 3783 5048 geminentur

350 5056 676 5112 scientibus
739 5072 800 5111 se
860 5055 927 5109 ad
991 5060 1201 5108 mterna
1250 5058 1504 5125 vocatos,
1557 5055 1772 5110 cedunt
1801 5060 1997 5111 tamen

351 5144 551 5201 nimiis
577 5144 881 5201 molestiis.
910 5144 1017 5199 Per
1037 5142 1392 5198 daemonium
1416 5148 1653 5199 notatur
1673 5143 1995 5215 tribulatio,

349 5248 452 5304 per
475 5234 780 5288 incursum
817 5231 1097 5288 instantia
1136 5230 1534 5286 tribulationis
1561 5248 1572 5286 :
1600 5249 1700 5304 per
1722 5233 1996 5287 meridia-

347 5338 488 5376 num
520 5323 635 5377 duo
666 5328 966 5393 notantur,
1023 5327 1079 5377 et
1135 5321 1321 5376 fervor
1378 5320 1791 5385 tribulationis,
1826 5326 1881 5377 et
1913 5322 1993 5376 illi

346 5411 562 5482 quibus
585 5412 648 5465 ﬁt
668 5411 796 5484 ipsa
824 5411 1143 5476 tribulatio,
1167 5409 1444 5483 quoniam
1476 5415 1534 5465 et
1554 5409 1663 5479 ipsi
1711 5411 1995 5481 quodam-

347 5500 522 5555 modo
545 5500 763 5556 fervere
792 5500 1143 5556 videbantur
1170 5500 1297 5556 ideo
1320 5499 1458 5571 quia
1470 5497 1732 5555 sciebant
1756 5500 1997 5561 reddere

348 5588 632 5643 rationem
656 5588 1109 5645 Christianismi.
1132 5589 1342 5647 Cadent
1369 5605 1401 5643 a
1432 5589 1601 5645 latere
1620 5596 1711 5643 tuo
1734 5588 1916 5655 mille,
1944 5594 1997 5646 et

2110 5057 2368 5129 pericula
2401 5058 2519 5113 sive
2566 5057 2935 5128 tentationes,
2986 5076 3103 5115 non
3150 5061 3448 5118 nocebunt
3475 5062 3618 5119 tuis.
3655 5064 3781 5123 Hoc

2108 5150 2303 5202 autem
2336 5146 2487 5218 ideo,
2520 5146 2660 5218 quia
2710 5147 2834 5212 tibi,
2899 5148 2951 5201 id
2988 5153 3097 5214 est,
3159 5149 3275 5206 tuis
3328 5166 3440 5208 non
3468 5155 3776 5225 appropin-

2107 5235 2296 5307 quabit
2329 5234 2653 5306 periculum
2712 5234 2972 5307 aliquod,
3028 5236 3168 5310 quia
3224 5240 3333 5295 etsi
3364 5246 3778 5313 persecutores

2108 5329 2465 5381 tormentum
2500 5324 2756 5380 inferant
2784 5325 2971 5393 carni,
3028 5332 3225 5384 tamen
3279 5347 3396 5386 non
3425 5328 3654 5387 lzedunt
3683 5331 3776 5387 lo-

2107 5430 2240 5468 cum
2268 5412 2423 5469 fidei.
2447 5413 2685 5468 Frustra
2708 5428 2846 5486 ergo
2868 5413 3277 5474 tribulantur?
3300 5418 3450 5488 Non,
3472 5420 3615 5492 quia
3636 5419 3777 5477 licet

2105 5501 2221 5575 ipsi
2256 5518 2371 5558 non
2405 5501 2718 5558 vincuntur
2748 5519 2783 5558 a
2811 5502 3214 5575 tribulatione,
3260 5511 3323 5563 tu
3357 5512 3559 5566 tamen
3587 5508 3772 5566 oculis

2109 5593 2223 5648 tuis
2267 5591 2638 5648 considerabis
2685 5607 2785 5648 eos
2845 5608 2962 5649 non
3023 5594 3245 5652 frustra
3296 5582 3589 5670 tribulari,
3620 5612 3766 5671 quo-
