4024 6192
244 348 359 415 629

1362 347 1972 415 ENARRATIONES
2015 347 2097 411 IN
2140 348 2518 415 PSALMOS.

3522 349 3645 414 630

245 485 405 545 niam
437 488 528 542 est
553 485 639 543 eis
667 484 968 543 tribulatio
999 485 1070 543 ad
1092 486 1580 561 probationem,et
1596 492 1658 543 tu
1682 485 1888 543 videbis
1916 488 1970 550 Α
2000 485 2302 551 duritiam,
2334 490 2400 541 ut
2428 486 2573 543 illud
2592 484 2864 543 videlicet
2884 483 3037 557 quod
3060 482 3338 542 deberent
3365 484 3553 543 facere
3569 501 3638 543 ex

242 575 348 633 hoc
368 592 498 632 esse
520 576 590 631 ad
614 577 1035 632 retributionem
1052 580 1398 648 peccatorum
1413 576 1497 632 eis
1512 576 1615 648 qui
1636 576 1888 631 inferant

239 664 679 722 tribulationem
708 665 855 721 aliis.
891 666 1065 729 Quasi
1099 667 1285 722 dicat:
1323 669 1384 722 In
1411 673 1508 721 tua
1537 665 1888 721 discretione

238 758 325 812 est
340 755 481 827 quia
500 771 617 809 non
643 755 859 810 frustra
879 755 1616 827 inferturtribulatio,quia
1638 755 1886 810 infertur

240 845 310 901 ad
343 842 743 915 probationem
776 845 1211 916 patientium,et
1238 845 1310 901 ad
1334 844 1770 899 damnationem
1794 844 1886 898 in-

240 932 573 1005 ferentium.
607 933 880 1001 Quoniam
908 938 967 988 tu
1000 951 1079 999 es,
1112 935 1359 1003 Domine,
1392 949 1511 1005 spes
1538 950 1681 999 mea,
1721 933 1886 988 altis-

239 1024 440 1078 simum
458 1023 693 1092 posuisti
712 1024 1000 1093 refugium
1023 1022 1306 1077 tuum.Hic
1330 1023 1541 1078 iterum
1558 1038 1668 1077 vox
1680 1020 1888 1092 capitis

239 1115 344 1169 est.
378 1110 555 1175 Quasi
582 1110 772 1167 dicat:
806 1111 1009 1167 Merito
1040 1111 1184 1166 mihi
1216 1111 1556 1183 aggratulor
1598 1111 1657 1166 in
1717 1109 1885 1177 meis,

233 1204 296 1279 et
327 1200 536 1255 merito
558 1218 673 1256 non
697 1202 873 1256 timeo
904 1201 961 1255 in
996 1200 1131 1266 illis,
1165 1201 1445 1272 quoniam
1496 1208 1572 1266 tu,
1629 1200 1886 1264 Domine,

237 1288 502 1345 factuses
538 1305 659 1360 spes
675 1306 816 1355 mea,
850 1289 907 1344 id
938 1294 1046 1357 est,
1078 1306 1213 1360 spes
1248 1305 1534 1353 meorum,
1571 1288 1766 1345 dando
1804 1288 1888 1344 eis

237 1395 340 1452 per
372 1394 467 1433 me
497 1378 639 1449 quid
671 1394 906 1449 sperare
935 1378 1362 1449 debeant,quia
1383 1379 1732 1433 resurrectio
1757 1394 1890 1449 quas

237 1468 535 1541 praecessit
566 1468 624 1521 in
650 1483 741 1522 me
772 1467 1383 1539 capite,subsequetur
1409 1472 1466 1522 et
1494 1468 1553 1522 in
1581 1466 1887 1535 membris,

236 1560 294 1614 et
323 1556 405 1612 ita
426 1556 615 1611 factus
646 1573 707 1612 es
739 1572 874 1627 spes
906 1572 1190 1612 meorum.
1214 1556 1463 1612 Noverat
1491 1556 1649 1611 enim
1684 1555 1891 1610 huma-

237 1662 380 1702 num
411 1662 598 1719 genus
630 1646 779 1700 mori
800 1662 993 1716 posse,
1025 1646 1125 1701 sed
1155 1663 1272 1701 non
1304 1650 1543 1701 noverat
1583 1661 1892 1717 resurgere

236 1740 438 1808 posset
460 1740 518 1790 et
547 1734 632 1789 sic
661 1733 918 1790 habebat
945 1735 1102 1805 quod
1148 1734 1398 1797 timeret,
1463 1752 1581 1789 nan
1638 1728 1893 1790 habebat

237 1824 393 1897 quod
424 1828 708 1895 speraret.
744 1823 817 1877 Ut
849 1829 1047 1879 autem
1079 1840 1223 1895 spes
1255 1824 1340 1880 eis
1386 1824 1718 1891 adderetur,
1768 1823 1886 1889 ille,

235 1913 335 1986 qui
368 1913 529 1969 dedit
552 1916 789 1985 propter
802 1912 1175 1984 disciplinam
1201 1913 1472 1968 timorem
1499 1913 1895 1981 mortis,dedit

237 2006 478 2074 propter
506 2002 815 2073 praemium
847 2019 1011 2073 spem
1036 2002 1480 2057 resurrectionis
1504 2019 1517 2057 :
1544 2002 1698 2073 quod
1724 2001 1889 2071 dicit,
1935 2016 1938 2019 '

237 2091 312 2145 Tu
334 2106 411 2155 es,
442 2091 687 2157 Domine,
719 2106 839 2159 spes
868 2107 1009 2161 mea,
1069 2095 1127 2145 et
1178 2091 1415 2162 posuisti
1474 2107 1566 2145 me
1609 2092 1893 2161 refugium

239 2182 419 2246 tuum,
454 2179 614 2249 quia,
644 2180 797 2250 quod
826 2179 1153 2235 humanum
1187 2195 1373 2251 genus
1404 2180 1474 2234 ad
1509 2196 1604 2234 me
1653 2179 1893 2234 veniens

238 2270 466 2321 certum
497 2265 674 2321 habet
703 2268 1021 2339 refugium,
1057 2268 1164 2323 hoc
1194 2285 1261 2323 ex
1292 2273 1394 2322 tuo
1424 2272 1531 2334 est,
1563 2267 1702 2339 quia
1735 2266 1895 2323 altis-

235 2352 461 2410 simum
486 2370 578 2410 me
603 2354 812 2410 fecisti.
844 2355 991 2418 Quid
1021 2356 1200 2411 altius
1231 2373 1411 2411 unam
1445 2358 1517 2411 de
1538 2372 1713 2412 carne
1737 2373 1892 2412 mor-

234 2440 342 2499 tali
371 2444 562 2498 facere
591 2459 831 2499 carnem
864 2444 1286 2511 immortalem,
1320 2450 1375 2501 et
1405 2446 1477 2501 de
1524 2445 1894 2517 corruptibili

236 2530 742 2602 incorruptibilem
768 2532 795 2586 ?
825 2532 928 2587 Vel
960 2534 1045 2588 sic
1072 2550 1084 2587 :
1109 2535 1357 2589 Posuisti
1382 2534 1719 2589 altissimum
1742 2537 1892 2605 refu-

236 2622 389 2693 gium
422 2624 601 2686 tuum,
636 2621 775 2691 quia
797 2637 900 2693 per
926 2638 1019 2676 me
1039 2621 1230 2689 deleta
1265 2628 1406 2678 sunt
1443 2627 1681 2694 peccata
1700 2623 1893 2678 homi-

238 2725 406 2776 num,
429 2709 600 2779 juxta
621 2708 766 2763 illud
786 2708 949 2764 Pauli
978 2726 990 2764 :
1015 2712 1195 2775 Quem
1220 2710 1419 2781 posuit
1448 2711 1888 2782 propitiatorem

237 2815 342 2871 per
368 2797 544 2853 fidem
577 2798 637 2852 in
654 2797 947 2869 sanguine
966 2798 1252 2869 ipsius,ut
1278 2800 1403 2870 ipse
1429 2800 1506 2854 sit
1524 2800 1892 2870 verax.justi-

236 2887 421 2943 ﬁcans
450 2902 585 2942 eum
616 2887 819 2958 qui-ex
850 2886 961 2941 fide
997 2892 1087 2942 est
1114 2891 1253 2943 Jesu
1283 2888 1457 2959 (Rom.
1490 2888 1565 2959 ι).
1617 2887 1704 2943 vel
1762 2887 1885 2944 sic:

236 2976 582 3031 Altissimum
609 2978 837 3047 posuisti
864 2978 1145 3047 refugium
1165 2978 1336 3047 juxta
1364 2976 1510 3032 illud
1537 2994 1550 3032 :
1585 2978 1742 3033 Dedit
1798 2978 1889 3032 illi

242 3081 439 3121 nomen
467 3064 608 3138 quod
636 3072 713 3121 est
739 3082 909 3137 super
964 3081 1122 3120 omne
1171 3082 1369 3121 nomen
1406 3065 1574 3135 (Phil.
1636 3068 1719 3135 ιι).
1772 3066 1888 3123 Non

235 3154 457 3211 accedet
484 3154 557 3209 ad
584 3156 636 3208 te
662 3155 951 3225 malum,et
962 3155 1250 3224 ﬂagellum
1277 3171 1390 3209 non
1430 3155 1889 3225 appropinquabit

236 3245 594 3300 tabernaculo
616 3247 725 3299 tuo.
749 3222 1199 3315 Voxvprophetze
1229 3242 1399 3313 quasi
1455 3222 1539 3298 sic
1596 3222 1881 3299 dicentis:
1915 3222 1959 3289 δ

236 3332 384 3389 Vere
414 3333 701 3389 Dominus
733 3332 923 3387 factus
944 3348 1008 3387 es
1037 3348 1174 3403 spes
1202 3332 1260 3386 in
1290 3331 1433 3398 tuis,
1465 3334 1725 3404 quoniam
1776 3349 1887 3389 non

235 3422 456 3479 accedet
480 3421 549 3477 ad
579 3426 655 3486 te,
683 3420 742 3474 id
773 3421 961 3484 est,ad
985 3424 1119 3475 tuos
1141 3421 1371 3488 malum,
1396 3421 1537 3491 quia
1574 3419 1709 3476 licet
1727 3426 1887 3477 exte-

236 3511 363 3568 rius
397 3509 595 3567 sazviat
622 3513 987 3582 persecutor.
1011 3508 1259 3563 interius
1293 3508 1482 3563 factus
1504 3513 1591 3564 est
1614 3511 1763 3565 Deus
1787 3511 1888 3565 ad-

230 3602 419 3674 jutor,
451 3600 744 3673 ﬂagellum
773 3615 884 3655 non
905 3598 1370 3670 appropinquabit
1400 3598 1752 3655 tabernaculo
1773 3607 1887 3655 tuo.

235 3689 708 3747 Tabernaculum
738 3687 897 3743 istud
931 3693 1020 3743 est
1049 3704 1261 3759 corpus
1291 3686 1593 3752 Christi,in
1618 3705 1735 3759 quo
1765 3688 1890 3760 ipse

239 3779 567 3837 secundum
593 3794 828 3834 carnem
854 3776 1207 3843 militavit,in
1227 3793 1341 3848 quo
1366 3778 1546 3833 multa
1570 3795 1784 3850 passus
1804 3782 1894 3835 est

242 3865 1442 3941 ﬂagella,quiacapiebatur,ﬂagellabatur,
1460 3857 1896 3939 éonspuebatur

240 3962 300 4015 et
330 3959 404 4013 ad
435 3956 712 4012 ultimum
743 3956 802 4010 in
834 3972 1005 4011 cruce
1048 3956 1535 4027 suspendebatur.
1568 3957 1702 4026 Sed,
1746 3974 1894 4029 quo-

240 4046 405 4105 niam
436 4047 836 4115 resurrexit,et
857 4044 1300 4116 incorruptibile
1317 4061 1527 4117 corpus
1550 4046 1895 4117 assumpsit,

240 4136 385 4193 huic
405 4134 781 4191 tabernaculo
802 4151 917 4189 non
941 4132 1197 4205 amplius
1218 4134 1772 4205 appropinquabunt
1794 4135 1896 4189 ﬂa-

1995 589 2193 630 amore
2224 574 2440 630 faciant
2468 592 2537 631 ex
2566 576 2798 645 timore,
2837 573 2997 631 velut
3022 574 3208 632 Judaei
3238 574 3338 648 qui
3369 576 3487 633 Deo
3517 591 3641 633 ser-

1994 664 2227 719 vierunt
2255 681 2323 719 ex
2352 664 2582 730 timore,
2614 683 2730 721 non
2761 683 2830 722 ex
2860 682 3080 733 amore,
3110 671 3169 722 et
3202 666 3333 722 ideo
3364 665 3553 739 legem
3566 665 3645 723 “in

1993 752 2213 809 tabulis
2226 753 2473 825 lapideis
2487 754 2766 826 scriptam
2783 756 3449 828 receperunt,quiadura
3471 757 3649 812 corda

1995 859 2198 899 eorum
2233 843 2303 898 ad
2346 859 2607 898 amorem
2636 861 2751 899 non
2783 849 3110 915 erexerunt,
3143 846 3244 901 sed
3276 845 3334 900 in
3373 845 3645 901 timorem

1996 932 2435 1004 depresserunt.
2468 931 2541 987 Ut
2565 936 2760 988 autem
2788 933 3045 989 charitas
3069 935 3167 991 Dei
3220 933 3648 991 diffunderetur

1996 1021 2056 1076 in
2088 1020 2363 1077 cordibus
2393 1020 2759 1089 ﬁdelium,ab
2780 1021 3120 1094 angelorum
3141 1024 3416 1079 manibus
3437 1025 3646 1096 depor-

1996 1115 2157 1167 tatus
2187 1115 2278 1166 est
2306 1110 2365 1165 in
2398 1110 2612 1166 coelum
2642 1110 2947 1177 Dominus,
2985 1117 3051 1167 ut
3080 1114 3165 1168 sic
3194 1115 3264 1168 ad
3328 1113 3646 1186 discipulos

1997 1201 2327 1256 mitteretur
2347 1199 2604 1272 Spiritus
2622 1204 2885 1267 sanctus,
2905 1200 3005 1272 qui
3026 1202 3278 1258 auferret
3296 1202 3566 1259 timorem
3590 1208 3647 1259 et

1997 1292 2299 1362 praestaret
2327 1289 2546 1344 amoris
2567 1287 3019 1361 plenitudinem,
3053 1295 3120 1345 ut
3178 1290 3323 1347 illud
3384 1292 3652 1349 videlicet

1998 1379 2152 1450 quod
2186 1378 2351 1449 prius
2382 1377 2493 1433 fuit
2547 1377 2787 1433 difﬁcile
2843 1378 3197 1434 timentibus
3254 1380 3422 1436 facile
3481 1382 3648 1438 ﬁeret

1998 1466 2359 1523 amantibus.
2392 1466 2557 1523 Unde
2586 1466 2943 1539 Apostolus:
2978 1469 3097 1523 Non
3118 1470 3398 1537 accepisti,
3430 1470 3644 1542 inquit,

1997 1558 2262 1628 spiritum
2289 1558 2567 1612 servitutis
2589 1558 2795 1612 iterum
2824 1558 2887 1611 in
2938 1560 3158 1627 timore,
3208 1558 3304 1613 sed
3358 1557 3652 1616 libertatis

1996 1648 2260 1719 spiritum
2292 1646 2351 1701 in
2385 1663 2642 1703 amorem
2676 1648 2852 1715 (Rom.
2880 1647 3004 1717 Vm)
3036 1647 3193 1719 quod
3225 1646 3367 1702 dicit
3400 1650 3501 1704 ειη
3529 1665 3649 1704 ma-

1998 1738 2163 1791 nibus
2188 1735 2489 1806 portabunt
2509 1744 2559 1791 te
2589 1754 2621 1790 a
2652 1741 2938 1807 conspectu
2967 1737 3249 1792 hominum
3309 1738 3370 1791 in
3424 1736 3648 1793 cazlum.

1924 1853 1970 1919 Β
2000 1824 2068 1881 Et
2089 1824 2235 1919 quis
2268 1825 2493 1919 fructus
2524 1823 2705 1880 inde?
2735 1830 2816 1881 Ne
2840 1829 2981 1919 forte
3010 1825 3258 1919 offendas
3285 1824 3356 1880 ad
3413 1824 3653 1919 lapidem

2001 1913 2194 1986 pedem
2221 1920 2404 1980 tuum,
2436 1913 2494 1969 id
2517 1919 2626 1981 est,
2658 1930 2730 1969 ne
2752 1912 3157 1985 praedicatores
3176 1913 3263 1969 tui
3285 1913 3510 1970 similes
3531 1914 3653 1970 effi-

2002 2002 2234 2058 ciantur
2261 2002 2378 2058 illis
2409 2003 2509 2074 qui
2540 2003 2846 2058 oll'endunt
2877 2003 2948 2057 ad
2984 2001 3239 2073 lapidem
3284 2003 3647 2070 offensionis,

1998 2091 2156 2147 velut
2181 2091 2369 2146 Judaei
2401 2092 2500 2163 qui
2539 2091 2598 2146 in
2629 2091 2817 2163 legem
2860 2089 3079 2147 tabulis
3121 2090 3371 2162 lapideis
3399 2092 3657 2147 conseri-

2001 2184 2163 2253 ptam
2195 2180 2584 2250 oll‘endebant,
2602 2181 2882 2236 iacientes
2904 2180 3059 2235 bona
3073 2196 3201 2251 quae
3226 2180 3517 2236 faciebant
3536 2196 3652 2237 non

2001 2284 2071 2325 ex
2101 2285 2318 2335 amore,
2352 2270 2453 2324 sed
2481 2285 2551 2324 ex
2579 2269 2812 2324 timore.
2843 2268 2992 2324 Nota
3017 2267 3155 2340 quia
3176 2285 3292 2323 non
3323 2273 3448 2324 erat
3466 2268 3657 2325 Domi-

2003 2372 2117 2413 nus
2150 2358 2223 2413 ab
2256 2357 2479 2429 angelis
2528 2358 2893 2429 deportatus,
2952 2358 3109 2428 quod
3158 2372 3392 2413 necesse
3421 2362 3546 2413 erat
3598 2359 3652 2416 ei

2003 2446 2284 2517 reportari
2319 2446 2391 2502 ab
2431 2446 2535 2516 eis,
2568 2446 2670 2501 sed
2702 2446 2832 2517 ipsa
2859 2445 3185 2517 deportatio
3217 2446 3328 2500 fuit
3354 2446 3652 2503 servitutis

2002 2533 2301 2590 exhibitio.
2333 2534 2512 2605 Super
2546 2535 2795 2606 aspidem
2846 2542 2898 2590 et
2954 2535 3267 2590 basiliscum
3319 2535 3646 2592 ambulabis.

2002 2622 2316 2679 Basiliscos
2346 2624 2765 2694 interpretatur
2793 2624 3178 2693 regalis,unde
3206 2622 3520 2679 basiliscus
3549 2640 3651 2681 rex

1999 2712 2366 2783 serpentium
2398 2711 2635 2782 dicitur,
2668 2716 2725 2767 et
2755 2712 2837 2767 sic
2869 2728 2974 2784 per
3004 2711 3322 2768 basiliscum
3376 2711 3648 2770 diabolus

1998 2800 2349 2873 intelligitur
2379 2801 2479 2873 qui
2512 2805 2686 2872 caput
2706 2805 2796 2857 est
2812 2800 2994 2858 totius
3015 2801 3362 2873 serpentinae
3386 2801 3644 2858 malitia:

1997 2905 2100 2961 per
2123 2890 2376 2961 aspidem
2396 2888 2811 2962 intelliguntur
2838 2890 3058 2961 quique
3087 2890 3342 2946 haeretici
3371 2892 3429 2945 et
3456 2889 3649 2946 caeteri

1996 2979 2267 3035 venenosi
2284 2978 2384 3051 qui
2404 2995 2624 3035 veneno
2641 2997 2748 3035 suo
2762 2978 3023 3035 ﬁdelium
3039 2979 3267 3034 animas
3288 2977 3649 3035 mortiﬁcant

1996 3083 2174 3139 super
2190 3084 2338 3140 quos
2359 3068 2845 3125 tamenDominus
2868 3067 3194 3123 ambulabit
3209 3068 3270 3123 in
3292 3067 3437 3135 suis;
3453 3076 3506 3123 et
3525 3083 3649 3124 con-

1994 3157 2237 3212 culcabis
2262 3158 2473 3212 leonem
2494 3165 2547 3212 et
2563 3157 2875 3222 draconem,
2898 3157 2958 3211 id
2980 3161 3086 3222 est,
3110 3157 3195 3212 tui
3220 3156 3650 3213 conculcabunt

1997 3248 2196 3315 aperte
2225 3244 2529 3300 saevientes
2557 3249 2615 3299 et
2642 3244 2864 3300 occulte
2894 3244 3261 3300 insidiantes.
3295 3246 3565 3312 Quoniam
3584 3248 3648 3301 in

1997 3349 2082 3388 me
2109 3333 2377 3402 sperabit,
2409 3333 2652 3388 liberabo
2682 3349 2830 3387 eum.
2865 3333 3044 3398 Quasi
3075 3332 3269 3387 dicat:
3306 3334 3448 3387 Deus
3476 3332 3649 3388 Pater

1997 3420 2286 3477 mandavit
2312 3420 2378 3475 de
2407 3424 2458 3475 te
2488 3420 2701 3488 angelis
2729 3421 2865 3487 suis,
2904 3420 3139 3475 dicens:
3193 3419 3439 3475 liberabo
3494 3434 3642 3489 eum,

1995 3510 2055 3565 id
2086 3512 2197 3573 est,
2232 3507 2549 3564 anchoram
2582 3508 2705 3580 spei
2729 3525 2847 3564 sum
2876 3508 2935 3563 in
2957 3524 3051 3564 me
3073 3506 3502 3579 ﬁxit,protegam
3523 3523 3645 3564 eam

1999 3598 2060 3654 in
2089 3597 2214 3653 suis
2236 3598 2307 3652 ab
2340 3602 2483 3652 aestu
2512 3596 2789 3653 vitiorum
2814 3613 2827 3653 :
2862 3601 2918 3652 et
2943 3596 3073 3663 hoc,
3106 3596 3236 3652 ideo
3271 3598 3531 3668 quoniam
3553 3612 3649 3654 co-

1999 3688 2194 3761 gnovit
2222 3702 2419 3742 nomen
2451 3702 2654 3755 meum,
2687 3685 2798 3741 hoc
2821 3684 3046 3740 scilicet
3068 3685 3222 3757 quod
3238 3689 3326 3740 est
3340 3684 3648 3751 Dominus,

2002 3776 2157 3850 quod
2181 3780 2545 3849 cognoscunt
2573 3774 2657 3830 illi
2689 3775 2789 3847 qui
2814 3773 2985 3830 bonis
3007 3772 3283 3845 operibus
3305 3773 3655 3844 proﬁtentur

2004 3883 2067 3925 se
2096 3883 2224 3923 esse
2255 3882 2451 3922 servos
2474 3863 3004 3921 Domini.Clamabit
3032 3862 3103 3918 ad
3126 3860 3239 3928 me,
3270 3872 3323 3918 et
3362 3876 3459 3932 ego
3487 3878 3657 3919 exau-

2003 3956 2160 4013 diam
2181 3972 2307 4012 eum
2334 3959 2455 4010 tam
2487 3954 2547 4008 in
2578 3970 2642 4009 se
2673 3969 2851 4023 quam
2877 3953 2934 4006 in
2967 3951 3112 4007 suis.
3149 3951 3287 4007 Cum
3305 3952 3426 4024 ipso
3451 3966 3576 4007 sum
3595 3953 3658 4008 in

2007 4043 2400 4109 tribulatione,
2425 4040 2860 4097 suorum.Unde
2881 4040 3046 4111 illud,
3077 4041 3208 4097 Ecce
3234 4056 3331 4110 ego
3378 4040 3657 4097 vobiscum

2006 4150 2131 4190 sum
2154 4147 2324 4203 usque
2345 4130 2415 4187 ad
2434 4131 2961 4186 consummationem
2986 4129 3190 4188 δεῖσυιί
3216 4130 3660 4202 (Matth.xxvm),°

242 4224 438 4300 gella:
472 4225 628 4296 quod
662 4224 824 4293 dicit,
857 4231 908 4278 et
936 4223 1224 4292 ﬂagellum
1277 4239 1389 4277 non
1439 4224 1899 4294 appropinquabit
2008 4224 2250 4294 eripiam
2278 4236 2403 4275 eum
2433 4236 2466 4274 a
2486 4219 2887 4291 persecutione
2904 4218 3233 4291 temporali,
3256 4224 3309 4275 et
3336 4219 3660 4290 gloriﬁcabo

244 4314 603 4372 tabernaculo
633 4318 743 4368 tuo.
766 4314 1046 4383 Quoniam
1065 4311 1278 4380 angelis
1304 4313 1420 4366 suis
1449 4311 1732 4367 mandavit
1757 4311 1822 4367 de
1850 4317 1902 4367 te
2008 4329 2137 4368 eum
2158 4308 2873 4383 gloriamternali,eripiam
2891 4325 3018 4364 eum
3048 4313 3241 4364 nonut
3268 4307 3471 4363 audiat
3490 4306 3664 4360 verba

245 4404 408 4461 Deus
439 4402 695 4469 Pater,id
716 4406 1076 4473 est,prnpter
1096 4400 1363 4471 te,uttibi
1387 4400 1904 4457 subministrarent
2011 4416 2238 4473 aspera,
2271 4398 2371 4453 sed
2403 4413 2496 4464 ne,
2528 4399 2923 4454 erubescendo
2953 4414 3041 4463 ea,
3074 4398 3245 4451 cadat
3273 4396 3332 4450 in
3367 4393 3666 4465 muscipu-

244 4492 601 4563 obsequium
634 4490 1128 4546 servitutis.Unde
1150 4488 1292 4544 illud
1318 4506 1331 4543 :
1357 4489 1426 4543 Et
1447 4492 1706 4561 apparuit
1731 4506 1902 4559 ange-
2012 4490 2132 4545 lam
2163 4486 2402 4552 diaboli,
2434 4491 2485 4541 et
2514 4486 2749 4541 tandem
2782 4485 3105 4558 gloriﬁcabo
3121 4482 3666 4553 eum,quialongitu-

244 4581 339 4639 ius
362 4583 676 4652 confortans
706 4595 833 4635 eum
862 4580 1017 4647 (Luc.
1043 4580 1203 4650 χχιι).
1236 4578 1365 4634 Haec
1396 4579 1742 4634 confortatio
1787 4595 1901 4634 non
1936 4595 1983 4659 D
2015 4579 2149 4635 dine
2177 4577 2391 4633 dierum
2420 4572 2786 4630 eternalium
2817 4572 3036 4643 replebo
3077 4587 3224 4637 eum,
3283 4579 3338 4627 et
3383 4568 3668 4627 ostendam

241 4671 364 4730 fuit
379 4668 1011 4735 adnecessitatem,sed
1036 4668 1108 4722 ad
1132 4667 1429 4723 servitutis
1465 4666 1904 4735 exhibitionem,
2017 4668 2113 4724 illi
2141 4667 2381 4723 salutare
2409 4678 2618 4729 meum,
2650 4666 2719 4718 ut
2739 4660 2909 4731 illud,
2941 4660 3246 4717 ostendam
3278 4659 3365 4717 illi
3391 4660 3662 4733 meipsum

243 4759 363 4818 fuit
391 4758 570 4814 etiam
599 4758 672 4813 ad
690 4760 955 4812 nostram
983 4754 1479 4828 doctrinam,quia
1494 4756 1906 4828 unusquisque
2017 4759 2205 4829 (Joan.
2238 4757 2377 4824 xiv).

247 4846 521 4905 ﬁdelium
556 4846 732 4902 habet
760 4843 1035 4917 angelum
1062 4844 1484 4900 confortantem
1516 4860 1577 4900 se
1618 4845 1678 4900 in
1735 4845 1905 4901 bonis

254 4936 560 5010 operibus.
598 4934 761 4991 Unde
791 4933 976 4990 illud:
1013 4934 1199 5006 augeli
1234 4949 1424 4989 eorum
1466 4949 1682 5005 semper
1726 4934 1908 4990 vident

250 5027 465 5101 faciem
490 5022 907 5093 Patriswatth.
968 5024 1131 5095 xvm)
1164 5042 1183 5079 :
1232 5023 1386 5095 quod
1436 5021 1598 5086 dicit,
1647 5025 1910 5093 quoniam

251 5114 606 5187 angelissuis
640 5112 923 5169 mandavit
948 5112 1012 5169 de
1034 5118 1104 5179 te,
1128 5112 1287 5168 istud
1328 5110 1615 5179 videlicet,
1649 5120 1708 5168 ut
1732 5117 1909 5169 custo-

248 5205 420 5261 diant
449 5208 502 5259 te
524 5205 587 5258 in
606 5203 861 5259 omnibus
916 5204 1019 5258 viis
1036 5204 1230 5267 tuis,et
1258 5201 1389 5256 ideo
1419 5201 1561 5272 quia
1588 5202 1909 5272 mandavit,
2028 5222 2050 5252 ι
2086 5200 2244 5256 diam
2276 5203 2464 5267 tuam,
2494 5199 2553 5252 et
2578 5196 2881 5251 veritatem
2932 5199 3097 5250 tuam
3153 5209 3256 5266 per
3302 5196 3550 5247 noctem.
3612 5189 3675 5245 In

260 5296 325 5351 in
350 5292 612 5348 manibus
629 5293 931 5364 portabunt
959 5295 1028 5358 te,
1062 5290 1119 5345 id
1150 5294 1259 5359 est,
1284 5288 1702 5344 exhibitionem
1726 5291 1909 5345 servi-
2027 5310 2055 5343 ι
2085 5286 2471 5356 decachordo,
2504 5283 2803 5357 psalterio,
2844 5299 2979 5338 cum
3009 5282 3258 5344 cantico,
3307 5281 3369 5337 in
3427 5278 3673 5336 cithara.

248 5382 406 5440 tutis
454 5379 564 5436 tibi
614 5381 976 5453 impendent,
1010 5395 1079 5434 ne
1105 5381 1248 5450 forte
1286 5377 1527 5449 offendas
1565 5378 1635 5432 ad
1677 5378 1916 5448 lapidem
2024 5401 2054 5431 ‹‹
2087 5378 2234 5443 Quia
2263 5373 2563 5432 delectasti
2596 5387 2710 5445 me,
2746 5372 3004 5439 Domine,
3039 5372 3096 5426 in
3131 5372 3358 5427 factura
3384 5373 3508 5437 tua,
3530 5372 3589 5423 et
3616 5366 3678 5422 in

250 5472 456 5547 pedem
487 5477 668 5536 tuum,
694 5469 753 5525 id
784 5475 894 5540 est,
929 5486 1000 5525 ne
1030 5468 1206 5541 pedes
1236 5466 1345 5535 tui,
1367 5466 1425 5520 id
1447 5470 1553 5533 est,
1578 5466 1826 5538 apostoli
1857 5472 1916 5522 et
1952 5482 1958 5487 '
2026 5490 2054 5517 «
2089 5466 2363 5538 operibus
2396 5478 2679 5519 manuum
2711 5466 2949 5517 tuarum
2981 5460 3307 5516 exsultabo.
3342 5460 3526 5547 Quam
3551 5471 3677 5547 ma-

255 5544 459 5619 eaateri
486 5558 703 5631 quibus
726 5558 1101 5632 ingressurus
1122 5574 1185 5613 es
1206 5555 1374 5629 quasi
1396 5554 1645 5627 pedibus
1674 5556 1732 5610 in
1764 5556 1915 5611 noti-
2035 5580 2055 5606 ιι
2092 5555 2368 5629 gniﬁcata
2385 5556 2523 5608 sunt
2545 5567 2722 5624 opera
2742 5550 3117 5621 tua,Domine
3141 5550 3152 5604 !
3180 5548 3358 5605 nimis
3375 5544 3678 5621 profundas

250 5650 403 5708 tiam
423 5648 715 5722 gentium,
742 5648 1039 5705 otiendant
1059 5642 1493 5720 adlapidem,id
1517 5648 1623 5713 est,
1658 5645 1730 5701 ad
1771 5644 1918 5718 legis
2029 5668 2057 5695 ‹‹
2094 5646 2256 5701 factae
2287 5646 2426 5699 sunt
2455 5639 2839 5713 cogitationes
2895 5646 3030 5697 tuae.
3093 5639 3198 5695 Vir
3238 5636 3524 5710 insipiens
3562 5650 3678 5690 non

2587 4838 2919 4897 PSALMUS
2958 4838 3094 4898 XCI.

2302 4946 2565 4988 PSALMUS
2607 4945 2829 4985 CANTICI
2866 4945 2927 4984 IN
2984 4945 3077 4985 DIE
3124 4945 3377 4987 SABBATI.

2094 5044 2122 5073 ιι
2154 5022 2383 5079 Bonum
2414 5024 2504 5076 est
2534 5017 2797 5074 confiteri
2823 5018 3158 5085 Domino,et
3179 5016 3426 5089 psallere
3446 5012 3675 5071 nomini

2025 5116 2201 5181 «tuo,
2226 5106 2642 5164 Altissime.Ad
2657 5104 3129 5161 annuntiandum
3155 5099 3673 5160 manemisericor-
