4024 6192
348 357 469 420 631·

916 358 1217 419 ltEMlGlI
1266 352 2015 419 AN'l‘ISSIODODENSlS
2058 350 2236 417 UPP.
2283 348 2478 417 PARS
2523 356 2566 417 Ῑ.
2606 388 2681 401 --
2710 353 3174 418 EXEGETICA.

3632 339 3762 413 632'

353 512 381 542 ‹‹
414 494 744 562 cognoscet,
779 493 837 544 et
865 487 1081 545 stultus
1143 505 1257 543 non
1307 488 1596 561 intelliget
1651 489 1791 545 haec.
1850 489 1994 545 Cum
2024 488 2079 554 Α
2110 488 2299 544 dando
2326 504 2461 543 eum
2499 488 2559 544 in
2590 486 2906 544 benefactis
2934 486 3081 552 suis,
3112 483 3268 556 quod
3327 480 3492 550 dicit,
3554 480 3763 538 bonum

352 601 380 629 α
410 578 594 635 exorti
628 578 845 634 fuerint
866 582 1201 650 peccatores
1230 578 1384 633 sicut
1407 580 1698 647 fenum,et
1719 593 1999 650 apparue-

355 692 379 719 κ
410 668 529 723 rint
550 684 754 723 omnes
768 668 865 740 qui
881 672 1200 739 operantur
1220 667 1689 738 iniquitatem,ut
1710 668 2001 722 intereant

350 780 377 807 ‹‹
411 758 470 813 in
511 756 792 813 saeculum
823 756 1018 811 saeculi
1044 762 1136 811 :tu
1170 761 1366 811 autem
1400 756 1738 812 Altissimus
1762 755 1818 811 in
1842 760 2003 811 aeter-

349 870 378 897 α
410 863 577 915 num,
603 845 867 901 Domine.
893 844 1178 910 Quoniam
1206 862 1337 900 ecce
1362 845 1589 900 inimici
1615 845 1998 915 tui,Domine,

356 957 378 987 ι
399 934 677 1008 quoniam
703 951 833 991 ecce
855 934 1078 990 inimici
1100 935 1183 989 tui
1211 933 1571 1007 peribunt,et
1592 935 2002 1005 dispergenlur

353 1047 381 1075 «
409 1040 614 1081 omnes
639 1024 740 1095 qui
774 1028 1093 1095 operantur
1121 1022 1513 1095 iniquitatem.
1539 1023 1607 1079 Et
1649 1022 2003 1078 exaltabitur

352 1134 380 1163 «
411 1113 564 1168 sicut
597 1113 895 1168 unicornis
925 1128 1109 1168 cornu
1143 1129 1363 1180 meum,
1396 1117 1453 1167 et
1484 1117 1755 1167 senectus
1788 1126 1917 1167 mea
1937 1110 1999 1166 in

352 1223 380 1252 ‹‹
410 1201 812 1257 misericordia
841 1201 1027 1257 uberi.
1064 1202 1131 1255 Et
1162 1200 1420 1272 despexit
1451 1200 1658 1256 oculus
1688 1216 1855 1256 meus
1894 1199 2001 1254 ini-

351 1313 379 1343 ‹‹
412 1291 595 1347 micos
626 1295 872 1355 meos,et
901 1292 972 1346 ab
994 1289 1441 1361 insurgentibus
1464 1290 1523 1343 in
1552 1305 1644 1344 me
1671 1288 1999 1360 malignan-

354 1402 381 1431 ‹‹
413 1381 573 1436 tibus
605 1380 804 1435 audiet
835 1379 995 1434 auris
1020 1396 1169 1434 mea.
1205 1379 1414 1434 Justus
1435 1383 1501 1433 ut
1530 1377 1729 1450 palma
1750 1378 1999 1443 ilorebit,

351 1491 379 1518 «
415 1468 567 1525 sicut
595 1472 805 1523 cedrus
836 1467 1038 1523 Libani
1094 1466 1602 1539 niultiplicabitur.
1660 1466 1909 1522 Plantati
1939 1466 1998 1521 in

352 1580 381 1607 «
414 1558 587 1612 domo
619 1556 872 1626 Domini,
909 1556 970 1610 in
1004 1556 1168 1611 atriis
1194 1557 1406 1611 domus
1454 1556 1551 1610 Dei
1586 1555 1768 1611 nostri
1828 1556 2001 1611 ﬂore-

357 1670 377 1696 α
413 1647 578 1701 bunt.
603 1646 805 1700 Adhuc
837 1644 1394 1717 multiplicabuntur
1416 1645 1474 1699 in
1504 1651 1735 1700 senecta
1756 1645 2005 1711 uberi,et

352 1755 381 1783 ‹‹
413 1735 560 1789 bene
591 1734 878 1805 patientes
907 1738 1102 1803 erunt,
1166 1738 1231 1788 ut
1288 1733 1656 1790 annuntient.
1714 1734 1999 1800 Quoniam

352 1845 381 1872 ‹‹
414 1827 608 1878 rectus
640 1824 920 1879 Dominus
951 1828 1103 1878 Deus
1129 1826 1344 1893 noster,
1366 1827 1427 1879 et
1451 1840 1569 1879 non
1602 1827 1691 1879 est
1720 1822 2003 1895 iniquitas
2036 1852 2082 1918 Β

353 1934 381 1963 (ι
414 1911 472 1966 in
508 1928 594 1967 eo.
618 1935 646 1961 ››

978 2003 1107 2058 ENA
1119 2003 1243 2057 ΒΗΑ
1256 2003 1382 2059 T10.

421 2089 733 2163 Propheta,
766 2092 968 2146 videns
999 2091 1242 2146 Judzeos
1274 2091 1523 2146 litteram
1555 2091 2007 2162 attendentes,et

355 2196 470 2235 non
500 2180 798 2252 spiritum,
817 2180 1146 2236 Sabbatum
1174 2198 1448 2253 grossum
1473 2179 1787 2245 celebrare,
1811 2185 1868 2236 et
1888 2197 2003 2236 non

350 2268 685 2337 delicatum,
719 2270 989 2327 hortatur
1025 2285 1130 2325 nos
1162 2270 1219 2325 in
1249 2271 1356 2326 hoc
1398 2270 1630 2342 psalmo
1683 2271 2004 2327 Sabbatum

351 2357 664 2414 delicatum
699 2358 1011 2415 celebrare.
1042 2360 1201 2426 Quod
1229 2360 1556 2415 Sabbatum
1582 2359 1895 2415 delicatum
1918 2363 2008 2425 est

354 2447 637 2502 serenitas
658 2449 1047 2512 conscientia,
1072 2448 1471 2520 tranquillitas
1505 2449 1736 2515 mentis,
1773 2448 2006 2520 requies

354 2534 566 2600 cordis,
598 2538 847 2590 cessatio
879 2536 953 2591 ab
973 2537 1248 2607 operibus
1273 2536 1607 2608 malis,quia
1638 2554 1752 2593 non
1770 2536 2009 2609 prodest

357 2638 572 2677 manus
603 2622 897 2677 abstinere
928 2624 1000 2678 ab
1024 2624 1335 2693 opere,nisi
1367 2641 1532 2679 mens
1562 2626 1738 2680 etiam
1764 2631 1953 2681 cesset
1973 2642 2008 2679 a

357 2709 624 2777 crimine,
646 2709 789 2781 quia
816 2710 1030 2766 melius
1057 2715 1147 2766 est
1176 2728 1341 2779 arare
1372 2730 1548 2785 quam
1582 2713 1815 2784 saltare,
1839 2718 1895 2768 et
1927 2713 2007 2767 fo-

357 2799 494 2855 dere
524 2813 703 2871 quam
740 2814 925 2870 usque
948 2800 1019 2855 ad
1053 2800 1355 2870 crapulam
1390 2802 1606 2857 bibere.
1632 2802 1818 2857 Judaei
1848 2817 2005 2869 vero,

358 2887 680 2944 Sabbatum
716 2900 987 2960 grossum
1021 2887 1401 2956 celebrantes,
1438 2890 1544 2945 hoc
1575 2907 1691 2945 non
1742 2891 2004 2946 attende-

363 2975 527 3042 bant,
556 2976 660 3032 sed
696 2993 907 3032 manus
938 2994 1142 3032 eorum
1168 2978 1486 3033 feriabatur
1515 2979 1587 3034 ab
1612 2995 1806 3051 opere,
1840 2994 2006 3035 mens

360 3079 561 3119 eorum
620 3065 943 3136 promptior
971 3071 1093 3121 erat
1123 3066 1180 3121 in
1216 3068 1597 3138 perpetrando
1619 3067 1822 3124 celere.
1880 3068 2004 3123 Non

361 3153 743 3209 attendebant
755 3153 894 3225 quia
912 3153 1056 3209 illud
1070 3154 1321 3209 Sabbatu
1333 3173 1386 3210 m
1406 3156 1640 3229 signum
1654 3162 1779 3212 erat
1798 3158 1924 3212 futu
1934 3174 2006 3212 rae

2107 580 2184 633 est
2212 579 2465 647 conﬁteri
2490 579 2738 643 Domino,
2765 580 2815 631 et
2842 575 3087 647 psallere
3114 574 3331 629 nomini
3367 574 3481 639 tuo,
3536 569 3768 627 scilicet

2108 667 2508 738 gloriﬁcando.
2541 671 2587 721 Ο
2618 667 2912 735 Attissime,
2944 664 3005 719 in
3035 663 3145 719 hoc
3176 662 3449 717 videlicet
3497 659 3764 733 psallen-

2108 755 2249 810 dum
2290 760 2379 811 est
2408 755 2630 811 nomini
2650 761 2771 822 tuo,
2789 759 2851 809 ut
2871 750 3608 822 annuntietunusquisque
3630 766 3765 805 esse

2111 844 2520 900 misericordias
2552 848 2664 899 tuae
2687 844 2841 916 quod
2875 840 3198 897 consolaris
3249 840 3307 895 in
3349 838 3676 911 prceperis,
3705 841 3766 894 et

2109 949 2237 989 esse
2264 937 2376 988 tuae
2396 933 2644 1005 justitize
2676 932 2831 1005 quod
2863 930 3107 1003 corrigis
3165 930 3224 984 in
3285 926 3569 984 adversis.
3595 927 3766 993 Quod

2109 1023 2268 1089 dicit,
2312 1024 2511 1078 bonum
2539 1030 2615 1079 est
2634 1023 2872 1094 psallere
2899 1021 3121 1075 nomini
3146 1023 3239 1075 tuo
3301 1017 3373 1073 ad
3406 1018 3766 1072 annuntian-

2108 1111 2238 1167 dum
2266 1112 2708 1167 misericordiam
2758 1118 2919 1166 tuam
2959 1125 3092 1165 esse
3119 1110 3181 1163 in
3209 1123 3393 1173 mane,
3425 1106 3486 1161 id
3516 1109 3627 1173 est,
3694 1104 3758 1161 in

2110 1200 2405 1274 prosperis
2432 1217 2502 1256 ne
2532 1201 2807 1256 deficiant
2831 1199 2939 1264 tui,
2961 1202 3016 1254 et
3044 1198 3324 1254 veritatem
3349 1198 3526 1258 tuam.
3581 1195 3642 1250 id
3674 1198 3772 1250 est

2100 1290 2396 1362 justitiam
2427 1307 2556 1346 esse
2582 1307 2687 1361 per
2714 1288 3036 1360 noctemgid
3096 1291 3204 1356 est,
3262 1286 3321 1340 in
3354 1284 3639 1351 adversis;
3692 1299 3768 1340 ne

2111 1380 2351 1452 impune
2409 1384 2678 1452 peccetur
2708 1395 2741 1433 a
2769 1378 2908 1433 tuis.
2946 1378 3031 1432 -Ιη
3082 1374 3412 1431 decachordo
3482 1373 3767 1445 psalterio.

2110 1469 2286 1535 Quasi
2316 1469 2473 1525 dicat
2496 1471 2729 1524 :Bonum
2756 1471 2837 1521 est
2859 1466 3107 1538 psallere
3124 1465 3345 1520 nomini
3362 1471 3481 1519 tuo.
3507 1461 3770 1518 Psallen-

2112 1559 2251 1613 dum
2278 1562 2474 1613 autem
2514 1561 2603 1613 est
2631 1558 2693 1611 in
2719 1554 3059 1611 decachordo
3075 1553 3358 1626 psalterio,
3391 1550 3474 1607 ita
3491 1549 3772 1607 videlicet

2114 1654 2196 1714 ut,
2230 1648 2287 1702 in
2320 1647 2519 1702 anima
2548 1650 2747 1701 nostra
2776 1660 2904 1716 quae
2935 1643 2994 1699 in
3027 1640 3312 1714 superiori
3341 1642 3543 1696 nostra
3564 1640 3772 1695 admo-

2111 1736 2252 1792 dum
2286 1736 2545 1809 psalterii
2577 1750 2789 1791 sonum
2822 1732 3014 1801 rediit,
3047 1733 3248 1787 decem
3280 1728 3571 1802 praecepta
3609 1727 3763 1801 legis

2112 1826 2573 1895 observemus,et
2602 1825 2712 1880 hoc
2741 1839 2856 1879 non
2879 1838 2948 1877 ex
2975 1819 3343 1887 tristitia,sed
3366 1834 3491 1875 cum
3517 1819 3763 1883 mulino,

2114 1916 2171 1971 id
2204 1920 2314 1980 est,
2355 1930 2491 1969 cum
2530 1913 2744 1969 mentis
2771 1910 3084 1976 hilaritate,
3117 1907 3255 1981 quia
3283 1911 3558 1963 coactum
3580 1906 3768 1962 servi-

2113 2004 2261 2061 tium
2302 2020 2416 2059 non
2450 2008 2542 2058 est
2576 2004 2687 2057 Deo
2719 2000 3025 2073 placitum.
3075 1998 3238 2054 Unde
3291 1995 3476 2052 illud:
3522 1994 3771 2053 Hilarem

2115 2094 2360 2150 datorem
2396 2092 2581 2163 diligit
2614 2095 2756 2147 Deus
2786 2090 2860 2162 (11
2906 2090 3035 2145 Cor.
3086 2088 3185 2158 Ix).
3246 2084 3632 2141 Psallendum
3670 2090 3763 2142 est

2114 2183 2290 2239 etiam
2329 2184 2389 2237 in
2420 2183 2654 2248 cithara,
2682 2179 2741 2235 id
2774 2183 2881 2245 est,
2914 2179 2974 2233 in
3032 2175 3227 2233 carnis
3288 2173 3765 2244 mortiﬁcatione,

2115 2273 2253 2345 quia
2283 2286 2522 2326 necesse
2549 2275 2641 2325 est
2671 2282 2986 2341 quemque,
3015 2269 3080 2321 ut
3109 2266 3254 2321 bene
3285 2262 3520 2337 psallat,
3570 2264 3764 2320 cruci-

2115 2362 2291 2433 ﬁgere
2316 2374 2546 2416 carnem
2577 2375 2708 2414 cum
2739 2356 2897 2412 vitiis
2923 2359 2980 2411 et
2998 2352 3496 2425 concupiscentiis
3517 2372 3536 2407 :
3576 2352 3674 2409 vel
3703 2356 3766 2409 in

2114 2451 2348 2515 cithara,
2380 2449 2438 2503 id
2470 2453 2578 2514 est,
2637 2447 2695 2501 in
2747 2444 2941 2500 ofﬁcio
2988 2442 3268 2515 corporis,
3303 2442 3363 2497 in
3400 2441 3761 2499 exhibitione

2113 2538 2376 2595 videlicet
2388 2537 2889 2609 eleemosynarum
2906 2537 2963 2589 et
2974 2537 3322 2588 coeterarum
3337 2530 3624 2587 virtutum
3639 2546 3763 2604 quas

2114 2641 2351 2699 corpore
2380 2625 2892 2681 administrantur.
2948 2623 3094 2693 Quia
3159 2620 3446 2676 delectasti
3496 2635 3602 2689 me,
3657 2620 3764 2676 Do-

2114 2719 2283 2782 mine,
2315 2718 2371 2770 in
2394 2718 2615 2783 factura
2648 2718 2762 2769 tua.
2794 2713 2968 2779 Quasi
2998 2710 3191 2766 dicat:
3225 2707 3435 2766 Merito
3463 2709 3569 2766 tibi
3592 2710 3757 2783 psal-

2115 2805 2356 2861 lendum
2388 2808 2498 2874 est,
2530 2804 2669 2875 quia
2701 2819 2833 2859 cum
2866 2801 2926 2856 in
2960 2816 3091 2856 mea
3121 2799 3346 2855 factura
3374 2813 3567 2856 essem
3627 2816 3762 2856 con-

2115 2895 2403 2964 tristatus,
2434 2893 2718 2948 delectasti
2746 2908 2855 2959 me,
2885 2888 3129 2960 Domine,
3150 2890 3213 2944 in
3238 2891 3459 2960 factura
3487 2897 3602 2954 tua,
3633 2900 3765 2946 cum

2119 2999 2223 3055 per
2250 2987 2306 3038 te
2332 2981 2602 3037 videlicet
2631 2983 2988 3054 regnaturus
3017 2995 3173 3034 sum.
3204 2976 3364 3033 Unde
3391 2977 3714 3049 Apps'tolns
3742 2993 3760 3032 :

2116 3073 2315 3141 Ipsius.
2362 3070 2574 3142 inquit,
2630 3073 2857 3140 factura
2912 3082 3126 3133 sumus,
3177 3065 3347 3121 creati
3387 3066 3449 3118 in
3503 3065 3764 3136 operibus

2122 3161 2279 3217 bonis
2313 3160 2470 3231 (Eph.
2495 3160 2579 3230 ιι).
2619 3162 2687 3214 Et
2717 3158 2858 3230 quia
2884 3157 3171 3213 delectasti
3192 3155 3349 3210 metu
3376 3152 3589 3223 factura
3634 3156 3746 3219 tua,

366 3241 613 3314 requiei,
640 3242 713 3298 ad
746 3259 924 3314 quam
956 3243 1154 3299 nullus
1186 3220 1498 3317 perveniet,
1532 3246 1645 3302 nisi
1676 3263 1849 3318 quem
1874 3262 2007 3303 con-
2037 3220 2083 3288 δ
2121 3250 2249 3306 ideo
2270 3220 2331 3305 in
2346 3220 2599 3322 operibus
2630 3220 2899 3303 manuum
2925 3250 3153 3302 tuarum
3180 3220 3499 3311 exercebor,
3526 3239 3589 3296 id
3642 3244 3748 3307 est,

363 3329 611 3387 scientia
640 3329 890 3387 liberum
924 3346 1052 3387 esse
1079 3332 1357 3388 defendit.
1384 3335 1544 3399 Quod
1575 3340 1769 3390 autem
1789 3336 2007 3391 Sabba-

362 3426 490 3475 tum
524 3419 854 3492 illud,quod
887 3421 1231 3476 Judaeisi‘uit
1252 3422 1580 3493 injunctum
1610 3425 1680 3479 ad
1710 3424 2007 3480 celebran-

365 3508 527 3576 dum,
562 3509 641 3563 sit
665 3509 901 3581 signum
935 3511 1141 3565 luturze
1174 3511 1412 3583 requiei,
1446 3518 1583 3568 nota
1628 3512 1776 3568 liber
1832 3514 2012 3569 Gene-

362 3596 785 3668 seos,qui,cum
812 3600 1202 3669 praecedentes
1227 3601 1351 3655 dies
1380 3618 1482 3673 per
1502 3618 1673 3657 mane
1690 3605 1752 3658 et
1771 3618 2009 3675 vespere

360 3686 729 3754 determinet,
763 3689 1077 3759 septimam
1111 3690 1271 3745 illam
1296 3691 1450 3746 diem
1484 3690 1750 3746 videlicet
1786 3692 2006 3747 Sabba-

360 3779 510 3843 tum,
564 3777 623 3832 in
680 3793 799 3849 quo
856 3778 1142 3834 Dominus
1208 3780 1278 3833 ab
1319 3795 1491 3851 opere
1543 3779 1846 3851 requievit,
1908 3798 2009 3853 per

365 3881 670 3935 vesperum
731 3882 845 3921 non
890 3866 1317 3935 determinavit,
1396 3868 1534 3939 quia
1598 3868 1829 3940 requies
1886 3869 2005 3938 illa,

364 3969 491 4024 qua
522 3971 624 4024 per
654 3953 763 4009 hoc
795 3956 1117 4011 Sabbatum
1142 3957 1335 4012 futura
1357 3956 1903 4029 designatur,nullis
1923 3963 2007 4014 te-

364 4042 563 4095 nebris
596 4041 938 4108 oli‘uscatur,
972 4047 1070 4100 sed
1104 4046 1163 4101 in
1197 4046 1517 4117 purissima
1541 4046 1822 4103 cbaritate
1852 4052 2009 4103 teter-

363 4128 573 4184 naliter
604 4129 817 4200 agitur.
851 4131 1013 4194 Quod
1042 4134 1258 4190 dicitur
1289 4136 1573 4191 Dominus
1603 4137 1676 4205 ab
1734 4137 2009 4209 operibus

367 4217 747 4291 requievisse,
782 4235 897 4274 non
929 4220 1059 4276 ideo
1117 4222 1332 4277 dicitur
1396 4226 1559 4295 quod
1606 4225 1863 4287 laborem
1898 4226 2007 4282 ali-

360 4324 538 4381 quem
564 4320 778 4381 passus
811 4308 891 4363 sit
920 4309 977 4363 in
1001 4313 1298 4382 opere,sed
1325 4314 1733 4385 praeﬁgurabat
1752 4315 1893 4388 quid
1914 4316 2007 4371 fu-

356 4404 580 4465 turum,
614 4398 882 4455 videlicet
910 4399 968 4455 in
1006 4400 1264 4455 ﬁdelium
1298 4404 1906 4477 congregatione,quia
1935 4406 2008 4461 ad

355 4487 618 4559 requiem
641 4504 837 4543 veram
862 4504 992 4560 quae
1013 4489 1438 4561 perSabbatum
1463 4491 1661 4547 futura
1675 4493 2004 4564 denotatur,

2117 3339 2223 3394 tibi
2250 3339 2568 3395 attribuam
2605 3337 2761 3409 quod
2822 3335 2960 3391 boni
3016 3346 3243 3407 operor,
3302 3331 3442 3404 quia
3487 3344 3609 3386 non
3654 3342 3762 3403 ego

2119 3444 2346 3501 operor,
2378 3429 2478 3483 sed
2510 3440 2724 3483 manus
2744 3429 2879 3491 tute,
2910 3425 2966 3479 id
2998 3423 3386 3494 est,potentiae
3408 3424 3543 3487 tuae,
3576 3418 3641 3474 in
3672 3434 3760 3475 me

2117 3521 2434 3592 operantur
2462 3516 2682 3588 siquid
2716 3514 2850 3571 boni
2896 3526 3124 3585 cperor.
3180 3512 3360 3581 Quam
3412 3508 3764 3580 magnificam

2117 3613 2246 3665 sunt
2275 3624 2441 3679 opera
2469 3612 2587 3673 tua,
2613 3602 2870 3661 Domine!
2902 3603 3193 3659 Delectasti
3230 3615 3337 3665 me,
3400 3601 3663 3665 Domine,
3710 3598 3765 3652 in

2114 3702 2336 3772 factura
2365 3701 2481 3763 tua,
2515 3699 2570 3751 et
2600 3694 2723 3750 haec
2752 3709 2928 3766 opera
2975 3695 3077 3747 tua
3120 3690 3273 3763 quod
3336 3702 3430 3744 me
3486 3687 3759 3744 delectari

2121 3788 2260 3843 facis
2292 3787 2349 3840 in
2385 3786 2605 3840 factura
2636 3788 2757 3853 tua,
2788 3796 2965 3855 quam
2994 3779 3373 3851 magnificam
3391 3776 3622 3843 sunt,id
3657 3779 3756 3842 est,

2117 3891 2292 3947 quam
2326 3889 2540 3947 magna
2559 3871 2830 3928 habenda
2855 3872 3083 3927 sunt.Et
3108 3865 3589 3940 nimis'profundz
3602 3866 3758 3937 facta:

2116 3970 2245 4022 sunt
2294 3964 2645 4036 cogitalitmes
2702 3970 2833 4028 tuae,
2891 3959 2947 4014 id
3001 3963 3110 4029 est,
3189 3954 3501 4013 exaltando
3581 3954 3760 4009 alium

2116 4054 2341 4127 dejicis,
2372 4057 2430 4109 et
2460 4052 2641 4106 alium
2672 4046 3042 4105 humiliando
3097 4045 3342 4113 exaltas,
3382 4059 3500 4099 non
3533 4045 3630 4098 est
3655 4042 3766 4097 ἰηι-

2119 4160 2303 4200 mante
2329 4142 2545 4199 mentis
2572 4139 2944 4211 investigare.
2978 4135 3081 4192 Vel
3111 4136 3232 4192 sic:
3282 4131 3659 4189 Psallam
3686 4134 3767 4188 est

2115 4234 2336 4289 nomini
2364 4232 2541 4287 tuoin
2569 4228 2811 4284 cithara.
2859 4226 3023 4291 Quod
3060 4227 3260 4281 autem
3325 4220 3651 4295 psallentes
3700 4222 3765 4275 in

2116 4321 2333 4378 cithara
2360 4318 2650 4392 permittis
2681 4316 3032 4380 laborare,et
3046 4328 3165 4369 non
3197 4310 3515 4385 psallentes
3534 4309 3765 4374 ﬂorere,

2118 4412 2273 4466 bona
2304 4424 2477 4479 opera
2506 4415 2619 4477 tua,
2654 4404 2913 4471 Domine,
2944 4416 3112 4474 quam
3139 4396 3499 4473 magniﬁcata
3527 4404 3684 4469 sunt,
3718 4404 3772 4453 et

2118 4502 2287 4555 nimis
2310 4497 2602 4570 profundat
2620 4496 2790 4570 factae
2817 4495 2948 4549 sunt
2973 4492 3327 4561 cogitationes
3356 4497 3487 4554 me,
3519 4488 3580 4542 in
3633 4487 3768 4560 qui-

355 4593 389 4631 a
419 4575 582 4633 nullo
608 4576 867 4631 fidelium
904 4578 1029 4632 sine
1048 4577 1245 4633 labore
1272 4580 1627 4651 pervenitur,
1643 4586 1709 4635 ut
1728 4582 1836 4637 hoc
1861 4583 2011 4655 {igu-
2043 4594 2088 4658 Β
2121 4590 2232 4645 bus
2260 4588 2381 4643 hac
2411 4586 2610 4643 omnia
2631 4584 2786 4656 apud
2804 4582 3061 4654 teipsum
3087 4579 3353 4653 disponis
3378 4595 3391 4635 :
3425 4576 3588 4651 quod
3605 4576 3768 4633 enim

356 4668 511 4718 raret
538 4665 711 4734 quasi
743 4666 817 4720 ab
852 4682 1024 4736 opere
1048 4668 1301 4738 septima
1329 4668 1419 4723 die
1437 4670 1737 4741 requievit.
1774 4670 2008 4727 Titulus

355 4752 440 4807 sic
463 4752 772 4822 exponitur
806 4754 1132 4826 :Psalmus,
1178 4756 1231 4810 id
1266 4761 1372 4824 est,
1408 4758 1525 4812 haec
1586 4759 1842 4830 Operatio
1890 4766 1999 4832 est,

246 4864 251 4871 κ
351 4843 578 4907 cantici,
613 4840 667 4894 id
694 4848 800 4911 est,
835 4844 1245 4900 exultationis:
1279 4849 1484 4902 cantici
1534 4846 1682 4912 dico,
1745 4836 1996 4905 habendi

353 4932 415 4986 in
440 4930 530 4985 die
557 4930 790 5001 sabbati,
825 4930 879 4985 id
914 4937 1023 4999 est,
1086 4934 1141 4987 in
1184 4935 1651 4991 consideratione
1706 4953 1851 4993 verte
1908 4957 1996 4995 re-

353 5019 510 5091 quiei
536 5036 666 5091 quae
682 5024 775 5076 est
796 5020 855 5074 in
882 5022 1193 5077 serenitate
1214 5024 1618 5081 conscientia:
1640 5030 1697 5081 et
1718 5028 1997 5096 quoniam

350 5109 638 5165 serenitas
666 5109 1032 5166 conscientiae
1052 5111 1311 5183 procedit
1339 5130 1406 5168 ex
1447 5114 1833 5180 confessione,
1868 5118 1997 5175 ideo

348 5197 407 5252 in
437 5199 805 5256 conlessione
822 5200 1001 5257 habet
1027 5201 1293 5273 psalmus
1316 5202 1875 5263 initium.Conl‘essio
1893 5225 1998 5264 au-

349 5292 466 5345 tem
497 5294 588 5344 est
615 5288 852 5360 duplex,
880 5290 967 5345 vel
1001 5292 1235 5361 quando
1262 5293 1575 5350 Dominum
1597 5294 1907 5353 laudamus
1927 5314 1999 5355 ex

350 5375 668 5432 benefactis
693 5383 933 5443 nostris,
966 5379 1050 5434 vel
1086 5382 1320 5452 quando
1344 5382 1616 5454 nosipsos
1647 5401 1996 5442 accusamus

348 5464 407 5520 in
442 5467 773 5522 conﬁtendo
804 5470 957 5538 quod
994 5471 1144 5526 male
1169 5471 1430 5527 ferimus.
1464 5473 1614 5528 Dicit
1643 5481 1837 5532 autem
1871 5478 1992 5535 sic:

423 5556 630 5609 Bonum
658 5561 737 5610 est
765 5560 1015 5627 conﬁteri
1050 5561 1299 5617 Domino.
1347 5564 1630 5619 Confitere
1688 5580 1826 5638 ergo
1884 5567 1995 5623 Do-

353 5641 535 5710 mino,
567 5646 897 5701 accusando
934 5650 989 5702 te
1026 5648 1303 5718 ipsumjn
1331 5650 1657 5708 maledictis
1704 5655 1845 5721 tuis,
1877 5656 1996 5713 lau-

2117 4681 2208 4734 vir
2236 4678 2521 4748 insipiens,
2555 4674 2614 4729 id
2643 4679 2753 4737 est,
2781 4672 2878 4728 ille
2926 4671 3025 4743 qui
3058 4669 3244 4726 nescit
3278 4667 3393 4724 sibi
3448 4674 3659 4722 cavere
3710 4664 3769 4720 in

2113 4771 2434 4841 posterum,
2458 4763 2644 4820 solam
2667 4762 2845 4817 vitam
2860 4760 3255 4831 temporalem
3276 4756 3771 4825 existimamus»

2109 4863 2403 4928 cognoscet,
2435 4857 2485 4909 et
2514 4850 2724 4907 stultus
2753 4865 2863 4904 non
2919 4848 3194 4917 intelliget
3243 4847 3373 4902 haec.
3403 4845 3622 4901 Stultus
3672 4846 3773 4900 est

2107 4946 2205 5002 ille
2240 4945 2364 5015 qui,
2389 4957 2519 4996 cum
2550 4939 2634 4995 sit
2657 4940 2716 4994 iu
2748 4936 3252 5003 summamiseria,
3279 4938 3442 5007 putat
3465 4947 3533 4989 se
3550 4942 3688 4989 csse
3708 4931 3769 4987 in

2108 5033 2366 5089 maxima
2396 5028 2695 5095 felicitate,
2714 5026 2874 5083 velut
2906 5025 3101 5098 plures
3131 5024 3232 5098 qui
3258 5024 3331 5080 ad
3363 5023 3473 5079 hoc
3496 5022 3776 5078 unitat-

2106 5127 2222 5190 tur,
2259 5124 2324 5177 ut
2351 5117 2722 5190 dejiciantur.
2750 5114 2912 5181 Quod
2946 5115 3107 5183 dicit,
3139 5114 3340 5171 stultus
3385 5126 3499 5168 non
3536 5110 3767 5167 Melli-

2105 5220 2193 5285 get
2222 5211 2359 5279 hanc,
2384 5213 2444 5263 et
2471 5206 2614 5265 dicit
2643 5218 2789 5278 quin.
2816 5202 2951 5261 Cum
2976 5205 3162 5261 exorti
3182 5204 3396 5275 fuerim
3438 5204 3772 5274 peccatores.

2108 5303 2163 5357 id
2197 5305 2305 5370 est,
2335 5302 2515 5361 extra,
2538 5295 2687 5351 alios
2707 5295 2817 5351 orti
2838 5296 2983 5351 sicut
3019 5296 3232 5366 fenum,
3262 5291 3403 5365 quod
3430 5289 3596 5347 hodie
3622 5289 3771 5345 viret

2109 5395 2159 5446 et
2188 5404 2311 5447 eras
2340 5389 2406 5443 in
2424 5386 2707 5441 clibanum
2734 5385 2980 5439 mittitur
3006 5381 3219 5451 (Matth.
3252 5385 3355 5450 γι),
3374 5385 3437 5436 et
3453 5390 3565 5435 nan
3598 5377 3771 5434 intel-

2105 5481 2237 5549 liget
2260 5477 2415 5550 quod
2451 5492 2585 5530 cum
2611 5475 2971 5545 apparuerint
2989 5487 3179 5529 omnes
3199 5474 3296 5545 qui
3305 5470 3617 5542 operantur
3652 5469 3762 5524 ini-

2104 5571 2390 5640 quitatem,
2420 5569 2501 5633 ut,
2532 5563 2589 5619 id
2621 5568 2729 5632 est,
2764 5562 3016 5634 qualiter
3064 5563 3335 5619 intereant
3382 5562 3447 5616 in
3502 5558 3763 5615 saeculum

2106 5658 2325 5727 saeculi,
2356 5656 2414 5712 id
2444 5652 2931 5725 est,seternaliter.
2958 5652 3079 5726 Hoc
3109 5655 3304 5709 autem
3338 5660 3406 5707 ex
3424 5648 3538 5706 hoc
3558 5652 3761 5721 proce-
