4024 6192
266 273 391 337 637

1400 269 2011 338 ENARRATIONES
2055 268 2132 329 ΙΝ
2176 270 2559 334 PSALMOS.

3559 274 3679 337 638

277 408 416 467 bore
445 409 732 467 bonorum
764 409 1017 467 habeant
1045 411 1411 483 patientiam.
1440 411 1579 466 Nam
1606 408 1922 480 unusquis-
1953 404 2008 469 Α
2035 411 2231 481 cuique
2252 410 2435 465 reddet
2480 408 2776 465 secundum
2816 422 2987 479 opera
3032 424 3153 465 sua.
3192 409 3468 478 Usquequo
3486 425 3680 480 pecca-

278 510 392 570 que
409 498 510 570 qui
531 515 662 555 vere
686 504 772 555 est
795 499 1187 566 Christianus,
1215 516 1348 556 cum
1374 498 1528 554 videt
1549 497 1740 553 taliter
1769 514 1922 552 mur-

281 592 604 653 murantes,
637 588 791 644 dolet
821 598 870 644 et
893 588 1116 656 irridet,
1144 589 1354 644 etdicit
1380 606 1391 644 :
1417 588 1538 645 Non
1562 592 1649 643 est
1673 586 1923 642 hominis

279 676 631 749 investigare
650 694 754 732 cur
776 683 925 734 Deus
948 679 1203 749 patiatur
1222 679 1407 733 bonos
1428 676 1693 733 laborare
1715 681 1771 731 et
1802 693 1925 731 ma-

280 767 367 823 los
392 767 595 822 ﬂorere
620 810 633 835 ,
667 768 887 823 sufficit
941 768 1083 823 mihi
1143 767 1290 823 scire
1349 767 1605 822 laborem
1639 767 1925 821 bonorum

281 872 409 912 esse
441 856 844 928 temporalem,
877 861 932 913 et
977 858 1175 914 ﬂorem
1228 855 1537 912 malorum.
1588 857 1653 910 Et
1684 856 1803 909 haec
1835 855 1925 909 di-

283 944 487 1010 cendo,
522 946 796 1016 proponit
826 946 938 1001 sibi
972 946 1313 1019 patientiam
1362 948 1564 1000 contra
1597 943 1927 999 felicitatem

285 1033 578 1090 malorum
609 1038 665 1089 et
697 1035 993 1090 miseriam
1027 1036 1334 1091 bonorum.
1370 1034 1555 1098 Quam
1587 1032 1928 1105 patientiam

284 1124 454 1179 docet
483 1122 748 1196 psalmus
779 1124 908 1191 iste,
952 1124 1045 1180 cui
1102 1124 1238 1179 talis
1301 1123 1653 1196 praeponitur
1682 1121 1926 1177 titulus:

284 1212 536 1267 Psalmus
570 1212 740 1267 David
766 1216 966 1285 quarta
1004 1213 1243 1268 Sabbati.
1279 1217 1339 1266 In
1373 1216 1574 1283 quarta
1607 1212 1830 1266 Sabbali
1860 1211 1934 1266 le-

286 1301 443 1374 gitur
466 1306 619 1357 Deus
641 1301 849 1358 fecisse
880 1302 1198 1357 luminaria
1218 1301 1276 1355 in
1301 1302 1671 1356 ﬁrmamento
1694 1300 1846 1371 (Gen.
1869 1304 1931 1370 1),

284 1390 451 1445 solem
481 1391 539 1443 in
570 1394 889 1461 potestatem
918 1392 1055 1458 diei,
1083 1392 1281 1445 lunam
1312 1400 1366 1445 et
1394 1392 1583 1446 stellas
1610 1393 1671 1445 in
1695 1394 1935 1462 potesta-

288 1486 395 1535 tem
424 1480 600 1534 noctis
639 1480 808 1549 (Psal.
842 1481 1063 1550 cxxxv).
1101 1480 1229 1535 Haec
1275 1480 1586 1534 luminaria
1619 1484 1934 1551 quantum-

288 1583 521 1639 cunque
554 1567 821 1623 homines
852 1569 1219 1623 menliuntur
1247 1569 1317 1624 de
1339 1569 1445 1637 eis,
1472 1574 1937 1641 quantaecunque

289 1656 503 1712 cadant
545 1658 879 1729 grandines,
913 1662 1367 1730 quantacunque
1402 1658 1546 1713 ﬁant
1596 1658 1871 1731 pericula,
1906 1675 1939 1712 a

2032 509 2192 563 tores,
2254 501 2501 565 Domine,
2554 514 2832 570 usquequo
2886 496 3315 569 gloriabuntur?
3354 498 3681 556 Artiﬁciosa

2035 587 2307 661 agiturin
2334 587 2442 642 hoc
2463 587 2687 657 psalmo
2714 592 2913 642 contra
2936 587 3133 643 minus
3160 586 3418 643 eruditos
3441 592 3497 641 et
3526 604 3682 642 mur-

2036 682 2336 734 murantes
2367 682 2569 732 contra
2602 678 2939 745 Dominum,
2993 677 3131 751 quia
3178 678 3278 750 qui
3311 677 3403 732 hic
3425 677 3686 749 loquitur

2038 772 2102 823 ut
2122 767 2548 839 competentius
2570 767 2639 822 ad
2664 768 2945 838 gaudium
2967 773 3023 823 et
3045 768 3111 823 ad
3131 766 3469 840 patientiam
3486 784 3685 823 secum

2039 859 2233 923 ducat,
2262 856 2424 928 prius
2444 872 2642 910 vocem
2667 871 2867 910 eorum
2891 857 2949 911 in
2976 874 3037 912 se
3076 856 3375 923 transfert,
3413 861 3469 912 et
3489 856 3574 912 sic
3604 856 3688 912 eis

2041 946 2209 1017 quasi
2241 943 2603 1000 condolendo
2634 949 3009 1016 repraesentat
3036 962 3233 1001 vocem
3268 945 3526 1016 illorum,
3550 950 3614 1000 ut
3633 950 3692 1002 et

2040 1035 2152 1107 ipsi
2176 1038 2375 1105 postea
2391 1037 2699 1089 assumant
2718 1050 2917 1088 vocem
2936 1035 3207 1090 istorum.
3228 1036 3337 1101 Qui
3356 1035 3697 1092 consolatur

2043 1124 2319 1189 amicum,
2346 1140 2460 1177 non
2501 1122 2928 1193 competentius
2953 1122 3063 1177 hoc
3083 1123 3252 1179 faciet
3271 1141 3448 1195 quam
3474 1124 3519 1179 si
3553 1142 3688 1181 cum

2043 1212 2229 1268 amico
2256 1229 2317 1267 se
2338 1211 2529 1267 dolere
2550 1211 2841 1278 ostendat,
2866 1211 3145 1281 quoniam
3179 1213 3262 1267 sic
3286 1212 3469 1268 levius
3492 1230 3693 1270 secum

2045 1302 2339 1357 dolentem
2362 1302 2430 1356 ad
2456 1301 2735 1371 gaudium
2762 1301 2975 1355 ducere
3016 1305 3224 1372 potest.
3251 1301 3409 1365 Quod
3438 1303 3487 1357 si
3510 1304 3690 1360 dicit:

2049 1393 2325 1463 Usquequo
2378 1398 2700 1461 peccatores,
2760 1392 3002 1459 Domine,
3043 1391 3474 1460 gloriabuntur?
3517 1390 3573 1446 id
3607 1398 3699 1448 est

2047 1497 2352 1552 quousque
2385 1479 2621 1550 patieris
2669 1482 2999 1550 peccatores
3064 1494 3233 1549 agere
3292 1496 3421 1551 quae
3454 1480 3698 1535 volunt?

2048 1574 2105 1624 et
2133 1585 2438 1639 quousque
2469 1568 2855 1635 gloriabuntur
2886 1568 2944 1621 in
2974 1566 3247 1622 felicitate
3280 1584 3387 1623 sua
3407 1568 3435 1623 ‘t
3468 1569 3536 1624 Et
3563 1585 3696 1625 ecce

2048 1661 2288 1731 apparet
2316 1657 2373 1712 in
2427 1674 2539 1727 quo
2568 1656 2913 1729 gloriantur.
2963 1657 3293 1728 Effabuntur
3320 1660 3372 1711 et
3405 1659 3701 1728 loquentur

289 1749 443 1801 statu
469 1762 575 1801 suo
598 1762 710 1801 non
736 1753 1058 1814 moventur,
1096 1748 1196 1801 sed
1236 1764 1475 1802 cursum
1504 1764 1679 1803 suum
1709 1746 1807 1818 qui
1827 1746 1937 1801 sibi
1971 1778 2018 1842 B
2050 1749 2413 1819 iniquitatem.
2439 1746 2590 1801 Ordo
2609 1750 3182 1817 estpraeposteratus,
3204 1746 3526 1819 quiaprius
3540 1748 3695 1819 apud

288 1839 377 1890 est
398 1851 431 1890 a
457 1839 569 1891 Deo
591 1835 913 1907 dispositus
936 1841 1242 1908 peragunt.
1286 1836 1391 1890 Per
1430 1836 1550 1891 hinc
1592 1836 1731 1891 talia
1762 1836 1937 1890 lumi-

290 1924 457 1979 naria
489 1924 898 1997 signiﬁcantur
929 1924 1013 1979 illi
1061 1926 1131 1980 de
1163 1925 1381 1996 quibus
1412 1926 1554 1980 dicit
1583 1924 1937 1998 Apostolus:

294 2014 488 2070 Omnia
519 2016 683 2084 facile
711 2016 834 2068 sine
856 2014 1276 2086 disceptatione
1298 2017 1347 2069 et
1370 2016 1859 2078 murmuratione,
1881 2022 1943 2070 ut

295 2102 417 2155 sitis
447 2100 1679 2174 irreprehensibilesetsinceri,immaculati
1699 2105 1943 2175 ﬁliiDei,

298 2191 359 2244 in
386 2189 565 2245 medio
592 2193 832 2246 natio-nis
864 2206 1052 2261 pravae
1073 2196 1123 2246 et
1150 2208 1438 2263 perversa,
1465 2194 1563 2247 ubi
1593 2194 1780 2248 lucetis
1802 2194 1949 2248 velut

295 2279 611 2334 luminaria
643 2280 756 2335 ﬁxa
776 2282 836 2335 in.
858 2281 1249 2347 firmamento,
1274 2283 1503 2336 verbum
1524 2284 1647 2337 vitae
1672 2285 1948 2338 centiam-

300 2375 379 2422 tes
410 2366 582 2437 (Phil.
617 2369 931 2436 II).Lucent
960 2368 1069 2434 illi,
1123 2369 1282 2425 velut
1337 2369 1626 2426 luminare
1655 2371 1711 2425 in
1748 2372 1945 2427 firma-

302 2461 523 2520 mento,
559 2457 657 2528 qui
689 2457 749 2511 in
791 2457 1111 2530 Scripturis
1157 2459 1339 2514 sacris
1390 2460 1808 2529 promissiones
1838 2465 1947 2515 Do-

300 2544 446 2599 mini
476 2546 812 2601 attendunt.
849 2547 991 2601 Nam
1027 2547 1125 2618 qui
1158 2564 1257 2603 eas
1288 2549 1618 2614 attendunt,
1646 2550 1758 2621 ipsi
1780 2550 1949 2621 quasi
1980 2614 1981 2617 η

302 2633 361 2689 in
382 2634 752 2690 firmamento
767 2651 1004 2691 cursum
1028 2653 1201 2691 suum
1221 2643 1527 2709 peragunt,
1550 2638 1830 2693 habentes
1848 2656 1951 2693 un-

301 2723 476 2795 dique
507 2723 847 2795 patientiam
882 2723 1025 2779 etin
1077 2724 1206 2790 hoc,
1256 2724 1522 2781 videlicet
1567 2727 1719 2797 quod
1753 2728 1952 2783 vident

305 2811 493 2868 malos
523 2814 747 2881 ﬂorere,
780 2814 965 2869 bonos
994 2813 1277 2868 laborare.
1322 2814 1428 2879 Qui
1460 2832 1592 2870 vero
1622 2815 1731 2871 hoc
1766 2817 1949 2889 impa-

300 2901 514 2958 tienter
532 2903 749 2973 ferunt,
774 2902 887 2974 ipsi
906 2902 1076 2974 quasi
1097 2902 1155 2958 in
1180 2905 1549 2960 firmamento
1573 2906 1805 2973 cadunt,
1833 2924 1949 2962 non

301 2995 453 3047 recte
486 2996 706 3047 statum
745 3008 953 3047 cursus
997 2991 1086 3047 sui
1136 2992 1522 3064 perficientes.
1577 2994 1642 3047 Et
1673 2995 1949 3065 quoniam

305 3078 572 3152 psalmus
588 3080 697 3136 iste
719 3081 1057 3152 patientiam
1078 3081 1369 3153 proponit,
1392 3082 1598 3137 merito
1617 3082 1949 3138 intitulatus

301 3144 391 3225 est
411 3179 615 3241 quarta
644 3144 886 3239 Sabbati,
922 3186 1034 3224 non
1060 3144 1214 3241 quod
1238 3144 1505 3241 psalmus
1529 3176 1663 3243 agat
1683 3172 1753 3226 de
1775 3173 1951 3227 rebus
1981 3144 2024 3210 C

302 3257 513 3314 creatis
531 3263 732 3330 quarta
763 3258 1008 3326 Sabbati,
1043 3258 1144 3313 sed
1171 3258 1242 3312 de
1264 3259 1438 3313 rebus
1479 3259 1822 3330 significatis
1851 3276 1953 3330 per

304 3362 397 3402 res
443 3351 668 3402 creatas
715 3351 916 3419 quarta
946 3346 1193 3401 Sabbati.
1226 3346 1371 3401 Nam
1404 3363 1512 3401 vox
1542 3363 1744 3401 eorum
1774 3351 1863 3403 est
1892 3348 1951 3402 in

302 3435 413 3491 hoc
436 3435 682 3508 psalmo,
708 3436 807 3509 qui
834 3436 1245 3509 signiﬁcantur
1292 3452 1394 3507 per
1422 3435 1737 3491 luminaria
1760 3441 1955 3508 quarta

301 3524 531 3582 Sabbati
560 3524 618 3579 in
651 3526 1023 3580 firmamento
1055 3525 1265 3596 posita,
1308 3528 1365 3579 et
1392 3523 1631 3579 dicunt:

370 3615 515 3670 Deus
544 3615 825 3669 ultionum
850 3614 1131 3683 Dominus,
1166 3614 1303 3668 Deus
1331 3615 1607 3670 ultionum
1637 3616 1806 3670 libere
1826 3617 1951 3686 egit.

301 3703 478 3770 Quasi
501 3703 692 3759 dicat:
721 3703 921 3759 nullus
960 3702 1215 3759 invideat
1236 3702 1486 3758 malisin
1533 3704 1671 3759 ﬂore
1710 3720 1816 3759 suo
1848 3721 1954 3760 nec

300 3793 497 3849 doleat
518 3792 566 3848 si
591 3791 726 3847 boni
752 3791 1041 3856 laborant,
1071 3792 1172 3847 sed
1194 3808 1293 3846 cor
1314 3809 1550 3848 sursum
1593 3810 1825 3866 semper
1845 3794 1951 3848 ha-

300 3883 457 3952 beat,
488 3881 629 3954 quia
657 3882 798 3936 Deus
829 3886 917 3936 est
950 3882 1218 3935 Dominus
1238 3881 1511 3936 ultionum
1534 3882 1755 3937 scilicet
1778 3900 1954 3955 agen-

302 3972 541 4038 darum,
573 3987 607 4025 a
636 3986 751 4041 quo
782 3986 899 4025 non
929 3968 1040 4025 erit
1086 3969 1452 4040 impunitum
1505 3987 1675 4025 omne
1708 3972 1950 4027 malum.

303 4064 453 4116 Deus
475 4062 567 4114 est
586 4060 864 4114 ultionum
904 4058 1056 4128 dico,
1095 4057 1232 4129 quia
1253 4058 1424 4112 libere
1444 4060 1552 4128 egit
1572 4059 1629 4112 in
1658 4058 1867 4125 Verbo,
1901 4066 1958 4115 et

302 4148 436 4204 ideo
456 4148 628 4203 libere
654 4147 866 4220 agetin
908 4145 1157 4218 judicio.
1206 4149 1396 4201 Libere
1421 4148 1531 4218 egit
1558 4147 1617 4201 in
1648 4147 1858 4219 Verbo,
1893 4153 1959 4203 ut

304 4237 592 4307 scriptum
615 4241 704 4291 est
729 4252 739 4290 :
767 4236 835 4290 Et
858 4244 975 4290 erat
1022 4233 1269 4306 loquens
1309 4238 1590 4306 tanquam
1614 4236 1700 4289 vir
1722 4241 1954 4305 potesta-

303 4329 421 4381 tem
450 4326 670 4394 habens,
706 4341 817 4379 non
847 4329 1131 4395 tanquam
1159 4324 1368 4380 Scriba?
1388 4329 1439 4379 et
1468 4324 1743 4380 Pharisazi
1769 4343 1959 4381 eorum

305 4412 519 4485 (Matth.
547 4414 669 4486 vn).
702 4414 898 4469 Libere
926 4415 1053 4485 egit,
1083 4429 1368 4484 passurus
1393 4431 1406 4481 ;
1430 4417 1488 4469 et
1511 4413 1639 4469 ideo
1663 4416 1957 4473 neminem

2052 1854 2115 1893 se
2144 1837 2477 1908 loquentur,
2505 1840 2560 1891 et
2596 1840 2794 1907 postea
2816 1835 2945 1890 aliis
2990 1841 3150 1891 extra
3173 1836 3512 1907 loquentur.
3547 1837 3700 1900 Quid

2053 1928 2381 1997 loquentur?
2400 1924 2665 1997 Cogitant
2687 1925 2838 1996 apud
2866 1941 2926 1980 se
2950 1926 3102 1995 quod
3127 1930 3236 1981 Deo
3260 1942 3374 1981 non
3398 1924 3703 1997 displiceat

2054 2014 2211 2070 mala
2267 2016 2387 2069 vita
2446 2030 2687 2069 eorum:
2749 2013 2887 2084 quia
2944 2013 3297 2086 displiceret,
3350 2012 3439 2069 vel
3470 2014 3705 2085 penitus

2054 2121 2153 2160 eos
2171 2104 2334 2159 evita
2355 2103 2611 2158 auferret
2631 2102 2715 2157 vel
2742 2096 2845 2158 sic
2878 2120 2975 2158 eos
3026 2103 3230 2159 ﬂorere
3269 2120 3382 2158 non
3408 2102 3702 2174 permitte-

2057 2197 2164 2257 ret,
2198 2198 2273 2263 et,
2304 2192 2425 2247 haec
2456 2191 2791 2262 cogitando,
2823 2198 3075 2263 surgunt
3106 2196 3309 2247 contra
3340 2191 3487 2247 alios
3518 2192 3576 2246 in
3607 2193 3705 2247 de-

2059 2283 2380 2338 fensionem
2432 2285 2822 2353 peccatorum.
2884 2282 3047 2347 Quod
3104 2281 3266 2345 dicit,
3325 2281 3712 2353 effabunturet

2059 2374 2353 2443 loquentur
2403 2372 2791 2442 iniquitatem:
2854 2370 3164 2441 loquentur,
3218 2371 3367 2437 dico,
3402 2386 3585 2426 omnes
3615 2373 3712 2441 qui

2058 2469 2355 2532 operantur
2387 2460 2743 2526 iniustitiam,
2786 2460 2925 2529 quia
2975 2460 3264 2530 operando
3298 2460 3609 2530 loquentur.
3644 2460 3713 2514 Et

2059 2566 2189 2606 ecce
2218 2548 2499 2618 iniquitas
2524 2564 2699 2618 quam
2729 2546 3069 2618 loquuntur.
3096 2549 3241 2613 Quia
3254 2549 3517 2619 populum
3533 2552 3707 2619 tuum,

2062 2640 2304 2701 Domine,
2329 2637 2764 2691 humiliaverunt
2785 2636 2844 2691 in
2869 2637 3002 2705 fide,
3028 2636 3138 2691 sibi
3164 2637 3586 2693 conformando
3610 2638 3716 2693 hu-

2059 2726 2375 2782 miliandos
2406 2725 2806 2792 reddiderunt,
2856 2730 2907 2781 et
2954 2727 3330 2781 hereditatem
3378 2735 3549 2793 tuam,
3584 2744 3713 2799 per-

2060 2817 2239 2871 fectos
2268 2814 2554 2880 videlicet,
2602 2814 2740 2885 quia
2772 2832 2804 2870 a
2858 2820 2915 2870 te
2944 2832 3132 2886 usque
3193 2816 3263 2870 ad
3297 2816 3713 2887 perfectionem

2062 2905 2205 2960 culti
2239 2910 2397 2967 sunt,
2431 2921 2578 2975 quos
2640 2920 2755 2959 non
2816 2908 3133 2975 potuerunt
3191 2903 3523 2970 humiliare,
3553 2920 3715 2961 vexa-

2060 2998 2215 3059 runt,
2251 2995 2305 3048 id
2368 2998 2456 3049 est
2513 2992 2718 3048 multis
2777 2992 3257 3048 tribulationibus
3287 2994 3615 3049 afﬁxerunt.
3651 2994 3718 3048 Et

2062 3100 2189 3153 quae
2222 3083 2297 3137 sit
2356 3082 2660 3137 hereditas
2721 3098 2896 3152 quam
2956 3090 3315 3148 vexaverant,
3366 3082 3712 3154 subjungit:

2066 3171 2297 3227 Viduam
2354 3179 2406 3225 et
2459 3170 2723 3225 advenam
2792 3172 3177 3240 interfecerunt
3236 3175 3288 3225 et
3341 3172 3587 3241 pupillos
3634 3186 3717 3225 oc-

2060 3259 2335 3314 ciderunt.
2369 3258 2547 3311 Vidui
2578 3262 2718 3311 sunt
2774 3274 2979 3312 omnes
3041 3257 3123 3312 illi
3184 3258 3283 3328 qui
3319 3274 3381 3313 se
3412 3275 3446 3312 a
3476 3256 3714 3328 copula-

2062 3348 2219 3403 tione
2243 3346 2458 3402 diaboli
2483 3350 2757 3417 separant
2776 3347 2868 3401 cui
2899 3347 3151 3417 quisque
3172 3344 3506 3418 copulatur,
3528 3362 3716 3418 quan-

2065 3438 2137 3492 do
2171 3437 2227 3491 in
2276 3439 2577 3507 peccatum
2636 3434 2809 3489 cadit.
2869 3436 3115 3490 Advenis
3174 3440 3314 3489 sunt
3368 3434 3454 3490 illi
3496 3434 3599 3507 qui
3626 3434 3714 3489 in-

2064 3526 2340 3598 telligunt
2370 3541 2431 3579 se
2464 3542 2576 3579 non
2610 3524 2824 3579 habere
2882 3524 2976 3579 hic
3034 3527 3367 3579 manentem
3397 3524 3713 3591 civitatem,

2066 3615 2167 3670 sed
2227 3615 2484 3669 futuram
2548 3613 2854 3685 inquirunt
2908 3613 3087 3682 (Hebr.
3122 3613 3268 3682 XIII).
3329 3610 3549 3683 Pupilli
3582 3617 3721 3667 sunt

2067 3704 2165 3776 qui
2189 3704 2529 3775 relinquunt
2555 3706 2824 3774 parentes
2850 3702 3157 3756 mundana:
3180 3699 3449 3756 civitatis.
3480 3700 3547 3754 Hi
3573 3699 3720 3755 tales

2066 3794 2282 3866 saepius
2314 3792 2495 3847 vexati
2532 3796 2670 3847 sunt
2717 3792 2787 3845 ab
2843 3790 3061 3861 impiis,
3095 3793 3146 3845 et
3188 3790 3449 3845 dixerunt
3500 3789 3559 3844 in
3591 3788 3721 3859 ipsa

2065 3883 2366 3938 vexatione
2388 3888 2590 3937 contra
2612 3880 2928 3935 Dominum
2952 3884 3420 3935 murmurantes:
3442 3895 3552 3935 non
3572 3879 3720 3935 vide-

2068 3974 2143 4027 bit
2169 3973 2433 4027 Dominus
2456 3987 2596 4025 suos
2619 3970 2703 4023 sic
2727 3968 2948 4039 plagari
2973 3969 3044 4024 ab
3070 3969 3289 4041 impiis,
3314 3968 3453 4041 quia
3473 3969 3523 4025 si
3540 3968 3718 4039 videt,

2067 4078 2172 4114 cur
2192 4060 2411 4131 patitur
2430 4058 2458 4112 ?
2481 4064 2537 4113 et
2560 4059 2607 4112 si
2634 4058 2871 4129 patitur,
2896 4075 3010 4113 non
3035 4062 3125 4114 est
3142 4060 3376 4129 justus;
3408 4063 3463 4113 et
3477 4059 3561 4114 sic
3587 4074 3719 4129 pos-

2068 4153 2198 4206 sent
2219 4149 2288 4202 ad
2314 4148 2422 4203 hoc
2444 4147 2637 4203 venire
2662 4152 2723 4201 ut
2754 4164 2870 4202 non
2910 4152 3063 4204 esset
3107 4148 3284 4215 Deus,
3335 4147 3472 4219 quia
3493 4148 3593 4218 qui
3617 4164 3720 4201 au-

2069 4234 2482 4304 fertjustitiam
2512 4236 2698 4289 aufert
2720 4239 2777 4289 et
2799 4235 3095 4289 deitatem.
3134 4235 3294 4301 Quod
3321 4234 3482 4303 dicit,
3496 4235 3615 4289 Non
3636 4234 3717 4287 vi-

2068 4323 2217 4379 debit
2238 4324 2521 4389 Dominus,
2540 4341 2597 4377 ne
2613 4340 2641 4378 c
2661 4323 2836 4377 etiam
2878 4324 3149 4392 intelliget
3169 4323 3310 4377 Deus
3344 4321 3536 4386 Iacob,
3563 4321 3719 4392 quod

2069 4413 2260 4469 adhuc
2276 4412 2468 4480 majus
2483 4417 2589 4465 est.
2607 4412 2919 4479 lntelligite,
2940 4413 3260 4481 insipientes
3274 4411 3332 4463 in
3346 4409 3547 4481 populo
3563 4425 3573 4463 τ
3591 4409 3722 4463 Pro-

306 4501 561 4573 timebit,
597 4519 731 4558 cum
762 4502 955 4559 veniet
1001 4502 1399 4574 judicaturus.
1456 4502 1527 4557 Ut
1566 4507 1761 4559 autem
1796 4506 1967 4564 libere
1995 4511 2043 4577 Β
2075 4502 2271 4575 pheta,
2302 4500 2625 4571 praevidens
2650 4516 2748 4553 eos
2796 4498 2877 4553 sic
2910 4499 3126 4569 injuste
3175 4503 3375 4553 contra
3406 4497 3719 4553 Dominum

308 4607 455 4665 agas
477 4591 537 4648 in
563 4591 815 4663 judicio,
844 4609 1101 4659 nascere,
1126 4608 1350 4647 morere
1394 4598 1450 4647 et
1479 4609 1745 4665 exsurge,
1770 4600 1827 4650 et
1855 4597 1961 4665 sic,

304 4680 580 4749 exaltare,
612 4684 715 4753 qui
731 4681 955 4754 judicas
998 4690 1203 4737 terram
1259 4680 1314 4735 id
1349 4684 1437 4737 est
1485 4685 1584 4753 qui
1603 4684 1837 4754 judicas
1864 4702 1962 4741 eos

308 4769 415 4843 qui
444 4775 599 4825 terra
624 4774 782 4840 sunt,
815 4776 874 4827 et
902 4771 1065 4827 redde
1094 4771 1517 4827 retributionem
1548 4774 1821 4841 superbis.
1855 4779 1961 4830 Su-

308 4859 473 4932 perbi
490 4865 650 4927 sunt,
667 4860 1692 4933 etquinoluntpeccatasuaconﬁteri
1716 4882 1727 4929 ;
1746 4864 1962 4934 quibus

310 4948 517 5005 reddet
536 4949 824 5005 Dominus
846 4951 1169 5006 secundum
1211 4966 1385 5022 opera
1424 4966 1549 5005 sua.
1578 4950 1680 5005 Vel
1702 4952 1749 5006 si
1776 4953 1961 5007 conti-

311 5041 550 5092 nuatur.
591 5038 779 5094 Libere
806 5041 918 5108 egit
948 5039 1005 5093 in
1039 5040 1247 5104 Verbo,
1282 5042 1339 5093 et
1369 5038 1497 5094 ideo
1540 5038 1720 5094 libere
1751 5042 1871 5112 agit
1902 5041 1959 5095 in

301 5125 552 5197 judicio.
585 5126 843 5199 Populus
876 5144 1009 5183 vero
1039 5126 1333 5199 malignus
1374 5144 1488 5183 non
1514 5127 1795 5185 intellexit
1826 5146 1960 5185 cum

312 5215 488 5272 libere
514 5218 628 5288 egit
659 5217 719 5272 in
748 5216 957 5274 Verbo.
992 5216 1065 5273 Ut
1094 5220 1288 5271 autem
1320 5215 1610 5287 intelligat
1631 5218 1883 5290 populus
1906 5223 1961 5275 te

310 5304 487 5360 libere
524 5310 795 5361 acturum
824 5306 880 5361 in
914 5305 1159 5378 judicio,
1200 5305 1445 5360 exaltare
1475 5308 1573 5375 qui
1592 5306 1821 5377 judicas
1853 5317 1960 5363 ter-

308 5411 445 5450 ram
464 5412 483 5448 :
515 5394 678 5451 redde
704 5397 1117 5452 retributionem
1146 5394 1414 5465 superbis,
1447 5394 1548 5464 qui
1572 5400 1626 5449 te
1651 5394 1964 5452 noluerunt

309 5482 411 5539 hic
434 5481 716 5539 humilem
740 5499 1088 5558 cognoscere
1114 5498 1126 5537 :
1150 5479 1235 5536 vel
1269 5481 1437 5536 libere
1465 5480 1585 5552 agit
1628 5480 1686 5535 in
1711 5482 1959 5553 judicio,

308 5569 457 5644 quia
478 5571 621 5642 apud
642 5588 767 5628 eum
786 5589 900 5629 non
920 5572 1029 5627 erit
1049 5585 1407 5642 personarum
1424 5570 1687 5640 acceptio,
1711 5570 1803 5626 sed
1834 5574 1957 5627 uni-

2075 4598 2467 4652 murmurare,
2504 4586 2802 4659 redarguit
2842 4602 2939 4641 eos
2993 4588 3064 4642 de
3096 4587 3560 4642 murmuratione
3591 4603 3719 4651 sua,

2074 4680 2241 4753 quasi
2268 4680 2423 4733 dicat
2447 4694 2460 4732 :
2489 4678 2618 4747 Vos,
2643 4677 2741 4748 qui
2765 4675 2907 4731 estis
2930 4676 3273 4747 insipientes
3294 4676 3514 4750 p0puli,
3541 4682 3722 4732 atten-

2074 4771 2276 4824 dentes
2308 4770 2509 4823 ﬂorem
2545 4766 2833 4822 malorum
2884 4766 3286 4838 temporalem,
3339 4784 3452 4822 non
3484 4782 3718 4838 poenam

2074 4858 2430 4927 aeternalem,
2465 4862 2521 4911 et
2551 4856 2807 4911 laborem
2856 4855 3139 4910 bonorum
3189 4856 3569 4921 temporalem
3605 4869 3721 4907 non
3754 4882 3759 4885 »

2073 4947 2318 5019 gloriam
2352 4945 2792 5015 sempiternam,
2826 4945 3119 5016 intelligite
3148 4946 3487 5014 insipientes,
3519 4942 3575 4997 id
3609 4947 3720 5006 est,

2070 5035 2466 5105 intclligenter
2487 5033 2659 5103 agite,
2688 5032 2884 5087 oculos
2906 5033 3173 5088 videlicet
3203 5033 3271 5087 ad
3301 5034 3496 5087 futura
3516 5030 3721 5097 levate,

2072 5130 2128 5181 et
2152 5122 2491 5195 intelligetis
2516 5124 2657 5193 quia
2680 5122 2835 5177 videt
2856 5123 3139 5177 Dominus
3160 5127 3218 5177 et
3234 5120 3539 5193 intelliget.
3558 5119 3721 5184 Quod

2072 5214 2232 5279 dicit,
2286 5211 2603 5282 intelligite,
2640 5213 2917 5283 sapientes
2950 5213 3009 5265 in
3035 5212 3258 5282 populo,
3311 5215 3367 5265 et
3417 5226 3518 5264 vos
3542 5209 3722 5279 stulti,

2070 5301 2381 5374 aliquando
2412 5302 2623 5371 sapite:
2660 5300 2760 5371 qui
2794 5300 2888 5355 hic
2921 5300 3139 5355 ﬂoretis
3171 5304 3227 5354 et
3257 5300 3357 5370 qui
3390 5299 3554 5354 vobis
3574 5299 3723 5353 bene

2071 5390 2288 5462 putatis
2310 5404 2459 5444 esse.
2489 5389 2631 5444 Cum
2659 5387 2808 5443 male
2827 5393 2933 5458 est,
2958 5387 3253 5461 aliquando
3281 5390 3484 5460 sapite,
3519 5387 3574 5441 id
3610 5391 3718 5454 est,

2070 5479 2307 5534 tandem
2322 5477 2721 5549 recognoscite
2736 5481 3132 5534 tloremvestru
3144 5495 3195 5531 m
3216 5495 3284 5533 ex
3299 5482 3558 5549 tempore
3571 5491 3721 5543 esse,

2073 5573 2137 5624 ut
2159 5569 2360 5623 futura
2379 5567 2533 5623 bona
2550 5566 2863 5639 inquiratis
2886 5584 3012 5640 quae
3035 5571 3248 5625 aeterna
3267 5570 3426 5636 sunt,
3447 5563 3725 5641 Quiplan-
