4024 6192
298 342 415 403 643

291 475 428 546 ejus.
453 471 902 528 Convenientius
930 471 1224 528 videretur
1265 472 1503 540 dixisse,
1530 474 1769 544 populus
1823 473 1940 544 ejus
1971 476 2024 541 Α

293 568 352 618 et
374 578 494 619 oves
511 576 734 633 pascux
762 561 1016 634 ejus.Sed
1041 562 1451 618 utostenderet
1479 562 1758 634 populum
1784 563 1856 617 ab
1874 580 1938 618 eo

294 651 456 724 pasci
488 650 646 706 velut
675 667 833 716 oves,
865 649 1011 704 dixit
1037 667 1051 708 :
1084 654 1134 706 et
1165 666 1261 706 nos
1288 652 1520 722 papulas
1545 668 1763 723 pascua
1822 652 1940 722 ejus

293 750 345 797 et
372 757 493 797 oves
525 757 638 795 non
671 756 819 810 quas
851 739 977 811 ipse
1009 741 1150 794 emit
1178 739 1267 794 vel
1283 742 1431 795 furto
1455 741 1804 812 accepit,sed
1825 757 1940 795 ma-

289 846 392 884 nus
412 831 547 900 ejus,
577 846 722 900 quas
752 828 1022 883 videlicet
1045 829 1198 894 fecit,
1233 835 1288 882 et
1319 829 1457 900 quia
1484 829 1715 900 populus
1745 833 1800 883 et
1821 844 1940 883 oves

289 919 452 989 estis,
489 934 626 990 ergo
655 920 707 972 si
735 916 1024 973 audieritis
1059 935 1240 973 vocem
1259 918 1374 990 ejus
1405 935 1508 989 per
1540 936 1651 985 me,
1677 917 1940 973 videlicet

291 1008 542 1062 missum
556 1006 964 1075 haeredem,vel
989 1024 1091 1079 per
1111 1006 1402 1078 apostolos
1437 1024 1618 1075 meos,
1650 1008 1820 1062 nolite
1846 1007 1938 1061 ob-

286 1097 491 1152 durare
519 1097 687 1152 corda
716 1100 917 1163 vestra,
951 1103 1007 1151 et
1038 1097 1145 1151 hoc
1175 1097 1324 1163 dico,
1351 1097 1528 1161 hodie,
1550 1097 1605 1151 id
1635 1102 1937 1168 est,quan-

288 1186 389 1241 diu
423 1185 531 1241 hoc
571 1193 806 1257 tempus
838 1185 1030 1257 agitur
1059 1186 1339 1240 adhortor
1369 1203 1470 1240 vos
1503 1203 1617 1240 non
1650 1187 1938 1241 obdurare

288 1273 464 1329 corda
492 1278 704 1328 vestra.
741 1273 903 1328 Unde
932 1273 1246 1344 Apostolus
1282 1292 1294 1333 ;
1335 1274 1527 1342 Videte,
1561 1274 1772 1344 inquit,
1820 1278 1937 1345 fra-

286 1370 487 1429 tres,ne
515 1364 587 1417 sit
620 1365 681 1418 in
709 1363 894 1432 aliquo
927 1366 1165 1416 vestrum
1179 1379 1272 1417 cor
1291 1364 1502 1417 malum
1530 1363 1936 1421 incredulitatis

287 1452 604 1508 discedendi
627 1468 662 1506 a
692 1452 934 1506 Domino
963 1454 1075 1506 Deo
1104 1469 1237 1506 vero
1267 1455 1404 1522 viro,
1430 1453 1522 1507 sed
1551 1453 1938 1510 adhortamini

288 1558 380 1598 vos
398 1558 484 1613 per
514 1542 758 1612 singulos
788 1542 906 1596 dies
926 1541 1092 1596 donec
1139 1541 1304 1596 hoaie
1360 1544 1839 1613 cognominantur,
1874 1551 1934 1599 ut

286 1645 397 1684 non
427 1630 673 1685 obduret
702 1629 825 1699 quis
857 1645 955 1683 cor
981 1645 1051 1683 ex
1079 1629 1226 1682 vobis
1253 1628 1481 1698 fallacia
1519 1631 1730 1696 peccati
1749 1632 1931 1701 (Hebr.

289 1719 395 1789 In).
426 1719 603 1774 Nolite
629 1719 904 1774 abducare
918 1717 1080 1773 corda
1103 1719 1448 1785 vestra,sicut
1477 1717 1697 1773 scilicet
1717 1719 1936 1775 factum

287 1813 377 1863 est
405 1810 464 1862 in
493 1809 826 1874 irritatione,
859 1807 917 1862 id
948 1813 1054 1876 est,
1088 1807 1144 1860 in
1170 1807 1574 1878 provocatione
1605 1807 1705 1863 Dei
1762 1809 1935 1876 facta,
1969 1843 2013 1908 Β

287 1897 387 1952 sed
419 1913 532 1952 non
566 1901 796 1952 tantum
827 1895 886 1950 in
919 1896 1048 1966 ipsa
1077 1896 1297 1961 die,sed
1321 1898 1627 1952 secundum
1647 1898 1796 1953 diem
1815 1902 1935 1954 ten-

283 1988 514 2040 tationis
536 1985 695 2040 factae
727 1987 788 2038 in
815 1984 1019 2039 deserto
1047 2002 1065 2038 :
1094 1985 1393 2039 secundum
1421 1988 1590 2052 diem,
1610 1987 1666 2040 id
1697 1992 1786 2042 est
1806 1992 1938 2058 post

284 2073 430 2129 diem
461 2074 559 2128 ubi
584 2077 935 2128 tentaverunt
962 2077 1144 2143 patres
1170 2080 1321 2128 vestr
1349 2075 1481 2136 ime,
1510 2074 1782 2130 videlicet
1806 2077 1934 2130 Ver-

287 2165 416 2218 bum
446 2163 602 2235 quod
631 2165 690 2216 in
721 2164 999 2233 principio
1020 2165 1136 2216 erat
1166 2163 1310 2233 apud
1345 2168 1520 2218 Deum
1549 2166 1931 2236 (Joan,1),pro-

286 2253 614 2307 baveruntet
644 2256 838 2307 tamen
867 2251 1125 2306 viderunt
1154 2267 1317 2323 opera
1345 2269 1599 2324 mea,per
1619 2270 1747 2324 quae
1771 2259 1932 2325 pote-

285 2345 414 2396 rant
442 2340 764 2412 intelligere
794 2341 949 2412 quod
979 2357 1094 2395 non
1125 2357 1282 2396 eram
1307 2343 1929 2412 probandus.Quadra-

281 2431 444 2500 ginta
475 2431 636 2484 annis
647 2431 883 2500 offensus
901 2431 989 2498 fui
1007 2431 1356 2498 generationi
1376 2431 1692 2494 hair-.Quad
1704 2432 1931 2504 raginta

283 2518 420 2573 anni
451 2517 786 2588 significant
805 2535 1039 2571 omnem
1072 2535 1311 2574 cursum
1345 2520 1471 2573 vita:
1491 2521 1788 2587 nostrae,in
1815 2538 1932 2592 qua

287 2606 345 2660 in
379 2607 488 2659 hoc
522 2606 742 2660 mundo
776 2605 944 2676 quasi
978 2606 1035 2659 in
1067 2607 1294 2662 deserto
1326 2624 1592 2662 erramus
1633 2615 1688 2663 et
1717 2611 1929 2680 smpius

281 2694 465 2749 Deum
487 2694 858 2749 offendimus.
890 2695 954 2748 Et
982 2694 1105 2749 dixi
1132 2713 1150 2748 :
1184 2696 1408 2765 Semper
1445 2696 1506 2750 lii
1533 2707 1721 2751 errant
1751 2698 1924 2765 corde,

261 2780 334 2838 et
365 2785 458 2839 isti
475 2799 584 2838 non
618 2791 983 2854 cognoverunt
1010 2785 1366 2848 viasmeas,id
1382 2789 1787 2857 est,pra:cepta
1801 2803 1928 2842 mea

283 2875 499 2945 quibus
532 2873 872 2927 innocenter
901 2871 1808 2945 gradidebent,quibusjuraviin
1834 2878 1927 2932 ira

281 2979 402 3018 mea
431 2979 452 3023 ,°
482 2963 546 3018 Si
576 2962 881 3016 introibant
910 2963 967 3015 in
981 2962 1606 3031 requiemmeamTunc
1638 2964 1782 3018 nulli
1812 2966 1922 3020 sci-

280 3051 416 3106 licet
445 3050 787 3105 introibunt.
820 3049 943 3120 Vel,
973 3052 1024 3105 si
1038 3051 1431 3118 introibant,id
1464 3057 1575 3118 est,
1609 3069 1725 3107 non
1746 3053 1926 3110 intro-

281 3140 469 3194 ibunt.
503 3138 628 3208 Vel,
661 3156 772 3194 non
799 3149 1165 3210 cognoverunt
1202 3142 1322 3195 vias
1351 3157 1517 3207 meas,
1552 3145 1608 3195 et
1639 3143 1768 3197 ideo
1803 3161 1919 3200 non

280 3227 586 3285 intrabunt
615 3229 676 3283 in
708 3229 953 3300 requiem
980 3245 1162 3283 meam
1191 3233 1253 3283 ut
1273 3231 1466 3301 juravi
1495 3233 1552 3286 in
1585 3234 1673 3288 ira
1703 3250 1842 3289 mea.

851 3388 1174 3445 PSALMUS
1196 3390 1355 3446 XCV.

283 3494 548 3534 PSALMUS
589 3495 778 3550 ῡΑνιι),
823 3495 1050 3540 QUANDO
1081 3495 1272 3535 DOMUS
1319 3497 1748 3539 EDIFICABATUR
1792 3501 1930 3541 POST

891 3566 958 3604 CA
965 3567 1026 3605 P'I
1038 3567 1088 3604 IV
1097 3567 1298 3606 ITATEM
1307 3594 1318 3606 .

353 3696 381 3723 ‹‹
415 3676 654 3730 Caritate
687 3674 926 3730 Domino
959 3675 1254 3731 canticum
1287 3693 1524 3749 novum,
1557 3684 1789 3734 cantate
1819 3681 1928 3736 Do-

281 3786 310 3813 ‹‹
345 3763 526 3831 mino,
559 3763 754 3820 omnis
786 3769 959 3821 terra.
979 3766 1219 3820 Cantate
1254 3765 1578 3832 Domino,et
1608 3768 1930 3826 benedicite

281 3874 310 3902 «
341 3852 564 3907 nomini
596 3853 746 3920 ejus,
778 3853 1124 3909 annuntiate
1155 3855 1225 3910 de
1273 3854 1364 3909 die
1395 3855 1454 3910 in
1488 3856 1642 3911 diem
1675 3857 1932 3916 salutare

287 3961 316 3989 «
347 3941 862 4010 ejus.Annuntiate
883 3942 1034 3997 inter
1063 3948 1266 4014 gentes
1297 3942 1543 4016 gloriam
1576 3947 1790 4016 ejus,in
1813 3965 1934 4003 om-

285 4050 314 4078 ‹‹
347 4027 524 4082 nibus
539 4027 773 4100 populis
789 4030 1531 4102 mirabiliaejus.Quoniam
1550 4051 1801 4107 magnus
1821 4037 1929 4092 Do-

288 4139 315 4166 ‹‹
345 4115 948 4174 minusetlaudabilis
981 4119 1466 4187 nimis,terribilis
1498 4128 1586 4179 est
1618 4141 1794 4196 super
1813 4143 1933 4182 om-

291 4230 312 4254 α
350 4221 456 4260 nes
489 4205 647 4260 deos.
679 4207 968 4271 Quoniam
1001 4223 1205 4262 omnes
1237 4207 1317 4261 dii
1348 4211 1612 4280 gentium
1646 4214 1936 4270 daemonia

289 4315 310 4342 ι
346 4293 628 4349 Dominus
661 4297 854 4348 autem
887 4293 1062 4349 caelos
1095 4294 1246 4350 iecit.
1279 4297 1574 4354 Confessio
1605 4306 1658 4356 et
1683 4302 1936 4372 pulchri-

289 4405 316 4432 α
350 4382 492 4438 tudo
523 4382 584 4438 in
613 4389 927 4454 conspectu
959 4383 1107 4453 ejus,
1143 4385 1532 4442 sanctimonia
1579 4394 1634 4445 et
1664 4393 1936 4464 magniﬁ-

290 4494 316 4520 «
347 4473 538 4527 centia
569 4473 626 4526 in
657 4472 1118 4528 sanctiﬁcatione
1145 4473 1293 4543 ejus.
1327 4474 1540 4532 Aii‘erte
1568 4477 1939 4554 Domino,pa-

875 340 1177 401 REMIGII
1221 338 1971 403 ANTISSIODORENSIS
2016 341 2188 402 OPP.
2237 343 2435 402 PARS
2481 340 2530 402 Ι.
2562 376 2638 385 -
2669 341 3138 403 EXEGETICA.

3585 337 3717 400 ομ

2673 471 3074 529 ENARRATIO.

2123 563 2358 634 Legitur
2389 566 2406 630 (
2434 564 2510 618 IV
2528 567 2658 630 Reg.
2692 578 2826 630 xxv,
2856 563 2884 617 Ι
2915 562 3080 616 Esdr.
3134 561 3188 628 v)
3245 559 3535 633 templum
3595 564 3716 617 Do-

2051 650 2217 721 mini,
2244 651 2398 721 quod
2431 667 2464 705 a
2495 649 2806 705 Salomone
2836 649 3190 704 aedificatum
3233 654 3383 716 est,a
3419 648 3718 705 Chaldais

2049 739 2232 795 fuisse
2260 740 2642 806 destructum,
2676 744 2732 794 et
2761 739 2974 794 iterum
3008 739 3081 794 ab
3100 742 3241 794 Jesu
3273 755 3486 811 magno
3519 754 3719 794 sacer-

2048 829 2180 883 dote
2212 828 2645 884 reaediﬁcatum.
2685 829 2899 883 Domus
2931 827 3044 882 ista
3072 827 3396 882 humanam
3429 832 3713 883 naturam

2048 918 2341 989 signiﬁcat
2372 935 2499 989 quae
2531 918 2590 972 in
2624 917 2813 990 primo
2865 921 3100 988 parente
3129 934 3163 972 a
3191 933 3326 973 vero
3382 917 3707 973 Salomone

2048 1011 2136 1062 est
2191 1007 2496 1073 aediﬁcata,
2567 1008 2625 1062 id
2693 1012 2802 1077 est,
2871 1007 2930 1060 in
2987 1005 3350 1062 abundantia
3415 1006 3709 1061 virtutum

2049 1095 2258 1166 posita,
2294 1096 2393 1150 sed
2438 1099 2637 1166 postea
2690 1095 2990 1152 destructa
3046 1098 3157 1165 est,
3221 1094 3395 1150 etiam
3445 1111 3480 1149 a
3531 1093 3710 1148 Chal-

2047 1184 2188 1238 dacis
2272 1185 2576 1256 captivata,
2629 1184 2862 1255 quando
2925 1183 3152 1256 primus
3207 1182 3382 1238 homo
3442 1182 3709 1255 serpenti

2045 1271 2198 1328 male
2228 1273 2600 1344 persuadenti
2631 1273 2940 1328 succubuit
2995 1288 3008 1327 :
3063 1270 3202 1344 quia
3258 1271 3510 1327 comedit
3553 1270 3705 1327 veti-

2045 1366 2192 1429 tum,
2225 1361 2421 1417 amisit
2451 1361 2875 1416 abundantiam
2905 1360 3209 1433 virtutum,
3267 1365 3542 1432 expertus
3611 1366 3706 1415 est

2047 1450 2198 1522 quod
2232 1451 2490 1505 minatus
2520 1455 2609 1505 est
2643 1451 2942 1519 Dominus,
2975 1454 3032 1505 et
3081 1467 3198 1506 non
3259 1450 3484 1506 invenit
3538 1451 3705 1522 quod

2046 1539 2316 1612 promisit
2363 1537 2649 1595 diabolus.
2692 1540 2946 1594 Minatus
2979 1544 3069 1595 est
3127 1539 3434 1605 Dominus,
3480 1539 3532 1595 si
3601 1555 3704 1596 co-

2048 1629 2311 1695 mederit,
2347 1632 2630 1683 mortem:
2660 1627 2952 1695 diabolus,
2987 1627 3256 1699 promisit
3284 1627 3658 1684 divinitatem
3684 1647 3700 1696 ;

2048 1717 2144 1772 sed
2188 1717 2362 1773 homo
2409 1717 2734 1773 concedens
2799 1717 3076 1788 serpenti,
3131 1716 3386 1772 comedit
3426 1732 3440 1772 :
3475 1722 3532 1773 et
3580 1733 3704 1774 non

2045 1809 2274 1861 tantum
2309 1823 2420 1861 non
2471 1806 2710 1860 effectus
2763 1809 2852 1861 est
2905 1807 3076 1872 Deus,
3129 1806 3230 1861 sed
3289 1806 3464 1862 etiam
3516 1806 3708 1866 miser

2045 1894 2231 1950 factus
2251 1899 2339 1949 est
2367 1898 2424 1949 et
2448 1894 2733 1965 captivus.
2767 1893 3054 1949 Restitute
3090 1898 3180 1949 est
3218 1894 3431 1950 domus
3462 1894 3607 1960 ista,
3639 1895 3704 1956 id

2046 1987 2154 2049 est,
2193 1983 2454 2038 humana
2493 1987 2706 2037 natura
2765 1983 3045 2053 quoniam
3119 1983 3345 2038 Verbum
3411 1983 3567 2055 quod
3639 1987 3703 2038 in

2041 2073 2314 2144 jrincipio
2343 2075 2460 2126 erat
2489 2070 2640 2142 apud
2674 2072 2848 2126 Deum
2899 2071 3078 2142 (Joan.
3116 2070 3176 2142 1),
3230 2071 3552 2127 humanam
3603 2089 3697 2128 as-

2043 2179 2106 2217 su
2123 2160 2297 2233 mpsit
2326 2161 2665 2231 formam,ut
2693 2159 2993 2215 hominem
3018 2166 3312 2216 revocaret
3335 2161 3407 2216 ad
3441 2159 3695 2234 gloriam

2043 2250 2114 2306 Ut
2144 2255 2338 2305 autem
2371 2249 2429 2304 in
2481 2247 2588 2304 hoc
2637 2248 2879 2304 aedificio
2938 2248 3128 2304 simus
3181 2249 3529 2305 adhortatur
3587 2267 3696 2308 nos

2045 2340 2332 2411 Propheta
2359 2338 2417 2392 in
2451 2339 2560 2393 hoc
2592 2337 2852 2410 psalmo,
2889 2336 3184 2394 laudando
3235 2337 3403 2394 illum
3455 2339 3557 2411 qui
3589 2356 3698 2396 nos

2041 2429 2176 2485 fecit
2205 2428 2384 2498 hujus
2414 2429 2626 2482 domus
2654 2426 2989 2495 azdiﬁcium,
3022 2431 3080 2482 et
3103 2427 3246 2482 dicit
3274 2427 3360 2483 sic
3390 2446 3404 2482 :

2110 2519 2245 2588 Vos,
2292 2517 2389 2589 qui
2443 2516 2803 2587 usquemodo
2847 2515 3128 2572 imitando
3182 2520 3433 2572 veterem
3486 2517 3683 2574 homi-

2040 2623 2201 2673 nem,
2267 2613 2434 2662 vetus
2501 2605 2795 2661 canticum
2864 2603 3156 2672 ululastis,
3225 2621 3350 2671 vos,
3418 2607 3696 2679 deinceps

2039 2701 2262 2751 cantate
2329 2698 2558 2750 Domino
2622 2693 2776 2749 Patri
2854 2696 3132 2750 canticum
3195 2711 3418 2763 novum,
3487 2712 3697 2752 novam

2037 2784 2310 2857 gratiam,
2383 2801 2590 2838 novam
2679 2781 3094 2839 humilitatem.
3174 2783 3400 2840 Caritate
3460 2786 3694 2842 Domino

2043 2873 2211 2941 Filio,
2248 2874 2427 2928 omnis
2457 2881 2628 2928 terra.
2657 2889 2773 2927 non
2823 2871 3014 2928 solum
3061 2872 3287 2939 Judzea,
3329 2890 3444 2928 non
3497 2874 3694 2931 solum

2043 2962 2262 3030 Africa,
2297 2962 2397 3018 sed
2450 2962 2624 3018 etiam
2691 2978 2871 3017 omnis
2933 2965 3103 3017 terra.
3175 2961 3393 3017 Caritate
3453 2963 3693 3019 Domino

2037 3051 2290 3124 Spiritui
2324 3054 2545 3114 sancto,
2582 3058 2630 3105 et
2663 3049 2976 3119 benedicite,
3021 3067 3138 3106 non
3192 3050 3405 3106 nomini
3463 3060 3681 3119 vestro,

2041 3141 2142 3197 sed
2201 3142 2414 3195 nomini
2480 3142 2596 3211 ejus
2659 3137 3062 3210 gloriﬁcando.
3132 3137 3270 3194 Nota
3329 3138 3483 3209 quod
3553 3144 3673 3195 tres

1959 3208 2001 3275 (ἶ
2044 3247 2302 3303 persona:
2334 3208 2566 3284 deitatis
2614 3208 2753 3282 sunt
2806 3228 2864 3282 in
2923 3228 3182 3283 essentia
3235 3208 3492 3295 unitatis,
3543 3227 3677 3284 ideo

2037 3337 2171 3375 cum
2205 3319 2448 3374 dixisset
2475 3316 2593 3372 illis
2625 3317 2815 3372 tribus
2846 3317 3113 3388 personis
3161 3315 3517 3372 cantandum
3547 3332 3686 3373 esse

2038 3408 2357 3480 aequaliter,
2425 3405 2728 3477 subjunxit
2779 3423 2791 3460 :
2846 3405 3156 3460 Beuedicite
3219 3405 3438 3460 nomini
3504 3405 3623 3476 ejus
3669 3426 3690 3473 ,-

2036 3499 2370 3554 annuntiate
2421 3496 2487 3551 de
2544 3495 2640 3550 die
2695 3496 2756 3549 in
2809 3495 2958 3550 diem
3007 3494 3251 3550 salutare
3307 3493 3444 3564 ejus.
3505 3495 3693 3559 Quasi

2039 3589 2195 3643 dicat
2228 3603 2240 3640 :
2278 3585 2505 3640 Cantate
2553 3585 2803 3652 Domino,
2861 3585 3042 3640 omnis
3100 3592 3271 3640 term.
3324 3583 3443 3640 Nos
3491 3588 3696 3640 autem

2039 3694 2107 3733 ex
2155 3675 2396 3741 Judaeis,
2427 3675 2757 3728 annuntiate
2814 3672 2881 3728 de
2939 3673 3028 3730 die
3092 3675 3153 3728 in
3211 3673 3383 3742 diem,
3451 3671 3512 3727 id
3579 3677 3692 3739 est,

2041 3765 2510 3834 omnitempore,
2561 3762 2807 3817 salutare
2863 3763 3002 3834 ejus,
3062 3761 3367 3817 Christum
3427 3759 3698 3816 videlicet

2042 3870 2143 3926 per
2173 3868 2346 3923 quem
2411 3849 2684 3906 restituta
2741 3855 2830 3905 est
2887 3849 3192 3922 captivitas
3249 3849 3534 3905 hominis.
3593 3846 3697 3904 Vel

2041 3943 2148 4009 sic,
2178 3942 2506 3996 annuntiate
2544 3940 2612 3995 de
2674 3939 2763 3994 die
2818 3940 2880 3994 in
2936 3940 3085 3994 diem
3135 3940 3402 4010 salutare,
3466 3938 3525 3993 id
3583 3941 3702 4006 est,

2041 4033 2112 4086 de
2167 4031 2378 4086 virtute
2409 4029 2468 4085 in
2515 4029 2790 4084 virtutem
2860 4028 3170 4100 praedicata
3232 4029 3478 4084 salutare
3543 4030 3694 4099 ejus,

2042 4120 2151 4186 vel,
2211 4120 2295 4175 sic
2337 4119 2666 4174 annuntiate
2721 4119 2914 4174 eundo
2967 4119 3039 4173 de
3089 4117 3182 4173 die
3237 4117 3382 4173 Filio
3431 4117 3489 4171 in
3531 4114 3693 4172 diem

2044 4215 2298 4275 Patrem,
2359 4213 2423 4264 ut
2496 4225 2598 4279 per
2655 4223 2831 4279 opera
2876 4206 3146 4263 videlicet
3206 4205 3328 4262 Filii
3381 4204 3701 4262 notiﬁcetis

2045 4316 2221 4372 opera
2289 4298 2497 4365 Patris,
2565 4313 2700 4352 cum
2769 4296 2926 4351 idem
2993 4300 3159 4352 Pater
3228 4297 3306 4351 sit
3368 4299 3426 4350 et
3483 4293 3691 4351 Filius.

2047 4389 2202 4445 unde
2232 4388 2400 4453 illud,
2433 4388 2548 4459 Qui
2576 4385 2720 4442 videt
2748 4384 3003 4452 me,videt
3033 4390 3085 4441 et
3113 4386 3336 4441 Patrem
3370 4384 3698 4453 (Joanmv).

2046 4478 2150 4533 Vel
2181 4477 2506 4532 annuntiate
2547 4475 2613 4530 de
2662 4475 3037 4538 die,Patrem
3096 4474 3156 4529 in
3217 4473 3373 4529 diem
3435 4470 3700 4528 Fillium.

291 4582 319 4609 «
351 4560 474 4615 triaa
508 4561 1003 4634 gentium,ail‘erte
1028 4562 1528 4635 Dominogloriam
1553 4567 1927 4626 ethonorem.
1965 4582 2009 4647 Ι)
2042 4570 2206 4629 Unde
2266 4566 2433 4632 illud,
2484 4563 2712 4620 Credite
2768 4565 2830 4619 in
2865 4564 3075 4630 ‘Deum,
3132 4567 3185 4619 et
3240 4564 3304 4617 in
3354 4578 3442 4617 me
3495 4560 3707 4618 credite

293 4670 314 4697 α
352 4649 549 4704 aii‘erte
580 4649 827 4705 Domino
860 4649 1108 4722 gloriam
1142 4653 1363 4707 nomini
1423 4655 1574 4723 ejus.
1603 4656 1810 4712 Tollite
1840 4660 1942 4716 ho-

294 4759 321 4786 ‹‹
357 4737 524 4802 stias,
557 4742 614 4794 et
642 4738 875 4794 introite
905 4740 962 4794 in
987 4740 1134 4796 atria
1163 4742 1312 4812 ejus,
1352 4744 1588 4800 adorate
1617 4747 1941 4809 Dominum

295 4847 323 4876 α
354 4825 413 4880 in
445 4825 594 4882 atrio
625 4832 827 4882 sancto
859 4829 1007 4899 ejus.
1058 4829 1504 4887 Commoveatur
1555 4850 1587 4886 a
1630 4835 1774 4892 facie
1805 4840 1940 4910 eius

291 4939 320 4968 «
355 4916 630 4973 universa
659 4917 1014 4988 terra,dicite
1046 4919 1104 4973 in
1136 4920 1445 4991 gentibus:
1480 4922 1626 4985 Quia
1654 4925 1942 4986 Dominus

295 5026 324 5055 ‹‹
360 5007 644 5078 regnavit.
699 5007 930 5062 Etenim
991 5009 1242 5064 correxit
1271 5010 1471 5066 orbem
1502 5018 1664 5068 terra:
1696 5017 1798 5088 qui
1827 5035 1943 5075 non

303 5114 325 5142 α
361 5095 1139 5166 commovebiturjudicabit
1167 5098 1414 5170 populos
1437 5100 1495 5156 in
1527 5104 1948 5175 asquicateLaa-

293 5207 320 5235 (ς
356 5188 552 5240 tentur
583 5185 709 5240 εωιὶ
743 5190 800 5240 et
829 5185 1046 5241 exultet
1075 5191 1246 5252 terra,
1292 5199 1728 5248 commoveatur
1785 5214 1946 5254 mare

296 5294 324 5323 «
357 5277 413 5329 et
444 5273 747 5346 plenitudo
780 5276 928 5345 ejus,
960 5275 1300 5347 gaudebunt
1331 5280 1525 5351 campi
1558 5288 1615 5337 et
1637 5284 1793 5340 omia
1815 5302 1942 5357 quas

295 5386 323 5414 ‹‹
357 5361 416 5417 in
448 5365 532 5419 eis
559 5367 716 5419 sunt.
748 5363 909 5418 Tunc
950 5364 1332 5421 exsultabant
1357 5369 1556 5424 omnia
1586 5371 1746 5445 ligna
1775 5374 1946 5430 silva-

297 5475 326 5502 «
360 5468 492 5507 rum
524 5471 558 5508 a
591 5453 736 5508 facie
766 5452 1016 5519 Domini,
1048 5455 1189 5525 quia
1217 5457 1395 5524 venit,
1459 5463 1737 5531 quoniam
1788 5465 1946 5520 venit

300 5540 621 5611 «judicare
651 5549 887 5597 terram.
915 5543 1212 5598 Judicabit
1243 5547 1444 5604 orbem
1474 5554 1638 5607 terrae
1669 5554 1728 5610 in
1759 5554 1941 5627 aequi-

298 5650 327 5684 ‹‹
360 5631 480 5688 tate
507 5632 565 5689 et
594 5629 843 5704 populos
873 5630 932 5690 in
963 5631 1204 5692 veritate
1234 5649 1363 5694 sua.
1393 5657 1422 5686 ››

2056 4659 2263 4734 (Ibid.).
2296 4656 2636 4712 Annuntiate
2667 4656 2812 4709 iuter
2839 4661 3020 4724 gentes
3071 4667 3248 4724 opera
3298 4651 3440 4723 ejus.
3497 4649 3661 4706 Dixit
3694 4667 3708 4706 :

2053 4748 2378 4805 annuntiate
2444 4744 2510 4799 de
2565 4743 2658 4798 die
2730 4744 2792 4798 in
2880 4743 3029 4798 diem
3111 4741 3360 4796 salutare
3425 4741 3567 4812 ejus.
3641 4739 3716 4795 Et

2053 4837 2223 4910 quasi
2255 4835 2472 4890 diceret
2502 4849 2516 4889 ε
2555 4831 2659 4888 Ubi
2693 4831 2780 4887 vis
2811 4835 2876 4886 ut
2923 4829 3341 4887 annuntiemus
3371 4829 3400 4884 ἵ
3427 4827 3709 4884 determi-

2055 4931 2156 4982 nat
2206 4925 2291 4983 eis
2344 4923 2445 4979 ubi
2493 4920 2841 4978 annuntiare
2897 4920 3166 4988 debeant,
3227 4918 3396 4991 quasi
3454 4915 3711 4973 adiﬁca-

2053 5021 2148 5073 tor
2177 5015 2426 5085 alicujus
2458 5010 2706 5074 aediﬁcii,
2748 5010 3115 5082 congregatis
3145 5008 3494 5078 artiﬁcibus,
3536 5007 3716 5078 depo-

2057 5109 2220 5161 neret
2259 5103 2578 5173 unicuique
2636 5116 2784 5172 opus
2843 5114 3043 5167 suum,
3101 5102 3158 5153 et
3213 5095 3708 5152 diceretz'l‘uum

2059 5195 2137 5251 sit
2156 5191 2383 5266 operari
2413 5191 2470 5245 in
2504 5189 2721 5262 angulo
2750 5187 2871 5254 illo,
2931 5191 2988 5242 et
3017 5191 3186 5242 tuum
3239 5186 3298 5241 in
3355 5184 3478 5240 illo.
3539 5183 3710 5248 Quod

2058 5284 2218 5350 dicit,
2286 5282 2615 5337 annuntiate
2680 5279 2740 5332 in
2789 5284 2976 5347 gentes
3038 5291 3214 5346 opera
3279 5275 3431 5346 ejus,
3509 5287 3712 5330 resur-

2059 5371 2376 5428 rectionem
2427 5367 2695 5424 videlicet
2722 5371 2780 5422 et
2836 5364 3240 5421 ascensionem
3297 5362 3439 5419 dicit
3473 5381 3486 5430 ;
3519 5367 3579 5418 et
3605 5377 3719 5416 an-

2058 5463 2312 5516 nuntiate
2378 5461 2439 5514 in
2503 5458 2721 5514 omibus
2782 5455 3004 5527 populis
3054 5453 3341 5509 mirabilia
3405 5453 3544 5521 eius,
3601 5450 3712 5506 hoc

2058 5549 2345 5615 videlicet,
2373 5547 2528 5619 quod
2561 5546 2847 5602 Dominus
2893 5543 2992 5616 qui
3046 5560 3258 5616 parvus
3313 5541 3473 5598 nasci
3525 5538 3711 5596 voluit

2059 5653 2272 5717 parvus
2302 5637 2455 5698 inter
2496 5635 2765 5696 homines
2813 5633 3115 5705 habitavit,
3144 5647 3361 5711 parvus
3417 5628 3699 5708 pradica-
