4024 6192
252 365 370 427 645

1375 362 1983 426 ENARRATIONES
2027 363 2103 423 IN
2150 362 2534 426 PSALMOS.

3536 373 3657 434 646

251 500 352 569 vit,
398 516 615 571 parvus
666 504 934 555 mortuus
982 504 1091 565 est,
1150 500 1274 572 ipse
1323 500 1680 571 resurgendo
1713 499 1901 553 factus
1930 496 1985 564 Α
2017 496 2175 551 nebit
2205 497 2698 555 irremuneratum
2725 517 2737 567 ;
2771 503 2827 555 et
2857 504 2986 555 tunc
3013 500 3073 555 in
3106 499 3201 555 illo
3233 500 3445 572 gaudio
3474 505 3657 559 exsul-

253 592 343 644 est
370 605 604 657 magnus
632 598 683 645 et
706 588 1017 645 laudabilis
1064 591 1233 643 nimis
1281 589 1676 653 ascendendo,
1726 589 1896 643 terri-

254 679 381 733 bilis
429 672 712 733 venturus
766 696 929 750 super
975 695 1161 733 omnes
1209 679 1359 745 deos,
1414 695 1561 749 quos
1610 695 1711 750 per
1768 694 1898 749 gra-

253 767 395 821 tiam
446 784 615 822 suam
665 767 976 836 deiﬁcavit,
1026 770 1081 823 id
1125 773 1231 837 est,
1266 768 1363 839 qui
1397 767 1899 839 participationem

252 855 486 911 deitatis
516 856 634 911 veri
656 856 755 912 Dei
788 857 864 910 dii
898 857 1011 910 dici
1046 861 1313 928 possunt,
1336 857 1475 927 quia
1496 862 1637 911 sunt
1660 856 1900 927 quidam

254 943 356 1014 qui
406 944 686 999 dicuntur
736 945 815 998 dii
866 949 921 1000 et
969 962 1084 1001 non
1135 950 1274 1000 sunt
1313 944 1429 999 veri
1461 944 1571 1011 dii,
1623 944 1776 997 sicut
1823 942 1901 997 dii

252 1032 515 1104 gentium
568 1034 668 1105 qui
718 1051 832 1089 non
884 1039 1024 1089 sunt
1065 1035 1173 1101 dii,
1229 1034 1328 1089 sed
1381 1032 1686 1087 daimonia.
1738 1032 1901 1097 Quod

254 1121 423 1192 dicit,
472 1124 734 1193 quoniam
781 1140 965 1178 omnes
1012 1124 1095 1178 dii
1148 1126 1396 1193 gentium
1451 1122 1755 1190 dzemonia,
1815 1126 1905 1176 est

253 1211 424 1281 quasi
478 1211 683 1266 dicat:
736 1213 896 1276 Quod
944 1213 1061 1267 dixi
1109 1213 1262 1279 deos,
1314 1229 1427 1267 non
1472 1210 1644 1265 retuli
1676 1212 1746 1266 ad
1778 1212 1903 1267 deos

252 1299 551 1372 gentium,
605 1302 881 1371 quoniam
934 1302 1045 1372 ipsi
1078 1306 1215 1356 sunt
1244 1302 1553 1365 daemonia,
1600 1305 1657 1356 et
1684 1300 1768 1356 sic
1802 1316 1903 1372 pa-

258 1406 390 1444 rum
422 1394 574 1445 esset
604 1390 919 1445 Dominum
954 1390 1210 1461 praeferri
1244 1390 1381 1445 illis.
1414 1391 1682 1446 Dominus
1711 1394 1904 1445 autem

250 1480 380 1549 [erit
428 1477 563 1534 illos
610 1481 798 1551 caelos,
853 1497 997 1551 quos
1047 1480 1210 1551 prius
1269 1480 1408 1535 deos
1468 1479 1793 1546 nominavi,
1847 1484 1905 1534 et

253 1567 469 1639 quibus
503 1585 784 1640 magnum
817 1574 905 1624 est
939 1568 1248 1624 Dominum
1301 1569 1580 1640 praeferri.
1634 1570 1904 1638 Confessio

252 1665 303 1713 et
358 1657 716 1729 pulchritudo
772 1660 832 1713 in
890 1663 1176 1730 conspectu
1232 1660 1368 1729 ejus.
1445 1658 1620 1722 Quasi
1682 1658 1838 1713 dicat
1887 1674 1900 1711 :

251 1751 371 1802 Hoc
403 1746 574 1803 modo
608 1748 797 1803 factus
828 1752 915 1803 est
944 1746 1224 1802 terribilis
1269 1751 1325 1802 et
1370 1745 1713 1815 laudabilis,
1766 1745 1905 1818 quia

253 1836 543 1935 confessio
574 1840 630 1891 et
658 1836 1033 1908 pulchritudo
1065 1840 1221 1934 .sunt
1251 1836 1325 1935 ‘in
1375 1841 1689 1906 conspectu
1740 1838 1899 1906 ejus,
1933 1871 1979 1935 Β

253 1924 313 1979 id
359 1928 447 1980 est
494 1925 553 1980 in
604 1926 865 1980 interiori
914 1925 1157 1980 homine
1208 1924 1307 1979 ubi
1358 1942 1503 1980 suus
1555 1930 1902 1997 conspectus

254 2018 363 2068 est.
398 2012 498 2067 Vis
529 2030 657 2068 esse
688 2013 973 2085 pulcher?
1020 2014 1294 2069 conﬁtere
1343 2013 1656 2068 faeditatem
1707 2018 1899 2085 tuam,

256 2109 309 2156 et
342 2104 609 2157 Dominus
650 2103 803 2157 dabit
848 2103 951 2157 tibi
999 2104 1387 2172 benignitatem
1439 2104 1611 2175 (Psal.
1658 2104 1900 2159 Lxxxwl.

260 2189 662 2259 Sanctimonia,
732 2193 789 2246 id
847 2197 963 2259 est,
1035 2192 1319 2247 sanctitas
1382 2196 1433 2245 et
1496 2194 1906 2262 magniﬁcentia

259 2283 402 2333 sunt
434 2280 491 2333 in
521 2280 955 2349 sanctiﬁcatione
997 2281 1138 2352 ejus,
1200 2281 1260 2334 id
1305 2284 1421 2346 est,
1480 2280 1539 2334 in
1587 2279 1705 2335 illis
1758 2298 1905 2352 quos

257 2367 606 2423 sanctiﬁcat.
684 2369 831 2424 Nota
906 2370 1061 2440 quod
1139 2370 1431 2440 praedixit,
1508 2372 1905 2440 sanctimonia,

256 2460 393 2527 post
444 2458 859 2526 magniﬁcentia
912 2476 930 2511 :
987 2458 1124 2529 quia
1170 2458 1334 2529 prius
1380 2458 1672 2529 justiﬁcat
1729 2476 1902 2531 quam

254 2544 616 2615 magniﬁcet.
675 2546 822 2601 Nam
877 2546 1023 2600 nihil
1070 2550 1159 2601 est
1203 2548 1356 2618 quod
1404 2548 1474 2602 de
1523 2552 1579 2602 te
1625 2565 1905 2620 magnum

255 2637 588 2705 exspectes,
659 2634 707 2687 si
770 2635 1065 2702 justitiam
1132 2653 1247 2690 non
1308 2652 1491 2691 ames.
1552 2638 1748 2707 Aﬂerte
1804 2640 1905 2692 Do-

258 2723 437 2788 mino,
485 2723 693 2792 patria:
738 2726 1019 2791 gentium,
1070 2726 1261 2796 afferte
1306 2726 1534 2781 Domino
1578 2725 1826 2796 gloriam
1854 2735 1907 2781 et

254 2812 542 2878 honorem,
610 2813 804 2884 afferte
869 2814 1097 2869 Domino
1169 2816 1407 2884 gloriam
1474 2816 1692 2870 nomini
1756 2818 1901 2885 ejus,

256 2900 425 2971 quasi
480 2901 679 2957 dicat:
734 2903 975 2967 Quando
1016 2903 1252 2973 quidem
1286 2903 1570 2959 Dominus
1613 2922 1646 2959 a
1686 2904 1905 2960 Judaais

257 2990 640 3046 annuntiatus
691 2996 780 3045 est
826 3008 1057 3060 magnus
1103 3000 1153 3047 et
1200 2993 1538 3059 laudabilis,
1590 2994 1783 3049 ethoc
1813 2995 1900 3049 in-

256 3082 346 3134 ter
390 3095 520 3151 vos,
573 3097 604 3135 o
649 3086 882 3151 gentes,
937 3097 1073 3154 ergo
1100 3084 1296 3153 patriae
1324 3085 1599 3154 gentium,
1652 3100 1767 3138 non
1816 3101 1904 3139 re-

256 3170 351 3240 gio
403 3186 548 3235 una,
601 3169 699 3224 sed
751 3186 954 3225 omnes
998 3173 1205 3241 patriae
1246 3174 1524 3243 gentium,
1575 3173 1767 3243 a/ferte
1804 3174 1903 3228 Do-

2010 587 2201 641 tabunt
2229 590 2417 641 omnia
2447 589 2599 658 ligna
2634 590 2941 660 silvarum,
2988 589 3045 644 in
3078 589 3387 645 aediﬁcium
3441 592 3653 649 domus

2010 675 2241 729 Domini
2266 682 2589 747 assumpta.
2608 678 2791 749 Ligna
2808 679 3089 733 silvarum
3114 684 3250 734 sunt
3266 681 3536 751 gentiles,
3554 682 3653 753 qui

2011 765 2175 836 prius
2197 764 2364 834 quasi
2387 765 2532 819 silva
2559 766 2813 834 fuerunt,
2844 786 2877 822 a
2901 768 3059 823 nullo
3083 769 3346 825 videlicet
3368 769 3531 839 culti,
3551 772 3652 826 sed

2013 853 2232 924 praecisi
2259 857 2396 908 sunt
2418 854 2487 909 de
2509 854 2779 922 oleastro,
2796 862 2849 911 et
2870 856 3073 913 inserti
3100 860 3155 912 in
3176 859 3384 914 olivam
3406 861 3651 929 bonum;

2010 946 2067 996 et
2090 942 2219 997 ideo
2239 942 2614 997 exsultabunt
2634 945 2867 1000 tandem
2891 963 2925 1000 a
2943 949 3085 1016 facie
3104 950 3326 1004 Domini
3352 952 3485 1021 quia
3505 953 3653 1007 venit

2013 1031 2200 1102 primo
2224 1032 2473 1086 adventu
2496 1032 2642 1087 dans
2662 1034 3151 1103 misericordiam;
3180 1042 3235 1092 et
3256 1039 3653 1109 exsultabunt,

2012 1121 2246 1192 quando
2277 1120 2335 1175 in
2368 1121 2624 1176 secundo
2648 1124 2898 1177 adventu
2925 1125 3117 1180 veniet
3134 1127 3394 1195 judicare
3421 1135 3653 1198 terram,

2012 1213 2067 1264 et
2099 1214 2237 1264 tunc
2257 1210 2530 1280 judicabit
2558 1210 2739 1265 orbem
2786 1216 2979 1279 terra,
3036 1213 3093 1267 id
3127 1220 3242 1285 est,
3286 1218 3656 1287 perfectiores

2013 1315 2159 1367 quos
2189 1300 2516 1370 assumpsit
2545 1300 2615 1353 de
2648 1305 2829 1367 terra,
2876 1304 2935 1355 in
2964 1304 3199 1372 equitate
3242 1322 3349 1360 sua
3378 1324 3477 1363 eos
3509 1309 3651 1365 reci-

2012 1388 2247 1459 piendo,
2270 1389 2325 1442 id
2350 1393 2456 1451 est,
2475 1389 2654 1458 justis
2678 1390 2801 1444 suis
2822 1406 2919 1445 eos
2942 1392 3312 1460 associando;
3336 1403 3391 1449 et
3407 1398 3652 1468 populos,

2013 1475 2345 1531 incredulos
2374 1476 2641 1537 videlicet
2663 1478 2953 1547 judicabit
2984 1479 3041 1533 in
3074 1483 3304 1537 veritate
3332 1501 3463 1553 sua,
3490 1486 3655 1557 justo

2012 1582 2109 1620 eos
2134 1566 2359 1636 judicio
2390 1566 2746 1623 damnando.

2554 1711 2883 1765 PSALMUS
2922 1712 3107 1768 XCVI.

2012 1816 2271 1854 PSALMUS
2300 1816 2409 1853 IPSI
2441 1816 2630 1864 DAVID,
2657 1817 2888 1861 QUANDO
2916 1818 3099 1856 TERRA
3122 1819 3176 1856 EI
3200 1819 3510 1859 RESTITUTA
3536 1821 3654 1861 EST.

2085 1950 2110 1974 ((
2146 1925 2431 1980 Dominus
2464 1925 2743 1997 regnavit,
2787 1925 3037 1980 exsultet
3065 1930 3238 1993 terra,
3271 1927 3539 1984 laetentur
3567 1931 3657 1985 in-

2015 2042 2037 2063 ,ι
2076 2014 2216 2071 sulae
2250 2014 2466 2069 multm.
2501 2015 2695 2069 Nubes
2721 2019 2777 2069 et
2806 2014 2989 2086 caligo
3022 2016 3079 2069 in
3112 2017 3358 2071 circuitu
3386 2020 3534 2089 ejus,
3559 2021 3657 2090 ju-

2020 2128 2039 2154 ι
2076 2104 2237 2159 stitia
2266 2109 2323 2159 et
2345 2103 2637 2174 judicium
2669 2104 2946 2159 correctio
2976 2104 3131 2160 sedis
3164 2106 3312 2175 ejus.
3344 2107 3499 2177 Ignis
3526 2113 3661 2165 ante

2016 2216 2042 2241 ‹‹
2076 2194 2269 2264 ipsum
2296 2193 2597 2264 pracedet,
2617 2198 2674 2247 et
2693 2191 3085 2246 inﬂammabit
3107 2193 3164 2246 in
3188 2195 3435 2250 circuitu
3468 2196 3661 2250 inimi-

2016 2306 2043 2330 ‹‹
2078 2299 2175 2336 cos
2200 2283 2347 2351 ejus.
2374 2281 2695 2336 Illuxerunt
2717 2280 2948 2351 fulgura
2970 2282 3097 2351 ejus
3119 2282 3244 2337 orbi
3270 2287 3432 2337 terrae
3456 2300 3468 2338 :
3494 2284 3659 2353 vidit,

2016 2394 2043 2421 ‹‹
2078 2376 2135 2426 et
2156 2376 2449 2426 commota
2469 2374 2555 2424 est
2577 2375 2749 2424 terra.
2784 2369 3010 2425 Montes
3038 2370 3191 2425 sicut
3213 2388 3343 2427 cera
3370 2372 3664 2429 ﬂuxerunt

2020 2482 2047 2509 ‹‹
2082 2477 2114 2515 a
2136 2460 2279 2515 facie
2299 2459 2547 2527 Domini,
2563 2476 2594 2512 a
2614 2459 2756 2513 facie
2777 2457 3005 2513 Domini
3026 2459 3217 2514 omnis
3235 2466 3408 2516 terra.
3425 2467 3664 2517 Annuu-

2017 2573 2043 2600 «
2080 2549 2372 2605 tiaverunt
2401 2547 2521 2602 coeli
2546 2546 2845 2617 justitiam
2879 2550 3036 2617 ejus,
3070 2553 3128 2602 et
3156 2548 3428 2604 viderunt
3456 2567 3659 2609 omnes

2017 2662 2044 2689 ‹‹
2079 2638 2275 2709 populi
2309 2636 2554 2708 gloriam
2600 2636 2747 2704 ejus.
2805 2635 3252 2691 Confundantur
3305 2655 3510 2695 omnes
3558 2643 3657 2713 qui

2021 2751 2041 2776 α
2078 2727 2325 2781 adorant
2344 2723 2660 2795 sculptilia,
2683 2728 2738 2778 et
2756 2724 2853 2795 qui
2886 2725 3213 2796 gloriantur
3232 2727 3291 2780 in
3324 2727 3658 2786 simulacris

2021 2840 2040 2864 α
2078 2814 2220 2870 suis.
2250 2816 2501 2869 Adorate
2527 2830 2683 2879 eum,
2712 2829 2916 2867 omnes
2939 2812 3129 2885 angeli
3162 2815 3308 2884 ejus.
3346 2818 3581 2873 Audivit
3604 2824 3660 2875 et

2016 2929 2043 2955 (ι
2076 2904 2271 2960 laetata
2297 2908 2386 2958 est
2412 2904 2571 2958 Sion.
2609 2903 2674 2957 Et
2702 2902 3141 2958 exsultaverunt
3171 2904 3301 2959 ﬁliae
3327 2906 3496 2962 Judte
3526 2925 3658 2980 pro-

2017 3018 2043 3044 ‹‹
2078 3000 2203 3066 pter
2225 2993 2451 3063 judicia
2477 2997 2597 3062 tua,
2633 2991 2895 3046 Domine.
2932 2992 3216 3057 Quoniam
3248 2998 3344 3064 tu,
3376 2997 3659 3053 Dominus

2021 3108 2041 3132 α
2078 3083 2404 3138 altissimus
2434 3098 2611 3152 super
2640 3097 2873 3135 omnem
2906 3086 3143 3150 terram,
3175 3082 3353 3139 nimis
3374 3086 3661 3143 exaltatus

2023 3194 2042 3220 ι
2082 3188 2142 3227 es
2161 3188 2337 3241 super
2357 3187 2561 3224 omnes
2586 3170 2744 3225 deos.
2763 3169 2868 3231 Qui
2893 3169 3135 3241 diligitis
3159 3171 3664 3243 Dominum,odite

256 3259 407 3313 mino
455 3260 653 3330 patriae
699 3258 969 3329 gloriam,
1025 3263 1082 3314 et
1126 3260 1234 3314 hoc
1279 3260 1476 3315 afferte
1506 3261 1731 3316 Domino
1764 3260 1905 3316 Filio
1938 3238 1980 3303 C
2020 3281 2045 3307 ‹‹
2080 3257 2597 3323 malum,custodit
2618 3256 2902 3312 Dominus
2922 3258 3151 3312 animas
3174 3265 3510 3317 sanctorum
3533 3281 3662 3320 suo-

258 3347 517 3417 gloriam,
550 3352 605 3403 et
627 3347 747 3403 haec
768 3348 1029 3403 videlicet
1054 3352 1380 3419 operantes,
1408 3353 1473 3402 ut
1497 3366 1597 3420 per
1616 3366 1716 3404 vos
1737 3348 1909 3420 glori-

257 3434 467 3491 ﬁcetur
496 3436 799 3503 Dominus,
832 3436 1025 3507 a/ferte
1054 3436 1281 3491 Domi-no
1308 3436 1550 3508 Spiritui
1573 3441 1772 3492 sancto
1802 3437 1910 3508 glo-

255 3526 407 3580 riam
422 3527 634 3581 nomini
646 3528 792 3598 ejus:
813 3531 875 3581 ut
892 3528 988 3597 qui
1001 3528 1358 3597 gloriatur,in
1369 3527 1602 3581 Domino
1617 3527 1904 3595 glorietur:

259 3614 449 3669 Tollite
472 3616 694 3683 hostias,
720 3616 870 3671 bona
890 3633 1066 3687 opera
1093 3615 1381 3681 videlicet,
1409 3632 1536 3687 qua:
1558 3621 1699 3670 sunt
1719 3615 1911 3672 hostia

256 3702 475 3773 laudis,
508 3704 808 3760 vobiscum
843 3705 1155 3776 assumite,
1190 3706 1329 3776 quia
1360 3722 1474 3760 non
1506 3705 1676 3761 debet
1705 3723 1910 3762 servus

255 3809 537 3865 apparere
562 3794 618 3848 in
643 3799 956 3865 conspectu
984 3793 1215 3849 Domini
1237 3811 1455 3849 vacuus
1481 3811 1494 3849 :
1528 3800 1578 3849 et
1609 3796 1829 3851 introite
1851 3798 1909 3851 in

253 3885 407 3937 atria
437 3883 585 3954 eius,
620 3884 675 3937 id
711 3889 817 3949 est,
852 3884 999 3938 bene
1027 3884 1198 3937 vivite
1228 3884 1286 3937 in
1321 3883 1575 3939 Ecclesia
1606 3901 1740 3955 sua,
1775 3887 1912 3956 quia

258 3988 376 4026 non
399 3976 648 4043 prosunt
668 3971 869 4026 hostiae
894 3972 1005 4026 nisi
1030 3989 1163 4027 cum
1188 3973 1320 4043 ﬁde,
1341 3972 1479 4043 quia
1498 3974 1615 4027 veri
1640 3976 1910 4033 sacrificii

257 4067 424 4115 extra
454 4060 801 4115 catholicam
837 4060 1153 4115 Ecclesiam
1185 4078 1300 4115 non
1331 4064 1420 4115 est
1447 4060 1629 4116 locus.
1682 4064 1913 4120 Adorale

258 4150 554 4204 Dominum
579 4152 636 4204 in
670 4151 814 4205 atrio
842 4157 1030 4204 sancto
1055 4150 1192 4219 ejus,
1217 4150 1271 4203 id
1305 4154 1415 4213 est,
1444 4150 1719 4205 omnibus
1751 4170 1909 4207 com-

262 4254 505 4293 munem
538 4239 754 4295 credite
791 4257 802 4292 :
855 4242 911 4293 et
943 4238 1024 4293 sic
1056 4239 1233 4293 etiam
1260 4238 1426 4293 vobis
1458 4240 1912 4309 praedicantibus

260 4325 415 4381 alius
446 4332 847 4383 commoveatur
879 4333 1039 4382 motu
1074 4327 1421 4398 pcenitentize
1452 4344 1485 4382 a
1506 4328 1652 4398 facie
1683 4331 1817 4401 ejus,
1854 4332 1912 4387 id

259 4422 377 4482 est,
429 4433 462 4471 a
494 4417 843 4488 cogitatione
874 4418 1033 4488 ejus,
1086 4433 1214 4488 qua:
1264 4433 1366 4488 per
1407 4433 1509 4472 vos
1540 4418 1597 4472 in
1640 4419 1913 4490 gentibus

260 4505 472 4559 crescit
495 4505 551 4560 in
574 4508 833 4561 universa
854 4515 1034 4568 terra;
1066 4515 1116 4560 et
1137 4506 1304 4561 dicite
1334 4508 1393 4561 in
1423 4507 1705 4575 gentibus,
1729 4509 1909 4564 Domi-

2022 3370 2048 3396 ι(
2081 3365 2232 3413 rum,
2267 3347 2337 3399 de
2369 3362 2543 3399 manu
2579 3345 2897 3416 peccatoris
2928 3345 3203 3401 liberabit
3234 3363 3351 3402 eos.
3386 3350 3508 3405 Lux
3536 3357 3664 3408 orta

2019 3459 2046 3486 ‹‹
2082 3435 2373 3505 estjusto,
2405 3440 2461 3488 et
2492 3433 2664 3488 rectis
2695 3432 2867 3488 corde
2898 3432 3118 3489 laetitia.
3147 3437 3464 3508 Leetamini,
3490 3439 3661 3510 justi,

2020 3548 2047 3575 ‹‹
2082 3525 2141 3580 in
2174 3523 2450 3593 Domino,
2502 3526 2557 3577 et
2587 3523 2945 3577 conﬁtemini
2997 3525 3291 3579 memoria:
3330 3529 3660 3585 sanctiﬁca-

2022 3637 2050 3664 «
2082 3613 2259 3669 tionis
2289 3613 2437 3683 ejus.
2472 3634 2499 3661 »

2638 3701 2909 3757 ENARRA
2919 3702 3036 3757 T10.

2092 3797 2269 3851 Terra
2299 3792 2560 3855 deﬂuxit,
2596 3791 2829 3862 quando
2850 3791 3178 3847 humanum
3199 3807 3385 3864 genus
3408 3811 3511 3866 per
3538 3796 3665 3852 ino-

2021 3882 2372 3941 bedientiam
2406 3899 2439 3936 a
2469 3882 2584 3936 Deo
2616 3880 2875 3935 recessit.
2925 3880 3214 3937 Restituta
3260 3888 3350 3938 est
3387 3884 3444 3939 in
3479 3891 3660 3958 parte,

2022 3975 2254 4047 quando
2278 3971 2491 4043 populo
2513 3970 2755 4025 Judaico
2779 3969 2869 4024 lex
2889 3970 3025 4024 data
3046 3975 3153 4025 est.
3187 3973 3296 4028 Sed
3321 3973 3459 4045 quia
3480 3993 3663 4049 popu-

2021 4064 2115 4118 lus
2145 4062 2239 4117 ille
2269 4059 2413 4131 legis
2448 4057 2850 4129 praevaricator
2881 4059 3066 4115 factus
3096 4066 3211 4131 est,
3268 4063 3476 4120 iterum
3509 4070 3665 4123 terra

2023 4151 2281 4207 deﬂuxit.
2315 4147 2565 4203 Deﬁuxit
2592 4146 2790 4215 etiam,
2837 4150 3072 4219 quando
3104 4154 3309 4208 Petrus
3338 4156 3662 4226 apostolus,

2023 4242 2123 4314 qui
2167 4238 2331 4311 prius
2361 4236 2751 4292 constantiam
2784 4238 3075 4309 promisit,
3109 4242 3176 4295 ad
3212 4258 3408 4297 vocem
3441 4243 3664 4298 ancillae

2024 4330 2317 4386 Dominum
2332 4326 2582 4397 negavit;
2600 4327 2700 4381 sed
2716 4328 2967 4383 restituta
2983 4334 3060 4383 est
3074 4329 3131 4382 in
3150 4345 3216 4384 eo
3230 4332 3665 4401 ierra,quando,

2023 4420 2413 4489 interrogante
2444 4415 2689 4471 Domino
2708 4460 2720 4481 ,
2756 4420 2940 4483 Petre,
2990 4434 3144 4471 amas
3172 4421 3296 4472 me?
3325 4419 3627 4489 respondit
3651 4437 3664 4474 :

2024 4510 2174 4578 Amo,
2199 4507 2459 4561 Domine:
2488 4505 2611 4568 sed,
2640 4521 2773 4557 cum
2798 4504 2905 4558 hoc
2931 4504 3094 4559 tertio
3119 4505 3499 4577 quaesivisset,
3530 4523 3666 4562 con-

260 4609 367 4647 nus
391 4595 658 4666 regnabit
680 4596 737 4650 in
762 4596 1017 4651 adventu
1048 4596 1324 4661 secundo,
1358 4594 1634 4666 quiajam
1669 4601 1921 4666 regnavit
1947 4606 1994 4670 D
2027 4599 2290 4652 tristatus
2320 4594 2523 4648 Petrus
2554 4591 2699 4646 dixit
2728 4610 2739 4645 :
2793 4593 2863 4645 Tu
2890 4594 3022 4661 scis,
3072 4593 3326 4663 Domine,
3384 4596 3516 4665 quia
3546 4612 3669 4652 amo

258 4682 320 4736 in
355 4683 607 4739 adventu
652 4686 891 4756 primo:
950 4689 1006 4740 et
1055 4684 1164 4738 hoc
1213 4685 1450 4739 effectus
1482 4684 1730 4757 indicat,
1783 4687 1921 4758 quia

259 4775 514 4827 currerit
558 4776 744 4829 orbem
787 4778 979 4843 terrae,
1032 4774 1126 4844 qui
1153 4788 1263 4827 non
1291 4775 1714 4829 commovebitur
1740 4792 1774 4830 a
1804 4776 1916 4833 ﬁde

263 4878 408 4930 sua,
455 4866 508 4917 et
540 4864 774 4918 tandem
798 4863 1076 4935 judicabit
1102 4863 1326 4933 populos
1357 4864 1413 4915 in
1446 4865 1736 4934 aequitate,
1780 4866 1914 4920 uni—

262 4948 480 5021 cuique
514 4952 764 5007 reddens
785 4952 1109 5007 secundum
1134 4968 1308 5022 opera
1327 4968 1454 5005 sua.
1480 4952 1548 5006 Et
1566 4956 1705 5007 tunc
1731 4952 1920 5010 laeten-

263 5042 367 5092 tur
396 5038 544 5105 cmli,
582 5040 636 5095 id
671 5046 779 5109 est,
814 5042 1033 5112 quique
1066 5039 1287 5106 ﬁdeles,
1310 5040 1409 5110 qui
1434 5056 1537 5111 pro
1560 5041 1745 5096 nitore
1772 5043 1918 5098 veri-

262 5126 406 5182 tatis
430 5128 558 5183 cmli
590 5129 867 5184 dicuntur
892 5147 905 5185 :
938 5138 989 5185 et
1020 5130 1255 5185 exsultet
1278 5137 1427 5183 terra
1450 5146 1681 5186 vomere
1710 5132 1916 5202 praedi-

264 5215 516 5271 cationis
548 5218 693 5273 bene
723 5218 915 5285 culta;
966 5224 1021 5274 et
1050 5222 1189 5273 tunc
1238 5228 1641 5273 commoveatur
1690 5237 1845 5277 mare
1871 5228 1923 5276 et

258 5306 559 5378 pleni/udo
582 5308 719 5378 ejus,
743 5308 798 5362 id
823 5313 930 5373 est,
950 5307 1146 5364 saaviat
1166 5306 1400 5377 gentilis
1422 5307 1672 5378 populus
1694 5314 1750 5364 et
1767 5326 1919 5365 com-

264 5394 452 5467 plices
474 5396 586 5462 sui,
606 5400 802 5453 tamen
827 5398 1137 5467 gaudebunt
1158 5398 1364 5466 cantpi,
1383 5396 1438 5450 id
1465 5402 1571 5467 est,
1591 5398 1842 5453 humiles
1864 5402 1921 5453 et

265 5484 417 5539 bene
441 5485 896 5543 fructiﬁcantes:
926 5496 976 5542 et
1005 5488 1191 5541 munia
1211 5502 1329 5556 quae
1360 5486 1419 5539 in
1445 5488 1520 5539 eis
1540 5488 1687 5549 sunt,
1721 5486 1775 5540 id
1809 5492 1915 5557 est,

264 5574 473 5647 omnia
499 5590 674 5646 opera
696 5592 898 5631 eorum
930 5576 1293 5649 gaudebunt,
1325 5574 1381 5628 id
1414 5576 1520 5644 est,
1543 5589 1641 5628 eos
1665 5577 1918 5646 gaudere

263 5663 506 5736 facient,
533 5666 811 5738 quoniam
834 5666 1063 5724 nullum
1085 5666 1307 5724 bonum
1329 5680 1477 5739 opus
1507 5679 1711 5724 eorum
1732 5682 1917 5728 rema-

2029 4696 2079 4741 ιδ
2108 4688 2299 4756 (Joan.
2334 4682 2471 4751 χχι),
2505 4686 2561 4736 et
2591 4679 2672 4734 sic
2703 4679 2892 4734 deleta
2929 4686 3018 4735 est
3048 4680 3220 4753 culpa
3250 4698 3317 4737 ex
3348 4684 3501 4740 trina
3531 4702 3669 4742 con-

2028 4776 2307 4835 fessione.
2355 4790 2481 4845 quae
2530 4770 2708 4826 crevit
2746 4786 2814 4825 ex
2843 4771 2997 4826 trina
3028 4773 3353 4842 negatione.
3405 4776 3671 4833 Restituto

2028 4871 2109 4922 est
2152 4870 2328 4932 terra,
2380 4862 2613 4933 quando
2645 4859 2813 4915 multi
2869 4862 3128 4915 conversi
3161 4879 3229 4917 ex
3260 4865 3670 4934 przedicatione

2030 4954 2181 5010 Petri
2204 4954 2477 5009 dixerunt
2504 4951 2656 5004 inter
2677 4966 2765 5004 se:
2798 4949 2939 5017 Quid
2960 4950 3252 5020 faciemus,
3285 4955 3397 5007 viri
3421 4955 3626 5023 fratres
3644 4956 3673 5007 ?

2029 5045 2097 5099 Et
2119 5043 2321 5097 Petrus
2343 5059 2355 5095 :
2389 5041 2710 5109 Baptizetur
2729 5042 3104 5110 unusquisque
3124 5042 3182 5094 in
3204 5042 3431 5094 nomine
3461 5040 3669 5107 Patris,

2030 5136 2085 5187 et
2114 5130 2263 5197 Filii,
2297 5134 2353 5184 et
2381 5127 2633 5198 Spiritus
2666 5128 2875 5192 sancti,
2906 5136 2957 5182 et
2989 5128 3260 5198 baptizati
3285 5137 3412 5182 sunt
3432 5128 3670 5201 plurimi

2030 5220 2161 5291 (Act.
2196 5222 2279 5284 ιι).
2332 5217 2602 5271 Restituto
2648 5219 2729 5269 est
2774 5215 2844 5269 ad
2882 5214 3117 5285 plenum
3172 5224 3347 5283 terra,
3402 5218 3701 5287 quando,

2030 5308 2209 5363 misso
2231 5305 2445 5377 Spiritu
2472 5308 2689 5373 sancto,
2715 5304 2786 5357 ab
2809 5302 3092 5374 apostolis
3106 5304 3361 5359 Verbum
3379 5306 3506 5360 vitae
3527 5322 3669 5378 prae-

2028 5399 2285 5453 dicatum
2319 5399 2407 5449 est
2436 5394 2495 5447 in
2527 5392 2819 5464 gentibus.
2875 5393 3165 5464 Expositio
3208 5394 3361 5449 tituli
3394 5393 3528 5449 talis
3559 5398 3667 5449 est.

2028 5487 2279 5542 Psalmus
2304 5482 2439 5537 huic
2460 5483 2659 5550 David,
2688 5481 2739 5535 id
2766 5487 2873 5549 est,
2898 5498 3031 5536 vero
3058 5482 3235 5537 David
3261 5482 3669 5539 attribuendus

2028 5582 2135 5642 est,
2169 5576 2356 5629 factus
2388 5571 2621 5642 quando
2653 5572 2905 5624 restituta
2933 5579 3010 5625 est
3040 5578 3203 5627 terra.
3247 5573 3317 5627 Et
3346 5576 3504 5643 nota,
3535 5572 3671 5630 licet

2025 5682 2133 5723 vox
2162 5664 2239 5721 sit
2266 5660 2567 5739 PrOphetae
2599 5659 2659 5717 in
2691 5659 2799 5717 hoc
2827 5659 3085 5735 psalmo,
3138 5664 3336 5723 tamen
3368 5660 3667 5741 negotium
