4024 6192
365 302 480 362 647

938 296 1240 360 REMIGII
1285 295 2039 359 ANTISSIODORENSIS
2087 295 2260 355 OPP.
2311 294 2505 363 PARS
2554 293 2598 352 Ι.
2635 327 2708 336 -—
2740 244 3207 353 EXEGETICA.

3652 285 3789 361 648

364 432 533 503 illud,
567 432 723 487 unde
754 434 962 486 tractat
990 430 1279 502 psalmus,
1307 429 1535 484 Christo
1567 427 2008 483 attribuendum
2124 427 2395 501 superius
2422 443 2432 481 :
2471 427 2730 482 Dominus
2761 426 3028 496 regnavit,
3049 413 3281 481 exsultet
3309 428 3478 488 terra,
3514 420 3788 477 laetantur

364 527 471 589 est,
496 521 636 592 quia
659 522 814 592 quod
841 528 989 576 terra
1017 521 1278 574 restituta
1308 527 1407 584 est,
1439 518 1548 573 hoc
1579 535 1682 589 per
1711 533 1843 571 eum
1878 516 2006 571 fuit.

362 615 562 666 Potest
593 611 769 665 etiam
801 608 983 681 accipi
1017 610 1087 663 de
1119 607 1542 665 resurrectione
1596 606 1822 661 Domini
1856 606 2006 676 quod

364 701 525 770 dicit,
552 703 803 755 restituta
823 701 901 753 est
922 706 1090 767 terra,
1115 697 1252 769 quia
1272 702 1411 752 tunc
1435 713 1567 751 caro
1594 695 1805 750 Christi
1833 712 2009 766 quam

365 788 691 860 assumpsit
720 788 791 842 de
820 785 1043 859 virgine
1075 787 1344 841 restituta
1389 790 1506 855 est,
1558 785 1793 856 quando
1824 782 2011 856 gloria

362 876 824 934 immortalitatis
854 876 1062 930 induta
1091 879 1198 930 est.
1235 876 1371 938 Quae
1402 878 1583 943 terra,
1636 874 1692 927 id
1725 877 1843 937 est,
1877 889 2010 927 caro

362 966 573 1022 Christi
630 965 799 1038 quasi
856 964 1123 1035 deﬂuxit,
1185 965 1420 1035 quando
1470 961 1912 1017 immortalitate
1954 966 2011 1016 et

361 1054 834 1128 impassibilitate
859 1054 1184 1126 tegebatur.
1204 1053 1347 1108 Dicit
1370 1058 1563 1106 autem
1584 1051 1868 1121 Propheta
1889 1051 1972 1105 sic
1992 1068 2005 1106 :

362 1147 625 1201 Dominus
653 1145 936 1213 regnavit,
987 1141 1230 1197 exsultet
1279 1148 1461 1211 terra,
1518 1140 1775 1195 lztentur
1812 1140 2009 1196 insulae

360 1237 572 1291 multae.
588 1233 763 1300 Quasi
786 1233 957 1288 dicat.
974 1233 1232 1286 Dominus
1245 1230 1503 1285 Verbum
1527 1246 1761 1284 carnem
1786 1244 2010 1284 assum-

362 1323 502 1396 psit,
535 1323 592 1377 in
626 1339 742 1394 qua
771 1320 1029 1393 plurima
1058 1336 1291 1391 passus,
1316 1322 1586 1373 mortuus
1612 1323 1701 1373 est
1731 1323 1789 1373 et
1817 1334 2008 1373 resur-

363 1412 529 1484 rexit,
559 1410 843 1479 ascendit,
869 1409 1031 1464 misit
1051 1408 1330 1481 Spiritum
1358 1413 1628 1463 sanctum
1651 1408 1802 1462 inter
1831 1406 2006 1462 disci~

361 1501 554 1573 pulos,
574 1506 631 1555 et
652 1500 736 1556 sic
761 1500 1038 1570 regnavit,
1070 1497 1126 1552 id
1160 1502 1269 1564 est,
1303 1514 1549 1569 regnum
1582 1496 1799 1568 ubique
1826 1500 2006 1551 terra-

363 1607 493 1646 rum
517 1590 628 1646 sibi
652 1588 922 1654 obtinuit,
942 1588 1080 1659 quia
1097 1586 1547 1658 praedicantibus
1569 1585 1844 1657 apostolis
1863 1586 2007 1641 ﬁdes

362 1680 580 1751 ubique
607 1677 804 1747 crevit,
828 1680 882 1732 et
908 1677 992 1731 sic
1016 1678 1278 1731 Dominus
1298 1677 1565 1746 regnavit.
1596 1675 1755 1729 Unde
1775 1677 2009 1730 exsultet

361 1773 506 1823 terra
538 1768 663 1839 jam
709 1782 941 1822 vomere
981 1764 1405 1836 praedicationis
1430 1765 1575 1819 bene
1612 1763 1791 1828 culta,
1812 1768 1869 1819 et
1890 1780 2005 1819 non

360 1860 591 1911 tantum
625 1855 916 1910 exsultent
946 1852 1026 1907 illi
1063 1853 1163 1925 qui
1196 1852 1252 1907 in
1288 1853 1477 1907 solida
1519 1856 1674 1907 terra
1717 1852 2003 1920 habitant,

364 1943 465 1998 sed
496 1942 672 1997 etiam
707 1940 966 1998 laetentur
994 1940 1198 1996 insulae
1232 1940 1431 1995 multae
1458 1940 1528 1994 ad
1564 1939 1737 1994 fidem
1769 1946 2003 1997 vocatas.

362 2028 488 2093 Vel,
519 2032 779 2086 latentur
804 2031 1007 2085 insula?
1034 2030 1246 2095 multae,
1279 2027 1337 2082 id
1370 2032 1477 2095 est,
1512 2027 1779 2083 Ecclesiae
1807 2028 2008 2100 plures

355 2119 482 2190 jam
507 2119 689 2187 factae,
705 2135 833 2189 quae
856 2117 1065 2173 insulis
1087 2115 1412 2187 comparari
1436 2121 1704 2187 possunt,
1721 2122 2008 2188 quantum

363 2208 516 2263 sicut
547 2206 751 2263 insula:
784 2205 1157 2261 circumdatae
1188 2210 1328 2260 sunt
1357 2207 1538 2272 mari,
1589 2212 1645 2259 et
1687 2205 2012 2260 alliduntur

262 2328 269 2352 ι
365 2297 642 2353 fluctibus
659 2296 957 2367 maris,‘ita
972 2295 1229 2350 Ecclesia
1244 2295 1605 2350 circumdata
1626 2301 1715 2350 est
1735 2294 2008 2351 ﬂuctibus

365 2385 545 2457 hujus
577 2385 796 2454 saeculi,
830 2393 887 2441 et
916 2385 988 2440 ab
1020 2386 1104 2441 eis
1135 2384 1479 2456 impellitur.
1514 2385 1621 2439 Sed
1656 2384 1795 2456 quid
1831 2386 2014 2440 facit?

365 2475 602 2547 Frangit
627 2476 786 2544 ipsos
808 2474 1039 2535 ﬂuctus.
1064 2477 1254 2528 etnon
1284 2472 1575 2545 frangitur
1593 2473 1664 2528 ab
1694 2472 1830 2543 illis,
1857 2473 2014 2529 velut

367 2562 593 2634 scopuli
614 2563 794 2617 maris
816 2578 947 2615 cum
973 2562 1358 2631 impelluntur
1379 2562 1451 2616 ad
1482 2561 1669 2629 littus,
1708 2579 1822 2617 non
1855 2563 2011 2616 fran-

367 2655 517 2723 gunt
540 2649 725 2719 littus,
750 2650 799 2703 si
827 2650 1063 2703 firmum
1086 2649 1282 2713 fuerit,
1307 2650 1405 2703 sed
1432 2649 1625 2719 potius
1656 2650 1728 2704 ab
1760 2650 1886 2721 ipso
1919 2650 2013 2704 lit-

366 2745 493 2795 tore
538 2738 909 2809 franguntur.
960 2737 1147 2792 Nubes
1194 2745 1247 2791 et
1291 2737 1468 2807 caligo
1515 2739 1576 2791 in
1605 2739 1842 2793 circuitu
1870 2739 2010 2809 ejus.

370 2827 545 2897 Quasi
575 2828 730 2883 dicat
754 2844 767 2882 :
804 2827 1062 2881 Dominus
1090 2828 1341 2894 regnavit
1364 2825 1578 2892 taliter,
1611 2826 1750 2896 quia
1768 2828 1938 2882 nubes
1965 2836 2017 2883 et

368 2920 544 2989 caligo
575 2918 638 2972 in
677 2918 916 2972 circuitu
944 2916 1081 2985 ejus.
1135 2916 1309 2970 Nubes
1341 2920 1481 2969 sunt
1509 2915 1787 2985 apostoli,
1838 2917 2014 2987 caligo

369 3006 684 3079 prophetia,
708 3004 989 3077 quoniam
1022 3021 1148 3075 quae
1182 3002 1429 3074 apostoli
1459 3010 1891 3075 expresserunt,
1925 3022 2015 3061 ea-

370 3096 503 3150 dem
536 3094 831 3166 prophetaa
863 3092 1089 3149 occulte
1110 3091 1280 3163 quasi
1311 3092 1565 3163 quadam
1596 3092 1844 3165 caligine
1866 3099 2015 3150 tecta

370 3183 781 3256 praedixerunt.
832 3181 900 3237 Hi
931 3182 1222 3253 prophetae
1267 3185 1326 3235 et
1368 3180 1613 3252 apostoli
1664 3182 1721 3236 in
1767 3183 2011 3238 circuitu
2043 3168 2084 3233 L'

371 3273 499 3344 ejus
519 3276 680 3337 sunt,
704 3272 1087 3343 praecinentes
1108 3269 1375 3326 videlicet
1404 3270 1649 3342 gloriam
1674 3271 1926 3339 Domini,
1953 3278 2016 3327 ut

370 3378 619 3435 regnum
650 3362 778 3431 ejus
807 3360 868 3416 in
900 3361 1013 3416 ﬁde
1043 3364 1348 3415 cresceret.
1401 3361 1632 3416 Justitia
1660 3368 1711 3416 et
1739 3362 2018 3432 judicium

373 3452 630 3507 correctio
649 3450 789 3506 sedis
806 3452 947 3520 ejus.
972 3448 1457 3520 Prasposteratum
1490 3454 1595 3520 est,
1626 3451 1763 3521 quia
1792 3456 2018 3522 oportet

371 3545 438 3595 ut
469 3541 631 3612 prius
675 3540 753 3595 sit
798 3539 1122 3610 judicium,
1175 3538 1450 3594 discretio
1498 3539 1765 3595 videlicet
1794 3540 1929 3595 boni
1961 3545 2018 3597 et

371 3628 532 3698 mali,
555 3633 621 3684 ut
650 3628 1047 3699 subsequatur
1067 3628 1338 3698 justitia:
1371 3627 1511 3699 quia
1540 3645 1711 3683 nemo
1736 3629 2019 3699 justiﬁes-

369 3724 487 3788 tur,
520 3718 635 3774 nisi
665 3719 767 3789 qui
798 3717 907 3773 hoc
929 3717 1223 3789 judicium
1256 3717 1525 3772 attendit.
1569 3721 1700 3772 Haec
1732 3718 1847 3773 duo
1880 3723 2019 3773 sunt

369 3810 635 3865 correctio
662 3807 804 3863 sedis
834 3808 972 3877 ejus,
1025 3807 1163 3877 quia
1193 3822 1295 3876 per
1323 3805 1445 3859 haec
1478 3804 1593 3858 duo
1645 3807 2020 3877 corriguntur

371 3896 458 3952 illi
488 3897 592 3968 qui
618 3896 782 3952 sedes
812 3896 941 3966 ejus
970 3899 1112 3951 sunt
1138 3896 1353 3949 futura.
1389 3897 1454 3947 Et
1485 3894 1781 3964 quomodo
1816 3910 1828 3948 :
1882 3894 2019 3966 quia

372 3986 538 4056 ignis,
568 3986 627 4039 id
650 3988 760 4048 est,
786 4001 951 4040 amor
970 3985 1161 4039 bonus
1185 3983 1284 4054 qui
1314 3982 1664 4047 inﬂammat,
1696 3987 1822 4039 ante
1842 3984 2019 4055 ipsum

367 4073 666 4145 praecedet,
713 4076 765 4125 et
809 4072 963 4142 ignis
1012 4072 1122 4128 iste
1169 4073 1539 4142 inﬂammabit
1581 4072 1832 4128 inimicos
1877 4074 2016 4141 ejus,

373 4160 769 4217 comburendo
791 4160 850 4214 in
871 4160 956 4215 eis
988 4160 1207 4227 nociva,
1241 4163 1301 4215 in
1331 4163 1566 4216 circuitu
1596 4178 1695 4216 eos
1726 4163 2015 4233 ponendo,

376 4254 442 4306 ut
473 4265 606 4306 eum
637 4247 905 4304 videlicet
952 4247 1317 4303 circumeant
1360 4248 1687 4304 imitatione
1731 4251 2018 4307 bonorum

372 4355 638 4413 operum.
666 4340 743 4395 De
764 4337 873 4393 hoc
898 4337 1034 4411 igne
1059 4337 1280 4392 dictum
1304 4342 1423 4392 est:
1449 4339 1634 4405 Ignem
1657 4341 1786 4394 veni
1802 4343 2022 4397 mittere

372 4432 432 4485 in
451 4433 678 4494 terram,
709 4430 764 4483 et
789 4427 922 4499 quid
955 4427 1069 4482 volo
1088 4426 1204 4480 nisi
1223 4429 1283 4480 ut
1304 4425 1679 4481 accendatur?
1708 4433 1859 4497 (Luc.
1895 4429 2021 4500 xu.)

2120 516 2330 572 insula?
2350 516 2563 579 multae,
2596 518 2652 569 et
2681 517 2875 569 tamen
2902 512 3041 568 licet
3068 511 3194 585 ipse
3223 510 3491 582 regnavit,
3524 508 3699 563 nubes
3729 515 3789 563 et

2119 605 2294 676 caligo
2320 608 2380 660 in
2399 605 2635 659 circuitu
2657 604 2812 674 ejus:
2844 600 2984 673 quia
3002 601 3356 673 quibusdam
3378 598 3783 655 obumbratus

2121 699 2178 749 et
2209 711 2279 750 ne
2309 711 2443 749 eum
2475 694 2768 757 viderent,
2824 696 2879 747 et
2916 696 3114 746 tamen
3144 688 3280 745 licet
3304 690 3474 744 nubes
3505 692 3563 743 et
3592 686 3782 755 caligo

2120 787 2287 838 erant
2314 784 2373 838 in
2393 783 2628 838 circuitu
2650 781 2787 851 ejus.
2808 785 3094 852 quantum
3125 779 3197 834 ad
3223 776 3785 850 quosdam,justitia

2118 877 2169 927 et
2198 873 2452 941 iudicum
2483 872 2719 925 fuerunt
2745 869 3013 924 correctio
3058 867 3206 922 sedis
3249 867 3396 937 ejus,
3451 864 3510 919 id
3541 868 3668 929 est,
3716 863 3779 919 in

2118 962 2471 1016 correctione
2489 959 2725 1015 illorum
2749 958 2848 1030 qui
2873 956 3054 1012 futuri
3075 960 3243 1011 erant
3262 954 3430 1011 sedes
3451 953 3603 1024 ejus.
3627 952 3781 1024 Ignis

2117 1059 2240 1106 ante
2270 1052 2445 1121 ipsum
2476 1049 2763 1120 praecedet.
2800 1046 3051 1102 Causam
3078 1044 3271 1100 reddit
3313 1060 3493 1115 quare
3517 1042 3696 1096 nubes
3723 1045 3783 1096 et

2116 1140 2294 1207 caligo
2319 1140 2379 1194 in
2398 1140 2636 1193 circuitu
2658 1138 2795 1207 ejus.
2831 1134 2977 1199 Quia
3008 1136 3159 1203 ignis
3190 1132 3421 1188 invidiae
3444 1139 3572 1186 ante
3595 1132 3783 1202 ipsum

2111 1228 2398 1300 pracedet,
2432 1244 2544 1282 non
2581 1226 2737 1298 quod
2769 1225 2841 1280 ab
2867 1241 2933 1280 eo
2966 1222 3156 1278 veniat
3186 1224 3331 1295 ignis
3362 1221 3483 1287 ille,
3505 1219 3613 1277 sed
3636 1220 3783 1292 quia

2115 1317 2225 1388 ipsi
2258 1322 2482 1389 ponunt
2511 1316 2705 1388 ignem
2739 1314 2933 1384 ipsum
2968 1313 3120 1368 inter
3148 1328 3210 1367 se
3240 1315 3298 1367 et
3321 1311 3531 1376 Deum,
3552 1312 3614 1364 et
3647 1304 3779 1365 ideo

2116 1406 2502 1462 obumbratus
2532 1409 2622 1459 est
2650 1403 2735 1459 eis
2778 1402 3086 1469 Dominus,
3138 1417 3210 1457 ne
3239 1416 3374 1456 eum
3405 1398 3647 1454 videant
3676 1415 3691 1453 :
3720 1402 3781 1454 et

2117 1494 2262 1562 ignis
2280 1494 2389 1549 iste
2401 1493 2771 1565 inﬂammabit
2789 1493 3048 1547 inimicos
3065 1492 3185 1563 ejus
3200 1489 3421 1545 illicitis
3437 1484 3780 1557 desideriis,

2116 1588 2173 1638 et
2202 1583 2311 1638 hoc
2343 1584 2401 1637 in
2432 1581 2689 1651 circuitu,
2722 1580 2781 1635 id
2812 1585 2922 1646 est,
2955 1594 3401 1651 usquequaque.
3449 1574 3779 1632 "luxerunt

2114 1673 2343 1744 fulgura
2371 1673 2485 1741 eius
2509 1673 2633 1727 orbi
2660 1675 2846 1726 terra.
2879 1667 3145 1725 Ostendit
3174 1666 3426 1740 qualiter
3443 1667 3679 1738 justitia
3710 1670 3777 1721 et

2106 1761 2382 1833 judicium
2429 1764 2569 1815 sunt
2616 1760 2876 1815 correctio
2922 1759 3075 1813 sedis
3120 1758 3271 1830 ejus,
3321 1756 3461 1828 quia
3519 1753 3778 1811 illucent

2112 1850 2343 1923 fulgura
2365 1850 2484 1905 orbi
2501 1853 2687 1905 terrae.
2715 1852 2848 1914 Quae
2868 1845 3134 1918 fulgura?
3154 1843 3435 1901 Videlicet
3451 1851 3614 1900 terra
3634 1859 3777 1899 com-

2116 1943 2271 1995 mota
2292 1939 2360 1993 ad
2392 1938 2813 2010 pcenitentiam.
2848 1936 2993 1991 Nam
3025 1935 3202 1991 etiam
3227 1942 3433 1990 montes
3461 1935 3608 1989 sicut
3636 1948 3775 1990 cera

2115 2031 2422 2099 ﬂuxerunt,
2457 2027 2516 2082 id
2546 2031 2654 2097 est,
2687 2024 2903 2080 duritia
2931 2025 3322 2097 superborum
3360 2024 3420 2078 in
3460 2021 3775 2079 mollitiem

2115 2134 2281 2173 versa
2300 2120 2406 2179 est.
2425 2116 2579 2172 sicut
2600 2133 2730 2171 cera
2752 2132 2881 2187 qua:
2902 2114 3217 2186 apponitur
3237 2113 3378 2186 igni.
3394 2112 3464 2183 Et
3482 2110 3590 2166 hoc
3612 2112 3777 2184 quod

2120 2211 2321 2262 montes
2380 2207 2694 2277 ﬂuxerunt,
2763 2209 2855 2260 est
2919 2220 2953 2257 a
3016 2203 3167 2270 facie
3228 2202 3484 2268 Domini,
3553 2217 3589 2256 ι
3655 2217 3779 2273 qua

2116 2304 2381 2351 commota
2452 2299 2527 2350 est
2602 2293 2794 2350 omnis
2867 2300 3044 2359 terra,
3122 2295 3180 2346 et
3242 2289 3538 2362 quomodo
3602 2288 3776 2346 hoc?

2119 2385 2266 2450 Quia
2308 2385 2783 2456 annuntiaverunt
2823 2383 2976 2448 cali,
3031 2379 3091 2435 id
3134 2383 3251 2448 est,
3305 2376 3555 2453 apostoli
3593 2379 3771 2450 justi-

2119 2475 2257 2529 tiam
2306 2475 2450 2541 ejus,
2503 2478 2561 2529 et
2603 2473 2687 2528 sic
2732 2472 3019 2536 viderunt,
3074 2469 3135 2525 id
3182 2472 3299 2537 est,
3357 2466 3777 2524 intellexerunt

2118 2579 2306 2619 omnes
2356 2563 2565 2634 populi,
2618 2578 2733 2617 non
2786 2559 2977 2616 solum
3026 2558 3233 2615 Judaei.
3286 2558 3356 2613 Et
3402 2557 3543 2629 quia
3584 2572 3778 2613 omnes

2114 2653 2310 2723 populi
2354 2654 2607 2707 viderunt
2654 2652 2892 2719 gloriam
2949 2649 3098 2720 ejus,
3156 2647 3582 2722 confundantur
3635 2661 3775 2719 ergo

2119 2740 2177 2795 in
2209 2740 2672 2796 consideratione
2723 2756 2830 2795 sua
2880 2754 3073 2794 omnes
3120 2738 3222 2812 qui
3262 2736 3497 2793 adorant
3540 2736 3779 2807 sculpti-

2120 2829 2227 2900 lia,
2287 2838 2339 2885 et
2393 2830 2492 2900 qui
2544 2831 2865 2899 gloriantur
2921 2828 2979 2883 in
3034 2825 3363 2896 simulacris
3420 2828 3569 2890 suis,
3636 2824 3780 2897 quis

2122 2936 2235 2973 non
2272 2921 2410 2973 sunt
2440 2919 2740 2974 adoranda
2767 2916 3082 2973 simulacra
3107 2959 3120 2985 ,
3170 2932 3277 2971 nec
3317 2911 3493 2970 etiam
3527 2912 3780 2986 angelus

2121 3007 2454 3063 adorandus
2502 3012 2618 3074 est,
2674 3007 2813 3079 quia
2857 3006 3073 3079 legitur
3112 3004 3171 3060 in
3200 3002 3579 3076 Apocalypsi,
3633 3018 3776 3058 cum

2123 3097 2362 3169 quidam
2394 3096 2676 3151 voluisset
2717 3097 2959 3151 adorare
3004 3095 3270 3167 angelum
3317 3107 3421 3164 pro
3453 3090 3776 3146 miraculis

2124 3203 2251 3257 qua:
2284 3186 2448 3254 fecit,
2495 3185 2648 3257 quod
2694 3185 2820 3256 ipse
2865 3183 3258 3255 prohibuisset
3283 3195 3352 3235 ne
3383 3179 3766 3240 adoreretur,

2124 3276 2371 3330 dicens:
2429 3274 2552 3330 Vide
2600 3291 2670 3329 ne
2714 3274 2937 3344 feceris,
2982 3287 3271 3329 conservus
3298 3270 3441 3326 enim
3487 3276 3611 3324 tuus
3640 3283 3772 3322 sum

2123 3368 2173 3420 et
2227 3367 2467 3433 fratrum
2521 3371 2739 3419 tuorum
2793 3363 2984 3434 (Apoc.
3043 3378 3139 3417 xxx
3192 3367 3252 3417 et
3301 3360 3469 3427 xxii).
3539 3356 3781 3413 Adorats

2125 3454 2459 3522 Dominum,
2491 3468 2675 3508 omnes
2702 3451 2891 3521 angeli
2917 3452 3052 3523 ejus.
3087 3449 3263 3516 Quasi
3287 3448 3478 3505 dicat:
3514 3445 3784 3503 Viderunt

2124 3559 2307 3599 omnes
2332 3542 2524 3613 populi
2551 3541 2785 3612 gloriam
2815 3542 2955 3613 ejus,
2990 3539 3147 3595 unde
3174 3539 3398 3594 adorate
3426 3552 3574 3607 eum,
3599 3551 3784 3593 omnes

2124 3632 2308 3703 angeli
2352 3631 2489 3701 ejus.
2536 3630 2763 3686 Audiuit
2794 3630 2903 3686 hoc
2933 3629 3064 3686 Sion
3096 3628 3252 3701 quod
3286 3628 3481 3701 populi
3528 3625 3783 3682 viderunt

2123 3720 2366 3791 gloriam
2413 3719 2556 3789 ejus,
2616 3723 2669 3774 et
2715 3719 2905 3775 laetata
2953 3722 3048 3775 est.
3099 3716 3264 3782 Quod
3315 3715 3457 3772 alibi
3515 3715 3780 3770 dicitur:

2124 3810 2444 3865 Audierant
2489 3808 2587 3879 qui
2631 3816 2793 3863 erant
2840 3810 2902 3862 in
2946 3808 3164 3875 Judza,
3214 3805 3355 3878 quia
3399 3811 3595 3877 gentes
3634 3818 3780 3858 rea-

2124 3902 2321 3970 perunt
2350 3896 2578 3950 verbum
2600 3896 2718 3964 Dei,
2742 3900 2799 3952 et
2819 3896 3243 3953 benedicebant
3273 3894 3461 3950 Deum
3493 3894 3645 3965 (Act.
3675 3892 3775 3964 xi).

2127 3988 2189 4042 Et
2233 3985 2646 4041 exsultaverunt
2702 3984 2842 4055 filiae
2884 3983 3075 4052 Iudae,
3127 3983 3185 4039 id
3240 3987 3361 4049 est,
3412 3981 3677 4038 Ecclesia
3720 3996 3784 4036 ex

2124 4075 2372 4143 Judaeis,
2420 4078 2641 4146 propter
2679 4074 2903 4145 judicia
2948 4082 3079 4142 tua,
3126 4074 3387 4143 Domine,
3438 4071 3581 4142 quia
3626 4085 3783 4127 reco-

2127 4168 2454 4236 gnoverunt
2504 4167 2707 4235 gentes
2755 4179 2884 4219 esse
2932 4162 3142 4236 dignas
3194 4166 3259 4217 ut
3288 4175 3786 4232 concorporaren-

2088 4308 2091 4311 ,
2126 4258 2225 4308 tur
2252 4252 2492 4322 Judaeis,
2526 4251 2681 4306 unde
2710 4255 2919 4306 Petrus
2953 4268 2966 4306 :
3016 4252 3077 4307 In
3110 4254 3337 4308 veritate
3364 4250 3611 4320 comperi
3638 4261 3787 4321 quo-

2128 4342 2287 4397 niam
2334 4358 2451 4396 non
2498 4343 2581 4396 est
2624 4356 2988 4412 personarum
3036 4344 3284 4413 acceptor
3324 4340 3465 4395 Deus
3513 4339 3659 4410 (Act.
3709 4338 3787 4409 ι).

2130 4432 2257 4503 Ipse
2287 4430 2443 4486 enim
2474 4430 2682 4485 Petrus
2713 4429 2991 4486 dubitans
3020 4434 3220 4485 utrum
3255 4426 3559 4484 Cornelius
3591 4426 3786 4500 bapti-

373 4519 534 4584 Quod
557 4518 717 4586 dicit,
748 4521 801 4572 et
824 4515 1207 4589 inﬂammabit
1239 4518 1300 4570 in
1329 4517 1571 4571 circuitu
1595 4518 1855 4573 inimicos
1881 4520 2017 4590 ejus.
2051 4538 2098 4603 Ι)
2128 4520 2351 4576 zandus
2398 4522 2580 4590 esset,
2631 4519 2985 4575 certiﬁcatus
3036 4522 3126 4574 est
3172 4517 3453 4591 quoniam
3495 4514 3790 4589 Spiritum

373 4611 561 4678 etquo
582 4607 785 4662 ordine
805 4605 913 4661 hoc
931 4606 1147 4660 factum
1166 4604 1291 4661 est?
1311 4605 1453 4669 Quia
1472 4606 1778 4661 illuxerunt
1791 4609 2024 4677 fulgura

374 4698 514 4767 ejus,
536 4696 593 4750 id
617 4700 725 4765 est,
744 4695 1084 4767 splendores
1111 4694 1528 4750 miraculorum
1556 4696 1683 4766 ejus
1704 4696 1823 4751 orbi
1840 4701 2022 4763 terrae,

375 4783 434 4839 id
463 4788 571 4851 est,
606 4782 722 4838 illis
774 4784 872 4855 qui
906 4782 1238 4855 recipiendo
1267 4781 1556 4838 culturam
1600 4784 1833 4852 bonam,
1865 4786 2024 4841 orbis

378 4872 558 4929 futuri
590 4872 842 4928 erantin
874 4872 1221 4933 virtutibus.
1273 4870 1538 4926 videlicet
1586 4872 1840 4943 perfecti.
1895 4874 2024 4930 Haec

375 4964 604 5036 fulgura
627 4961 766 5017 vidit
784 4964 961 5027 terra,
986 4966 1038 5016 et
1056 4971 1319 5017 commota
1347 4964 1423 5016 est
1457 4966 1618 5016 motu
1652 4961 2022 5034 pmnitentiae,

378 5058 438 5108 et
466 5069 582 5109 non
614 5050 887 5123 qualibet
914 5054 1065 5105 terra
1094 5054 1357 5105 commota
1387 5058 1491 5120 est,
1524 5051 1624 5106 sed
1653 5056 1860 5107 montes
1887 5055 2029 5109 sicut

376 5158 502 5199 cera
529 5126 838 5213 fluxerunt,
871 5140 928 5195 id
960 5144 1069 5207 est,
1103 5137 1239 5195 elati
1273 5139 1330 5193 in
1363 5138 1595 5207 saeculo,
1631 5148 1861 5213 recepto
1894 5142 2027 5213 igne

379 5230 711 5299 charitatis,
767 5229 989 5286 omissa
1030 5228 1248 5284 duritia
1276 5245 1412 5299 sua,
1457 5228 1724 5284 dissoluti
1756 5235 1896 5286 sunt
1925 5247 2028 5302 per

376 5321 669 5395 lacrymas
690 5319 1065 5392 poenitentiae.
1100 5318 1264 5384 Quod
1295 5318 1455 5385 dicit,
1499 5313 1707 5374 montes
1732 5321 1876 5375 sicut
1903 5336 2027 5376 cera

378 5412 663 5482 ﬂuxerunt
680 5427 719 5466 α
736 5410 886 5481 facie
912 5409 1152 5478 Domini,
1176 5408 1234 5462 id
1261 5411 1352 5463 est
1372 5412 1610 5479 propter
1633 5408 2026 5481 cognitionem

378 5500 632 5566 Domini,
666 5517 700 5555 a
726 5499 873 5572 facie
900 5498 1119 5553 Domini
1149 5500 1308 5552 mota
1356 5501 1446 5553 est
1475 5500 1655 5553 omnis
1683 5502 1855 5565 terra,
1890 5500 2028 5570 quia

381 5605 495 5647 non
519 5589 629 5648 soli
647 5588 833 5649 Judaei
854 5588 1030 5645 fidem
1051 5590 1412 5663 receperunt.
1443 5585 1540 5644 Vel
1571 5586 1739 5646 aliter
1757 5587 2026 5649 dicamus

2133 4612 2403 4664 sanctum
2436 4607 2581 4663 vidit
2608 4623 2741 4663 eum
2774 4608 3065 4680 recepisse
3100 4625 3113 4664 :
3173 4606 3326 4678 quod
3360 4603 3506 4661 nulli
3541 4602 3795 4678 contigit

2133 4713 2202 4752 ex
2222 4696 2444 4753 Judaeis
2466 4697 2621 4768 quod
2646 4701 2779 4752 ante
2810 4696 3169 4769 baptismum
3194 4695 3479 4767 Spiritum
3512 4696 3793 4749 sanctum

2133 4787 2469 4858 recepisset.
2491 4784 2939 4841 Exsultaverunt
2955 4784 3085 4840 ﬁliae
3098 4784 3264 4840 Judae
3283 4784 3514 4851 merito,
3528 4783 3797 4857 quoniam

2131 4880 2189 4932 tu
2245 4877 2511 4931 Dominus
2565 4891 2619 4931 es
2668 4875 2979 4930 Altissimus
3036 4889 3202 4946 super
3257 4888 3480 4928 omnem
3536 4876 3801 4936 terram;

2136 4966 2272 5037 quia
2304 4981 2418 5021 non
2452 4968 2682 5019 tantum
2714 4963 3080 5033 Judaaorum,
3134 4962 3237 5019 sed
3290 4962 3468 5018 etiam
3519 4960 3796 5035 gentium

2139 5056 2308 5110 Deus.
2360 5054 2430 5109 Et
2477 5052 2753 5108 exaltatus
2797 5069 2854 5107 es
2905 5068 3067 5124 super
3116 5066 3302 5108 omnes
3345 5050 3470 5106 deos
3517 5054 3664 5105 ante
3705 5048 3794 5107 fs-

2135 5148 2287 5212 ctos,
2342 5143 2512 5198 nimis
2560 5140 2847 5198 exaltatus
2896 5158 2957 5197 es
3014 5157 3202 5212 usque
3257 5140 3327 5196 ad
3388 5137 3796 5211 aequalitatem

2133 5232 2324 5287 Patris
2374 5231 2733 5291 ascendens:
2794 5234 2851 5285 et
2908 5246 2981 5285 ne
3039 5229 3172 5301 quis
3228 5228 3599 5300 desperaret,
3651 5242 3797 5283 cum

2135 5320 2277 5376 dicit
2306 5336 2441 5376 eum
2471 5318 2870 5383 Altissimum,
2921 5317 3089 5390 quasi
3122 5335 3237 5389 pra:
3269 5315 3579 5372 altitudine
3610 5314 3797 5372 attin-

2133 5426 2268 5483 gere
2320 5425 2454 5465 eum
2504 5425 2620 5464 non
2669 5411 2896 5480 posset,
2948 5407 3050 5462 dat
3079 5411 3436 5479 prmeeptum
3488 5404 3645 5477 quod
3699 5406 3798 5460 st-

2133 5497 2449 5572 tingendus
2506 5495 2612 5565 sit,
2664 5501 2723 5552 et
2762 5495 2946 5552 dicit:
2997 5496 3114 5568 Qui
3161 5494 3404 5565 diligitis
3462 5493 3805 5550 Dominum.

2134 5588 2277 5649 adite
2321 5589 2553 5646 malum.
2607 5585 2784 5655 Quasi
2830 5585 3033 5644 dicat:
3082 5584 3370 5643 Dominus
3421 5585 3512 5643 est
3549 5579 3787 5646 Altissi-
