4024 6192
227 344 348 407 649

1347 347 1950 411 ENABRATIONES
1992 349 2072 409 IN
2119 350 2501 412 PSALMOS.

3511 346 3631 414 650

229 491 386 542 mus,
417 492 522 533 vos
550 480 766 535 autem
825 478 925 551 qui
984 478 1353 537 altitudinem
1410 481 1541 553 ejus
1587 481 1873 554 attingere
1900 483 1955 549 Α
1986 481 2258 536 licentem
2293 482 2614 537 notiﬁcavit
2642 481 2936 554 gentibus.
2970 482 3037 537 Et
3070 496 3252 552 quare
3280 480 3435 536 hoc?
3479 484 3626 547 Quia

227 564 429 635 vultis,
463 566 618 622 odite
650 565 909 637 malum;
966 573 1023 624 et
1061 569 1111 625 si
1169 572 1497 642 persecutio
1554 571 1869 643 impiorum

223 655 389 711 vobis
468 656 888 728 supervenerit,
977 657 1155 715 nolite
1228 660 1456 728 timere,
1545 662 1686 732 quia
1740 660 1875 716 licet

228 744 471 801 saeviant
497 750 700 801 contra
738 762 996 814 carnem,
1030 765 1146 803 non
1201 754 1449 821 possunt
1506 754 1704 807 tamen
1762 750 1871 805 im-

218 834 420 907 pedire
487 835 1001 893 resurrectionem.
1075 837 1221 902 Quia
1273 839 1516 895 custodit
1600 841 1872 896 Dominus

220 925 445 978 animas
491 927 806 980 sanctorum
862 942 1106 994 suorum,
1166 932 1224 982 et
1270 928 1335 983 de
1379 944 1554 983 manu
1607 932 1870 1000 peccato-

223 1029 356 1084 rum
385 1012 645 1068 liberabit
672 1029 760 1070 eos
800 1015 1063 1082 tandem,
1120 1021 1179 1071 et
1240 1020 1302 1071 ut
1360 1018 1597 1072 tandem
1662 1015 1871 1072 liberet

216 1117 338 1169 eos,
373 1103 475 1158 tua:
502 1110 625 1158 orta
670 1107 753 1158 est
795 1103 965 1174 justo,
1022 1105 1078 1159 id
1141 1110 1252 1171 est,
1310 1105 1411 1161 lux
1473 1105 1717 1161 interior
1772 1104 1869 1160 lu-

217 1190 373 1247 cebit
428 1190 749 1265 unicuique
798 1193 985 1265 justo,
1048 1197 1098 1249 et
1162 1196 1327 1250 rectis
1407 1196 1566 1251 corde
1643 1196 1865 1264 laetitia,

215 1279 275 1335 id
308 1284 416 1352 est,
449 1286 515 1336 ut
545 1298 662 1337 non
693 1281 889 1338 solum
922 1282 982 1337 in
1014 1299 1117 1355 spe
1154 1285 1470 1356 gaudeant,
1532 1285 1634 1341 sed
1691 1284 1866 1341 etiam

213 1368 278 1425 in
319 1368 716 1426 tribulatione.
760 1370 922 1428 Unde
949 1372 1241 1444 lwtamini,
1274 1374 1444 1444 justi,
1503 1375 1564 1429 in
1612 1376 1862 1441 Domino,

217 1474 468 1531 quorum
523 1463 755 1519 tantum
809 1464 900 1517 est
950 1462 1227 1535 gaudere,
1308 1463 1449 1534 quia
1494 1463 1694 1536 impiis
1749 1481 1865 1519 non

225 1551 315 1603 est
369 1549 645 1621 gaudere.
707 1551 771 1605 Et
809 1551 1154 1622 conﬁtemini
1204 1554 1485 1609 memoria:
1555 1554 1866 1609 sanctitatis

209 1638 351 1709 ejus,
404 1637 460 1692 id
511 1642 620 1708 est,
682 1637 861 1694 lauda
906 1656 1041 1694 eum
1104 1641 1160 1695 in
1219 1640 1350 1711 hoc,
1412 1642 1569 1713 quod
1641 1659 1868 1698 memor

205 1725 321 1781 fuit
348 1727 528 1783 vestri
563 1730 629 1783 ut
678 1744 780 1784 vos
838 1728 1249 1797 sanctiﬁcaret,
1302 1746 1437 1785 cum
1489 1730 1865 1788 immemores

204 1815 416 1871 essetis
446 1815 508 1871 in
538 1816 915 1873 damnatione
935 1823 1150 1875 vestra.

744 1923 877 1979 PSA
887 1924 1073 1980 LMUS
1111 1924 1324 1981 XCVII.

780 2012 1044 2052 PSALMUS
1103 2012 1290 2055 DAVID.

268 2082 859 2155 .«Cantateuomino
898 2085 1194 2141 canticum
1253 2103 1489 2155 novum,
1548 2088 1691 2160 quia
1746 2088 1862 2144 mi-

221 2191 251 2221 κ
282 2170 489 2226 rabilia
547 2172 700 2227 fecit.
760 2173 1017 2230 Salvavit
1071 2174 1183 2230 sibi
1263 2175 1499 2233 dextera
1579 2177 1731 2248 ejus,
1806 2182 1864 2233 et

218 2258 579 2317 «brachium
609 2267 879 2331 sanctum
909 2263 1059 2333 ejus.
1118 2263 1334 2319 Notum
1392 2265 1529 2321 fecit
1576 2265 1865 2322 Dominus

210 2368 240 2398 ‹‹
274 2347 537 2407 salutare
566 2366 764 2417 suum,
813 2350 874 2407 in
918 2356 1233 2424 conspectu
1271 2353 1537 2425 gentium
1596 2353 1866 2410 revelavit

218 2458 248 2486 (ι
271 2435 571 2509 justitiam
604 2455 795 2494 suam.
822 2439 1180 2497 Recordatus
1199 2447 1289 2498 est
1311 2442 1722 2500 misericordia:
1745 2461 1864 2499 suae

219 2546 247 2573 ‹‹
280 2529 340 2580 et
366 2525 631 2582 veritatis
652 2544 773 2583 suis
824 2528 1025 2585 domui
1062 2530 1258 2585 Israel.
1319 2530 1603 2587 Viderunt
1659 2549 1865 2589 omnes

221 2636 250 2663 (ι
284 2613 521 2669 termini
552 2618 719 2670 terra
747 2614 1005 2672 salutare
1033 2616 1133 2673 Dei
1165 2618 1368 2674 nostri.
1420 2619 1675 2676 Jubilate
1724 2621 1862 2688 Deo,

222 2724 250 2753 α
281 2702 476 2758 omnis
506 2708 681 2773 terra,
732 2709 982 2774 cantate,
1042 2710 1100 2762 et
1146 2706 1453 2778 exsultate,
1507 2713 1564 2763 et
1612 2693 1882 2780 psallite.‘

218 2814 247 2841 α
283 2788 516 2848 Psallite
539 2792 782 2849 Domino
841 2793 902 2848 in
960 2794 1205 2861 cithara,
1264 2796 1323 2851 in
1366 2796 1591 2853 cithara
1639 2802 1696 2853 et
1727 2814 1864 2854 voce

222 2878 514 2954 «psalmi,
561 2880 621 2937 in
655 2880 810 2937 tubis
865 2882 1186 2939 ductilibus
1215 2889 1273 2940 et
1329 2902 1465 2942 voce
1518 2886 1673 2944 tubae
1732 2904 1863 2943 cor-

223 2992 253 3020 κ
285 2985 421 3025 neas.
455 2969 715 3027 Jubilate
743 2971 801 3026 in
843 2979 1155 3045 conspectu
1210 2975 1364 3047 regis
1421 2974 1676 3048 Domini,
1733 2994 1860 3033 mo-

225 3080 249 3108 ι
282 3062 487 3114 veatur
516 3076 677 3115 mare
707 3065 766 3116 et
796 3060 1096 3133 plenitudo
1142 3064 1308 3134 ejus:
1367 3064 1528 3121 orbis
1573 3069 1861 3123 terrarum

218 3171 246 3199 «ι
272 3152 333 3203 et
361 3146 461 3219 qui
479 3148 748 3204 habitant
776 3149 837 3205 in
867 3167 953 3207 eo.
1017 3150 1289 3209 Flumina
1347 3152 1627 3224 plaudent
1686 3172 1861 3211 manu

1892 1861 1940 1925 B

1980 572 2299 627 recordatus
2319 574 2400 626 est
2418 572 2812 628 misericordiae
2830 586 2968 639 suae,
3004 572 3059 626 id
3092 576 3199 639 est,
3243 571 3628 642 reparationis

1983 660 2241 715 humano
2273 660 2469 731 generi
2503 662 3116 729 l‘aciendie,recordatus
3144 670 3220 717 est
3250 662 3496 715 veritatis
3516 676 3628 715 sum

1980 749 2283 820 promissa:
2308 748 2500 804 domui
2528 752 2719 816 Israel,
2752 751 2892 823 quia
2919 750 3033 806 illis
3062 750 3379 822 promissio
3405 749 3516 804 fuit
3544 749 3630 803 ibi

1980 838 2131 893 facta
2162 837 2231 891 de
2254 838 2676 893 restauratione
2705 839 2950 895 humani
2980 839 3307 913 generis.Et
3335 838 3420 893 sic
3480 837 3628 893 vide-

1978 930 2111 981 runt
2139 942 2325 981 omnes
2344 928 2570 982 termini
2599 933 2793 994 terra},
2828 928 2883 983 id
2918 936 3025 997 est,
3059 945 3263 984 omnes
3278 927 3362 982 illi
3386 927 3486 998 qui
3507 932 3627 983 ter-

1982 1015 2213 1071 renitati
2242 1032 2359 1071 suae
2395 1016 2713 1072 terminum
2746 1022 3088 1089 posuerunt,
3110 1018 3363 1073 uiderunt
3382 1017 3628 1071 salutare

1976 1105 2080 1159 Dei
2107 1106 2301 1171 nostri,
2325 1109 2380 1161 et
2412 1104 2539 1160 ideo
2560 1104 2801 1176 jubilate
2835 1107 3096 1171 Domino,
3130 1108 3309 1162 omnis
3361 1110 3529 1173 terra,
3564 1105 3623 1161 id

1977 1197 2087 1256 est,
2120 1197 2348 1249 tantum
2371 1192 2666 1249 licentiam
2700 1195 2757 1249 in
2788 1195 2956 1250 vobis
2989 1195 3298 1267 concipite,
3340 1200 3621 1267 quantam

1977 1299 2094 1337 non
2128 1282 2395 1337 sufﬁcitis
2413 1283 2470 1337 in
2487 1300 2623 1339 voce
2643 1284 2987 1356 exprimere.
3024 1284 3256 1340 Caritate
3276 1284 3453 1340 etiam
3476 1286 3624 1340 inte—

1977 1371 2122 1438 rius,
2144 1376 2197 1428 et
2225 1373 2504 1427 exsatiate
2531 1372 2869 1444 exterius,et
2889 1372 2971 1428 sic
2990 1374 3297 1445 psallite,id
3329 1378 3438 1439 est,
3468 1375 3636 1453 boua_

1974 1477 2152 1533 opera
2179 1478 2313 1517 cum
2346 1462 2561 1517 mentis
2584 1461 2875 1517 hilaritate
2901 1462 3177 1534 periicite,
3202 1462 3342 1533 quia
3372 1462 3622 1518 hilarem

1973 1554 2336 1621 operatorem
2368 1550 2560 1624 diligit
2593 1556 2760 1606 Deus.
2819 1552 3050 1606 Psallite
3078 1553 3326 1618 Domino,
3368 1551 3520 1618 dico,
3553 1554 3615 1606 in

1972 1640 2203 1707 cithara,
2238 1640 2295 1695 id
2320 1646 2428 1707 est,
2461 1641 2519 1696 in
2544 1641 2738 1696 carnis
2772 1639 3238 1696 mortiﬁcatione.
3275 1640 3435 1697 Unde
3471 1644 3620 1712 Apo-

1974 1728 2198 1785 stolus:
2230 1729 2553 1799 Mortiﬁcate
2574 1731 2821 1785 membra
2862 1739 3039 1786 vestra
3096 1744 3222 1801 quas
3266 1736 3396 1784 sunt
3449 1745 3621 1801 super

1973 1826 2177 1874 terram
2207 1817 2487 1889 (601.111).
2522 1817 2761 1874 Psallite
2788 1818 2965 1873 etiam
3014 1821 3074 1873 in
3102 1819 3249 1873 tubis
3294 1817 3616 1873 ductilibus.

1969 1908 2140 1963 Tubaa
2171 1908 2419 1963 ductiles
2450 1912 2591 1963 sunt
2611 1908 2763 1963 tubae
2785 1924 2943 1962 aureas
2973 1924 3262 1978 quae,cum
3291 1908 3624 1963 tunduntur

1972 1996 2221 2068 malleis,
2254 1998 2311 2053 in
2344 1997 2772 2070 longitudinem
2803 2003 2860 2054 et
2888 1996 3264 2052 latitudinem
3323 2000 3617 2052 crescunt.

1972 2085 2161 2142 Mallei
2199 2088 2378 2142 nostri
2410 2091 2550 2141 sunt
2580 2085 2795 2142 diaboli
2818 2092 2876 2142 et
2898 2100 3038 2141 vasa
3054 2102 3279 2151 eorum,
3303 2085 3499 2140 tunsio
3531 2090 3623 2141 est

1972 2192 2176 2231 eorum
2208 2176 2507 2231 tribulatio
2539 2181 2597 2231 et
2626 2175 2953 2248 persecutio
2977 2175 3196 2247 quibus
3212 2172 3442 2229 malleis
3462 2174 3623 2244 quis-

1975 2265 2108 2335 quis
2138 2268 2611 2330 tunsus,crescat
2636 2266 2694 2319 in
2727 2259 3217 2337 perseverantiam
3242 2262 3379 2318 boni
3405 2261 3619 2333 operis,

1975 2357 2195 2408 crescat
2210 2353 2387 2409 etiam
2408 2353 2468 2408 in
2493 2352 2887 2421 latitudinem,
2907 2353 2965 2407 id
2984 2356 3091 2417 est,
3128 2352 3186 2406 in
3200 2349 3503 2407 cbaritatis
3525 2366 3614 2405 ex-

1973 2442 2321 2509 tensionem,
2356 2460 2484 2515 quas
2524 2442 2782 2497 charitas
2814 2458 2927 2496 non
2964 2440 3117 2495 ultra
3147 2438 3377 2495 extendi
3408 2444 3618 2511 potest,

1974 2547 2153 2602 quam
2176 2536 2241 2586 ut
2264 2533 2335 2586 ad
2361 2532 2634 2586 inimicos
2656 2530 2907 2602 quisque
2930 2530 3108 2584 habet
3133 2527 3620 2594 charitatem,vel-

1976 2625 2041 2673 ut
2068 2619 2164 2674 ille
2189 2620 2287 2689 qui
2312 2620 2489 2674 dixit:
2514 2621 2833 2685 Domine,ne
2855 2621 3064 2673 statuas
3088 2619 3203 2672 illis
3226 2617 3323 2671 hoc
3339 2624 3621 2687 peccatum

1974 2708 2115 2778 (Act.
2148 2709 2273 2779 vn),
2308 2709 2447 2778 quia
2504 2708 2777 2763 nesciunt
2823 2707 2955 2778 quid
3000 2708 3213 2777 faciunt
3255 2706 3404 2778 (Luc.
3437 2710 3619 2773 xxiii).

1974 2796 2211 2855 Psallite
2240 2797 2415 2853 etiam
2447 2813 2646 2853 vocem
2679 2797 2818 2852 tuba:
2847 2811 3082 2865 corneae,
3116 2796 3172 2850 id
3204 2801 3314 2861 est,
3346 2796 3430 2850 sic
3479 2811 3619 2866 ope.

1972 2887 2182 2942 ramini
2218 2890 2283 2941 ut
2311 2886 2368 2941 in
2401 2903 2573 2941 carne
2603 2886 2938 2953 existentes,
2963 2902 3167 2941 omnes
3190 2883 3453 2939 carnales
3485 2884 3620 2939 ail‘e-

1973 2976 2196 3032 ctiones
2224 2976 2537 3043 excedatis,
2571 2981 2629 3031 et
2658 2975 2767 3031 hoc
2797 2975 2867 3030 ad
2928 2974 3376 3031 similitudinem
3436 2989 3618 3028 cornu

1974 3067 2151 3137 quod,
2186 3065 2533 3121 adhaerendo
2564 3082 2747 3131 carni,
2775 3064 2832 3119 in
2865 3063 3040 3119 aliam
3070 3062 3392 3118 indurescit
3449 3068 3619 3117 natu-

1974 3172 2122 3209 ram.
2156 3154 2318 3210 Unde
2350 3153 2567 3209 Paulus
2596 3171 2609 3208 :
2644 3154 2712 3208 Et
2729 3154 2780 3208 ei
2812 3153 3071 3208 adhucin
3087 3169 3259 3207 carne
3274 3151 3617 3217 militamus,

223 3259 252 3287 ‹‹
286 3234 487 3307 simul,
532 3243 762 3294 montes
809 3239 1189 3296 exsultabant
1231 3258 1266 3296 a
1295 3249 1613 3314 conspectu
1668 3244 1862 3300 Domi-
1896 3228 1939 3293 C
1972 3244 2096 3314 jam
2120 3259 2235 3297 non
2253 3247 2452 3297 tamen
2473 3243 2799 3297 secundum
2818 3258 3050 3296 carnem
3065 3239 3619 3309 vivimus(IICor.x).

219 3348 251 3377 α
286 3326 368 3395 ni,
427 3327 706 3399 quoniam
749 3327 907 3383 venit
948 3329 1217 3399 judicare
1272 3336 1512 3389 terram.
1572 3332 1870 3388 Judicabit

222 3440 250 3466 «ι
286 3416 487 3473 orbem
517 3420 808 3499 terrarum
831 3416 892 3471 in
934 3417 1192 3488 justitia,
1222 3424 1281 3474 et
1309 3419 1557 3492 populos
1601 3420 1662 3476 in
1691 3422 1869 3493 aequi-

223 3528 263 3581 α.
279 3509 419 3561 tate.
446 3527 475 3554 ››

842 3596 1245 3653 ENARRATIO.

297 3682 421 3739 Vox
450 3687 539 3741 est
576 3683 634 3739 in
696 3684 804 3741 hoc
862 3685 1092 3758 psalmo
1151 3686 1449 3760 Propheta:
1505 3688 1871 3746 exhortantis

221 3789 354 3842 nos,
416 3790 487 3829 ne
546 3772 605 3829 in
683 3790 931 3831 vacuum
1015 3775 1266 3849 gratiam
1341 3777 1441 3835 Dei
1518 3779 1872 3850 recipiamus

222 3861 327 3933 (II.
379 3860 498 3917 Cor.
562 3863 661 3935 v1),
722 3880 795 3919 ne
847 3865 1199 3937 sanguinem
1249 3867 1401 3938 justi
1458 3869 1871 3925 conculcemus

222 3950 494 4024 (Hebr.x),
543 3952 645 4008 sed
701 3951 762 4007 in
811 3969 1027 4026 magna
1083 3955 1389 4013 affectione
1446 3962 1681 4030 tempus
1736 3959 1873 4015 visi-

219 4039 467 4097 tationis
515 4057 1004 4114 recognoscamus
1056 4044 1208 4114 (Luc.
1261 4047 1323 4112 1),
1383 4044 1679 4102 Christum
1738 4047 1871 4102 imi-

221 4130 406 4186 tando
463 4135 629 4186 vetus
675 4130 974 4187 canticum
1047 4138 1495 4205 postponamus,
1543 4141 1601 4191 et
1657 4153 1872 4193 novum

219 4218 518 4277 canticum
550 4220 685 4276 cum
714 4237 782 4277 eo
811 4225 1138 4278 cantemus.
1157 4222 1319 4286 Quod
1342 4223 1479 4280 dicit
1504 4242 1517 4279 :

300 4309 532 4366 Caritate
558 4312 787 4367 Domino
835 4312 1111 4367 canticum
1155 4328 1378 4368 nouum.
1441 4314 1666 4370 Novum
1735 4333 1872 4371 can-

222 4398 412 4454 ticum
453 4415 604 4469 nova
658 4397 937 4466 charitas,
996 4416 1144 4455 nova
1196 4399 1523 4472 humilitas,
1574 4404 1728 4474 quod
1778 4420 1872 4459 ve-

225 4491 328 4542 tus
387 4485 562 4542 homo
623 4486 809 4544 nescit
865 4491 1120 4545 cantare.
1192 4490 1334 4558 Quia
1375 4491 1667 4548 mirabilia
1723 4493 1874 4566 fecit,

1976 3333 2224 3389 Jubilate
2244 3331 2299 3384 in
2322 3335 2604 3402 conspectu
2636 3332 2784 3402 regis
2805 3331 3049 3384 Domini.
3076 3328 3254 3393 Quasi
3273 3328 3457 3381 dicat:
3518 3325 3621 3381 His

1978 3419 2255 3474 omnibus
2269 3418 2457 3473 modis
2480 3416 3049 3489 psallentes,jubilate
3070 3416 3130 3470 in
3148 3412 3411 3470 interiori
3428 3419 3623 3469 vestro

1980 3509 2081 3563 ubi
2105 3506 2390 3579 conspicit
2403 3523 2500 3561 rex
2513 3509 2783 3571 vester,et
2796 3504 2958 3559 vobis
2966 3503 3387 3575 jubilantibus,
3408 3520 3623 3559 mouea-

1980 3608 2076 3653 tur
2102 3612 2277 3662 mare,
2306 3596 2363 3651 id
2395 3600 2503 3666 est,
2545 3581 2841 3667 gentilitas
2900 3599 3061 3649 motu
3123 3592 3475 3665 paenitentia:
3531 3591 3623 3647 vel

1982 3691 2143 3743 motu
2175 3687 2296 3750 iras,
2321 3690 2377 3741 et
2405 3702 2521 3741 non
2545 3684 2602 3738 in
2627 3689 2788 3756 parte
2808 3692 3096 3739 moveatur
3124 3698 3296 3750 mare,
3320 3682 3419 3736 sed
3440 3681 3624 3752 pleni-

1977 3778 2114 3833 tudo
2142 3777 2280 3847 ejus,
2313 3774 2370 3830 id
2404 3778 2512 3843 est,
2534 3774 2752 3845 ubique
2780 3780 3067 3828 moveatur
3087 3790 3106 3827 :
3147 3771 3295 3827 orbis
3344 3778 3625 3826 terrarum

1978 3866 2153 3922 etiam
2179 3864 2563 3933 moveatur,id
2585 3861 2939 3934 est,perl’ecti
2963 3860 3397 3934 quodammodo
3431 3858 3625 3915 adhuc

1980 3960 2323 4011 moveantur
2351 3955 2422 4010 ad
2454 3954 2883 4009 incrementum
2904 3950 3184 4006 virtutum
3209 3955 3265 4006 et
3283 3966 3488 4005 omnes
3529 3951 3627 4020 qui

1979 4045 2227 4100 habitant
2257 4045 2316 4098 in
2345 4059 2405 4099 eo
2436 4044 2596 4108 orbe,
2629 4042 2685 4096 id
2709 4041 3141 4113 est,omnesqui
3164 4040 3474 4095 imitantur
3495 4055 3623 4111 per-

1981 4134 2161 4190 fectos
2186 4132 2443 4204 jubilent
2472 4134 2530 4187 in
2561 4140 2848 4203 conspectu
2876 4133 3029 4204 regis
3077 4132 3315 4197 Domini,
3356 4130 3622 4201 julilate,

1982 4224 2120 4296 quia
2135 4224 2388 4292 ﬂumina,
2416 4222 2471 4277 id
2501 4222 3024 4293 est,praedicatores
3046 4220 3336 4287 sancti,de
3373 4233 3624 4289 quorum

1979 4316 2166 4369 ventre
2194 4312 2540 4382 ﬂuentaquaz
2568 4312 2911 4383 uiumann.
2966 4310 3092 4380 v11),
3148 4308 3407 4380 plaudunt
3456 4321 3629 4359 manu

1981 4401 2171 4470 simul,
2200 4401 2257 4455 id
2289 4401 2568 4464 est,hona
2593 4400 2925 4471 operatione
2946 4394 3552 4452 vobiscum.Plaudent
3576 4396 3635 4448 et

1985 4495 2212 4560 montes,
2245 4489 2303 4543 id
2342 4494 2452 4556 est,
2501 4488 2635 4542 elati
2694 4489 2753 4543 in
2797 4486 3005 4543 szcculo
3055 4485 3410 4540 exsultabant
3441 4497 3633 4537 acon-

222 4579 371 4632 tunc
402 4574 690 4647 videlicet,
732 4577 965 4649 quando
1017 4576 1204 4634 ﬁlium
1266 4579 1452 4635 vidum
1510 4581 1880 4639 resuscitavit
1910 4597 1958 4663 ι)
1987 4582 2170 4651 specta
2198 4579 2439 4644 Domini,
2473 4577 2735 4647 quoniam
2766 4576 2912 4629 venit
2948 4573 3225 4629 Dominus
3238 4570 3497 4644 judicare
3527 4573 3637 4625 ter-

224 4664 384 4738 (Luc.
419 4664 541 4737 vn),
576 4664 678 4722 sed
728 4665 1061 4723 mirabilius
1118 4668 1271 4736 fecit,
1322 4670 1558 4741 quando
1625 4671 1881 4742 perditos

223 4770 273 4833 ai
321 4758 507 4809 morte
561 4754 833 4810 redemit.
878 4756 1121 4813 Saluavit
1180 4758 1292 4815 sibi
1350 4760 1577 4816 dextera
1631 4761 1773 4832 ejus,
1831 4764 1882 4816 et

226 4842 520 4899 brachium
536 4852 788 4901 sanctum
812 4847 947 4919 ejus.
980 4846 1247 4904 Ostendit
1294 4848 1546 4921 qualiter
1589 4851 1880 4905 mirabilia

225 4934 389 5005 fecit.
420 4932 569 4990 Nam
598 4933 826 4991 dextera
853 4938 970 5005 ejus
999 4940 1050 4993 et
1089 4937 1377 4993 brachium
1419 4939 1557 5008 eius,
1615 4938 1880 4995 Christus

227 5021 1210 5095 videlicet,potentiaetfortitudine
1235 5044 1346 5083 sua
1365 5029 1619 5093 saluauit,
1653 5028 1710 5084 id
1770 5033 1879 5095 est,

229 5109 619 5169 salvationem
647 5113 907 5170 humano
928 5117 1126 5188 generi
1156 5117 1351 5172 attulit
1367 5123 1428 5173 et
1446 5118 1555 5173 hoc
1576 5118 1685 5173 sibi
1712 5135 1747 5172 a
1776 5118 1883 5173 Do-

230 5200 950 5271 mino,Patrividelicet,ut
977 5206 1073 5276 qui
1102 5207 1316 5274 uiuunt,
1338 5208 1452 5273 iam
1480 5223 1591 5263 non
1626 5206 1883 5279 amplius

223 5290 343 5346 sibi
371 5293 564 5347 uiuant
593 5294 675 5365 (ιι
699 5293 822 5348 Cor.
859 5294 933 5366 v),
980 5295 1081 5350 sed
1117 5295 1380 5351 Domino.
1432 5297 1740 5353 Salvantur
1770 5296 1883 5351 sibi

231 5380 338 5454 qui
370 5381 639 5453 interius,
680 5384 1003 5451 salvantur,
1037 5401 1151 5440 non
1184 5383 1440 5457 amplius
1471 5388 1780 5442 redeuntes
1809 5386 1883 5442 ad

227 5469 621 5541 vomitum.Et
651 5474 947 5545 quomodo
966 5474 1199 5531 saluauit
1224 5476 1446 5531 ?Notum
1472 5477 1600 5546 fecit
1619 5477 1886 5533 Dominus

230 5561 487 5637 salutare
511 5577 691 5627 suam,
714 5562 773 5617 id
803 5568 914 5627 est.
945 5563 1246 5620 Christum
1277 5581 1474 5621 suum.
1502 5570 1567 5621 In
1595 5571 1885 5637 conspectu

228 5652 758 5724 gentiumreuelauit
772 5653 1051 5727 justitiam
1078 5670 1259 5723 suam,
1284 5654 1343 5711 id
1365 5661 1473 5729 est,
1507 5656 1678 5713 fidem
1697 5657 1885 5730 justi-

565 5780 826 5845 Ρλταοι..
872 5782 1129 5847 CXXXI.

1994 4686 2131 4737 ram,
2166 4684 2321 4723 nunc
2348 4664 2889 4736 occultojudicio,et
2906 4663 3141 4717 tandem
3151 4660 3430 4731 judicabit
3453 4660 3637 4716 orbem

1990 4764 2273 4815 terrarum
2303 4758 2363 4813 in
2383 4756 2631 4829 justitia,
2662 4763 2713 4809 et
2731 4753 2961 4825 populos
2991 4753 3053 4806 in
3080 4752 3364 4824 aequitate.

2505 4856 2836 4918 PSALMUS
2876 4859 3111 4916 XCVIII.

2557 4952 2656 4990 PSA
2666 4951 2783 4989 LMU
2792 4951 2821 4989 S
2871 4949 3039 4988 DAVID
3051 4975 3063 4987 .

2062 5050 2089 5077 ‹‹
2115 5026 2401 5081 Dominus
2434 5022 3053 5096 regnavit,irascantur
3077 5019 3272 5094 populi
3299 5037 3312 5074 :
3340 5018 3445 5091 qui
3472 5017 3636 5072 sedet

1991 5140 2017 5167 ‹‹
2053 5114 2576 5188 superCherubim,
2603 5119 2905 5168 moveatur
2926 5109 3391 5166 terra.Dominus
3417 5107 3477 5160 in
3499 5104 3637 5160 Sion

1996 5229 2023 5257 ‹‹
2064 5221 2335 5276 magnus,
2369 5209 2427 5258 et
2456 5201 2720 5257 excelsus
2753 5218 2928 5273 super
2958 5215 3162 5254 omnes
3180 5193 3640 5269 p0pulos.Conﬁ-

1993 5318 2021 5345 «
2056 5300 2290 5351 teantur
2321 5292 2543 5348 nomini
2568 5296 2666 5345 tuo
2698 5306 2931 5362 magno,
2967 5289 3243 5360 quoniam
3276 5282 3537 5340 terribile
3584 5284 3642 5337 et

1998 5406 2025 5439 α
2056 5389 2326 5440 sanctum
2358 5387 2469 5447 est,
2492 5387 2549 5437 et
2578 5381 2763 5437 honor
2796 5383 2949 5451 regis
2973 5377 3265 5448 judicium
3315 5374 3523 5446 diligit.
3553 5372 3637 5427 Tu

2000 5499 2022 5526 ι
2059 5474 2277 5547 parasti
2299 5472 2668 5539 directiones,
2689 5470 2982 5541 judicium
3002 5466 3357 5538 etjustitiam
3383 5465 3441 5519 in
3462 5462 3642 5519 Jacob

2001 5586 2023 5614 cr
2058 5572 2118 5619 tu
2155 5562 2361 5619 fecisti.
2396 5560 2653 5616 Exaltatc
2689 5557 2993 5614 Dominum
3030 5557 3213 5612 Deum
3250 5559 3544 5620 nostrum,
3586 5556 3646 5607 et

1954 5648 1963 5653 ’
1997 5677 2027 5708 «ς
2059 5654 2295 5713 adorate
2323 5650 2644 5709 scabellum
2668 5651 2881 5723 pedum
2898 5649 3044 5720 ejus,
3070 5645 3347 5721 quoniam
3373 5647 3644 5700 sanctum

3247 5775 3319 5835 21
