4024 6192
429 354 540 414 651

994 356 1297 417 REMIGlI
1341 354 2090 416 ANTISSIODORENSIS
2135 351 2310 414 OPP.
2355 349 2558 410 PARS
2604 349 2651 408 Ι.
2685 380 2765 392 -
2797 343 3266 408 EXEGETICA.

3714 339 3845 404 658

431 504 462 536 ι
497 488 602 540 est.
637 486 864 560 Moyses
895 492 953 544 et
981 493 1175 544 Aaron
1205 490 1265 543 in
1291 487 1691 544 sacerdotibus
1713 489 1859 559 ejus,
1895 493 1951 542 et
1971 488 2073 543 Sa-
2105 489 2160 553 Α
2188 485 2411 539 bonum
2464 488 2522 537 et
2577 479 2823 546 malum,
2880 482 2944 533 ut
3001 475 3251 533 declinet
3280 491 3314 530 a
3342 472 3496 529 malo
3553 476 3616 528 et
3663 470 3844 527 faciat

441 594 468 627 ο
497 573 653 629 muel
686 575 838 631 inter
865 595 963 632 eos
994 577 1093 650 qui
1125 577 1395 633 invocant
1428 594 1638 633 nomen
1661 579 1808 649 ejus.
1844 579 2078 632 Invoca-

442 682 464 710 α
498 663 644 718 bant
674 666 1010 737 Dominum,
1047 672 1104 723 et
1136 667 1260 739 ipse
1291 667 1636 723 exaudiebat
1692 685 1830 724 eos:
1890 668 1948 721 in
1981 684 2080 722 co-

437 773 464 800 ‹‹
493 750 699 808 lumna
713 755 881 810 nobis
899 756 1246 828 loquebatur
1268 758 1337 811 ad
1360 757 1904 813 cos.Custodiebant
1923 757 2083 812 testi-

437 863 466 890 «
499 841 696 896 monia
728 844 940 915 ejus,et
970 850 1324 917 praeceptum
1348 847 1503 917 quod
1519 845 2082 902 deditillis.Domine

443 951 470 978 ‹‹
502 933 654 985 Deus
685 936 902 1001 noster,
938 938 1000 988 tu
1025 934 1376 989 exaudiebas
1407 951 1541 990 eos:
1589 939 1758 1000 Deus,
1793 934 2081 1006 propitius

443 1040 470 1067 ι(
505 1019 667 1074 fuisti
699 1020 804 1085 eis,
837 1026 894 1076 et
926 1022 1214 1079 ulciscens
1263 1024 1320 1078 in
1381 1041 1584 1079 omnes
1643 1023 2081 1102 adinventiones

441 1130 468 1156 ‹‹
504 1123 728 1163 eorum.
763 1110 1026 1167 Exaltate
1055 1111 1372 1168 Dominum
1432 1118 1614 1168 Deum
1675 1116 1966 1179 nostrum,
2029 1116 2085 1168 et

443 1218 470 1246 «
504 1197 741 1253 adorate
772 1199 829 1254 in
863 1205 1059 1256 monte
1091 1205 1291 1256 sancto
1322 1203 1470 1274 ejus,
1507 1200 1785 1272 quoniam
1845 1206 2084 1257 sanctus

443 1309 471 1335 ‹‹
505 1284 790 1345 Dominus
821 1289 975 1345 Deus
997 1295 1215 1346 noster.
1251 1312 1279 1340 »

1067 1379 1460 1435 ENARRATIO.

517 1468 771 1522 Psalmus
801 1469 1002 1523 David.
1035 1472 1249 1524 Omnes
1281 1468 1465 1523 sancti
1489 1467 1831 1540 patriarchas
1853 1472 1912 1524 et
1956 1485 2087 1540 pro-

445 1555 634 1628 phetae
667 1561 722 1612 et
751 1557 1156 1629 praedicatores
1184 1557 1605 1613 consuluerunt
1624 1558 1794 1613 nobis
1825 1557 1883 1612 in
1941 1559 2087 1613 scri-

444 1646 636 1718 pturis
667 1646 812 1715 suis,
845 1646 1001 1701 velut
1033 1646 1190 1702 filius
1247 1647 1536 1715 Ecclesiae,
1573 1664 1688 1702 non
1740 1651 1806 1702 ut
1863 1648 2092 1703 deesset

448 1734 639 1803 nobis,
694 1736 796 1791 sed
858 1753 924 1789 ex
981 1736 1128 1808 ipsis
1190 1736 1566 1804 haberemus,
1622 1737 1779 1791 unde
1822 1736 2089 1792 :ediﬁcati

445 1839 728 1879 essemus.
765 1823 882 1879 Hoc
903 1825 1077 1880 etiam
1111 1831 1348 1880 sanctus
1379 1825 1662 1898 propheta
1694 1825 1870 1880 David
1902 1825 1962 1880 in
1981 1825 2090 1880 hoc

448 1912 675 1984 psalmo
721 1914 1076 1983 attendebat,
1138 1930 1470 1986 proponens
1529 1914 1698 1970 nobis
1758 1920 1823 1970 ut
1879 1915 2096 1986 ubique

448 2016 782 2073 queremus
813 2002 1148 2070 Dominum,
1174 2020 1505 2076 quaeramus
1520 2021 1651 2058 eum
1666 2003 1760 2058 hic
1777 2003 2099 2059 misericor-

450 2091 604 2159 dem,
661 2106 731 2145 ne
783 2092 1022 2147 tandem
1071 2093 1439 2163 experiamur
1505 2109 1637 2148 cum
1703 2091 2095 2148 saevissimum

443 2180 727 2252 judicem.
763 2181 890 2252 Ipse
947 2183 1103 2237 enim
1149 2198 1262 2237 non
1295 2181 1514 2237 deserit
1551 2181 1982 2237 desiderantem
2037 2198 2099 2236 se

453 2271 554 2341 qui
585 2269 832 2325 redemit
861 2269 1251 2342 negligentem
1287 2288 1367 2326 se.
1403 2271 1560 2328 Unde
1591 2271 1672 2326 sic
1705 2270 1880 2326 dicit:

523 2359 788 2414 Dominus
843 2362 1115 2429 regnavit,
1186 2362 1504 2416 irascantur
1556 2361 1770 2432 populi,
1831 2361 1928 2432 qui
1955 2359 2101 2414 sedet

452 2465 617 2520 super
675 2448 988 2520 Cherubim,
1044 2454 1329 2505 moveatur
1409 2459 1573 2505 terra.
1647 2449 1820 2512 Quasi
1906 2448 2098 2504 dicat:

453 2536 700 2600 Quaerite
734 2538 1042 2592 Dominum
1077 2539 1178 2609 qui
1212 2541 1482 2608 regnavit,
1524 2538 1582 2592 id
1628 2543 1735 2607 est,
1766 2555 2007 2610 regnum
2043 2539 2101 2593 in

456 2623 729 2694 gentibus
752 2623 865 2678 sibi
889 2625 1490 2696 obtinuit,principem
1507 2626 1712 2680 mundi
1735 2626 1890 2681 foras
1912 2626 2100 2697 ejecit:

456 2717 515 2767 et
543 2727 608 2766 eo
641 2715 939 2783 regnante,
963 2711 1298 2767 irascantur
1329 2711 1550 2784 populi.
1584 2713 1954 2785 Prophetatio
2015 2720 2106 2770 est

457 2799 702 2872 spiritus
752 2800 1145 2872 pradicentis,
1225 2818 1339 2856 non
1401 2807 1751 2874 prmecptum
1815 2805 2102 2874 jubentis.

455 2889 723 2945 Prasdicit
745 2890 900 2944 enim
936 2889 1375 2962 Propheta,quae
1397 2891 1452 2946 in
1477 2891 1686 2963 spiritu
1709 2892 1854 2947 vidit
1875 2893 2100 2948 futura:

457 2979 597 3050 quia
628 2983 943 3051 postquam
976 2979 1260 3034 Dominus
1291 2981 1800 3048 ascendit,missus
1820 2988 1908 3037 est
1929 2983 2106 3054 Spiri-

458 3073 557 3124 tus
586 3068 997 3124 sanctusinter
1029 3067 1384 3141 discipulos:
1420 3075 1483 3125 ut
1513 3087 1613 3142 per
1641 3087 1774 3126 eum
1808 3071 2104 3139 instructi,

461 3174 577 3213 non
609 3157 882 3212 timerent
913 3161 1159 3213 mortem
1191 3175 1368 3230 quam
1427 3159 1688 3215 sciebant
1745 3160 2100 3216 destructum

2189 574 2434 629 bonum.
2467 570 2571 626 Vel
2604 569 2704 642 qui
2733 568 2860 624 vult
2888 583 3018 623 esse
3048 567 3223 622 honor
3251 567 3418 634 regis,
3447 563 3508 618 id
3538 566 3653 628 est,
3710 560 3844 617 talis

2190 669 2256 718 ut
2297 679 2398 734 per
2435 677 2571 716 eum
2615 658 3034 715 honorificetur
3079 673 3198 723 rex,
3246 653 3456 726 diligat
3495 652 3844 724 judicium:

2191 752 2454 808 attendat
2479 749 2618 822 quia
2641 750 2821 820 judex
2843 765 2986 804 suus
3010 745 3238 800 nullum
3263 748 3565 817 peccatum
3581 741 3850 798 dimittat

2189 840 2572 912 impunitum,
2610 843 2665 893 et
2695 836 2806 892 hoc
2835 835 3210 900 attendendo,
3263 834 3448 904 judex
3507 848 3659 888 suus
3713 831 3848 888 ﬁat:

2193 929 2349 1002 quod
2382 945 2497 983 non
2528 930 2736 998 potest,
2768 925 2879 980 nisi
2914 941 3158 996 peccare
3187 922 3454 978 desistat.
3518 923 3594 976 Tu
3633 921 3852 992 parasti

2191 1019 2540 1087 directiones,
2563 1016 2842 1088 judicium
2865 1023 2917 1069 et
2937 1015 3216 1085 justitiam
3245 1013 3304 1067 in
3331 1012 3489 1068 Jacob
3531 1015 3597 1066 tu
3644 1012 3848 1083 fecisti.

2194 1107 2371 1172 Quasi
2429 1106 2620 1161 dicat:
2689 1105 3061 1179 Conﬁteantur
3101 1103 3320 1158 nomini
3381 1103 3495 1166 tuo,
3567 1105 3628 1156 et
3708 1101 3849 1156 bene

2195 1200 2483 1270 possunt:
2520 1195 2660 1266 quia
2709 1203 2767 1249 tu
2814 1196 3036 1266 parasti
3085 1194 3163 1246 eis
3221 1191 3564 1260 directiones,
3623 1189 3680 1244 id
3744 1194 3852 1256 est,

2197 1286 2483 1358 quosdam
2515 1285 2850 1348 directores,
2883 1298 3133 1354 quorum
3166 1280 3429 1354 exemplo
3451 1279 3853 1352 dirigerentur

2197 1377 2269 1430 ad
2299 1373 2758 1430 confessionem:
2792 1376 2849 1428 et
2878 1371 2964 1426 sic
2993 1370 3310 1442 judicium:
3365 1369 3422 1424 id
3465 1374 3572 1436 est,
3633 1368 3851 1426 discre-

2196 1465 2416 1519 tionem
2449 1462 2689 1535 parasti,
2722 1468 2778 1516 et
2800 1465 3004 1533 postea
3027 1461 3330 1528 justitiam:
3361 1463 3411 1513 et
3431 1457 3540 1514 hoc
3567 1460 3632 1513 in
3669 1460 3848 1524 Iacob,

2200 1553 2255 1608 id
2290 1556 2397 1623 est,
2433 1552 2491 1606 in
2519 1551 2637 1606 illis
2663 1551 2760 1622 qui
2797 1553 3028 1605 mutant
3089 1549 3395 1618 praesentia
3441 1565 3545 1620 pro
3611 1547 3849 1605 futuris.

2200 1643 2448 1698 Exaltate
2503 1641 2794 1696 Dominum
2858 1644 3035 1695 Deum
3080 1643 3349 1694 nostrum.
3400 1638 3578 1701 Quasi
3648 1638 3849 1695 dicat:

2200 1729 2684 1801 Quandoquidem
2716 1733 2781 1784 ut
2812 1727 3258 1798 conﬂteremini,
3281 1727 3445 1783 vobis
3470 1732 3690 1799 parate
3720 1732 3853 1784 sunt

2203 1819 2572 1887 directiones,
2607 1817 2853 1874 exaltate
2876 1817 3188 1873 Dominum
3212 1817 3396 1872 Deum
3411 1821 3686 1872 nostrum
3713 1818 3853 1874 bene

2204 1909 2519 1981 operando,
2579 1914 2638 1962 ut
2684 1907 2919 1963 videntes
2956 1922 3121 1978 opera
3176 1908 3352 1961 vestra
3406 1905 3565 1975 bona,
3632 1911 3744 1964 etc.
3795 1909 3855 1963 ει

2206 1999 2430 2055 ador-ate
2451 1997 2748 2053 scabellum
2763 1996 2968 2069 pedum
2989 1997 3127 2068 ejus,
3150 1997 3412 2068 quoniam
3443 2000 3700 2051 sanctum
3758 2006 3850 2053 est.

2206 2089 2355 2144 Nota
2402 2087 2543 2158 quid
2585 2085 2906 2142 scabellum
2962 2085 3171 2140 debeat
3211 2085 3422 2140 vocari.
3482 2085 3613 2157 Ipse
3671 2087 3850 2154 enim,

2208 2177 2494 2234 Dominus
2525 2175 2706 2231 dixit:
2743 2176 2950 2231 Civium
3003 2178 3093 2230 est
3147 2173 3292 2230 mihi
3348 2174 3516 2243 sedes,
3585 2180 3646 2231 et
3705 2186 3848 2233 terra

2208 2268 2506 2324 scabellum
2531 2267 2728 2338 pedum
2757 2281 3000 2321 meorum
3062 2266 3186 2336 (Isa.
3248 2265 3415 2334 wa).
3466 2265 3619 2329 Quid
3679 2267 3855 2338 igitur

2211 2356 2494 2412 faciemus
2524 2355 2551 2410 ?
2603 2353 2991 2410 Adorabimus
3040 2353 3306 2409 terram?
3359 2353 3560 2410 Timeo
3613 2355 3855 2413 adorare

2211 2451 2450 2512 terram,
2476 2461 2547 2500 ne
2571 2445 2817 2500 damner
2838 2444 2910 2499 ab
2931 2459 2997 2499 eo
3015 2441 3115 2514 qui
3144 2443 3275 2498 fecit
3296 2442 3507 2499 ccelum
3532 2449 3589 2500 et
3615 2450 3854 2506 terram.

2213 2536 2341 2606 Ipse
2365 2535 2521 2590 enim
2545 2532 2815 2590 tentatori
2839 2546 2945 2588 suo
2963 2531 3105 2586 dixit
3135 2550 3148 2586 :
3181 2533 3479 2588 Dominum
3509 2538 3692 2590 Deum
3705 2539 3859 2594 tuum

2211 2623 2484 2694 adorabis,
2517 2624 2680 2679 etilli
2732 2623 2838 2677 soli
2886 2623 3086 2677 servies
3138 2621 3346 2691 (Matth.
3399 2623 3494 2694 iv).
3553 2625 3665 2680 Sed
3725 2629 3863 2700 quia

2214 2713 2469 2785 Spiritus
2497 2713 2664 2780 dixit,
2693 2710 3237 2767 Adoratescabetlum
3252 2711 3457 2783 pedum
3476 2715 3614 2785 ejus,
3657 2714 3862 2772 viden-

2214 2803 2355 2857 dum
2387 2806 2477 2858 est
2509 2801 2927 2874 qualiterterra
2942 2801 3350 2865 adorandasit,
3377 2818 3552 2874 quam
3575 2803 3866 2876 ipsedixit

2213 2909 2341 2948 esse
2373 2891 2694 2947 scabellum
2726 2891 2943 2964 pedum
2976 2908 3242 2946 suorum.
3276 2893 3405 2964 Ipse
3447 2893 3602 2948 enim
3645 2900 3863 2952 terram

2215 2981 2470 3053 sumpsit
2499 2981 2570 3036 de
2599 2986 2772 3052 terra,
2805 2997 3039 3037 carnem
3065 2980 3284 3036 scilicet
3306 2982 3376 3035 de
3401 2981 3638 3054 Virgine
3658 2985 3864 3042 Maria.

2215 3071 2374 3125 Hanc
2406 3078 2617 3125 terram
2651 3069 2850 3125 nullus
2880 3070 3178 3126 adorando
3204 3074 3416 3141 peccat.
3452 3070 3617 3134 Quod
3653 3073 3819 3130 dicat
3850 3093 3866 3132 :

2215 3160 2444 3214 Adorate
2471 3157 2773 3214 scabellum
2803 3158 2998 3230 pedum
3029 3159 3168 3229 ejus,
3208 3157 3262 3211 id
3316 3161 3424 3228 est,
3484 3160 3861 3216 veneramini

460 3263 564 3319 per
593 3252 1014 3320 resurgentem.
1046 3250 1092 3302 A
1122 3249 1337 3319 quibus
1396 3265 1528 3303 cum
1590 3247 1874 3306 Dominus
1933 3250 2106 3323 ccepit
2137 3235 2178 3300 C
2218 3249 2552 3304 inferiorem
2601 3253 2869 3303 naturam
2917 3248 3066 3317 ejus,
3118 3246 3390 3318 quoniam
3448 3253 3690 3303 sanctus
3745 3252 3868 3304 est.

461 3336 784 3409 praedicari,
821 3336 952 3392 irati
985 3342 1125 3392 sunt
1154 3336 1354 3409 populi
1385 3337 1552 3392 multi
1585 3357 1597 3394 :
1627 3337 1759 3393 irati
1791 3343 1930 3394 sunt
1971 3356 2105 3394 cum

463 3426 637 3499 coepit
665 3425 966 3498 praedicari
991 3426 1087 3497 qui
1118 3441 1217 3482 eos
1248 3426 1519 3498 fecit,qui
1542 3427 1927 3484 adoraverunt
1951 3429 2103 3500 quod

463 3517 760 3570 fecerunt:
796 3515 926 3570 irati
962 3519 1100 3570 sunt
1127 3515 1492 3572 Dominosuo
1524 3533 1626 3588 pro
1659 3516 1814 3573 idolo
1837 3534 2104 3586 suo,cum

466 3605 743 3660 deberent
798 3603 969 3660 irasci
1029 3621 1228 3660 servo:
1289 3605 1427 3675 quia
1475 3605 1709 3676 dignior
1763 3610 1850 3662 est
1906 3623 2107 3662 servus

467 3709 691 3759 eorum,
725 3709 902 3764 quam
963 3693 1184 3748 idolum
1227 3709 1423 3749 suum.
1461 3695 1703 3748 Servum
1764 3697 1920 3750 enim
1975 3697 2110 3753 fecit

465 3783 772 3851 Dominus,
804 3781 1259 3853 eorum,idolum
1280 3799 1416 3838 vero
1440 3783 1949 3853 fabereorum.Qui
1963 3787 2110 3842 sedet

461 3889 630 3944 super
655 3872 968 3943 Cherubim,
999 3871 1053 3927 id
1081 3877 1188 3941 est,
1209 3872 1308 3944 qui
1343 3871 1455 3927 sibi
1477 3871 1651 3944 elegit
1679 3873 1877 3929 sedem
1904 3873 2108 3946 plenos

465 3961 1112 4018 dilectione.Cherubim
1135 3960 1816 4034 namqueinterpretatur
1825 3964 2109 4035 plenitudo

459 4051 730 4106 scientiae.
764 4051 1051 4116 Quoniam
1103 4059 1298 4108 autem
1342 4051 1599 4107 charitas
1657 4051 1960 4124 plenitudo
2019 4061 2111 4112 est

463 4142 905 4211 praeceptorum,
936 4155 1052 4194 non
1076 4140 1397 4213 incongrue
1415 4140 1515 4212 qui
1535 4141 1591 4196 in
1616 4141 1900 4198 charitate
1925 4145 2107 4216 perfe-

461 4231 593 4284 ctus
618 4227 1042 4299 est,Cherubim
1077 4233 1166 4283 est
1195 4229 1544 4300 appellatus.
1572 4231 1734 4295 Quod
1780 4231 1938 4287 dicit.
2002 4234 2110 4302 Qui

458 4316 608 4373 sedes
636 4332 800 4389 super
830 4316 1148 4384 Cherubim,
1181 4332 1398 4388 regna;
1460 4319 1561 4373 sed
1615 4320 1768 4374 unde
1827 4332 2108 4378 moveatur

460 4414 628 4474 terra,
653 4406 711 4461 id
743 4411 851 4476 est,
884 4407 1017 4478 quis
1065 4407 1123 4460 in
1185 4410 1338 4461 terra
1395 4422 1492 4461 cor
1548 4407 1804 4480 positum
1863 4411 2104 4467 habens.

457 4497 1006 4554 Dominustamenin
1046 4497 1179 4553 Sion
1227 4514 1479 4567 magnus,
1540 4498 1595 4554 id
1641 4503 1747 4569 est,
1802 4501 1860 4556 in
1901 4519 2106 4573 specu-

2216 3339 2419 3409 Moyses
2439 3346 2488 3393 et
2515 3338 2697 3392 Aaron
2725 3339 2785 3391 in
2828 3337 3210 3392 sacerdotibus
3247 3336 3383 3408 ejus.
3438 3336 3612 3402 Quasi
3667 3337 3864 3394 dicat:

2217 3429 2470 3482 Exaltate
2499 3427 2796 3482 Dominum
2814 3435 3062 3482 nostrum
3081 3443 3099 3480 :
3130 3430 3188 3480 et
3216 3425 3610 3497 debetis,quia
3640 3426 3867 3501 Moyses

2218 3522 2273 3572 et
2305 3525 2496 3572 Aaron
2529 3533 2676 3589 quos
2727 3515 2874 3570 tanti
2926 3514 3176 3586 habetis,
3227 3520 3284 3571 et
3314 3532 3564 3587 quorum
3615 3515 3728 3571 ﬁlii
3769 3532 3861 3572 vos

2219 3605 2444 3671 estis,in
2469 3604 2868 3661 sacerdotibus
2880 3603 3007 3673 ejus
3029 3602 3354 3674 computati
3377 3607 3535 3658 sunt.
3560 3604 3628 3658 Et
3650 3603 3864 3659 Samuel

2218 3697 2362 3750 inter
2381 3710 2465 3749 eos
2487 3695 2582 3766 qui
2600 3695 2857 3749 invocant
2881 3708 3077 3748 nomen
3107 3694 3226 3764 ejus
3248 3710 3268 3746 :
3296 3694 3627 3748 invocabant
3688 3693 3860 3749 Domi-

2217 3800 2354 3838 num
2377 3787 2440 3837 ut
2470 3781 2639 3847 servi,
2671 3790 2723 3837 et
2752 3785 2866 3853 ipse
2913 3781 3245 3837 exaudiebat
3276 3797 3367 3838 eos
3424 3789 3486 3837 ut
3547 3783 3857 3838 Dominus:

2219 3874 2280 3926 in
2306 3871 2559 3926 columna
2587 3870 2769 3937 nubis,
2805 3871 2861 3924 id
2899 3875 3007 3936 est,
3036 3869 3095 3926 in
3155 3871 3436 3944 mysterio
3496 3870 3662 3944 quasi
3706 3871 3855 3926 nube

2220 3962 2370 4017 facta
2391 3960 2729 4032 loquebatur,
2753 3964 2810 4016 et
2829 3959 2941 4032 ipsi
2959 3960 3330 4015 custodiebant
3367 3962 3687 4016 testimonia
3705 3961 3816 4032 ejus
3844 3975 3863 4014 :

2219 4051 2374 4105 unde
2405 4049 2527 4121 ipse
2559 4051 2748 4120 major
2776 4049 2860 4104 eis
2890 4049 3188 4120 probatur,
3214 4049 3354 4121 quia
3375 4049 3485 4121 ipsi
3511 4050 3586 4105 ab
3609 4066 3680 4105 eo
3707 4046 3862 4122 quasi

2219 4158 2253 4195 a
2284 4139 2532 4194 Domino
2563 4136 2900 4193 testimonia
2929 4144 3299 4210 acceperunt.
3343 4142 3410 4194 Et
3457 4139 3864 4194 custodiebant

2216 4235 2554 4301 praeceptum
2583 4227 2725 4298 quod
2777 4226 2926 4282 dedit
2981 4227 3136 4282 illis:
3191 4232 3246 4283 et
3304 4231 3388 4295 tu,
3447 4228 3693 4283 Domine
3739 4227 3862 4283 Deus

2217 4327 2417 4386 noster,
2451 4316 2782 4373 exaudiebas
2803 4332 2910 4388 eos,
2943 4321 3007 4371 ut
3027 4316 3346 4383 Dominus;
3393 4318 3676 4388 propitius
3711 4315 3865 4390 fuisti

2217 4409 2296 4462 eis
2326 4406 2384 4461 in
2416 4406 2523 4462 hoc
2555 4405 2709 4478 quod
2742 4405 3180 4478 propitiandum
3212 4410 3336 4461 erat
3364 4406 3486 4461 eis:
3522 4407 3863 4462 dulcisceu

2217 4499 2280 4552 in
2310 4513 2493 4552 omnes
2523 4495 2936 4550 adinventiones
2965 4510 3156 4550 eorum
3177 4513 3196 4550 :
3237 4495 3377 4567 quia
3434 4493 3483 4550 si
3545 4495 3861 4568 aliquando

457 4585 716 4642 lantibus
739 4603 806 4642 ea
836 4603 966 4658 qua:
998 4603 1110 4642 non
1142 4587 1556 4657 videntur,non
1575 4605 1644 4643 ea
1668 4606 1795 4660 quae
1812 4589 2102 4647 videntur.
2136 4606 2184 4671 1)
2217 4585 2555 4658 peccabant,
2589 4583 2900 4656 disciplina
2929 4589 3032 4639 tua
3074 4584 3322 4640 correxit
3344 4599 3442 4639 eos
3472 4588 3539 4639 ut
3581 4583 3762 4640 ﬁlios.
3802 4583 3862 4640 In

456 4677 701 4747 Magnus
732 4681 973 4748 apparet
1006 4675 1562 4742 l)ominus,licethis
1587 4677 1762 4748 quiin
1779 4682 2101 4748 terrasunt,

455 4763 722 4818 videatur
752 4782 1005 4836 parvus:
1057 4771 1108 4820 et
1166 4767 1410 4821 excelsus
1440 4781 1602 4835 super
1629 4781 1810 4820 omnes
1850 4769 2100 4838 papulas,

455 4868 571 4907 non
603 4857 833 4908 tantum
866 4855 1115 4922 Judazos,
1151 4855 1250 4910 sed
1285 4855 1458 4910 etiam
1492 4871 1670 4926 super
1716 4855 1983 4928 gentiles.
2037 4859 2102 4914 Et

453 4943 930 5014 quandoquidem
962 4949 1024 4999 tu
1049 4945 1603 5015 Dominusmagnus
1633 4959 1694 4998 es
1716 4943 1772 4998 in
1805 4945 2099 5019 Sion,ergo

450 5033 816 5103 conﬁteantur
844 5050 1049 5089 omnes
1080 5035 1297 5088 nomini
1316 5036 1406 5088 tuo
1435 5049 1636 5103 magno
1695 5033 2098 5105 glorificando,

451 5121 552 5193 qui
584 5121 901 5177 noluerunt
931 5124 1195 5178 confiteri
1220 5122 1443 5178 nomini
1475 5127 1573 5177 tuo
1600 5126 2097 5194 parvozetmerito

448 5209 672 5264 nomini
704 5215 803 5265 tuo
827 5213 1225 5267 confitendum
1258 5215 1366 5283 est,
1398 5212 1658 5281 quoniam
1685 5214 1937 5268 terribile
1994 5223 2093 5282 est,

447 5314 564 5354 non
585 5299 946 5369 amantibus,
977 5310 1226 5357 sanctum
1245 5300 1828 5372 amantibus,quibus
1853 5303 2091 5358 dicitur:

441 5389 640 5442 Sancti
663 5391 854 5455 estote,
887 5393 1016 5460 quia
1046 5406 1138 5460 ego
1181 5393 1399 5445 sanctus
1458 5405 1584 5444 sum
1642 5391 1790 5460 (Lev.
1832 5407 1910 5457 x1,
1955 5392 2092 5463 χιχ).

445 5475 546 5530 Vel
569 5476 828 5531 terribile
851 5479 1035 5534 eritin
1066 5480 1283 5547 futuro,
1317 5496 1452 5534 cum
1485 5495 1640 5534 nunc
1665 5479 1742 5534 sit
1782 5484 2052 5536 sanctum
2079 5498 2091 5534 :

443 5567 492 5620 et
523 5563 711 5635 honor,
747 5569 910 5636 regis,
945 5567 999 5623 id
1033 5574 1141 5639 est,
1177 5585 1274 5623 rex
1302 5567 1666 5624 honorabilis
1689 5567 1893 5641 diliget
1940 5570 2095 5642 judi-

445 5653 612 5721 cium,
646 5659 710 5708 ut
729 5655 978 5728 quisque
999 5657 1089 5712 vid
1101 5657 1492 5713 clicethabeat
1507 5655 1916 5714 discretionem
1942 5659 2096 5716 inter

2215 4675 2410 4746 Moyse
2441 4678 2497 4729 et
2516 4678 2705 4728 Aaron
2728 4689 3047 4744 possumus
3094 4673 3288 4729 videre
3317 4673 3690 4730 inventiones
3722 4689 3862 4729 suas

2213 4781 2340 4836 quae
2371 4762 2724 4834 corrigcndaa
2756 4766 2940 4816 erant.
2975 4766 3197 4834 Moyses
3228 4761 3384 4818 enim
3440 4778 3577 4818 cum
3641 4762 3866 4817 videret

2212 4853 2385 4908 rixari
2416 4852 2746 4924 ZEgyptium
2769 4868 2902 4906 cum
2935 4851 3194 4919 Hebraeo,
3219 4852 3305 4906 ira
3327 4851 3868 4921 commotus,inter-

2211 4944 2346 4999 fecit
2373 4941 2728 5014 Egyptium,
2762 4945 2818 4995 et
2847 4940 3050 4996 sabulo
3099 4958 3235 4997 eum
3293 4942 3619 5013 cooperuit,
3686 4957 3762 4996 ne
3817 4937 3866 4996 si

2210 5033 2641 5104 discoopertum
2669 5046 2802 5085 eum
2835 5029 3179 5096 dimisisset,
3215 5047 3350 5086 reus
3370 5029 3680 5085 homicidii
3705 5029 3864 5085 inve-

2209 5123 2451 5177 niretur.
2486 5122 2700 5176 Iterum
2732 5136 2866 5174 cum
2898 5120 3229 5191 insequenti
3286 5119 3380 5176 die
3412 5120 3588 5174 rixari
3641 5119 3866 5174 videret

2209 5211 2356 5265 duos
2387 5209 2656 5265 Hebraeos
2687 5209 2838 5264 inter
2866 5224 2948 5274 se,
2982 5209 3282 5281 redarguit
3328 5227 3428 5265 eos
3474 5209 3547 5263 de
3606 5206 3862 5264 commi-

2205 5301 2394 5356 stione
2423 5298 2576 5353 rixa).
2609 5297 2865 5361 Quorum
2894 5315 3048 5353 unus
3072 5299 3374 5370 respondit
3402 5295 3851 5370 ei,indignando

2205 5391 2405 5446 dicens
2439 5406 2453 5444 :
2486 5387 2747 5458 Nunquid
2799 5392 2850 5442 et
2904 5405 2990 5444 me
3044 5391 3126 5443 vis
3174 5391 3479 5460 inter/icere
3533 5389 3684 5443 sicut
3740 5385 3864 5440 heri

2206 5479 2531 5550 interfecisti
2559 5477 2932 5550 Afgyptium‘?
2961 5477 3196 5533 Timens
3258 5478 3488 5551 Moyses
3533 5493 3606 5533 ne
3668 5475 3861 5532 mani-

2203 5570 2514 5624 festaretur
2530 5565 2702 5638 culpa
2731 5583 2859 5637 sua,
2885 5567 3193 5640 aufugiens
3214 5565 3443 5622 dimisit
3464 5567 3676 5622 fratres
3691 5578 3856 5631 suos,

2203 5658 2418 5734 quibus
2467 5655 2837 5714 necessarius
2895 5672 3024 5715 esse
3081 5657 3290 5735 potuit,
3351 5655 3402 5715 si
3462 5647 3860 5716 remansisset
