  <div class='ocr_page' id='page_1' title='image "/cluster/home/n/w/nwhite01/storage/ocr_20150623/131/hvd.32044054759923/336.png"; bbox 0 0 4024 6192; ppageno 0'>
   <div class='ocr_carea' id='block_1_1' title="bbox 192 339 304 406">
    <p class='ocr_par' dir='ltr' id='par_1_1' title="bbox 192 339 304 406">
     <span class='ocr_line' id='line_1_1' title="bbox 192 339 304 406; baseline -0.027 0"><span class='ocrx_word' id='word_1_1' title='bbox 192 339 304 406; x_wconf 72' lang='lat'>657</span> 
     </span>
    </p>
   </div>
   <div class='ocr_carea' id='block_1_2' title="bbox 1309 335 2472 403">
    <p class='ocr_par' dir='ltr' id='par_1_2' title="bbox 1309 335 2472 403">
     <span class='ocr_line' id='line_1_2' title="bbox 1309 335 2472 403; baseline -0.002 -1"><span class='ocrx_word' id='word_1_2' title='bbox 1309 336 1924 403; x_wconf 78' lang='lat' dir='ltr'>ENARRATIONES</span> <span class='ocrx_word' id='word_1_3' title='bbox 1967 335 2049 399; x_wconf 87' lang='lat' dir='ltr'>IN</span> <span class='ocrx_word' id='word_1_4' title='bbox 2089 337 2472 403; x_wconf 85' lang='lat' dir='ltr'>PSALMOS.</span> 
     </span>
    </p>
   </div>
   <div class='ocr_carea' id='block_1_3' title="bbox 3475 342 3594 407">
    <p class='ocr_par' dir='ltr' id='par_1_3' title="bbox 3475 342 3594 407">
     <span class='ocr_line' id='line_1_3' title="bbox 3475 342 3594 407; baseline 0.017 -2"><span class='ocrx_word' id='word_1_5' title='bbox 3475 342 3594 407; x_wconf 78' lang='grc'>658</span> 
     </span>
    </p>
   </div>
   <div class='ocr_carea' id='block_1_4' title="bbox 193 471 3596 546">
    <p class='ocr_par' dir='ltr' id='par_1_4' title="bbox 193 471 3596 546">
     <span class='ocr_line' id='line_1_4' title="bbox 193 471 3596 546; baseline 0 -16"><span class='ocrx_word' id='word_1_6' title='bbox 193 474 570 545; x_wconf 75' lang='lat' dir='ltr'>iniquitatem.</span> <span class='ocrx_word' id='word_1_7' title='bbox 604 471 752 530; x_wconf 86' lang='lat' dir='ltr'>Nam</span> <span class='ocrx_word' id='word_1_8' title='bbox 782 472 1111 530; x_wconf 83' lang='lat' dir='ltr'>interfectio</span> <span class='ocrx_word' id='word_1_9' title='bbox 1141 478 1514 546; x_wconf 83' lang='lat' dir='ltr'>peccatorum</span> <span class='ocrx_word' id='word_1_10' title='bbox 1537 474 1647 529; x_wconf 91' lang='lat' dir='ltr'>erit</span> <span class='ocrx_word' id='word_1_11' title='bbox 1667 488 1834 545; x_wconf 89' lang='lat' dir='ltr'>sepa-</span> <span class='ocrx_word' id='word_1_12' title='bbox 1864 475 1920 542; x_wconf 77' lang='grc' dir='ltr'><strong>Α</strong></span> <span class='ocrx_word' id='word_1_13' title='bbox 1955 493 1977 521; x_wconf 81' lang='grc' dir='ltr'>ι</span> <span class='ocrx_word' id='word_1_14' title='bbox 2010 471 2301 528; x_wconf 87' lang='lat' dir='ltr'>rationem</span> <span class='ocrx_word' id='word_1_15' title='bbox 2332 473 2471 528; x_wconf 90' lang='lat' dir='ltr'>anni</span> <span class='ocrx_word' id='word_1_16' title='bbox 2500 472 2607 530; x_wconf 90' lang='lat' dir='ltr'>tui.</span> <span class='ocrx_word' id='word_1_17' title='bbox 2632 471 2801 530; x_wconf 89' lang='lat' dir='ltr'>Initio</span> <span class='ocrx_word' id='word_1_18' title='bbox 2821 476 2909 543; x_wconf 87' lang='lat' dir='ltr'>tu,</span> <span class='ocrx_word' id='word_1_19' title='bbox 2931 471 3194 545; x_wconf 83' lang='lat' dir='ltr'>Domine,</span> <span class='ocrx_word' id='word_1_20' title='bbox 3217 475 3433 530; x_wconf 87' lang='lat' dir='ltr'>terram</span> <span class='ocrx_word' id='word_1_21' title='bbox 3464 474 3596 530; x_wconf 83' lang='lat' dir='ltr'>fun-</span> 
     </span>
    </p>
   </div>
   <div class='ocr_carea' id='block_1_5' title="bbox 192 562 1835 635">
    <p class='ocr_par' dir='ltr' id='par_1_5' title="bbox 192 562 1835 635">
     <span class='ocr_line' id='line_1_5' title="bbox 192 562 1835 635; baseline -0.003 -14"><span class='ocrx_word' id='word_1_22' title='bbox 192 566 402 621; x_wconf 87' lang='lat' dir='ltr'>ratioa</span> <span class='ocrx_word' id='word_1_23' title='bbox 449 564 897 635; x_wconf 80' lang='lat' dir='ltr'>cengregatione</span> <span class='ocrx_word' id='word_1_24' title='bbox 957 563 1258 620; x_wconf 89' lang='lat' dir='ltr'>ﬁdelium:</span> <span class='ocrx_word' id='word_1_25' title='bbox 1317 564 1472 635; x_wconf 92' lang='lat' dir='ltr'>quod</span> <span class='ocrx_word' id='word_1_26' title='bbox 1531 567 1672 618; x_wconf 88' lang='lat' dir='ltr'>tunc</span> <span class='ocrx_word' id='word_1_27' title='bbox 1703 562 1835 633; x_wconf 88' lang='lat' dir='ltr'>erit,</span> 
     </span>
    </p>
   </div>
   <div class='ocr_carea' id='block_1_6' title="bbox 192 651 1834 728">
    <p class='ocr_par' dir='ltr' id='par_1_6' title="bbox 192 651 1834 728">
     <span class='ocr_line' id='line_1_6' title="bbox 192 651 1834 728; baseline -0.001 -19"><span class='ocrx_word' id='word_1_28' title='bbox 192 655 424 728; x_wconf 79' lang='lat' dir='ltr'>quando</span> <span class='ocrx_word' id='word_1_29' title='bbox 461 652 596 725; x_wconf 84' lang='lat' dir='ltr'>agni</span> <span class='ocrx_word' id='word_1_30' title='bbox 649 654 1080 724; x_wconf 82' lang='lat' dir='ltr'>separabantur</span> <span class='ocrx_word' id='word_1_31' title='bbox 1135 653 1207 707; x_wconf 90' lang='lat' dir='ltr'>ab</span> <span class='ocrx_word' id='word_1_32' title='bbox 1264 653 1465 708; x_wconf 72' lang='lat' dir='ltr'>haedis.</span> <span class='ocrx_word' id='word_1_33' title='bbox 1503 651 1597 707; x_wconf 91' lang='lat' dir='ltr'>Vel</span> <span class='ocrx_word' id='word_1_34' title='bbox 1630 652 1834 707; x_wconf 79' lang='lat' dir='ltr'>aliter:</span> 
     </span>
    </p>
   </div>
   <div class='ocr_carea' id='block_1_7' title="bbox 187 744 1833 814">
    <p class='ocr_par' dir='ltr' id='par_1_7' title="bbox 187 744 1833 814">
     <span class='ocr_line' id='line_1_7' title="bbox 187 744 1833 814; baseline -0.004 -12"><span class='ocrx_word' id='word_1_35' title='bbox 187 747 248 802; x_wconf 86' lang='lat' dir='ltr'>In</span> <span class='ocrx_word' id='word_1_36' title='bbox 290 745 565 798; x_wconf 83' lang='lat' dir='ltr'>matutino</span> <span class='ocrx_word' id='word_1_37' title='bbox 623 744 1021 812; x_wconf 82' lang='lat' dir='ltr'>interﬁciebam</span> <span class='ocrx_word' id='word_1_38' title='bbox 1078 760 1263 798; x_wconf 81' lang='lat' dir='ltr'>omnes</span> <span class='ocrx_word' id='word_1_39' title='bbox 1312 751 1620 814; x_wconf 80' lang='lat' dir='ltr'>peccatores</span> <span class='ocrx_word' id='word_1_40' title='bbox 1649 746 1833 799; x_wconf 66' lang='lat' dir='ltr'>terrae.</span> 
     </span>
    </p>
   </div>
   <div class='ocr_carea' id='block_1_8' title="bbox 186 832 1837 904">
    <p class='ocr_par' dir='ltr' id='par_1_8' title="bbox 186 832 1837 904">
     <span class='ocr_line' id='line_1_8' title="bbox 186 832 1837 904; baseline -0.001 -15"><span class='ocrx_word' id='word_1_41' title='bbox 186 834 537 891; x_wconf 86' lang='lat' dir='ltr'>Matutinum</span> <span class='ocrx_word' id='word_1_42' title='bbox 568 836 657 887; x_wconf 89' lang='lat' dir='ltr'>est</span> <span class='ocrx_word' id='word_1_43' title='bbox 686 832 1040 904; x_wconf 81' lang='lat' dir='ltr'>principium</span> <span class='ocrx_word' id='word_1_44' title='bbox 1074 832 1207 887; x_wconf 88' lang='lat' dir='ltr'>dici.</span> <span class='ocrx_word' id='word_1_45' title='bbox 1246 834 1308 887; x_wconf 92' lang='lat' dir='ltr'>In</span> <span class='ocrx_word' id='word_1_46' title='bbox 1334 833 1619 904; x_wconf 89' lang='lat' dir='ltr'>principio</span> <span class='ocrx_word' id='word_1_47' title='bbox 1642 837 1837 887; x_wconf 89' lang='lat' dir='ltr'>autem</span> 
     </span>
    </p>
   </div>
   <div class='ocr_carea' id='block_1_9' title="bbox 187 922 1839 993">
    <p class='ocr_par' dir='ltr' id='par_1_9' title="bbox 187 922 1839 993">
     <span class='ocr_line' id='line_1_9' title="bbox 187 922 1839 993; baseline -0.002 -14"><span class='ocrx_word' id='word_1_48' title='bbox 187 922 573 980; x_wconf 85' lang='lat' dir='ltr'>interﬁciendi</span> <span class='ocrx_word' id='word_1_49' title='bbox 596 926 736 977; x_wconf 89' lang='lat' dir='ltr'>sunt</span> <span class='ocrx_word' id='word_1_50' title='bbox 758 938 963 977; x_wconf 89' lang='lat' dir='ltr'>omnes</span> <span class='ocrx_word' id='word_1_51' title='bbox 980 928 1311 993; x_wconf 88' lang='lat' dir='ltr'>peccatores</span> <span class='ocrx_word' id='word_1_52' title='bbox 1334 928 1519 990; x_wconf 61' lang='lat' dir='ltr'>terra,</span> <span class='ocrx_word' id='word_1_53' title='bbox 1550 922 1686 993; x_wconf 84' lang='lat' dir='ltr'>quia</span> <span class='ocrx_word' id='word_1_54' title='bbox 1707 939 1772 976; x_wconf 90' lang='lat' dir='ltr'>su</span> <span class='ocrx_word' id='word_1_55' title='bbox 1784 939 1839 976; x_wconf 91' lang='lat' dir='ltr'>r-</span> 
     </span>
    </p>
   </div>
   <div class='ocr_carea' id='block_1_10' title="bbox 186 1011 1835 1087">
    <p class='ocr_par' dir='ltr' id='par_1_10' title="bbox 186 1011 1835 1087">
     <span class='ocr_line' id='line_1_10' title="bbox 186 1011 1835 1087; baseline -0.001 -19"><span class='ocrx_word' id='word_1_56' title='bbox 186 1017 356 1087; x_wconf 83' lang='lat' dir='ltr'>gente</span> <span class='ocrx_word' id='word_1_57' title='bbox 385 1011 586 1067; x_wconf 89' lang='lat' dir='ltr'>illicito</span> <span class='ocrx_word' id='word_1_58' title='bbox 614 1017 777 1066; x_wconf 90' lang='lat' dir='ltr'>motu</span> <span class='ocrx_word' id='word_1_59' title='bbox 810 1029 879 1066; x_wconf 85' lang='lat' dir='ltr'>ex</span> <span class='ocrx_word' id='word_1_60' title='bbox 909 1013 1285 1083; x_wconf 71' lang='lat' dir='ltr'>suggestione</span> <span class='ocrx_word' id='word_1_61' title='bbox 1332 1011 1569 1077; x_wconf 87' lang='lat' dir='ltr'>diaboli,</span> <span class='ocrx_word' id='word_1_62' title='bbox 1612 1011 1835 1066; x_wconf 85' lang='lat' dir='ltr'>interﬁ-</span> 
     </span>
    </p>
   </div>
   <div class='ocr_carea' id='block_1_11' title="bbox 190 1100 1836 1173">
    <p class='ocr_par' dir='ltr' id='par_1_11' title="bbox 190 1100 1836 1173">
     <span class='ocr_line' id='line_1_11' title="bbox 190 1100 1836 1173; baseline -0.002 -16"><span class='ocrx_word' id='word_1_63' title='bbox 190 1102 375 1157; x_wconf 83' lang='lat' dir='ltr'>ciendi</span> <span class='ocrx_word' id='word_1_64' title='bbox 409 1106 549 1157; x_wconf 91' lang='lat' dir='ltr'>sunt</span> <span class='ocrx_word' id='word_1_65' title='bbox 570 1107 887 1173; x_wconf 82' lang='lat' dir='ltr'>peccatores</span> <span class='ocrx_word' id='word_1_66' title='bbox 918 1110 1103 1168; x_wconf 67' lang='lat' dir='ltr'>terrae,</span> <span class='ocrx_word' id='word_1_67' title='bbox 1139 1102 1196 1155; x_wconf 91' lang='lat' dir='ltr'>id</span> <span class='ocrx_word' id='word_1_68' title='bbox 1228 1105 1336 1168; x_wconf 91' lang='lat' dir='ltr'>est,</span> <span class='ocrx_word' id='word_1_69' title='bbox 1370 1100 1641 1156; x_wconf 86' lang='lat' dir='ltr'>diabolus</span> <span class='ocrx_word' id='word_1_70' title='bbox 1658 1104 1715 1155; x_wconf 89' lang='lat' dir='ltr'>et</span> <span class='ocrx_word' id='word_1_71' title='bbox 1735 1116 1836 1154; x_wconf 84' lang='lat' dir='ltr'>an-</span> 
     </span>
    </p>
   </div>
   <div class='ocr_carea' id='block_1_12' title="bbox 188 1190 1836 1266">
    <p class='ocr_par' dir='ltr' id='par_1_12' title="bbox 188 1190 1836 1266">
     <span class='ocr_line' id='line_1_12' title="bbox 188 1190 1836 1266; baseline -0.002 -19"><span class='ocrx_word' id='word_1_72' title='bbox 188 1192 301 1266; x_wconf 85' lang='lat' dir='ltr'>geli</span> <span class='ocrx_word' id='word_1_73' title='bbox 322 1192 451 1263; x_wconf 84' lang='lat' dir='ltr'>ejus</span> <span class='ocrx_word' id='word_1_74' title='bbox 472 1191 805 1246; x_wconf 86' lang='lat' dir='ltr'>removendi</span> <span class='ocrx_word' id='word_1_75' title='bbox 833 1196 971 1245; x_wconf 88' lang='lat' dir='ltr'>sunt</span> <span class='ocrx_word' id='word_1_76' title='bbox 992 1208 1024 1246; x_wconf 88' lang='lat' dir='ltr'>a</span> <span class='ocrx_word' id='word_1_77' title='bbox 1048 1190 1217 1246; x_wconf 89' lang='lat' dir='ltr'>nobis</span> <span class='ocrx_word' id='word_1_78' title='bbox 1235 1208 1246 1245; x_wconf 92' lang='lat'>:</span> <span class='ocrx_word' id='word_1_79' title='bbox 1265 1208 1336 1246; x_wconf 90' lang='lat' dir='ltr'>ne</span> <span class='ocrx_word' id='word_1_80' title='bbox 1355 1207 1542 1262; x_wconf 87' lang='lat' dir='ltr'>usque</span> <span class='ocrx_word' id='word_1_81' title='bbox 1557 1191 1626 1246; x_wconf 88' lang='lat' dir='ltr'>ad</span> <span class='ocrx_word' id='word_1_82' title='bbox 1642 1192 1836 1246; x_wconf 87' lang='lat' dir='ltr'>actum</span> 
     </span>
    </p>
   </div>
   <div class='ocr_carea' id='block_1_13' title="bbox 188 1277 1837 1350">
    <p class='ocr_par' dir='ltr' id='par_1_13' title="bbox 188 1277 1837 1350">
     <span class='ocr_line' id='line_1_13' title="bbox 188 1277 1837 1350; baseline -0.001 -16"><span class='ocrx_word' id='word_1_83' title='bbox 188 1277 519 1350; x_wconf 79' lang='lat' dir='ltr'>iniquitatis</span> <span class='ocrx_word' id='word_1_84' title='bbox 550 1294 657 1332; x_wconf 91' lang='lat' dir='ltr'>nos</span> <span class='ocrx_word' id='word_1_85' title='bbox 689 1279 1032 1349; x_wconf 86' lang='lat' dir='ltr'>perducant,</span> <span class='ocrx_word' id='word_1_86' title='bbox 1086 1294 1121 1333; x_wconf 90' lang='lat' dir='ltr'>a</span> <span class='ocrx_word' id='word_1_87' title='bbox 1167 1295 1419 1349; x_wconf 89' lang='lat' dir='ltr'>quorum</span> <span class='ocrx_word' id='word_1_88' title='bbox 1464 1278 1837 1350; x_wconf 83' lang='lat' dir='ltr'>suggestione</span> 
     </span>
    </p>
   </div>
   <div class='ocr_carea' id='block_1_14' title="bbox 186 1367 1839 1438">
    <p class='ocr_par' dir='ltr' id='par_1_14' title="bbox 186 1367 1839 1438">
     <span class='ocr_line' id='line_1_14' title="bbox 186 1367 1839 1438; baseline -0.001 -15"><span class='ocrx_word' id='word_1_89' title='bbox 186 1367 373 1423; x_wconf 81' lang='lat' dir='ltr'>illiciti</span> <span class='ocrx_word' id='word_1_90' title='bbox 405 1370 599 1422; x_wconf 87' lang='lat' dir='ltr'>motus</span> <span class='ocrx_word' id='word_1_91' title='bbox 631 1372 1009 1422; x_wconf 79' lang='lat' dir='ltr'>surrexerunt</span> <span class='ocrx_word' id='word_1_92' title='bbox 1038 1367 1095 1420; x_wconf 91' lang='lat' dir='ltr'>in</span> <span class='ocrx_word' id='word_1_93' title='bbox 1142 1367 1331 1423; x_wconf 87' lang='lat' dir='ltr'>nobis.</span> <span class='ocrx_word' id='word_1_94' title='bbox 1391 1368 1553 1432; x_wconf 86' lang='lat' dir='ltr'>Quod</span> <span class='ocrx_word' id='word_1_95' title='bbox 1586 1367 1745 1438; x_wconf 86' lang='lat' dir='ltr'>dicit,</span> <span class='ocrx_word' id='word_1_96' title='bbox 1776 1369 1839 1422; x_wconf 84' lang='lat' dir='ltr'>In</span> 
     </span>
    </p>
   </div>
   <div class='ocr_carea' id='block_1_15' title="bbox 184 1456 1841 1524">
    <p class='ocr_par' dir='ltr' id='par_1_15' title="bbox 184 1456 1841 1524">
     <span class='ocr_line' id='line_1_15' title="bbox 184 1456 1841 1524; baseline 0 -12"><span class='ocrx_word' id='word_1_97' title='bbox 184 1458 456 1513; x_wconf 78' lang='lat' dir='ltr'>matutino</span> <span class='ocrx_word' id='word_1_98' title='bbox 485 1457 905 1524; x_wconf 84' lang='lat' dir='ltr'>interﬁciebam,</span> <span class='ocrx_word' id='word_1_99' title='bbox 958 1457 1015 1511; x_wconf 89' lang='lat' dir='ltr'>id</span> <span class='ocrx_word' id='word_1_100' title='bbox 1073 1459 1182 1523; x_wconf 89' lang='lat' dir='ltr'>est,</span> <span class='ocrx_word' id='word_1_101' title='bbox 1241 1456 1680 1512; x_wconf 90' lang='lat' dir='ltr'>interﬁciendos</span> <span class='ocrx_word' id='word_1_102' title='bbox 1710 1473 1841 1512; x_wconf 89' lang='lat' dir='ltr'>esse</span> 
     </span>
    </p>
   </div>
   <div class='ocr_carea' id='block_1_16' title="bbox 184 1545 1836 1617">
    <p class='ocr_par' dir='ltr' id='par_1_16' title="bbox 184 1545 1836 1617">
     <span class='ocr_line' id='line_1_16' title="bbox 184 1545 1836 1617; baseline 0.001 -17"><span class='ocrx_word' id='word_1_103' title='bbox 184 1545 464 1617; x_wconf 77' lang='lat' dir='ltr'>putabam</span> <span class='ocrx_word' id='word_1_104' title='bbox 494 1560 679 1599; x_wconf 84' lang='lat' dir='ltr'>omnes</span> <span class='ocrx_word' id='word_1_105' title='bbox 706 1548 1014 1615; x_wconf 81' lang='lat' dir='ltr'>peccatores</span> <span class='ocrx_word' id='word_1_106' title='bbox 1038 1550 1219 1611; x_wconf 70' lang='lat' dir='ltr'>terrae,</span> <span class='ocrx_word' id='word_1_107' title='bbox 1249 1549 1311 1600; x_wconf 92' lang='lat' dir='ltr'>ut</span> <span class='ocrx_word' id='word_1_108' title='bbox 1338 1545 1420 1600; x_wconf 89' lang='lat' dir='ltr'>sic</span> <span class='ocrx_word' id='word_1_109' title='bbox 1444 1545 1836 1617; x_wconf 79' lang='lat' dir='ltr'>disperderem,</span> 
     </span>
    </p>
   </div>
   <div class='ocr_carea' id='block_1_17' title="bbox 184 1635 1839 1707">
    <p class='ocr_par' dir='ltr' id='par_1_17' title="bbox 184 1635 1839 1707">
     <span class='ocr_line' id='line_1_17' title="bbox 184 1635 1839 1707; baseline 0.001 -16"><span class='ocrx_word' id='word_1_110' title='bbox 184 1635 243 1690; x_wconf 90' lang='lat' dir='ltr'>id</span> <span class='ocrx_word' id='word_1_111' title='bbox 263 1639 370 1705; x_wconf 87' lang='lat' dir='ltr'>est,</span> <span class='ocrx_word' id='word_1_112' title='bbox 398 1635 510 1690; x_wconf 89' lang='lat' dir='ltr'>mei</span> <span class='ocrx_word' id='word_1_113' title='bbox 535 1636 1022 1707; x_wconf 84' lang='lat' dir='ltr'>disperderentde</span> <span class='ocrx_word' id='word_1_114' title='bbox 1042 1638 1264 1691; x_wconf 83' lang='lat' dir='ltr'>civitate</span> <span class='ocrx_word' id='word_1_115' title='bbox 1290 1638 1529 1707; x_wconf 83' lang='lat' dir='ltr'>Domi-ni,</span> <span class='ocrx_word' id='word_1_116' title='bbox 1554 1636 1610 1691; x_wconf 92' lang='lat' dir='ltr'>id</span> <span class='ocrx_word' id='word_1_117' title='bbox 1635 1640 1742 1705; x_wconf 89' lang='lat' dir='ltr'>est,</span> <span class='ocrx_word' id='word_1_118' title='bbox 1769 1636 1839 1692; x_wconf 89' lang='lat' dir='ltr'>de</span> 
     </span>
    </p>
   </div>
   <div class='ocr_carea' id='block_1_18' title="bbox 184 1723 1838 1797">
    <p class='ocr_par' dir='ltr' id='par_1_18' title="bbox 184 1723 1838 1797">
     <span class='ocr_line' id='line_1_18' title="bbox 184 1723 1838 1797; baseline 0.002 -19"><span class='ocrx_word' id='word_1_119' title='bbox 184 1723 380 1778; x_wconf 83' lang='lat' dir='ltr'>anima</span> <span class='ocrx_word' id='word_1_120' title='bbox 399 1741 508 1779; x_wconf 90' lang='lat' dir='ltr'>sua</span> <span class='ocrx_word' id='word_1_121' title='bbox 520 1725 686 1794; x_wconf 89' lang='lat' dir='ltr'>justa</span> <span class='ocrx_word' id='word_1_122' title='bbox 730 1739 917 1779; x_wconf 83' lang='lat' dir='ltr'>omnes</span> <span class='ocrx_word' id='word_1_123' title='bbox 948 1728 1231 1785; x_wconf 80' lang='lat' dir='ltr'>operantes</span> <span class='ocrx_word' id='word_1_124' title='bbox 1270 1727 1649 1797; x_wconf 77' lang='lat' dir='ltr'>iniquitatem.</span> <span class='ocrx_word' id='word_1_125' title='bbox 1676 1725 1838 1782; x_wconf 88' lang='lat' dir='ltr'>Unde</span> 
     </span>
    </p>
   </div>
   <div class='ocr_carea' id='block_1_19' title="bbox 183 1812 1918 1918">
    <p class='ocr_par' dir='ltr' id='par_1_19' title="bbox 183 1812 1918 1918">
     <span class='ocr_line' id='line_1_19' title="bbox 183 1812 1918 1918; baseline 0.001 -50"><span class='ocrx_word' id='word_1_126' title='bbox 183 1813 436 1884; x_wconf 75' lang='lat' dir='ltr'>serpenti</span> <span class='ocrx_word' id='word_1_127' title='bbox 459 1813 677 1867; x_wconf 89' lang='lat' dir='ltr'>dicitur</span> <span class='ocrx_word' id='word_1_128' title='bbox 693 1830 704 1868; x_wconf 92' lang='lat'>:</span> <span class='ocrx_word' id='word_1_129' title='bbox 720 1812 925 1868; x_wconf 85' lang='lat' dir='ltr'>Mulier</span> <span class='ocrx_word' id='word_1_130' title='bbox 945 1817 1181 1870; x_wconf 80' lang='lat' dir='ltr'>conteret</span> <span class='ocrx_word' id='word_1_131' title='bbox 1202 1824 1362 1886; x_wconf 84' lang='lat' dir='ltr'>caput</span> <span class='ocrx_word' id='word_1_132' title='bbox 1384 1824 1537 1871; x_wconf 84' lang='lat' dir='ltr'>tuum</span> <span class='ocrx_word' id='word_1_133' title='bbox 1558 1815 1709 1884; x_wconf 83' lang='lat' dir='ltr'>(Gen.</span> <span class='ocrx_word' id='word_1_134' title='bbox 1726 1818 1831 1883; x_wconf 90' lang='grc' dir='ltr'><strong>ιιι).</strong></span> <span class='ocrx_word' id='word_1_135' title='bbox 1871 1853 1918 1918; x_wconf 82' lang='grc' dir='ltr'><strong>Β</strong></span> 
     </span>
    </p>
   </div>
   <div class='ocr_carea' id='block_1_20' title="bbox 181 1902 1841 1975">
    <p class='ocr_par' dir='ltr' id='par_1_20' title="bbox 181 1902 1841 1975">
     <span class='ocr_line' id='line_1_20' title="bbox 181 1902 1841 1975; baseline 0.003 -19"><span class='ocrx_word' id='word_1_136' title='bbox 181 1904 366 1973; x_wconf 81' lang='lat' dir='ltr'>Caput</span> <span class='ocrx_word' id='word_1_137' title='bbox 393 1902 683 1973; x_wconf 81' lang='lat' dir='ltr'>serpentis</span> <span class='ocrx_word' id='word_1_138' title='bbox 706 1903 1052 1971; x_wconf 87' lang='lat' dir='ltr'>conteritur,</span> <span class='ocrx_word' id='word_1_139' title='bbox 1077 1904 1312 1975; x_wconf 88' lang='lat' dir='ltr'>quando</span> <span class='ocrx_word' id='word_1_140' title='bbox 1340 1903 1526 1959; x_wconf 86' lang='lat' dir='ltr'>illiciti</span> <span class='ocrx_word' id='word_1_141' title='bbox 1549 1911 1747 1960; x_wconf 90' lang='lat' dir='ltr'>motus</span> <span class='ocrx_word' id='word_1_142' title='bbox 1772 1922 1841 1961; x_wconf 89' lang='lat' dir='ltr'>ne</span> 
     </span>
    </p>
   </div>
   <div class='ocr_carea' id='block_1_21' title="bbox 182 1991 1837 2063">
    <p class='ocr_par' dir='ltr' id='par_1_21' title="bbox 182 1991 1837 2063">
     <span class='ocr_line' id='line_1_21' title="bbox 182 1991 1837 2063; baseline 0.003 -18"><span class='ocrx_word' id='word_1_143' title='bbox 182 1991 255 2045; x_wconf 91' lang='lat' dir='ltr'>ad</span> <span class='ocrx_word' id='word_1_144' title='bbox 288 1996 486 2046; x_wconf 89' lang='lat' dir='ltr'>actum</span> <span class='ocrx_word' id='word_1_145' title='bbox 537 1992 899 2063; x_wconf 88' lang='lat' dir='ltr'>perveniant,</span> <span class='ocrx_word' id='word_1_146' title='bbox 949 1992 1407 2050; x_wconf 89' lang='lat' dir='ltr'>interﬁciuntur.</span> <span class='ocrx_word' id='word_1_147' title='bbox 1461 1994 1622 2050; x_wconf 90' lang='lat' dir='ltr'>Unde</span> <span class='ocrx_word' id='word_1_148' title='bbox 1652 1993 1837 2050; x_wconf 89' lang='lat' dir='ltr'>illud:</span> 
     </span>
    </p>
   </div>
   <div class='ocr_carea' id='block_1_22' title="bbox 191 2081 1841 2155">
    <p class='ocr_par' dir='ltr' id='par_1_22' title="bbox 191 2081 1841 2155">
     <span class='ocr_line' id='line_1_22' title="bbox 191 2081 1841 2155; baseline 0.003 -22"><span class='ocrx_word' id='word_1_149' title='bbox 191 2081 393 2134; x_wconf 78' lang='lat' dir='ltr'>Beatus</span> <span class='ocrx_word' id='word_1_150' title='bbox 422 2082 516 2151; x_wconf 86' lang='lat' dir='ltr'>qui</span> <span class='ocrx_word' id='word_1_151' title='bbox 544 2082 748 2136; x_wconf 83' lang='lat' dir='ltr'>tenebit</span> <span class='ocrx_word' id='word_1_152' title='bbox 775 2086 829 2137; x_wconf 88' lang='lat' dir='ltr'>et</span> <span class='ocrx_word' id='word_1_153' title='bbox 860 2083 1054 2137; x_wconf 79' lang='lat' dir='ltr'>allidet</span> <span class='ocrx_word' id='word_1_154' title='bbox 1082 2084 1338 2153; x_wconf 81' lang='lat' dir='ltr'>parvulos</span> <span class='ocrx_word' id='word_1_155' title='bbox 1388 2087 1506 2139; x_wconf 85' lang='lat' dir='ltr'>tuos</span> <span class='ocrx_word' id='word_1_156' title='bbox 1534 2084 1604 2138; x_wconf 91' lang='lat' dir='ltr'>ad</span> <span class='ocrx_word' id='word_1_157' title='bbox 1629 2092 1841 2155; x_wconf 84' lang='lat' dir='ltr'>petram</span> 
     </span>
    </p>
   </div>
   <div class='ocr_carea' id='block_1_23' title="bbox 184 2167 557 2245">
    <p class='ocr_par' dir='ltr' id='par_1_23' title="bbox 184 2167 557 2245">
     <span class='ocr_line' id='line_1_23' title="bbox 184 2167 557 2245; baseline -0.003 -23"><span class='ocrx_word' id='word_1_158' title='bbox 184 2167 316 2239; x_wconf 88' lang='lat' dir='ltr'>(Ps.</span> <span class='ocrx_word' id='word_1_159' title='bbox 348 2169 557 2245; x_wconf 75' lang='lat' dir='ltr'>exim).</span> 
     </span>
    </p>
   </div>
   <div class='ocr_carea' id='block_1_24' title="bbox 780 2259 1245 2316">
    <p class='ocr_par' dir='ltr' id='par_1_24' title="bbox 780 2259 1245 2316">
     <span class='ocr_line' id='line_1_24' title="bbox 780 2259 1245 2316; baseline 0.004 -3"><span class='ocrx_word' id='word_1_160' title='bbox 780 2259 1119 2315; x_wconf 85' lang='lat' dir='ltr'>PSALMUS</span> <span class='ocrx_word' id='word_1_161' title='bbox 1158 2261 1245 2316; x_wconf 87' lang='lat' dir='ltr'>Cl.</span> 
     </span>
    </p>
   </div>
   <div class='ocr_carea' id='block_1_25' title="bbox 191 2360 1842 2413">
    <p class='ocr_par' dir='ltr' id='par_1_25' title="bbox 191 2360 1842 2413">
     <span class='ocr_line' id='line_1_25' title="bbox 191 2360 1842 2413; baseline 0.004 -13"><span class='ocrx_word' id='word_1_162' title='bbox 191 2360 401 2400; x_wconf 75' lang='lat' dir='ltr'>ORATIO</span> <span class='ocrx_word' id='word_1_163' title='bbox 442 2362 727 2403; x_wconf 77' lang='lat' dir='ltr'>PAUPERIS</span> <span class='ocrx_word' id='word_1_164' title='bbox 765 2364 886 2402; x_wconf 79' lang='lat' dir='ltr'>CUM</span> <span class='ocrx_word' id='word_1_165' title='bbox 938 2364 1220 2405; x_wconf 79' lang='lat' dir='ltr'>ANXIATUS</span> <span class='ocrx_word' id='word_1_166' title='bbox 1278 2366 1505 2413; x_wconf 75' lang='lat' dir='ltr'>FUERIT,</span> <span class='ocrx_word' id='word_1_167' title='bbox 1544 2367 1614 2406; x_wconf 82' lang='lat' dir='ltr'>ET</span> <span class='ocrx_word' id='word_1_168' title='bbox 1649 2367 1842 2407; x_wconf 76' lang='lat' dir='ltr'><strong>COBAM</strong></span> 
     </span>
    </p>
   </div>
   <div class='ocr_carea' id='block_1_26' title="bbox 476 2435 1553 2477">
    <p class='ocr_par' dir='ltr' id='par_1_26' title="bbox 476 2435 1553 2477">
     <span class='ocr_line' id='line_1_26' title="bbox 476 2435 1553 2477; baseline 0.005 -5"><span class='ocrx_word' id='word_1_169' title='bbox 476 2435 700 2473; x_wconf 80' lang='lat' dir='ltr'>DOMINO</span> <span class='ocrx_word' id='word_1_170' title='bbox 740 2436 1060 2475; x_wconf 80' lang='lat' dir='ltr'>EFFUDERIT</span> <span class='ocrx_word' id='word_1_171' title='bbox 1112 2437 1339 2477; x_wconf 82' lang='lat' dir='ltr'>PRECEM</span> <span class='ocrx_word' id='word_1_172' title='bbox 1379 2438 1553 2477; x_wconf 79' lang='lat' dir='ltr'>SUAM.</span> 
     </span>
    </p>
   </div>
   <div class='ocr_carea' id='block_1_27' title="bbox 262 2524 1843 2596">
    <p class='ocr_par' dir='ltr' id='par_1_27' title="bbox 262 2524 1843 2596">
     <span class='ocr_line' id='line_1_27' title="bbox 262 2524 1843 2596; baseline 0.007 -23"><span class='ocrx_word' id='word_1_173' title='bbox 262 2546 283 2572; x_wconf 82' lang='grc' dir='ltr'>ι</span> <span class='ocrx_word' id='word_1_174' title='bbox 322 2524 587 2591; x_wconf 89' lang='lat' dir='ltr'>Domine,</span> <span class='ocrx_word' id='word_1_175' title='bbox 622 2526 832 2579; x_wconf 83' lang='lat' dir='ltr'>exaudi</span> <span class='ocrx_word' id='word_1_176' title='bbox 890 2528 1211 2583; x_wconf 87' lang='lat' dir='ltr'>orationem</span> <span class='ocrx_word' id='word_1_177' title='bbox 1273 2544 1487 2596; x_wconf 83' lang='lat' dir='ltr'>meam,</span> <span class='ocrx_word' id='word_1_178' title='bbox 1535 2532 1592 2583; x_wconf 90' lang='lat' dir='ltr'>et</span> <span class='ocrx_word' id='word_1_179' title='bbox 1621 2528 1843 2585; x_wconf 88' lang='lat' dir='ltr'>clamor</span> 
     </span>
    </p>
   </div>
   <div class='ocr_carea' id='block_1_28' title="bbox 196 2613 1835 2673">
    <p class='ocr_par' dir='ltr' id='par_1_28' title="bbox 196 2613 1835 2673">
     <span class='ocr_line' id='line_1_28' title="bbox 196 2613 1835 2673; baseline 0.006 -10"><span class='ocrx_word' id='word_1_180' title='bbox 196 2634 225 2663; x_wconf 80' lang='grc' dir='ltr'><strong><em>σ</em></strong></span> <span class='ocrx_word' id='word_1_181' title='bbox 254 2628 423 2667; x_wconf 90' lang='lat' dir='ltr'>meus</span> <span class='ocrx_word' id='word_1_182' title='bbox 445 2613 517 2667; x_wconf 88' lang='lat' dir='ltr'>ad</span> <span class='ocrx_word' id='word_1_183' title='bbox 543 2618 596 2668; x_wconf 91' lang='lat' dir='ltr'>te</span> <span class='ocrx_word' id='word_1_184' title='bbox 616 2615 831 2670; x_wconf 80' lang='lat' dir='ltr'>veniat.</span> <span class='ocrx_word' id='word_1_185' title='bbox 861 2616 986 2670; x_wconf 89' lang='lat' dir='ltr'>Non</span> <span class='ocrx_word' id='word_1_186' title='bbox 1003 2621 1230 2671; x_wconf 84' lang='lat' dir='ltr'>avertas</span> <span class='ocrx_word' id='word_1_187' title='bbox 1252 2617 1457 2671; x_wconf 81' lang='lat' dir='ltr'>faciem</span> <span class='ocrx_word' id='word_1_188' title='bbox 1480 2621 1690 2672; x_wconf 87' lang='lat' dir='ltr'>tuama</span> <span class='ocrx_word' id='word_1_189' title='bbox 1711 2633 1835 2673; x_wconf 87' lang='lat' dir='ltr'>me:</span> 
     </span>
    </p>
   </div>
   <div class='ocr_carea' id='block_1_29' title="bbox 185 2701 1837 2774">
    <p class='ocr_par' dir='ltr' id='par_1_29' title="bbox 185 2701 1837 2774">
     <span class='ocr_line' id='line_1_29' title="bbox 185 2701 1837 2774; baseline 0.004 -20"><span class='ocrx_word' id='word_1_190' title='bbox 185 2724 208 2751; x_wconf 75' lang='grc' dir='ltr'>ι</span> <span class='ocrx_word' id='word_1_191' title='bbox 245 2701 309 2756; x_wconf 92' lang='lat' dir='ltr'>in</span> <span class='ocrx_word' id='word_1_192' title='bbox 331 2717 684 2774; x_wconf 89' lang='lat' dir='ltr'>quacunque</span> <span class='ocrx_word' id='word_1_193' title='bbox 716 2703 811 2757; x_wconf 90' lang='lat' dir='ltr'>die</span> <span class='ocrx_word' id='word_1_194' title='bbox 845 2703 1122 2772; x_wconf 71' lang='lat' dir='ltr'>tribulor,</span> <span class='ocrx_word' id='word_1_195' title='bbox 1146 2703 1364 2759; x_wconf 90' lang='lat' dir='ltr'>inclina</span> <span class='ocrx_word' id='word_1_196' title='bbox 1410 2706 1479 2760; x_wconf 87' lang='lat' dir='ltr'>ad</span> <span class='ocrx_word' id='word_1_197' title='bbox 1514 2723 1605 2761; x_wconf 88' lang='lat' dir='ltr'>me</span> <span class='ocrx_word' id='word_1_198' title='bbox 1636 2721 1837 2763; x_wconf 87' lang='lat' dir='ltr'>aurem</span> 
     </span>
    </p>
   </div>
   <div class='ocr_carea' id='block_1_30' title="bbox 187 2791 1838 2863">
    <p class='ocr_par' dir='ltr' id='par_1_30' title="bbox 187 2791 1838 2863">
     <span class='ocr_line' id='line_1_30' title="bbox 187 2791 1838 2863; baseline 0.005 -22"><span class='ocrx_word' id='word_1_199' title='bbox 187 2813 211 2841; x_wconf 80' lang='grc' dir='ltr'>ι</span> <span class='ocrx_word' id='word_1_200' title='bbox 246 2795 432 2847; x_wconf 87' lang='lat' dir='ltr'>tuam.</span> <span class='ocrx_word' id='word_1_201' title='bbox 466 2791 529 2845; x_wconf 90' lang='lat' dir='ltr'>In</span> <span class='ocrx_word' id='word_1_202' title='bbox 560 2808 914 2863; x_wconf 90' lang='lat' dir='ltr'>quacunque</span> <span class='ocrx_word' id='word_1_203' title='bbox 944 2793 1036 2847; x_wconf 90' lang='lat' dir='ltr'>die</span> <span class='ocrx_word' id='word_1_204' title='bbox 1086 2793 1423 2848; x_wconf 85' lang='lat' dir='ltr'>invocavero</span> <span class='ocrx_word' id='word_1_205' title='bbox 1462 2798 1535 2856; x_wconf 89' lang='lat' dir='ltr'>te,</span> <span class='ocrx_word' id='word_1_206' title='bbox 1568 2793 1838 2850; x_wconf 85' lang='lat' dir='ltr'>velociter</span> 
     </span>
    </p>
   </div>
   <div class='ocr_carea' id='block_1_31' title="bbox 193 2880 1834 2952">
    <p class='ocr_par' dir='ltr' id='par_1_31' title="bbox 193 2880 1834 2952">
     <span class='ocr_line' id='line_1_31' title="bbox 193 2880 1834 2952; baseline 0.002 -19"><span class='ocrx_word' id='word_1_207' title='bbox 193 2903 217 2930; x_wconf 82' lang='grc' dir='ltr'>ι</span> <span class='ocrx_word' id='word_1_208' title='bbox 252 2880 462 2935; x_wconf 80' lang='lat' dir='ltr'>exaudi</span> <span class='ocrx_word' id='word_1_209' title='bbox 488 2896 598 2935; x_wconf 91' lang='lat' dir='ltr'>me.</span> <span class='ocrx_word' id='word_1_210' title='bbox 625 2880 772 2945; x_wconf 87' lang='lat' dir='ltr'>Quia</span> <span class='ocrx_word' id='word_1_211' title='bbox 793 2880 1135 2936; x_wconf 79' lang='lat' dir='ltr'>defecerunt</span> <span class='ocrx_word' id='word_1_212' title='bbox 1155 2882 1308 2936; x_wconf 86' lang='lat' dir='ltr'>sicut</span> <span class='ocrx_word' id='word_1_213' title='bbox 1329 2883 1527 2937; x_wconf 80' lang='lat' dir='ltr'>fumus</span> <span class='ocrx_word' id='word_1_214' title='bbox 1553 2884 1677 2938; x_wconf 87' lang='lat' dir='ltr'>dies</span> <span class='ocrx_word' id='word_1_215' title='bbox 1698 2882 1834 2952; x_wconf 91' lang='lat' dir='ltr'>mei,</span> 
     </span>
    </p>
   </div>
   <div class='ocr_carea' id='block_1_32' title="bbox 189 2970 1836 3026">
    <p class='ocr_par' dir='ltr' id='par_1_32' title="bbox 189 2970 1836 3026">
     <span class='ocr_line' id='line_1_32' title="bbox 189 2970 1836 3026; baseline 0.004 -7"><span class='ocrx_word' id='word_1_216' title='bbox 189 2993 213 3019; x_wconf 79' lang='grc' dir='ltr'>ι</span> <span class='ocrx_word' id='word_1_217' title='bbox 234 2973 440 3025; x_wconf 88' lang='lat' dir='ltr'>etossa</span> <span class='ocrx_word' id='word_1_218' title='bbox 453 2985 583 3025; x_wconf 89' lang='lat' dir='ltr'>mea</span> <span class='ocrx_word' id='word_1_219' title='bbox 595 2970 1043 3025; x_wconf 89' lang='lat' dir='ltr'>sicutcremium</span> <span class='ocrx_word' id='word_1_220' title='bbox 1059 2986 1267 3025; x_wconf 87' lang='lat' dir='ltr'>arueru</span> <span class='ocrx_word' id='word_1_221' title='bbox 1278 2974 1689 3026; x_wconf 88' lang='lat' dir='ltr'>nt.Percussus</span> <span class='ocrx_word' id='word_1_222' title='bbox 1701 2988 1836 3026; x_wconf 90' lang='lat' dir='ltr'>sum</span> 
     </span>
    </p>
   </div>
   <div class='ocr_carea' id='block_1_33' title="bbox 191 3059 1837 3130">
    <p class='ocr_par' dir='ltr' id='par_1_33' title="bbox 191 3059 1837 3130">
     <span class='ocr_line' id='line_1_33' title="bbox 191 3059 1837 3130; baseline 0.002 -19"><span class='ocrx_word' id='word_1_223' title='bbox 191 3080 215 3109; x_wconf 71' lang='grc' dir='ltr'>ι</span> <span class='ocrx_word' id='word_1_224' title='bbox 251 3063 318 3114; x_wconf 89' lang='lat' dir='ltr'>ut</span> <span class='ocrx_word' id='word_1_225' title='bbox 348 3059 569 3127; x_wconf 79' lang='lat' dir='ltr'>fenum,</span> <span class='ocrx_word' id='word_1_226' title='bbox 603 3063 660 3114; x_wconf 88' lang='lat' dir='ltr'>et</span> <span class='ocrx_word' id='word_1_227' title='bbox 687 3060 840 3113; x_wconf 84' lang='lat' dir='ltr'>aruit</span> <span class='ocrx_word' id='word_1_228' title='bbox 866 3076 967 3114; x_wconf 93' lang='lat' dir='ltr'>cor</span> <span class='ocrx_word' id='word_1_229' title='bbox 1010 3076 1229 3130; x_wconf 84' lang='lat' dir='ltr'>meum,</span> <span class='ocrx_word' id='word_1_230' title='bbox 1277 3059 1416 3130; x_wconf 88' lang='lat' dir='ltr'>quia</span> <span class='ocrx_word' id='word_1_231' title='bbox 1462 3059 1678 3115; x_wconf 89' lang='lat' dir='ltr'>oblitus</span> <span class='ocrx_word' id='word_1_232' title='bbox 1704 3076 1837 3115; x_wconf 88' lang='lat' dir='ltr'>sum</span> 
     </span>
    </p>
   </div>
   <div class='ocr_carea' id='block_1_34' title="bbox 186 3148 1835 3219">
    <p class='ocr_par' dir='ltr' id='par_1_34' title="bbox 186 3148 1835 3219">
     <span class='ocr_line' id='line_1_34' title="bbox 186 3148 1835 3219; baseline 0.002 -20"><span class='ocrx_word' id='word_1_233' title='bbox 186 3172 209 3199; x_wconf 79' lang='grc' dir='ltr'>ι</span> <span class='ocrx_word' id='word_1_234' title='bbox 250 3148 556 3204; x_wconf 88' lang='lat' dir='ltr'>comedere</span> <span class='ocrx_word' id='word_1_235' title='bbox 578 3164 785 3219; x_wconf 89' lang='lat' dir='ltr'>panem</span> <span class='ocrx_word' id='word_1_236' title='bbox 815 3164 1033 3203; x_wconf 89' lang='lat' dir='ltr'>meum.</span> <span class='ocrx_word' id='word_1_237' title='bbox 1057 3150 1101 3202; x_wconf 85' lang='lat' dir='ltr'><strong>A</strong></span> <span class='ocrx_word' id='word_1_238' title='bbox 1126 3164 1264 3203; x_wconf 88' lang='lat' dir='ltr'>voce</span> <span class='ocrx_word' id='word_1_239' title='bbox 1303 3148 1558 3219; x_wconf 84' lang='lat' dir='ltr'>gemitus</span> <span class='ocrx_word' id='word_1_240' title='bbox 1589 3149 1702 3204; x_wconf 91' lang='lat' dir='ltr'>mei</span> <span class='ocrx_word' id='word_1_241' title='bbox 1737 3149 1835 3203; x_wconf 91' lang='lat' dir='ltr'>ad-</span> 
     </span>
    </p>
   </div>
   <div class='ocr_carea' id='block_1_35' title="bbox 1950 560 3593 635">
    <p class='ocr_par' dir='ltr' id='par_1_35' title="bbox 1950 560 3593 635">
     <span class='ocr_line' id='line_1_35' title="bbox 1950 560 3593 635; baseline 0.004 -24"><span class='ocrx_word' id='word_1_242' title='bbox 1950 583 1978 611; x_wconf 83' lang='grc'>‹‹</span> <span class='ocrx_word' id='word_1_243' title='bbox 2011 560 2185 631; x_wconf 89' lang='lat' dir='ltr'>dasti,</span> <span class='ocrx_word' id='word_1_244' title='bbox 2218 564 2277 616; x_wconf 90' lang='lat' dir='ltr'>et</span> <span class='ocrx_word' id='word_1_245' title='bbox 2325 577 2502 632; x_wconf 88' lang='lat' dir='ltr'>opera</span> <span class='ocrx_word' id='word_1_246' title='bbox 2532 579 2817 619; x_wconf 91' lang='lat' dir='ltr'>manuum</span> <span class='ocrx_word' id='word_1_247' title='bbox 2846 567 3083 620; x_wconf 88' lang='lat' dir='ltr'>tuarum</span> <span class='ocrx_word' id='word_1_248' title='bbox 3114 568 3255 619; x_wconf 89' lang='lat' dir='ltr'>sunt</span> <span class='ocrx_word' id='word_1_249' title='bbox 3284 561 3431 618; x_wconf 75' lang='lat' dir='ltr'>cmli.</span> <span class='ocrx_word' id='word_1_250' title='bbox 3476 562 3593 635; x_wconf 87' lang='lat' dir='ltr'>Ipsi</span> 
     </span>
    </p>
   </div>
   <div class='ocr_carea' id='block_1_36' title="bbox 1948 650 3595 726">
    <p class='ocr_par' dir='ltr' id='par_1_36' title="bbox 1948 650 3595 726">
     <span class='ocr_line' id='line_1_36' title="bbox 1948 650 3595 726; baseline 0.005 -26"><span class='ocrx_word' id='word_1_251' title='bbox 1948 671 1978 701; x_wconf 90' lang='grc'>‹‹</span> <span class='ocrx_word' id='word_1_252' title='bbox 2009 650 2305 722; x_wconf 88' lang='lat' dir='ltr'>peribunt,</span> <span class='ocrx_word' id='word_1_253' title='bbox 2337 656 2399 705; x_wconf 91' lang='lat' dir='ltr'>tu</span> <span class='ocrx_word' id='word_1_254' title='bbox 2450 656 2646 707; x_wconf 90' lang='lat' dir='ltr'>autem</span> <span class='ocrx_word' id='word_1_255' title='bbox 2706 670 3033 726; x_wconf 88' lang='lat' dir='ltr'>permanes,</span> <span class='ocrx_word' id='word_1_256' title='bbox 3095 658 3151 708; x_wconf 89' lang='lat' dir='ltr'>et</span> <span class='ocrx_word' id='word_1_257' title='bbox 3206 670 3410 709; x_wconf 89' lang='lat' dir='ltr'>omnes</span> <span class='ocrx_word' id='word_1_258' title='bbox 3442 652 3595 709; x_wconf 80' lang='lat' dir='ltr'>sicut</span> 
     </span>
    </p>
   </div>
   <div class='ocr_carea' id='block_1_37' title="bbox 1947 739 3592 815">
    <p class='ocr_par' dir='ltr' id='par_1_37' title="bbox 1947 739 3592 815">
     <span class='ocr_line' id='line_1_37' title="bbox 1947 739 3592 815; baseline 0.006 -26"><span class='ocrx_word' id='word_1_259' title='bbox 1947 762 1974 789; x_wconf 83' lang='grc'><strong>‹‹</strong></span> <span class='ocrx_word' id='word_1_260' title='bbox 2005 739 2423 795; x_wconf 82' lang='lat' dir='ltr'>vestimentum</span> <span class='ocrx_word' id='word_1_261' title='bbox 2446 742 3446 815; x_wconf 86' lang='lat' dir='ltr'>veterascent.Etsicutopertorium</span> <span class='ocrx_word' id='word_1_262' title='bbox 3463 760 3592 799; x_wconf 91' lang='lat' dir='ltr'>mu-</span> 
     </span>
    </p>
   </div>
   <div class='ocr_carea' id='block_1_38' title="bbox 1948 828 3593 904">
    <p class='ocr_par' dir='ltr' id='par_1_38' title="bbox 1948 828 3593 904">
     <span class='ocr_line' id='line_1_38' title="bbox 1948 828 3593 904; baseline 0.005 -24"><span class='ocrx_word' id='word_1_263' title='bbox 1948 850 1977 877; x_wconf 84' lang='lat'><strong>«</strong></span> <span class='ocrx_word' id='word_1_264' title='bbox 2013 828 2169 883; x_wconf 88' lang='lat' dir='ltr'>tabis</span> <span class='ocrx_word' id='word_1_265' title='bbox 2199 844 2323 896; x_wconf 90' lang='lat' dir='ltr'>eos,</span> <span class='ocrx_word' id='word_1_266' title='bbox 2353 833 2411 884; x_wconf 89' lang='lat' dir='ltr'>et</span> <span class='ocrx_word' id='word_1_267' title='bbox 2432 830 2854 887; x_wconf 90' lang='lat' dir='ltr'>mutabuntur:</span> <span class='ocrx_word' id='word_1_268' title='bbox 2877 837 2942 888; x_wconf 93' lang='lat' dir='ltr'>tu</span> <span class='ocrx_word' id='word_1_269' title='bbox 2968 837 3163 889; x_wconf 87' lang='lat' dir='ltr'>autem</span> <span class='ocrx_word' id='word_1_270' title='bbox 3184 834 3339 888; x_wconf 89' lang='lat' dir='ltr'>idem</span> <span class='ocrx_word' id='word_1_271' title='bbox 3364 832 3488 904; x_wconf 90' lang='lat' dir='ltr'>ipse</span> <span class='ocrx_word' id='word_1_272' title='bbox 3510 850 3593 901; x_wconf 92' lang='lat' dir='ltr'>es,</span> 
     </span>
    </p>
   </div>
   <div class='ocr_carea' id='block_1_39' title="bbox 1954 917 3596 979">
    <p class='ocr_par' dir='ltr' id='par_1_39' title="bbox 1954 917 3596 979">
     <span class='ocr_line' id='line_1_39' title="bbox 1954 917 3596 979; baseline 0.007 -12"><span class='ocrx_word' id='word_1_273' title='bbox 1954 937 1979 967; x_wconf 76' lang='grc' dir='ltr'>ι</span> <span class='ocrx_word' id='word_1_274' title='bbox 2009 920 2067 973; x_wconf 89' lang='lat' dir='ltr'>et</span> <span class='ocrx_word' id='word_1_275' title='bbox 2095 917 2232 972; x_wconf 90' lang='lat' dir='ltr'>anni</span> <span class='ocrx_word' id='word_1_276' title='bbox 2262 918 2349 973; x_wconf 92' lang='lat' dir='ltr'>tui</span> <span class='ocrx_word' id='word_1_277' title='bbox 2380 934 2496 974; x_wconf 91' lang='lat' dir='ltr'>non</span> <span class='ocrx_word' id='word_1_278' title='bbox 2527 919 2817 976; x_wconf 85' lang='lat' dir='ltr'>deﬁcient.</span> <span class='ocrx_word' id='word_1_279' title='bbox 2850 921 2979 977; x_wconf 87' lang='lat' dir='ltr'>Filii</span> <span class='ocrx_word' id='word_1_280' title='bbox 3028 939 3328 978; x_wconf 87' lang='lat' dir='ltr'>servorum</span> <span class='ocrx_word' id='word_1_281' title='bbox 3358 926 3596 979; x_wconf 87' lang='lat' dir='ltr'>tuorum</span> 
     </span>
    </p>
   </div>
   <div class='ocr_carea' id='block_1_40' title="bbox 1949 1006 3596 1076">
    <p class='ocr_par' dir='ltr' id='par_1_40' title="bbox 1949 1006 3596 1076">
     <span class='ocr_line' id='line_1_40' title="bbox 1949 1006 3596 1076; baseline 0.004 -16"><span class='ocrx_word' id='word_1_282' title='bbox 1949 1029 1980 1060; x_wconf 77' lang='grc' dir='ltr'><strong>α</strong></span> <span class='ocrx_word' id='word_1_283' title='bbox 2009 1006 2380 1076; x_wconf 87' lang='lat' dir='ltr'>babitabunt,</span> <span class='ocrx_word' id='word_1_284' title='bbox 2413 1012 2471 1063; x_wconf 85' lang='lat' dir='ltr'>et</span> <span class='ocrx_word' id='word_1_285' title='bbox 2518 1023 2717 1065; x_wconf 83' lang='lat' dir='ltr'>semen</span> <span class='ocrx_word' id='word_1_286' title='bbox 2767 1026 2970 1067; x_wconf 90' lang='lat' dir='ltr'>eorum</span> <span class='ocrx_word' id='word_1_287' title='bbox 3027 1011 3087 1067; x_wconf 91' lang='lat' dir='ltr'>in</span> <span class='ocrx_word' id='word_1_288' title='bbox 3144 1011 3424 1068; x_wconf 84' lang='lat' dir='ltr'>saeculum</span> <span class='ocrx_word' id='word_1_289' title='bbox 3456 1011 3596 1068; x_wconf 89' lang='lat' dir='ltr'>diri-</span> 
     </span>
    </p>
   </div>
   <div class='ocr_carea' id='block_1_41' title="bbox 1948 1101 2261 1169">
    <p class='ocr_par' dir='ltr' id='par_1_41' title="bbox 1948 1101 2261 1169">
     <span class='ocr_line' id='line_1_41' title="bbox 1948 1101 2261 1169; baseline -0.016 -16"><span class='ocrx_word' id='word_1_290' title='bbox 1948 1117 1979 1148; x_wconf 74' lang='grc' dir='ltr'><strong>α</strong></span> <span class='ocrx_word' id='word_1_291' title='bbox 2010 1101 2200 1169; x_wconf 85' lang='lat' dir='ltr'>getur.</span> <span class='ocrx_word' id='word_1_292' title='bbox 2232 1119 2261 1148; x_wconf 83' lang='lat'><strong>»</strong></span> 
     </span>
    </p>
   </div>
   <div class='ocr_carea' id='block_1_42' title="bbox 2567 1223 2972 1282">
    <p class='ocr_par' dir='ltr' id='par_1_42' title="bbox 2567 1223 2972 1282">
     <span class='ocr_line' id='line_1_42' title="bbox 2567 1223 2972 1282; baseline 0.005 -4"><span class='ocrx_word' id='word_1_293' title='bbox 2567 1223 2972 1282; x_wconf 79' lang='lat' dir='ltr'>ENARRATIO.</span> 
     </span>
    </p>
   </div>
   <div class='ocr_carea' id='block_1_43' title="bbox 2021 1363 3600 1444">
    <p class='ocr_par' dir='ltr' id='par_1_43' title="bbox 2021 1363 3600 1444">
     <span class='ocr_line' id='line_1_43' title="bbox 2021 1363 3600 1444; baseline 0.005 -24"><span class='ocrx_word' id='word_1_294' title='bbox 2021 1363 2216 1421; x_wconf 86' lang='lat' dir='ltr'>Oratio</span> <span class='ocrx_word' id='word_1_295' title='bbox 2260 1366 2523 1438; x_wconf 81' lang='lat' dir='ltr'>pauperis</span> <span class='ocrx_word' id='word_1_296' title='bbox 2579 1382 2705 1421; x_wconf 84' lang='lat' dir='ltr'>eum</span> <span class='ocrx_word' id='word_1_297' title='bbox 2746 1368 3007 1424; x_wconf 73' lang='lat' dir='ltr'>anziatus</span> <span class='ocrx_word' id='word_1_298' title='bbox 3034 1370 3228 1439; x_wconf 75' lang='lat' dir='ltr'>fuerit,</span> <span class='ocrx_word' id='word_1_299' title='bbox 3259 1377 3311 1426; x_wconf 92' lang='lat' dir='ltr'>et</span> <span class='ocrx_word' id='word_1_300' title='bbox 3336 1369 3600 1444; x_wconf 65' lang='lat' dir='ltr'>effuderit</span> 
     </span>
    </p>
   </div>
   <div class='ocr_carea' id='block_1_44' title="bbox 1949 1454 3598 1531">
    <p class='ocr_par' dir='ltr' id='par_1_44' title="bbox 1949 1454 3598 1531">
     <span class='ocr_line' id='line_1_44' title="bbox 1949 1454 3598 1531; baseline 0.007 -24"><span class='ocrx_word' id='word_1_301' title='bbox 1949 1468 2149 1525; x_wconf 86' lang='lat' dir='ltr'>preces</span> <span class='ocrx_word' id='word_1_302' title='bbox 2177 1456 2232 1509; x_wconf 89' lang='lat' dir='ltr'>et</span> <span class='ocrx_word' id='word_1_303' title='bbox 2262 1454 2553 1510; x_wconf 89' lang='lat' dir='ltr'>orationes</span> <span class='ocrx_word' id='word_1_304' title='bbox 2585 1472 2723 1511; x_wconf 88' lang='lat' dir='ltr'>suas</span> <span class='ocrx_word' id='word_1_305' title='bbox 2752 1456 3001 1513; x_wconf 77' lang='lat' dir='ltr'>Domino.</span> <span class='ocrx_word' id='word_1_306' title='bbox 3033 1456 3263 1529; x_wconf 88' lang='lat' dir='ltr'>Pauper</span> <span class='ocrx_word' id='word_1_307' title='bbox 3290 1457 3401 1514; x_wconf 90' lang='lat' dir='ltr'>iste</span> <span class='ocrx_word' id='word_1_308' title='bbox 3427 1461 3598 1531; x_wconf 84' lang='lat' dir='ltr'>cujus</span> 
     </span>
    </p>
   </div>
   <div class='ocr_carea' id='block_1_45' title="bbox 1949 1541 3595 1620">
    <p class='ocr_par' dir='ltr' id='par_1_45' title="bbox 1949 1541 3595 1620">
     <span class='ocr_line' id='line_1_45' title="bbox 1949 1541 3595 1620; baseline 0.005 -23"><span class='ocrx_word' id='word_1_309' title='bbox 1949 1541 2136 1597; x_wconf 88' lang='lat' dir='ltr'>oratio</span> <span class='ocrx_word' id='word_1_310' title='bbox 2157 1542 2216 1597; x_wconf 90' lang='lat' dir='ltr'>in</span> <span class='ocrx_word' id='word_1_311' title='bbox 2241 1541 2351 1598; x_wconf 88' lang='lat' dir='ltr'>hoc</span> <span class='ocrx_word' id='word_1_312' title='bbox 2373 1542 2599 1615; x_wconf 88' lang='lat' dir='ltr'>psalmo</span> <span class='ocrx_word' id='word_1_313' title='bbox 2626 1548 2883 1615; x_wconf 89' lang='lat' dir='ltr'>notatur,</span> <span class='ocrx_word' id='word_1_314' title='bbox 2903 1549 2989 1602; x_wconf 91' lang='lat' dir='ltr'>est</span> <span class='ocrx_word' id='word_1_315' title='bbox 3013 1545 3110 1601; x_wconf 90' lang='lat' dir='ltr'>ille</span> <span class='ocrx_word' id='word_1_316' title='bbox 3133 1547 3202 1602; x_wconf 92' lang='lat' dir='ltr'>de</span> <span class='ocrx_word' id='word_1_317' title='bbox 3222 1565 3339 1620; x_wconf 92' lang='lat' dir='ltr'>quo</span> <span class='ocrx_word' id='word_1_318' title='bbox 3352 1548 3595 1605; x_wconf 88' lang='lat' dir='ltr'>dicitur:</span> 
     </span>
    </p>
   </div>
   <div class='ocr_carea' id='block_1_46' title="bbox 1948 1631 3601 1711">
    <p class='ocr_par' dir='ltr' id='par_1_46' title="bbox 1948 1631 3601 1711">
     <span class='ocr_line' id='line_1_46' title="bbox 1948 1631 3601 1711; baseline 0.007 -27"><span class='ocrx_word' id='word_1_319' title='bbox 1948 1631 2209 1697; x_wconf 86' lang='lat' dir='ltr'>Quicum</span> <span class='ocrx_word' id='word_1_320' title='bbox 2240 1631 2389 1687; x_wconf 81' lang='lat' dir='ltr'>dives</span> <span class='ocrx_word' id='word_1_321' title='bbox 2443 1636 2603 1701; x_wconf 84' lang='lat' dir='ltr'>esset,</span> <span class='ocrx_word' id='word_1_322' title='bbox 2660 1651 2763 1706; x_wconf 90' lang='lat' dir='ltr'>pro</span> <span class='ocrx_word' id='word_1_323' title='bbox 2821 1635 2991 1691; x_wconf 91' lang='lat' dir='ltr'>nobis</span> <span class='ocrx_word' id='word_1_324' title='bbox 3047 1639 3229 1708; x_wconf 82' lang='lat' dir='ltr'>[actus</span> <span class='ocrx_word' id='word_1_325' title='bbox 3266 1641 3346 1692; x_wconf 83' lang='lat' dir='ltr'>est</span> <span class='ocrx_word' id='word_1_326' title='bbox 3376 1656 3601 1711; x_wconf 87' lang='lat' dir='ltr'>pauper</span> 
     </span>
    </p>
   </div>
   <div class='ocr_carea' id='block_1_47' title="bbox 1949 1720 3593 1799">
    <p class='ocr_par' dir='ltr' id='par_1_47' title="bbox 1949 1720 3593 1799">
     <span class='ocr_line' id='line_1_47' title="bbox 1949 1720 3593 1799; baseline 0.004 -23"><span class='ocrx_word' id='word_1_327' title='bbox 1949 1721 2024 1792; x_wconf 90' lang='lat' dir='ltr'>(II</span> <span class='ocrx_word' id='word_1_328' title='bbox 2054 1720 2175 1776; x_wconf 84' lang='lat' dir='ltr'>Cor.</span> <span class='ocrx_word' id='word_1_329' title='bbox 2206 1721 2349 1792; x_wconf 82' lang='lat' dir='ltr'>VIII),</span> <span class='ocrx_word' id='word_1_330' title='bbox 2382 1721 2553 1778; x_wconf 81' lang='lat' dir='ltr'>Dives</span> <span class='ocrx_word' id='word_1_331' title='bbox 2590 1723 2649 1777; x_wconf 92' lang='lat' dir='ltr'>in</span> <span class='ocrx_word' id='word_1_332' title='bbox 2700 1723 3033 1797; x_wconf 68' lang='lat' dir='ltr'>aequalitate</span> <span class='ocrx_word' id='word_1_333' title='bbox 3082 1725 3270 1783; x_wconf 86' lang='lat' dir='ltr'>Patris</span> <span class='ocrx_word' id='word_1_334' title='bbox 3302 1743 3593 1799; x_wconf 85' lang='lat' dir='ltr'>regnans:</span> 
     </span>
    </p>
   </div>
   <div class='ocr_carea' id='block_1_48' title="bbox 1950 1810 3600 1889">
    <p class='ocr_par' dir='ltr' id='par_1_48' title="bbox 1950 1810 3600 1889">
     <span class='ocr_line' id='line_1_48' title="bbox 1950 1810 3600 1889; baseline 0.004 -23"><span class='ocrx_word' id='word_1_335' title='bbox 1950 1810 2051 1866; x_wconf 90' lang='lat' dir='ltr'>sed</span> <span class='ocrx_word' id='word_1_336' title='bbox 2076 1826 2297 1882; x_wconf 90' lang='lat' dir='ltr'>pauper</span> <span class='ocrx_word' id='word_1_337' title='bbox 2319 1810 2507 1867; x_wconf 86' lang='lat' dir='ltr'>factus</span> <span class='ocrx_word' id='word_1_338' title='bbox 2530 1815 2638 1880; x_wconf 90' lang='lat' dir='ltr'>est,</span> <span class='ocrx_word' id='word_1_339' title='bbox 2655 1813 2891 1885; x_wconf 89' lang='lat' dir='ltr'>quando</span> <span class='ocrx_word' id='word_1_340' title='bbox 2903 1814 3170 1882; x_wconf 85' lang='lat' dir='ltr'>verbum,</span> <span class='ocrx_word' id='word_1_341' title='bbox 3194 1817 3349 1888; x_wconf 94' lang='lat' dir='ltr'>quod</span> <span class='ocrx_word' id='word_1_342' title='bbox 3367 1816 3422 1871; x_wconf 89' lang='lat' dir='ltr'>in</span> <span class='ocrx_word' id='word_1_343' title='bbox 3443 1817 3600 1889; x_wconf 91' lang='lat' dir='ltr'>prin-</span> 
     </span>
    </p>
   </div>
   <div class='ocr_carea' id='block_1_49' title="bbox 1953 1898 3600 1975">
    <p class='ocr_par' dir='ltr' id='par_1_49' title="bbox 1953 1898 3600 1975">
     <span class='ocr_line' id='line_1_49' title="bbox 1953 1898 3600 1975; baseline 0.004 -21"><span class='ocrx_word' id='word_1_344' title='bbox 1953 1898 2104 1971; x_wconf 91' lang='lat' dir='ltr'>cipio</span> <span class='ocrx_word' id='word_1_345' title='bbox 2135 1902 2257 1953; x_wconf 88' lang='lat' dir='ltr'>erat</span> <span class='ocrx_word' id='word_1_346' title='bbox 2289 1900 2445 1971; x_wconf 88' lang='lat' dir='ltr'>apud</span> <span class='ocrx_word' id='word_1_347' title='bbox 2475 1899 2658 1956; x_wconf 92' lang='lat' dir='ltr'>Deum</span> <span class='ocrx_word' id='word_1_348' title='bbox 2693 1901 2870 1973; x_wconf 84' lang='lat' dir='ltr'>(Joan.</span> <span class='ocrx_word' id='word_1_349' title='bbox 2905 1902 2947 1975; x_wconf 85' lang='lat'>1)</span> <span class='ocrx_word' id='word_1_350' title='bbox 2980 1902 3226 1959; x_wconf 84' lang='lat' dir='ltr'>formam</span> <span class='ocrx_word' id='word_1_351' title='bbox 3257 1903 3406 1960; x_wconf 87' lang='lat' dir='ltr'>servi</span> <span class='ocrx_word' id='word_1_352' title='bbox 3437 1922 3600 1961; x_wconf 91' lang='lat' dir='ltr'>acce-</span> 
     </span>
    </p>
   </div>
   <div class='ocr_carea' id='block_1_50' title="bbox 1952 1986 3601 2064">
    <p class='ocr_par' dir='ltr' id='par_1_50' title="bbox 1952 1986 3601 2064">
     <span class='ocr_line' id='line_1_50' title="bbox 1952 1986 3601 2064; baseline 0.005 -23"><span class='ocrx_word' id='word_1_353' title='bbox 1952 1987 2036 2060; x_wconf 91' lang='lat' dir='ltr'>pit</span> <span class='ocrx_word' id='word_1_354' title='bbox 2065 1986 2235 2058; x_wconf 81' lang='lat' dir='ltr'>(Phil.</span> <span class='ocrx_word' id='word_1_355' title='bbox 2271 1988 2356 2059; x_wconf 85' lang='grc' dir='ltr'><strong>ιι),</strong></span> <span class='ocrx_word' id='word_1_356' title='bbox 2378 1988 2438 2044; x_wconf 91' lang='lat' dir='ltr'>in</span> <span class='ocrx_word' id='word_1_357' title='bbox 2471 2006 2590 2062; x_wconf 90' lang='lat' dir='ltr'>qua</span> <span class='ocrx_word' id='word_1_358' title='bbox 2621 2007 2726 2046; x_wconf 91' lang='lat' dir='ltr'>nos</span> <span class='ocrx_word' id='word_1_359' title='bbox 2766 2009 2801 2047; x_wconf 89' lang='lat' dir='ltr'>a</span> <span class='ocrx_word' id='word_1_360' title='bbox 2826 1992 3079 2064; x_wconf 87' lang='lat' dir='ltr'>peccatis</span> <span class='ocrx_word' id='word_1_361' title='bbox 3101 1994 3369 2049; x_wconf 86' lang='lat' dir='ltr'>redemit.</span> <span class='ocrx_word' id='word_1_362' title='bbox 3393 1996 3472 2049; x_wconf 78' lang='lat' dir='ltr'>Ex</span> <span class='ocrx_word' id='word_1_363' title='bbox 3490 1994 3601 2050; x_wconf 87' lang='lat' dir='ltr'>hoc</span> 
     </span>
    </p>
   </div>
   <div class='ocr_carea' id='block_1_51' title="bbox 1950 2075 3599 2148">
    <p class='ocr_par' dir='ltr' id='par_1_51' title="bbox 1950 2075 3599 2148">
     <span class='ocr_line' id='line_1_51' title="bbox 1950 2075 3599 2148; baseline 0.004 -17"><span class='ocrx_word' id='word_1_364' title='bbox 1950 2093 2204 2148; x_wconf 88' lang='lat' dir='ltr'>paupere</span> <span class='ocrx_word' id='word_1_365' title='bbox 2234 2075 2376 2133; x_wconf 87' lang='lat' dir='ltr'>sunt</span> <span class='ocrx_word' id='word_1_366' title='bbox 2406 2095 2613 2136; x_wconf 87' lang='lat' dir='ltr'>omnes</span> <span class='ocrx_word' id='word_1_367' title='bbox 2643 2079 2855 2135; x_wconf 76' lang='lat' dir='ltr'>divitiae</span> <span class='ocrx_word' id='word_1_368' title='bbox 2885 2085 3118 2148; x_wconf 77' lang='lat' dir='ltr'>nostrae,</span> <span class='ocrx_word' id='word_1_369' title='bbox 3151 2086 3271 2137; x_wconf 82' lang='lat' dir='ltr'>tam</span> <span class='ocrx_word' id='word_1_370' title='bbox 3294 2082 3599 2139; x_wconf 89' lang='lat' dir='ltr'>interiores</span> 
     </span>
    </p>
   </div>
   <div class='ocr_carea' id='block_1_52' title="bbox 1953 2165 3599 2243">
    <p class='ocr_par' dir='ltr' id='par_1_52' title="bbox 1953 2165 3599 2243">
     <span class='ocr_line' id='line_1_52' title="bbox 1953 2165 3599 2243; baseline 0.004 -23"><span class='ocrx_word' id='word_1_371' title='bbox 1953 2182 2131 2237; x_wconf 89' lang='lat' dir='ltr'>quam</span> <span class='ocrx_word' id='word_1_372' title='bbox 2164 2165 2496 2224; x_wconf 80' lang='lat' dir='ltr'>exteriores.</span> <span class='ocrx_word' id='word_1_373' title='bbox 2522 2168 2610 2224; x_wconf 89' lang='lat' dir='ltr'>Ab</span> <span class='ocrx_word' id='word_1_374' title='bbox 2641 2186 2707 2224; x_wconf 89' lang='lat' dir='ltr'>eo</span> <span class='ocrx_word' id='word_1_375' title='bbox 2735 2170 2895 2226; x_wconf 88' lang='lat' dir='ltr'>enim</span> <span class='ocrx_word' id='word_1_376' title='bbox 2923 2170 3213 2227; x_wconf 85' lang='lat' dir='ltr'>habemus</span> <span class='ocrx_word' id='word_1_377' title='bbox 3238 2188 3470 2243; x_wconf 89' lang='lat' dir='ltr'>aurum,</span> <span class='ocrx_word' id='word_1_378' title='bbox 3502 2189 3599 2235; x_wconf 54' lang='lat' dir='ltr'>are</span> 
     </span>
    </p>
   </div>
   <div class='ocr_carea' id='block_1_53' title="bbox 1953 2258 3601 2331">
    <p class='ocr_par' dir='ltr' id='par_1_53' title="bbox 1953 2258 3601 2331">
     <span class='ocr_line' id='line_1_53' title="bbox 1953 2258 3601 2331; baseline 0.004 -22"><span class='ocrx_word' id='word_1_379' title='bbox 1953 2258 2197 2327; x_wconf 87' lang='lat' dir='ltr'>gentum</span> <span class='ocrx_word' id='word_1_380' title='bbox 2219 2260 2575 2329; x_wconf 59' lang='lat' dir='ltr'>ceterasque</span> <span class='ocrx_word' id='word_1_381' title='bbox 2596 2259 3018 2331; x_wconf 83' lang='lat' dir='ltr'>possessiones.</span> <span class='ocrx_word' id='word_1_382' title='bbox 3043 2260 3127 2316; x_wconf 90' lang='lat' dir='ltr'>Ab</span> <span class='ocrx_word' id='word_1_383' title='bbox 3148 2276 3215 2316; x_wconf 89' lang='lat' dir='ltr'>eo</span> <span class='ocrx_word' id='word_1_384' title='bbox 3228 2260 3404 2316; x_wconf 86' lang='lat' dir='ltr'>etiam</span> <span class='ocrx_word' id='word_1_385' title='bbox 3426 2260 3601 2316; x_wconf 89' lang='lat' dir='ltr'>habe-</span> 
     </span>
    </p>
   </div>
   <div class='ocr_carea' id='block_1_54' title="bbox 1951 2346 3599 2422">
    <p class='ocr_par' dir='ltr' id='par_1_54' title="bbox 1951 2346 3599 2422">
     <span class='ocr_line' id='line_1_54' title="bbox 1951 2346 3599 2422; baseline 0.001 -20"><span class='ocrx_word' id='word_1_386' title='bbox 1951 2362 2086 2402; x_wconf 88' lang='lat' dir='ltr'>mus</span> <span class='ocrx_word' id='word_1_387' title='bbox 2117 2346 2423 2404; x_wconf 89' lang='lat' dir='ltr'>interiores</span> <span class='ocrx_word' id='word_1_388' title='bbox 2451 2347 2705 2405; x_wconf 86' lang='lat' dir='ltr'>divitias:</span> <span class='ocrx_word' id='word_1_389' title='bbox 2744 2348 3072 2405; x_wconf 84' lang='lat' dir='ltr'>castitatem</span> <span class='ocrx_word' id='word_1_390' title='bbox 3104 2353 3460 2422; x_wconf 68' lang='lat' dir='ltr'>cmterasque</span> <span class='ocrx_word' id='word_1_391' title='bbox 3479 2350 3599 2404; x_wconf 91' lang='lat' dir='ltr'>vir-</span> 
     </span>
    </p>
   </div>
   <div class='ocr_carea' id='block_1_55' title="bbox 1949 2434 3602 2507">
    <p class='ocr_par' dir='ltr' id='par_1_55' title="bbox 1949 2434 3602 2507">
     <span class='ocr_line' id='line_1_55' title="bbox 1949 2434 3602 2507; baseline 0.002 -17"><span class='ocrx_word' id='word_1_392' title='bbox 1949 2438 2105 2491; x_wconf 90' lang='lat' dir='ltr'>tutes</span> <span class='ocrx_word' id='word_1_393' title='bbox 2152 2434 2365 2507; x_wconf 85' lang='lat' dir='ltr'>quibus</span> <span class='ocrx_word' id='word_1_394' title='bbox 2416 2436 2623 2493; x_wconf 87' lang='lat' dir='ltr'>divites</span> <span class='ocrx_word' id='word_1_395' title='bbox 2681 2437 2832 2493; x_wconf 90' lang='lat' dir='ltr'>ﬁunt</span> <span class='ocrx_word' id='word_1_396' title='bbox 2905 2436 3126 2494; x_wconf 86' lang='lat' dir='ltr'>ﬁdeles.</span> <span class='ocrx_word' id='word_1_397' title='bbox 3175 2438 3338 2502; x_wconf 90' lang='lat' dir='ltr'>Quod</span> <span class='ocrx_word' id='word_1_398' title='bbox 3383 2436 3602 2494; x_wconf 90' lang='lat' dir='ltr'>dicitur</span> 
     </span>
    </p>
   </div>
   <div class='ocr_carea' id='block_1_56' title="bbox 1947 2525 3594 2597">
    <p class='ocr_par' dir='ltr' id='par_1_56' title="bbox 1947 2525 3594 2597">
     <span class='ocr_line' id='line_1_56' title="bbox 1947 2525 3594 2597; baseline 0.002 -18"><span class='ocrx_word' id='word_1_399' title='bbox 1947 2540 2173 2597; x_wconf 83' lang='lat' dir='ltr'>pauper</span> <span class='ocrx_word' id='word_1_400' title='bbox 2191 2525 2300 2581; x_wconf 88' lang='lat' dir='ltr'>iste</span> <span class='ocrx_word' id='word_1_401' title='bbox 2321 2525 2591 2582; x_wconf 83' lang='lat' dir='ltr'>anxiatus</span> <span class='ocrx_word' id='word_1_402' title='bbox 2614 2542 2765 2594; x_wconf 90' lang='lat' dir='ltr'>esse,</span> <span class='ocrx_word' id='word_1_403' title='bbox 2792 2543 2909 2582; x_wconf 92' lang='lat' dir='ltr'>non</span> <span class='ocrx_word' id='word_1_404' title='bbox 2932 2542 3002 2582; x_wconf 83' lang='lat' dir='ltr'>ex</span> <span class='ocrx_word' id='word_1_405' title='bbox 3040 2544 3102 2582; x_wconf 87' lang='lat' dir='ltr'>se</span> <span class='ocrx_word' id='word_1_406' title='bbox 3122 2527 3325 2583; x_wconf 88' lang='lat' dir='ltr'>habuit</span> <span class='ocrx_word' id='word_1_407' title='bbox 3351 2527 3594 2595; x_wconf 82' lang='lat' dir='ltr'>anxiari,</span> 
     </span>
    </p>
   </div>
   <div class='ocr_carea' id='block_1_57' title="bbox 1949 2613 3598 2689">
    <p class='ocr_par' dir='ltr' id='par_1_57' title="bbox 1949 2613 3598 2689">
     <span class='ocr_line' id='line_1_57' title="bbox 1949 2613 3598 2689; baseline 0.002 -21"><span class='ocrx_word' id='word_1_408' title='bbox 1949 2614 2047 2669; x_wconf 91' lang='lat' dir='ltr'>sed</span> <span class='ocrx_word' id='word_1_409' title='bbox 2080 2629 2149 2668; x_wconf 85' lang='lat' dir='ltr'>ex</span> <span class='ocrx_word' id='word_1_410' title='bbox 2178 2613 2371 2681; x_wconf 91' lang='lat' dir='ltr'>nobis,</span> <span class='ocrx_word' id='word_1_411' title='bbox 2405 2630 2508 2687; x_wconf 90' lang='lat' dir='ltr'>pro</span> <span class='ocrx_word' id='word_1_412' title='bbox 2541 2614 2759 2686; x_wconf 90' lang='lat' dir='ltr'>quibus</span> <span class='ocrx_word' id='word_1_413' title='bbox 2781 2631 3017 2671; x_wconf 86' lang='lat' dir='ltr'>carnem</span> <span class='ocrx_word' id='word_1_414' title='bbox 3041 2617 3384 2689; x_wconf 86' lang='lat' dir='ltr'>assumpsit,</span> <span class='ocrx_word' id='word_1_415' title='bbox 3410 2617 3598 2672; x_wconf 88' lang='lat' dir='ltr'>cruci-</span> 
     </span>
    </p>
   </div>
   <div class='ocr_carea' id='block_1_58' title="bbox 1946 2700 3594 2778">
    <p class='ocr_par' dir='ltr' id='par_1_58' title="bbox 1946 2700 3594 2778">
     <span class='ocr_line' id='line_1_58' title="bbox 1946 2700 3594 2778; baseline 0.004 -22"><span class='ocrx_word' id='word_1_416' title='bbox 1946 2700 2166 2774; x_wconf 89' lang='lat' dir='ltr'>ﬁgique</span> <span class='ocrx_word' id='word_1_417' title='bbox 2187 2701 2374 2757; x_wconf 91' lang='lat' dir='ltr'>voluit</span> <span class='ocrx_word' id='word_1_418' title='bbox 2403 2719 2415 2758; x_wconf 93' lang='lat'>:</span> <span class='ocrx_word' id='word_1_419' title='bbox 2441 2720 2544 2775; x_wconf 92' lang='lat' dir='ltr'>pro</span> <span class='ocrx_word' id='word_1_420' title='bbox 2570 2704 2787 2775; x_wconf 90' lang='lat' dir='ltr'>quibus</span> <span class='ocrx_word' id='word_1_421' title='bbox 2809 2703 2985 2760; x_wconf 84' lang='lat' dir='ltr'>etiam</span> <span class='ocrx_word' id='word_1_422' title='bbox 3008 2703 3066 2760; x_wconf 89' lang='lat' dir='ltr'>in</span> <span class='ocrx_word' id='word_1_423' title='bbox 3080 2704 3191 2761; x_wconf 88' lang='lat' dir='ltr'>hoc</span> <span class='ocrx_word' id='word_1_424' title='bbox 3208 2705 3434 2778; x_wconf 89' lang='lat' dir='ltr'>psalmo</span> <span class='ocrx_word' id='word_1_425' title='bbox 3448 2711 3594 2778; x_wconf 89' lang='lat' dir='ltr'>orat,</span> 
     </span>
    </p>
   </div>
   <div class='ocr_carea' id='block_1_59' title="bbox 1948 2790 3599 2869">
    <p class='ocr_par' dir='ltr' id='par_1_59' title="bbox 1948 2790 3599 2869">
     <span class='ocr_line' id='line_1_59' title="bbox 1948 2790 3599 2869; baseline 0.004 -23"><span class='ocrx_word' id='word_1_426' title='bbox 1948 2794 2013 2846; x_wconf 88' lang='lat' dir='ltr'>ut</span> <span class='ocrx_word' id='word_1_427' title='bbox 2032 2790 2170 2846; x_wconf 89' lang='lat' dir='ltr'>illuc</span> <span class='ocrx_word' id='word_1_428' title='bbox 2192 2790 2485 2847; x_wconf 89' lang='lat' dir='ltr'>ducantur</span> <span class='ocrx_word' id='word_1_429' title='bbox 2522 2809 2626 2866; x_wconf 90' lang='lat' dir='ltr'>per</span> <span class='ocrx_word' id='word_1_430' title='bbox 2654 2794 2926 2866; x_wconf 89' lang='lat' dir='ltr'>gratiam,</span> <span class='ocrx_word' id='word_1_431' title='bbox 2960 2794 3117 2851; x_wconf 90' lang='lat' dir='ltr'>unde</span> <span class='ocrx_word' id='word_1_432' title='bbox 3145 2795 3465 2851; x_wconf 88' lang='lat' dir='ltr'>cecidimus</span> <span class='ocrx_word' id='word_1_433' title='bbox 3495 2812 3599 2869; x_wconf 91' lang='lat' dir='ltr'>per</span> 
     </span>
    </p>
   </div>
   <div class='ocr_carea' id='block_1_60' title="bbox 1946 2879 3597 2957">
    <p class='ocr_par' dir='ltr' id='par_1_60' title="bbox 1946 2879 3597 2957">
     <span class='ocr_line' id='line_1_60' title="bbox 1946 2879 3597 2957; baseline 0.004 -24"><span class='ocrx_word' id='word_1_434' title='bbox 1946 2879 2121 2952; x_wconf 90' lang='lat' dir='ltr'>primi</span> <span class='ocrx_word' id='word_1_435' title='bbox 2153 2881 2415 2953; x_wconf 88' lang='lat' dir='ltr'>parentis</span> <span class='ocrx_word' id='word_1_436' title='bbox 2446 2881 2923 2941; x_wconf 87' lang='lat' dir='ltr'>inobedientiam.</span> <span class='ocrx_word' id='word_1_437' title='bbox 2964 2883 3130 2940; x_wconf 88' lang='lat' dir='ltr'>Hunc</span> <span class='ocrx_word' id='word_1_438' title='bbox 3160 2884 3460 2940; x_wconf 88' lang='lat' dir='ltr'>anxiatum</span> <span class='ocrx_word' id='word_1_439' title='bbox 3494 2901 3597 2957; x_wconf 89' lang='lat' dir='ltr'>pro</span> 
     </span>
    </p>
   </div>
   <div class='ocr_carea' id='block_1_61' title="bbox 1947 2968 3596 3043">
    <p class='ocr_par' dir='ltr' id='par_1_61' title="bbox 1947 2968 3596 3043">
     <span class='ocr_line' id='line_1_61' title="bbox 1947 2968 3596 3043; baseline 0.004 -19"><span class='ocrx_word' id='word_1_440' title='bbox 1947 2969 2118 3025; x_wconf 90' lang='lat' dir='ltr'>nobis</span> <span class='ocrx_word' id='word_1_441' title='bbox 2148 2968 2400 3043; x_wconf 89' lang='lat' dir='ltr'>quisque</span> <span class='ocrx_word' id='word_1_442' title='bbox 2429 2972 2710 3043; x_wconf 88' lang='lat' dir='ltr'>attendat,</span> <span class='ocrx_word' id='word_1_443' title='bbox 2747 2977 2804 3029; x_wconf 92' lang='lat' dir='ltr'>et</span> <span class='ocrx_word' id='word_1_444' title='bbox 2850 2973 3137 3041; x_wconf 83' lang='lat' dir='ltr'>anxietur,</span> <span class='ocrx_word' id='word_1_445' title='bbox 3174 2973 3596 3030; x_wconf 88' lang='lat' dir='ltr'>considerando</span> 
     </span>
    </p>
   </div>
   <div class='ocr_carea' id='block_1_62' title="bbox 1948 3048 3594 3135">
    <p class='ocr_par' dir='ltr' id='par_1_62' title="bbox 1948 3048 3594 3135">
     <span class='ocr_line' id='line_1_62' title="bbox 1948 3048 3594 3135; baseline 0.005 -24"><span class='ocrx_word' id='word_1_446' title='bbox 1948 3056 2008 3112; x_wconf 91' lang='lat' dir='ltr'>in</span> <span class='ocrx_word' id='word_1_447' title='bbox 2031 3064 2254 3129; x_wconf 89' lang='lat' dir='ltr'>quanta</span> <span class='ocrx_word' id='word_1_448' title='bbox 2271 3058 2457 3131; x_wconf 82' lang='lat' dir='ltr'>gloria</span> <span class='ocrx_word' id='word_1_449' title='bbox 2478 3060 2539 3115; x_wconf 93' lang='lat' dir='ltr'>in</span> <span class='ocrx_word' id='word_1_450' title='bbox 2560 3061 2745 3117; x_wconf 85' lang='lat' dir='ltr'>Adam</span> <span class='ocrx_word' id='word_1_451' title='bbox 2769 3048 2999 3118; x_wconf 77' lang='lat' dir='ltr'>creatus</span> <span class='ocrx_word' id='word_1_452' title='bbox 3033 3067 3210 3129; x_wconf 88' lang='lat' dir='ltr'>esset,</span> <span class='ocrx_word' id='word_1_453' title='bbox 3235 3067 3291 3118; x_wconf 90' lang='lat' dir='ltr'>et</span> <span class='ocrx_word' id='word_1_454' title='bbox 3312 3062 3385 3118; x_wconf 89' lang='lat' dir='ltr'>ad</span> <span class='ocrx_word' id='word_1_455' title='bbox 3408 3080 3594 3135; x_wconf 88' lang='lat' dir='ltr'>quan-</span> 
     </span>
    </p>
   </div>
   <div class='ocr_carea' id='block_1_63' title="bbox 1947 3148 3593 3222">
    <p class='ocr_par' dir='ltr' id='par_1_63' title="bbox 1947 3148 3593 3222">
     <span class='ocr_line' id='line_1_63' title="bbox 1947 3148 3593 3222; baseline 0.004 -22"><span class='ocrx_word' id='word_1_456' title='bbox 1947 3148 2068 3201; x_wconf 89' lang='lat' dir='ltr'>tam</span> <span class='ocrx_word' id='word_1_457' title='bbox 2102 3163 2205 3218; x_wconf 90' lang='lat' dir='ltr'>per</span> <span class='ocrx_word' id='word_1_458' title='bbox 2234 3164 2371 3203; x_wconf 87' lang='lat' dir='ltr'>eum</span> <span class='ocrx_word' id='word_1_459' title='bbox 2403 3148 2612 3204; x_wconf 88' lang='lat' dir='ltr'>cecidit</span> <span class='ocrx_word' id='word_1_460' title='bbox 2639 3150 2938 3207; x_wconf 88' lang='lat' dir='ltr'>miseriam</span> <span class='ocrx_word' id='word_1_461' title='bbox 2965 3169 2978 3206; x_wconf 92' lang='lat'>:</span> <span class='ocrx_word' id='word_1_462' title='bbox 3004 3154 3061 3206; x_wconf 89' lang='lat' dir='ltr'>et</span> <span class='ocrx_word' id='word_1_463' title='bbox 3084 3151 3193 3206; x_wconf 88' lang='lat' dir='ltr'>hoc</span> <span class='ocrx_word' id='word_1_464' title='bbox 3218 3152 3593 3222; x_wconf 87' lang='lat' dir='ltr'>attendendo,</span> 
     </span>
    </p>
   </div>
   <div class='ocr_carea' id='block_1_64' title="bbox 186 3222 3597 3308">
    <p class='ocr_par' dir='ltr' id='par_1_64' title="bbox 186 3222 3597 3308">
     <span class='ocr_line' id='line_1_64' title="bbox 186 3222 3597 3308; baseline 0.002 -21"><span class='ocrx_word' id='word_1_465' title='bbox 186 3261 210 3287; x_wconf 79' lang='grc' dir='ltr'>ι</span> <span class='ocrx_word' id='word_1_466' title='bbox 248 3236 420 3292; x_wconf 73' lang='lat' dir='ltr'>haesit</span> <span class='ocrx_word' id='word_1_467' title='bbox 447 3253 512 3292; x_wconf 91' lang='lat' dir='ltr'>os</span> <span class='ocrx_word' id='word_1_468' title='bbox 542 3254 739 3292; x_wconf 88' lang='lat' dir='ltr'>meum</span> <span class='ocrx_word' id='word_1_469' title='bbox 772 3237 930 3291; x_wconf 88' lang='lat' dir='ltr'>carni</span> <span class='ocrx_word' id='word_1_470' title='bbox 991 3254 1153 3291; x_wconf 61' lang='lat' dir='ltr'>meai.</span> <span class='ocrx_word' id='word_1_471' title='bbox 1204 3235 1425 3291; x_wconf 88' lang='lat' dir='ltr'>Similis</span> <span class='ocrx_word' id='word_1_472' title='bbox 1484 3237 1673 3291; x_wconf 86' lang='lat' dir='ltr'>factus</span> <span class='ocrx_word' id='word_1_473' title='bbox 1704 3252 1836 3292; x_wconf 92' lang='lat' dir='ltr'>sum</span> <span class='ocrx_word' id='word_1_474' title='bbox 1868 3222 1911 3288; x_wconf 87' lang='lat' dir='ltr'>C</span> <span class='ocrx_word' id='word_1_475' title='bbox 1951 3249 2148 3290; x_wconf 90' lang='lat' dir='ltr'>coram</span> <span class='ocrx_word' id='word_1_476' title='bbox 2179 3233 2449 3303; x_wconf 90' lang='lat' dir='ltr'>Domino,</span> <span class='ocrx_word' id='word_1_477' title='bbox 2499 3254 2616 3293; x_wconf 91' lang='lat' dir='ltr'>non</span> <span class='ocrx_word' id='word_1_478' title='bbox 2666 3254 2862 3295; x_wconf 88' lang='lat' dir='ltr'>coram</span> <span class='ocrx_word' id='word_1_479' title='bbox 2910 3239 3275 3308; x_wconf 86' lang='lat' dir='ltr'>hominibus,</span> <span class='ocrx_word' id='word_1_480' title='bbox 3327 3240 3597 3295; x_wconf 88' lang='lat' dir='ltr'>ostendat</span> 
     </span>
    </p>
   </div>
   <div class='ocr_carea' id='block_1_65' title="bbox 188 3325 1840 3399">
    <p class='ocr_par' dir='ltr' id='par_1_65' title="bbox 188 3325 1840 3399">
     <span class='ocr_line' id='line_1_65' title="bbox 188 3325 1840 3399; baseline 0.001 -22"><span class='ocrx_word' id='word_1_481' title='bbox 188 3351 211 3377; x_wconf 78' lang='grc' dir='ltr'>ι</span> <span class='ocrx_word' id='word_1_482' title='bbox 248 3325 521 3399; x_wconf 89' lang='lat' dir='ltr'>pelicano</span> <span class='ocrx_word' id='word_1_483' title='bbox 547 3325 908 3393; x_wconf 88' lang='lat' dir='ltr'>solitudinis,</span> <span class='ocrx_word' id='word_1_484' title='bbox 939 3326 1127 3380; x_wconf 83' lang='lat' dir='ltr'>factus</span> <span class='ocrx_word' id='word_1_485' title='bbox 1157 3341 1288 3379; x_wconf 92' lang='lat' dir='ltr'>sum</span> <span class='ocrx_word' id='word_1_486' title='bbox 1323 3325 1477 3379; x_wconf 91' lang='lat' dir='ltr'>sicut</span> <span class='ocrx_word' id='word_1_487' title='bbox 1506 3325 1840 3397; x_wconf 85' lang='lat' dir='ltr'>nycticorax</span> 
     </span>
    </p>
   </div>
   <div class='ocr_carea' id='block_1_66' title="bbox 194 3413 1843 3487">
    <p class='ocr_par' dir='ltr' id='par_1_66' title="bbox 194 3413 1843 3487">
     <span class='ocr_line' id='line_1_66' title="bbox 194 3413 1843 3487; baseline -0.002 -17"><span class='ocrx_word' id='word_1_488' title='bbox 194 3436 231 3470; x_wconf 73' lang='grc' dir='ltr'><strong>ε</strong></span> <span class='ocrx_word' id='word_1_489' title='bbox 255 3416 316 3471; x_wconf 90' lang='lat' dir='ltr'>in</span> <span class='ocrx_word' id='word_1_490' title='bbox 347 3414 644 3471; x_wconf 88' lang='lat' dir='ltr'>domicilio</span> <span class='ocrx_word' id='word_1_491' title='bbox 674 3434 686 3471; x_wconf 92' lang='lat'>:</span> <span class='ocrx_word' id='word_1_492' title='bbox 720 3413 981 3487; x_wconf 89' lang='lat' dir='ltr'>Vigilavi,</span> <span class='ocrx_word' id='word_1_493' title='bbox 1006 3419 1064 3468; x_wconf 92' lang='lat' dir='ltr'>et</span> <span class='ocrx_word' id='word_1_494' title='bbox 1090 3414 1278 3469; x_wconf 79' lang='lat' dir='ltr'>factus</span> <span class='ocrx_word' id='word_1_495' title='bbox 1309 3430 1441 3469; x_wconf 89' lang='lat' dir='ltr'>sum</span> <span class='ocrx_word' id='word_1_496' title='bbox 1466 3413 1619 3469; x_wconf 89' lang='lat' dir='ltr'>sicut</span> <span class='ocrx_word' id='word_1_497' title='bbox 1641 3428 1843 3486; x_wconf 89' lang='lat' dir='ltr'>passer</span> 
     </span>
    </p>
   </div>
   <div class='ocr_carea' id='block_1_67' title="bbox 187 3501 1840 3573">
    <p class='ocr_par' dir='ltr' id='par_1_67' title="bbox 187 3501 1840 3573">
     <span class='ocr_line' id='line_1_67' title="bbox 187 3501 1840 3573; baseline -0.001 -15"><span class='ocrx_word' id='word_1_498' title='bbox 187 3527 213 3558; x_wconf 73' lang='grc' dir='ltr'>ι</span> <span class='ocrx_word' id='word_1_499' title='bbox 248 3504 551 3561; x_wconf 87' lang='lat' dir='ltr'>solitarius</span> <span class='ocrx_word' id='word_1_500' title='bbox 582 3506 642 3559; x_wconf 90' lang='lat' dir='ltr'>in</span> <span class='ocrx_word' id='word_1_501' title='bbox 673 3508 845 3560; x_wconf 89' lang='lat' dir='ltr'>tecto.</span> <span class='ocrx_word' id='word_1_502' title='bbox 900 3505 1046 3559; x_wconf 88' lang='lat' dir='ltr'>Tota</span> <span class='ocrx_word' id='word_1_503' title='bbox 1097 3502 1189 3558; x_wconf 86' lang='lat' dir='ltr'>die</span> <span class='ocrx_word' id='word_1_504' title='bbox 1239 3503 1669 3573; x_wconf 84' lang='lat' dir='ltr'>exprobrabant</span> <span class='ocrx_word' id='word_1_505' title='bbox 1696 3501 1840 3557; x_wconf 87' lang='lat' dir='ltr'>mihi</span> 
     </span>
    </p>
   </div>
   <div class='ocr_carea' id='block_1_68' title="bbox 185 3591 1840 3664">
    <p class='ocr_par' dir='ltr' id='par_1_68' title="bbox 185 3591 1840 3664">
     <span class='ocr_line' id='line_1_68' title="bbox 185 3591 1840 3664; baseline 0.003 -21"><span class='ocrx_word' id='word_1_506' title='bbox 185 3618 209 3643; x_wconf 71' lang='grc' dir='ltr'>ι</span> <span class='ocrx_word' id='word_1_507' title='bbox 248 3594 475 3649; x_wconf 88' lang='lat' dir='ltr'>inimici</span> <span class='ocrx_word' id='word_1_508' title='bbox 510 3595 621 3650; x_wconf 90' lang='lat' dir='ltr'>mei</span> <span class='ocrx_word' id='word_1_509' title='bbox 650 3610 663 3647; x_wconf 90' lang='lat'>:</span> <span class='ocrx_word' id='word_1_510' title='bbox 697 3598 752 3649; x_wconf 89' lang='lat' dir='ltr'>et</span> <span class='ocrx_word' id='word_1_511' title='bbox 784 3592 883 3664; x_wconf 91' lang='lat' dir='ltr'>qui</span> <span class='ocrx_word' id='word_1_512' title='bbox 908 3592 1231 3647; x_wconf 83' lang='lat' dir='ltr'>laudabant</span> <span class='ocrx_word' id='word_1_513' title='bbox 1258 3608 1372 3660; x_wconf 91' lang='lat' dir='ltr'>me,</span> <span class='ocrx_word' id='word_1_514' title='bbox 1404 3591 1715 3647; x_wconf 89' lang='lat' dir='ltr'>adversum</span> <span class='ocrx_word' id='word_1_515' title='bbox 1747 3609 1840 3648; x_wconf 90' lang='lat' dir='ltr'>me</span> 
     </span>
    </p>
   </div>
   <div class='ocr_carea' id='block_1_69' title="bbox 185 3681 1843 3755">
    <p class='ocr_par' dir='ltr' id='par_1_69' title="bbox 185 3681 1843 3755">
     <span class='ocr_line' id='line_1_69' title="bbox 185 3681 1843 3755; baseline 0.002 -22"><span class='ocrx_word' id='word_1_516' title='bbox 185 3705 210 3733; x_wconf 79' lang='grc' dir='ltr'>ι</span> <span class='ocrx_word' id='word_1_517' title='bbox 238 3683 545 3755; x_wconf 87' lang='lat' dir='ltr'>jurabant.</span> <span class='ocrx_word' id='word_1_518' title='bbox 580 3682 727 3749; x_wconf 89' lang='lat' dir='ltr'>Quia</span> <span class='ocrx_word' id='word_1_519' title='bbox 753 3683 1008 3737; x_wconf 85' lang='lat' dir='ltr'>cinerem</span> <span class='ocrx_word' id='word_1_520' title='bbox 1039 3686 1325 3753; x_wconf 87' lang='lat' dir='ltr'>tanquam</span> <span class='ocrx_word' id='word_1_521' title='bbox 1359 3698 1567 3752; x_wconf 88' lang='lat' dir='ltr'>panem</span> <span class='ocrx_word' id='word_1_522' title='bbox 1603 3681 1843 3737; x_wconf 89' lang='lat' dir='ltr'>mandu-</span> 
     </span>
    </p>
   </div>
   <div class='ocr_carea' id='block_1_70' title="bbox 183 3770 1843 3845">
    <p class='ocr_par' dir='ltr' id='par_1_70' title="bbox 183 3770 1843 3845">
     <span class='ocr_line' id='line_1_70' title="bbox 183 3770 1843 3845; baseline 0.001 -21"><span class='ocrx_word' id='word_1_523' title='bbox 183 3793 213 3824; x_wconf 75' lang='grc' dir='ltr'>ι</span> <span class='ocrx_word' id='word_1_524' title='bbox 242 3773 480 3841; x_wconf 84' lang='lat' dir='ltr'>cabam,</span> <span class='ocrx_word' id='word_1_525' title='bbox 500 3777 556 3827; x_wconf 89' lang='lat' dir='ltr'>et</span> <span class='ocrx_word' id='word_1_526' title='bbox 583 3770 860 3845; x_wconf 89' lang='lat' dir='ltr'>poculum</span> <span class='ocrx_word' id='word_1_527' title='bbox 890 3788 1086 3827; x_wconf 90' lang='lat' dir='ltr'>meum</span> <span class='ocrx_word' id='word_1_528' title='bbox 1112 3788 1246 3826; x_wconf 90' lang='lat' dir='ltr'>cum</span> <span class='ocrx_word' id='word_1_529' title='bbox 1270 3772 1406 3825; x_wconf 86' lang='lat' dir='ltr'>tlctu</span> <span class='ocrx_word' id='word_1_530' title='bbox 1431 3770 1771 3826; x_wconf 88' lang='lat' dir='ltr'>miscebam.</span> <span class='ocrx_word' id='word_1_531' title='bbox 1796 3774 1843 3827; x_wconf 90' lang='lat' dir='ltr'><strong>A</strong></span> 
     </span>
    </p>
   </div>
   <div class='ocr_carea' id='block_1_71' title="bbox 189 3858 1842 3933">
    <p class='ocr_par' dir='ltr' id='par_1_71' title="bbox 189 3858 1842 3933">
     <span class='ocr_line' id='line_1_71' title="bbox 189 3858 1842 3933; baseline 0.002 -21"><span class='ocrx_word' id='word_1_532' title='bbox 189 3883 215 3912; x_wconf 76' lang='grc' dir='ltr'>ι</span> <span class='ocrx_word' id='word_1_533' title='bbox 251 3861 511 3917; x_wconf 71' lang='lat' dir='ltr'>facieirae</span> <span class='ocrx_word' id='word_1_534' title='bbox 525 3860 1015 3933; x_wconf 88' lang='lat' dir='ltr'>etindignationis</span> <span class='ocrx_word' id='word_1_535' title='bbox 1047 3859 1334 3931; x_wconf 73' lang='lat' dir='ltr'>tuaa,quia</span> <span class='ocrx_word' id='word_1_536' title='bbox 1363 3858 1593 3915; x_wconf 88' lang='lat' dir='ltr'>elevans</span> <span class='ocrx_word' id='word_1_537' title='bbox 1613 3859 1842 3916; x_wconf 88' lang='lat' dir='ltr'>allisisti</span> 
     </span>
    </p>
   </div>
   <div class='ocr_carea' id='block_1_72' title="bbox 184 3948 1847 4021">
    <p class='ocr_par' dir='ltr' id='par_1_72' title="bbox 184 3948 1847 4021">
     <span class='ocr_line' id='line_1_72' title="bbox 184 3948 1847 4021; baseline -0.001 -15"><span class='ocrx_word' id='word_1_538' title='bbox 184 3973 210 4000; x_wconf 75' lang='grc' dir='ltr'>ι</span> <span class='ocrx_word' id='word_1_539' title='bbox 239 3950 498 4007; x_wconf 88' lang='lat' dir='ltr'>me.Dies</span> <span class='ocrx_word' id='word_1_540' title='bbox 515 3952 625 4006; x_wconf 90' lang='lat' dir='ltr'>mei</span> <span class='ocrx_word' id='word_1_541' title='bbox 642 3951 795 4006; x_wconf 87' lang='lat' dir='ltr'>sicut</span> <span class='ocrx_word' id='word_1_542' title='bbox 812 3951 1022 4005; x_wconf 91' lang='lat' dir='ltr'>umbra</span> <span class='ocrx_word' id='word_1_543' title='bbox 1037 3948 1679 4021; x_wconf 85' lang='lat' dir='ltr'>declinaverunt,etego</span> <span class='ocrx_word' id='word_1_544' title='bbox 1694 3949 1847 4006; x_wconf 88' lang='lat' dir='ltr'>sicut</span> 
     </span>
    </p>
   </div>
   <div class='ocr_carea' id='block_1_73' title="bbox 188 4038 1849 4111">
    <p class='ocr_par' dir='ltr' id='par_1_73' title="bbox 188 4038 1849 4111">
     <span class='ocr_line' id='line_1_73' title="bbox 188 4038 1849 4111; baseline -0.001 -15"><span class='ocrx_word' id='word_1_545' title='bbox 188 4062 213 4090; x_wconf 72' lang='grc' dir='ltr'>ι</span> <span class='ocrx_word' id='word_1_546' title='bbox 250 4042 456 4097; x_wconf 78' lang='lat' dir='ltr'>fenum</span> <span class='ocrx_word' id='word_1_547' title='bbox 490 4040 637 4095; x_wconf 88' lang='lat' dir='ltr'>arui.</span> <span class='ocrx_word' id='word_1_548' title='bbox 669 4041 757 4095; x_wconf 89' lang='lat' dir='ltr'>Tu</span> <span class='ocrx_word' id='word_1_549' title='bbox 791 4043 1011 4104; x_wconf 84' lang='lat' dir='ltr'>autem,</span> <span class='ocrx_word' id='word_1_550' title='bbox 1047 4038 1309 4103; x_wconf 88' lang='lat' dir='ltr'>Domine,</span> <span class='ocrx_word' id='word_1_551' title='bbox 1332 4038 1391 4093; x_wconf 92' lang='lat' dir='ltr'>in</span> <span class='ocrx_word' id='word_1_552' title='bbox 1416 4042 1697 4093; x_wconf 73' lang='lat' dir='ltr'>aeternum</span> <span class='ocrx_word' id='word_1_553' title='bbox 1722 4055 1849 4111; x_wconf 85' lang='lat' dir='ltr'>per-</span> 
     </span>
    </p>
   </div>
   <div class='ocr_carea' id='block_1_74' title="bbox 188 4126 1850 4199">
    <p class='ocr_par' dir='ltr' id='par_1_74' title="bbox 188 4126 1850 4199">
     <span class='ocr_line' id='line_1_74' title="bbox 188 4126 1850 4199; baseline 0.001 -18"><span class='ocrx_word' id='word_1_554' title='bbox 188 4155 212 4181; x_wconf 74' lang='lat'><em>.</em></span> <span class='ocrx_word' id='word_1_555' title='bbox 255 4146 487 4195; x_wconf 88' lang='lat' dir='ltr'>manes,</span> <span class='ocrx_word' id='word_1_556' title='bbox 519 4134 577 4185; x_wconf 90' lang='lat' dir='ltr'>et</span> <span class='ocrx_word' id='word_1_557' title='bbox 606 4129 947 4185; x_wconf 88' lang='lat' dir='ltr'>memoriale</span> <span class='ocrx_word' id='word_1_558' title='bbox 984 4133 1154 4182; x_wconf 90' lang='lat' dir='ltr'>tuum</span> <span class='ocrx_word' id='word_1_559' title='bbox 1209 4126 1269 4181; x_wconf 91' lang='lat' dir='ltr'>in</span> <span class='ocrx_word' id='word_1_560' title='bbox 1325 4127 1762 4199; x_wconf 89' lang='lat' dir='ltr'>generationem</span> <span class='ocrx_word' id='word_1_561' title='bbox 1792 4131 1850 4182; x_wconf 89' lang='lat' dir='ltr'>et</span> 
     </span>
    </p>
   </div>
   <div class='ocr_carea' id='block_1_75' title="bbox 190 4215 1844 4293">
    <p class='ocr_par' dir='ltr' id='par_1_75' title="bbox 190 4215 1844 4293">
     <span class='ocr_line' id='line_1_75' title="bbox 190 4215 1844 4293; baseline 0.001 -23"><span class='ocrx_word' id='word_1_562' title='bbox 190 4245 215 4270; x_wconf 79' lang='grc' dir='ltr'>ι</span> <span class='ocrx_word' id='word_1_563' title='bbox 253 4218 716 4293; x_wconf 85' lang='lat' dir='ltr'>generationem.</span> <span class='ocrx_word' id='word_1_564' title='bbox 769 4220 857 4274; x_wconf 93' lang='lat' dir='ltr'>Tu</span> <span class='ocrx_word' id='word_1_565' title='bbox 915 4232 1237 4290; x_wconf 83' lang='lat' dir='ltr'>exsurgens</span> <span class='ocrx_word' id='word_1_566' title='bbox 1290 4216 1661 4272; x_wconf 87' lang='lat' dir='ltr'>misereberis</span> <span class='ocrx_word' id='word_1_567' title='bbox 1690 4215 1844 4287; x_wconf 86' lang='lat' dir='ltr'>Sion,</span> 
     </span>
    </p>
   </div>
   <div class='ocr_carea' id='block_1_76' title="bbox 192 4305 1847 4382">
    <p class='ocr_par' dir='ltr' id='par_1_76' title="bbox 192 4305 1847 4382">
     <span class='ocr_line' id='line_1_76' title="bbox 192 4305 1847 4382; baseline 0 -22"><span class='ocrx_word' id='word_1_568' title='bbox 192 4334 216 4360; x_wconf 79' lang='grc' dir='ltr'>ι</span> <span class='ocrx_word' id='word_1_569' title='bbox 254 4308 399 4382; x_wconf 86' lang='lat' dir='ltr'>quia</span> <span class='ocrx_word' id='word_1_570' title='bbox 430 4312 665 4381; x_wconf 88' lang='lat' dir='ltr'>tempus</span> <span class='ocrx_word' id='word_1_571' title='bbox 698 4307 1014 4363; x_wconf 88' lang='lat' dir='ltr'>miserendi</span> <span class='ocrx_word' id='word_1_572' title='bbox 1047 4307 1198 4377; x_wconf 87' lang='lat' dir='ltr'>ejus,</span> <span class='ocrx_word' id='word_1_573' title='bbox 1232 4306 1373 4377; x_wconf 86' lang='lat' dir='ltr'>quia</span> <span class='ocrx_word' id='word_1_574' title='bbox 1401 4305 1561 4361; x_wconf 85' lang='lat' dir='ltr'>venit</span> <span class='ocrx_word' id='word_1_575' title='bbox 1590 4310 1847 4377; x_wconf 89' lang='lat' dir='ltr'>tempus.</span> 
     </span>
    </p>
   </div>
   <div class='ocr_carea' id='block_1_77' title="bbox 196 4394 1853 4469">
    <p class='ocr_par' dir='ltr' id='par_1_77' title="bbox 196 4394 1853 4469">
     <span class='ocr_line' id='line_1_77' title="bbox 196 4394 1853 4469; baseline 0.001 -21"><span class='ocrx_word' id='word_1_576' title='bbox 196 4420 220 4448; x_wconf 78' lang='grc' dir='ltr'>ι</span> <span class='ocrx_word' id='word_1_577' title='bbox 257 4397 548 4465; x_wconf 85' lang='lat' dir='ltr'>Quoniam</span> <span class='ocrx_word' id='word_1_578' title='bbox 578 4397 926 4469; x_wconf 87' lang='lat' dir='ltr'>placuerunt</span> <span class='ocrx_word' id='word_1_579' title='bbox 956 4395 1140 4451; x_wconf 87' lang='lat' dir='ltr'>servis</span> <span class='ocrx_word' id='word_1_580' title='bbox 1192 4395 1311 4450; x_wconf 91' lang='lat' dir='ltr'>tuis</span> <span class='ocrx_word' id='word_1_581' title='bbox 1360 4394 1583 4466; x_wconf 88' lang='lat' dir='ltr'>lapides</span> <span class='ocrx_word' id='word_1_582' title='bbox 1614 4395 1761 4465; x_wconf 88' lang='lat' dir='ltr'>ejus,</span> <span class='ocrx_word' id='word_1_583' title='bbox 1794 4398 1853 4450; x_wconf 91' lang='lat' dir='ltr'>et</span> 
     </span>
    </p>
   </div>
   <div class='ocr_carea' id='block_1_78' title="bbox 195 4483 1851 4559">
    <p class='ocr_par' dir='ltr' id='par_1_78' title="bbox 195 4483 1851 4559">
     <span class='ocr_line' id='line_1_78' title="bbox 195 4483 1851 4559; baseline 0.001 -20"><span class='ocrx_word' id='word_1_584' title='bbox 195 4509 220 4539; x_wconf 76' lang='grc' dir='ltr'>ι</span> <span class='ocrx_word' id='word_1_585' title='bbox 253 4493 428 4545; x_wconf 62' lang='lat' dir='ltr'>terra</span> <span class='ocrx_word' id='word_1_586' title='bbox 482 4488 611 4559; x_wconf 92' lang='lat' dir='ltr'>ejus</span> <span class='ocrx_word' id='word_1_587' title='bbox 667 4486 1122 4541; x_wconf 76' lang='lat' dir='ltr'>miserebantur.</span> <span class='ocrx_word' id='word_1_588' title='bbox 1182 4485 1253 4539; x_wconf 91' lang='lat' dir='ltr'>Et</span> <span class='ocrx_word' id='word_1_589' title='bbox 1310 4483 1603 4539; x_wconf 88' lang='lat' dir='ltr'>timebunt</span> <span class='ocrx_word' id='word_1_590' title='bbox 1649 4489 1851 4555; x_wconf 86' lang='lat' dir='ltr'>gentes</span> 
     </span>
    </p>
   </div>
   <div class='ocr_carea' id='block_1_79' title="bbox 191 4573 1930 4658">
    <p class='ocr_par' dir='ltr' id='par_1_79' title="bbox 191 4573 1930 4658">
     <span class='ocr_line' id='line_1_79' title="bbox 191 4573 1930 4658; baseline -0.003 -25"><span class='ocrx_word' id='word_1_591' title='bbox 191 4598 222 4632; x_wconf 74' lang='grc' dir='ltr'>ι</span> <span class='ocrx_word' id='word_1_592' title='bbox 253 4592 471 4633; x_wconf 89' lang='lat' dir='ltr'>nomen</span> <span class='ocrx_word' id='word_1_593' title='bbox 496 4580 689 4643; x_wconf 89' lang='lat' dir='ltr'>tuum,</span> <span class='ocrx_word' id='word_1_594' title='bbox 713 4575 979 4642; x_wconf 90' lang='lat' dir='ltr'>Domine,</span> <span class='ocrx_word' id='word_1_595' title='bbox 1015 4578 1073 4628; x_wconf 86' lang='lat' dir='ltr'>et</span> <span class='ocrx_word' id='word_1_596' title='bbox 1096 4590 1301 4629; x_wconf 89' lang='lat' dir='ltr'>omnes</span> <span class='ocrx_word' id='word_1_597' title='bbox 1340 4589 1504 4644; x_wconf 87' lang='lat' dir='ltr'>reges</span> <span class='ocrx_word' id='word_1_598' title='bbox 1526 4578 1691 4628; x_wconf 79' lang='lat' dir='ltr'>terrze</span> <span class='ocrx_word' id='word_1_599' title='bbox 1722 4573 1848 4647; x_wconf 91' lang='lat' dir='ltr'>glo-</span> <span class='ocrx_word' id='word_1_600' title='bbox 1882 4593 1930 4658; x_wconf 83' lang='lat' dir='ltr'><strong>D</strong></span> 
     </span>
    </p>
   </div>
   <div class='ocr_carea' id='block_1_80' title="bbox 187 4662 1856 4729">
    <p class='ocr_par' dir='ltr' id='par_1_80' title="bbox 187 4662 1856 4729">
     <span class='ocr_line' id='line_1_80' title="bbox 187 4662 1856 4729; baseline -0.001 -11"><span class='ocrx_word' id='word_1_601' title='bbox 187 4692 219 4718; x_wconf 76' lang='grc' dir='ltr'>α</span> <span class='ocrx_word' id='word_1_602' title='bbox 256 4667 412 4723; x_wconf 87' lang='lat' dir='ltr'>riam</span> <span class='ocrx_word' id='word_1_603' title='bbox 434 4670 621 4721; x_wconf 89' lang='lat' dir='ltr'>tuam.</span> <span class='ocrx_word' id='word_1_604' title='bbox 648 4664 796 4729; x_wconf 88' lang='lat' dir='ltr'>Quia</span> <span class='ocrx_word' id='word_1_605' title='bbox 837 4663 1143 4719; x_wconf 68' lang='lat' dir='ltr'>aediﬁcavit</span> <span class='ocrx_word' id='word_1_606' title='bbox 1183 4662 1467 4717; x_wconf 89' lang='lat' dir='ltr'>Dominus</span> <span class='ocrx_word' id='word_1_607' title='bbox 1502 4662 1661 4727; x_wconf 89' lang='lat' dir='ltr'>Sion,</span> <span class='ocrx_word' id='word_1_608' title='bbox 1686 4667 1742 4718; x_wconf 91' lang='lat' dir='ltr'>et</span> <span class='ocrx_word' id='word_1_609' title='bbox 1770 4662 1856 4717; x_wconf 86' lang='lat' dir='ltr'>vi-</span> 
     </span>
    </p>
   </div>
   <div class='ocr_carea' id='block_1_81' title="bbox 195 4752 1859 4825">
    <p class='ocr_par' dir='ltr' id='par_1_81' title="bbox 195 4752 1859 4825">
     <span class='ocr_line' id='line_1_81' title="bbox 195 4752 1859 4825; baseline -0.001 -17"><span class='ocrx_word' id='word_1_610' title='bbox 195 4780 218 4808; x_wconf 76' lang='grc' dir='ltr'><strong>σ</strong></span> <span class='ocrx_word' id='word_1_611' title='bbox 255 4754 499 4812; x_wconf 88' lang='lat' dir='ltr'>debitur</span> <span class='ocrx_word' id='word_1_612' title='bbox 518 4755 575 4809; x_wconf 90' lang='lat' dir='ltr'>in</span> <span class='ocrx_word' id='word_1_613' title='bbox 595 4753 783 4825; x_wconf 88' lang='lat' dir='ltr'>gloria</span> <span class='ocrx_word' id='word_1_614' title='bbox 798 4771 923 4809; x_wconf 89' lang='lat' dir='ltr'>sua.</span> <span class='ocrx_word' id='word_1_615' title='bbox 952 4752 1297 4825; x_wconf 78' lang='lat' dir='ltr'>Respexitin</span> <span class='ocrx_word' id='word_1_616' title='bbox 1323 4752 1642 4807; x_wconf 88' lang='lat' dir='ltr'>orationem</span> <span class='ocrx_word' id='word_1_617' title='bbox 1667 4752 1859 4807; x_wconf 88' lang='lat' dir='ltr'>humi-</span> 
     </span>
    </p>
   </div>
   <div class='ocr_carea' id='block_1_82' title="bbox 200 4841 1863 4915">
    <p class='ocr_par' dir='ltr' id='par_1_82' title="bbox 200 4841 1863 4915">
     <span class='ocr_line' id='line_1_82' title="bbox 200 4841 1863 4915; baseline 0.001 -19"><span class='ocrx_word' id='word_1_618' title='bbox 200 4865 222 4896; x_wconf 81' lang='grc' dir='ltr'>ι</span> <span class='ocrx_word' id='word_1_619' title='bbox 252 4846 432 4911; x_wconf 88' lang='lat' dir='ltr'>lium,</span> <span class='ocrx_word' id='word_1_620' title='bbox 465 4849 522 4899; x_wconf 88' lang='lat' dir='ltr'>et</span> <span class='ocrx_word' id='word_1_621' title='bbox 554 4861 669 4899; x_wconf 91' lang='lat' dir='ltr'>non</span> <span class='ocrx_word' id='word_1_622' title='bbox 703 4842 922 4915; x_wconf 87' lang='lat' dir='ltr'>sprevit</span> <span class='ocrx_word' id='word_1_623' title='bbox 950 4859 1181 4914; x_wconf 89' lang='lat' dir='ltr'>precem</span> <span class='ocrx_word' id='word_1_624' title='bbox 1232 4858 1456 4897; x_wconf 89' lang='lat' dir='ltr'>eorum.</span> <span class='ocrx_word' id='word_1_625' title='bbox 1512 4841 1863 4898; x_wconf 88' lang='lat' dir='ltr'>Scribantur</span> 
     </span>
    </p>
   </div>
   <div class='ocr_carea' id='block_1_83' title="bbox 199 4929 1863 5005">
    <p class='ocr_par' dir='ltr' id='par_1_83' title="bbox 199 4929 1863 5005">
     <span class='ocr_line' id='line_1_83' title="bbox 199 4929 1863 5005; baseline 0.002 -22"><span class='ocrx_word' id='word_1_626' title='bbox 199 4958 221 4983; x_wconf 82' lang='grc' dir='ltr'>ι</span> <span class='ocrx_word' id='word_1_627' title='bbox 258 4934 391 4989; x_wconf 66' lang='lat' dir='ltr'>haec</span> <span class='ocrx_word' id='word_1_628' title='bbox 421 4933 480 4987; x_wconf 91' lang='lat' dir='ltr'>in</span> <span class='ocrx_word' id='word_1_629' title='bbox 511 4932 885 5005; x_wconf 86' lang='lat' dir='ltr'>generatione</span> <span class='ocrx_word' id='word_1_630' title='bbox 918 4931 1119 5001; x_wconf 86' lang='lat' dir='ltr'>altera,</span> <span class='ocrx_word' id='word_1_631' title='bbox 1149 4934 1207 4986; x_wconf 89' lang='lat' dir='ltr'>et</span> <span class='ocrx_word' id='word_1_632' title='bbox 1237 4929 1490 5003; x_wconf 92' lang='lat' dir='ltr'>populus</span> <span class='ocrx_word' id='word_1_633' title='bbox 1521 4929 1620 5002; x_wconf 88' lang='lat' dir='ltr'>qui</span> <span class='ocrx_word' id='word_1_634' title='bbox 1645 4931 1863 4987; x_wconf 86' lang='lat' dir='ltr'>creabi-</span> 
     </span>
    </p>
   </div>
   <div class='ocr_carea' id='block_1_84' title="bbox 204 5019 1862 5091">
    <p class='ocr_par' dir='ltr' id='par_1_84' title="bbox 204 5019 1862 5091">
     <span class='ocr_line' id='line_1_84' title="bbox 204 5019 1862 5091; baseline 0.001 -16"><span class='ocrx_word' id='word_1_635' title='bbox 204 5047 227 5075; x_wconf 77' lang='lat' dir='ltr'>e</span> <span class='ocrx_word' id='word_1_636' title='bbox 265 5027 392 5089; x_wconf 88' lang='lat' dir='ltr'>tur,</span> <span class='ocrx_word' id='word_1_637' title='bbox 411 5021 679 5077; x_wconf 88' lang='lat' dir='ltr'>laudabit</span> <span class='ocrx_word' id='word_1_638' title='bbox 698 5021 1036 5076; x_wconf 90' lang='lat' dir='ltr'>Dominum.</span> <span class='ocrx_word' id='word_1_639' title='bbox 1063 5020 1209 5084; x_wconf 87' lang='lat' dir='ltr'>Quia</span> <span class='ocrx_word' id='word_1_640' title='bbox 1231 5019 1528 5091; x_wconf 85' lang='lat' dir='ltr'>prospexit</span> <span class='ocrx_word' id='word_1_641' title='bbox 1548 5020 1617 5074; x_wconf 89' lang='lat' dir='ltr'>de</span> <span class='ocrx_word' id='word_1_642' title='bbox 1635 5019 1862 5077; x_wconf 84' lang='lat' dir='ltr'>excelso</span> 
     </span>
    </p>
   </div>
   <div class='ocr_carea' id='block_1_85' title="bbox 206 5108 1861 5182">
    <p class='ocr_par' dir='ltr' id='par_1_85' title="bbox 206 5108 1861 5182">
     <span class='ocr_line' id='line_1_85' title="bbox 206 5108 1861 5182; baseline 0.001 -18"><span class='ocrx_word' id='word_1_643' title='bbox 206 5136 229 5164; x_wconf 79' lang='grc' dir='ltr'>ι</span> <span class='ocrx_word' id='word_1_644' title='bbox 262 5115 476 5168; x_wconf 86' lang='lat' dir='ltr'>sancto</span> <span class='ocrx_word' id='word_1_645' title='bbox 519 5128 649 5178; x_wconf 88' lang='lat' dir='ltr'>suo,</span> <span class='ocrx_word' id='word_1_646' title='bbox 689 5110 975 5166; x_wconf 87' lang='lat' dir='ltr'>Dominus</span> <span class='ocrx_word' id='word_1_647' title='bbox 1004 5110 1074 5164; x_wconf 88' lang='lat' dir='ltr'>de</span> <span class='ocrx_word' id='word_1_648' title='bbox 1105 5108 1245 5164; x_wconf 79' lang='lat' dir='ltr'>cmlo</span> <span class='ocrx_word' id='word_1_649' title='bbox 1277 5109 1334 5163; x_wconf 90' lang='lat' dir='ltr'>in</span> <span class='ocrx_word' id='word_1_650' title='bbox 1370 5114 1583 5164; x_wconf 88' lang='lat' dir='ltr'>terram</span> <span class='ocrx_word' id='word_1_651' title='bbox 1616 5109 1861 5182; x_wconf 86' lang='lat' dir='ltr'>aspexit.</span> 
     </span>
    </p>
   </div>
   <div class='ocr_carea' id='block_1_86' title="bbox 200 5197 1865 5273">
    <p class='ocr_par' dir='ltr' id='par_1_86' title="bbox 200 5197 1865 5273">
     <span class='ocr_line' id='line_1_86' title="bbox 200 5197 1865 5273; baseline 0.002 -20"><span class='ocrx_word' id='word_1_652' title='bbox 200 5227 229 5253; x_wconf 73' lang='grc' dir='ltr'><strong>α</strong></span> <span class='ocrx_word' id='word_1_653' title='bbox 268 5200 590 5257; x_wconf 88' lang='lat' dir='ltr'>Utaudiret</span> <span class='ocrx_word' id='word_1_654' title='bbox 601 5200 857 5273; x_wconf 80' lang='lat' dir='ltr'>gemitus</span> <span class='ocrx_word' id='word_1_655' title='bbox 872 5198 1355 5270; x_wconf 88' lang='lat' dir='ltr'>compeditorum,</span> <span class='ocrx_word' id='word_1_656' title='bbox 1377 5203 1441 5252; x_wconf 93' lang='lat' dir='ltr'>ut</span> <span class='ocrx_word' id='word_1_657' title='bbox 1455 5197 1701 5254; x_wconf 89' lang='lat' dir='ltr'>solveret</span> <span class='ocrx_word' id='word_1_658' title='bbox 1713 5198 1865 5256; x_wconf 87' lang='lat' dir='ltr'>ﬁlios</span> 
     </span>
    </p>
   </div>
   <div class='ocr_carea' id='block_1_87' title="bbox 207 5285 1865 5361">
    <p class='ocr_par' dir='ltr' id='par_1_87' title="bbox 207 5285 1865 5361">
     <span class='ocr_line' id='line_1_87' title="bbox 207 5285 1865 5361; baseline 0.001 -19"><span class='ocrx_word' id='word_1_659' title='bbox 207 5315 230 5342; x_wconf 79' lang='grc' dir='ltr'>ι</span> <span class='ocrx_word' id='word_1_660' title='bbox 263 5290 783 5361; x_wconf 89' lang='lat' dir='ltr'>interemptorum.</span> <span class='ocrx_word' id='word_1_661' title='bbox 846 5291 919 5343; x_wconf 91' lang='lat' dir='ltr'>Ut</span> <span class='ocrx_word' id='word_1_662' title='bbox 973 5285 1322 5342; x_wconf 87' lang='lat' dir='ltr'>annuntient</span> <span class='ocrx_word' id='word_1_663' title='bbox 1374 5285 1432 5342; x_wconf 90' lang='lat' dir='ltr'>in</span> <span class='ocrx_word' id='word_1_664' title='bbox 1484 5286 1621 5341; x_wconf 91' lang='lat' dir='ltr'>Sion</span> <span class='ocrx_word' id='word_1_665' title='bbox 1650 5303 1865 5344; x_wconf 90' lang='lat' dir='ltr'>nomen</span> 
     </span>
    </p>
   </div>
   <div class='ocr_carea' id='block_1_88' title="bbox 209 5374 1863 5447">
    <p class='ocr_par' dir='ltr' id='par_1_88' title="bbox 209 5374 1863 5447">
     <span class='ocr_line' id='line_1_88' title="bbox 209 5374 1863 5447; baseline 0 -16"><span class='ocrx_word' id='word_1_666' title='bbox 209 5406 231 5431; x_wconf 78' lang='grc' dir='ltr'>ι</span> <span class='ocrx_word' id='word_1_667' title='bbox 270 5378 535 5446; x_wconf 85' lang='lat' dir='ltr'>Domini,</span> <span class='ocrx_word' id='word_1_668' title='bbox 564 5383 619 5433; x_wconf 92' lang='lat' dir='ltr'>et</span> <span class='ocrx_word' id='word_1_669' title='bbox 648 5378 883 5433; x_wconf 76' lang='lat' dir='ltr'>laudem</span> <span class='ocrx_word' id='word_1_670' title='bbox 914 5377 1042 5447; x_wconf 81' lang='lat' dir='ltr'>ejus</span> <span class='ocrx_word' id='word_1_671' title='bbox 1090 5376 1147 5429; x_wconf 90' lang='lat' dir='ltr'>in</span> <span class='ocrx_word' id='word_1_672' title='bbox 1181 5374 1527 5430; x_wconf 86' lang='lat' dir='ltr'>Jerusalem.</span> <span class='ocrx_word' id='word_1_673' title='bbox 1564 5374 1625 5429; x_wconf 89' lang='lat' dir='ltr'>In</span> <span class='ocrx_word' id='word_1_674' title='bbox 1660 5392 1863 5431; x_wconf 89' lang='lat' dir='ltr'>conve-</span> 
     </span>
    </p>
   </div>
   <div class='ocr_carea' id='block_1_89' title="bbox 212 5463 1867 5539">
    <p class='ocr_par' dir='ltr' id='par_1_89' title="bbox 212 5463 1867 5539">
     <span class='ocr_line' id='line_1_89' title="bbox 212 5463 1867 5539; baseline 0.001 -19"><span class='ocrx_word' id='word_1_675' title='bbox 212 5494 233 5520; x_wconf 78' lang='grc' dir='ltr'>ι</span> <span class='ocrx_word' id='word_1_676' title='bbox 271 5468 494 5526; x_wconf 89' lang='lat' dir='ltr'>niendo</span> <span class='ocrx_word' id='word_1_677' title='bbox 518 5467 762 5539; x_wconf 89' lang='lat' dir='ltr'>p0pulos</span> <span class='ocrx_word' id='word_1_678' title='bbox 788 5468 844 5522; x_wconf 90' lang='lat' dir='ltr'>in</span> <span class='ocrx_word' id='word_1_679' title='bbox 873 5483 1051 5521; x_wconf 90' lang='lat' dir='ltr'>unum</span> <span class='ocrx_word' id='word_1_680' title='bbox 1079 5469 1135 5519; x_wconf 79' lang='lat' dir='ltr'>et.</span> <span class='ocrx_word' id='word_1_681' title='bbox 1156 5481 1338 5535; x_wconf 78' lang='lat' dir='ltr'>reges,</span> <span class='ocrx_word' id='word_1_682' title='bbox 1381 5468 1443 5516; x_wconf 84' lang='lat' dir='ltr'>ut</span> <span class='ocrx_word' id='word_1_683' title='bbox 1484 5463 1739 5519; x_wconf 88' lang='lat' dir='ltr'>serviant</span> <span class='ocrx_word' id='word_1_684' title='bbox 1759 5465 1867 5522; x_wconf 94' lang='lat' dir='ltr'>Do-</span> 
     </span>
    </p>
   </div>
   <div class='ocr_carea' id='block_1_90' title="bbox 216 5552 1866 5628">
    <p class='ocr_par' dir='ltr' id='par_1_90' title="bbox 216 5552 1866 5628">
     <span class='ocr_line' id='line_1_90' title="bbox 216 5552 1866 5628; baseline -0.004 -12"><span class='ocrx_word' id='word_1_685' title='bbox 216 5580 239 5608; x_wconf 75' lang='grc' dir='ltr'>σ</span> <span class='ocrx_word' id='word_1_686' title='bbox 276 5559 462 5615; x_wconf 86' lang='lat' dir='ltr'>mino.</span> <span class='ocrx_word' id='word_1_687' title='bbox 494 5556 882 5628; x_wconf 85' lang='lat' dir='ltr'>Responditci</span> <span class='ocrx_word' id='word_1_688' title='bbox 912 5555 970 5609; x_wconf 91' lang='lat' dir='ltr'>in</span> <span class='ocrx_word' id='word_1_689' title='bbox 989 5552 1866 5610; x_wconf 71' lang='lat' dir='ltr'>viavirtutissuze:Paucitatcm</span> 
     </span>
    </p>
   </div>
   <div class='ocr_carea' id='block_1_91' title="bbox 218 5641 1866 5706">
    <p class='ocr_par' dir='ltr' id='par_1_91' title="bbox 218 5641 1866 5706">
     <span class='ocr_line' id='line_1_91' title="bbox 218 5641 1866 5706; baseline -0.001 -6"><span class='ocrx_word' id='word_1_690' title='bbox 218 5668 243 5700; x_wconf 70' lang='grc' dir='ltr'><strong><em>ο</em></strong></span> <span class='ocrx_word' id='word_1_691' title='bbox 275 5648 511 5706; x_wconf 87' lang='lat' dir='ltr'>dierum</span> <span class='ocrx_word' id='word_1_692' title='bbox 544 5662 806 5702; x_wconf 87' lang='lat' dir='ltr'>meorum</span> <span class='ocrx_word' id='word_1_693' title='bbox 840 5645 1048 5700; x_wconf 85' lang='lat' dir='ltr'>nuntia</span> <span class='ocrx_word' id='word_1_694' title='bbox 1095 5641 1261 5697; x_wconf 89' lang='lat' dir='ltr'>mihi.</span> <span class='ocrx_word' id='word_1_695' title='bbox 1312 5641 1393 5697; x_wconf 90' lang='lat' dir='ltr'>Ne</span> <span class='ocrx_word' id='word_1_696' title='bbox 1430 5657 1658 5697; x_wconf 88' lang='lat' dir='ltr'>revoces</span> <span class='ocrx_word' id='word_1_697' title='bbox 1692 5659 1785 5698; x_wconf 88' lang='lat' dir='ltr'>me</span> <span class='ocrx_word' id='word_1_698' title='bbox 1809 5644 1866 5698; x_wconf 92' lang='lat' dir='ltr'>in</span> 
     </span>
    </p>
   </div>
   <div class='ocr_carea' id='block_1_92' title="bbox 223 5732 1871 5806">
    <p class='ocr_par' dir='ltr' id='par_1_92' title="bbox 223 5732 1871 5806">
     <span class='ocr_line' id='line_1_92' title="bbox 223 5732 1871 5806; baseline -0.001 -15"><span class='ocrx_word' id='word_1_699' title='bbox 223 5759 247 5791; x_wconf 78' lang='grc' dir='ltr'>ι</span> <span class='ocrx_word' id='word_1_700' title='bbox 280 5737 534 5795; x_wconf 86' lang='lat' dir='ltr'>dimidio</span> <span class='ocrx_word' id='word_1_701' title='bbox 555 5735 783 5794; x_wconf 89' lang='lat' dir='ltr'>dierum</span> <span class='ocrx_word' id='word_1_702' title='bbox 799 5750 1085 5804; x_wconf 86' lang='lat' dir='ltr'>meorum,</span> <span class='ocrx_word' id='word_1_703' title='bbox 1107 5732 1167 5790; x_wconf 92' lang='lat' dir='ltr'>in</span> <span class='ocrx_word' id='word_1_704' title='bbox 1182 5732 1617 5806; x_wconf 86' lang='lat' dir='ltr'>generationem</span> <span class='ocrx_word' id='word_1_705' title='bbox 1636 5736 1691 5789; x_wconf 91' lang='lat' dir='ltr'>et</span> <span class='ocrx_word' id='word_1_706' title='bbox 1702 5748 1871 5806; x_wconf 83' lang='lat' dir='ltr'>gene-</span> 
     </span>
    </p>
   </div>
   <div class='ocr_carea' id='block_1_93' title="bbox 1947 3336 2401 3394">
    <p class='ocr_par' dir='ltr' id='par_1_93' title="bbox 1947 3336 2401 3394">
     <span class='ocr_line' id='line_1_93' title="bbox 1947 3336 2401 3394; baseline 0 -16"><span class='ocrx_word' id='word_1_707' title='bbox 1947 3336 2176 3394; x_wconf 89' lang='lat' dir='ltr'>precem</span> <span class='ocrx_word' id='word_1_708' title='bbox 2212 3339 2401 3378; x_wconf 88' lang='lat' dir='ltr'>suam.</span> 
     </span>
    </p>
   </div>
   <div class='ocr_carea' id='block_1_94' title="bbox 2020 3411 3593 3483">
    <p class='ocr_par' dir='ltr' id='par_1_94' title="bbox 2020 3411 3593 3483">
     <span class='ocr_line' id='line_1_94' title="bbox 2020 3411 3593 3483; baseline 0.003 -17"><span class='ocrx_word' id='word_1_709' title='bbox 2020 3411 2279 3477; x_wconf 84' lang='lat' dir='ltr'>Domine,</span> <span class='ocrx_word' id='word_1_710' title='bbox 2309 3411 2515 3467; x_wconf 76' lang='lat' dir='ltr'>exaudi</span> <span class='ocrx_word' id='word_1_711' title='bbox 2543 3415 2852 3470; x_wconf 81' lang='lat' dir='ltr'>orationem</span> <span class='ocrx_word' id='word_1_712' title='bbox 2895 3431 3094 3483; x_wconf 86' lang='lat' dir='ltr'>meam,</span> <span class='ocrx_word' id='word_1_713' title='bbox 3126 3423 3179 3471; x_wconf 88' lang='lat' dir='ltr'>et</span> <span class='ocrx_word' id='word_1_714' title='bbox 3206 3415 3416 3471; x_wconf 86' lang='lat' dir='ltr'>clamor</span> <span class='ocrx_word' id='word_1_715' title='bbox 3442 3431 3593 3471; x_wconf 86' lang='lat' dir='ltr'>meus</span> 
     </span>
    </p>
   </div>
   <div class='ocr_carea' id='block_1_95' title="bbox 1947 3499 3592 3577">
    <p class='ocr_par' dir='ltr' id='par_1_95' title="bbox 1947 3499 3592 3577">
     <span class='ocr_line' id='line_1_95' title="bbox 1947 3499 3592 3577; baseline 0.003 -21"><span class='ocrx_word' id='word_1_716' title='bbox 1947 3499 2020 3556; x_wconf 87' lang='lat' dir='ltr'>ad</span> <span class='ocrx_word' id='word_1_717' title='bbox 2049 3509 2100 3557; x_wconf 90' lang='lat' dir='ltr'>te</span> <span class='ocrx_word' id='word_1_718' title='bbox 2130 3501 2330 3555; x_wconf 82' lang='lat' dir='ltr'>veniat.</span> <span class='ocrx_word' id='word_1_719' title='bbox 2366 3501 2427 3555; x_wconf 87' lang='lat' dir='ltr'>In</span> <span class='ocrx_word' id='word_1_720' title='bbox 2458 3500 2567 3557; x_wconf 88' lang='lat' dir='ltr'>hac</span> <span class='ocrx_word' id='word_1_721' title='bbox 2597 3503 2857 3561; x_wconf 88' lang='lat' dir='ltr'>oratione</span> <span class='ocrx_word' id='word_1_722' title='bbox 2877 3502 3084 3577; x_wconf 89' lang='lat' dir='ltr'>capitis</span> <span class='ocrx_word' id='word_1_723' title='bbox 3114 3504 3302 3559; x_wconf 91' lang='lat' dir='ltr'>nostri</span> <span class='ocrx_word' id='word_1_724' title='bbox 3324 3505 3592 3575; x_wconf 67' lang='lat' dir='ltr'>quaedam</span> 
     </span>
    </p>
   </div>
   <div class='ocr_carea' id='block_1_96' title="bbox 1948 3589 3597 3666">
    <p class='ocr_par' dir='ltr' id='par_1_96' title="bbox 1948 3589 3597 3666">
     <span class='ocr_line' id='line_1_96' title="bbox 1948 3589 3597 3666; baseline 0.001 -19"><span class='ocrx_word' id='word_1_725' title='bbox 1948 3589 2355 3647; x_wconf 85' lang='lat' dir='ltr'>attribuuntur</span> <span class='ocrx_word' id='word_1_726' title='bbox 2374 3606 2491 3645; x_wconf 75' lang='lat' dir='ltr'>suae</span> <span class='ocrx_word' id='word_1_727' title='bbox 2514 3608 2795 3664; x_wconf 74' lang='lat' dir='ltr'>personae,</span> <span class='ocrx_word' id='word_1_728' title='bbox 2820 3593 3088 3666; x_wconf 65' lang='lat' dir='ltr'>quadam</span> <span class='ocrx_word' id='word_1_729' title='bbox 3110 3598 3323 3650; x_wconf 62' lang='lat' dir='ltr'>nostra:</span> <span class='ocrx_word' id='word_1_730' title='bbox 3346 3592 3597 3649; x_wconf 90' lang='lat' dir='ltr'>inﬁrmi-</span> 
     </span>
    </p>
   </div>
   <div class='ocr_carea' id='block_1_97' title="bbox 1949 3678 3599 3756">
    <p class='ocr_par' dir='ltr' id='par_1_97' title="bbox 1949 3678 3599 3756">
     <span class='ocr_line' id='line_1_97' title="bbox 1949 3678 3599 3756; baseline 0.001 -21"><span class='ocrx_word' id='word_1_731' title='bbox 1949 3679 2055 3735; x_wconf 88' lang='lat' dir='ltr'>tati</span> <span class='ocrx_word' id='word_1_732' title='bbox 2080 3678 2451 3736; x_wconf 89' lang='lat' dir='ltr'>conveniunt.</span> <span class='ocrx_word' id='word_1_733' title='bbox 2477 3681 2546 3736; x_wconf 85' lang='lat' dir='ltr'>Et</span> <span class='ocrx_word' id='word_1_734' title='bbox 2587 3680 2728 3738; x_wconf 90' lang='lat' dir='ltr'>dicit</span> <span class='ocrx_word' id='word_1_735' title='bbox 2750 3681 2835 3739; x_wconf 90' lang='lat' dir='ltr'>sic</span> <span class='ocrx_word' id='word_1_736' title='bbox 2860 3700 2873 3739; x_wconf 94' lang='lat'><strong>:</strong></span> <span class='ocrx_word' id='word_1_737' title='bbox 2915 3682 3157 3739; x_wconf 91' lang='lat' dir='ltr'>Domine</span> <span class='ocrx_word' id='word_1_738' title='bbox 3179 3688 3364 3756; x_wconf 88' lang='lat' dir='ltr'>pater,</span> <span class='ocrx_word' id='word_1_739' title='bbox 3388 3682 3599 3737; x_wconf 81' lang='lat' dir='ltr'>exaudi</span> 
     </span>
    </p>
   </div>
   <div class='ocr_carea' id='block_1_98' title="bbox 1951 3766 3603 3844">
    <p class='ocr_par' dir='ltr' id='par_1_98' title="bbox 1951 3766 3603 3844">
     <span class='ocr_line' id='line_1_98' title="bbox 1951 3766 3603 3844; baseline 0.001 -19"><span class='ocrx_word' id='word_1_740' title='bbox 1951 3766 2272 3825; x_wconf 86' lang='lat' dir='ltr'>orationem</span> <span class='ocrx_word' id='word_1_741' title='bbox 2296 3785 2509 3842; x_wconf 88' lang='lat' dir='ltr'>meam,</span> <span class='ocrx_word' id='word_1_742' title='bbox 2539 3770 2597 3825; x_wconf 92' lang='lat' dir='ltr'>id</span> <span class='ocrx_word' id='word_1_743' title='bbox 2620 3775 2730 3838; x_wconf 88' lang='lat' dir='ltr'>est,</span> <span class='ocrx_word' id='word_1_744' title='bbox 2756 3788 3042 3837; x_wconf 89' lang='lat' dir='ltr'>meorum,</span> <span class='ocrx_word' id='word_1_745' title='bbox 3067 3773 3279 3828; x_wconf 79' lang='lat' dir='ltr'>tactam</span> <span class='ocrx_word' id='word_1_746' title='bbox 3295 3788 3399 3844; x_wconf 91' lang='lat' dir='ltr'>pro</span> <span class='ocrx_word' id='word_1_747' title='bbox 3413 3786 3603 3842; x_wconf 88' lang='lat' dir='ltr'>perse—</span> 
     </span>
    </p>
   </div>
   <div class='ocr_carea' id='block_1_99' title="bbox 1950 3857 3607 3931">
    <p class='ocr_par' dir='ltr' id='par_1_99' title="bbox 1950 3857 3607 3931">
     <span class='ocr_line' id='line_1_99' title="bbox 1950 3857 3607 3931; baseline 0.002 -18"><span class='ocrx_word' id='word_1_748' title='bbox 1950 3859 2213 3914; x_wconf 88' lang='lat' dir='ltr'>verantia</span> <span class='ocrx_word' id='word_1_749' title='bbox 2232 3857 2544 3915; x_wconf 88' lang='lat' dir='ltr'>virtutum:</span> <span class='ocrx_word' id='word_1_750' title='bbox 2564 3864 2621 3915; x_wconf 89' lang='lat' dir='ltr'>et</span> <span class='ocrx_word' id='word_1_751' title='bbox 2640 3860 2861 3917; x_wconf 85' lang='lat' dir='ltr'>clamor</span> <span class='ocrx_word' id='word_1_752' title='bbox 2881 3878 3070 3931; x_wconf 89' lang='lat' dir='ltr'>meus,</span> <span class='ocrx_word' id='word_1_753' title='bbox 3094 3862 3151 3917; x_wconf 91' lang='lat' dir='ltr'>id</span> <span class='ocrx_word' id='word_1_754' title='bbox 3176 3866 3280 3930; x_wconf 89' lang='lat' dir='ltr'>est,</span> <span class='ocrx_word' id='word_1_755' title='bbox 3304 3860 3607 3918; x_wconf 89' lang='lat' dir='ltr'>irremissa</span> 
     </span>
    </p>
   </div>
   <div class='ocr_carea' id='block_1_100' title="bbox 1957 3946 3608 4023">
    <p class='ocr_par' dir='ltr' id='par_1_100' title="bbox 1957 3946 3608 4023">
     <span class='ocr_line' id='line_1_100' title="bbox 1957 3946 3608 4023; baseline 0.002 -21"><span class='ocrx_word' id='word_1_756' title='bbox 1957 3946 2212 4019; x_wconf 88' lang='lat' dir='ltr'>operatio</span> <span class='ocrx_word' id='word_1_757' title='bbox 2236 3962 2527 4015; x_wconf 87' lang='lat' dir='ltr'>meorum,</span> <span class='ocrx_word' id='word_1_758' title='bbox 2551 3948 2623 4002; x_wconf 91' lang='lat' dir='ltr'>ad</span> <span class='ocrx_word' id='word_1_759' title='bbox 2647 3952 2703 4005; x_wconf 86' lang='lat' dir='ltr'>te</span> <span class='ocrx_word' id='word_1_760' title='bbox 2742 3949 2955 4006; x_wconf 89' lang='lat' dir='ltr'>veniat.</span> <span class='ocrx_word' id='word_1_761' title='bbox 2993 3950 3227 4007; x_wconf 88' lang='lat' dir='ltr'>Clamor</span> <span class='ocrx_word' id='word_1_762' title='bbox 3246 3950 3531 4023; x_wconf 87' lang='lat' dir='ltr'>accipitur</span> <span class='ocrx_word' id='word_1_763' title='bbox 3550 3955 3608 4008; x_wconf 90' lang='lat' dir='ltr'>et</span> 
     </span>
    </p>
   </div>
   <div class='ocr_carea' id='block_1_101' title="bbox 1955 4034 3605 4114">
    <p class='ocr_par' dir='ltr' id='par_1_101' title="bbox 1955 4034 3605 4114">
     <span class='ocr_line' id='line_1_101' title="bbox 1955 4034 3605 4114; baseline 0.003 -26"><span class='ocrx_word' id='word_1_764' title='bbox 1955 4034 2015 4089; x_wconf 91' lang='lat' dir='ltr'>in</span> <span class='ocrx_word' id='word_1_765' title='bbox 2042 4034 2189 4090; x_wconf 92' lang='lat' dir='ltr'>bono</span> <span class='ocrx_word' id='word_1_766' title='bbox 2211 4038 2269 4090; x_wconf 89' lang='lat' dir='ltr'>et</span> <span class='ocrx_word' id='word_1_767' title='bbox 2290 4034 2351 4089; x_wconf 90' lang='lat' dir='ltr'>in</span> <span class='ocrx_word' id='word_1_768' title='bbox 2376 4034 2531 4090; x_wconf 89' lang='lat' dir='ltr'>malo</span> <span class='ocrx_word' id='word_1_769' title='bbox 2557 4054 2570 4091; x_wconf 88' lang='lat'>:</span> <span class='ocrx_word' id='word_1_770' title='bbox 2604 4036 2661 4090; x_wconf 91' lang='lat' dir='ltr'>in</span> <span class='ocrx_word' id='word_1_771' title='bbox 2705 4038 2877 4110; x_wconf 91' lang='lat' dir='ltr'>bono,</span> <span class='ocrx_word' id='word_1_772' title='bbox 2919 4042 2985 4095; x_wconf 89' lang='lat' dir='ltr'>ut</span> <span class='ocrx_word' id='word_1_773' title='bbox 3023 4039 3247 4096; x_wconf 90' lang='lat' dir='ltr'>dictum</span> <span class='ocrx_word' id='word_1_774' title='bbox 3269 4044 3358 4097; x_wconf 91' lang='lat' dir='ltr'>est</span> <span class='ocrx_word' id='word_1_775' title='bbox 3379 4040 3563 4114; x_wconf 80' lang='lat' dir='ltr'>Moysi</span> <span class='ocrx_word' id='word_1_776' title='bbox 3591 4061 3605 4093; x_wconf 88' lang='lat'><strong>:</strong></span> 
     </span>
    </p>
   </div>
   <div class='ocr_carea' id='block_1_102' title="bbox 1957 4123 3609 4200">
    <p class='ocr_par' dir='ltr' id='par_1_102' title="bbox 1957 4123 3609 4200">
     <span class='ocr_line' id='line_1_102' title="bbox 1957 4123 3609 4200; baseline 0.004 -21"><span class='ocrx_word' id='word_1_777' title='bbox 1957 4123 2102 4194; x_wconf 86' lang='lat' dir='ltr'>Quid</span> <span class='ocrx_word' id='word_1_778' title='bbox 2131 4123 2338 4179; x_wconf 86' lang='lat' dir='ltr'>clamas</span> <span class='ocrx_word' id='word_1_779' title='bbox 2357 4123 2386 4178; x_wconf 85' lang='lat'><strong>?</strong></span> <span class='ocrx_word' id='word_1_780' title='bbox 2417 4124 2612 4195; x_wconf 76' lang='lat' dir='ltr'>(Exod.</span> <span class='ocrx_word' id='word_1_781' title='bbox 2649 4126 2789 4199; x_wconf 78' lang='lat' dir='ltr'>xiv.)</span> <span class='ocrx_word' id='word_1_782' title='bbox 2820 4131 2887 4185; x_wconf 91' lang='lat' dir='ltr'>In</span> <span class='ocrx_word' id='word_1_783' title='bbox 2904 4127 3084 4200; x_wconf 88' lang='lat' dir='ltr'>malo,</span> <span class='ocrx_word' id='word_1_784' title='bbox 3118 4134 3182 4185; x_wconf 91' lang='lat' dir='ltr'>ut</span> <span class='ocrx_word' id='word_1_785' title='bbox 3211 4129 3355 4185; x_wconf 91' lang='lat' dir='ltr'>illud</span> <span class='ocrx_word' id='word_1_786' title='bbox 3390 4130 3609 4186; x_wconf 85' lang='lat' dir='ltr'>Clamor</span> 
     </span>
    </p>
   </div>
   <div class='ocr_carea' id='block_1_103' title="bbox 1960 4212 3606 4289">
    <p class='ocr_par' dir='ltr' id='par_1_103' title="bbox 1960 4212 3606 4289">
     <span class='ocr_line' id='line_1_103' title="bbox 1960 4212 3606 4289; baseline 0.001 -20"><span class='ocrx_word' id='word_1_787' title='bbox 1960 4212 2317 4269; x_wconf 83' lang='lat' dir='ltr'>Sodomorum</span> <span class='ocrx_word' id='word_1_788' title='bbox 2344 4214 2493 4268; x_wconf 84' lang='lat' dir='ltr'>venit</span> <span class='ocrx_word' id='word_1_789' title='bbox 2552 4213 2623 4269; x_wconf 82' lang='lat' dir='ltr'>ad</span> <span class='ocrx_word' id='word_1_790' title='bbox 2676 4232 2763 4272; x_wconf 86' lang='lat' dir='ltr'>me</span> <span class='ocrx_word' id='word_1_791' title='bbox 2820 4216 2974 4289; x_wconf 79' lang='lat' dir='ltr'>(Gen.</span> <span class='ocrx_word' id='word_1_792' title='bbox 3031 4221 3217 4288; x_wconf 84' lang='lat' dir='ltr'>xvm).</span> <span class='ocrx_word' id='word_1_793' title='bbox 3251 4219 3320 4273; x_wconf 90' lang='lat' dir='ltr'>Et</span> <span class='ocrx_word' id='word_1_794' title='bbox 3348 4216 3606 4273; x_wconf 87' lang='lat' dir='ltr'>Paulus:</span> 
     </span>
    </p>
   </div>
   <div class='ocr_carea' id='block_1_104' title="bbox 1958 4299 3611 4380">
    <p class='ocr_par' dir='ltr' id='par_1_104' title="bbox 1958 4299 3611 4380">
     <span class='ocr_line' id='line_1_104' title="bbox 1958 4299 3611 4380; baseline 0.001 -23"><span class='ocrx_word' id='word_1_795' title='bbox 1958 4301 2271 4358; x_wconf 81' lang='lat' dir='ltr'>Auferatur</span> <span class='ocrx_word' id='word_1_796' title='bbox 2297 4299 2514 4357; x_wconf 77' lang='lat' dir='ltr'>clamor</span> <span class='ocrx_word' id='word_1_797' title='bbox 2543 4303 2614 4358; x_wconf 92' lang='lat' dir='ltr'>de</span> <span class='ocrx_word' id='word_1_798' title='bbox 2642 4305 2834 4362; x_wconf 90' lang='lat' dir='ltr'>medio</span> <span class='ocrx_word' id='word_1_799' title='bbox 2885 4307 3065 4363; x_wconf 89' lang='lat' dir='ltr'>vestri</span> <span class='ocrx_word' id='word_1_800' title='bbox 3117 4308 3270 4380; x_wconf 85' lang='lat' dir='ltr'>(Eph.</span> <span class='ocrx_word' id='word_1_801' title='bbox 3303 4307 3399 4378; x_wconf 80' lang='lat' dir='ltr'>tv).</span> <span class='ocrx_word' id='word_1_802' title='bbox 3434 4305 3611 4368; x_wconf 84' lang='lat' dir='ltr'>Quasi</span> 
     </span>
    </p>
   </div>
   <div class='ocr_carea' id='block_1_105' title="bbox 1959 4388 3614 4466">
    <p class='ocr_par' dir='ltr' id='par_1_105' title="bbox 1959 4388 3614 4466">
     <span class='ocr_line' id='line_1_105' title="bbox 1959 4388 3614 4466; baseline 0.001 -20"><span class='ocrx_word' id='word_1_803' title='bbox 1959 4390 2150 4446; x_wconf 86' lang='lat' dir='ltr'>dicat:</span> <span class='ocrx_word' id='word_1_804' title='bbox 2182 4388 2362 4445; x_wconf 85' lang='lat' dir='ltr'>Video</span> <span class='ocrx_word' id='word_1_805' title='bbox 2393 4406 2523 4447; x_wconf 89' lang='lat' dir='ltr'>esse</span> <span class='ocrx_word' id='word_1_806' title='bbox 2554 4409 2668 4448; x_wconf 90' lang='lat' dir='ltr'>non</span> <span class='ocrx_word' id='word_1_807' title='bbox 2699 4410 2894 4466; x_wconf 89' lang='lat' dir='ltr'>posse,</span> <span class='ocrx_word' id='word_1_808' title='bbox 2927 4397 2994 4450; x_wconf 81' lang='lat' dir='ltr'>ut</span> <span class='ocrx_word' id='word_1_809' title='bbox 3041 4396 3281 4450; x_wconf 90' lang='lat' dir='ltr'>omnino</span> <span class='ocrx_word' id='word_1_810' title='bbox 3313 4396 3614 4449; x_wconf 81' lang='lat' dir='ltr'>auferatur</span> 
     </span>
    </p>
   </div>
   <div class='ocr_carea' id='block_1_106' title="bbox 1959 4478 3611 4552">
    <p class='ocr_par' dir='ltr' id='par_1_106' title="bbox 1959 4478 3611 4552">
     <span class='ocr_line' id='line_1_106' title="bbox 1959 4478 3611 4552; baseline 0.001 -18"><span class='ocrx_word' id='word_1_811' title='bbox 1959 4478 2243 4552; x_wconf 85' lang='lat' dir='ltr'>iniquitas</span> <span class='ocrx_word' id='word_1_812' title='bbox 2266 4495 2301 4535; x_wconf 88' lang='lat' dir='ltr'>a</span> <span class='ocrx_word' id='word_1_813' title='bbox 2322 4479 2488 4535; x_wconf 90' lang='lat' dir='ltr'>vobis</span> <span class='ocrx_word' id='word_1_814' title='bbox 2514 4498 2526 4549; x_wconf 89' lang='lat'><strong>;</strong></span> <span class='ocrx_word' id='word_1_815' title='bbox 2553 4482 2653 4537; x_wconf 90' lang='lat' dir='ltr'>sed</span> <span class='ocrx_word' id='word_1_816' title='bbox 2678 4486 2874 4539; x_wconf 87' lang='lat' dir='ltr'>cavete</span> <span class='ocrx_word' id='word_1_817' title='bbox 2894 4482 3084 4551; x_wconf 88' lang='lat' dir='ltr'>vobis,</span> <span class='ocrx_word' id='word_1_818' title='bbox 3117 4498 3189 4537; x_wconf 89' lang='lat' dir='ltr'>ne</span> <span class='ocrx_word' id='word_1_819' title='bbox 3209 4480 3434 4537; x_wconf 89' lang='lat' dir='ltr'>clamor</span> <span class='ocrx_word' id='word_1_820' title='bbox 3454 4481 3532 4537; x_wconf 87' lang='lat' dir='ltr'>sit</span> <span class='ocrx_word' id='word_1_821' title='bbox 3551 4480 3611 4536; x_wconf 90' lang='lat' dir='ltr'>in</span> 
     </span>
    </p>
   </div>
   <div class='ocr_carea' id='block_1_107' title="bbox 1958 4568 3616 4643">
    <p class='ocr_par' dir='ltr' id='par_1_107' title="bbox 1958 4568 3616 4643">
     <span class='ocr_line' id='line_1_107' title="bbox 1958 4568 3616 4643; baseline 0.001 -17"><span class='ocrx_word' id='word_1_822' title='bbox 1958 4568 2146 4639; x_wconf 91' lang='lat' dir='ltr'>vobis,</span> <span class='ocrx_word' id='word_1_823' title='bbox 2169 4568 2228 4624; x_wconf 82' lang='lat' dir='ltr'>id</span> <span class='ocrx_word' id='word_1_824' title='bbox 2251 4572 2360 4636; x_wconf 85' lang='lat' dir='ltr'>est,</span> <span class='ocrx_word' id='word_1_825' title='bbox 2387 4585 2458 4625; x_wconf 90' lang='lat' dir='ltr'>ne</span> <span class='ocrx_word' id='word_1_826' title='bbox 2480 4570 2811 4643; x_wconf 81' lang='lat' dir='ltr'>exemplum</span> <span class='ocrx_word' id='word_1_827' title='bbox 2835 4570 2967 4629; x_wconf 88' lang='lat' dir='ltr'>sitis</span> <span class='ocrx_word' id='word_1_828' title='bbox 2983 4570 3114 4627; x_wconf 89' lang='lat' dir='ltr'>aliis</span> <span class='ocrx_word' id='word_1_829' title='bbox 3130 4570 3429 4643; x_wconf 89' lang='lat' dir='ltr'>peccandi.</span> <span class='ocrx_word' id='word_1_830' title='bbox 3451 4570 3616 4627; x_wconf 92' lang='lat' dir='ltr'>Unde</span> 
     </span>
    </p>
   </div>
   <div class='ocr_carea' id='block_1_108' title="bbox 1966 4656 3617 4726">
    <p class='ocr_par' dir='ltr' id='par_1_108' title="bbox 1966 4656 3617 4726">
     <span class='ocr_line' id='line_1_108' title="bbox 1966 4656 3617 4726; baseline -0.001 -10"><span class='ocrx_word' id='word_1_831' title='bbox 1966 4658 2155 4716; x_wconf 88' lang='lat' dir='ltr'>alius:</span> <span class='ocrx_word' id='word_1_832' title='bbox 2220 4656 2338 4713; x_wconf 88' lang='lat' dir='ltr'>Etsi</span> <span class='ocrx_word' id='word_1_833' title='bbox 2384 4675 2499 4714; x_wconf 91' lang='lat' dir='ltr'>non</span> <span class='ocrx_word' id='word_1_834' title='bbox 2557 4664 2739 4726; x_wconf 88' lang='lat' dir='ltr'>caste,</span> <span class='ocrx_word' id='word_1_835' title='bbox 2798 4663 2997 4715; x_wconf 86' lang='lat' dir='ltr'>tamen</span> <span class='ocrx_word' id='word_1_836' title='bbox 3045 4668 3244 4722; x_wconf 79' lang='lat' dir='ltr'>caute.</span> <span class='ocrx_word' id='word_1_837' title='bbox 3296 4660 3373 4716; x_wconf 87' lang='lat' dir='ltr'>Ne</span> <span class='ocrx_word' id='word_1_838' title='bbox 3400 4663 3617 4716; x_wconf 76' lang='lat' dir='ltr'>avertas</span> 
     </span>
    </p>
   </div>
   <div class='ocr_carea' id='block_1_109' title="bbox 1967 4748 3617 4824">
    <p class='ocr_par' dir='ltr' id='par_1_109' title="bbox 1967 4748 3617 4824">
     <span class='ocr_line' id='line_1_109' title="bbox 1967 4748 3617 4824; baseline 0.001 -20"><span class='ocrx_word' id='word_1_839' title='bbox 1967 4748 2175 4824; x_wconf 84' lang='lat' dir='ltr'>faciem</span> <span class='ocrx_word' id='word_1_840' title='bbox 2205 4751 2358 4803; x_wconf 85' lang='lat' dir='ltr'>tuam</span> <span class='ocrx_word' id='word_1_841' title='bbox 2377 4764 2411 4804; x_wconf 89' lang='lat' dir='ltr'>a</span> <span class='ocrx_word' id='word_1_842' title='bbox 2431 4765 2520 4803; x_wconf 89' lang='lat' dir='ltr'>me</span> <span class='ocrx_word' id='word_1_843' title='bbox 2547 4748 2878 4817; x_wconf 89' lang='lat' dir='ltr'>bumiliato,</span> <span class='ocrx_word' id='word_1_844' title='bbox 2902 4750 3043 4821; x_wconf 88' lang='lat' dir='ltr'>quia</span> <span class='ocrx_word' id='word_1_845' title='bbox 3060 4748 3319 4814; x_wconf 86' lang='lat' dir='ltr'>avertisti</span> <span class='ocrx_word' id='word_1_846' title='bbox 3341 4750 3413 4805; x_wconf 87' lang='lat' dir='ltr'>ab</span> <span class='ocrx_word' id='word_1_847' title='bbox 3431 4750 3617 4805; x_wconf 86' lang='lat' dir='ltr'>Adam</span> 
     </span>
    </p>
   </div>
   <div class='ocr_carea' id='block_1_110' title="bbox 1972 4836 3623 4908">
    <p class='ocr_par' dir='ltr' id='par_1_110' title="bbox 1972 4836 3623 4908">
     <span class='ocr_line' id='line_1_110' title="bbox 1972 4836 3623 4908; baseline -0.002 -14"><span class='ocrx_word' id='word_1_848' title='bbox 1972 4836 2145 4894; x_wconf 86' lang='lat' dir='ltr'>elato.</span> <span class='ocrx_word' id='word_1_849' title='bbox 2178 4839 2241 4893; x_wconf 85' lang='lat' dir='ltr'>In</span> <span class='ocrx_word' id='word_1_850' title='bbox 2264 4853 2593 4908; x_wconf 83' lang='lat' dir='ltr'>quacunque</span> <span class='ocrx_word' id='word_1_851' title='bbox 2611 4837 2703 4894; x_wconf 87' lang='lat' dir='ltr'>die</span> <span class='ocrx_word' id='word_1_852' title='bbox 2743 4837 2984 4894; x_wconf 86' lang='lat' dir='ltr'>tribulor</span> <span class='ocrx_word' id='word_1_853' title='bbox 3021 4837 3081 4893; x_wconf 89' lang='lat' dir='ltr'>in</span> <span class='ocrx_word' id='word_1_854' title='bbox 3113 4842 3281 4905; x_wconf 86' lang='lat' dir='ltr'>meis,</span> <span class='ocrx_word' id='word_1_855' title='bbox 3313 4838 3531 4894; x_wconf 81' lang='lat' dir='ltr'>inclina</span> <span class='ocrx_word' id='word_1_856' title='bbox 3551 4836 3623 4891; x_wconf 86' lang='lat' dir='ltr'>ad</span> 
     </span>
    </p>
   </div>
   <div class='ocr_carea' id='block_1_111' title="bbox 1973 4927 3620 5001">
    <p class='ocr_par' dir='ltr' id='par_1_111' title="bbox 1973 4927 3620 5001">
     <span class='ocr_line' id='line_1_111' title="bbox 1973 4927 3620 5001; baseline -0.001 -18"><span class='ocrx_word' id='word_1_857' title='bbox 1973 4942 2271 4983; x_wconf 84' lang='lat' dir='ltr'>meaurem</span> <span class='ocrx_word' id='word_1_858' title='bbox 2290 4930 2463 4981; x_wconf 85' lang='lat' dir='ltr'>tuam.</span> <span class='ocrx_word' id='word_1_859' title='bbox 2488 4927 2631 4982; x_wconf 88' lang='lat' dir='ltr'>Ecce</span> <span class='ocrx_word' id='word_1_860' title='bbox 2653 4928 2780 4998; x_wconf 87' lang='lat' dir='ltr'>jam</span> <span class='ocrx_word' id='word_1_861' title='bbox 2811 4931 2903 4984; x_wconf 88' lang='lat' dir='ltr'>est</span> <span class='ocrx_word' id='word_1_862' title='bbox 2943 4931 3118 5001; x_wconf 88' lang='lat' dir='ltr'>caput</span> <span class='ocrx_word' id='word_1_863' title='bbox 3148 4931 3416 4984; x_wconf 87' lang='lat' dir='ltr'>nostrum</span> <span class='ocrx_word' id='word_1_864' title='bbox 3447 4941 3620 4996; x_wconf 88' lang='lat' dir='ltr'>supe-</span> 
     </span>
    </p>
   </div>
   <div class='ocr_carea' id='block_1_112' title="bbox 1973 5012 3623 5089">
    <p class='ocr_par' dir='ltr' id='par_1_112' title="bbox 1973 5012 3623 5089">
     <span class='ocr_line' id='line_1_112' title="bbox 1973 5012 3623 5089; baseline -0.002 -19"><span class='ocrx_word' id='word_1_865' title='bbox 1973 5015 2120 5085; x_wconf 89' lang='lat' dir='ltr'>rius,</span> <span class='ocrx_word' id='word_1_866' title='bbox 2153 5019 2209 5070; x_wconf 90' lang='lat' dir='ltr'>et</span> <span class='ocrx_word' id='word_1_867' title='bbox 2238 5014 2381 5070; x_wconf 87' lang='lat' dir='ltr'>dicit</span> <span class='ocrx_word' id='word_1_868' title='bbox 2409 5030 2471 5070; x_wconf 87' lang='lat' dir='ltr'>se</span> <span class='ocrx_word' id='word_1_869' title='bbox 2502 5014 2794 5071; x_wconf 88' lang='lat' dir='ltr'>tribulari.</span> <span class='ocrx_word' id='word_1_870' title='bbox 2838 5015 2946 5073; x_wconf 90' lang='lat' dir='ltr'>Ubi</span> <span class='ocrx_word' id='word_1_871' title='bbox 2978 5032 3114 5089; x_wconf 89' lang='lat' dir='ltr'>ergo</span> <span class='ocrx_word' id='word_1_872' title='bbox 3144 5014 3476 5080; x_wconf 88' lang='lat' dir='ltr'>tribulator,</span> <span class='ocrx_word' id='word_1_873' title='bbox 3507 5012 3623 5068; x_wconf 89' lang='lat' dir='ltr'>nisi</span> 
     </span>
    </p>
   </div>
   <div class='ocr_carea' id='block_1_113' title="bbox 1974 5100 3627 5177">
    <p class='ocr_par' dir='ltr' id='par_1_113' title="bbox 1974 5100 3627 5177">
     <span class='ocr_line' id='line_1_113' title="bbox 1974 5100 3627 5177; baseline -0.001 -18"><span class='ocrx_word' id='word_1_874' title='bbox 1974 5104 2035 5160; x_wconf 92' lang='lat' dir='ltr'>in</span> <span class='ocrx_word' id='word_1_875' title='bbox 2068 5103 2355 5176; x_wconf 86' lang='lat' dir='ltr'>corpore?</span> <span class='ocrx_word' id='word_1_876' title='bbox 2384 5102 2546 5167; x_wconf 88' lang='lat' dir='ltr'>Quod</span> <span class='ocrx_word' id='word_1_877' title='bbox 2579 5103 2638 5158; x_wconf 90' lang='lat' dir='ltr'>in</span> <span class='ocrx_word' id='word_1_878' title='bbox 2669 5121 2909 5177; x_wconf 89' lang='lat' dir='ltr'>corpore</span> <span class='ocrx_word' id='word_1_879' title='bbox 2953 5102 3285 5167; x_wconf 83' lang='lat' dir='ltr'>tribuletur,</span> <span class='ocrx_word' id='word_1_880' title='bbox 3318 5100 3627 5158; x_wconf 86' lang='lat' dir='ltr'>manifeste</span> 
     </span>
    </p>
   </div>
   <div class='ocr_carea' id='block_1_114' title="bbox 1975 5189 3630 5269">
    <p class='ocr_par' dir='ltr' id='par_1_114' title="bbox 1975 5189 3630 5269">
     <span class='ocr_line' id='line_1_114' title="bbox 1975 5189 3630 5269; baseline -0.002 -20"><span class='ocrx_word' id='word_1_881' title='bbox 1975 5195 2226 5267; x_wconf 86' lang='lat' dir='ltr'>ipsemet</span> <span class='ocrx_word' id='word_1_882' title='bbox 2268 5192 2542 5259; x_wconf 89' lang='lat' dir='ltr'>ostendit,</span> <span class='ocrx_word' id='word_1_883' title='bbox 2592 5192 2835 5269; x_wconf 78' lang='lat' dir='ltr'>dicens:</span> <span class='ocrx_word' id='word_1_884' title='bbox 2883 5193 3074 5260; x_wconf 83' lang='lat' dir='ltr'>Saule,</span> <span class='ocrx_word' id='word_1_885' title='bbox 3127 5192 3312 5259; x_wconf 86' lang='lat' dir='ltr'>Saule,</span> <span class='ocrx_word' id='word_1_886' title='bbox 3362 5189 3496 5263; x_wconf 87' lang='lat' dir='ltr'>quid</span> <span class='ocrx_word' id='word_1_887' title='bbox 3542 5205 3630 5245; x_wconf 85' lang='lat' dir='ltr'>me</span> 
     </span>
    </p>
   </div>
   <div class='ocr_carea' id='block_1_115' title="bbox 1971 5279 3628 5356">
    <p class='ocr_par' dir='ltr' id='par_1_115' title="bbox 1971 5279 3628 5356">
     <span class='ocr_line' id='line_1_115' title="bbox 1971 5279 3628 5356; baseline -0.004 -17"><span class='ocrx_word' id='word_1_888' title='bbox 1971 5282 2312 5356; x_wconf 82' lang='lat' dir='ltr'>persequeris</span> <span class='ocrx_word' id='word_1_889' title='bbox 2333 5283 2358 5334; x_wconf 71' lang='lat'>.9</span> <span class='ocrx_word' id='word_1_890' title='bbox 2387 5281 2523 5353; x_wconf 82' lang='lat' dir='ltr'>(Act.</span> <span class='ocrx_word' id='word_1_891' title='bbox 2559 5282 2659 5354; x_wconf 64' lang='grc' dir='ltr'><strong>ιζ.)</strong></span> <span class='ocrx_word' id='word_1_892' title='bbox 2690 5283 2757 5338; x_wconf 86' lang='lat' dir='ltr'>Et</span> <span class='ocrx_word' id='word_1_893' title='bbox 2783 5281 2947 5339; x_wconf 90' lang='lat' dir='ltr'>Petro</span> <span class='ocrx_word' id='word_1_894' title='bbox 2969 5281 3113 5338; x_wconf 88' lang='lat' dir='ltr'>dicit</span> <span class='ocrx_word' id='word_1_895' title='bbox 3140 5298 3152 5338; x_wconf 93' lang='lat'>:</span> <span class='ocrx_word' id='word_1_896' title='bbox 3177 5279 3358 5336; x_wconf 91' lang='lat' dir='ltr'>Venio</span> <span class='ocrx_word' id='word_1_897' title='bbox 3382 5280 3628 5336; x_wconf 82' lang='lat' dir='ltr'>Romam</span> 
     </span>
    </p>
   </div>
   <div class='ocr_carea' id='block_1_116' title="bbox 1978 5368 3633 5444">
    <p class='ocr_par' dir='ltr' id='par_1_116' title="bbox 1978 5368 3633 5444">
     <span class='ocr_line' id='line_1_116' title="bbox 1978 5368 3633 5444; baseline -0.004 -15"><span class='ocrx_word' id='word_1_898' title='bbox 1978 5374 2191 5429; x_wconf 88' lang='lat' dir='ltr'>iterum</span> <span class='ocrx_word' id='word_1_899' title='bbox 2215 5370 2500 5443; x_wconf 87' lang='lat' dir='ltr'>cruciﬁgi.</span> <span class='ocrx_word' id='word_1_900' title='bbox 2527 5369 2689 5434; x_wconf 91' lang='lat' dir='ltr'>Quod</span> <span class='ocrx_word' id='word_1_901' title='bbox 2725 5370 2886 5427; x_wconf 88' lang='lat' dir='ltr'>dicit.</span> <span class='ocrx_word' id='word_1_902' title='bbox 2912 5372 2974 5428; x_wconf 84' lang='lat' dir='ltr'>In</span> <span class='ocrx_word' id='word_1_903' title='bbox 3013 5386 3335 5444; x_wconf 85' lang='lat' dir='ltr'>quacunque</span> <span class='ocrx_word' id='word_1_904' title='bbox 3354 5368 3442 5424; x_wconf 86' lang='lat' dir='ltr'>die</span> <span class='ocrx_word' id='word_1_905' title='bbox 3461 5369 3633 5423; x_wconf 85' lang='lat' dir='ltr'>tribu-</span> 
     </span>
    </p>
   </div>
   <div class='ocr_carea' id='block_1_117' title="bbox 1979 5456 3633 5528">
    <p class='ocr_par' dir='ltr' id='par_1_117' title="bbox 1979 5456 3633 5528">
     <span class='ocr_line' id='line_1_117' title="bbox 1979 5456 3633 5528; baseline -0.004 -10"><span class='ocrx_word' id='word_1_906' title='bbox 1979 5463 2083 5528; x_wconf 77' lang='grc' dir='ltr'>ιον,</span> <span class='ocrx_word' id='word_1_907' title='bbox 2107 5460 2323 5516; x_wconf 83' lang='lat' dir='ltr'>inclina</span> <span class='ocrx_word' id='word_1_908' title='bbox 2342 5459 2412 5514; x_wconf 85' lang='lat' dir='ltr'>ad</span> <span class='ocrx_word' id='word_1_909' title='bbox 2432 5477 2521 5515; x_wconf 86' lang='lat' dir='ltr'>me</span> <span class='ocrx_word' id='word_1_910' title='bbox 2567 5477 2761 5517; x_wconf 83' lang='lat' dir='ltr'>aurem</span> <span class='ocrx_word' id='word_1_911' title='bbox 2801 5466 2975 5525; x_wconf 83' lang='lat' dir='ltr'>tuam,</span> <span class='ocrx_word' id='word_1_912' title='bbox 3025 5460 3080 5515; x_wconf 89' lang='lat' dir='ltr'>id</span> <span class='ocrx_word' id='word_1_913' title='bbox 3115 5464 3224 5525; x_wconf 91' lang='lat' dir='ltr'>est,</span> <span class='ocrx_word' id='word_1_914' title='bbox 3256 5458 3371 5513; x_wconf 88' lang='lat' dir='ltr'>vim</span> <span class='ocrx_word' id='word_1_915' title='bbox 3398 5456 3633 5513; x_wconf 79' lang='lat' dir='ltr'>exaudi-</span> 
     </span>
    </p>
   </div>
   <div class='ocr_carea' id='block_1_118' title="bbox 1978 5545 3632 5621">
    <p class='ocr_par' dir='ltr' id='par_1_118' title="bbox 1978 5545 3632 5621">
     <span class='ocr_line' id='line_1_118' title="bbox 1978 5545 3632 5621; baseline -0.005 -12"><span class='ocrx_word' id='word_1_916' title='bbox 1978 5550 2155 5609; x_wconf 86' lang='lat' dir='ltr'>tionis</span> <span class='ocrx_word' id='word_1_917' title='bbox 2178 5549 2335 5621; x_wconf 87' lang='lat' dir='ltr'>apud</span> <span class='ocrx_word' id='word_1_918' title='bbox 2358 5552 2414 5604; x_wconf 89' lang='lat' dir='ltr'>te</span> <span class='ocrx_word' id='word_1_919' title='bbox 2436 5547 2693 5605; x_wconf 87' lang='lat' dir='ltr'>obtineat</span> <span class='ocrx_word' id='word_1_920' title='bbox 2715 5548 2901 5606; x_wconf 87' lang='lat' dir='ltr'>oratio</span> <span class='ocrx_word' id='word_1_921' title='bbox 2924 5566 3073 5606; x_wconf 89' lang='lat' dir='ltr'>mea.</span> <span class='ocrx_word' id='word_1_922' title='bbox 3099 5549 3243 5603; x_wconf 87' lang='lat' dir='ltr'>Cum</span> <span class='ocrx_word' id='word_1_923' title='bbox 3258 5563 3362 5619; x_wconf 82' lang='lat' dir='ltr'>ego</span> <span class='ocrx_word' id='word_1_924' title='bbox 3384 5545 3632 5601; x_wconf 87' lang='lat' dir='ltr'>bumilio</span> 
     </span>
    </p>
   </div>
   <div class='ocr_carea' id='block_1_119' title="bbox 1983 5635 3635 5713">
    <p class='ocr_par' dir='ltr' id='par_1_119' title="bbox 1983 5635 3635 5713">
     <span class='ocr_line' id='line_1_119' title="bbox 1983 5635 3635 5713; baseline -0.004 -15"><span class='ocrx_word' id='word_1_925' title='bbox 1983 5657 2096 5708; x_wconf 89' lang='lat' dir='ltr'>me,</span> <span class='ocrx_word' id='word_1_926' title='bbox 2122 5638 2292 5711; x_wconf 86' lang='lat' dir='ltr'>quasi</span> <span class='ocrx_word' id='word_1_927' title='bbox 2316 5654 2409 5694; x_wconf 90' lang='lat' dir='ltr'>me</span> <span class='ocrx_word' id='word_1_928' title='bbox 2431 5638 2641 5694; x_wconf 86' lang='lat' dir='ltr'>extollo</span> <span class='ocrx_word' id='word_1_929' title='bbox 2665 5655 2678 5693; x_wconf 90' lang='lat'>:</span> <span class='ocrx_word' id='word_1_930' title='bbox 2707 5644 2769 5695; x_wconf 88' lang='lat' dir='ltr'>tu</span> <span class='ocrx_word' id='word_1_931' title='bbox 2808 5639 2979 5713; x_wconf 85' lang='lat' dir='ltr'>longe</span> <span class='ocrx_word' id='word_1_932' title='bbox 3017 5655 3133 5695; x_wconf 90' lang='lat' dir='ltr'>non</span> <span class='ocrx_word' id='word_1_933' title='bbox 3175 5637 3255 5693; x_wconf 87' lang='lat' dir='ltr'>sis</span> <span class='ocrx_word' id='word_1_934' title='bbox 3277 5653 3312 5693; x_wconf 88' lang='lat' dir='ltr'>a</span> <span class='ocrx_word' id='word_1_935' title='bbox 3334 5652 3445 5702; x_wconf 88' lang='lat' dir='ltr'>me,</span> <span class='ocrx_word' id='word_1_936' title='bbox 3468 5635 3516 5691; x_wconf 88' lang='lat' dir='ltr'>si</span> <span class='ocrx_word' id='word_1_937' title='bbox 3540 5650 3635 5692; x_wconf 88' lang='lat' dir='ltr'>me</span> 
     </span>
    </p>
   </div>
   <div class='ocr_carea' id='block_1_120' title="bbox 1980 5728 3637 5809">
    <p class='ocr_par' dir='ltr' id='par_1_120' title="bbox 1980 5728 3637 5809">
     <span class='ocr_line' id='line_1_120' title="bbox 1980 5728 3637 5809; baseline -0.003 -22"><span class='ocrx_word' id='word_1_938' title='bbox 1980 5728 2252 5797; x_wconf 85' lang='lat' dir='ltr'>humilio,</span> <span class='ocrx_word' id='word_1_939' title='bbox 2274 5731 2337 5784; x_wconf 93' lang='lat' dir='ltr'>tu</span> <span class='ocrx_word' id='word_1_940' title='bbox 2360 5728 2573 5784; x_wconf 81' lang='lat' dir='ltr'>inclina</span> <span class='ocrx_word' id='word_1_941' title='bbox 2592 5728 2662 5784; x_wconf 87' lang='lat' dir='ltr'>ad</span> <span class='ocrx_word' id='word_1_942' title='bbox 2681 5745 2771 5785; x_wconf 77' lang='lat' dir='ltr'>me</span> <span class='ocrx_word' id='word_1_943' title='bbox 2808 5744 3000 5809; x_wconf 70' lang='lat' dir='ltr'>aurem</span> <span class='ocrx_word' id='word_1_944' title='bbox 3022 5732 3196 5785; x_wconf 86' lang='lat' dir='ltr'>tuam.</span> <span class='ocrx_word' id='word_1_945' title='bbox 3222 5729 3285 5784; x_wconf 82' lang='lat' dir='ltr'>In</span> <span class='ocrx_word' id='word_1_946' title='bbox 3314 5740 3637 5800; x_wconf 82' lang='lat' dir='ltr'>quacunque</span> 
     </span>
    </p>
   </div>
  </div>
