4024 6192
391 344 512 408 659

973 345 1272 408 REMIGII
1316 342 2060 407 ANTISSIODORENSIS
2104 340 2274 403 OPP.
2325 341 2523 403 PARS
2567 341 2614 400 l.
2650 371 2726 386 --
2753 337 3223 402 EXEGETICA.

3676 331 3814 396 660

391 477 482 535 die
513 478 828 535 invocavero
858 479 991 535 tein
1024 480 1190 547 meis,
1235 480 1489 535 velociter
1519 479 1574 534 id
1630 483 1738 546 est,
1773 475 2035 543 indilate,
2070 477 2123 542 Α
2154 491 2280 530 voce
2307 476 2540 543 gemitus
2587 476 2718 536 mei,
2766 490 2901 529 voce
2948 473 3216 529 videlicet
3245 469 3558 545 serpentis,
3587 469 3661 526 de
3685 487 3812 542 qua

395 567 1010 625 exaudime.Velociter
1033 569 1182 640 ideo,
1203 568 1341 641 quia
1364 586 1490 640 quae
1515 574 1578 624 tu
1601 567 1708 634 vis,
1733 567 2000 622 desidero
2027 582 2038 619 :

397 657 538 730 quia
559 673 673 712 non
689 657 815 728 jam
837 662 1105 713 terrenus
1126 661 1358 714 terrena
1377 658 1664 726 desidero,
1686 657 1783 712 sed
1805 673 1836 710 a
1856 655 2046 727 prima

400 747 736 820 captivitate
759 746 1058 813 liberatus,
1085 746 1343 802 coelestia
1367 746 1632 802 desidero
1668 763 1680 800 :
1706 746 1775 800 de
1797 762 1913 818 quo
1945 745 2046 800 de-

401 835 617 893 siderio
661 840 724 891 tu
771 835 897 908 ipse
949 836 1220 892 dicebas:
1273 836 1427 908 Apud
1484 844 1532 891 te
1589 837 1899 907 loquentem
1929 850 2048 890 ecce

402 925 620 980 adsum.
637 926 722 981 Tu
739 941 873 996 ergo
895 942 1117 997 pauper
1138 925 1238 998 qui
1255 925 1417 996 jaces
1441 929 1575 980 ante
1581 926 1829 996 januam
1851 922 2046 978 divitis

405 1013 529 1079 Dei,
561 1013 692 1069 dic:
727 1013 851 1078 Qua
889 1019 1144 1086 egestate
1195 1014 1510 1080 mendicas,
1563 1030 1680 1086 qua
1727 1011 2049 1084 indigentia

405 1101 610 1174 pulsas
631 1102 658 1158 ?
695 1103 790 1158 Dic
823 1106 884 1158 ut
913 1103 1210 1174 aperiatur
1239 1103 1345 1158 tibi
1394 1103 1632 1158 ostium.
1677 1104 1817 1171 Quia
1845 1101 2050 1172 defece-

404 1199 540 1248 runt
567 1194 710 1248 sicut
744 1194 930 1263 fumus
958 1193 1073 1247 dies
1097 1194 1225 1247 mei.
1261 1193 1438 1256 Quasi
1470 1192 1660 1248 dicat:
1688 1192 1846 1263 Opus
1871 1194 1960 1246 est
1989 1194 2054 1244 ut

404 1280 676 1337 velociter
705 1281 980 1337 exaudias
1005 1298 1097 1336 me
1118 1281 1176 1336 in
1201 1281 1370 1346 meis,
1404 1281 1543 1352 quia
1579 1281 1692 1336 dies
1724 1283 1853 1347 mei,
1886 1281 1942 1334 id
1966 1283 2054 1336 est

408 1385 695 1436 meorum,
727 1368 1052 1441 defecerunt,
1086 1369 1143 1424 id
1176 1374 1282 1439 est,
1316 1369 1387 1423 ad
1431 1370 1718 1424 defectum
1750 1372 2052 1438 venerunt,

408 1458 563 1514 sicut
582 1460 769 1529 fumus
801 1457 858 1513 in
893 1457 1076 1513 altum
1101 1459 1443 1524 ascendens,
1468 1463 1524 1513 et
1545 1458 1658 1513 cito
1682 1473 2051 1513 evanescens.

407 1547 502 1604 Sic
524 1547 759 1620 superbi
784 1547 1053 1603 homines
1076 1548 1422 1618 ascendunt,
1447 1547 1504 1602 id
1526 1552 1615 1603 est
1633 1550 2056 1603 tumescuntzet

407 1635 538 1691 ideo
563 1652 682 1692 ossa
715 1653 838 1691 mea
889 1641 951 1691 ut
978 1637 1245 1691 cremium
1270 1640 1554 1692 aruerunt.
1609 1635 1755 1692 Ossa
1784 1634 2059 1690 dicuntur

410 1725 678 1782 fortiores
700 1725 756 1779 in
784 1725 1056 1796 Ecclesia,
1084 1725 1220 1796 quia
1243 1726 1394 1781 sicut
1415 1743 1547 1780 caro
1580 1742 1705 1797 quae
1732 1724 1924 1780 mollis
1948 1729 2057 1790 est,

410 1819 777 1872 sustentatur
793 1814 1027 1870 ossibus
1045 1815 1261 1886 quibus
1284 1814 1540 1870 adhzeret
1566 1832 1578 1870 :
1605 1815 1688 1868 ita
1707 1812 2059 1869 inﬁrmiores

410 1904 472 1959 in
486 1903 744 1960 Ecclesia
755 1904 1054 1960 adhaerent
1069 1903 1342 1976 perfectio
1351 1904 1535 1974 ribus,
1551 1905 1689 1960 etab
1729 1903 1814 1959 eis
1827 1920 1894 1959 su
1905 1906 2059 1958 sten-

412 1997 640 2061 tantur;
656 1992 1002 2064 etquoniam
1017 1992 1397 2048 multitudinis
1417 1993 1758 2048 credentium
1778 2007 1873 2048 cor
1890 1991 2061 2046 debet

414 2098 542 2139 esse
553 2098 726 2137 unum
740 2090 791 2136 et
802 2083 996 2136 anima
1006 2098 1121 2136 una
1135 2081 1269 2153 (Act.
1285 2081 1383 2152 1v),
1399 2097 1549 2152 saepe
1568 2078 1931 2151 contingitut
1949 2079 2064 2133 for-

415 2171 592 2229 tiores
607 2171 664 2225 in
678 2170 1322 2236 Ecclesia,condolendo
1337 2169 1691 2242 imperfectis
1707 2185 1854 2240 quos
1867 2167 2067 2222 vident

412 2260 707 2318 incurrere
738 2258 1103 2326 scandalum,
1139 2259 1308 2332 quasi
1341 2258 1487 2315 aridi
1537 2261 1875 2330 appareant,
1901 2256 2056 2311 sicut

414 2352 680 2406 cremium
699 2349 853 2421 quod
873 2349 1094 2404 siccum
1108 2353 1371 2404 remanet
1387 2348 1444 2402 in
1463 2347 1772 2418 sartagine,
1788 2344 2064 2418 expresso

305 2478 318 2496 ι
417 2439 882 2511 sagimine.Nam
896 2455 1148 2511 magnus
1161 2437 1426 2494 estdolor
1438 2436 1708 2508 perfectis
1722 2434 2065 2503 inEcclesia,

419 2527 1349 2598 quandovidentminuseruditos
1380 2525 1724 2582 scandalum
1749 2525 2066 2580 incurrere.

419 2613 514 2670 Vel
527 2613 694 2669 aliter
705 2614 860 2685 quod
874 2614 909 2668 d
919 2613 1088 2678 icit,et
1103 2631 1226 2670 ossa
1243 2629 1361 2668 mea
1371 2615 1510 2668 sicut
1525 2615 1788 2669 cremium
1801 2618 2070 2668 aruerunt

420 2705 478 2760 et
507 2702 617 2758 hoc
646 2702 834 2757 unde:
867 2704 1163 2758 Percussus
1205 2719 1329 2756 sum
1377 2702 1434 2755 in
1489 2701 1674 2772 primo
1725 2705 1984 2772 parente,
2016 2707 2071 2754 et

422 2791 580 2849 aruit
597 2807 689 2847 cor
707 2807 912 2858 meum,
939 2791 994 2846 id
1018 2795 1127 2857 est,
1168 2791 1345 2847 robur
1367 2788 1606 2844 rationis
1631 2806 1893 2845 meorum
1917 2788 2071 2844 sicut

421 2884 615 2954 fenum
643 2882 799 2953 quod
831 2881 1003 2937 hodie
1034 2884 1140 2947 est,
1175 2884 1233 2935 et
1283 2896 1411 2935 cras
1459 2879 1518 2933 in
1551 2878 1849 2934 clibanum
1882 2877 2068 2932 mitti-

423 2975 522 3026 tur
551 2971 754 3040 (Matth.
787 2971 905 3042 v1):
942 2974 1000 3024 et
1021 2985 1200 3041 quare
1249 2968 1308 3022 in
1334 2967 1523 3040 primo
1574 2971 1812 3040 parente
1834 2983 2070 3039 percus-

427 3076 530 3116 sus
562 3076 693 3116 sum
717 3059 745 3113 ‘l
775 3060 921 3128 Quia
955 3059 1154 3113 oblitus
1181 3074 1301 3113 sum
1329 3055 1613 3113 comedere
1639 3072 1840 3128 panem
1866 3073 2068 3124 meum,

427 3149 485 3204 id
515 3152 626 3215 est,
650 3147 862 3204 divinis
887 3146 1190 3219 praeceptis
1239 3146 1453 3216 quibus
1493 3145 1667 3201 homo
1698 3145 1854 3200 refici
1878 3145 2070 3212 debet,

2153 580 2385 635 semper
2414 570 2503 619 est
2531 563 2882 636 gemendum
2919 561 3084 633 meis,
3136 562 3285 617 hanc
3331 560 3575 626 scilicet,
3608 560 3815 616 Come-

2154 652 2272 708 dite
2296 657 2348 708 et
2396 655 2550 709 eritis
2605 655 2748 708 sicut
2802 653 2888 707 dii
2945 651 3100 721 (Gen.
3163 651 3289 723 m):
3331 666 3400 706 ex
3428 650 3539 706 hac
3571 649 3815 707 adhasit

2153 757 2210 797 os
2265 759 2468 812 meum,
2531 742 2587 797 id
2648 746 2755 810 est,
2817 741 3059 797 interior
3088 741 3262 796 homo
3293 756 3476 806 meus,
3507 739 3817 794 consensit

2155 833 2317 886 carni
2339 846 2493 888 meae.
2525 831 2710 886 Adam
2743 830 2900 886 enim
2963 845 3127 885 meus
3162 829 3459 886 consensit
3489 829 3640 900 Eva,
3669 829 3815 900 quia

2157 920 2335 976 robur
2364 919 2775 976 rationalitatis
2833 935 2973 975 mea;
3033 917 3353 974 sensualite
3406 932 3542 973 mea
3572 916 3816 988 depres-

2158 1025 2291 1065 sum
2323 1014 2429 1065 est.
2463 1013 2530 1064 Et
2573 1026 2677 1080 pro
2729 1009 2838 1065 hac
2885 1025 3022 1064 voce
3067 1009 3345 1080 gemitus,
3396 1005 3610 1062 similis
3638 1007 3821 1077 factus

2157 1115 2278 1154 sum
2310 1097 2368 1152 in
2414 1098 2560 1154 meis
2616 1099 2864 1170 pelicano
2921 1097 3258 1164 solitudinis,
3319 1099 3494 1168 factus
3522 1112 3654 1151 sum
3682 1097 3824 1152 sicut

2159 1189 2481 1258 nycticorax
2537 1189 2599 1243 in
2655 1188 2964 1243 domicilio.
3016 1185 3324 1242 Pelicanus
3379 1189 3471 1241 est
3526 1185 3658 1240 avis
3690 1201 3816 1256 qua:

2164 1277 2427 1332 nascitur
2484 1276 2543 1330 in
2597 1275 2738 1348 ripis
2795 1275 2928 1346 Nili,
2985 1292 3192 1332 amans
3248 1274 3678 1331 solitudinem:
3723 1275 3822 1330 ubi

2162 1365 2573 1437 intelliguntur
2637 1365 2823 1420 sancti
2883 1365 3291 1438 praedicatores
3333 1362 3598 1420 volentes
3627 1364 3706 1420 de
3736 1369 3819 1418 ta-

2162 1453 2319 1510 lento
2351 1453 2462 1510 sibi
2493 1455 2811 1510 commisso
2856 1454 3085 1510 lucrum
3129 1453 3375 1509 Domino
3403 1469 3693 1525 quarere,
3740 1459 3821 1509 at-

2162 1544 2470 1600 tendentes
2523 1543 2875 1598 sententiam
2935 1542 3168 1598 Domini
3225 1542 3480 1598 dicenti:
3533 1544 3704 1598 Serve
3732 1559 3825 1600 ne-

2166 1649 2352 1704 quam,
2376 1649 2545 1704 quare
2560 1634 2851 1704 pecuniam
2862 1648 3043 1688 meum
3057 1648 3169 1687 non
3183 1632 3375 1688 dedisti
3401 1633 3823 1703 nummulariis,

2167 1724 2226 1776 ut
2264 1737 2357 1792 ego
2390 1724 2610 1777 veniens
2654 1738 2780 1776 cum
2809 1738 2984 1780 usura
3014 1721 3327 1792 reciperem
3358 1721 3567 1777 illam?
3602 1722 3826 1793 (Matth.

2169 1827 2318 1872 xxv;
2353 1814 2477 1865 Luc.
2507 1810 2648 1881 x1x.)
2707 1810 2776 1865 Et
2831 1810 2940 1865 hoc
2990 1810 3375 1877 attendentes,
3425 1816 3830 1868 conservatae

2172 1916 2234 1954 in
2261 1899 2580 1969 solitudine,
2637 1899 2695 1954 id
2754 1903 2864 1964 est,
2926 1898 2984 1954 in
3044 1899 3236 1955 locum
3295 1898 3584 1972 gentium,
3644 1905 3712 1956 ut
3746 1901 3828 1956 ibi

2172 1988 2400 2045 lucrum
2435 1987 2680 2044 Domino
2704 1992 3004 2061 quaerant:
3035 1989 3185 2044 inter
3209 2005 3356 2060 quos
3387 1989 3556 2061 quasi
3596 1991 3655 2044 in
3687 1989 3828 2045 soli-

2173 2077 2361 2134 tudine
2385 2081 2708 2143 morantur,
2742 2075 2880 2148 quia
2930 2077 3227 2133 neminem
3255 2094 3402 2162 ⁸ειιεε
3450 2082 3628 2134 secta:
3661 2078 3827 2134 inve-

2175 2166 2347 2221 niunt
2375 2166 2474 2221 ibi.
2507 2169 2570 2222 Et
2597 2167 2777 2236 factus
2811 2182 2936 2221 sum
2965 2167 3107 2222 sicut
3153 2167 3481 2237 nycticorax
3511 2169 3571 2222 in
3603 2168 3829 2225 domici-

2176 2256 2270 2311 lio.
2306 2254 2645 2328 Nycticorax
2675 2259 2762 2310 est
2818 2254 2939 2310 avis
2994 2254 3108 2310 alio
3166 2255 3402 2311 nomine
3458 2255 3614 2312 dicta
3644 2257 3828 2324 bubo,

2177 2361 2304 2417 quae
2336 2349 2559 2399 exercet
2587 2348 2825 2399 cantum
2857 2361 3033 2400 suum
3065 2345 3123 2400 in
3174 2349 3366 2411 nocte,
3396 2349 3456 2400 et
3505 2351 3672 2402 amat
3700 2362 3829 2404 esse

2177 2436 2242 2490 in
2270 2433 2572 2498 domicilio,
2605 2433 2662 2488 id
2693 2439 2802 2504 est,
2834 2433 2895 2488 in
2946 2433 3222 2488 domibus
3273 2434 3541 2490 desertis.
3579 2436 3831 2492 Domici-

2179 2521 2324 2577 lium
2357 2527 2446 2578 est
2470 2523 2629 2578 enim
2662 2523 2875 2579 domus
2905 2523 3135 2578 deserta
3163 2527 3222 2578 et
3248 2523 3567 2591 destructa,
3601 2525 3703 2580 ubi
3736 2526 3832 2583 ab-

2177 2609 2294 2665 lato
2325 2615 2477 2666 tecto
2510 2615 2817 2666 remanent
2845 2601 3075 2668 tantum
3107 2612 3382 2685 parietes.
3415 2612 3485 2668 Et
3505 2613 3600 2669 hic
3623 2619 3834 2671 notan-

2179 2702 2278 2754 tur
2310 2699 2716 2770 praedicatores
2747 2700 2925 2755 iidem
2960 2701 3062 2773 qui
3095 2701 3278 2757 notati
3311 2705 3450 2758 sunt
3480 2719 3585 2775 per
3615 2703 3836 2776 pelica-

2181 2804 2347 2852 num,
2373 2787 2457 2843 vel
2481 2787 2578 2844 alii
2600 2789 2818 2845 iterum
2842 2789 3090 2845 Domino
3113 2789 3409 2848 lucrantes
3439 2793 3501 2846 in
3527 2791 3832 2861 domicilio,

2179 2876 2238 2930 id
2262 2880 2372 2944 est,
2398 2876 2455 2930 in
2481 2876 2599 2934 illis
2621 2878 2723 2950 qui
2749 2878 3076 2950 receptione
3101 2878 3235 2935 fidei
3265 2881 3389 2951 jam
3414 2881 3586 2952 quasi
3620 2883 3834 2938 domus

2180 2970 2516 3022 constructa
2539 2967 2795 3034 fuerunt,
2813 2968 2914 3023 sed
2935 2967 3072 3040 quia
3091 2984 3194 3040 per
3210 2968 3569 3024 infidelitatis
3590 2970 3834 3044 culpam

2183 3057 2383 3125 postea
2406 3071 2439 3109 a
2470 3055 2582 3110 fide
2613 3055 3030 3126 discesserunt,
3076 3056 3238 3128 quasi
3285 3055 3652 3113 domicilium
3689 3059 3833 3115 facti

2183 3147 2342 3209 sunt,
2369 3147 2521 3199 tecto
2543 3148 2809 3201 carentes
2830 3145 2986 3200 fidei.
3036 3145 3222 3200 Habet
3261 3143 3369 3199 alia
3392 3143 3730 3211 translatio,
3763 3147 3827 3202 in

429 3254 522 3294 me
550 3237 785 3294 reficere
814 3216 1003 3292 renui.
1058 3216 1221 3299 Quod
1280 3235 1475 3290 divina
1532 3239 1820 3307 praecepta
1848 3234 2075 3290 homini
2107 3216 2149 3284 C
2189 3232 2494 3305 parietinis
2526 3239 2583 3288 et
2610 3234 2666 3288 in
2700 3234 2933 3289 dirutis.
2972 3235 3227 3305 Vigilavi,
3254 3238 3301 3289 et
3329 3235 3500 3304 factus
3529 3250 3654 3289 sum
3686 3236 3839 3291 sicut

426 3327 641 3383 debent
670 3341 800 3382 esse
831 3323 1086 3395 refectio,
1119 3324 1244 3397 ipse
1302 3323 1588 3380 Dominus
1649 3323 1708 3378 in
1765 3323 2074 3396 Evangelio

424 3415 602 3472 dicit:
638 3415 754 3471 Non
799 3417 860 3470 in
907 3415 1022 3469 solo
1075 3430 1219 3486 pane
1266 3415 1402 3468 vivit
1459 3412 1635 3480 homo,
1695 3413 1797 3468 sed
1836 3415 1895 3468 in
1925 3414 2077 3468 omni

419 3506 580 3561 verba
607 3504 746 3576 quod
796 3503 1030 3575 procedit
1089 3503 1158 3558 de
1218 3519 1311 3558 ore
1366 3505 1471 3558 Dei
1519 3503 1737 3573 (Matth.
1774 3505 1871 3574 ιν).
1905 3502 2072 3558 Hunc

419 3609 633 3666 panem
661 3591 876 3649 oblitus
899 3597 989 3648 est
1010 3591 1234 3663 primus
1256 3591 1431 3646 homo
1454 3592 1777 3660 comedere,
1801 3591 1922 3663 qui,
1955 3593 2074 3647 dia-

421 3681 554 3738 bolo
577 3687 945 3755 suggerente,
973 3679 1215 3736 muliere
1249 3681 1663 3753 przevaricante
1687 3684 1742 3735 et
1765 3682 2070 3749 suadente,

419 3771 612 3845 tetigit
639 3771 883 3827 vetitum
916 3771 1136 3838 cibum,
1194 3774 1250 3824 et
1307 3769 1525 3825 oblitus
1569 3773 1658 3824 est
1714 3776 2068 3842 praeceptum

419 3861 573 3933 (Gen.
607 3861 729 3932 ιιι);
753 3861 853 3916 sed
874 3858 1145 3932 sequitur
1164 3863 1294 3931 post
1315 3856 1667 3913 oblivionem
1712 3875 2070 3916 commemo-

419 3950 589 4004 ratio.
620 3949 1045 4003 Manducemus
1083 3964 1293 4020 panem
1343 3945 1533 4009 illum,
1595 3946 1693 4018 qui
1754 3946 1825 4002 de
1855 3963 1917 4002 se
1941 3947 2068 4020 ipso

420 4036 607 4092 dixit:
641 4039 758 4107 Ego
803 4052 925 4091 sum
978 4039 1144 4108 panis
1197 4037 1370 4104 vivus,
1428 4037 1525 4106 qui
1570 4035 1636 4090 de
1659 4036 1789 4090 caelo
1817 4035 2071 4092 descendi

420 4123 605 4194 (Joan.
635 4124 734 4193 νι).
768 4123 1191 4180 Manducemus
1217 4141 1423 4197 panem
1455 4123 1646 4190 illum,
1674 4128 1739 4179 ut
1760 4124 2026 4181 vivamus
2048 4145 2065 4180 :

419 4229 536 4269 non
555 4213 982 4268 manducemus
996 4211 1662 4268 sicutmanducaverunt
1675 4217 1869 4284 patres
1883 4204 2067 4270 uestri

417 4319 659 4367 manna,
691 4306 748 4358 et
778 4301 994 4357 mortui
1027 4305 1166 4356 sunt
1195 4301 1400 4373 (Ibid).
1460 4303 1500 4356 Α
1551 4318 1677 4357 voce
1706 4305 1938 4374 gemitus
1955 4306 2070 4359 mei

416 4393 651 4450 adfulsit
676 4408 731 4448 os
761 4408 945 4448 meum
971 4392 1130 4446 carni
1157 4405 1320 4447 mese.
1365 4390 1516 4445 Sunt
1545 4390 1785 4462 quidam
1817 4392 1916 4463 qui
1951 4409 2064 4448 non

415 4483 702 4557 gemendo
725 4482 878 4555 quod
909 4497 1141 4554 gemere
1169 4481 1470 4545 deberent,
1492 4479 1577 4535 vel
1601 4482 1887 4552 gemendo
1910 4482 2064 4553 quod

2179 3338 2373 3393 passer
2399 3323 2684 3378 solitarius
2739 3323 2797 3378 in
2842 3326 2997 3380 tecto.
3057 3323 3233 3386 Quasi
3265 3323 3450 3378 dicat:
3502 3323 3724 3380 Similis
3754 3327 3839 3396 fa-

2181 3420 2301 3467 ctus
2330 3428 2452 3466 sum
2477 3412 2727 3481 pelicano
2757 3411 2818 3466 in
2850 3412 3212 3484 quibusdam
3265 3412 3550 3469 membris
3582 3413 3759 3484 meis,
3790 3419 3840 3471 et

2181 3500 2446 3571 ejusdem
2478 3500 2566 3557 vel
2590 3500 2648 3556 in
2673 3500 2806 3556 aliis
2827 3502 3081 3570 vigilavi,
3106 3500 3165 3556 id
3197 3501 3388 3568 est,in
3428 3501 3836 3574 inquietudine

2179 3589 2564 3662 perseveravi,
2596 3594 2648 3646 et
2676 3593 2855 3661 factus
2883 3607 3006 3646 sum
3047 3593 3188 3646 sicut
3230 3607 3442 3662 passer,
3481 3594 3610 3647 avis
3639 3592 3826 3647 videli-

2179 3683 2270 3733 cet
2300 3677 2563 3750 querula,
2595 3687 2646 3735 et
2670 3681 2958 3735 solitarius
2998 3679 3078 3735 fui
3111 3681 3173 3736 in
3215 3689 3372 3737 tecto.
3418 3680 3526 3736 Hic
3557 3685 3829 3737 notantur

2179 3766 2305 3834 filii,
2339 3767 2437 3838 qui
2470 3767 2644 3823 fidem
2675 3769 2867 3824 adhuc
2897 3768 3136 3835 habent,
3169 3770 3268 3825 sed
3296 3769 3480 3825 nimis
3511 3771 3822 3826 secundum

2177 3872 2409 3912 carnem
2434 3857 2656 3925 vivunt,
2681 3857 2834 3914 inter
2845 3874 2992 3930 quos
3006 3857 3350 3930 praedicator
3361 3859 3612 3931 quisque
3628 3874 3821 3931 passer

2177 3949 2287 4009 est,
2311 3961 2579 4017 quaerens
2599 3962 2698 4002 eos
2721 3945 2900 4002 nimis
2923 3947 3256 4002 consentire
3295 3946 3459 4003 carni
3484 3964 3606 4003 suae
3628 3963 3644 4002 :
3667 3951 3722 4003 et
3739 3950 3826 4003 est

2173 4036 2459 4090 solitarius
2499 4038 2558 4090 in
2587 4039 2742 4107 tecto,
2777 4035 2917 4108 quia
2945 4053 3079 4092 cum
3131 4036 3324 4092 ceteri
3381 4037 3492 4092 sub
3519 4053 3698 4093 carne
3727 4052 3827 4093 sua

2177 4124 2343 4195 quasi
2379 4125 2490 4180 sub
2529 4127 2678 4180 tecto
2729 4130 3170 4195 ronversantur,
3216 4127 3342 4198 ipse
3388 4142 3632 4182 carnem
3665 4142 3825 4183 suam

2175 4213 2468 4269 domando
2500 4217 2565 4269 ut
2595 4215 2868 4286 spiritum
2923 4215 3153 4270 roberet
3199 4215 3366 4289 quasi
3417 4214 3691 4286 subjecto
3720 4231 3828 4272 non

2176 4304 2284 4370 est,
2319 4303 2418 4357 sed
2453 4303 2511 4356 in
2542 4306 2714 4370 tecto,
2741 4303 2867 4374 jam
2903 4302 3030 4375 lege
3077 4303 3291 4359 mentis
3323 4319 3616 4375 superans
3648 4303 3831 4378 legem

2176 4391 2389 4446 carnis.
2425 4391 2600 4447 Aliter
2646 4397 2843 4462 posset
2895 4391 3006 4448 hoc
3061 4392 3252 4448 notari
3312 4393 3373 4449 in
3406 4393 3701 4449 membris
3733 4397 3835 4449 Do-

2177 4479 2318 4534 mini
2352 4481 2507 4551 quod
2561 4479 2721 4545 dicit,
2775 4482 2978 4536 similis
3029 4484 3212 4552 factus
3256 4499 3381 4538 sum
3433 4483 3694 4554 pelicano
3717 4483 3839 4539 soli-

415 4588 531 4628 non
555 4587 786 4644 gemere
802 4572 1100 4638 deberent,
1125 4586 1186 4625 se
1204 4569 1522 4643 gemendos
1545 4568 1785 4624 faciunt.
1813 4569 2066 4624 Gemunt
2095 4588 2141 4653 Ι)
2172 4568 2401 4626 tudinis.
2455 4569 2560 4624 Per
2640 4570 2972 4641 pelicanum
3057 4569 3433 4626 solitudinem
3510 4576 3832 4638 amantem,

415 4660 574 4716 enim
597 4660 1233 4732 amiésamrpecuniam,
1258 4659 1356 4714 sed
1383 4675 1494 4713 non
1516 4662 1760 4730 gemunt
1780 4657 2062 4714 amissam

407 4746 702 4818 justitiam
725 4765 738 4815 ;
762 4754 1008 4820 gemunt
1028 4763 1341 4804 nummum
1360 4746 1671 4813 amissum,
1698 4762 1810 4801 non
1835 4745 2066 4803 caeleste

413 4849 660 4906 regnum
682 4834 768 4890 eis
789 4835 1048 4891 ablatum
1077 4836 1382 4902 ,-fraudem
1428 4832 1670 4900 faciunt,
1704 4837 1760 4887 et
1780 4835 2062 4905 gaudent.

413 4924 525 4981 Sed
550 4923 831 4996 quoniam
856 4925 1224 4995 perfectiores
1247 4925 1306 4979 in
1331 4923 1443 4979 ﬁde
1465 4939 1578 4979 non
1607 4929 1855 4995 possunt
1873 4924 2069 4982 dimit-

411 5019 533 5070 tere
556 5013 699 5085 quin
723 5013 806 5068 eis
845 5029 914 5068 ex
940 5013 1221 5069 cbaritate
1251 5013 1618 5079 condoleant,
1671 5013 1798 5069 ideo
1829 5014 2067 5072 adhaesit

410 5117 470 5158 os
499 5118 705 5165 meum,
738 5102 795 5157 id
829 5106 936 5168 est,
970 5101 1236 5158 fortiores
1264 5101 1323 5156 in
1356 5101 1640 5157 membris
1670 5101 1838 5170 meis,
1869 5102 2063 5158 adhae-

410 5194 616 5246 serunt
644 5193 808 5247 carni
833 5206 992 5259 meae,
1027 5190 1225 5246 minus
1256 5189 1524 5245 videlicet
1561 5189 1808 5245 eruditis
1835 5206 1849 5245 :
1884 5191 2064 5247 fortes

410 5279 785 5336 adhaeserunt
839 5279 1154 5344 debilibus,
1215 5279 1389 5334 validi
1453 5277 1754 5335 invalidis:
1807 5285 1863 5335 et
1891 5280 2000 5336 hoc
2033 5298 2066 5335 a

407 5383 535 5424 voce
564 5370 809 5442 gemitus
838 5371 966 5438 mei,
1000 5368 1055 5424 id
1089 5373 1197 5434 est,
1235 5384 1496 5423 meorum
1539 5367 1900 5440 gementium
1931 5368 2064 5424 illos

408 5457 510 5528 qui
542 5473 604 5512 se
633 5458 950 5530 gemendos
983 5459 1222 5523 faciunt,
1254 5457 1532 5530 quoniam
1584 5455 1667 5512 eis
1698 5457 2061 5513 condolendo

407 5544 746 5617 adhaerent:
779 5552 837 5602 et
868 5548 995 5603 ideo
1028 5564 1176 5620 opus
1219 5552 1309 5603 est
1357 5552 1421 5601 ut
1450 5545 1728 5602 velociter
1758 5563 1858 5602 eos
1888 5563 2059 5603 exau-

408 5633 557 5690 dias.
590 5635 692 5690 Vel
746 5635 932 5702 aliter,
991 5636 1195 5691 oblitus
1252 5651 1371 5690 sum
1432 5636 1826 5692 manducare:
1862 5636 2064 5706 quisa

2179 4659 2458 4714 notantur
2487 4657 2568 4712 illi
2612 4660 2712 4730 qui
2769 4675 2941 4715 omne
3002 4676 3153 4715 onus
3201 4659 3395 4716 seaculi
3445 4663 3832 4732 postponunt,

2176 4752 2232 4803 et
2274 4747 2345 4802 ad
2406 4746 2754 4804 solitudines
2810 4764 2872 4804 se
2929 4749 3262 4816 conferunt,
3315 4753 3379 4804 ut
3432 4747 3516 4804 ibi
3576 4755 3836 4805 contem-

2175 4833 2420 4908 plationi
2451 4835 2550 4891 Dei
2604 4835 2976 4892 solummodo
3025 4843 3250 4893 vacent.
3299 4838 3448 4894 Sunt
3493 4840 3552 4892 et
3599 4837 3702 4894 alii
3733 4837 3833 4910 qui

2175 4923 2450 4979 similiter
2482 4941 2754 4996 pompam
2781 4924 2976 4980 saeculi
3005 4930 3404 4998 postponunt;
3433 4925 3536 4981 sed
3559 4927 3718 4982 etab
3741 4925 3832 4983 his

2174 5014 2278 5085 qui
2304 5013 2363 5068 in
2377 5012 2586 5069 saeculo
2601 5016 2760 5083 sunt,
2776 5014 3210 5085 quodammodo
3236 5015 3510 5087 pendent,
3531 5017 3834 5072 victnmet

2172 5101 2447 5157 vestitum
2473 5102 2545 5158 ab
2569 5101 2654 5159 eis
2676 5107 3003 5175 quaerentes
3030 5120 3042 5158 :
3067 5108 3123 5158 et
3142 5103 3201 5158 hi
3226 5103 3373 5160 tales
3397 5108 3705 5172 notantur,
3729 5104 3830 5160 ubi

2173 5189 2409 5261 dicitur,
2440 5192 2617 5262 factus
2666 5207 2789 5246 sum
2841 5192 2984 5248 sicut
3035 5193 3358 5263 nycticorax
3409 5195 3472 5248 in
3520 5192 3832 5250 domicilio.

2174 5280 2326 5336 Sunt
2349 5280 2524 5336 etiam
2547 5279 2647 5334 alii
2698 5279 2798 5352 qui
2845 5281 2998 5336 inter
3025 5280 3295 5338 homines
3325 5281 3593 5355 vigilant,
3628 5283 3686 5338 id
3718 5287 3828 5350 est,

2172 5369 2232 5425 in
2261 5369 2668 5441 inquietudine
2690 5368 2982 5438 laborant,
3007 5377 3070 5426 ut
3093 5369 3238 5428 alios
3278 5371 3337 5426 in
3362 5371 3478 5427 fide
3497 5371 3827 5430 aediﬁcent:

2173 5463 2229 5514 et
2262 5458 2322 5513 hi
2345 5457 2490 5514 tales
2512 5462 2788 5514 notantur
2820 5475 2924 5531 per
2946 5459 3055 5515 hoc
3104 5460 3258 5531 quod
3303 5458 3546 5516 dicitur:
3589 5461 3836 5532 Vigilavi

2171 5555 2221 5604 et
2249 5549 2428 5618 factus
2451 5564 2570 5604 sum
2603 5550 2742 5604 sicut
2765 5565 2960 5620 passer
2985 5550 3264 5606 solitarius
3294 5550 3352 5605 in
3375 5554 3533 5608 tecto.
3568 5553 3830 5606 Possunt

2173 5635 2348 5694 etiam
2370 5636 2494 5693 haec
2525 5636 2637 5693 tria
2668 5653 2880 5710 genera
2909 5636 3102 5695 avium
3137 5643 3194 5695 et
3240 5637 3503 5697 locorum
3533 5639 3596 5696 in
3628 5637 3826 5710 capite
