4024 6192
237 349 350 415 661

1369 350 1969 417 ENARRATIONES
2014 351 2094 413 IN
2139 352 2526 421 PSALMOS.

3535 363 3655 428 663

236 489 438 545 nostro
457 487 667 558 notari,
686 492 752 545 ut
774 487 847 545 de
863 487 1055 561 seipso
1077 491 1253 561 caput
1270 487 1380 544 hoc
1402 488 1557 544 dicat
1579 490 1689 545 sic:
1712 490 1750 543 A
1772 504 1895 544 voce
1923 489 1972 555 Α
2008 489 2058 542 et
2082 491 2454 559 peccatoribus
2480 490 2824 550 manducat?
2853 490 3057 565 (Matth.
3095 495 3194 562 Ix.)
3226 493 3429 551 Adhuc
3476 496 3654 556 etiam

234 580 468 651 gemitus
515 581 626 635 mei
654 578 902 635 adhaesit
940 595 998 634 os
1040 596 1222 634 meum
1250 579 1406 633 carni
1432 594 1592 635 mete.
1629 578 1739 633 Pro
1772 595 1887 649 quo

232 673 445 739 gemztu
474 668 722 724 dolendo
742 686 863 723 sum
892 670 1077 739 factus
1103 669 1304 723 similis
1321 670 1573 741 pelicano
1605 668 1884 723 solitario.

233 757 459 815 Dicitur
488 758 626 830 quia
654 758 956 829 pelicanus
987 757 1178 830 pullos
1210 775 1348 814 suos
1376 757 1574 813 statim
1603 759 1672 812 de
1702 757 1886 813 calido

237 862 345 903 ovo
367 847 610 903 eductos
633 851 820 903 rostro
844 865 949 903 suo
974 848 1277 903 interficit:
1303 848 1523 918 quibus
1544 847 1885 915 interfectis,

230 937 417 994 nimio
448 936 645 993 dolore
676 954 737 993 se
770 937 976 1009 affligit
1006 954 1108 1008 per
1137 941 1253 992 tres
1302 937 1425 992 dies
1454 937 1761 991 continuos
1787 962 1800 1003 ;
1832 940 1889 991 et

231 1027 292 1082 in
324 1026 498 1082 tertia
545 1026 640 1081 die
669 1026 928 1097 seipsum
962 1043 1077 1098 prae
1127 1026 1381 1081 maximo
1426 1025 1621 1080 dolore
1670 1024 1887 1080 dilace-

231 1116 441 1183 rando,
470 1115 820 1188 sanguinem
853 1132 985 1172 sum
1019 1116 1248 1171 fundit:
1282 1130 1397 1187 quo
1428 1115 1714 1187 sanguine
1746 1132 1883 1170 con-

232 1206 419 1277 spersi
452 1204 596 1277 pulli
645 1205 999 1261 reviviscunt
1028 1223 1040 1259 :
1076 1205 1178 1260 ubi
1225 1204 1490 1261 Christus
1519 1204 1885 1276 intelligitur,

230 1295 331 1368 qui
362 1293 690 1350 humanum
724 1310 910 1367 genus
940 1293 1152 1349 occidit
1197 1294 1256 1348 in
1290 1293 1399 1349 hoc
1429 1295 1582 1365 quod
1615 1293 1886 1349 occiden-

228 1385 372 1441 dum
405 1387 548 1438 erat.
585 1382 925 1439 Idololatras
954 1383 1111 1438 enim
1144 1384 1215 1437 ad
1248 1382 1557 1438 colendum
1586 1382 1770 1438 Deum
1802 1400 1886 1439 re-

226 1473 473 1531 vocavit.
500 1474 629 1543 Ipse
660 1474 815 1527 enim
841 1472 1188 1544 sanguinem
1210 1489 1408 1538 suum,
1431 1476 1495 1526 ut
1520 1489 1625 1528 nos
1649 1472 1887 1528 revivifi-

228 1566 406 1626 caret,
437 1561 660 1616 effudit.
701 1561 864 1616 Unde
910 1560 1100 1615 illud:
1134 1562 1240 1632 Ego
1281 1561 1547 1626 occidam,
1580 1577 1677 1631 ego
1706 1564 1887 1616 vivere

226 1652 438 1722 faciam
467 1669 485 1705 :
512 1652 837 1721 percutiam,
872 1654 924 1706 et
952 1666 1050 1721 ego
1076 1650 1291 1706 sanabo
1322 1650 1501 1721 (Deut.
1520 1652 1716 1719 χχχιι).
1753 1650 1885 1705 Fuit

224 1741 404 1796 etiam
454 1739 757 1811 pelicanus
805 1739 1073 1795 Christus
1125 1739 1441 1807 solitarius,
1476 1740 1573 1811 qui
1625 1739 1885 1795 solitaria

225 1830 530 1928 nativitate
563 1833 734 1885 natus
766 1830 898 1884 fuit.
930 1828 1141 1884 Nullus
1170 1829 1326 1884 enim
1381 1845 1642 1901 unquam
1674 1832 1883 1900 praeter
1915 1865 1961 1928 B

224 1916 395 1973 illum
446 1918 574 1974 sine
621 1922 857 1990 peccato
907 1923 1084 1974 natus
1134 1918 1260 1973 fuit.
1323 1919 1406 1974 Vel
1450 1919 1656 1974 similis
1700 1922 1886 1987 factus

218 2008 481 2079 pelicano
502 2006 835 2063 solitudinis.
868 2006 1044 2062 Juxta
1077 2006 1224 2061 illud
1259 2026 1271 2062 :
1305 2009 1480 2063 Filius
1510 2009 1749 2063 hominis
1774 2024 1886 2063 non

230 2096 391 2151 habet
418 2096 515 2151 ubi
562 2104 725 2167 caput
774 2098 1002 2152 reclinet
1034 2097 1183 2167 (Luc.
1218 2097 1316 2165 Ix).
1348 2099 1541 2152 Factus
1592 2114 1716 2152 sum
1744 2100 1890 2154 sicut

226 2186 622 2255 nycticoraxin
636 2186 945 2241 domicilio.
972 2187 1038 2240 In
1060 2185 1352 2241 domicilio
1379 2191 1755 2242 conversatus
1773 2190 1885 2256 est,

229 2274 470 2344 quando
497 2274 651 2329 inter
699 2275 948 2344 dirutos,
980 2275 1039 2329 id
1072 2278 1179 2343 est,
1215 2274 1363 2345 legis
1413 2277 1885 2347 praevaricatores

224 2363 563 2419 conversari
585 2363 789 2431 voluit,
813 2364 939 2435 ipse
959 2364 1115 2419 enim
1138 2363 1337 2419 dilexit
1368 2364 1638 2419 tenebras
1659 2381 1883 2435 eorum,

224 2467 344 2507 non
377 2454 443 2505 ut
462 2451 521 2505 in
547 2454 802 2509 tenebris
833 2456 1219 2518 remanerent,
1248 2454 1350 2509 sed
1372 2453 1562 2508 adhuc
1584 2458 1886 2511 converte-

223 2543 447 2597 rentur.
482 2541 561 2596 De
593 2542 679 2597 eis
708 2542 863 2597 enim
915 2543 1060 2597 dixit
1088 2559 1106 2618 ς
1139 2544 1256 2599 Non
1294 2560 1415 2598 sum
1444 2546 1646 2598 missus
1670 2546 1787 2599 nisi
1816 2545 1885 2600 ad

222 2646 347 2687 oves
393 2643 515 2701 qua:
559 2632 850 2701 perierunt
896 2631 1087 2686 domus
1136 2633 1305 2687 Israel
1358 2632 1580 2702 (Matth.
1630 2632 1742 2704 xv).
1797 2633 1879 2689 Ibi

224 2717 578 2791 pradicavit,
604 2718 684 2772 ibi
718 2718 1003 2774 miracula
1036 2720 1189 2791 fecit,
1210 2720 1288 2774 ibi
1323 2721 1393 2774 ad
1427 2719 1699 2775 ultimum
1734 2722 1882 2776 mori

224 2807 657 2863 voluit.»Faclus
692 2823 813 2862 sum
857 2808 995 2863 sicut
1026 2810 1345 2879 nycticorax
1370 2810 1432 2863 in
1461 2809 1756 2865 domicilio.
1795 2812 1880 2865 Vi-

225 2898 409 2970 gilavi
436 2896 772 2959 tandem,id
797 2900 904 2962 est,
923 2914 956 2951 a
978 2897 1223 2953 mortuis
1254 2899 1543 2953 resurrexi
1582 2916 1594 2953 :
1629 2901 1880 2969 etractus

224 3002 349 3042 sum
377 2988 516 3040 sicut
540 3001 732 3056 passer
759 2986 1043 3041 solitarius
1090 2988 1151 3040 in
1179 2992 1334 3051 tecto,
1368 2986 1507 3057 quia
1538 3004 1642 3059 ego
1674 2988 1881 3061 singu-

225 3074 371 3131 laris
398 3074 458 3129 in
490 3073 701 3130 ccelum
734 3075 988 3130 ascendi.
1023 3074 1185 3129 Unde
1213 3074 1358 3129 illud
1393 3091 1407 3129 :
1442 3077 1609 3131 Nemo
1644 3078 1885 3133 ascendit

224 3164 290 3217 in
333 3162 553 3231 caelum,
584 3162 699 3216 nisi
728 3178 819 3233 qui
858 3161 923 3217 de
964 3161 1093 3216 caelo
1122 3162 1419 3227 descendit,
1454 3164 1604 3233 ﬁlius
1644 3164 1882 3220 hominis

1999 575 2428 648 improperatur
2459 598 2490 634 a
2513 583 2777 653 paganis,
2798 582 3275 655 praedicatoribus
3294 584 3352 638 in
3372 585 3652 653 Ecclesia,

1998 666 2151 736 quod
2187 665 2297 737 ipsi
2318 674 2647 738 pervertant
2665 689 2856 727 mores
2878 676 2933 727 et
2954 672 3297 744 disciplinas
3319 674 3649 747 hominum,

1996 754 2135 825 quia
2164 755 2366 810 dicunt
2397 759 2801 828 praedicatores
2845 763 2983 817 dare
3012 762 3340 818 libertatem
3372 766 3651 836 peccandi

1997 859 2128 898 cum
2162 845 2513 915 promittunt
2544 847 2736 904 locum
2782 852 3129 921 pmnitentiaa
3163 858 3219 907 et
3250 870 3411 924 spem
3444 855 3647 923 veniae,

1998 948 2110 987 non
2132 935 2495 990 attendentes
2513 937 2651 1008 quia
2668 939 2952 995 Dominus
2971 957 3041 995 ne
3065 942 3465 1012 desperatione
3481 944 3648 1015 pejus

1995 1021 2268 1089 viverent,
2286 1023 2552 1095 promisit
2570 1026 2945 1098 indulgentiae
2970 1033 3203 1100 portum
3228 1046 3240 1085 :
3271 1035 3326 1085 et
3347 1032 3647 1089 neiterum

1997 1126 2100 1181 pro
2154 1128 2257 1183 spe
2304 1114 2482 1169 veniae
2523 1116 2691 1187 pejus
2738 1117 3014 1185 viverent,
3050 1119 3203 1174 diem
3258 1121 3463 1177 mortis
3515 1122 3650 1178 fecit

1994 1199 2284 1256 incertum
2339 1220 2351 1256 :
2396 1204 2847 1273 prudentissime
2895 1211 3213 1280 utrumque
3258 1211 3648 1280 constituens,

1997 1291 2053 1343 et
2083 1294 2434 1346 revertentes
2466 1310 2581 1364 quo
2614 1295 3027 1367 reciperentur,
3061 1302 3117 1351 et
3166 1297 3498 1355 differentes
3532 1318 3649 1373 quo

1996 1381 2342 1434 terreantur.
2377 1382 2415 1436 Α
2446 1384 2600 1452 facie
2622 1386 2728 1440 irae
2747 1394 2799 1440 et
2828 1386 3228 1455 indignationis
3249 1391 3377 1457 tuae,
3397 1391 3525 1459 quia
3544 1392 3652 1446 ele—

1996 1484 2126 1522 vans
2172 1469 2404 1524 allisisti
2460 1488 2564 1525 me.
2626 1473 2801 1538 Quasi
2853 1474 3007 1529 dicat
3060 1493 3072 1529 :
3124 1474 3286 1537 Quod
3337 1493 3441 1548 ego
3498 1480 3651 1535 cine-

1995 1571 2115 1610 rem
2164 1559 2618 1631 manducabam,
2666 1562 2775 1617 hoc
2826 1562 2934 1617 fuit
2983 1581 3016 1618 a
3062 1564 3203 1633 facie
3250 1566 3651 1636 indignationis

1995 1652 2126 1711 tua),
2161 1645 2217 1699 id
2260 1651 2369 1715 est,
2399 1666 2431 1702 a
2461 1650 2789 1720 cognitione
2842 1652 2936 1706 ira;
2966 1656 3098 1720 tua},
3132 1655 3265 1724 quia
3312 1655 3529 1710 elevans
3559 1658 3651 1711 al-

1994 1734 2164 1788 lisisti
2208 1751 2312 1800 me,
2346 1736 2402 1790 id
2456 1742 2563 1805 est,
2596 1755 2757 1794 meos
2808 1740 3061 1797 elevatos
3094 1741 3253 1797 allidi
3302 1744 3647 1814 permisisti.

1994 1821 2264 1878 Elevatus
2287 1824 2399 1880 fuit
2428 1826 2625 1897 homo,
2654 1828 2792 1899 quia
2818 1830 3016 1885 omnia
3044 1832 3323 1887 animalia
3346 1832 3650 1889 vivacitate

1995 1912 2237 1967 rationis
2262 1914 2594 1971 excellebat.
2632 1918 2759 1988 Ipse
2788 1919 2944 1974 enim
2978 1920 3037 1974 in
3069 1920 3249 1976 libero
3276 1922 3513 1977 arbitrio
3544 1939 3648 1993 po-

1994 2001 2145 2056 situs
2179 2002 2306 2073 fuit,
2338 2003 2421 2058 sic
2446 2010 2675 2062 creatus
2706 2012 2770 2062 ut
2801 2026 2916 2063 non
2952 2015 3296 2079 moreretur,
3330 2012 3376 2066 si
3410 2028 3651 2082 peccare

1994 2091 2335 2147 destitisset.
2370 2094 2479 2149 Sed
2514 2097 2650 2164 quia
2679 2098 2751 2151 ab
2792 2098 3124 2155 obedientia
3154 2100 3382 2165 cecidit,
3414 2105 3471 2155 et
3500 2100 3650 2156 libe-

1995 2196 2125 2234 rum
2158 2181 2464 2237 arbitrium
2497 2201 2671 2239 suum
2691 2186 2859 2256 quasi
2889 2204 3005 2242 non
3029 2188 3267 2243 haberet
3296 2188 3412 2243 vim
3438 2190 3653 2245 discre-

1994 2267 2190 2336 tionis,
2225 2270 2285 2324 in
2313 2271 2534 2327 malum
2566 2275 2868 2338 convertit,
2902 2276 3031 2331 ideo
3063 2276 3268 2331 allisus
3300 2277 3428 2331 fuit.
3452 2278 3651 2349 Neque

1995 2358 2150 2411 enim
2175 2359 2333 2428 juste
2351 2360 2481 2431 plus
2502 2362 2573 2416 ab
2599 2378 2665 2418 eo
2687 2380 2863 2435 quam
2884 2365 2956 2418 ab
2979 2365 3108 2420 aliis
3132 2366 3487 2422 animalibus
3514 2368 3651 2423 obe-

1994 2446 2275 2502 dientiam
2309 2450 2595 2506 Dominus
2626 2453 2929 2525 exegisset,
2957 2454 3004 2508 si
3035 2455 3256 2510 cmteris
3290 2455 3650 2511 animalibus

1994 2535 2053 2588 in
2082 2536 2388 2593 vivacitate
2420 2556 2533 2593 non
2570 2546 2860 2608 praeesset.
2885 2545 3015 2598 Dies
3043 2546 3156 2598 mei
3184 2546 3326 2598 sicut
3350 2545 3544 2599 umbra
3564 2545 3652 2601 de—

1991 2624 2354 2681 clinaverunt.
2389 2628 2563 2693 Quasi
2595 2630 2780 2685 dicat:
2826 2631 2971 2697 Quia
3012 2633 3235 2689 elevans
3266 2633 3500 2688 altisisti
3539 2650 3648 2702 me,

1992 2712 2121 2767 ideo
2153 2713 2268 2768 dies
2296 2718 2423 2780 mei,
2458 2717 2513 2770 id
2547 2721 2636 2772 est
2683 2719 2808 2774 dies
2840 2737 3125 2787 meorum,
3159 2723 3301 2776 sicut
3330 2724 3528 2777 umbra
3556 2723 3649 2778 de-

1990 2800 2370 2870 clinaverunt,
2403 2808 2454 2859 et
2483 2822 2577 2877 ego
2606 2807 2665 2861 in
2721 2808 2889 2873 meis,
2921 2811 3064 2864 sicut
3094 2813 3284 2880 fenum
3315 2813 3462 2865 arui.
3498 2810 3649 2866 Nota

1992 2890 2130 2960 quia
2163 2892 2370 2947 merito
2402 2900 2582 2966 agunt
2615 2897 2739 2951 dies
2787 2898 3166 2965 declinantes,
3197 2899 3298 2971 qui
3330 2900 3387 2954 in
3423 2899 3649 2955 stabili-

1990 2982 2106 3034 tate
2136 2985 2192 3034 et
2230 2983 2548 3039 aeternitate
2594 2986 2912 3042 noluerunt
2943 3004 3302 3058 permanere.
3338 2991 3409 3044 Tu
3441 2997 3647 3057 autem,

1992 3071 2242 3139 Domine,
2277 3072 2376 3142 qui
2431 3078 2680 3130 aeternus
2718 3092 2799 3142 es,
2834 3081 2891 3131 et
2920 3078 3089 3148 cujus
3142 3096 3354 3135 nomen
3386 3079 3541 3134 vivet
3586 3078 3647 3135 in

1992 3158 2227 3224 saecula,
2246 3176 2533 3231 permanes
2562 3165 2623 3217 in
2642 3174 2934 3231 aeternum,
2955 3176 3007 3221 et
3046 3168 3362 3223 memoriale
3386 3178 3564 3232 tuum,
3587 3166 3648 3222 id

227 3252 333 3325 qui
360 3256 438 3306 est
468 3252 527 3305 in
557 3251 689 3306 caelo
719 3251 900 3320 (Joan.
937 3254 1042 3318 III).
1074 3249 1177 3304 Vel
1214 3250 1299 3305 sic
1336 3268 1348 3305 :
1386 3253 1641 3322 Vigilari,
1673 3253 1730 3307 id
1777 3257 1884 3318 est,
1918 3237 1960 3300 Ο
2000 3250 2107 3309 est,
2142 3248 2544 3306 misericordia
2572 3256 2674 3333 tua
2702 3270 2828 3324 quae
2864 3256 3042 3326 digna
3070 3260 3160 3310 est
3192 3256 3494 3323 memoria,
3520 3273 3648 3327 per-

221 3339 619 3412 inquietudini
654 3340 826 3394 datus
844 3355 1011 3394 sum:
1043 3337 1420 3409 vel,vigilavi,
1444 3340 1501 3394 id
1533 3345 1621 3395 est
1644 3341 1888 3411 vigilan-

222 3435 316 3485 ter
342 3427 454 3500 egi.
479 3427 641 3483 Unde
675 3427 820 3482 illud
858 3445 870 3482 :
905 3427 1113 3483 Justus
1133 3443 1229 3482 cor
1250 3443 1418 3482 suum
1446 3429 1625 3482 tradit
1641 3429 1712 3483 ad
1740 3431 1892 3501 vigi‘

232 3519 482 3575 landum
507 3518 740 3573 diliculo
783 3517 856 3571 ad
888 3517 1178 3571 Dominum
1213 3518 1309 3587 qui
1356 3518 1486 3586 fecit
1514 3518 1674 3572 illum
1706 3518 1892 3589 (Eccli.

231 3609 453 3679 χχχιχ).
488 3611 556 3664 Et
591 3609 762 3662 factus
790 3623 913 3661 sum
941 3607 1084 3661 sicut
1106 3622 1299 3678 passer
1326 3607 1606 3662 solitarius
1646 3608 1705 3661 in
1732 3610 1894 3675 tecto,

232 3698 293 3754 id
326 3702 439 3765 est,
471 3698 711 3754 habitus
768 3713 899 3752 sum
932 3697 1003 3751 ab
1038 3696 1155 3752 illis
1208 3697 1621 3768 comparabilis
1670 3698 1755 3753 avi
1788 3697 1893 3768 illi,

234 3803 365 3859 quae
395 3784 728 3842 excluditur
766 3786 837 3839 de
886 3786 1080 3852 domo,
1114 3789 1169 3841 et
1198 3786 1257 3840 in
1307 3789 1458 3841 tecto
1491 3786 1747 3842 solitaris
1779 3804 1900 3843 mo-

234 3879 421 3931 ratur.
456 3875 620 3930 Unde
644 3875 782 3946 quia
806 3877 987 3944 [actus
1009 3890 1131 3927 sum
1154 3876 1295 3929 sicut
1322 3891 1527 3945 passer,
1552 3879 1659 3930 tota
1688 3876 1780 3931 die
1808 3893 1900 3931 ea:-

236 3964 575 4037 probrabant
600 3980 693 4018 me
713 3965 936 4019 inimici
954 3964 1094 4025 mei;
1128 3962 1211 4017 vel
1232 3962 1316 4017 sic
1340 3980 1353 4016 :
1381 3964 1538 4018 Licet
1559 3980 1663 4035 ego
1696 3966 1765 4019 ad
1791 3965 1899 4021 hoc

231 4057 413 4108 natus
458 4052 593 4117 sim,
626 4056 691 4106 ut
739 4052 1000 4107 auferam
1056 4067 1254 4106 vocem
1300 4052 1557 4122 gemitus
1608 4068 1896 4122 meorum,

232 4145 435 4198 tamen
467 4144 575 4196 tota
604 4141 710 4209 die,
745 4141 801 4195 id
852 4145 963 4211 est,
998 4140 1271 4195 continue
1303 4141 1730 4212 exprobrabant
1758 4143 1902 4197 mihi

236 4229 464 4286 inimici
496 4230 632 4295 mei,
658 4230 917 4285 dicentes
943 4247 955 4284 :
984 4230 1332 4286 Deemonium
1354 4229 1519 4284 habes
1547 4233 1723 4297 (Joan.
1746 4232 1896 4301 vni):

236 4322 297 4375 et
326 4317 422 4375 his
473 4317 690 4373 similia
720 4335 732 4371 :
766 4326 816 4373 et
845 4318 942 4389 qui
997 4318 1304 4373 laudabant
1329 4336 1418 4373 me
1463 4334 1581 4385 ore,
1614 4318 1901 4375 adversum

234 4425 325 4465 me
355 4407 630 4478 iurabant
678 4407 851 4462 corde
885 4424 899 4463 :
928 4424 1025 4462 ore
1056 4406 1210 4462 enim
1266 4408 1539 4462 dicebant
1574 4426 1585 4463 :
1621 4409 1898 4478 Magister,

235 4498 447 4552 scimus
476 4498 608 4567 quia
654 4512 826 4552 veras:
876 4512 951 4563 es,
982 4500 1034 4550 et
1080 4498 1227 4550 viam
1259 4496 1356 4552 Dei
1384 4498 1446 4551 in
1493 4499 1721 4552 veritate
1750 4497 1902 4554 doces

2004 3339 2200 3388 manet
2222 3338 2280 3390 in
2308 3341 2717 3406 generationem
2736 3350 2788 3396 et
2810 3344 3243 3410 generationem.
3270 3348 3337 3397 Et
3361 3344 3655 3414 quomodo

2003 3422 2110 3477 hoc
2139 3423 2166 3476 ?
2190 3425 2335 3487 Quia
2366 3431 2422 3479 tu
2444 3444 2743 3499 exsurgens
2774 3447 2877 3501 per
2908 3448 3018 3497 me,
3044 3432 3381 3486 misereberis
3411 3432 3562 3503 Sion,
3597 3431 3656 3487 id

2006 3516 2111 3580 est,
2147 3513 2375 3568 Judaici
2411 3516 2627 3586 populi.
2652 3518 2718 3573 Et
2742 3536 2871 3574 vere
2892 3522 3261 3586 misereberis,
3286 3523 3418 3592 quia
3448 3526 3660 3593 tempus

2004 3607 2093 3658 est
2115 3604 2559 3675 miserendiejus.
2578 3607 2739 3675 iuxta
2761 3608 2937 3662 illud:
2964 3610 3204 3674 Quando
3217 3613 3365 3665 venit
3372 3612 3661 3681 plenitudo

2007 3695 2283 3765 temporis,
2311 3696 2462 3749 misit
2486 3698 2623 3751 Deus
2644 3698 2845 3752 Filium
2874 3716 3059 3763 suum,
3083 3703 3291 3770 factum
3324 3701 3421 3755 sub
3450 3700 3580 3770 lege,
3603 3703 3665 3754 ut

2005 3799 2093 3838 eos
2122 3784 2219 3853 qui
2268 3784 2364 3839 sub
2411 3785 2527 3855 lege
2556 3791 2738 3851 erant,
2785 3789 3074 3843 redimeret
3122 3790 3263 3859 (Gal.
3306 3786 3405 3856 1v).
3440 3792 3507 3842 Et
3535 3804 3666 3843 vere

2006 3870 2400 3937 misereberis,
2433 3875 2567 3943 quia
2615 3876 2763 3930 venit
2811 3880 3063 3946 tempus;
3085 3877 3255 3946 juxta
3304 3875 3449 3930 illud
3486 3893 3498 3931 :
3535 3881 3668 3931 Ecce

2004 3977 2152 4015 nunc
2181 3969 2392 4033 tempus
2422 3964 2769 4033 acceptabilc,
2792 3980 2909 4019 ecce
2936 3982 3085 4020 nunc
3113 3966 3227 4021 dies
3250 3967 3447 4021 salutis
3468 3967 3523 4037 (Ι
3541 3966 3660 4022 Cor.

2007 4053 2106 4115 vx).
2168 4051 2440 4117 Quoniam
2479 4052 2816 4120 placuerunt
2868 4055 3036 4108 servis
3091 4057 3199 4110 tuis
3250 4055 3464 4125 lapides
3522 4058 3661 4127 ejus.

2009 4137 2184 4203 Quasi
2214 4138 2369 4191 dicat
2403 4154 2414 4192 ε
2448 4143 2567 4193 Hoc
2600 4141 2771 4195 modo
2820 4144 3161 4199 misereberis
3198 4144 3347 4214 Sion,
3382 4146 3663 4215 quoniam

2011 4225 2221 4293 lapides
2241 4227 2378 4296 ejus,
2403 4226 2459 4281 id
2484 4232 2591 4297 est,
2613 4230 2906 4301 prophetae
2926 4232 3024 4303 qui
3050 4237 3187 4288 sunt
3211 4234 3662 4287 fundamentum

2010 4314 2139 4383 ejus
2169 4314 2305 4369 Sion
2348 4316 2674 4384 placuerunt
2701 4322 2891 4384 servis,
2926 4321 2983 4375 id
3033 4326 3141 4389 est,
3176 4319 3515 4392 apostololis
3544 4318 3662 4374 tuis

2013 4402 2410 4474 intelligibiles
2440 4411 2606 4461 erant
2627 4408 2919 4479 prophetae
2946 4427 2958 4463 :
2992 4414 3041 4463 et
3069 4408 3181 4479 ipsi
3217 4407 3464 4479 apostoli
3487 4424 3662 4478 expo-

2012 4492 2201 4547 nendo
2224 4492 2379 4547 dicta
2397 4495 2813 4565 prophetarum
2827 4541 2839 4561 ,
2861 4498 3460 4562 miserebanturterrw,
3478 4496 3534 4549 id
3553 4498 3667 4562 est,

235 4587 452 4659 (Matth.
483 4586 623 4657 xxxi)
657 4602 670 4639 :
705 4591 762 4641 et
792 4590 988 4641 tamen
1030 4586 1303 4657 apparuit
1351 4590 1568 4657 postea,
1609 4587 1762 4658 quod
1799 4588 1899 4643 ad-
1933 4606 1980 4671 D
2012 4581 2142 4671 illos
2178 4580 2277 4652 qui
2308 4581 2499 4635 adhuc
2521 4587 2675 4637 terra
2706 4588 2865 4649 sunt,
2892 4585 3107 4639 facient
3136 4584 3346 4657 dignos
3368 4588 3471 4639 tua
3495 4584 3668 4641 mise-

235 4674 631 4731 versabantur
675 4674 817 4728 mihi
854 4674 913 4729 in
941 4674 1132 4739 corde,
1167 4674 1336 4744 quasi
1391 4676 1675 4744 conjurati
1709 4682 1906 4732 essent

243 4764 560 4820 adversum
589 4779 703 4818 me.
738 4763 804 4817 Et
824 4780 1003 4834 quare
1026 4762 1136 4818 hoc
1154 4762 1182 4816 ‘I
1206 4764 1347 4830 Quia
1376 4765 1614 4820 cinerem
1643 4774 1907 4836 tanquam

235 4868 446 4926 panem
474 4852 845 4917 manducavi,
870 4851 926 4905 id
964 4855 1072 4919 est,
1102 4856 1435 4923 peccatores
1467 4869 1569 4923 pro
1594 4853 1907 4909 inutilitate

241 4940 431 4998 cineri
461 4940 908 5013 comparabiles,
940 4941 998 4994 in
1049 4956 1260 5012 corpus
1310 4956 1508 4995 meum
1540 4942 1905 5011 trajiciebam

230 5035 527 5101 tanquam
583 5045 819 5101 panem,
854 5029 909 5083 id
942 5032 1050 5109 est,
1102 5033 1389 5100 tanquam
1413 5029 1612 5099 justos
1659 5031 1757 5100 qui
1804 5048 1907 5102 pro

241 5116 543 5175 soliditate
570 5118 709 5175 boni
759 5117 950 5189 operis
984 5133 1165 5190 panes
1214 5118 1494 5172 dicuntur
1526 5135 1538 5173 :
1572 5122 1623 5174 et
1648 5121 1907 5190 poculum

237 5222 450 5277 meum,
482 5207 538 5262 id
570 5210 691 5273 est,
714 5207 890 5261 fortes
921 5206 979 5260 in
1013 5222 1250 5277 corpore
1301 5223 1430 5261 meo
1459 5210 1753 5263 miscebam
1781 5226 1906 5264 cum

201 5298 398 5379 .ﬂetu,
431 5295 489 5351 id
522 5301 630 5364 est,
655 5312 789 5352 cum
812 5294 942 5350 illis
973 5294 1072 5366 qui
1105 5311 1207 5366 pro
1240 5294 1617 5351 multitudine
1648 5302 1906 5367 peccato-

238 5400 382 5441 rum
412 5384 585 5441 ﬂetus
614 5385 892 5441 dicuntur
912 5388 969 5439 et
998 5383 1131 5438 illos
1162 5400 1265 5453 pro
1298 5400 1359 5438 se
1390 5384 1527 5437 ﬂere
1557 5391 1771 5455 cogunt
1803 5403 1816 5441 :
1849 5390 1906 5440 et

237 5472 377 5530 ideo
416 5472 715 5529 adversum
760 5491 849 5528 me
869 5475 1140 5546 jurabant
1168 5472 1374 5543 Judaei,
1408 5472 1546 5542 quia
1590 5475 1658 5527 ad
1692 5491 1904 5546 corpus

241 5577 448 5620 meum
481 5562 900 5633 perﬁciendum
950 5567 1071 5617 tam
1103 5562 1317 5633 impios
1366 5577 1544 5631 quam
1578 5562 1705 5634 pios
1734 5564 1901 5637 elegi.

241 5652 415 5710 Unde
456 5650 601 5707 illud
635 5670 648 5708 :
686 5657 873 5723 Quare
919 5652 1187 5721 magister
1230 5652 1399 5706 vester
1445 5666 1569 5705 cum
1596 5653 1904 5722 publicanis

2016 4670 2256 4739 ratione,
2293 4674 2356 4724 ut
2387 4670 2471 4726 sic
2503 4671 2573 4725 de
2621 4675 2775 4727 terra
2806 4672 2950 4727 fiant
2998 4672 3223 4744 lapides
3253 4672 3365 4728 vivi
3396 4674 3453 4729 in
3486 4674 3668 4729 aedifi-

2016 4760 2171 4814 cium
2202 4760 2335 4815 Sion
2373 4778 2385 4815 :
2420 4759 2559 4831 quia
2580 4765 2786 4831 potens
2817 4766 2904 4816 est
2935 4762 3107 4829 Deus,
3134 4763 3233 4834 qui
3268 4762 3569 4835 pulverem
3601 4780 3670 4819 ex

2020 4848 2202 4904 nihilo
2252 4849 2583 4920 plasmavit,
2616 4867 2684 4905 ex
2732 4851 2859 4921 ipso
2907 4850 3137 4922 pulvere
3184 4851 3407 4924 lapides
3459 4854 3668 4908 facere.

2016 4939 2081 4991 Et
2110 4940 2376 4992 timebunt
2417 4948 2604 5007 gentes
2650 4956 2851 4994 nomen
2883 4948 3065 5007 tuum,
3099 4942 3353 5007 Domine,
3385 4946 3439 4995 et
3486 4956 3671 4995 omnes

2017 5043 2173 5095 reges
2204 5036 2370 5083 terra:
2398 5029 2633 5097 gloriam
2663 5036 2832 5083 tuam.
2866 5029 3007 5084 Ecce
3023 5030 3149 5099 jam
3180 5032 3553 5086 constructus
3584 5032 3673 5083 est

2016 5114 2208 5187 paries
2239 5132 2394 5170 unus
2448 5116 2700 5171 civitatis
2731 5117 2887 5185 Sion,
2922 5117 3111 5188 paries
3159 5117 3426 5171 videlicet
3453 5133 3521 5171 ex
3551 5116 3669 5171 cir-

2013 5204 2391 5268 cumcisione,
2417 5210 2480 5259 ut
2510 5209 2564 5259 et
2594 5207 2790 5261 veniat
2824 5206 3012 5277 paries
3046 5207 3115 5260 de
3148 5205 3429 5277 preeputio
3455 5223 3466 5260 :
3492 5210 3558 5260 ut
3580 5204 3666 5259 illi

2013 5294 2128 5349 duo
2163 5292 2408 5365 parietes
2454 5294 2645 5363 juncti
2678 5293 2733 5348 in
2772 5312 2952 5348 unum
3010 5293 3348 5365 angularem
3384 5294 3662 5365 lapidem,

2015 5385 2361 5438 construant
2383 5381 2694 5438 civitatem.
2720 5385 2785 5437 Et
2805 5385 3095 5448 timebunt,
3122 5382 3290 5454 quasi
3317 5380 3472 5436 dicat
3498 5400 3509 5436 :
3537 5382 3663 5438 Non

2014 5477 2243 5527 tantum
2273 5472 2618 5526 misereberis
2647 5473 2797 5537 Sion,
2832 5472 2929 5527 sed
2972 5471 3148 5526 etiam
3178 5476 3365 5541 gentes
3393 5470 3666 5528 timebunt

2014 5562 2221 5615 timore
2270 5560 2457 5625 ﬁliali,
2490 5578 2603 5615 non
2656 5561 2869 5630 servili,
2924 5578 3117 5617 nomen
3163 5568 3343 5625 tuum,
3400 5561 3665 5625 Domine;

2006 5653 2173 5722 juxta
2214 5650 2356 5705 illud
2394 5665 2406 5705 :
2442 5652 2567 5706 Dico
2596 5652 2777 5707 Jesum
2828 5653 3140 5707 ministrum
3168 5652 3337 5721 fuisse
3376 5651 3663 5707 circumci-
