4024 6192
239 348 367 413 πε.

1360 349 1965 417 ENARRATIONES
2007 349 2086 412 IN
2132 352 2513 416 l’SALMOS.

3526 354 3653 418 666

237 483 635 552 tantum,ideo
657 486 1007 544 subsecutus
1036 487 1118 543 ait
1148 504 1161 543 :
1198 487 1602 545 Praedirabitur
1632 490 1886 556 Evange-
1917 489 1970 552 Α
2001 489 2176 557 caput
2202 484 2471 542 videlicet
2499 491 2557 543 et
2585 503 2816 559 corpus,
2873 485 2929 541 id
2979 490 3086 551 est,
3137 484 3402 543 Christus
3446 493 3505 544 et
3557 493 3654 544 Ec-

240 575 379 628 lium
410 575 508 630 hoc
538 577 594 630 in
626 580 745 631 toto
775 578 902 633 orbe
929 583 1218 633 terrarum
1269 583 1326 633 in
1358 580 1731 633 testimonium
1770 595 1893 633 om-

239 662 405 718 nium
439 664 727 735 gentium,
760 676 812 721 et
836 671 965 721 tunc
996 666 1128 721 ﬁnis
1160 668 1269 722 erit
1294 669 1522 737 (Matth.
1548 668 1723 737 XXIV).
1758 669 1897 721 Pau-

237 754 456 808 citatem
485 754 700 808 dierum
729 771 973 810 meorum
1002 758 1199 810 nuntia
1230 757 1390 819 mihi,
1425 757 1495 811 ad
1555 756 1663 810 hoc
1694 755 1897 809 videli-

241 850 350 906 cet,
409 859 478 896 ne
529 859 739 898 revoces
788 861 876 898 me
920 847 977 899 in
1038 845 1267 901 dimidio
1333 845 1551 899 dierum
1628 862 1897 911 meorum,

238 931 299 986 id
331 936 439 995 est,
491 948 561 986 ne
594 949 685 988 me
715 934 972 988 revocari
1015 936 1321 1005 permittas
1380 938 1438 990 in
1498 935 1734 989 dimidio
1790 936 1902 989 die-

240 1036 367 1074 rum
434 1037 698 1087 meorum,
745 1023 801 1076 id
857 1029 948 1078 est
995 1023 1416 1094 inperfectione
1475 1024 1701 1079 dierum
1753 1028 1902 1078 tem-

243 1108 555 1179 poralium.
606 1110 754 1166 Nota
791 1112 931 1182 quia
978 1119 1115 1166 tunc
1161 1114 1523 1183 permitteret
1563 1130 1697 1167 eum
1731 1130 1903 1167 revo-

245 1197 364 1253 cari
395 1200 456 1252 in
484 1199 719 1256 dimidio
746 1201 1038 1271 dierum,si
1061 1203 1131 1256 ad
1154 1202 1259 1256 hoc
1276 1202 1622 1256 deduceretu
1636 1208 1754 1265 r,ut
1775 1219 1904 1256 sen-

240 1287 435 1343 tentiae
468 1289 681 1344 faveret
709 1288 1084 1345 inimicorum
1116 1290 1520 1345 haereticorum
1555 1290 1899 1359 dicentium,

254 1376 572 1432 Ecclesium
608 1395 794 1449 usque
827 1380 896 1433 ad
930 1378 1496 1433 consummationem
1550 1382 1745 1434 δῶσι]ιί
1789 1398 1904 1435 non

249 1466 463 1520 durare
492 1492 506 1532 ;
539 1468 695 1537 quod
729 1468 867 1522 dicit
893 1468 921 1522 ‘t
968 1468 1044 1523 Ne
1074 1484 1281 1523 revoces
1310 1485 1397 1523 me
1426 1471 1483 1522 in
1514 1469 1760 1525 dimidio
1787 1472 1904 1525 die-

241 1571 373 1609 rum
403 1572 653 1611 meorum
681 1575 699 1609 :
731 1558 790 1611 in
818 1559 1223 1628 generationem
1253 1563 1301 1612 et
1330 1560 1743 1628 generationem
1771 1561 1909 1613 anni

242 1646 343 1699 tui.
377 1645 551 1711 Quasi
583 1645 737 1700 dicat
768 1662 782 1701 :
816 1647 947 1702 Ideo
978 1662 1117 1718 rogo
1168 1652 1231 1701 ut
1262 1648 1499 1702 nunties
1548 1649 1901 1719 paucitatem

244 1733 471 1789 dierum
506 1740 855 1799 meorum,et
884 1752 998 1790 non
1032 1736 1564 1808 multiplicitatem:
1595 1737 1733 1809 quia
1765 1739 1902 1793 anni

2006 574 2199 629 clesia.
2236 576 2398 641 Quod
2430 577 2573 631 dicit
2621 595 2632 632 :
2690 579 2823 633 Filii
2874 593 3153 633 servorum
3184 581 3406 632 tuorum
3437 579 3653 634 habita-

2008 664 2164 727 bunt,
2197 664 2252 718 id
2311 669 2419 731 est,
2456 667 2605 720 bona
2634 683 2808 737 opera
2839 683 3139 722 servorum
3170 673 3405 722 tuorum
3436 668 3653 723 habita-

2011 755 2160 816 bunt,
2190 753 2244 807 id
2304 760 2411 817 est,
2444 760 2613 808 erunt
2672 773 2849 811 causa
2893 774 3072 828 quare
3132 757 3278 813 servi
3310 757 3394 812 tui
3428 757 3656 813 habita—

2010 844 2157 897 bunt
2186 841 2242 896 in
2280 842 2395 897 illis
2426 842 2618 909 annis,
2650 845 2788 915 quia
2818 845 2964 901 tales
2996 845 3145 901 filios
3177 846 3381 919 quales
3414 847 3663 919 premit-

2011 932 2194 987 timus
2228 932 2307 985 ibi
2339 931 2704 987 inveniemus
2737 951 2750 988 :
2786 935 2924 1005 quia
2957 937 3027 990 ad
3070 936 3177 991 hoc
3228 937 3663 1008 praemittuntur

2011 1022 2121 1091 ﬁlii
2148 1024 2338 1092 nostri,
2374 1022 2427 1075 id
2462 1025 2569 1091 est,
2599 1039 2772 1093 opera
2805 1030 3027 1090 nostra,
3052 1032 3117 1081 ut
3147 1026 3224 1080 ibi
3260 1032 3466 1097 parent
3491 1027 3660 1083 nobis

2015 1112 2361 1165 necessaria.
2396 1112 2557 1173 Quod
2592 1112 2902 1167 notabatur
2922 1131 3025 1185 per
3052 1115 3431 1187 Joseph,quia
3461 1117 3532 1171 ad
3555 1117 3665 1173 hoc

2014 1201 2353 1272 pramissus
2382 1201 2506 1266 luit,
2544 1206 2607 1255 ut
2638 1201 2787 1272 patri
2823 1204 3148 1273 provideret
3180 1206 3668 1263 necessaria.Filii

2012 1306 2291 1345 servorum
2320 1299 2538 1345 tuorum
2569 1291 2909 1361 habitabant,
2962 1301 3011 1347 et
3036 1309 3219 1347 semen
3247 1311 3436 1349 eorum
3468 1297 3528 1350 in
3555 1312 3666 1354 sae—

2012 1380 2197 1433 vulum
2216 1378 2713 1446 dirigetur.Potest
2733 1380 2969 1435 etaliter
2993 1381 3102 1451 legi
3128 1384 3401 1454 superius
3414 1385 3512 1439 ubi
3531 1386 3669 1441 dici-

2012 1468 2430 1540 tur,Respondit
2448 1471 2502 1523 ei
2527 1470 2583 1522 in
2606 1471 2695 1523 via
2719 1471 2940 1524 virtutis
2968 1486 3105 1537 sum,
3168 1474 3335 1542 quasi
3385 1474 3666 1531 dicat:Po-

2010 1559 2175 1629 putus
2205 1559 2304 1630 qui
2330 1559 2630 1623 creabitur,
2666 1559 2917 1614 taudabit
2977 1561 3270 1615 Dominum
3324 1563 3432 1617 hoc
3473 1564 3666 1631 modo,

2018 1646 2155 1718 quia
2184 1649 2470 1718 respondet
2502 1650 2555 1702 ei
2580 1650 2639 1701 in
2668 1650 2758 1702 via
2814 1650 3034 1703 virtutis
3090 1666 3205 1705 sum
3249 1650 3311 1705 in
3341 1651 3670 1708 imitatione

2017 1739 2166 1806 ejus,
2200 1742 2264 1791 ut
2295 1736 2447 1791 sicut
2476 1735 2599 1808 ipse
2650 1737 2810 1792 dedit
2854 1739 3112 1794 animam
3168 1756 3271 1811 pro
3318 1739 3544 1806 ovibus,
3592 1741 3673 1795 ita

248 1823 372 1890 tui;
409 1823 463 1877 id
497 1829 587 1879 est
625 1824 1028 1896 multiplicitas
1077 1826 1329 1890 dierum,
1379 1828 1614 1897 quando
1678 1833 1737 1881 tu
1789 1830 1905 1883 eris
1936 1862 1983 1925 B
2018 1830 2071 1881 et
2104 1826 2228 1897 ipse
2263 1825 2511 1896 populus
2570 1827 2828 1881 animam
2874 1844 2977 1898 pro
3029 1828 3310 1883 fratribus
3355 1829 3493 1884 dare
3554 1846 3669 1903 non

242 1913 441 1967 omnia
470 1912 529 1966 in
562 1912 976 1980 omnibus,erit
1002 1916 1061 1968 in
1088 1917 1499 1985 generationem
1519 1925 1571 1971 et
1600 1926 1905 1987 generatio-

239 2000 451 2067 nem,id
473 2006 563 2056 est
585 2002 1120 2058 asternaliterztunc
1138 2004 1669 2076 videlicet,quando
1694 2023 1901 2061 omnes

243 2090 642 2161 generationes
698 2109 822 2159 quas
884 2092 977 2147 hic
1007 2095 1333 2147 succedunt
1362 2099 1419 2147 et
1467 2096 1776 2161 decedunt,
1811 2112 1905 2150 co-

246 2192 370 2232 ram
420 2182 477 2232 te
520 2184 691 2234 erunt
741 2181 1036 2252 generatio
1086 2198 1205 2236 una
1252 2182 1309 2235 in
1361 2198 1478 2252 qua
1529 2184 1905 2253 generatione

246 2270 423 2319 erunt
448 2269 591 2322 anni
618 2269 793 2337 tui,id
826 2270 1238 2336 est,zeternitas
1268 2274 1389 2325 tua.
1435 2271 1501 2326 Et
1532 2288 1647 2326 non
1682 2277 1908 2327 tantum

254 2359 401 2409 tunc
430 2356 542 2410 erit
562 2357 857 2413 aeternitas
887 2364 1009 2425 tua,
1044 2359 1142 2413 sed
1177 2360 1352 2414 etiam
1385 2360 1494 2414 fuit
1526 2367 1659 2415 ante
1691 2363 1909 2427 omnia,

251 2442 415 2513 quia,
450 2453 509 2497 tu
538 2446 789 2511 Domine,
817 2448 881 2502 in
915 2448 1097 2519 initio,
1130 2449 1185 2503 id
1213 2454 1319 2511 est,
1345 2450 1401 2503 in
1435 2451 1756 2505 aeternitate
1787 2455 1910 2516 tua,

248 2530 339 2587 vel
379 2532 437 2586 in
470 2532 615 2587 Filio
646 2539 745 2589 tuo
774 2537 1029 2606 fundasti
1051 2541 1281 2607 terram,
1309 2539 1361 2591 id
1397 2543 1485 2591 est
1515 2538 1913 2609 Ecclesiam,et

254 2634 423 2691 opera
450 2638 719 2677 manuum
773 2632 997 2679 tuarum
1025 2630 1155 2679 sunt
1184 2628 1326 2696 cceli,
1361 2626 1417 2680 id
1465 2630 1572 2692 est,
1630 2627 1678 2681 si
1734 2627 1915 2698 aliqui

250 2714 391 2766 sunt
420 2712 562 2782 steti,
595 2712 651 2765 id
685 2716 793 2778 est,
826 2715 994 2769 sedes
1024 2714 1147 2783 Dei,
1182 2715 1292 2770 hoc
1326 2732 1440 2770 non
1472 2720 1561 2771 est
1592 2731 1695 2786 per
1722 2717 1912 2783 se,sed

249 2815 532 2871 perapera
563 2818 831 2856 manuum
851 2808 1116 2858 tuarum:
1139 2804 1277 2870 quia
1305 2807 1366 2857 tu
1402 2804 1457 2857 in
1496 2802 1613 2857 illis
1639 2810 1913 2873 operatus

250 2904 321 2943 es
343 2888 719 2960 quidquid'in
747 2888 830 2944 eis
862 2889 997 2944 boni
1028 2895 1136 2945 est.
1162 2892 1230 2945 Et
1258 2895 1454 2946 tamen
1483 2891 1615 2947 licet
1646 2894 1764 2947 sint
1784 2893 1911 2948 cmli

251 2980 309 3033 et
334 2993 482 3048 opus
513 2994 798 3033 manuum
860 2982 1117 3049 tuarum,
1181 2986 1375 3035 tamen
1408 2981 1515 3051 ipsi
1539 2984 1821 3052 peribunt,
1854 2992 1914 3038 tu

250 3069 437 3121 autem
470 3067 861 3138 permanebis.
896 3068 1043 3124 Nota
1073 3071 1224 3140 qnod
1254 3070 1413 3139 dicit,
1434 3072 1693 3141 peribunt
1724 3090 1741 3125 :
1776 3073 1912 3142 quia

254 3155 307 3209 si
339 3155 582 3228 perituri
614 3162 751 3211 sunt
791 3159 1115 3213 secundum
1158 3175 1369 3229 corpus
1419 3160 1689 3229 peribunt
1722 3178 1733 3214 :
1770 3167 1827 3215 et
1858 3162 1907 3215 si

2016 1915 2303 1969 dubitavit
2335 1931 2347 1967 :
2382 1920 2439 1969 et
2470 1915 2551 1969 sic
2582 1916 2866 1985 respondit
2922 1919 2992 1981 ei,
3045 1917 3244 1973 dicens
3279 1935 3291 1972 :
3326 1920 3673 1973 Paucitatem

2014 2006 2232 2060 dierum
2260 2021 2505 2059 meorum
2533 2006 2735 2059 nuntia
2755 2007 2915 2068 mihi,
2942 2006 3000 2060 id
3026 2007 3229 2072 est,fac
3255 2024 3348 2062 me
3378 2008 3675 2063 attendere

2019 2109 2197 2166 quam
2232 2093 2399 2164 pauci
2432 2105 2571 2147 sunt
2601 2095 2724 2149 dies
2756 2095 2888 2149 mei.
2944 2100 3024 2151 Ne
3052 2111 3263 2151 revoces
3318 2113 3428 2165 me,
3474 2096 3531 2150 id
3563 2100 3674 2161 est,

2020 2199 2091 2237 ne
2123 2200 2214 2237 me
2246 2182 2501 2237 revocari
2523 2184 2829 2253 permittas
2850 2186 2911 2238 in
2932 2184 3250 2250 dimidio,id
3282 2184 3676 2255 est,imperfe-

2020 2271 2211 2327 ctione
2240 2272 2467 2326 dierum
2501 2288 2788 2338 meorum,
2822 2276 2887 2326 ut
2917 2273 3218 2328 attendam
3270 2272 3539 2329 videlicet
3568 2272 3676 2328 hos

2022 2360 2147 2416 dies
2179 2361 2549 2431 imperfectos
2579 2366 2635 2417 et
2664 2378 2780 2416 non
2812 2361 3185 2417 aeternos.Vel
3209 2362 3292 2417 sic
3328 2378 3339 2416 :
3368 2364 3445 2417 Ne
3462 2378 3674 2417 revoces

2022 2468 2108 2505 me
2137 2453 2195 2505 in
2224 2450 2460 2505 dimidio
2489 2451 2705 2505 dierum
2737 2450 3065 2518 meorum,id
3098 2456 3210 2517 est,
3235 2468 3267 2505 a
3297 2468 3473 2505 cursu
3500 2451 3678 2521 hujus

2022 2540 2170 2604 vitaz,
2206 2540 2388 2594 donec
2419 2544 2681 2610 satagam
2733 2540 2803 2594 de
2860 2539 3255 2611 adipiscendis
3312 2540 3565 2595 aeternis.
3615 2540 3682 2595 Et

2024 2644 2203 2698 quare
2234 2628 2341 2682 hoc
2362 2628 2388 2681 δῖ
2420 2628 2566 2691 Quia
2595 2628 2733 2682 anni
2767 2629 2849 2682 tui
2910 2627 3089 2682 futuri
3125 2632 3264 2683 sunt
3312 2628 3370 2682 in
3428 2644 3672 2700 genera-

2024 2716 2181 2771 tione
2210 2716 2677 2787 generationum.
2713 2715 2929 2771 Caetera
2962 2733 3076 2771 non
3109 2722 3431 2771 mutantur.

2606 2822 2925 2877 PSALMUS
2964 2823 3077 2879 CII.

2522 2911 2771 2949 PSALMUS
2814 2911 2925 2949 IPSI
2967 2911 3155 2949 DAVID.

2096 3003 2124 3031 «
2156 2983 2424 3050 Benedic,
2458 2984 2655 3039 anima
2700 2999 2849 3049 mea,
2910 2982 3179 3048 Domino,
3234 2987 3293 3038 et
3321 2983 3518 3038 omnia
3547 3000 3675 3056 qua

2023 3092 2050 3119 ‹‹
2081 3070 2234 3125 intra
2266 3088 2357 3125 me
2376 3072 2765 3141 sunt,nomini
2789 3077 2990 3127 sancto
3009 3074 3157 3142 ejus.
3184 3072 3453 3139 Benedic,
3478 3073 3679 3128 anima

2028 3181 2055 3209 ι(
2088 3176 2235 3225 mea,
2281 3160 2545 3225 Domino,
2578 3165 2633 3213 et
2662 3160 2779 3215 noli
2838 3160 3101 3215 oblivisci
3159 3177 3364 3216 omnes
3424 3162 3673 3217 retribu-

251 3244 579 3299 secundum
610 3245 947 3316 corpus,ubi
982 3247 1350 3315 resurrectio,
1375 3264 1551 3317 quam
1581 3264 1793 3318 negare
1816 3266 1910 3303 ne-
1939 3227 1981 3292 (ἶ
2024 3269 2052 3296 ‹‹
2082 3247 2270 3301 tiones
2302 3249 2563 3317 ejus.Qui
2590 3248 2936 3320 propitiatur
2966 3250 3242 3303 omnibus
3264 3249 3675 3320 iniquitatibus

253 3333 340 3388 fas
372 3337 458 3388 est
485 3333 513 3387 ‘?
544 3337 784 3389 Constat
813 3351 947 3405 ergo
981 3336 1121 3406 quia
1150 3352 1265 3389 non
1290 3335 1374 3390 sic
1407 3336 1768 3405 peribunt,ut
1790 3354 1906 3391 non

250 3424 865 3495 resurgant.Peribunt
884 3423 943 3478 in
975 3424 1105 3495 ipsa
1131 3424 1553 3479 resurrectione
1578 3442 1590 3479 :
1616 3424 1753 3495 quia
1773 3443 1906 3480 cum

252 3512 642 3584 assumpserit
662 3512 958 3583 corruptio
985 3512 1725 3584 incorruptionem,peribit
1746 3515 1803 3568 in
1824 3515 1907 3569 eis

250 3601 544 3674 corruptio
576 3619 703 3674 qua:
735 3603 1032 3674 praecessit
1083 3619 1093 3658 :
1149 3602 1360 3674 peribit
1391 3603 1449 3656 in
1496 3603 1580 3657 eis
1613 3604 1766 3674 quod
1802 3604 1909 3659 fuit

250 3690 524 3759 animale,
556 3696 612 3746 et
642 3691 967 3746 remanebit
1007 3693 1162 3763 quod
1206 3692 1313 3745 fuit
1361 3691 1685 3762 spirituale.
1746 3693 1905 3758 Quod

250 3779 527 3850 dicit,ipsi
553 3780 899 3851 peribunt,tu
932 3783 1116 3835 autem
1148 3780 1537 3851 permanebis.
1573 3781 1638 3834 Et
1656 3797 1785 3835 vere
1806 3798 1902 3852 pe-

250 3869 441 3924 ribunt
475 3869 613 3940 quia
658 3885 842 3924 omnes
888 3873 1223 3925 veterascent
1253 3886 1271 3923 :
1313 3874 1369 3924 et
1413 3870 1521 3924 hoc
1570 3870 1719 3933 idco,
1769 3871 1908 3941 quia

252 3962 399 4012 sunt
422 3960 808 4014 vestimentum
835 3977 856 4012 :
886 3975 1101 4030 corpus
1129 3960 1286 4012 enim
1325 3957 1493 4029 quasi
1526 3960 1908 4014 vestimentum

251 4053 343 4102 est
382 4047 614 4115 animas,
643 4052 699 4102 et
727 4048 856 4102 ideo
912 4048 1243 4103 necessaria
1287 4053 1634 4101 veterasceut.
1669 4049 1733 4101 Et
1762 4051 1910 4103 sicut

250 4138 589 4208 opertorium
619 4136 772 4207 quod
804 4153 907 4208 pro
952 4140 1244 4191 vetustate
1299 4135 1625 4189 mutabitur
1670 4136 1909 4190 mulabis

250 4239 360 4279 eos.
395 4224 464 4279 Et
491 4240 622 4281 vere
655 4225 936 4289 mutabis,
969 4224 1247 4296 quoniam
1293 4222 1408 4294 ipsi
1436 4224 1795 4278 mutabuntur
1838 4225 1907 4279 de

251 4312 628 4385 corruptione
684 4314 742 4367 in
804 4312 1325 4385 incorruptionem.
1359 4313 1430 4366 Tu
1471 4320 1675 4378 autem,
1710 4312 1765 4366 id
1798 4318 1905 4383 est,

251 4403 355 4475 qui
390 4401 553 4457 fuisti
596 4403 668 4458 ab
698 4402 888 4469 initio,
919 4402 1060 4457 idem
1095 4404 1206 4471 ipse
1237 4418 1291 4455 es
1343 4418 1787 4472 permansurus,
1820 4403 1908 4456 in-

249 4490 690 4548 commutabilis
718 4490 987 4546 videlicet
1022 4507 1034 4545 :
1068 4496 1122 4545 et
1152 4492 1291 4545 anni
1333 4492 1419 4545 lui
1458 4488 1757 4545 aaternales
1798 4508 1911 4546 non

2018 3358 2045 3384 ‹‹
2084 3335 2328 3405 tuis,qui
2362 3342 2532 3390 sanat
2562 3352 2766 3391 omnes
2788 3336 3127 3391 infimitates
3152 3338 3421 3400 tuas.Qui
3444 3336 3679 3391 redimit

2023 3446 2050 3473 ‹‹
2082 3424 2151 3477 de
2178 3423 2416 3477 interitu
2446 3423 2621 3477 vitam
2650 3430 2835 3490 tuam,
2869 3425 2969 3496 qui
3003 3430 3243 3479 coronat
3268 3429 3324 3479 te
3355 3424 3413 3479 in
3447 3424 3675 3480 miseri-

2024 3533 2050 3565 α
2076 3512 2273 3567 cordia
2305 3517 2361 3566 et
2392 3512 2887 3567 miserationibus.
2934 3514 3039 3576 Qui
3079 3512 3262 3585 replet
3295 3513 3350 3567 in
3384 3514 3555 3569 bonis
3578 3515 3676 3569 de-

2019 3624 2046 3651 ‹‹
2083 3601 2365 3656 siderium
2400 3606 2565 3655 tuum
2601 3620 2612 3656 :
2647 3603 3022 3657 renovabitur
3051 3607 3114 3656 ut
3163 3601 3371 3673 aquilis
3395 3604 3676 3673 juventus

2022 3713 2049 3740 ‹‹
2083 3694 2203 3746 tua.
2241 3691 2477 3745 Faciens
2512 3690 2945 3746 misericordias
2974 3691 3277 3761 Dominus,
3311 3691 3676 3762 etjudicium

2022 3779 2357 3835 «omnibus
2416 3780 2691 3847 injuriam
2742 3778 3120 3851 patientibus.
3184 3780 3359 3834 Notas
3393 3778 3525 3834 fecit
3554 3779 3677 3835 vias

2022 3892 2047 3917 u
2082 3887 2217 3924 suas
2248 3869 2592 3941 Moysiﬁliis
2625 3867 2801 3924 Israel
2831 3873 3159 3924 voluntates
3192 3868 3674 3924 suas.Miserator

2019 3981 2047 4007 ‹‹
2082 3962 2138 4013 et
2169 3958 2497 4013 misericors
2554 3958 2853 4025 Dominus,
2904 3957 3263 4030 longaminis
3317 3962 3376 4013 et
3422 3957 3677 4013 multum

2019 4070 2045 4096 ‹‹
2082 4047 2431 4102 misericors.
2475 4047 2598 4101 Non
2634 4046 2690 4100 in
2720 4052 3064 4118 perpetuum
3098 4047 3594 4121 irascetur,neque
3616 4048 3674 4103 in

2018 4159 2046 4186 ‹‹
2080 4141 2362 4189 aeternum
2394 4136 2868 4191 comminabitur.
2902 4136 3025 4192 Non
3082 4138 3409 4192 secundum
3443 4140 3679 4209 peccata

2025 4248 2045 4273 ‹ι
2080 4229 2283 4278 nostra
2314 4224 2447 4278 fecit
2477 4225 2662 4289 nobis,
2696 4242 2886 4297 neque
2945 4227 3271 4281 secundum
3330 4226 3673 4298 iniquitates

2024 4336 2051 4363 «
2070 4318 2303 4367 nostras
2327 4312 2597 4368 retribuit
2619 4314 3104 4379 nobis.Quoniam
3129 4315 3452 4369 secundum
3478 4314 3676 4368 altitu-

2021 4424 2049 4452 ‹‹
2084 4401 2277 4456 dinem
2312 4400 2438 4455 θεειί
2473 4418 2507 4455 a
2532 4407 2709 4469 terra,
2769 4404 3163 4458 corroboravit
3212 4401 3676 4456 misericordiam

2020 4514 2047 4539 ‹‹
2084 4507 2249 4545 suam
2286 4508 2462 4562 super
2491 4484 2766 4545 timentes
2799 4493 3182 4555 se.Quantum
3216 4490 3399 4544 distat
3424 4494 3586 4544 ortus
3605 4489 3676 4543 ab

248 4580 586 4649 deﬂeientﬁn
617 4580 835 4653 quibus
865 4579 1037 4635 annis
1065 4580 1178 4649 ﬁlii
1203 4595 1490 4635 servorum
1511 4584 1728 4634 tuorum
1761 4580 1912 4635 habi-
1942 4595 1987 4659 D
2021 4602 2048 4630 «
2083 4579 2400 4649 occidente,
2420 4578 2590 4650 longe
2623 4579 2756 4633 fecit
2786 4596 2818 4633 a
2850 4579 3017 4633 nobis
3050 4578 3388 4649 iniquitates
3420 4584 3677 4636 nostras.

249 4670 467 4725 tabum.
500 4668 648 4724 Nota
678 4669 833 4740 quod
883 4669 1025 4724 dicit
1056 4668 1206 4724 ﬁlios
1237 4668 1522 4733 habitare,
1553 4674 1609 4722 et
1642 4685 1757 4723 non
1788 4686 1908 4724 ser-

250 4774 355 4813 vos
388 4775 403 4812 :
437 4757 577 4829 quia
606 4757 655 4813 si
689 4757 935 4828 apostoli
967 4759 1065 4829 qui
1098 4758 1248 4813 servi
1280 4758 1659 4822 fuerunt,non
1688 4757 1914 4812 habita-

249 4847 404 4901 buut
433 4846 535 4912 ibi,
572 4847 864 4918 quomodo
923 4847 1036 4916 ﬁlii
1091 4862 1317 4913 eorum,
1348 4846 1406 4900 id
1437 4849 1545 4911 est,
1574 4845 1905 4901 imitatores

251 4951 460 4992 eorum
493 4935 893 4991 habitabunt?
924 4936 1049 4991 Non
1097 4938 1181 4992 sic
1228 4934 1675 5007 intelligendum
1711 4941 1817 5006 est,
1852 4939 1916 4989 ut

254 5024 412 5080 servi
446 5041 559 5080 non
593 5024 942 5094 inhabitant,
973 5026 1073 5080 sed
1122 5042 1224 5097 per
1254 5025 1359 5079 hoc
1389 5025 1542 5095 quod
1587 5024 1729 5078 dicit
1762 5041 1773 5079 :
1809 5023 1917 5092 ﬁlii

252 5130 557 5183 servorum,
592 5117 756 5169 notat
785 5113 1014 5169 nullum
1045 5115 1102 5167 in
1154 5118 1441 5169 vetustate
1474 5118 1913 5184 permanentem

254 5203 411 5258 illuc
456 5203 754 5274 pervenire
787 5220 800 5257 :
834 5204 934 5258 sed
967 5206 1192 5274 oportet
1220 5208 1284 5257 ut
1313 5203 1413 5274 qui
1445 5202 1583 5257 illuc
1616 5202 1914 5273 pervenire

254 5284 617 5362 desiderant,
651 5292 961 5347 novitatem
991 5293 1260 5346 induant.
1321 5293 1481 5356 Quod
1511 5292 1824 5345 notabatur
1853 5291 1910 5344 in

254 5380 398 5438 ﬁliis
419 5380 858 5453 lsrael,quando
882 5380 1080 5436 nullus
1102 5380 1334 5436 illorum
1354 5381 1452 5451 qui
1470 5396 1628 5433 mare
1650 5380 1913 5435 Rubrum

251 5470 640 5536 transierunt,
670 5476 885 5525 terram
920 5468 1325 5542 promissionis
1356 5468 1609 5534 intravit,
1662 5468 1775 5523 nisi
1802 5471 1912 5524 Ca-

251 5559 349 5617 leb
382 5558 605 5615 scilicet
660 5566 717 5616 et
744 5560 923 5616 Josue
953 5560 1135 5632 (Num.
1169 5564 1304 5627 xiv),
1340 5558 1398 5613 in
1432 5556 1650 5629 quibus
1682 5556 1913 5613 duobus

253 5648 620 5707 notabantur
647 5649 764 5705 duo
797 5648 897 5721 qui
954 5648 1224 5705 iutraturi
1257 5650 1397 5704 sunt
1444 5663 1638 5702 veram
1669 5650 1908 5720 terram,

2022 4693 2049 4719 ‹‹
2083 4668 2382 4735 Quomodo
2417 4668 2728 4722 miseretur
2757 4672 2919 4737 pater
2965 4667 3243 4733 ﬁliorum,
3280 4666 3557 4723 misertus
3589 4671 3678 4724 est

2031 4781 2050 4806 ι
2090 4759 2370 4813 Dominus
2400 4756 2746 4812 timentibus
2779 4772 2861 4826 se,
2922 4757 3198 4825 quoniam
3232 4756 3356 4829 ipse
3410 4757 3678 4830 cognovit

2030 4868 2056 4896 ‹‹
2088 4850 2432 4918 ﬁgmentum
2456 4845 3109 4901 nostrum.Recordatus
3130 4852 3217 4901 est
3246 4847 3522 4917 quoniam
3547 4844 3676 4916 pul-

2024 4960 2052 4986 «
2082 4936 2170 4991 vis
2198 4935 2609 5001 sumus,homo
2643 4936 2796 4988 sicut
2828 4937 3023 4989 fenum
3047 4936 3171 4991 dies
3194 4936 3324 5007 ejus
3355 4941 3674 5005 :tanquam

2028 5047 2052 5076 ι
2088 5025 2193 5079 flos
2226 5024 2348 5096 agri
2382 5025 2465 5078 sic
2488 5023 3086 5088 elﬂorebit.Quoniam
3110 5024 3355 5094 spiritus
3378 5027 3674 5094 pertrans-

2025 5136 2053 5163 ‹‹
2086 5113 2193 5167 ibit
2219 5112 2279 5166 in
2314 5112 2431 5177 illo,
2480 5117 2536 5166 et
2582 5128 2695 5166 non
2750 5113 3054 5179 subsistet,
3104 5119 3160 5167 et
3210 5129 3323 5167 non
3369 5113 3678 5183 cognoscet

2025 5226 2051 5251 ‹‹
2086 5201 2339 5273 amplius
2362 5200 2555 5255 locum
2587 5200 3190 5256 suum.Misericordia
3215 5206 3407 5256 autem
3442 5197 3674 5255 Domini

2030 5315 2049 5339 ιι
2088 5292 2159 5346 ab
2191 5297 2400 5345 aeterno
2432 5295 2489 5343 et
2524 5289 2711 5360 u'sque
2741 5289 2799 5342 in
2859 5296 3145 5344 internum
3178 5305 3356 5359 super
3397 5288 3674 5343 timentes

2024 5402 2053 5431 ‹‹
2085 5397 2242 5435 eum.
2276 5379 2342 5433 Et
2362 5378 2598 5447 justitia
2628 5377 2788 5431 illius
2819 5394 2878 5430 in
2937 5378 3087 5431 lilios
3138 5377 3416 5445 filiorum,
3449 5376 3541 5433 his
3573 5375 3674 5449 qui

2023 5494 2050 5519 ‹‹
2079 5473 2312 5525 servant
2342 5473 2759 5522 testamentum
2792 5467 3012 5534 ejus.Et
3036 5483 3323 5521 memores
3345 5473 3484 5521 sunt
3514 5482 3674 5521 man-

2023 5583 2050 5609 «
2085 5560 2354 5614 datorum
2377 5556 2565 5628 ipsius
2593 5556 2663 5610 ad
2684 5555 3017 5611 faciendum
3037 5573 3122 5611 ea.
3146 5556 3432 5629 Dominus
3453 5555 3511 5611 in
3530 5554 3671 5611 ccnlo

2023 5671 2050 5699 ‹‹
2087 5648 2312 5719 paravit
2342 5646 2539 5702 sedem
2572 5660 2763 5713 suam,
2795 5650 2852 5702 et
2882 5661 3128 5719 regnum
3175 5645 3364 5719 ipsius
3395 5644 3670 5705 omnibus
