4024 6192
397 325 514 387 667

971 323 1276 388 REMIGII
1320 321 2067 389 ANTISSIODORENSIS
2111 321 2285 386 OPP.
2333 323 2530 389 PARS
2576 323 2625 387 Ῑ.
2658 357 2737 373 -
2764 324 3233 390 EXEGETICA.

401 481 424 513 ι
457 459 876 518 dominabitur.
935 459 1260 516 Benedicite
1288 459 1554 526 Domino,
1609 477 1813 516 omnes
1852 457 2042 531 angeli
2073 459 2128 524 Α
2148 459 2340 530 jurias
2374 459 2719 533 multas,pro
2737 461 2953 534 quibus
2978 459 3787 534 promeruistijudicium,non

401 575 420 602 ι
454 551 604 622 ejus,
639 554 904 622 potentes
935 547 1168 614 virtute,
1202 548 1480 606 facientes
1510 549 1748 604 verbum
1783 547 2040 614 illius,ad

395 625 423 692 (ξ
456 640 806 696 audiendam
835 654 1034 694 vocem
1067 655 1405 694 sermonum
1429 637 1916 710 ejus.Benedicite
1937 637 2046 692 Do-

394 752 424 781 «
457 730 846 800 mino,omnes
877 728 1121 784 Virtutes
1146 727 1553 800 ejus,ministri
1578 728 1706 799 ejus
1727 727 1824 798 qui
1851 725 2042 782 facitis

392 840 421 870 ‹‹
451 817 806 875 voluntatem
841 817 988 888 ejus.
1014 816 1342 872 Benedicite
1364 815 1837 886 Domino,omnia
1865 832 2042 888 opera

389 929 418 958 α
454 909 582 979 ejus
618 925 630 964 :
666 907 724 962 in
758 905 918 963 omni
943 905 1069 962 loco
1121 903 1539 960 dominationis
1569 905 1718 976 ejus,
1773 904 2037 976 benedic,

387 1019 415 1047 «
449 996 648 1052 anima
678 1013 828 1063 mea,
863 995 1128 1051 Domino.
1167 1017 1194 1043 »

1029 1084 1293 1140 ENARRA
1304 1082 1426 1139 T10.

450 1174 572 1232 Vox
597 1177 686 1230 est
714 1174 773 1230 in
805 1174 914 1229 hoc
969 1171 1198 1246 psalmo
1255 1173 1641 1243 perfectorum
1675 1187 1732 1224 1n
1795 1184 2036 1241 corpore

378 1264 591 1322 Christi
622 1263 1055 1320 exhortantium
1089 1261 1316 1317 animas
1345 1278 1504 1327 suas,
1539 1260 1590 1314 id
1637 1263 1726 1315 est
1765 1256 2033 1314 animali-

375 1360 527 1414 tates
559 1373 720 1423 suas,
754 1357 1045 1426 quatenus
1077 1368 1212 1408 cum
1245 1350 1608 1406 orationibus
1639 1348 1763 1406 suis
1794 1363 2032 1403 concor-

380 1446 518 1502 dent
548 1449 604 1500 et
623 1442 973 1500 benedicant
1008 1439 1336 1496 Dominum.
1387 1438 1487 1494 Vel
1521 1443 1710 1510 potest
1742 1452 1870 1492 esse
1904 1453 2030 1508 per-

378 1536 664 1592 fectorum
715 1534 785 1587 ad
845 1532 1043 1586 minus
1092 1529 1377 1601 perfectos
1416 1545 1429 1582 ε
1465 1529 1604 1599 quia
1646 1525 1759 1598 ipsi
1801 1531 2034 1597 propter

375 1623 776 1681 inﬁrmitatem
810 1620 1023 1684 carnis,
1057 1618 1150 1674 cui
1182 1635 1244 1673 se
1274 1618 1579 1689 objiciunt,
1613 1615 1886 1672 animalis
1927 1630 2030 1669 no-

376 1715 534 1771 mine
565 1712 970 1784 designantur.
1035 1710 1148 1763 Hos
1193 1706 1338 1762 tales
1399 1723 1598 1762 secum
1657 1705 1899 1760 trahunt
1956 1705 2026 1758 ad

372 1801 838 1861 benedicendum
865 1798 1178 1855 Dominum
1202 1797 1259 1852 in
1284 1797 1394 1852 hoc
1417 1795 1849 1868 psalmc.Quasi
1872 1793 2034 1849 dicat

371 1891 812 1964 unusquisque:
841 1891 902 1945 In
924 1888 1082 1944 omni
1109 1903 1356 1942 munere
1373 1885 1603 1942 Domini
1635 1888 1692 1940 et
1723 1881 2031 1939 salvatoris

369 1982 554 2038 nostri
581 1981 721 2037 Jesu
754 1977 987 2044 Christi,
1022 1977 1082 2032 in
1113 1973 1273 2031 omni
1305 1973 1720 2043 consolatione,
1772 1974 1829 2027 in
1862 1976 2024 2031 omni

367 2071 752 2143 correptione,
782 2067 841 2122 in
874 2065 1064 2140 gratia
1093 2064 1193 2120 illa
1223 2080 1340 2136 qua
1369 2061 1719 2118 condonavit
1765 2064 2024 2133 peccata,

369 2166 427 2218 et
457 2177 573 2217 non
605 2157 875 2214 retribuit
907 2155 1228 2212 secundum
1266 2152 1492 2208 merita.

439 2249 696 2318 Benedic,
732 2248 922 2303 anima
951 2262 1094 2314 mea,
1127 2243 1352 2299 Domino
1383 2262 1400 2298 :
1432 2240 1684 2305 Benedic,
1739 2239 1869 2295 dico
1911 2255 2025 2294 non

371 2343 604 2398 tantum
637 2338 864 2408 lingua,
893 2335 995 2392 sed
1029 2334 1206 2390 etiam
1254 2333 1390 2388 vita.
1428 2333 1554 2404 Ipse
1601 2330 1758 2386 enim
1809 2335 1923 2384 non
1954 2328 2026 2384 ad

370 2430 482 2486 hoc
515 2427 722 2500 quaerit
743 2424 1208 2482 benedictionem
1231 2425 1586 2488 nostram,ut
1603 2419 1714 2475 sibi
1741 2418 2023 2492 proficiat,

375 2519 478 2575 sed
513 2523 578 2573 ut
604 2533 713 2572 nos
743 2513 1122 2587 proficiamus
1153 2513 1210 2566 in
1237 2511 1456 2567 eo.Non
1478 2510 1632 2565 enim
1654 2509 1763 2564 hoc
1795 2507 2025 2580 quaerit,

369 2622 485 2678 quo
538 2607 789 2675 recepto,
825 2618 887 2658 se
916 2619 950 2656 a
981 2600 1150 2656 nobis
1181 2603 1435 2665 avertat;
1469 2599 1570 2653 sed
1625 2598 1777 2669 quod
1813 2613 1920 2652 nos
1951 2597 2024 2652 ad

373 2711 446 2751 eu
465 2710 520 2748 m
554 2690 857 2766 pervenire
887 2690 1079 2746 faciat.
1113 2690 1178 2743 Et
1205 2689 1391 2743 omnia
1420 2700 1546 2758 quae
1573 2687 1722 2740 intra
1754 2701 1841 2740 me
1875 2693 2022 2752 sunt,

365 2784 588 2840 nomini
611 2783 799 2838 sancto
823 2781 959 2848 eius.
1012 2778 1137 2834 Non
1170 2775 1430 2848 loquitur
1460 2774 1552 2830 hic
1601 2775 1672 2828 ad
1722 2773 2021 2843 intestina,

359 2875 528 2947 jecur
553 2869 828 2927 videlicet
856 2872 914 2924 et
944 2870 1168 2932 cetera,
1203 2870 1264 2921 ut
1295 2863 1646 2920 benedicant
1678 2862 2024 2930 Dominum;

365 2963 467 3021 sed
497 2962 651 3034 quod
683 2957 849 3032 prius
879 2955 1165 3012 intellexit
1213 2971 1316 3026 per
1346 2954 1629 3024 animam,
1664 2951 1774 3007 hoc
1804 2950 2020 3006 iterum

363 3069 467 3126 pro
496 3049 681 3106 nimia
712 3047 1011 3104 affectione
1041 3061 1217 3116 quam
1275 3043 1451 3098 habet
1479 3041 1537 3096 in
1596 3040 1703 3096 hac
1751 3040 2019 3096 exhorta-

358 3141 537 3207 tione,
571 3137 703 3195 aliis
731 3132 922 3191 verbis
954 3133 1258 3206 expressit.
1291 3131 1394 3186 Vel
1424 3145 1742 3202 possumus
1773 3130 2020 3185 virtutes

360 3229 590 3296 animis,
618 3225 928 3291 rationem,
962 3222 1343 3287 intellectum,
1393 3223 1746 3289 craterasque
1775 3217 2020 3273 virtutes
2049 3201 2092 3268 C

360 3335 488 3393 quae
519 3317 673 3374 infra
703 3313 962 3370 animam
995 3307 1484 3380 sunt,intelligere
1517 3325 1529 3363 :
1564 3323 1714 3380 quas
1744 3305 1880 3362 licet
1909 3322 2021 3361 vox

343 3408 480 3467 -oris
509 3407 700 3471 sileat,
723 3409 922 3460 tamen
950 3418 1065 3457 non
1098 3401 1313 3455 debent
1344 3396 1515 3453 silere
1547 3395 1826 3452 interiora
1855 3412 1889 3450 a
1917 3395 2016 3451 be-

362 3495 693 3554 nedictione
715 3490 965 3548 Domini.
996 3489 1254 3544 Alternet
1282 3503 1385 3558 pro
1416 3489 1680 3557 tempore
1709 3501 1891 3540 sonus
1919 3501 2017 3540 vo-

363 3603 499 3644 cum
557 3586 843 3658 perpetua
923 3579 999 3636 sit
1053 3594 1160 3633 vox
1192 3575 1452 3632 interior.
1477 3579 1620 3630 Cum
1651 3574 1927 3630 convenis
1945 3574 2017 3630 ad

363 3673 704 3742 Ecclesiam,
727 3671 1014 3744 hymnum
1047 3667 1140 3722 dic
1163 3683 1176 3722 :
1197 3668 1367 3720 sonat
1394 3680 1502 3719 vox
1532 3667 1636 3718 tua
1664 3662 1870 3718 laudes
1890 3663 2016 3718 Dei.

359 3763 625 3822 Dilexisti
649 3763 936 3833 quantum
961 3752 1556 3829 potuistizdiscessisti
1579 3751 1606 3806 ?
1631 3755 1802 3807 sonat
1822 3751 2022 3808 anima

357 3857 461 3910 tua
489 3853 698 3908 laudes
728 3848 850 3905 Dei.
905 3845 1216 3918 Negotium
1250 3841 1375 3913 agis
1398 3841 1426 3894 ‘I
1457 3839 1764 3896 benedicat
1819 3841 2021 3896 anima

356 3945 464 3998 tua
492 3937 972 3997 Domino.Cibum
997 3932 1197 4005 capis?
1217 3931 1350 3990 vide
1381 3929 1519 4002 quid
1553 3928 1634 3984 ait
1664 3927 1984 4000 Apostolus
2004 3977 2020 4005 τ

359 4031 484 4088 Sive
512 4026 885 4090 manducetis,
943 4003 1294 4089 sive—bibitis,
1345 4020 1532 4076 omnia
1562 4019 1625 4074 in
1652 4019 1890 4087 gloriam
1919 4003 2028 4090 De}

357 4119 534 4192 facite
565 4116 614 4185 (1
645 4115 766 4170 Cor.
800 4113 877 4183 x).
911 4111 1112 4165 Audeo
1143 4110 1356 4176 dicere,
1389 4125 1526 4164 cum
1558 4106 1801 4174 dormis,
1837 4106 2017 4163 bene-

358 4207 519 4264 dicat
542 4203 742 4262 anima
761 4198 1343 4257 tuaDominum.Non
1366 4201 1422 4252 te
1442 4195 1788 4270 excogitatio
1810 4195 2020 4268 ﬂagitii

357 4294 653 4354 excitet.Si
686 4297 742 4348 te
771 4289 980 4348 excitet
1009 4285 1315 4359 dispositio
1346 4285 1509 4352 furti,
1542 4285 1880 4341 innocentia
1896 4289 2017 4352 tua,

358 4387 536 4444 etiam
569 4389 626 4441 te
657 4380 1006 4446 dormiente,
1035 4380 1124 4433 est
1176 4391 1285 4430 vox
1333 4373 1542 4429 animae
1594 4379 1730 4430 tum.
1761 4374 2017 4441 Benedic,

357 4479 548 4534 anima
578 4490 723 4544 mea,
742 4471 991 4528 Domino.
1008 4464 1293 4538 Repetitio
1325 4463 1440 4519 ista
1460 4463 1530 4518 ad
1555 4462 2017 4520 exhortationem

2153 547 2617 604 misericordiam
2652 566 2664 606 :
2699 550 2797 606 sed
2828 550 2952 623 ipse
3005 551 3284 606 Dominus
3313 551 3470 607 bona
3499 569 3604 624 pro
3633 552 3785 610 malis

2151 637 2445 702 retribuit,
2479 638 2616 710 quia
2672 639 2820 694 dixit
2854 655 2865 694 :
2899 639 3200 709 Conﬁtere,
3254 643 3310 694 et
3364 640 3628 711 ignosco.
3685 641 3785 698 Hoc

2149 727 2656 798 quaeritDominus
2682 744 2785 800 pro
2810 728 3081 784 omnibus
3095 728 3267 784 malis
3290 745 3416 801 quae
3432 729 3783 799 fecisti,simi-
3844 721 3856 737 ⁸

2147 813 2458 872 litudinem
2488 834 2657 872 suam
2687 817 2745 871 in
2779 834 2895 889 qua
2925 822 2982 873 te
3011 818 3227 874 creavit
3259 834 3272 873 :
3305 818 3377 873 ad
3410 835 3594 890 quam
3620 825 3681 874 tu
3699 837 3784 892 per

2147 904 2572 962 confessionem
2606 910 2977 978 peccatorum
3011 905 3186 962 redis.
3239 907 3363 963 Non
3397 907 3535 980 plus
3601 911 3782 979 quierit

2146 1009 2323 1065 quam
2357 1011 2666 1050 nummum
2699 1012 2875 1050 suum
2909 996 3127 1066 (Matth.
3160 996 3386 1068 χχιι),ἱά
3421 998 3777 1060 est,animam

2145 1099 2334 1150 suam,
2367 1083 2424 1138 in
2458 1101 2574 1155 qua
2603 1084 2719 1140 vim
2752 1084 2994 1140 rationis
3023 1101 3124 1156 per
3156 1089 3461 1142 monetam
3494 1103 3659 1142 suam
3685 1087 3775 1144 im—

2143 1171 2376 1242 pressit.
2413 1173 2537 1227 Non
2570 1173 2777 1244 quaerit
2805 1177 2870 1228 ut
2901 1173 2971 1228 de
3002 1178 3104 1229 tua
3132 1174 3381 1241 tribuas,
3418 1176 3523 1231 sed
3573 1176 3643 1231 de
3669 1193 3773 1233 suo.

2143 1265 2218 1315 De
2244 1265 2344 1316 tuo
2376 1260 2532 1316 enim
2567 1261 2712 1317 nihil
2742 1262 2857 1317 nisi
2902 1267 3204 1335 peccatum
3262 1263 3474 1330 habes,
3507 1266 3656 1338 quod
3683 1265 3772 1323 sibi

2143 1366 2257 1409 non
2287 1349 2411 1405 vult
2440 1350 2636 1406 tribui.
2673 1351 2948 1407 Retribue
2969 1351 3022 1406 ei
3052 1369 3188 1426 ergo
3221 1353 3292 1408 de
3322 1353 3638 1422 suo,lauda
3663 1370 3771 1411 eum

2139 1439 2199 1493 in
2231 1440 2504 1508 veritate;
2539 1439 2677 1512 quia
2706 1439 2757 1495 si
2783 1441 2855 1496 de
2885 1444 2984 1496 tuo
3015 1440 3289 1512 volueris,
3317 1442 3610 1499 mentiris.
3641 1443 3762 1501 Nam

2141 1527 2243 1600 qui
2277 1528 2539 1601 loquitur
2572 1529 2966 1600 mendacium,
3002 1531 3072 1586 de
3103 1548 3210 1587 suo
3237 1531 3636 1604 loquitur.Qui
3663 1549 3772 1590 vero

2137 1617 2460 1685 veritatem,
2494 1619 2564 1674 de
2597 1623 2708 1674 Deo
2741 1617 3003 1690 loquitur
3036 1636 3048 1675 :
3082 1619 3224 1691 quia
3281 1621 3352 1676 ab
3417 1637 3485 1676 eo
3516 1621 3770 1679 habemus

2135 1707 2430 1780 quidquid
2452 1707 2590 1764 boni
2612 1707 2911 1779 loquimur
2923 1708 3009 1763 vel
3037 1709 3510 1773 facimus.0uare
3529 1712 3639 1766 noti
3659 1712 3770 1768 obli-

2142 1800 2280 1855 visci
2302 1813 2485 1853 omnes
2514 1797 2908 1854 retributiones
2958 1797 3094 1864 eius,
3153 1797 3260 1854 has
3302 1797 3594 1855 videlicet.
3651 1800 3768 1866 Quia

2139 1888 2479 1960 propitiatur
2497 1887 2752 1942 omnibus
2777 1887 3168 1958 iniquitatibus
3189 1888 3672 1958 tuis,rernittendo
3682 1890 3766 1945 tibi

2138 1975 2582 2049 peccatatua.Et
2603 1976 2742 2047 quia
2758 1979 2890 2047 post
2911 1977 3400 2032 resurrectionem
3429 1984 3765 2050 peccatorum

2136 2065 2328 2121 adhuc
2357 2081 2592 2120 carnem
2624 2064 3019 2131 mortalem,in
3046 2082 3162 2136 qua
3190 2064 3560 2123 titillationes
3579 2067 3764 2124 multas

2137 2153 2376 2226 pateris,
2435 2159 2678 2224 portas:
2713 2154 2842 2210 ideo
2902 2154 3254 2210 subsecutus
3312 2154 3396 2211 ait
3434 2171 3447 2210 :
3482 2157 3584 2224 Qui
3629 2166 3763 2212 sanat

2135 2259 2320 2300 omnes
2350 2243 2704 2313 inﬁrmitates
2733 2251 2874 2310 tuas,
2898 2243 2957 2298 id
2991 2243 3376 2310 est,inﬁrmas
3409 2245 3761 2317 cogitationes

2136 2333 2328 2388 carnis
2361 2333 2618 2404 quodam
2651 2330 2987 2386 medicinali
3011 2330 3208 2388 dolore
3225 2336 3421 2388 sonat.
3457 2332 3761 2390 Toleremus

2135 2421 2291 2478 enim
2354 2419 2782 2486 medicinalem,
2815 2421 3095 2488 dolorem,
3130 2422 3506 2479 attendentes
3535 2423 3758 2479 futuram

2135 2511 2484 2577 sanitatem;
2517 2509 2685 2581 quasi
2719 2509 3037 2566 toleremus
3065 2509 3362 2566 medicum
3421 2512 3658 2585 graviter
3684 2528 3757 2567 se-

2134 2605 2364 2656 cantem
2396 2603 2455 2655 et
2487 2602 2900 2667 urentem,non
2931 2603 3128 2654 tamen
3159 2600 3298 2655 certi
3322 2600 3395 2656 de
3414 2601 3604 2657 futura
3622 2598 3754 2656 sani-

2132 2693 2271 2752 tate,
2307 2687 2492 2744 multo
2527 2687 2715 2758 magis
2737 2687 3041 2743 toleranda
3055 2692 3144 2743 est
3173 2688 3542 2746 medicinalis
3568 2706 3754 2744 manus

2132 2777 2387 2842 Domini,
2419 2794 2546 2848 quae
2579 2793 2684 2832 nec
2725 2777 2967 2832 fallitur.
3028 2778 3158 2850 Ipse
3214 2778 3378 2834 dedit
3433 2783 3751 2851 praeceptum

2133 2865 2273 2938 quid
2303 2869 2656 2936 t.angeres,et
2686 2865 2826 2938 quid
2870 2883 2986 2921 non
3018 2870 3288 2938 tangeres
3319 2868 3394 2922 ad
3424 2867 3750 2924 retinendam

2131 2953 2530 3021 sanitatem,et
2551 2953 2791 3010 noluisti
2814 2972 2948 3011 eum
2967 2955 3170 3011 audire
3199 2973 3211 3010 :
3237 2955 3438 3012 saltem
3463 2972 3606 3012 nunc
3625 2955 3749 3013 audi

2130 3044 2201 3098 ad
2234 3042 2656 3114 recipiendum.
2689 3045 2850 3110 Quod
2884 3044 3025 3100 dicit
3057 3062 3069 3100 :
3106 3044 3213 3112 Qui
3238 3049 3393 3100 sanat
3408 3061 3581 3100 omnes
3600 3046 3745 3114 inﬁr-

2127 3134 2350 3188 mitates
2380 3139 2521 3187 tuas.
2555 3133 2661 3202 Qui
2689 3133 2863 3188 etiam
2917 3133 3157 3190 tandem
3212 3132 3426 3189 redimit
3467 3133 3529 3188 de
3553 3135 3739 3188 virtute

2129 3222 2278 3277 viam
2310 3231 2484 3290 tuam,
2519 3222 2754 3295 quando
2786 3221 2894 3278 hoc
2926 3222 3171 3280 mortale
3201 3222 3398 3278 induet
3420 3220 3734 3278 immortali-

2129 3315 2310 3367 tatem
2343 3313 2390 3384 (Ι
2421 3311 2540 3368 Cor.
2576 3311 2690 3384 xv),
2724 3315 2820 3384 qui
2876 3316 3099 3369 coronat
3144 3317 3214 3379 te,
3279 3312 3379 3384 qui
3415 3312 3502 3368 hic
3527 3312 3620 3367 dat
3646 3309 3746 3366 tibi

2128 3398 2389 3474 legitime
2419 3401 2822 3466 certare,unde
2851 3404 3054 3472 postea
3085 3401 3403 3458 coroneris.
3431 3400 3527 3456 Vel
3553 3404 3750 3456 coronat

2126 3492 2179 3544 te
2199 3490 2263 3545 in
2284 3487 2479 3546 futuro
2501 3489 2975 3556 misericordia,id
2998 3490 3172 3558 est,in
3196 3491 3575 3562 promissione
3594 3495 3752 3557 sua,et

2128 3577 2600 3648 miserationibus,
2633 3576 2692 3632 id
2723 3581 2832 3648 est,
2877 3577 2936 3632 in
2996 3578 3460 3649 promissionum
3488 3577 3751 3635 exhibitio-

2129 3665 2326 3721 nibus.
2359 3665 2506 3721 Nota
2536 3665 2690 3737 quod
2721 3665 2952 3735 dicit,In
2980 3667 3524 3741 misericordia.lpse
3545 3667 3680 3724 enim
3698 3667 3746 3722 in

2129 3754 2535 3810 misericordia
2587 3771 2694 3810 nos
2725 3759 2985 3823 coronat,
3045 3754 3147 3828 qui
3178 3772 3287 3811 sua
3341 3756 3500 3813 dona
3528 3757 3581 3812 in
3610 3755 3740 3812 nobis

2130 3847 2486 3898 remunerat.
2521 3844 2626 3911 Qui
2655 3844 2825 3915 reptet
2883 3845 2944 3898 in
2990 3844 3143 3900 bonis
3189 3844 3528 3902 desiderium
3577 3848 3736 3912 tuum;

2130 3931 2230 4004 qui
2261 3933 2360 3987 dat
2384 3931 2486 3987 tibi
2520 3932 2816 4004 perﬁcere,
2851 3933 3006 4004 quod
3038 3933 3184 3989 bene
3237 3935 3558 3992 desideras.
3588 3933 3671 3990 Vel
3690 3931 3741 3987 in

2127 4023 2328 4078 futuro
2361 4020 2605 4094 replebit
2633 4022 2988 4078 desiderium
3027 4026 3198 4079 tuum
3227 4023 3289 4079 in
3319 4025 3517 4093 bonis,
3548 4021 3745 4096 quando

2130 4127 2264 4167 eum
2297 4110 2464 4181 facie,
2526 4109 2735 4166 faciem
2793 4110 3037 4167 videbis.
3086 4112 3157 4167 Et
3209 4128 3283 4168 ne
3330 4113 3471 4184 quis
3515 4113 3748 4170 hancre~

2130 4199 2443 4272 pletionem
2476 4198 2746 4256 desiderii
2778 4199 2872 4256 hic
2896 4199 3748 4274 exspectare-vellet,subjungit:

2129 4290 2499 4346 Renovabitur
2543 4297 2604 4344 ut
2657 4289 2865 4360 aquilae
2908 4290 3173 4361 juventus
3223 4298 3318 4345 tua
3345 4307 3364 4345 :
3396 4290 3494 4347 hic
3548 4293 3752 4347 notatur

2127 4378 2495 4446 resurrectio,
2529 4377 2589 4432 in
2637 4394 2756 4448 qua
2810 4377 3006 4434 omnia
3060 4383 3254 4435 vetera
3312 4384 3660 4436 renovantur
3699 4379 3752 4432 ut

2118 4469 2399 4540 juventus
2449 4465 2681 4538 aquilae.
2739 4466 2965 4524 Dicitur
3012 4466 3230 4540 aquila,
3288 4485 3427 4524 cum
3485 4468 3752 4526 senectute

355 4565 528 4621 valet.
561 4563 634 4620 Ut
662 4566 860 4618 autem
893 4572 1126 4629 semper
1179 4551 1483 4608 benedicat
1530 4552 1866 4618 Dominum,
1892 4553 2014 4607 noli
2041 4573 2088 4638 Β
2124 4573 2326 4630 pressa
2357 4556 2550 4623 fuerit,
2587 4571 2655 4610 ex
2707 4555 3189 4613 immoderatione
3237 4558 3556 4615 crescentis
3603 4553 3751 4614 rostri

357 4653 608 4710 oblivisci
634 4667 816 4706 omnes
845 4647 1237 4704 retributiones
1267 4643 1383 4715 ejus
1411 4659 1430 4697 :
1453 4642 1594 4714 quia
1622 4641 1669 4697 si
1702 4640 2009 4697 oblivisce-

357 4741 461 4808 ris,
491 4737 1148 4796 tacebis.Betributiones
1175 4735 1296 4806 ejus
1317 4749 1431 4786 non
1459 4735 1623 4804 potes
1653 4735 1788 4785 ante
1807 4729 2006 4786 oculos

357 4827 719 4899 habere,nisi
748 4831 882 4882 ante
913 4824 1112 4881 oculos
1142 4828 1275 4879 tuos
1301 4819 1499 4877 omnia
1518 4824 1621 4889 tua
1650 4818 1868 4875 habeas
1885 4835 2011 4890 pec-

356 4919 640 4977 cata.Non
670 4917 748 4973 sit
777 4920 911 4971 ante
943 4912 1144 4969 oculos
1173 4917 1308 4968 tuos
1328 4909 1556 4966 dileclio
1587 4909 1858 4981 praeteriti
1883 4924 2012 4981 pec-

356 5009 597 5081 cati,sed
632 5004 932 5062 damnatio
955 5019 974 5057 :
995 5002 1134 5074 quia
1163 5001 1212 5056 si
1245 5017 1279 5056 a
1307 5004 1362 5056 te
1393 5003 1483 5054 est
1511 4998 1874 5067 damnatio,a
1893 4999 2009 5055 Deo

355 5099 466 5155 erit
519 5096 808 5155 remissio.
875 5093 1020 5150 Nota
1066 5089 1204 5162 quia
1248 5089 1395 5144 dixit
1441 5088 1852 5157 retributiones,
1893 5105 2009 5144 non

355 5187 708 5244 tributiones
743 5203 756 5242 :
791 5182 928 5256 quia
959 5179 1116 5238 aliud
1174 5178 1497 5234 debebatur
1545 5177 1734 5250 nobis,
1767 5183 1824 5234 et
1848 5178 2008 5235 aliud

353 5277 651 5334 redditum
682 5279 770 5331 est
801 5271 987 5328 nobis.
1019 5270 1146 5342 Ipse
1177 5267 1333 5324 enim
1389 5266 1553 5338 prius
1580 5267 1785 5322 tribuit
1817 5267 1919 5322 tibi
1947 5269 2012 5323 ut

353 5365 605 5433 viveres;
631 5369 695 5419 ut
723 5362 951 5419 cunctis
983 5356 1336 5415 animalibus
1367 5355 1421 5410 vi
1445 5354 1686 5411 rationis
1709 5373 2007 5429 praeesses,

355 5456 428 5511 ad
459 5455 588 5526 ejus
646 5451 964 5525 imaginem
1018 5453 1074 5504 et
1129 5444 1578 5504 similitudinem
1640 5450 1697 5500 te
1739 5445 2012 5503 formavit

354 5542 510 5614 (Gen.
546 5543 585 5610 ι)
613 5560 626 5610 ;
659 5541 760 5598 sed
791 5545 854 5595 tu
886 5555 988 5612 pro
1018 5536 1198 5592 tantis
1228 5535 1400 5590 bonis
1453 5534 1594 5606 quid
1627 5535 1952 5593 retribuisti
1982 5536 2010 5592 ?

357 5629 918 5697 Prnvaricationem,
950 5623 1368 5698 blasphemiae,
1403 5623 2008 5693 contradictiones,in-

2117 4647 2314 4701 cibum
2346 4661 2550 4718 capere
2580 4661 2698 4701 non
2724 4661 2917 4717 posse.
2945 4650 3088 4702 Pars
3118 4646 3275 4703 enim
3309 4647 3578 4720 superior
3601 4641 3751 4703 rostri

2121 4733 2516 4807 supereminet
2544 4733 2880 4790 inferiorem
2911 4739 3136 4807 partem
3163 4753 3176 4792 :
3209 4741 3266 4792 et
3307 4735 3610 4793 incurvata
3635 4746 3752 4807 pars

2120 4825 2385 4897 superior
2415 4824 2569 4878 circa
2606 4822 2964 4895 inferiorem,
3023 4841 3138 4880 non
3196 4824 3340 4880 sinit
3392 4825 3648 4898 aquilam
3697 4836 3752 4877 os

2118 4911 2362 4985 aperire,
2387 4915 2452 4967 ut
2480 4911 2559 4967 sit
2586 4910 2957 4968 intervallum
2991 4911 3226 4985 aliquod
3259 4914 3411 4969 inter
3438 4912 3751 4970 inferiorem

2118 5006 2340 5073 partem
2359 5004 2418 5056 et
2435 5000 2798 5071 superiorem
2821 5017 2834 5056 :
2860 5001 3000 5072 quia
3028 5001 3296 5074 superior
3310 5019 3446 5074 pars
3463 5003 3749 5068 aduncata,

2117 5089 2366 5162 impedit
2386 5104 2515 5145 eam
2546 5104 2618 5145 ne
2648 5104 2714 5145 os
2734 5089 3041 5161 aperiat,et
3069 5090 3155 5146 sic
3183 5095 3462 5164 gravatur
3490 5089 3750 5163 languore

2118 5177 2437 5236 senectutis
2467 5181 2525 5233 et
2551 5177 2749 5249 inopia
2778 5179 3335 5248 comedendi.Quam
3365 5196 3501 5237 cum
3535 5180 3634 5235 diu
3661 5192 3748 5250 pe-

2115 5268 2280 5339 titur,
2312 5267 2548 5322 tandem
2580 5267 2802 5323 accedit
2831 5268 2902 5323 ad
2937 5273 3181 5341 petram,
3215 5274 3274 5326 et
3329 5269 3412 5325 ibi
3461 5267 3678 5324 collidit
3701 5266 3750 5320 et

2117 5356 2370 5430 percutit
2395 5355 2755 5429 superiorem
2787 5361 3012 5429 partem
3047 5375 3059 5414 :
3093 5375 3212 5432 qua
3246 5363 3562 5427 crescente,
3588 5351 3746 5413 nimis

2117 5446 2313 5504 edenti
2334 5445 2530 5502 aditus
2559 5443 2941 5502 claudebatur
2970 5466 2984 5504 :
3017 5453 3074 5504 et
3096 5448 3206 5504 hoc
3235 5449 3337 5504 diu
3371 5444 3748 5514 faciens,carot

2117 5541 2318 5592 nostro
2348 5550 2522 5592 onere
2552 5551 2666 5605 quo
2697 5535 2863 5591 cibus
2921 5536 3373 5610 impediebatur.
3430 5534 3660 5593 Accedit
3682 5527 3740 5587 ad

2117 5625 2336 5694 cibum,
2369 5628 2427 5682 et
2455 5624 2657 5681 omnia
2683 5630 3050 5698 reparantur.
3114 5627 3181 5684 Et
3236 5632 3370 5701 post
3410 5625 3740 5684 senectutem
