4024 6192
330 284 451 352 669

1459 284 2068 355 ENARRATIONES
2112 288 2191 351 ΙΝ
2234 289 2619 355 PSALMOS.

3615 292 3743 361 670

328 425 617 497 tanquam
630 424 915 499 juventus
936 424 1144 499 aquilae
1169 426 1321 482 redit
1341 426 1506 500 vigor
1525 426 1787 482 omnium
1816 442 1975 482 men-
2005 424 2058 492 Α
2087 423 2255 495 quasi
2275 423 2634 495 impunitum
2659 425 2894 480 maneat
2911 422 2970 479 in
2996 420 3097 479 illo
3120 422 3277 496 quod
3301 423 3431 491 fert,
3453 423 3589 482 licet
3607 425 3734 500 ipse

331 512 611 581 brorum,
661 532 989 588 pennarum
1042 517 1232 583 nitor;
1280 516 1435 571 volat
1474 517 1543 572 ad
1576 516 1801 573 excelsa
1830 515 1984 571 sicut

333 602 577 673 aquila:
627 605 691 659 ﬁt
722 605 781 660 in
822 621 889 660 ea
938 606 1106 676 quasi
1159 606 1425 677 quaedam
1470 606 1834 661 resurrectio.
1885 604 1984 659 Vi-

334 691 582 749 deamus
603 709 738 765 ergo
769 698 826 748 et
854 710 983 765 nos,
1017 695 1067 749 si
1098 695 1238 766 quid
1274 694 1351 749 sit
1380 695 1535 766 quod
1566 694 1848 766 impediat
1878 710 1985 749 nos

331 781 404 837 ad
439 783 864 838 comedendum
914 800 1127 855 panem
1181 789 1449 840 nostrum
1500 788 1557 839 et
1587 784 1986 856 percutiamus

332 874 682 927 vetustatem
711 871 782 926 ad
827 876 1054 942 petram
1092 889 1104 928 :
1154 882 1313 944 petra
1365 876 1551 928 autem
1602 878 1693 928 est
1740 872 1986 928 Christus

333 961 382 1032 (ι
411 959 532 1015 Cor.
561 960 640 1032 Χ),
672 960 731 1015 in
764 976 882 1032 qua
915 962 1291 1016 renovabitur
1318 962 1554 1017 tandem
1578 963 1859 1033 juventus
1890 977 1989 1017 no-

333 1054 456 1106 stra
476 1047 628 1104 sicut
646 1048 885 1121 aquilae.
915 1050 981 1105 Et
1001 1049 1235 1105 interim
1258 1050 1438 1106 donec
1460 1051 1531 1106 ad
1555 1050 1987 1106 renovationem

334 1137 499 1194 illam
530 1137 855 1209 veniamus,
886 1139 1221 1195 consolatur
1251 1156 1358 1195 nos
1387 1139 1446 1193 in
1480 1139 1589 1194 hoc
1613 1141 1866 1206 deserto,
1888 1139 1987 1195 do-

337 1242 442 1283 nec
470 1226 776 1281 veniamus
805 1226 875 1281 ad
910 1227 1181 1299 patriam.
1217 1228 1378 1294 Quod
1411 1228 1587 1284 dicit:
1622 1231 1848 1284 Faciens
1881 1230 1985 1284 mi-

336 1314 662 1370 sericordias
691 1315 971 1371 Dominus.
1023 1316 1245 1380 Quibus
1293 1316 1468 1372 faciat
1499 1317 1986 1385 misericordiam,

337 1402 717 1476 Evangelium
761 1402 1035 1472 declarat,
1086 1405 1334 1460 dicens:
1389 1408 1543 1461 Beati
1587 1406 1985 1471 misericordes,

337 1494 603 1566 quoniam
630 1495 739 1564 ipsi
766 1494 1209 1549 misericordiam
1236 1504 1632 1567 cousequentur
1667 1497 1877 1566 (Matth.
1910 1497 1986 1568 v).

340 1584 476 1648 Qua:
507 1582 585 1638 sit
614 1600 892 1639 mensura
918 1583 1348 1650 misericordiae,
1372 1586 1583 1640 iterum
1608 1586 1987 1659 Evangelium

336 1671 594 1727 declarat
623 1671 823 1727 dicens
849 1689 860 1726 :
895 1673 1119 1742 Diligite
1148 1674 1407 1730 inimicos
1435 1684 1656 1745 vestros,
1691 1677 1990 1745 benefacite

339 1760 425 1817 his
453 1764 552 1832 qui
578 1762 808 1818 oderunt
838 1777 927 1817 vos
978 1762 1181 1833 (ibid.).
1230 1764 1299 1817 Et
1329 1763 1546 1819 Paulus
1580 1781 1591 1819 :
1648 1765 1708 1819 Si
1736 1767 1991 1821 esurierit

339 1850 603 1906 inimicus
649 1858 794 1921 tuus,
846 1851 972 1906 ciba
1001 1852 1166 1905 illum
1199 1869 1217 1906 :
1273 1854 1321 1906 si
1366 1855 1505 1918 sitit,
1552 1863 1735 1925 potum
1785 1854 1856 1909 da
1903 1855 1995 1910 illi

344 1940 522 2011 (Rom.
572 1940 693 2011 κη).
748 1940 813 1994 Et
851 1940 994 1995 illud
1034 1956 1048 1993 :
1108 1941 1270 1996 Omni
1312 1944 1520 2012 petenti
1564 1943 1633 1998 da
1688 1947 1839 2014 (Luc.
1892 1946 1992 2014 v1).

347 2027 626 2083 Attendat
654 2044 791 2100 ergo
823 2027 1071 2101 quisque
1102 2030 1200 2101 qui
1233 2030 1357 2084 vult
1402 2031 1890 2099 misericordiam,
1943 2037 2000 2088 et

354 2113 501 2169 nulli
532 2115 608 2169 sit
649 2116 1069 2172 immisericors
1103 2133 1116 2171 :
1167 2119 1326 2173 omni
1358 2120 1577 2190 petenti
1609 2137 1669 2176 se
1700 2122 1817 2188 det,
1871 2125 1933 2174 ul
1966 2138 2001 2176 a

354 2202 604 2258 Domino
624 2204 859 2259 tandem
890 2204 1059 2276 plene
1090 2205 1351 2278 recipiat.
1384 2207 1501 2262 Hoc
1531 2213 1885 2281 praeceptum
1913 2210 1997 2264 vi-

354 2290 532 2346 detur
559 2308 884 2364 repugnare
913 2292 996 2347 illi
1038 2295 1193 2362 quod
1243 2295 1380 2350 alibi
1429 2296 1689 2353 dicitur:
1746 2297 2001 2355 Desudet

350 2378 722 2453 eleemosyna
747 2381 803 2437 in
828 2398 1006 2438 manu
1030 2389 1152 2451 tua,
1172 2384 1357 2440 donec
1374 2385 1636 2443 invenias
1656 2387 1889 2458 justum
1908 2388 2000 2443 cui

347 2468 548 2524 tradas
587 2485 738 2525 eam.
786 2472 932 2535 Quid
964 2488 1101 2544 ergo
1136 2472 1402 2529 dicemus
1424 2474 1451 2528 ?
1501 2476 1730 2530 Dictum
1760 2481 1849 2532 est
1877 2495 1889 2532 :
1922 2480 2004 2533 Ne

343 2559 616 2629 suscipias
652 2564 995 2630 peccatorem
1043 2562 1234 2632 (Eccli.
1268 2563 1370 2632 xu)
1403 2581 1415 2618 :
1449 2569 1507 2619 et
1537 2569 1733 2620 tamen
1763 2565 2000 2633 dicitur,

347 2648 502 2703 omni
527 2648 735 2718 petenti
762 2651 813 2704 te
841 2648 929 2704 da.
982 2650 1065 2705 Da
1096 2652 1404 2721 peccatori,
1450 2669 1565 2707 non
1598 2657 1663 2708 ut
1692 2653 1999 2724 peccatori,

357 2736 458 2794 sed
491 2740 555 2791 ut
574 2736 763 2807 justo.
820 2741 1004 2793 Homo
1054 2743 1325 2810 peccator
1376 2740 1628 2796 occurrit
1656 2742 1758 2795 tibi
1782 2745 1809 2795 ‘t
1856 2743 2001 2798 Cum

353 2825 483 2881 dico
508 2842 521 2880 :
554 2829 739 2881 Homo
762 2832 1030 2898 peccator
1055 2829 1309 2884 occurrit
1333 2828 1458 2895 tibi,
1493 2830 1606 2885 duo
1637 2831 1876 2886 nomina
1898 2847 1999 2902 po-

357 2930 493 2970 nam
525 2931 641 2970 non
673 2916 990 2987 superﬂua.
1047 2916 1239 2972 Unum
1284 2916 1440 2971 enim
1484 2935 1695 2974 nomen
1728 2920 1883 2992 quod
1916 2925 2005 2975 est

351 3002 559 3074 homo,
608 3020 754 3076 opus
804 3004 905 3059 Dei
956 3005 1295 3077 significat:
1351 3012 1617 3077 peccator
1658 3024 1819 3075 vero,
1854 3025 2004 3081 opus

351 3091 629 3148 hominis.
682 3092 809 3147 Noli
838 3110 976 3166 ergo
1008 3095 1146 3150 dare
1176 3095 1334 3165 operi
1368 3095 1642 3166 hominis,
1694 3098 1793 3152 sed
1842 3099 2002 3170 operi

2092 513 2191 585 qui
2225 512 2441 584 patitur
2468 518 2705 585 propter
2732 512 3195 570 misericordiam
3225 515 3572 570 servandam
3617 533 3733 573 non

2093 601 2410 659 ulciscatur
2430 602 2706 673 injuriam
2733 603 2957 659 illatam
2978 619 2992 659 :
3020 603 3161 675 quia
3180 603 3464 660 Dominus
3484 605 3739 661 omnibus

2092 691 2187 747 hic
2216 691 2275 745 in
2310 691 2545 746 nomine
2579 708 2684 747 suo
2714 694 2986 764 injuriam
3011 693 3367 765 patientibus,
3391 693 3738 765 faeietjudi-

2094 781 2248 835 cium
2276 780 2348 835 ab
2372 779 2490 835 illis
2512 780 2610 852 qui
2640 780 2899 837 inferunt
2923 782 3006 837 eis
3029 783 3340 853 injuriam;
3367 783 3541 854 juxta
3560 783 3735 841 illud:

2096 868 2238 924 Mihi
2282 867 2620 935 vindictam,
2670 885 2771 938 ego
2819 872 3121 926 retribuam
3160 873 3340 943 (Deut.
3373 876 3568 943 xxxu),
3601 873 3741 931 dicit

2098 958 2396 1013 Dominus.
2421 957 2546 1012 Non
2570 956 2839 1029 prohibet
2868 960 3150 1015 Dominus
3173 961 3309 1032 quin
3339 963 3617 1018 correctio
3640 963 3742 1020 fiat

2097 1064 2130 1102 a
2150 1045 2407 1119 praelatis
2430 1046 2489 1101 in
2514 1045 2782 1103 subditos
2806 1064 2818 1101 :
2853 1049 3263 1106 tantummodo
3284 1051 3605 1107 cavendum
3628 1058 3743 1121 est,

2098 1153 2169 1191 ne
2191 1135 2319 1207 ipsa
2341 1135 2618 1191 correctio
2635 1135 2832 1191 animo
2856 1136 3116 1206 ultionis,
3140 1139 3242 1193 sed
3268 1138 3463 1195 animo
3484 1139 3744 1198 dilectio-

2098 1224 2189 1280 nis
2238 1225 2357 1280 ﬁat.
2416 1226 2589 1280 Debet
2636 1224 2793 1280 enim
2853 1225 3105 1297 quisque
3162 1228 3450 1300 corrigere
3508 1246 3742 1299 servum

2097 1331 2270 1371 suum
2297 1313 2518 1369 malum
2537 1318 2593 1368 et
2615 1314 2799 1369 ﬁlium
2822 1313 3209 1386 luxuriosum,
3230 1316 3330 1371 sed
3350 1322 3547 1373 caveat
3568 1336 3747 1376 unus-

2097 1403 2347 1475 quisque
2370 1406 2434 1458 ut
2458 1403 2515 1457 id
2540 1404 2693 1474 quod
2720 1404 2779 1458 in
2803 1402 2915 1459 alio
2943 1404 3180 1477 corrigit
3202 1405 3260 1459 in
3285 1405 3477 1477 seipso
3498 1408 3749 1466 incorre-

2097 1496 2255 1547 ctum
2291 1510 2405 1547 non
2438 1494 2755 1564 permittat.
2814 1493 3009 1564 Neque
3050 1493 3209 1549 enim
3243 1494 3456 1551 mulier
3486 1496 3751 1553 adultera

2098 1585 2231 1637 ante
2252 1581 2565 1636 Dominum
2588 1582 2863 1646 adducta,
2890 1581 3208 1653 lapidanda
3231 1597 3346 1639 non
3370 1589 3531 1653 erat;
3558 1587 3658 1641 sed
3686 1591 3752 1641 ut

2098 1671 2449 1742 deprimeret
2478 1670 2812 1743 superbiam
2843 1670 3105 1739 illorum,
3148 1671 3249 1743 qui
3280 1671 3479 1727 volunt
3511 1673 3752 1729 alterius

2097 1759 2393 1815 vindicare
2421 1764 2674 1831 peccata,
2708 1777 2822 1815 non
2855 1761 3220 1817 attendentes
3267 1762 3407 1833 quia
3447 1762 3505 1817 in
3538 1762 3749 1834 seipsis

2100 1849 2451 1904 vindicanda
2480 1853 2619 1904 sunt
2638 1849 2826 1921 plura.
2857 1848 3012 1904 Dixit
3032 1849 3185 1905 enim
3209 1867 3222 1906 :
3258 1852 3361 1919 Qui
3400 1853 3522 1907 sine
3538 1856 3753 1923 peccato

2104 1943 2183 1995 est
2208 1946 2446 1993 vestrum
2469 1942 2655 1993 mittat
2677 1940 2736 1993 in
2767 1955 2891 1993 eam
2912 1938 3156 2010 lapidem
3189 1941 3371 2011 (Joan.
3400 1941 3546 2011 vm).
3578 1942 3757 2007 Quasi

2108 2028 2289 2083 dicat:
2316 2028 2430 2082 Lex
2455 2032 2659 2083 sancta
2680 2032 2791 2097 est,
2815 2032 2871 2083 et
2898 2027 3043 2083 nihil
3075 2028 3295 2098 injuste
3318 2028 3598 2101 praecipit,
3627 2029 3757 2085 ideo

2109 2131 2344 2171 necesse
2374 2120 2463 2172 est
2495 2121 2555 2171 ut
2586 2118 2773 2171 sancti
2806 2116 2925 2171 sint
2953 2116 3210 2172 ministri
3241 2117 3423 2190 legis:
3460 2122 3517 2173 et
3547 2117 3647 2190 qui
3669 2134 3759 2173 vo-

2108 2205 2240 2259 lunt
2269 2205 2556 2278 corrigere
2603 2204 2845 2260 alterius
2889 2206 3176 2271 facinora,
3227 2206 3391 2277 prius
3441 2206 3498 2261 in
3549 2206 3759 2279 seipsis

2111 2294 2393 2349 damnent
2414 2294 2669 2366 propria.
2695 2294 2935 2365 Lapidet
2958 2310 3095 2366 ergo
3116 2294 3439 2351 adulteram
3465 2297 3763 2352 conscien-

2109 2383 2253 2439 tiam
2286 2400 2476 2451 suam,
2508 2384 2609 2455 qui
2641 2383 2945 2439 mulierem
2972 2383 3097 2439 vult
3118 2383 3378 2456 lapidare
3408 2384 3756 2442 adulteram.

2110 2471 2212 2528 Vel
2263 2473 2345 2528 sic
2395 2472 2706 2528 dicamus:
2763 2474 2992 2527 Faciens
3034 2473 3445 2528 misericordias
3475 2474 3762 2543 Dominus,

2112 2576 2403 2633 quemque
2438 2576 2569 2616 sum
2598 2560 2973 2631 justificans:
3007 2569 3060 2616 et
3073 2561 3360 2632 judicium
3388 2563 3641 2618 omnibus
3670 2565 3761 2617 in-

2102 2651 2316 2722 juriam
2345 2651 2700 2719 patientibus,
2754 2649 2861 2704 hoc
2903 2648 3169 2704 videlicet
3198 2652 3265 2705 ut
3294 2649 3391 2721 qui
3416 2650 3620 2720 justus
3648 2655 3758 2720 est,

2103 2739 2464 2809 justiﬁcetur
2492 2739 2683 2794 adhuc
2714 2740 2897 2811 (Apoc.
2930 2739 3093 2809 χχιι).
3136 2738 3302 2794 Notas
3332 2740 3463 2810 fecit
3490 2741 3607 2796 vias
3636 2758 3763 2797 suas

2110 2830 2306 2899 Moysi.
2342 2828 2517 2893 Quasi
2552 2828 2705 2883 dicat
2737 2841 2751 2884 :
2798 2829 3068 2883 Dominus
3098 2828 3233 2883 facit
3275 2829 3683 2884 misericordias
3711 2832 3766 2885 et

2103 2917 2402 2987 judicium,
2437 2921 2494 2972 et
2524 2916 2631 2973 has
2660 2919 2778 2973 vias
2807 2934 2934 2973 suas
2963 2921 3120 2973 notas
3149 2918 3337 2989 Moysi.
3386 2922 3495 2973 Per
3525 2918 3760 2991 Moysen

2112 3006 2365 3077 quisque
2385 3005 2606 3061 electus
2628 3005 3002 3077 accipiendus
3023 3010 3145 3073 est;
3182 3010 3239 3061 et
3256 3005 3385 3062 ideo
3409 3006 3631 3063 mavult
3656 3023 3758 3079 po-

2113 3110 2249 3149 nere
2262 3095 2497 3166 Moysen
2515 3112 2691 3165 quam
2714 3094 2895 3150 alium
2915 3093 3334 3166 electum,quia
3351 3095 3474 3167 ipse
3494 3096 3765 3153 minister

348 3180 473 3237 Dei.
497 3180 667 3252 Operi
690 3164 948 3237 hominis
970 3182 1094 3246 das,
1122 3164 1356 3254 quando
1377 3182 1437 3265 in
1467 3199 1583 3253 quo
1607 3164 2004 3253 peccator-est,
2036 3164 2079 3230 Ε
2118 3180 2264 3252 legis
2295 3164 2423 3246 fuit,
2458 3188 2515 3237 et
2534 3164 2625 3237 illi
2655 3187 2820 3237 notas
2851 3182 2987 3237 fecit
3016 3164 3302 3237 Dominus
3334 3164 3449 3237 vias
3476 3200 3621 3251 suas,
3654 3184 3763 3239 has

351 3269 460 3326 hoc
487 3269 593 3325 tibi
625 3269 815 3342 placet
843 3274 911 3325 ut
940 3271 1062 3325 des.
1096 3270 1243 3325 Nam
1276 3270 1375 3341 qui
1406 3273 1666 3326 venatori
1710 3271 1798 3327 vel
1840 3274 2008 3343 jocu-

348 3358 523 3416 latori
548 3360 649 3415 dat
671 3376 773 3432 pro
798 3360 927 3432 ipsa
950 3364 1073 3414 arte
1096 3375 1275 3431 quam
1303 3364 1547 3425 exercet,
1573 3377 1689 3415 non
1721 3361 1821 3416 dat
1848 3361 2013 3432 operi

350 3448 479 3518 Dei,
510 3449 611 3505 sed
647 3449 808 3520 operi
837 3449 1116 3505 hominis.
1143 3449 1290 3514 Quia
1312 3449 1363 3504 si
1388 3448 1564 3504 homo
1584 3448 2011 3519 tantum'esset,

353 3541 413 3595 et
436 3542 681 3593 venator
708 3555 824 3594 non
848 3542 1022 3608 esset,
1048 3554 1162 3593 non
1194 3539 1363 3593 dares
1391 3555 1404 3592 :
1438 3542 1495 3592 et
1518 3538 1648 3593 ideo
1670 3538 1923 3595 honoras
1950 3540 2012 3595 in

354 3643 425 3684 eo
457 3644 574 3683 non
605 3631 905 3694 naturam,
938 3627 1041 3683 sed
1076 3632 1260 3682 artem
1290 3626 1378 3682 vel
1409 3628 1617 3683 vitium
1645 3647 1658 3685 :
1691 3633 1748 3683 et
1776 3629 2010 3698 iterum,

356 3714 411 3771 si
433 3716 631 3787 justos
661 3716 786 3787 des,
819 3715 868 3771 si
899 3717 1002 3772 des
1034 3716 1321 3787 discipulo
1350 3716 1561 3772 Christi
1593 3717 1812 3789 aliquid
1841 3720 2012 3789 cujus

359 3804 609 3877 indiget,
641 3810 699 3860 et
739 3822 853 3860 non
885 3804 971 3859 ibi
1002 3805 1220 3877 cogites
1251 3806 1391 3876 quia
1421 3806 1746 3878 discipulus
1773 3808 2009 3878 Christi,

361 3892 502 3965 quia
533 3893 801 3949 minister
821 3894 921 3949 Dei
953 3898 1061 3960 est,
1095 3896 1235 3966 quia
1262 3895 1631 3968 dispensator
1649 3896 1751 3952 Dei
1774 3902 1884 3966 est,
1909 3899 2010 3954 sed

357 3982 580 4054 cogites
620 3981 858 4053 aliquod
891 3984 1265 4038 commodum
1298 3983 1635 4055 temporale,
1671 3991 1736 4039 ut
1767 3987 2012 4043 fortasse

355 4086 548 4127 causas
572 4076 682 4125 tuae
711 4071 787 4126 sit
812 4072 1212 4138 necessarius;
1237 4072 1327 4127 vel
1351 4072 1479 4127 ideo
1505 4073 1553 4127 ei
1578 4074 1701 4137 das,
1728 4080 1792 4129 ut
1814 4076 2013 4132 mitior

355 4157 437 4216 sit
455 4159 583 4226 tibi,
607 4161 653 4215 si
678 4161 762 4216 sic
785 4161 1216 4233 dederis,justo
1241 4177 1353 4215 non
1376 4162 1509 4216 das:
1536 4162 1688 4217 sicut
1709 4180 1821 4219 non
1850 4165 2011 4222 dedit

354 4246 582 4304 homini
618 4250 849 4321 quando
882 4250 1044 4305 dedit
1067 4250 1347 4305 venatori.
1374 4249 1445 4305 Ut
1475 4254 1670 4305 autem
1695 4252 1891 4308 nullus
1922 4260 2008 4310 at-

346 4338 574 4407 tendat,
607 4355 743 4394 cum
778 4338 1001 4394 dederit
1023 4338 1209 4410 justo,
1262 4339 1372 4394 sibi
1419 4344 1619 4411 postea
1649 4357 1717 4395 ex
1748 4341 1874 4413 ipsa
1905 4344 2006 4399 da-

342 4425 787 4483 tionefuturum
802 4425 1123 4498 temporale
1135 4444 1260 4482 com
1271 4429 1741 4498 modum,audiat
1755 4431 2007 4503 quisque

2120 3269 2386 3324 videlicet
2406 3271 2545 3340 quia
2563 3271 2823 3325 facturus
2845 3275 2933 3324 est
2955 3270 3421 3326 misericordiam
3444 3271 3505 3326 in
3528 3270 3643 3326 illis
3665 3272 3767 3343 qui

2122 3362 2261 3413 sunt
2289 3373 2427 3428 erga
2454 3357 2588 3413 illos
2618 3357 3047 3424 misericordes,
3086 3363 3144 3414 et
3163 3358 3459 3429 judicium
3490 3359 3768 3415 omnibus

2121 3446 2398 3517 injuriam
2425 3446 2802 3519 patientibus.
2834 3451 2951 3503 Hoc
2981 3452 3184 3502 notum
3208 3447 3341 3502 fecit
3363 3448 3540 3504 etiam
3562 3448 3766 3521 Moysi,

2122 3551 2193 3589 ne
2222 3535 2471 3607 quisque
2501 3536 2749 3607 superbe
2777 3536 3073 3605 judicaret
3100 3538 3172 3591 de
3204 3537 3457 3609 peccatis
3503 3537 3764 3607 alterius,

2120 3630 2435 3696 antequam
2468 3624 2787 3681 satisfaciat
2817 3625 2933 3680 Deo
2963 3626 3035 3681 de
3063 3624 3335 3697 propriis.
3390 3627 3552 3691 Quod
3604 3626 3766 3693 dicit,

2120 3723 2276 3769 notas
2297 3714 2433 3769 fecit
2459 3716 2575 3769 vias
2596 3730 2721 3769 suas
2741 3714 2935 3785 Moysi,
2969 3718 3026 3769 et
3056 3731 3157 3786 per
3186 3714 3418 3786 Moysen
3451 3714 3770 3771 notiﬁcavit

2121 3803 2253 3872 ﬁliis
2273 3804 2449 3859 Israel
2472 3804 2772 3859 voluntates
2792 3820 2940 3869 suas,
2966 3802 3105 3875 quia
3131 3820 3233 3875 per
3258 3803 3493 3877 Moysen
3518 3805 3650 3860 data
3680 3809 3770 3860 est

2120 3891 2229 3956 lex,
2264 3909 2394 3963 quae
2422 3910 2626 3948 omnes
2658 3895 2767 3948 sub
2809 3897 3043 3965 peccato
3090 3892 3532 3964 comprehendit
3563 3910 3576 3948 :
3628 3893 3767 3967 quia

2118 3984 2370 4037 veniente
2387 3983 2663 4047 mandato,
2690 3982 2892 4037 revixit
2912 3985 3213 4052 peccatum.
3236 3981 3617 4038 Nesciebatur
3636 4000 3768 4040 con-

2119 4069 2479 4141 cupiscentia
2501 4087 2628 4126 esse
2652 4076 2975 4141 peccatum,
2998 4072 3112 4126 nisi
3134 4072 3227 4126 lere
3246 4070 3485 4127 diceret:
3503 4073 3618 4128 Non
3641 4089 3768 4130 con-

2116 4161 2363 4229 cupisces
2392 4161 2568 4228 (Rom.
2588 4161 2709 4231 vn).
2727 4160 3031 4217 Misericors
3053 4161 3314 4217 Dominus
3342 4160 3400 4216 in
3433 4162 3763 4232 promissis,

2117 4256 2171 4303 et
2194 4250 2484 4303 miserator
2501 4248 2557 4304 in
2582 4249 3059 4316 exhibitionibus,
3082 4250 3446 4321 longanimis,
3471 4251 3609 4321 quia
3633 4267 3765 4322 por-

2117 4340 2203 4392 tat
2232 4354 2338 4392 nos
2360 4337 2543 4393 donec
2563 4339 2844 4410 perficiat,
2872 4345 2924 4395 et
2943 4338 3192 4394 multum
3222 4340 3549 4407 misericors,
3572 4338 3632 4392 in
3655 4338 3764 4394 hoc

2118 4426 2257 4496 quia
2287 4431 2576 4498 peccatur,
2609 4433 2667 4482 et
2695 4433 2891 4484 tamen
2922 4429 3155 4482 vivitur.
3188 4427 3487 4481 Accedunt
3507 4431 3761 4497 peccata,

350 4514 665 4571 Dominum
689 4517 979 4572 dicentem
1003 4517 1060 4571 in
1085 4516 1427 4597 Evangelio:
1459 4518 1564 4585 Qui
1582 4520 1777 4590 recipit
1787 4522 2005 4591 justum
2034 4527 2079 4591 ι)
2113 4520 2170 4570 et
2200 4514 2578 4587 prolongatur
2612 4515 2732 4570 vita
2766 4532 2777 4569 :
2830 4521 2998 4571 vocat
3045 4532 3152 4570 nos
3202 4514 3399 4586 minis,
3444 4519 3611 4570 vocat
3656 4533 3764 4572 nos

346 4604 411 4659 in
442 4607 663 4661 nomine
698 4606 859 4678 justi,
910 4605 1211 4661 mercedem
1231 4606 1372 4676 justi
1399 4607 1627 4677 accipiet
1677 4608 1888 4678 (Matth.
1920 4610 2000 4681 χ).

345 4691 477 4747 Non
508 4694 727 4749 sufficit
756 4694 912 4751 enim
937 4696 1172 4765 justum
1208 4695 1482 4766 recipere,
1524 4697 1635 4752 nisi
1669 4697 1728 4752 in
1761 4699 1999 4754 nomine

335 4781 495 4854 justi
520 4782 855 4854 recipiatur.
883 4782 944 4836 In
972 4781 1209 4837 nomine
1233 4786 1427 4838 autem
1446 4783 1592 4854 justi
1609 4784 1837 4853 justum
1862 4786 2001 4841 reci-

342 4870 454 4944 pit,
489 4870 588 4942 qui
618 4870 679 4926 in
712 4888 777 4926 eo
810 4872 965 4943 quod
989 4872 1194 4943 justus
1239 4876 1327 4927 est
1367 4875 1596 4927 tantum
1646 4873 1895 4927 attendit
1939 4873 1999 4929 in

346 4960 483 5031 ipsa
506 4960 859 5032 receptione,
884 4964 940 5015 et
965 4976 1079 5015 non
1103 4960 1348 5016 attendit
1367 4960 1602 5032 aliquod
1623 4962 1998 5017 commodum

342 5047 487 5103 inde
507 5047 742 5104 habere.
774 5048 898 5105 Illis
928 5053 1123 5105 autem
1149 5049 1249 5121 qui
1274 5050 1356 5105 sic
1378 5049 1649 5106 exhibent
1674 5050 1998 5106 misericor-

340 5136 529 5205 diam,
543 5136 604 5192 in
624 5137 755 5194 aliis
772 5138 911 5194 facit
927 5137 1413 5194 misericordiam.
1431 5141 1499 5195 Et
1515 5156 1585 5195 ne
1607 5140 1742 5212 quis
1759 5139 1993 5199 diceret.

341 5225 409 5283 Si
443 5226 720 5283 omnibus
755 5226 1218 5283 misericordiam
1252 5227 1459 5295 fecero,
1489 5229 1536 5283 si
1568 5234 1690 5284 tam
1723 5229 1995 5285 inimicos

338 5332 527 5389 quam
559 5316 779 5373 amicos
810 5317 1084 5387 dilexero,
1116 5332 1245 5371 ecce
1278 5316 1516 5388 impune
1559 5318 1740 5373 feram
1774 5318 1992 5390 omnia,

336 5420 474 5461 ecce
496 5406 647 5477 perit
666 5406 947 5462 correctio
965 5404 1287 5478 disciplina;
1311 5422 1565 5473 morum,
1582 5407 1989 5478 subjungitur:

333 5499 394 5551 et
412 5493 694 5569 judicium
723 5496 974 5552 omnibus
1008 5497 1275 5567 injuriam
1301 5497 1654 5567 patientibus.
1698 5495 1871 5559 Quasi
1906 5497 1993 5551 di-

333 5586 437 5642 cat
471 5600 484 5638 :
539 5583 664 5641 Non
714 5585 1045 5643 timendum
1096 5589 1184 5642 est
1213 5584 1384 5641 alicui
1418 5585 1694 5657 injuriam
1728 5587 1992 5658 patienti,

2112 4603 2529 4660 blandimentis
2557 4622 2570 4659 :
2602 4608 2659 4659 et
2687 4603 2973 4659 Dominus
2995 4604 3117 4658 haec
3140 4603 3379 4668 faciens,
3402 4619 3513 4659 non
3542 4605 3602 4659 in
3627 4621 3762 4677 per-

2111 4698 2341 4763 petuum
2369 4696 2640 4749 irascetur
2686 4693 2887 4759 nobis,
2937 4709 3110 4766 neque
3148 4694 3207 4748 in
3234 4700 3508 4750 aeternum
3536 4695 3760 4749 commi-

2112 4783 2357 4837 nabitur.
2389 4783 2550 4847 Quod
2572 4784 2697 4851 jam
2729 4782 2945 4854 experti
2979 4799 3208 4850 sumus,
3242 4782 3381 4853 quia
3405 4798 3541 4838 cum
3563 4799 3761 4853 peccac

2110 4875 2267 4928 tores
2298 4889 2585 4939 essemus,
2619 4870 2925 4942 justificati
2962 4888 3171 4928 sumus
3203 4888 3216 4925 :
3269 4888 3400 4926 cum
3436 4871 3591 4926 mala
3621 4888 3760 4943 pro-

2112 4960 2458 5026 meruimus,
2512 4960 2638 5031 ipse
2686 4962 2838 5015 bona
2868 4960 3157 5017 retribuit.
3208 4961 3370 5026 Quod
3403 4959 3590 5014 dicit:
3644 4958 3759 5015 Non

2107 5049 2406 5103 secundum
2431 5052 2663 5120 peccata
2690 5058 2878 5104 nostra
2912 5050 3089 5105 facias
3136 5049 3312 5114 nobis,
3362 5063 3536 5119 neque
3564 5065 3761 5103 secun-

2106 5138 2239 5193 dum
2286 5138 2604 5209 iniquitates
2659 5142 2876 5195 nostras
2928 5138 3215 5193 retribuas
3259 5138 3435 5193 nobis.
3488 5138 3759 5205 Quoniam

2105 5228 2406 5283 secundum
2435 5227 2785 5283 altitudinem
2814 5228 2937 5282 cteli
2963 5245 2997 5282 a
3028 5232 3199 5289 terra,
3246 5226 3618 5282 corroboravit
3646 5228 3754 5282 mi-

2104 5316 2457 5374 sericordiam
2480 5333 2637 5370 suam
2659 5333 2828 5387 super
2848 5318 3099 5372 timentes
3120 5332 3178 5371 se
3191 5333 3209 5370 :
3235 5315 3375 5386 quia
3395 5315 3569 5371 sicuti
3600 5320 3757 5373 terra

2106 5406 2370 5477 undique
2400 5422 2433 5459 a
2476 5404 2620 5460 ccelo
2654 5405 2996 5477 protegitur,
3031 5411 3089 5460 et
3122 5406 3194 5459 ab
3223 5422 3289 5460 eo
3320 5403 3519 5459 lumen
3550 5405 3752 5467 habet.

2105 5500 2163 5551 et
2192 5495 2264 5550 ah
2296 5510 2362 5549 eo
2394 5510 2522 5549 rore
2550 5493 2830 5566 irrigatur
2873 5500 2931 5549 et
2976 5493 3171 5566 pluvia
3218 5493 3628 5562 imbriﬁcatur,
3674 5493 3755 5549 ita

2104 5600 2252 5656 quos
2284 5582 2537 5656 protegit
2560 5582 2959 5641 misericordia
2990 5582 3090 5641 Dei
3124 5582 3385 5656 undique
3405 5581 3673 5657 protegit,
3688 5586 3753 5643 et
