4024 6192
274 309 398 386 OM

837 303 1142 368 REMIGII
1187 292 1937 365 ANTISSIODORENSIS
1983 291 2159 355 OPP.
2201 291 2408 354 PARS
2451 289 2499 352 Ῑ.
2536 322 2614 336 -
2646 284 3112 351 EXEGETICA.

3558 281 3677 343 6‘1!

276 444 439 502 abes
458 439 890 506 illuminantur,
909 442 965 493 et
985 436 1275 509 sapientia
1292 430 1922 490 veritatisimbrifican-
1949 427 2005 494 Α
2036 446 2066 477 ‹‹
2095 423 2314 484 mento."
2362 424 2651 481 Extendes
2682 421 2892 478 coelum
2924 420 3080 475 sicut
3106 416 3341 491 pellem,
3386 413 3487 488 qui
3530 414 3684 487 tegis

273 538 391 591 tur.
427 534 704 601 Quantum
749 529 920 585 distat
946 534 1098 584 ortus
1126 525 1193 581 ab
1220 524 1511 589 occidente,
1547 524 1700 594 longe
1732 523 1862 593 fecit
1887 537 1922 574 a

275 622 430 681 nobis
473 606 793 690 iniquitates
833 619 1073 673 nostras.
1130 614 1260 670 Alia
1300 612 1625 670 similitudo
1673 610 1924 682 qualiter

274 708 740 768 misericordiam
761 706 934 762 faciat
950 703 1258 762 Dominus:
1280 705 1417 777 quia
1434 708 1721 775 quantum
1741 700 1924 755 distat

272 803 439 857 ortus
467 796 611 852 solis
642 796 717 850 ab
747 810 979 863 occasu,
1012 797 1243 848 tantum
1274 790 1453 846 distat
1481 793 1643 844 ortus
1666 787 1866 860 gratia
1889 802 1924 841 a

274 904 412 944 casu
445 884 662 957 culpa;
714 884 854 956 quia
890 883 1045 938 sicut
1073 898 1246 937 casus
1276 880 1460 950 culpa
1489 883 1579 934 est
1608 874 1919 942 aternalis,

274 978 356 1033 ita
372 981 428 1032 et
442 979 605 1032 ortus
625 973 840 1046 gloria.
855 971 985 1028 Alia
1002 972 1216 1026 iterum
1238 967 1624 1025 similitudine
1641 965 1920 1030 ostendit,

280 1064 530 1143 qualiter
558 1062 931 1120 corroborata
957 1061 1035 1116 sit
1063 1058 1465 1116 misericordia
1494 1055 1725 1112 Domini
1746 1070 1925 1125 super

274 1157 548 1213 timentes
578 1168 661 1208 se.
685 1150 829 1217 Quia
847 1149 1111 1222 quomodo
1138 1149 1438 1203 miseretur
1469 1155 1626 1217 pater
1653 1146 1922 1216 ﬁliorum,

276 1242 357 1307 ita
383 1240 639 1297 misertus
666 1246 743 1294 est
774 1238 1041 1294 Dominus
1072 1236 1395 1292 timentibus
1423 1251 1499 1289 se.
1533 1234 1602 1288 Et
1629 1233 1739 1289 hoc
1770 1233 1923 1299 ideo,

186 1318 191 1331 ’
274 1331 536 1403 quoniam
556 1329 672 1399 ipse
694 1326 942 1395 cognovit
962 1326 1284 1396 ﬁgmentum
1308 1333 1577 1389 nostrum,
1614 1323 1671 1377 id
1695 1326 1784 1377 est
1810 1322 1923 1375 fra-

275 1418 561 1492 gilitatem
612 1420 897 1471 nostram.
948 1417 1013 1470 Et
1062 1415 1381 1469 recordatus
1428 1421 1509 1467 est
1558 1411 1698 1482 quia
1741 1410 1925 1482 pulvis

271 1522 466 1571 sumus
482 1522 501 1559 :
527 1509 583 1559 et
603 1503 758 1576 quod
781 1503 964 1570 homo,
986 1505 1130 1557 sicut
1150 1505 1340 1573 fenum
1363 1503 1515 1557 sicut
1535 1500 1747 1556 arescit
1771 1517 1783 1554 :
1808 1498 1925 1553 dies

274 1597 393 1669 ejus
415 1599 680 1665 tanquam
697 1593 797 1662 ﬂos
830 1591 944 1649 feni
970 1594 1050 1648 sic
1076 1591 1352 1666 efﬂorebit
1381 1611 1399 1647 :
1428 1591 1565 1667 quia
1594 1606 1729 1644 cum
1754 1588 1924 1644 modo

276 1685 498 1749 ﬂoreat,
535 1697 665 1737 cras
692 1682 1012 1737 arescet.Et
1043 1681 1152 1736 hoc
1183 1680 1373 1735 unde?
1402 1681 1670 1748 Quoniam
1696 1680 1926 1748 spiritus

2034 540 2061 568 «
2095 516 2266 588 aquis
2293 514 2597 587 superiora
2619 515 2766 583 ejus.
2797 512 2906 576 Qui
2933 509 3102 583 ponis
3129 509 3339 563 nubem
3364 520 3685 561 ascensum

2035 628 2063 658 «
2093 611 2284 677 tuum,
2327 605 2426 677 qui
2456 603 2726 660 ambulas
2756 618 2932 673 super
2961 615 3184 671 pennas
3212 600 3541 652 ventorum.
3574 593 3688 658 Qui

2034 718 2063 746 «
2095 696 2239 752 facis
2256 694 2494 768 angelos
2510 699 2643 748 tuos
2661 691 2924 764 spiritus,
2940 695 2996 745 et
3014 689 3317 744 ministros
3332 692 3465 741 tuos
3483 686 3688 757 ignem

2033 808 2061 834 «
2097 789 2384 840 urentem.
2417 783 2524 847 Qui
2556 781 2815 836 fundasti
2849 786 3063 834 terram
3091 792 3268 849 super
3299 774 3688 831 stabilitatem

2032 891 2267 930 «suam
2319 891 2331 929 :
2392 890 2507 928 non
2568 869 2949 927 inclinabitur
3002 868 3062 922 in
3120 865 3400 921 saeculum
3458 864 3688 920 saculi.

2036 985 2066 1014 (ί
2093 963 2375 1036 Abyssus,
2401 962 2554 1017 sicut
2575 960 3009 1022 vestimentum,
3034 956 3289 1012 amictus
3310 956 3474 1026 ejus;
3508 969 3696 1026 super

2032 1075 2061 1103 «
2098 1058 2325 1108 montes
2341 1051 2583 1106 stabunt
2601 1066 2784 1121 aqua.
2798 1049 2884 1103 Ab
2907 1045 3301 1118 increpatione
3318 1049 3420 1100 tua
3434 1043 3688 1116 fugient,

2034 1164 2062 1192 κ
2096 1160 2129 1197 a
2157 1158 2296 1197 voce
2318 1140 2561 1196 tonitrui
2585 1139 2671 1194 tui
2703 1137 3125 1193 formidabunt.
3150 1135 3491 1190 Ascendunt
3522 1148 3694 1188 mon-

2033 1254 2062 1282 «
2095 1237 2203 1297 tes,
2224 1236 2282 1286 et
2304 1229 2668 1285 descendunt
2687 1226 2901 1299 campi,
2926 1227 2985 1280 in
3006 1224 3200 1281 locum
3223 1240 3396 1296 quem
3421 1221 3689 1277 fundasti

2034 1343 2064 1371 «
2096 1320 2550 1377 eis.Terminum
2572 1317 2817 1390 posuisti
2833 1332 3009 1388 quem
3024 1332 3139 1370 non
3153 1311 3695 1385 transgredientnr,

2035 1432 2065 1460 «
2099 1426 2286 1481 neque
2316 1410 2728 1463 convertentur
2756 1405 2981 1477 operire
3010 1408 3250 1459 terram.
3300 1401 3409 1466 Qui
3459 1402 3696 1456 emittis

2037 1521 2066 1550 ‹‹
2096 1499 2285 1554 fontes
2321 1497 2381 1552 in
2432 1495 2823 1567 convallibus,
2874 1495 3027 1549 inter
3076 1492 3335 1548 medium
3390 1491 3695 1546 montium

2035 1610 2063 1639 «
2099 1588 2541 1660 pertransibunt
2560 1602 2740 1658 aquae.
2766 1584 3058 1640 Potabunt
3081 1598 3287 1638 omnes
3306 1580 3507 1636 bestia
3529 1579 3697 1653 agri,

2038 1699 2066 1728 α
2098 1677 2521 1748 exspectabunt
2546 1674 2746 1745 onagri
2771 1674 2827 1728 in
2853 1672 2950 1728 siti
2977 1689 3104 1728 sua.
3133 1675 3318 1742 Super
3336 1686 3405 1725 ea
3424 1669 3696 1725 volucres

273 1770 635 1845 pertransibit
654 1770 717 1824 in
736 1769 851 1824 illo.
877 1770 1173 1837 Transire,
1198 1774 1288 1825 est
1311 1770 1381 1824 de
1402 1770 1554 1824 bono
1577 1769 1648 1823 ad
1671 1768 1922 1835 bonum;
1956 1801 2007 1868 B
2039 1788 2061 1814 ι
2098 1766 2228 1821 cali
2248 1764 2701 1833 habitabunt,de
2726 1762 2917 1818 medio
2936 1765 3232 1832 petrarum
3254 1758 3696 1868 dabqntzoces.

276 1858 744 1933 pertransire,est
765 1857 917 1913 ultra
939 1858 1221 1914 terminos
1244 1859 1347 1925 ire,
1365 1858 1585 1913 bonum
1610 1856 1923 1922 dimittere,

277 1947 433 2011 malo
462 1946 760 2003 inharere.
794 1945 960 2002 Unde
992 1946 1137 2002 illud
1168 1964 1180 2001 :
1216 1946 1457 2017 Spiritus
1506 1946 1746 2010 vadens,
1787 1943 1927 2016 quia

275 2052 387 2105 non
428 2035 644 2091 rediens
693 2036 866 2107 (Psal.
917 2037 1160 2108 Lxxvu);
1212 2036 1366 2108 quod
1415 2035 1604 2090 dicit:
1656 2035 1928 2103 Quoniam

274 2126 504 2200 spiritus
527 2127 890 2197 pertransibit
917 2128 981 2181 in
1009 2124 1135 2196 illo,
1176 2130 1232 2181 et
1257 2142 1367 2182 non
1397 2125 1651 2181 subsistet
1678 2125 1737 2180 in
1768 2123 1924 2178 viva-

278 2215 455 2272 citate
477 2213 745 2281 rationis,
764 2214 824 2270 in
847 2231 965 2287 qua
985 2219 1217 2270 creatus
1237 2214 1348 2270 fuit
1371 2230 1404 2269 a
1423 2214 1538 2269 Deo
1563 2212 1808 2285 spiritus
1829 2210 1930 2266 ho-

276 2304 456 2370 minis
491 2320 505 2360 :
557 2307 612 2359 et
639 2320 756 2359 non
783 2308 1061 2377 cognoscet
1088 2305 1337 2376 amplius
1367 2305 1546 2359 locum
1572 2319 1755 2369 suum,
1790 2301 1931 2372 quia

275 2411 380 2473 per
408 2409 470 2449 se
501 2409 616 2448 non
647 2399 839 2465 potest
869 2393 1055 2450 redire
1075 2394 1148 2449 ad
1170 2394 1423 2466 priorem
1450 2397 1692 2448 statum.
1725 2392 1930 2448 Miseri-

275 2482 463 2539 cordia
486 2486 673 2537 autem
690 2483 915 2537 Domini
931 2483 998 2537 ab
1019 2486 1252 2552 aeterno,
1278 2492 1329 2538 et
1357 2498 1528 2552 usque
1556 2483 1614 2537 in
1642 2485 1927 2547 aternum,

282 2569 506 2628 scilicet
535 2569 817 2625 duratura
848 2574 938 2625 est
963 2586 1129 2642 super
1166 2573 1417 2626 timentes
1442 2586 1598 2641 eum,
1646 2571 1930 2625 reducens

279 2656 556 2739 spiritum
582 2672 807 2727 eorum,
840 2656 891 2717 si
924 2658 1160 2729 quando
1189 2657 1313 2713 vult
1341 2659 1613 2725 transire,
1643 2657 1729 2713 vel
1748 2657 1929 2713 etiam

279 2747 330 2805 si
351 2744 693 2822 pertransit:
713 2754 764 2802 et
784 2746 1003 2816 iustitia
1023 2746 1179 2801 illius
1198 2745 1454 2802 existens
1476 2746 1701 2802 scilicet
1714 2747 1776 2801 in
1787 2746 1931 2816 ﬁlios

278 2838 543 2909 ﬁliorum,
568 2834 626 2890 id
656 2839 766 2901 est,
790 2834 1152 2891 dominantis
1183 2834 1243 2891 in
1274 2851 1480 2891 omnes
1501 2834 1928 2907 generationes.

278 2925 675 3000 Ejusjustitia
705 2924 882 2979 datur
905 2924 993 2980 his
1020 2926 1117 2996 qui
1144 2930 1365 2980 servant
1385 2928 1773 2980 testamentum
1792 2924 1927 2994 ejus,

278 3015 478 3079 idest,
510 3016 748 3085 pactum
780 3012 928 3083 ejus.
963 3014 1029 3068 Et
1059 3013 1163 3083 qui
1193 3028 1457 3069 memores
1485 3021 1616 3069 sunt
1641 3012 1930 3068 mandato-

279 3119 410 3160 rum
426 3101 556 3173 ejus
576 3100 661 3156 ad
681 3100 998 3173 faciendum
1014 3117 1102 3170 ea,
1124 3118 1237 3157 non
1258 3102 1327 3157 ad
1351 3102 1654 3158 sciendum
1674 3106 1926 3158 tantum.

2036 1879 2065 1907 «
2100 1855 2319 1926 Rigans
2351 1858 2580 1909 montes
2612 1852 2683 1907 de
2726 1850 3129 1923 superioribus
3178 1848 3324 1915 suis,
3372 1848 3444 1903 de
3496 1848 3697 1902 fructu

2037 1968 2065 1996 «
2100 1959 2341 2016 operum
2364 1948 2602 1997 tuorum
2621 1941 2931 1997 satiabitur
2949 1945 3124 1995 terra.
3140 1938 3473 1994 Producens
3490 1938 3695 1993 fenum

2039 2056 2068 2086 «
2091 2032 2402 2105 jumentis,
2419 2036 2476 2087 et
2491 2031 2734 2087 herbam
2757 2029 3018 2086 servituti
3038 2028 3366 2084 hominum.
3383 2028 3459 2084 Ut
3474 2028 3695 2084 educas

2037 2144 2066 2173 «
2099 2139 2312 2194 panem
2344 2122 2415 2177 de
2445 2125 2629 2187 terra,
2673 2124 2730 2176 et
2757 2120 2960 2175 vinum
2993 2118 3246 2175 latificet
3276 2134 3378 2173 cor
3404 2117 3692 2173 hominis.

2038 2235 2068 2263 ‹‹
2101 2216 2177 2267 Ut
2204 2210 2488 2267 exhilaret
2518 2209 2724 2265 faciem
2754 2208 2811 2265 in
2846 2207 2991 2277 oleo,
3026 2212 3081 2264 et
3109 2208 3280 2280 panis
3308 2224 3411 2263 cor
3429 2206 3695 2263 hominis

2039 2325 2067 2352 «
2100 2301 2423 2357 confirmet.
2468 2299 2904 2356 Saturabuntur
2950 2298 3111 2371 ligna
3156 2297 3382 2370 campi,
3428 2301 3486 2351 et
3531 2297 3695 2352 cedri

2041 2412 2070 2441 ‹‹
2104 2390 2308 2446 Libani
2331 2406 2481 2461 quas
2502 2388 2812 2461 plantavit:
2838 2387 2957 2443 illic
2982 2403 3251 2459 passeres
3277 2384 3691 2441 nidiﬁcabunt.

2039 2501 2069 2530 «
2101 2479 2335 2535 Herodii
2366 2479 2577 2534 domus
2609 2478 2726 2532 dux
2768 2481 2857 2533 est
2896 2492 3101 2532 eorum
3134 2493 3147 2529 :
3200 2481 3429 2531 montes
3480 2476 3692 2532 excelsi

2038 2591 2068 2619 «
2103 2569 2307 2635 cervis,
2341 2574 2505 2640 petra
2531 2566 2821 2640 refugium
2845 2565 3191 2623 herinaceis.
3218 2566 3379 2621 Fecit
3404 2565 3608 2621 lunam
3632 2566 3691 2621 in

2040 2680 2069 2708 «
2101 2662 2394 2729 tempora,
2448 2657 2534 2712 sol
2582 2657 2853 2730 cognovit
2898 2672 3172 2711 occasum
3203 2672 3402 2711 suum.
3436 2655 3693 2711 Posuisti

2043 2770 2064 2797 α
2101 2746 2394 2810 tenebras,
2431 2748 2489 2801 et
2518 2745 2670 2800 facta
2699 2750 2789 2802 est
2817 2761 2969 2801 nox:
3001 2746 3059 2799 in
3090 2745 3220 2817 ipsa
3250 2745 3697 2816 pertransibunt

2040 2857 2067 2885 «
2102 2850 2307 2889 omnes
2338 2833 2535 2889 bestia
2565 2833 2745 2890 silva.
2795 2833 2984 2891 Catuli
3014 2834 3249 2890 leonum
3302 2834 3601 2907 rugientes
3632 2839 3696 2890 ut

2039 2945 2067 2973 «
2104 2922 2337 2994 rapiant
2367 2927 2424 2977 et
2454 2927 2720 2993 quarant
2748 2940 2784 2978 a
2814 2929 2928 2979 Deo
2959 2939 3153 2978 escam
3194 2923 3321 2978 sibi.
3378 2922 3556 2978 Ortus
3601 2926 3693 2979 est

2040 3034 2069 3062 »
2102 3011 2210 3082 sol,
2233 3015 2290 3066 et
2315 3012 2649 3083 congregati
2682 3016 2841 3079 sunt,
2871 3016 2927 3067 et
2947 3012 3006 3067 in
3034 3011 3317 3068 cubilibus
3346 3011 3471 3066 suis
3501 3011 3687 3066 collo-

2039 3123 2069 3151 α
2101 3101 2412 3156 cabuntur.
2454 3100 2644 3156 Exibit
2673 3101 2850 3158 homo
2879 3102 2953 3158 ad
2984 3118 3135 3175 opus
3164 3117 3313 3167 sum,
3344 3105 3401 3156 et
3427 3100 3499 3155 ad
3532 3115 3677 3170 ope-

280 3194 352 3249 Et
371 3206 521 3264 opus
537 3193 626 3248 est
648 3189 974 3262 uniquique
998 3195 1063 3246 ut
1079 3190 1252 3246 faciat
1269 3191 1547 3247 mandata
1563 3192 1811 3258 Domini,
1828 3189 1928 3263 qui
1960 3173 2004 3240 C
2046 3213 2068 3241 (ι
2102 3190 2390 3246 rationem
2412 3206 2576 3245 suam
2602 3207 2790 3263 usque
2812 3192 2883 3246 ad
2902 3173 3228 3263 vesperam.
3255 3192 3431 3256 Quam
3455 3188 3683 3261 magni-

281 3281 481 3339 sedem
500 3295 670 3336 suam
681 3278 1079 3350 judiciariam,
1095 3279 1154 3334 in
1174 3296 1289 3351 qua
1297 3280 1674 3351 judicaturus
1695 3285 1784 3337 est
1800 3280 1932 3336 illos

282 3370 384 3445 qui
416 3385 532 3426 non
567 3368 793 3435 faciunt
822 3369 1099 3425 mandata
1142 3385 1271 3435 sua,
1322 3372 1547 3441 paravit
1587 3369 1645 3424 in
1677 3368 1841 3441 calo,
1875 3374 1935 3426 et

283 3475 529 3541 regnum
548 3456 739 3530 ipsius
760 3457 1038 3513 omnibus
1059 3457 1462 3513 dominabitur
1477 3462 1597 3514 tam
1618 3458 1733 3530 piis
1753 3476 1933 3531 quam

284 3547 507 3625 impiis.
552 3545 655 3602 Vel
687 3547 803 3603 sic:
840 3551 1105 3603 Memores
1130 3556 1262 3603 sunt
1292 3541 1677 3604 mandatorum
1708 3550 1837 3621 ejus
1865 3549 1937 3605 ad

282 3637 603 3715 faciendum
618 3653 703 3693 ea.
729 3635 905 3703 Quasi
931 3651 1251 3709 quaereres:
1275 3636 1415 3700 Quis
1439 3640 1632 3708 potest
1660 3639 1940 3694 mandata

287 3729 474 3786 facere
488 3727 516 3783 ?
540 3728 828 3796 Dominus,
855 3726 1067 3799 inquit,
1086 3727 1309 3799 paravit
1330 3728 1388 3781 in
1412 3727 1541 3781 cato
1559 3726 1739 3782 sedem
1756 3743 1936 3796 suam,

286 3816 347 3873 id
396 3819 513 3883 est,
547 3815 607 3871 in
638 3816 730 3871 his
762 3815 864 3887 qui
891 3831 996 3887 per
1026 3814 1489 3872 observationem
1524 3815 1937 3871 mandatorum

290 3904 420 3967 cali
452 3903 589 3960 facti
621 3909 778 3976 sunt,
811 3909 870 3960 et
897 3905 1026 3977 ipse
1055 3922 1156 3961 eos
1185 3905 1256 3960 ad
1290 3904 1400 3960 hoc
1433 3908 1498 3959 ut
1525 3905 1756 3976 possint
1775 3922 1943 3960 man-

292 3994 432 4050 data
450 3993 581 4064 ejus
602 3992 931 4049 observare.
956 3996 1030 4049 Et
1048 4011 1282 4066 regnum
1299 3995 1476 4066 ipsius
1498 3994 1754 4050 omnibus
1769 3994 1947 4050 domi-

293 4082 547 4145 nabitur.
598 4083 747 4152 Ergo
794 4082 1098 4138 Benedicite
1140 4085 1251 4139 Deo
1289 4084 1476 4155 Patri,
1524 4100 1716 4140 omnes
1764 4085 1950 4156 angeli

296 4172 436 4250 ejus,
462 4169 521 4226 id
545 4172 654 4236 est,
680 4184 886 4226 omnes
908 4170 1007 4242 qui
1033 4171 1162 4242 ejus
1187 4170 1472 4243 legatione
1495 4172 1830 4246 fungimini,
1849 4189 1948 4246 po-

297 4266 468 4323 tentes
486 4261 713 4326 virtute,
746 4258 803 4313 in
835 4259 1150 4332 operandis
1179 4258 1503 4328 miraculis,
1533 4264 1801 4331 lactentes
1826 4279 1949 4319 ver-

300 4356 432 4409 bum
458 4351 637 4416 illius,
656 4348 754 4404 hic
768 4364 942 4421 opere
960 4346 1229 4405 videlicet
1248 4348 1581 4421 implentes,
1602 4352 1756 4424 quod
1780 4352 1952 4408 verbo

300 4439 670 4515 annuntiatis
702 4454 715 4493 :
751 4439 826 4494 ad
856 4437 966 4493 hoc
996 4436 1282 4506 videlicet,
1319 4443 1384 4494 ut
1415 4437 1511 4494 alii
1545 4439 1790 4495 audiant
1818 4457 1952 4512 per-

2041 3300 2071 3330 «
2105 3279 2276 3336 licata
2293 3284 2432 3335 sunt
2458 3296 2637 3351 opera
2655 3284 2780 3348 tua,
2798 3281 3073 3336 Domine!
3101 3281 3302 3336 omnia
3321 3280 3380 3335 in
3403 3279 3694 3352 sapientia

2042 3391 2071 3420 «
2104 3368 2323 3434 fecisti,
2377 3368 2621 3440 impleta
2649 3374 2739 3425 est
2778 3375 2936 3426 terra
2980 3370 3351 3443 possessione
3399 3375 3522 3424 tua.
3577 3372 3696 3424 Hoc

2049 3481 2071 3508 ι
2106 3450 2568 3530 ωωτέωαεηιιω
2591 3463 2648 3514 et
2671 3459 2993 3531 spatiosum
3019 3460 3303 3525 manibus,
3326 3458 3446 3515 illic
3469 3458 3701 3530 reptilia

2046 3570 2075 3600 α
2113 3564 2363 3620 quorum
2394 3564 2511 3603 non
2540 3552 2628 3604 est
2658 3566 2962 3604 numerus.
2996 3549 3291 3604 Animalia
3320 3548 3541 3621 pusilla
3565 3565 3697 3604 cum

2048 3659 2077 3687 «
2110 3634 2538 3709 magnis;illic
2596 3654 2772 3693 naves
2830 3638 3292 3710 pertransibunt.
3354 3637 3540 3694 Draco
3599 3639 3701 3693 iste

2049 3750 2077 3776 ‹‹
2112 3741 2288 3796 quem
2342 3725 2608 3781 formasti
2654 3725 2726 3781 ad
2770 3725 3137 3782 illudendum
3185 3728 3284 3782 ei:
3337 3728 3543 3783 omnia
3578 3743 3610 3782 a
3645 3732 3694 3781 te

2055 3838 2083 3865 ‹‹
2102 3818 2485 3886 exspectant,
2518 3817 2584 3869 ut
2613 3814 2717 3870 des
2745 3814 2864 3871 illis
2894 3832 3087 3871 escam
3121 3816 3182 3871 in
3212 3821 3499 3889 tempore.
3529 3816 3700 3872 Dante

2057 3925 2085 3955 ‹‹
2115 3909 2171 3958 te
2202 3902 2353 3969 illis,
2406 3902 2725 3975 colligant:
2777 3906 3073 3976 aperiente
3118 3910 3175 3961 te
3218 3922 3465 3961 manum
3516 3911 3706 3973 tuam,

2057 4016 2084 4043 ‹‹
2119 3992 2316 4049 omnia
2346 3991 2752 4064 implebuntur
2780 3994 3063 4050 bonitate.
3095 3996 3407 4052 Avertente
3436 4000 3639 4051 autem
3659 4000 3715 4051 te

2058 4104 2085 4132 «
2122 4081 2353 4147 faciem,
2385 4082 2813 4138 turbabuntur:
2846 4083 3075 4140 auferes
3096 4084 3372 4157 spiritum
3404 4101 3635 4150 eorum,
3659 4087 3718 4139 et

2058 4192 2088 4222 ‹‹
2120 4170 2391 4226 deficient
2411 4175 2469 4226 et
2483 4170 2542 4226 in
2564 4171 2858 4243 pulverem
2878 4190 3050 4228 suum
3070 4178 3450 4230 revertentur.
3469 4173 3715 4229 Emittes

2059 4281 2088 4311 ‹‹
2122 4259 2395 4330 spiritum
2422 4265 2609 4326 tuum,
2626 4265 2684 4316 et
2702 4262 3145 4330 creabuntur,et
3170 4264 3477 4320 renovabis
3499 4263 3717 4319 faciem

2063 4371 2091 4399 ‹‹
2123 4353 2312 4404 terra.
2363 4350 2451 4404 Sit
2479 4349 2663 4422 gloria
2692 4350 2925 4406 Domini
2955 4352 3014 4407 in
3056 4352 3330 4409 saculum
3350 4393 3365 4418 ,
3420 4352 3721 4409 latabitur

2062 4460 2092 4487 ‹‹
2127 4435 2413 4493 Dominus
2442 4438 2502 4493 in
2533 4439 2811 4510 operibus
2861 4441 3009 4497 suis.
3054 4442 3161 4505 Qui
3194 4441 3430 4513 respicit
3459 4447 3681 4497 terram
3703 4486 3717 4510 ,

298 4530 409 4587 hos
439 4545 608 4585 voces
637 4543 909 4583 sermones
935 4527 1094 4598 ejus:
1133 4527 1274 4598 quia
1301 4528 1614 4600 persuadet
1643 4529 1740 4600 qui
1775 4529 1951 4584 verbo
1986 4543 2032 4607 Ι)
2063 4549 2091 4577 ‹‹
2124 4530 2182 4582 et
2205 4526 2341 4582 facit
2364 4544 2494 4582 eam
2517 4532 2766 4585 tremere
2791 4546 2803 4585 :
2837 4530 2937 4602 qui
2961 4530 3148 4603 tangit
3177 4535 3427 4597 montes,
3455 4535 3515 4586 et
3537 4530 3723 4586 fumi-

302 4622 361 4675 et
395 4634 568 4691 opere
593 4616 888 4690 pradicet.
912 4616 1225 4673 Benedicite
1245 4618 1496 4689 Domino,
1520 4634 1707 4674 omnes
1727 4620 1955 4673 virtutes

302 4708 444 4780 ejus,
472 4706 716 4762 Domino
743 4704 967 4763 scilicet
992 4705 1170 4775 Filio;
1197 4707 1543 4773 benedicite,
1570 4708 1821 4761 ministri
1841 4707 1960 4777 ejus

304 4797 401 4869 qui
425 4795 614 4868 facitis
644 4796 981 4852 voluntatem
1006 4797 1145 4868 ejus.
1192 4795 1509 4851 Benedicite
1540 4798 1774 4851 Domino
1825 4796 1958 4868 Spi-

302 4885 465 4954 ritui,
488 4885 676 4942 omnia
693 4900 861 4956 opera
883 4885 1000 4956 ejus
1022 4886 1082 4939 in
1107 4885 1258 4940 omni
1275 4886 1388 4940 loco
1406 4884 1800 4941 dominationis
1818 4890 1957 4958 ejus.

305 4974 560 5043 Benedic,
591 4975 787 5030 anima
812 4988 953 5037 mea,
992 4979 1242 5028 Domino.
1290 4973 1621 5030 Benedictio
1656 4973 1714 5029 in
1747 4976 1956 5048 capite,

306 5063 639 5127 benedictio
661 5063 720 5119 in
742 5062 878 5119 fine.
906 5063 965 5118 ln
987 5062 1394 5119 benedictione
1420 5062 1757 5135 incipimus,
1783 5063 1844 5119 in
1866 5067 1963 5121 be-

308 5153 642 5229 nedictione
672 5152 934 5222 ﬁnimus,
967 5151 1027 5208 in
1056 5152 1461 5208 benedictione
1491 5168 1824 5225 regnemus.

884 5257 1215 5315 PSALMUS
1250 5258 1392 5315 CIII.

817 5346 1083 5387 PSALMUS
1124 5347 1235 5386 IP81
1274 5347 1466 5386 DAVID.

385 5442 414 5471 α
446 5418 727 5487 Benedic,
761 5419 962 5474 anima
993 5435 1151 5488 mea,
1187 5419 1435 5474 Domino
1469 5435 1482 5475 :
1536 5419 1781 5478 Domine
1809 5421 1965 5478 Deus

315 5530 345 5559 α
378 5522 568 5583 meus,
593 5508 1010 5579 magniﬁcatus
1029 5524 1092 5564 es
1109 5507 1501 5564 vehementer.
1526 5509 1966 5568 Confessionem

324 5618 345 5649 ι
381 5601 439 5669 et
467 5596 736 5673 decorem
769 5595 1035 5664 induisti,
1067 5597 1320 5655 amictus
1358 5597 1581 5656 lumine
1610 5599 1764 5656 sicut
1792 5602 1969 5663 vesti-

2066 4638 2094 4666 «
2129 4620 2290 4688 gant.
2324 4616 2581 4673 Cantabo
2615 4618 2858 4675 Domino
2887 4620 2945 4674 in
2976 4620 3095 4676 vita
3126 4637 3285 4692 mea,
3318 4620 3571 4694 psallam
3610 4623 3727 4677 Deo

2069 4727 2098 4755 ‹‹
2131 4720 2262 4761 meo
2311 4706 2570 4777 quandiu
2622 4724 2775 4763 sum.
2832 4709 3174 4766 Jucundum
3221 4710 3298 4767 sit
3335 4711 3385 4766 ei
3417 4710 3729 4782 eloquium

2075 4818 2095 4845 ι
2132 4810 2370 4864 meum;
2403 4812 2509 4869 ego
2535 4812 2669 4853 vero
2701 4797 3034 4854 delectabor
3055 4800 3113 4854 in
3139 4800 3401 4855 Domino.
3435 4800 3737 4857 Deﬁciant

2069 4908 2098 4935 ‹‹
2131 4888 2464 4958 peccatores
2491 4902 2525 4941 a
2546 4890 2701 4941 terra
2720 4891 2776 4941 et
2796 4887 3007 4959 iniqui,
3039 4888 3120 4945 ita
3141 4894 3206 4945 ut
3228 4906 3343 4945 non
3364 4890 3488 4946 sint
3507 4907 3520 4945 :
3553 4889 3737 4946 bene-

2072 4995 2100 5024 «
2132 4974 2257 5040 dic,
2289 4974 2488 5030 anima
2516 4991 2676 5046 mea,
2709 4976 2958 5033 Domino
2989 4997 3041 5032 ι.

2688 5067 2960 5125 ENARRA
2972 5067 3095 5124 T10.
3290 5137 3297 5142 ,

2142 5152 2396 5208 Psalmus
2418 5154 2528 5225 ipsi
2541 5154 2734 5212 David.
2755 5157 2903 5221 Quia
2923 5173 3128 5213 omnes
3148 5157 3462 5214 Christiani
3487 5162 3734 5233 propter

2074 5240 2371 5313 unitatem,
2414 5244 2673 5316 corporis
2721 5245 2933 5303 Christi
2982 5264 3167 5302 unum
3208 5264 3421 5320 corpus
3450 5254 3619 5320 sunt,
3668 5252 3734 5304 et

2075 5347 2281 5387 omnes
2329 5331 2537 5388 anima
2587 5339 2822 5408 prepter
2870 5337 3153 5394 unitatem
3201 5338 3337 5393 fidei
3377 5354 3498 5393 una
3529 5338 3735 5393 anima

2076 5426 2243 5477 sunt:
2272 5420 2400 5477 ideo
2420 5439 2521 5494 pro
2543 5423 2723 5478 tantis
2747 5427 3092 5482 muneribus
3106 5427 3358 5495 Domini,
3374 5444 3479 5501 pro
3502 5433 3591 5484 tot
3609 5432 3735 5484 tan-

2075 5510 2272 5582 tisque
2299 5510 2597 5568 beneficiis
2613 5515 2935 5586 gratiarum
2956 5518 3083 5588 ejus
3105 5517 3261 5573 dicat
3286 5518 3725 5591 unusquisque:

2150 5599 2385 5657 Benedic
2401 5644 2417 5672 ,
2444 5602 2637 5660 anima
2663 5620 2820 5676 nica,
2853 5606 3109 5663 Domino.
3133 5607 3201 5664 Et
3223 5606 3432 5665 merito
3462 5606 3728 5677 benedic,
