4024 6192
345 367 462 427 673

1466 363 2073 426 ENARRATIONES
2119 365 2196 424 IN
2240 366 2623 429 PSALMOS.

3630 377 3748 437 671

346 498 562 563 anima,
597 498 860 569 Domino,
896 499 1034 571 quia
1063 503 1124 553 tu
1169 500 1534 553 DomineDeus
1570 515 1741 564 meus,
1773 498 1985 568 magni-
2019 499 2072 562 Α
2102 495 2401 566 Scriptura
2432 517 2464 552 a
2489 517 2653 555 sacra
2678 500 2847 572 quasi
2869 500 3219 572 extenditur,
3249 504 3483 573 quando
3506 522 3577 561 ne
3599 508 3747 563 obli-

342 587 537 657 ﬁcatus
566 604 620 642 es
650 589 1011 644 vehementer.
1046 588 1168 643 Non
1198 588 1611 657 magniﬁcatur
1632 588 1913 641 Dominus
1935 586 1993 639 in

343 675 558 746 seipso,
594 692 697 731 nec
732 679 1053 732 minuitur:
1107 679 1206 731 sed
1240 677 1296 731 in
1350 678 1521 731 nobis
1561 676 1994 747 magniﬁcatur,

342 766 579 835 quando
612 783 784 836 opera
818 784 923 821 sua
948 767 1005 820 in
1040 767 1209 821 nobis
1259 769 1561 837 apparent.
1593 765 1995 833 Confessionem

340 856 396 907 et
426 853 674 908 decorem
704 856 954 910 induisti.
988 856 1162 918 Quasi
1195 855 1347 908 dicat
1377 872 1389 908 :
1416 853 1559 907 Vere
1583 854 1993 923 magniﬁcatus

342 958 405 997 es
426 943 801 998 vehementer
826 962 837 998 :
863 945 1004 1015 quia
1026 944 1324 999 confessos
1349 948 1406 997 et
1435 943 1517 997 sic
1550 942 1732 996 factos
1754 942 1993 995 decoros

341 1030 593 1095 induisti,
628 1030 684 1085 id
718 1038 828 1097 est,
883 1033 1299 1087 vestimentum
1352 1030 1459 1084 tibi
1503 1030 1711 1084 fecisti.
1745 1030 1911 1094 Nota,
1940 1029 1987 1085 si

339 1118 429 1174 vis
451 1134 579 1174 esse
602 1120 867 1187 decorus,
893 1121 1169 1175 confitere
1196 1136 1207 1173 :
1234 1126 1291 1175 et
1312 1137 1344 1174 a
1360 1118 1724 1173 confessione
1748 1117 1992 1188 incipies

340 1208 600 1263 decorari
626 1226 638 1262 :
664 1210 949 1265 Dominus
971 1212 1127 1264 enim
1153 1214 1213 1263 ut
1264 1227 1297 1263 a
1346 1207 1601 1263 foeditate
1642 1207 1989 1261 indecorem

340 1297 645 1362 transires,
674 1314 807 1352 cu'n
835 1304 989 1353 esset
1011 1299 1275 1357 decorus,
1300 1299 1489 1351 factus
1529 1300 1617 1351 est
1649 1296 1857 1350 foedus.
1884 1295 1991 1350 De-

342 1402 513 1440 corus
572 1386 629 1440 in
690 1387 818 1451 hoc,
880 1387 1015 1458 quia
1074 1390 1133 1441 in.
1171 1387 1445 1457 principio
1501 1389 1620 1439 erat
1664 1385 1909 1446 Verbum.
1942 1393 1993 1440 et

346 1476 583 1529 Verbum
613 1483 731 1530 erat
759 1477 909 1546 apud
967 1478 1137 1530 Deum
1196 1477 1373 1546 (Joan.
1436 1476 1495 1543 ι).
1554 1474 1758 1528 Fmdus
1790 1474 1849 1528 in
1884 1473 1991 1528 hoc

340 1563 478 1633 quia
508 1563 568 1617 in
603 1563 710 1618 hoc
739 1566 984 1619 formam
1011 1565 1160 1620 servi
1185 1564 1404 1634 accepit
1429 1563 1601 1633 (Phil.
1638 1564 1724 1631 ιι),
1761 1567 1825 1616 ut
1854 1579 1988 1617 cum

338 1656 598 1706 nostram
660 1652 978 1707 fceditatem
1041 1652 1433 1723 participaret,
1498 1668 1605 1706 nos
1648 1668 1752 1705 suo
1784 1652 1988 1707 decore

337 1745 655 1796 decorarat.
716 1743 878 1806 Quod
939 1742 1100 1809 dicit,
1178 1743 1575 1812 confessionem
1632 1749 1686 1794 et
1741 1740 1989 1796 decorem

334 1830 586 1895 induisti,
643 1833 879 1886 amictus
962 1832 1195 1893 lumine,
1282 1830 1339 1884 id
1417 1835 1525 1893 est,
1588 1830 1986 1885 circumdatus

334 1917 452 1973 illis
484 1918 580 1989 qui
616 1918 775 1989 prius
824 1920 1061 1974 fuerunt
1108 1918 1420 1985 tenebrosi,
1470 1918 1616 1972 velut
1650 1919 1983 1972 vestimento.

338 2006 499 2061 Unde
531 2006 673 2061 illud
700 2025 713 2062 :
740 2008 956 2063 Fuistis
986 2008 1291 2078 aliquando
1334 2008 1597 2071 tenebrae,
1632 2022 1784 2060 nunc
1813 2011 1997 2061 autem

342 2095 443 2149 lux
484 2097 541 2149 in
590 2097 816 2151 Domino
874 2097 1092 2167 (Ephes.
1124 2098 1200 2166 ν).
1257 2096 1566 2151 Extendens
1621 2096 1821 2150 caelum
1850 2099 1994 2151 sicut

341 2184 543 2253 pellem
566 2200 583 2236 :
616 2183 790 2246 Quasi
823 2186 977 2240 dicat
1001 2202 1012 2239 :
1048 2185 1166 2239 Hoc
1188 2186 1359 2239 modo
1386 2185 1595 2239 indues
1618 2185 1918 2240 confessos
1939 2190 1998 2240 et

344 2272 611 2337 decoros,
643 2273 781 2343 quia
810 2275 1124 2329 extendens
1158 2275 1373 2342 caelum,
1408 2274 1463 2327 id
1497 2279 1605 2339 est,
1631 2273 1991 2343 Scripturam

344 2377 596 2425 sacram,
656 2379 783 2433 qua
841 2362 981 2417 coelo
1027 2366 1417 2433 comparatur,
1451 2362 1589 2433 quia
1618 2362 1814 2417 divina
1845 2362 1995 2418 celat

348 2451 646 2519 mysteria,
674 2453 817 2504 sicut
853 2452 1073 2521 pellem,
1104 2451 1161 2505 id
1196 2456 1303 2515 est,
1355 2451 1507 2505 sicut
1538 2452 1752 2506 famam
1786 2459 1997 2507 morta-

346 2535 493 2590 lium
512 2542 873 2592 sanctorum.
898 2540 967 2592 Et
989 2540 1141 2610 quod
1168 2556 1270 2610 per
1304 2539 1513 2610 pellem
1553 2541 1878 2596 mortalitas
1903 2542 1991 2597 in-

347 2625 647 2696 telligitur,
671 2626 731 2680 in
752 2628 958 2681 Genesi
983 2632 1218 2682 notatur
1244 2670 1258 2695 ,
1284 2630 1419 2698 quia
1440 2634 1752 2699 postquam
1779 2647 1991 2699 praeva-

348 2715 511 2769 ricati
536 2720 674 2769 sunt
696 2716 867 2786 primi
891 2723 1177 2786 parentes,
1204 2717 1337 2771 fecit
1358 2717 1441 2771 eis
1458 2717 1741 2772 Dominus
1760 2720 1990 2776 tunicas

348 2803 618 2875 pelliceas
644 2808 802 2872 (Gen.
838 2806 943 2874 ιιι),
970 2805 1285 2876 designans
1306 2822 1407 2875 per
1429 2806 1534 2860 hoc
1557 2807 1697 2876 quia
1713 2808 1990 2865 mortales

347 2897 543 2949 essent
565 2894 717 2948 l‘aoti.
743 2894 849 2949 Per
870 2893 1077 2964 pellem
1115 2894 1441 2949 mortalitas
1462 2895 1828 2967 intelligitur,
1854 2898 1992 2967 quia

348 2982 517 3053 pellis
550 3000 583 3037 a
614 2987 843 3038 mortuo
871 2984 1109 3037 animali
1149 2983 1528 3038 abstrahitur.
1563 2984 1709 3039 Nota
1739 2985 1989 3058 scriptu-

350 3088 474 3126 ram
507 3076 802 3127 extensam
834 3071 986 3126 sicut
1016 3072 1248 3142 pellem,
1281 3071 1421 3143 quia
1462 3089 1620 3128 mors
1650 3080 1990 3130 sanctorum

347 3159 565 3231 ubique
593 3160 889 3232 divulgata
918 3161 1239 3231 scripturas
1270 3176 1470 3214 eorum
1531 3161 1665 3216 fecit
1694 3163 1993 3217 authenti-

2102 585 2253 639 vioni
2284 588 2568 653 tradatur,
2604 590 2818 660 ubique
2850 590 3202 659 divulgatur.
3256 591 3363 659 Qui
3408 595 3558 663 tegis
3586 598 3746 665 aquis

2102 675 2384 743 superiora
2410 681 2544 744 ejus.
2576 679 2888 747 Superiora
2909 681 3219 751 Scriptura:
3261 681 3444 753 accipi
3472 690 3743 753 possunt,

2104 762 2334 817 dilectio
2366 765 2465 818 Dei
2498 770 2554 818 et
2586 768 2829 835 proximi
2862 786 2875 822 :
2911 786 3036 840 quae
3070 770 3239 840 aquis
3280 775 3575 842 teguntur,
3609 774 3748 843 quia

2103 852 2464 922 spiritalibus
2495 855 2664 909 donis
2696 862 2760 909 ut
2793 865 3191 926 permaneant,
3222 860 3507 914 uniuntur
3526 867 3583 916 et
3615 878 3749 919 con-

2103 942 2433 995 firmantur.
2470 943 2573 995 Per
2620 960 2805 1014 aquas
2852 946 3003 999 enim
3057 947 3388 1017 spiritualia
3431 950 3745 1017 donantur,

2104 1030 2242 1100 quia
2272 1031 2342 1085 ab
2394 1031 2771 1086 interioribus
2821 1035 3093 1091 sordibus
3142 1038 3399 1092 animam
3434 1040 3745 1097 mundant.

2102 1119 2327 1182 Quibus
2358 1120 2763 1190 spiritualibus
2791 1123 2959 1176 donis
2996 1124 3377 1180 confirmatur
3406 1127 3661 1185 charitas
3690 1137 3749 1185 et

2103 1224 2347 1278 quaeque
2367 1208 2644 1263 virtutes:
2671 1211 2949 1279 quoniam
2972 1213 3127 1282 quod
3152 1214 3402 1285 quisque
3426 1216 3601 1271 habet
3617 1218 3746 1273 cha-

2101 1296 2328 1350 ritatem
2359 1302 2711 1367 ceterasque
2752 1297 3018 1360 virtutes,
3054 1300 3162 1355 hoc
3211 1318 3273 1357 ex
3327 1303 3477 1358 dono
3510 1304 3609 1361 Dei
3642 1306 3749 1363 ha-

2101 1386 2231 1439 bet:
2277 1384 2438 1455 quia,
2478 1402 2642 1440 omne
2686 1386 2875 1440 datum
2922 1389 3211 1458 optimum,
3261 1394 3311 1444 et
3349 1408 3509 1447 omne
3539 1394 3747 1450 donum

2096 1477 2415 1544 perfectum,
2436 1474 2723 1529 desursum
2744 1485 2843 1538 est,
2880 1477 3212 1531 descendens
3229 1495 3261 1532 a
3278 1481 3444 1535 Patre
3462 1482 3742 1541 luminum

2100 1565 2233 1628 (Jac.
2270 1566 2327 1633 ι).
2377 1563 2477 1617 Vel
2538 1564 2657 1618 sic:
2723 1565 3026 1620 Extendens
3081 1567 3276 1620 caelum
3330 1570 3472 1624 sicut
3522 1573 3744 1640 pellem.

2100 1655 2471 1722 Possuntper
2490 1653 2698 1706 cmlum
2725 1655 3129 1722 praedicatores
3154 1657 3546 1727 notari,juxta
3566 1660 3744 1717 illud:

2101 1741 2233 1794 Caeli
2260 1746 2527 1795 enarrant
2556 1742 2791 1809 gloriam
2834 1746 2937 1797 Dei
2978 1744 3149 1813 (l'sal.
3184 1746 3365 1816 xvm).
3400 1749 3751 1805 Praedicato-

2099 1847 2191 1885 res
2225 1830 2320 1884 isti
2352 1831 2743 1884 extenduntur
2774 1830 2925 1885 sicut
2972 1832 3161 1903 pellis,
3214 1834 3352 1904 quia
3399 1836 3552 1891 sicut
3581 1838 3754 1909 pellis

2101 1924 2372 1991 protenta
2394 1920 2643 1989 protegit
2665 1936 2955 1991 quemque
2979 1922 3049 1975 ab
3072 1923 3277 1977 ardore
3318 1924 3481 1993 solis,
3506 1925 3587 1981 ita
3612 1945 3751 1999 pre-

2101 2010 2389 2064 dicatores
2413 2025 2514 2078 per
2540 2025 2740 2063 eorum
2788 2008 3180 2065 imitationem
3233 2029 3529 2085 quemque
3561 2023 3753 2085 prote-

2101 2102 2247 2170 gunt
2268 2098 2340 2152 ab
2362 2098 2787 2152 incentivorum
2817 2105 2981 2152 aestu.
3010 2099 3288 2155 Solebant
3326 2103 3657 2174 antiquitus
3683 2123 3754 2161 ex

2102 2185 2353 2257 pellibus
2388 2186 2508 2240 ﬁeri
2545 2186 2816 2254 tentoria,
2870 2193 2935 2240 ut
2983 2188 3141 2242 calor
3188 2188 3330 2244 solis
3371 2208 3484 2245 non
3522 2200 3757 2250 noceret

2103 2274 2537 2329 habitatoribus
2568 2276 2973 2329 tentoriorum.
3013 2277 3096 2329 Ad
3130 2276 3280 2331 hanc
3302 2279 3753 2337 similitudinem

2103 2365 2380 2418 dicuntur
2430 2365 2837 2434 przedicatores
2883 2365 3138 2429 extendi,
3191 2367 3329 2436 quia
3386 2385 3565 2439 super
3610 2387 3757 2442 quos

2103 2455 2516 2517 extenduntur,
2546 2452 2744 2507 nullus
2767 2454 2989 2507 accedit
3009 2455 3078 2508 ad
3105 2471 3204 2509 eos
3226 2460 3403 2510 aestus
3434 2457 3755 2516 incentivo-

2104 2559 2255 2596 rum.
2279 2542 2438 2604 Quod
2461 2542 2622 2604 dicit,
2648 2542 2956 2596 Extendens
2984 2544 3181 2596 caelum
3209 2547 3354 2599 sicut
3374 2547 3596 2615 pellem,
3622 2551 3759 2620 quia

2102 2634 2234 2701 tegis
2264 2632 2421 2701 «quis
2448 2632 2736 2700 superiora
2764 2632 2901 2701 ejus,
2937 2631 2994 2684 id
3031 2636 3140 2697 est,
3191 2634 3416 2701 majora
3462 2646 3753 2709 praecepta

2103 2738 2230 2792 quas
2254 2720 2598 2790 praecipiunt
2622 2720 2731 2789 ipsi
2765 2719 3196 2790 praedicatores,
3240 2724 3555 2780 conﬁrmas
3578 2728 3755 2797 spiri-

2102 2810 2361 2864 tualihus
2382 2807 2569 2873 donis,
2596 2807 2733 2877 quia
2766 2808 2921 2879 quod
2940 2807 3048 2878 ipsi
3089 2810 3495 2879 praedicatores
3517 2814 3575 2868 in
3595 2817 3757 2871 Scri-

2102 2898 2292 2970 pturis
2322 2898 2516 2951 sciunt
2569 2896 2980 2951 discretionem
3029 2899 3342 2967 bonorum,
3393 2901 3500 2957 hoc
3531 2904 3754 2961 donum

2100 2987 2354 3060 Spiritus
2385 2986 2571 3041 sancti
2624 2989 2731 3039 est.
2785 2986 2933 3041 Nota
2984 2987 3082 3058 qui
3125 2989 3544 3059 praedicatores
3577 2992 3634 3048 in
3668 2994 3756 3049 di-

2103 3078 2389 3133 scretione
2442 3078 2859 3146 praeceptorum
2912 3074 3130 3131 habent
3182 3080 3488 3149 superiora
3528 3092 3586 3137 et
3616 3082 3759 3139 infe-

2102 3168 2274 3221 riora.
2312 3164 2591 3219 Int‘eriora
2635 3170 2772 3217 tunc
2810 3164 3177 3235 praecipiunt,
3228 3169 3464 3237 quando
3496 3169 3750 3228 litteram

348 3266 465 3304 cas.
493 3249 646 3304 Mors
671 3254 1010 3303 sanctorum
1034 3248 1165 3320 plus
1188 3254 1276 3303 est
1300 3248 1616 3319 divulgata,
1646 3250 1990 3305 sicutetiam
2024 3235 2067 3300 C
2106 3259 2403 3323 exponunt
2431 3256 2487 3305 et
2518 3250 2909 3306 moralitatem
2956 3253 3202 3308 docent:
3245 3235 3313 3308 in
3347 3257 3753 3326 superioribus

347 3338 535 3393 caeteri
562 3339 967 3409 praedicatores
992 3354 1093 3407 per
1115 3341 1362 3391 mortem
1388 3354 1555 3391 suam
1581 3338 1846 3407 pluribus
1870 3339 1990 3393 noti

346 3428 480 3482 facti
514 3433 670 3491 sunt,
703 3432 759 3482 et
791 3428 874 3483 sic
906 3430 1089 3481 morte
1119 3442 1321 3480 eorum
1353 3425 1669 3495 divulgata,
1704 3427 1993 3497 scriptura

345 3533 546 3571 eorum
583 3518 733 3571 facta
762 3520 851 3570 est
881 3514 1237 3569 authentica.
1273 3514 1434 3578 Quod
1475 3513 1652 3568 dicit:
1689 3515 1993 3570 Extendens

344 3606 541 3659 caelum
569 3608 708 3659 sicut
732 3606 968 3675 pellem:
1002 3604 1100 3673 qui
1151 3605 1285 3674 tegis
1315 3604 1473 3672 aquis
1520 3606 1807 3673 superiora
1837 3605 1990 3675 ejus:

348 3695 521 3757 scias,
548 3695 686 3765 quia
709 3694 905 3747 divina
945 3693 1247 3763 Scriptura
1284 3692 1461 3747 habet
1502 3694 1802 3763 superiora
1826 3700 1883 3748 et
1905 3694 1991 3747 in-

344 3784 558 3838 feriora
607 3788 915 3854 praecepta,
974 3799 1099 3852 quze
1160 3782 1429 3852 superius
1479 3798 1582 3853 per
1610 3782 1905 3852 psalmum
1937 3788 1994 3838 et

345 3877 691 3944 tympanum
723 3876 860 3925 sunt
884 3876 1083 3925 notata
1103 3870 1332 3941 saepius.
1372 3871 1520 3925 Sunt
1542 3871 1695 3925 enim
1723 3872 1993 3927 inferiora

346 3966 633 4033 praecepta
664 3961 994 4031 Scripturce,
1030 3976 1273 4014 manum
1322 3961 1563 4030 pauperi
1612 3964 1902 4030 praebere:
1938 3966 1994 4016 et

345 4055 554 4107 caetera
610 4067 735 4120 quas
795 4066 896 4119 per
952 4066 1162 4118 corpus
1222 4048 1651 4103 ministrantur.
1683 4051 1993 4120 Superiora

344 4144 633 4211 praecepta
665 4144 822 4199 sunt,
854 4139 1161 4192 observare
1192 4138 1347 4192 diem
1389 4138 1648 4202 Sabbati,
1699 4144 1755 4193 et
1786 4144 1993 4194 caetera

344 4245 475 4299 qua:
499 4244 605 4282 nos
626 4228 934 4282 hortantur
956 4225 1224 4280 insistere
1247 4226 1451 4280 divina:
1491 4220 1987 4297 contemplationi.

346 4318 475 4372 Haec
497 4316 796 4388 superiora
820 4321 1107 4386 praecepta
1129 4321 1465 4385 comparata
1486 4314 1757 4370 charitati
1783 4322 1988 4388 tegun-

344 4411 463 4471 tur,
488 4404 543 4460 id
567 4410 675 4473 est,
706 4404 871 4475 quasi
893 4402 1029 4457 vilia
1046 4401 1370 4457 habentur:
1403 4419 1516 4455 non
1540 4403 1696 4473 quod
1720 4403 1854 4457 vilia
1872 4404 1992 4459 sint

343 4494 403 4550 in
440 4511 521 4564 se,
555 4495 653 4549 sed
702 4494 841 4563 quia
885 4493 1141 4547 charitas
1184 4490 1553 4546 excellentior
1598 4497 1686 4546 est
1716 4494 1991 4550 omnibus

2102 3344 2410 3394 versantur
2431 3338 2753 3408 przeceptis,
2770 3340 3004 3408 quando
3022 3342 3338 3411 mysticum
3357 3360 3598 3399 sensum
3612 3348 3757 3401 Scri-

2103 3434 2203 3499 ptu
2214 3443 2409 3481 rarum
2433 3427 2587 3496 aperi
2600 3433 2724 3489 unt,
2740 3434 2796 3481 et
2812 3427 2931 3482 haec
2944 3446 3011 3482 su
3022 3430 3249 3500 periora
3261 3435 3542 3502 teguntur
3553 3435 3752 3507 aquis;

2103 3515 2239 3588 quia
2270 3515 2552 3585 quidquid
2593 3515 2938 3586 praecipiunt
2978 3518 3163 3572 sancti
3216 3519 3646 3590 praedicatores,
3685 3541 3756 3580 ex

2101 3606 2254 3660 dono
2276 3604 2527 3675 Spiritus
2560 3605 2746 3657 sancti
2780 3605 3035 3660 habent:
3088 3608 3241 3677 quod
3283 3609 3446 3676 dicit,
3480 3611 3588 3677 Qui
3614 3615 3754 3681 tegis

2101 3697 2259 3765 aquis
2296 3695 2585 3764 superiora
2615 3693 2752 3763 ejus.
2786 3697 2897 3763 Qui
2917 3698 3077 3765 ponis
3125 3696 3350 3767 nubem,
3383 3698 3438 3751 id
3470 3705 3579 3763 est,
3614 3717 3751 3756 san-

2102 3791 2225 3839 ctos
2258 3784 2663 3855 pradicatores
2692 3786 2845 3846 tuos,
2879 3800 3163 3839 ascensum
3194 3794 3354 3840 tuum
3383 3803 3394 3841 :
3429 3787 3567 3857 quia
3592 3789 3748 3860 quod

2102 3874 2170 3929 ad
2202 3878 2257 3928 te
2280 3874 2635 3941 ascenditur,
2659 3873 2765 3928 hoc
2788 3878 2874 3928 est
2898 3890 2998 3944 per
3039 3874 3435 3930 ministerium
3472 3878 3749 3949 praedica-

2100 3967 2315 4017 torum.
2343 3961 2441 4017 Vel
2470 3979 2570 4032 per
2591 3964 2785 4017 nubem
2816 3962 3748 4039 potestintelligiScriptura,qute

2100 4052 2361 4122 exposita
2391 4068 2569 4106 causa
2599 4055 2706 4117 est,
2742 4068 2922 4122 quare
2965 4051 3179 4123 aliquis
3228 4056 3503 4111 ascendat
3536 4057 3606 4112 ad
3640 4062 3745 4113 Do-

2102 4140 2349 4195 minum.
2405 4141 2509 4207 Qui
2558 4141 2807 4195 ambulas
2856 4158 3021 4213 super
3060 4159 3270 4213 pennas
3298 4151 3606 4201 uentorum.
3642 4151 3752 4202 Per

2098 4234 2358 4293 ventum,
2379 4228 2586 4283 animae
2610 4230 3399 4304 sanctorumintelliguntur:
3418 4234 3557 4304 quia
3573 4234 3749 4290 sicuti

2100 4334 2191 4372 res
2214 4322 2302 4371 est
2324 4318 2661 4387 incorporea
2699 4325 2755 4373 et
2793 4336 3004 4391 corpus
3031 4328 3239 4387 movet,
3283 4322 3363 4376 ita
3393 4323 3589 4377 anima
3611 4338 3745 4379 cum

2099 4408 2176 4463 sit
2199 4406 2557 4477 incorporea,
2579 4407 2832 4463 viviﬁcat
2851 4426 3063 4479 corpus
3084 4415 3143 4463 et
3164 4416 3375 4464 movet.
3408 4415 3508 4464 Per
3521 4427 3747 4481 pennas

2100 4495 2444 4565 intelligitur
2464 4496 2694 4551 dilectio
2718 4504 3054 4551 sanctorum
3078 4515 3089 4552 :
3107 4498 3245 4567 quia
3262 4498 3744 4568 perdilectionem

343 4583 649 4655 przeceptis
675 4599 687 4636 :
724 4582 859 4653 quia
888 4582 947 4636 in
980 4580 1266 4635 charitate
1300 4582 1510 4650 pendet
1540 4580 1631 4635 lex
1660 4586 1717 4635 et
1746 4583 1991 4654 prophe-
2024 4601 2067 4664 Ι)
2104 4585 2196 4639 Dei
2226 4590 2282 4639 et
2308 4584 2557 4655 proximi
2584 4584 2968 4654 deportantur
2995 4585 3054 4638 in
3103 4602 3278 4640 auras
3304 4585 3610 4643 libertatis.
3634 4589 3743 4644 Sed

345 4676 417 4725 tae
449 4670 651 4742 (Matth.
684 4670 804 4740 xu).
862 4668 1157 4724 Plenitudo
1211 4670 1361 4723 enim
1419 4669 1553 4736 legis
1602 4674 1677 4723 est
1734 4670 1990 4727 charitas

344 4762 518 4829 (Rom,
550 4760 697 4828 xm).
731 4760 960 4829 De,qua
991 4757 1129 4812 dicit
1162 4758 1372 4812 Paulus
1398 4774 1409 4812 :
1437 4758 1622 4813 Adhuc
1641 4760 1992 4816 excellentio-

345 4865 459 4904 rem
490 4852 633 4905 viam
666 4852 812 4903 vobis
859 4850 1173 4904 demonstro
1233 4849 1277 4916 (Ι
1337 4846 1456 4902 Cor.
1515 4850 1634 4918 xu),
1677 4853 1733 4903 et
1763 4854 1984 4905 caetera.

341 4938 607 4993 Charitas
639 4938 807 5009 aquis
842 4940 1232 5006 comparatur,
1268 4936 1406 5005 quia
1428 4936 1578 4991 sicut
1600 4955 1747 5007 aqua
1772 4939 1987 4994 durum

342 5029 618 5099 quodque
652 5026 827 5082 molle
858 5026 1066 5091 reddit,
1105 5026 1185 5079 ita
1216 5025 1468 5080 charitas
1502 5027 1649 5079 dura
1680 5026 1987 5083 hominum

344 5118 518 5172 corda
549 5116 735 5171 mollit
766 5121 821 5171 et
854 5116 1075 5186 irrigat,
1113 5119 1175 5168 ut
1206 5116 1458 5169 fructum
1482 5116 1616 5170 boni
1641 5119 1833 5188 operis
1856 5134 1984 5187 pro-

343 5208 605 5261 ducant:
635 5206 790 5277 quod
825 5205 986 5270 dicit,
1023 5206 1129 5271 Qui
1158 5207 1293 5271 tegis
1346 5208 1505 5275 aquis
1533 5209 1819 5277 superiora
1851 5209 1983 5277 eius,

340 5295 398 5350 id
425 5300 532 5364 est,
560 5296 725 5365 quasi
748 5295 883 5349 vilia
905 5294 1206 5364 superiora
1232 5294 1358 5361 ejus
1380 5293 1812 5364 Scripturarum
1838 5315 1986 5367 pra:-

340 5388 511 5455 cepta
532 5401 809 5456 apparere
835 5384 973 5438 facis
995 5382 1183 5453 aquis,
1210 5382 1267 5435 id
1313 5387 1419 5445 est,
1461 5383 1727 5438 charitati
1751 5402 1983 5457 compa-

340 5476 487 5526 rata.
524 5471 623 5526 Vel
656 5472 776 5526 sic:
810 5471 1115 5527 Extendens
1140 5471 1332 5525 malum
1382 5473 1522 5525 sicut
1560 5472 1780 5541 pellem.
1814 5473 1986 5530 Pellis

337 5565 656 5633 postquam
688 5561 1049 5616 abstrahitur
1078 5578 1111 5615 a
1156 5559 1373 5631 pellito,
1425 5576 1495 5615 ne
1543 5565 1861 5631 putrescat,
1888 5580 1983 5619 ex-

334 5648 641 5729 tenditur;
676 5655 741 5708 ut
770 5654 1029 5725 extensa,
1052 5650 1113 5707 in
1131 5648 1565 5708 durabilitatem
1585 5654 1879 5711 vertatur:
1904 5653 1985 5711 ita

2102 4692 2280 4746 super
2309 4690 2512 4728 omnes
2546 4690 2767 4743 pennas
2800 4678 3104 4728 ventorum
3137 4673 3400 4730 ambulat
3436 4677 3743 4749 Dominus,

2102 4763 2238 4834 quia
2268 4764 2394 4833 ejus
2425 4762 2656 4817 dilectio
2689 4762 2953 4817 ambulat
2982 4778 3215 4834 semper
3233 4781 3466 4821 omnem
3490 4767 3746 4824 dilectio-

2101 4870 2256 4919 nem,
2292 4853 2427 4923 quia
2460 4853 2583 4922 ipse
2614 4851 2771 4922 prior
2787 4849 2987 4905 dilexit
3007 4868 3133 4907 nos.
3160 4853 3320 4909 Unde
3343 4854 3485 4910 illud
3515 4873 3527 4911 :
3558 4859 3741 4917 Maio-

2097 4958 2215 4996 rem
2244 4942 2583 4995 charitatem
2616 4956 2772 4993 nemo
2804 4939 2963 4995 habet
3006 4957 3185 5011 quam
3216 4946 3278 4996 ut
3307 4945 3556 4998 animam
3583 4961 3743 5000 suam

2097 5034 2217 5102 quis
2245 5032 2409 5100 ponat
2440 5046 2535 5098 pro
2563 5029 2761 5084 amicis
2799 5033 2916 5083 suis
2965 5031 3285 5099 (Joan.xv);
3321 5036 3380 5086 et
3435 5032 3619 5089 illud:
3654 5033 3743 5089 Sic

2097 5120 2236 5175 Deus
2262 5120 2463 5173 dilexit
2495 5118 2778 5185 mundum,
2813 5125 2872 5172 ut
2921 5120 3125 5173 Filium
3172 5136 3334 5174 suum
3390 5122 3743 5190 unigenitum

2095 5209 2251 5263 daret
2280 5210 2455 5278 (Joan.
2490 5209 2597 5277 ιιι).
2631 5208 2733 5262 Vel
2764 5208 2847 5263 sic
2877 5225 2889 5261 :
2925 5210 3030 5275 Qui
3066 5210 3314 5264 ambulas
3344 5227 3508 5281 super
3527 5227 3743 5283 pennas

2094 5307 2401 5362 ventorum,
2458 5297 2596 5368 quia
2645 5314 2758 5350 non
2810 5296 3119 5368 diligentes
3166 5304 3221 5353 te
3273 5300 3430 5370 prior
3460 5300 3737 5358 dilexisti.

2098 5386 2259 5441 Unde
2293 5385 2600 5457 Apostolus
2626 5402 2637 5437 :
2664 5386 2800 5451 Non,
2834 5385 3046 5456 inquit,
3070 5389 3232 5456 quasi
3251 5404 3349 5443 nos
3379 5388 3739 5446 dilexerimus

2095 5477 2284 5539 Deum,
2331 5476 2421 5530 sed
2473 5475 2730 5545 quoniam
2783 5476 2900 5545 ipse
2952 5478 3109 5546 prior
3153 5476 3348 5532 dilexit
3377 5494 3473 5533 nos
3506 5478 3549 5544 (1
3567 5480 3735 5535 Joan.

2096 5566 2193 5634 iv).
2228 5565 2422 5619 Potest
2446 5569 2503 5618 et
2524 5564 2592 5617 ad
2619 5563 2871 5619 litteram
2916 5564 3160 5637 intelligi
3195 5568 3349 5637 quod
3373 5567 3606 5635 dicitur,
3631 5570 3739 5639 Qui

2093 5654 2343 5711 ambulas
2371 5670 2534 5728 super
2561 5670 2768 5729 pennas
2797 5659 3098 5715 ventorum.
3132 5654 3319 5715 Vento
3349 5656 3496 5717 nihil
3526 5661 3617 5718 est
3640 5674 3735 5724 me
