4024 6192
319 354 440 413 6³15

892 347 1195 412 BEMIGII
1241 345 1994 412 ANTISSIODORENSIS
2039 346 2213 410 OPP.
2258 349 2460 410 PARS
2507 348 2553 410 l.
2582 382 2658 396 -—
2687 349 3158 412 EXEGETICA.

3608 345 3729 408 6'16

321 485 510 542 locius
544 502 556 540 :
591 498 771 556 super
801 483 972 554 cujus
1003 485 1200 538 tamen
1225 499 1448 554 pennas
1479 480 1745 537 ambulat
1775 479 1975 537 Domi-
2003 484 2057 549 Α
2089 482 2227 552 quia
2248 480 2446 536 nullus
2469 487 2804 554 persecutor
2835 482 3011 539 habet
3048 485 3396 555 potestatem
3416 481 3731 537 inferenda

321 591 461 641 nus,
507 575 648 646 quia
705 589 942 628 omnem
985 571 1350 627 velocitatem
1415 569 1796 638 transcendit,
1842 570 1979 642 quia
2089 569 3737 643 persecutionis,nisitantumquantumeiirepermittitur

321 662 544 734 ubique
574 677 830 734 praesens
861 664 969 716 est.
1005 662 1120 732 Qui
1147 663 1288 731 facis
1318 661 1536 732 angelos
1577 665 1697 716 tuos
1723 661 1974 731 spiritus,

2088 664 2214 714 ate.
2242 661 2275 715 Ἰ
2292 677 2327 714 u
2347 659 2501 714 enim
2521 659 2636 716 scis
2653 675 2959 732 quousque
2979 660 3304 731 persecutio
3322 658 3402 715 sit
3417 658 3734 714 utilistuis.

319 754 370 807 et
389 752 679 806 ministros
704 755 824 805 tuos
847 751 1033 818 ignem
1053 753 1302 805 urentem
1324 766 1345 812 ;
1371 749 1536 820 quasi
1562 749 1719 804 dicat
1744 765 1756 802 :
1785 753 1845 803 1n
1870 747 1978 803 hoc
2006 753 2015 762 '
2085 746 2246 810 Quod
2281 748 2442 812 dicit,
2497 751 2806 804 Terminum
2848 751 3089 820 posuisti
3125 765 3286 820 quem
3313 765 3426 804 non
3453 751 3735 819 transgre-

317 841 494 898 etiam
518 838 988 910 magniﬁcaberis
1027 837 1416 905 vehementer,
1437 838 1575 909 quia
1593 837 1815 906 angelos
1833 841 1973 904 tuos,

318 931 376 986 id
402 934 510 997 est,
535 928 839 983 ministros
861 932 1015 995 tuos,
1044 926 1131 982 vel
1153 926 1376 999 legatos
1400 927 1543 981 facis
1576 942 1703 981 esse
1725 928 1972 997 spiritus,

318 1019 377 1074 id
399 1021 489 1073 est
518 1015 854 1088 spirituales
883 1033 895 1071 :
941 1014 1080 1087 quia
1134 1032 1250 1069 non
1299 1015 1524 1085 corpori
1565 1016 1843 1081 serviunt,
1873 1013 1974 1068 sed

319 1105 528 1178 spiritu
550 1105 772 1162 fervent
790 1104 852 1159 in
894 1104 1158 1160 Domino.
1203 1105 1267 1159 Et
1294 1104 1579 1158 ministros
1635 1113 1758 1159 tuos
1787 1105 1970 1171 ignem

316 1203 564 1251 urentem
591 1210 611 1248 :
643 1193 783 1266 quia
803 1192 1052 1248 interius
1079 1193 1319 1247 ﬂamma
1340 1191 1645 1247 cbaritatis
1667 1192 1892 1261 ardent,
1917 1196 1973 1246 et

317 1285 378 1340 in
409 1284 540 1340 aliis
571 1283 862 1339 desideria
913 1280 1340 1336 incentivorum
1393 1280 1732 1336 incendunt.
1770 1281 1828 1335 In
1863 1280 1971 1337 hoc

316 1373 494 1430 etiam
525 1371 937 1444 magniﬁcatus
986 1387 1049 1426 es
1098 1369 1489 1435 vehementer,
1540 1369 1678 1440 quia
1718 1368 1972 1441 fundasti

316 1465 542 1531 terram,
577 1461 633 1516 id
664 1465 752 1516 est
796 1458 1134 1526 Ecclesiam,
1182 1475 1348 1530 super
1393 1458 1750 1514 stabilitatem
1788 1474 1964 1513 suam.

316 1550 619 1607 Stabilitas
650 1547 918 1604 Ecclesiae
958 1547 1227 1603 Christus
1278 1551 1388 1613 est,
1439 1547 1579 1618 quia
1626 1564 1802 1618 super
1832 1563 1964 1602 eum

315 1641 560 1695 fundata
589 1643 679 1694 est
703 1635 982 1692 Ecclesia.
1035 1635 1202 1691 Unde
1239 1633 1588 1706 Apostolus:
1625 1635 1965 1690 Fundamen-

316 1733 435 1784 tum
461 1726 616 1784 aliud
645 1742 800 1782 nemo
822 1729 995 1797 potest
1019 1740 1222 1796 ponere
1247 1728 1452 1796 prater
1497 1724 1555 1780 id
1594 1725 1732 1796 quod
1761 1733 1840 1780 est
1865 1741 1963 1795 po-

314 1820 486 1873 situm
538 1815 677 1886 quod
733 1819 809 1870 est
869 1814 1115 1869 Christus
1170 1815 1324 1870 Jesus
1379 1813 1427 1884 (1
1473 1813 1593 1870 Cor.
1645 1815 1753 1883 ιιι),
1790 1831 1965 1886 super

317 1920 492 1978 quem
521 1903 780 1960 Ecclesia
812 1904 1076 1969 fundata,
1100 1919 1209 1958 non
1231 1902 1600 1958 inclinabitur
1619 1905 1682 1958 in
1700 1904 1966 1960 saeculum

313 1995 527 2054 saemli.
579 1993 742 2050 Unde
790 1991 974 2048 illud:
1029 1992 1188 2047 Sedes
1237 2001 1352 2062 tua,
1405 1993 1565 2060 Deus,
1611 1993 1671 2045 in
1699 1993 1965 2048 saeculum

311 2085 501 2142 saeculi
536 2083 711 2156 (Psal.
745 2083 918 2154 κων).
954 2082 1188 2154 Abyssus
1215 2083 1360 2136 sicut
1409 2083 1789 2136 vestimentum
1818 2083 1964 2136 ami-

313 2185 433 2232 ctus
463 2175 600 2246 ejus.
635 2173 986 2244 Quanquam
1018 2170 1276 2226 Ecclesia
1315 2186 1493 2242 super
1513 2169 1809 2225 Christum
1833 2169 1962 2226 fun-

313 2265 458 2321 data,
479 2280 595 2319 non
626 2261 941 2318 inclinetur
966 2259 1028 2315 in
1059 2259 1345 2315 saeculum
1380 2258 1596 2329 seculi,
1630 2263 1828 2314 tamen
1850 2259 1960 2313 im-

313 2352 596 2409 mensitas
619 2351 1089 2424 persecutionum
1112 2351 1278 2421 quasi
1305 2351 1690 2404 vestimentum
1710 2348 1960 2404 circum-

311 2441 474 2497 dabit
502 2439 862 2496 Ecclesiam:
895 2455 1062 2509 super
1109 2447 1320 2494 montes
1365 2438 1588 2493 stabunt
1625 2453 1809 2510 aqum.
1844 2441 1961 2492 Hoc

309 2529 523 2602 legitur
552 2529 611 2582 in
637 2533 896 2599 tempore
925 2525 1126 2581 diluvii
1159 2527 1496 2598 contigisse,
1539 2527 1776 2598 quando
1808 2543 1961 2597 aqua

312 2632 544 2673 omnem
575 2615 948 2670 altitudinem
993 2615 1284 2669 montium
1325 2614 1624 2686 cooperuit
1653 2613 1805 2684 (Gen.
1833 2614 1956 2685 vn).

314 2706 376 2761 In
400 2703 616 2776 quibus
638 2703 937 2758 montibus
958 2703 1248 2773 coopertis
1288 2703 1788 2774 praeﬁgurabatur,
1822 2702 1961 2772 quia

309 2797 537 2859 montes,
569 2791 628 2846 id
649 2796 759 2858 est,
785 2791 884 2862 qui
926 2790 1250 2846 eminentes
1274 2796 1442 2846 erant
1479 2791 1538 2845 in
1561 2789 1837 2862 Ecclesia,
1864 2807 1958 2846 co-

312 2881 612 2955 operiendi
635 2883 803 2936 erant
823 2879 982 2952 gravi
997 2879 1402 2950 persecutione
1417 2878 1786 2951 populorum,
1803 2878 1957 2950 quod

313 2971 374 3026 in
397 2969 692 3043 primitiva
715 2966 970 3023 Ecclesia
992 2969 1211 3024 factum
1235 2983 1363 3023 esse
1383 2966 1657 3039 legimus,
1684 2968 1821 3038 quia
1840 2984 1957 3022 om-

311 3075 414 3116 nes
446 3064 587 3114 tunc
619 3057 973 3123 clamabant,
1004 3055 1229 3123 Preme,
1263 3073 1480 3128 preme,
1514 3060 1572 3112 et
1592 3056 1954 3128 premebant,

310 3149 634 3219 exstingue,
658 3162 729 3202 ne
754 3149 1092 3218 appareant.
1117 3145 1280 3200 Tunc
1299 3145 1475 3200 etiam
1499 3145 1684 3200 sancti
1709 3145 1955 3217 apostoli

2083 836 2324 903 dientur,
2347 853 2520 909 neque
2539 842 2921 893 convertentur
2939 840 3156 910 operire
3175 847 3396 905 terram,
3419 837 3477 892 id
3500 843 3610 902 est,
3634 837 3740 894 Ec-

2084 923 2320 981 clesiam
2345 943 2543 981 eorum
2565 927 2985 998 persecutione,
3007 927 3142 982 licet
3157 926 3411 999 quisque
3427 925 3627 981 audiat
3643 943 3737 982 so-

2083 1012 2273 1069 nitum
2295 1013 2598 1082 lituorum,
2625 1019 2822 1070 tamen
2844 1031 2958 1070 non
2993 1020 3084 1070 est
3122 1014 3553 1071 exhorrendum
3575 1015 3736 1070 dilu-

2080 1101 2241 1157 vium
2267 1118 2280 1156 :
2306 1103 2405 1175 qui
2429 1103 2537 1158 etsi
2559 1103 2783 1158 occulte
2806 1103 3158 1160 tentationes
3183 1104 3485 1176 patiantur
3505 1103 3733 1173 ﬁdeles,

2079 1193 2274 1246 tamen
2297 1207 2411 1246 non
2437 1191 2760 1248 timendum
2786 1196 2895 1262 est,
2918 1196 3160 1248 utextra
3180 1192 3513 1248 subdantur
3533 1209 3733 1264 perse-

2079 1280 2397 1336 cutoribus.
2426 1282 2542 1350 Qui
2575 1282 2780 1336 emittis
2825 1283 3007 1352 fontes
3044 1281 3102 1335 in
3147 1281 3526 1348 convallibus;
3558 1283 3736 1354 quasi

2078 1367 2236 1423 dicat
2259 1384 2270 1424 :
2306 1371 2629 1425 Terminum
2660 1371 2894 1440 posuisti
2909 1385 3070 1442 quem
3093 1385 3203 1426 non
3223 1372 3733 1441 transgredientur,

2077 1457 2186 1513 hoc
2215 1457 2388 1512 modo
2414 1457 2732 1512 emittendo
2785 1458 2996 1526 fontes,
3047 1456 3107 1513 id
3155 1461 3263 1530 est,
3296 1459 3734 1531 praedicatores,

2077 1562 2146 1602 ex
2174 1546 2392 1618 quibus
2414 1545 2812 1601 saluberrimae
2836 1546 3091 1618 potionis
3115 1553 3393 1602 emanant
3411 1564 3588 1619 aqua.
3615 1549 3736 1604 Hos

2073 1638 2259 1707 fontes
2283 1637 2487 1692 emittis
2507 1637 2564 1690 in
2587 1636 2950 1703 convallibus,
2974 1635 3031 1689 id
3055 1636 3439 1708 est,undique
3459 1636 3519 1691 in
3540 1637 3738 1693 cordi-

2075 1723 2188 1779 bus
2211 1723 2471 1779 ﬁdelium
2497 1732 2553 1779 et
2573 1722 2918 1794 humilium,
2955 1723 3055 1795 qui
3078 1739 3139 1779 se
3161 1723 3422 1780 fecerunt
3441 1724 3646 1790 valles,
3671 1727 3734 1782 id

2074 1817 2162 1868 est
2191 1811 2486 1868 humiles:
2521 1813 2667 1867 inter
2694 1812 2939 1868 medium
2983 1813 3255 1869 montium
3299 1815 3735 1885 pertransibunt

2073 1917 2248 1972 aquae.
2282 1902 2453 1973 Aquae
2495 1901 2791 1957 doctrinas
2848 1905 3052 1957 notant
3097 1903 3564 1974 praedicantium,
3598 1920 3733 1976 qua

2073 1991 2513 2062 pertransibunt
2535 1990 2689 2044 inter
2708 1991 2968 2046 medium
3002 1991 3290 2046 montium
3314 2007 3327 2046 :
3353 1991 3494 2064 quia
3517 1993 3733 2049 eadem

2073 2079 2335 2133 doctrina
2346 2078 2796 2134 eritcommunis
2815 2079 3290 2150 praedicatoribus
3301 2081 3733 2152 posterioribus

2073 2183 2200 2238 qum
2217 2166 3060 2239 fuitprioribus:quianullain
3084 2169 3168 2225 eis
3193 2169 3729 2240 eruntschismata,

2074 2257 2208 2329 quia
2227 2255 2379 2311 idem
2398 2257 2635 2329 sapiunt
2647 2256 3037 2328 predicatores
3049 2258 3286 2314 extremi
3303 2260 3459 2330 quod
3473 2260 3729 2332 apostoli

2073 2345 2172 2416 qui
2204 2348 2441 2400 fuerunt
2481 2345 2888 2417 praedicatores
2935 2347 3149 2418 primi;
3199 2348 3340 2419 quia
3383 2364 3530 2404 unus
3557 2349 3725 2422 Deus,

2070 2451 2183 2490 una
2214 2434 2368 2504 ﬁdes;
2396 2450 2569 2489 unum
2600 2435 2872 2504 baptisma
2904 2434 3064 2506 (Eph.
3099 2436 3192 2508 IV).
3238 2436 3513 2492 Potabunt
3537 2454 3726 2496 omnes

2072 2525 2248 2578 bestia
2277 2526 2422 2594 agri,
2457 2523 2627 2595 quasi
2658 2523 2816 2579 dicat
2842 2539 2854 2577 :
2889 2525 3110 2580 Emittis
3147 2527 3329 2595 fontes
3358 2527 3420 2580 in
3446 2529 3723 2584 convalli-

2071 2611 2188 2678 bus,
2221 2629 2290 2667 ex
2320 2611 2534 2682 quibus
2571 2612 2832 2682 potabant
2879 2628 3064 2669 omnes
3106 2613 3290 2669 bestiae
3337 2616 3481 2686 agri,
3519 2615 3576 2672 id
3607 2621 3716 2688 est,

2066 2700 2272 2764 Judaei,
2323 2700 2423 2770 qui
2475 2700 2610 2756 licet
2653 2700 2976 2757 bestialiter
3013 2702 3290 2770 viverent,
3338 2707 3536 2760 tamen
3577 2721 3716 2778 agro

2069 2793 2504 2860 comparantur,
2531 2789 2669 2860 quia
2695 2791 3042 2862 cogitatione
3063 2791 3208 2863 legis
3224 2797 3377 2848 terra
3397 2791 3556 2849 culta
3575 2810 3716 2866 quo-

2067 2878 2381 2933 dammodo
2406 2879 2538 2933 facti
2561 2883 2718 2934 sunt.
2747 2881 3153 2952 Exspectabunt
3171 2884 3371 2953 onagri
3391 2884 3449 2938 in
3466 2885 3570 2939 siti
3587 2901 3704 2940 sua.

2065 2970 2292 3040 Onager
2302 2971 2391 3022 est
2403 2967 2606 3023 asinus
2619 2968 2924 3040 silvestris,
2943 2969 3259 3042 designans
3270 2971 3545 3042 populum
3561 2990 3701 3046 gen-

2067 3055 2228 3111 tilem
2255 3074 2267 3112 :
2294 3056 2393 3128 qui
2417 3073 2602 3129 aquas
2625 3058 3002 3130 procedentes
3023 3060 3094 3114 de
3117 3060 3362 3116 fontibus
3380 3061 3439 3114 in
3470 3063 3692 3118 sitim

2065 3147 2455 3217 exspectabunt
2476 3165 2494 3201 :
2518 3147 2656 3219 quia
2679 3153 2896 3218 quanto
2920 3148 3369 3205 irrationabilius
3387 3150 3603 3206 caeteris
3625 3166 3686 3206 se

309 3237 410 3309 qui
432 3235 698 3292 fortiores
720 3238 908 3302 erant,
940 3233 1216 3291 latebant.
1241 3234 1352 3290 Sed
1393 3250 1520 3305 quae
1559 3248 1700 3290 cura
1717 3234 1745 3289 ‘I
1767 3235 1842 3289 Ab
1869 3236 1952 3289 in-
1981 3229 2025 3292 C
2062 3234 2274 3290 vixisse
2295 3240 2707 3308 cognoverunt,
2733 3242 2893 3292 tanto
2934 3238 3143 3309 majori
3163 3238 3294 3294 sitis
3318 3239 3518 3295 ardore
3543 3239 3692 3295 desi-

306 3328 620 3399 crepatione
639 3329 735 3381 tua
752 3325 972 3396 fugient
991 3323 1077 3378 illi
1099 3339 1347 3396 quorum
1373 3323 1740 3380 immensitas
1761 3339 1952 3396 perse-

309 3416 613 3473 cutionum
638 3414 868 3486 operuit
887 3412 1316 3486 prdicatores,
1341 3413 1480 3484 quia
1496 3413 1776 3484 increpati
1799 3412 1952 3469 salu-

307 3503 566 3561 berrima
613 3503 1027 3576 increpatione,
1090 3502 1400 3558 cessabant
1447 3519 1480 3556 a
1525 3503 1947 3573 persecutione.

307 3592 469 3652 Unde
517 3591 706 3649 illud:
758 3595 957 3661 Argue,
1008 3591 1245 3662 obsecra,
1297 3592 1520 3662 increpa
1567 3592 1640 3661 (II
1682 3593 1815 3646 Tim.
1851 3593 1947 3659 ιν).

305 3684 469 3750 Quod
491 3682 654 3749 dicit,
676 3682 752 3738 Ab
782 3682 1155 3752 increpatione
1199 3689 1292 3736 tua
1318 3681 1534 3750 fugient
1558 3697 1571 3735 :
1603 3697 1638 3734 a
1662 3696 1786 3736 voce
1812 3681 1954 3736 toni-

304 3775 421 3830 trui
447 3777 531 3829 tui
559 3771 959 3844 formidabant,
994 3770 1050 3825 id
1078 3774 1190 3833 est,
1222 3787 1255 3824 a
1283 3768 1740 3825 comminatione
1770 3768 1950 3824 futuri

296 3862 508 3933 judicii
529 3860 949 3931 formidabunt,
973 3866 1032 3915 et
1057 3858 1171 3932 ipsi
1193 3859 1494 3914 ascendunt
1507 3866 1739 3924 montes,
1758 3856 1816 3912 id
1840 3863 1951 3924 est,

306 3949 446 4006 elati
483 3950 542 4004 in
574 3950 794 4006 honore
844 3947 1063 4018 saeculi,
1112 3947 1416 4004 ascendunt
1461 3946 1532 4001 ad
1575 3944 1952 4002 obtinendam

304 4037 622 4095 Ecclesiam
647 4054 659 4093 :
685 4041 736 4093 et
765 4040 950 4110 campi
979 4038 1332 4104 descendunt,
1365 4036 1504 4109 quia
1534 4051 1953 4106 recognoscen-

303 4130 393 4183 tes
424 4143 528 4199 per
557 4125 894 4198 superbiam
946 4142 1114 4182 suam
1160 4126 1310 4182 male
1359 4143 1421 4182 se
1469 4125 1822 4193 ascendisse,
1855 4126 1954 4181 de-

304 4215 597 4272 scendunt
644 4231 748 4287 per
795 4213 1191 4270 humilitatem
1240 4214 1524 4270 imitando
1574 4230 1722 4285 quos
1751 4230 1952 4270 ascen-

305 4304 496 4361 dendo
518 4302 920 4376 despiciebant
943 4319 956 4357 :
984 4301 1348 4358 descendunt
1368 4303 1428 4356 in
1454 4303 1629 4357 locum
1654 4319 1815 4374 quem
1833 4306 1958 4374 fun-

303 4396 455 4453 dasti
481 4395 584 4450 eis.
639 4393 803 4449 Unde
851 4391 1036 4448 illud:
1089 4389 1413 4462 Unicuique
1444 4393 1728 4462 proprium
1754 4392 1959 4447 donum

310 4469 516 4541 datum
542 4488 632 4540 est
661 4499 696 4538 a
723 4483 833 4539 Deo
865 4482 910 4554 (ι
959 4482 1082 4538 Cor.
1129 4497 1253 4548 vn;
1299 4479 1434 4552 Eph.
1485 4481 1583 4554 ιν).
1635 4480 1737 4536 Vel
1768 4480 1954 4536 aliter.

305 4572 614 4630 Ascendunt
639 4579 849 4628 montes
879 4579 928 4627 et
956 4570 1288 4627 descendunt
1314 4571 1500 4642 campi
1522 4615 1537 4640 ,
1571 4569 1740 4641 quasi
1764 4569 1955 4625 dicat:

306 4647 716 4719 Persecutores
763 4677 798 4716 a
834 4676 972 4716 voce
1017 4659 1259 4716 tonitrui
1309 4660 1394 4715 tui
1444 4658 1868 4724 formidabunt,
1902 4663 1961 4714 et

308 4755 452 4807 tunc
481 4750 784 4806 ascendunt
811 4757 1016 4806 montes
1043 4754 1095 4806 et
1143 4748 1490 4813 descendunt,
1542 4747 1595 4801 id
1627 4751 1734 4813 est,
1769 4745 1958 4802 mani-

305 4839 440 4897 festi
465 4840 607 4896 fient
630 4840 882 4911 majores
903 4844 959 4895 et
981 4838 1235 4894 minores
1258 4837 1318 4893 in
1361 4839 1565 4893 sancta
1587 4834 1863 4890 Ecclesia.
1891 4836 1962 4892 Et

313 4930 537 4987 dictum
567 4933 658 4986 est
687 4930 760 4985 ad
792 4927 1241 4986 similitudinem
1275 4927 1429 4999 quod
1461 4925 1622 4995 dicit,
1657 4925 1965 4982 Aseendunt

313 5023 542 5086 montes,
572 5023 625 5076 et
655 5017 986 5076 descendunt
1014 5018 1218 5088 campi.
1259 5017 1540 5088 Tempore
1571 5015 1728 5070 enim
1760 5013 1964 5070 diluvii

313 5108 790 5182 supereminebat
811 5124 965 5179 aqua
985 5110 1243 5162 montes:
1270 5105 1368 5160 sed
1399 5120 1551 5176 aqua
1572 5094 1960 5173 decrescente,

309 5196 419 5254 visi
441 5202 582 5255 sunt
603 5198 918 5255 ascendere
937 5195 1466 5268 quiaapparebant,
1484 5193 1623 5266 quia
1635 5193 1799 5264 prius
1812 5211 1966 5265 aqua

315 5290 567 5360 cooperti
588 5291 774 5344 erant.
801 5287 896 5342 Sic
915 5291 1182 5358 tempore
1219 5281 1646 5356 persecutionis
1667 5283 1966 5354 cooperuit

313 5374 685 5432 immensitas
715 5375 1182 5448 persecutionem
1233 5373 1488 5428 minores
1531 5375 1589 5426 et
1617 5371 1870 5442 majores
1902 5371 1963 5427 in

313 5463 594 5522 Ecclesia.
630 5464 745 5520 Sed
778 5465 904 5535 jam
945 5468 1210 5520 cessante
1248 5459 1674 5534 persecutione,
1695 5460 1803 5516 visi
1826 5466 1966 5517 sunt

314 5555 652 5620 ascendere,
686 5553 826 5625 quia
854 5554 979 5610 sine
1012 5553 1223 5609 timore
1239 5551 1480 5608 verbum
1511 5549 1642 5604 vitae
1674 5551 1959 5622 praedica-

317 5640 481 5702 bant.
512 5642 826 5699 Terminum
848 5643 1084 5716 posuisti
1112 5656 1274 5716 quem
1300 5656 1413 5697 non
1435 5640 1957 5714 transgredientur:

2059 3323 2346 3380 derabunt
2392 3324 2522 3380 illas
2571 3341 2754 3396 aquas
2797 3331 3019 3398 potare,
3069 3331 3127 3382 et
3172 3344 3341 3400 super
3385 3344 3466 3397 ea,
3521 3329 3581 3385 id
3611 3333 3700 3386 est

2059 3418 2264 3485 praeter
2283 3431 2368 3480 ea,
2391 3414 2653 3483 volucres,
2681 3415 2737 3469 id
2760 3421 2869 3483 est,
2894 3415 3200 3473 instabiles
3240 3422 3298 3473 et
3334 3419 3488 3492 vagi,
3512 3419 3570 3476 id
3592 3426 3698 3488 est,

2061 3502 2290 3557 nullum
2321 3503 2639 3559 terminum
2671 3503 2763 3559 sui
2811 3502 3036 3560 volatus
3082 3509 3369 3572 tenentes,
3411 3509 3541 3579 jam
3575 3508 3707 3565 facti

2059 3592 2322 3648 volucres
2351 3593 2495 3663 creti,
2528 3592 2780 3648 scientes
2811 3593 2951 3665 quid
2975 3594 3059 3650 eis
3078 3593 3393 3651 volandum
3414 3603 3527 3665 est,
3550 3598 3707 3654 habi-

2023 3669 2028 3673 ’
2063 3681 2277 3745 tabunt,
2309 3679 2512 3752 repleti
2546 3681 2806 3737 fontibus
2838 3681 3038 3738 missis
3059 3683 3119 3738 in
3141 3683 3515 3743 convallibus
3540 3692 3594 3743 et
3611 3688 3701 3743 da-

2063 3769 2215 3839 bunt,
2235 3785 2430 3824 vocem
2451 3769 2519 3824 de
2537 3769 2711 3825 medio
2723 3777 3016 3842 petrarum
3029 3791 3047 3826 :
3065 3773 3204 3844 quia
3220 3789 3428 3830 eorum
3449 3776 3694 3832 doctrina

2063 3875 2177 3913 non
2210 3857 2506 3914 discordat
2532 3875 2566 3913 a
2595 3859 2861 3916 doctrina
2882 3860 3303 3932 apostolorum,
3328 3879 3583 3936 quorum
3605 3865 3694 3920 do-

2063 3945 2330 4002 ctrinain
2356 3951 2539 4019 petra,
2563 3947 2620 4002 id
2642 3951 2750 4015 est,
2783 3948 2842 4004 in
2877 3949 3124 4019 Christo,
3169 3952 3282 4007 fuit
3318 3953 3582 4010 fundata.
3614 3952 3710 4010 Vel

2063 4036 2127 4091 de
2147 4036 2324 4092 medio
2344 4040 2650 4107 petrarum,
2672 4037 2730 4092 id
2753 4042 2860 4106 est,
2891 4038 2961 4094 de
2999 4040 3356 4098 testimoniis
3378 4043 3714 4117 Scriptura-

2069 4143 2201 4180 rum
2234 4126 2404 4197 quasi
2438 4126 2509 4181 de
2531 4126 2711 4198 petris
2731 4143 2900 4183 voces
2921 4127 3166 4186 dabunt.
3194 4130 3297 4186 Vel
3318 4132 3434 4187 sic:
3457 4133 3642 4204 Super
3660 4149 3723 4190 ea

2066 4215 2124 4269 id
2156 4219 2266 4282 est,
2309 4231 2487 4287 super
2535 4216 2694 4287 ipsos
2747 4215 2957 4283 fontes,
3005 4219 3320 4291 prophetas
3364 4221 3642 4278 videlicet
3669 4227 3728 4279 et

2067 4303 2383 4376 apostolos,
2407 4305 2466 4360 in
2491 4321 2741 4378 quorum
2766 4307 3110 4363 auctoritate
3141 4309 3589 4367 consistendum
3613 4316 3724 4378 est,

2065 4393 2312 4449 volucres
2342 4395 2466 4449 caeli
2503 4394 2789 4463 habitant,
2837 4395 2977 4467 quia
3022 4397 3082 4452 in
3114 4397 3286 4455 dictis
3315 4398 3725 4471 apostolorum

2068 4480 2366 4553 spiritales
2387 4482 2493 4536 viri
2517 4482 2742 4538 fundati
2766 4487 2924 4539 sunt.
2940 4485 3014 4540 De
3025 4485 3203 4543 medio
3213 4489 3726 4558 petrarumdabunt

2067 4585 2267 4626 vocem.
2323 4572 2524 4642 Rigans
2568 4577 2782 4628 montes
2829 4572 2895 4628 de
2937 4576 3318 4646 superioribus
3354 4579 3514 4640 suis;
3545 4579 3726 4650 quasi

2069 4658 2258 4715 dicat:
2310 4660 2418 4726 Tu,
2468 4660 2730 4728 Domine,
2781 4664 2989 4718 emittis
3033 4665 3210 4735 fontes
3254 4666 3313 4722 in
3351 4667 3720 4738 convallibus,

2070 4749 2260 4819 rigans
2290 4756 2497 4803 montes
2521 4749 2591 4804 de
2619 4751 2995 4820 superioribus
3041 4753 3176 4820 suis,
3221 4752 3278 4808 id
3309 4756 3417 4819 est,
3447 4753 3521 4809 de
3544 4755 3727 4812 dictis

2075 4837 2488 4909 prophetarum
2520 4836 2738 4893 imbuis
2783 4839 3076 4910 apostolos
3129 4845 3282 4897 tuos.
3334 4841 3497 4898 Unde
3526 4842 3724 4901 illud:

2075 4927 2347 4995 Quoniam
2377 4925 2689 4999 placebant
2713 4930 2885 4983 servis
2907 4931 3018 4984 tuis
3038 4929 3244 5001 lapides
3262 4931 3382 5003 ejus
3401 4932 3576 5004 (Psal.
3603 4934 3685 5005 (ιι)
3713 4949 3726 4990 :

2073 5015 2161 5072 vel
2200 5018 2390 5086 rigans
2437 5020 2642 5071 montes
2689 5015 2758 5073 de
2802 5019 3179 5088 superioribus
3221 5019 3357 5088 suis,
3407 5021 3464 5076 id
3509 5027 3628 5090 est,
3660 5023 3731 5079 de

2073 5103 2481 5178 spiritualibus
2512 5105 2702 5175 donis,
2732 5122 2858 5177 quae
2891 5107 3196 5179 superiora
3220 5113 3359 5164 sunt
3381 5111 3729 5182 praedicato-

2072 5211 2201 5250 rum
2232 5210 2244 5250 :
2270 5194 2409 5266 quia
2429 5194 2585 5265 quod
2607 5193 2755 5249 bene
2778 5195 3114 5267 praedicant,
3158 5197 3266 5253 hoc
3286 5198 3508 5255 donum
3532 5201 3729 5257 sancti

2071 5283 2322 5357 Spiritus
2344 5287 2453 5339 est.
2487 5283 2558 5339 De
2580 5285 2770 5353 fructu
2790 5299 3014 5356 cperam
3039 5295 3258 5342 tuomm
3295 5288 3728 5347 satiabitur-ter-

2071 5390 2176 5428 ra:
2207 5373 2348 5445 quia
2376 5388 2450 5428 er
2491 5371 2754 5428 doctrina
2801 5375 3113 5446 montium,
3165 5392 3290 5448 quae
3335 5377 3606 5434 doctrina
3634 5383 3728 5436 est

2072 5463 2297 5518 fructus
2319 5467 2556 5517 tuorum
2579 5478 2845 5533 operum,
2877 5463 3258 5535 replebuntur
3297 5466 3556 5524 subditi:
3583 5472 3642 5523 et
3660 5471 3721 5522 ut

2072 5552 2392 5608 satientur:
2413 5551 2718 5623 producens
2748 5553 2936 5622 fenum
2969 5554 3258 5625 jumentis.
3280 5553 3557 5612 Jumenta
3581 5560 3718 5612 sunt

2072 5641 2499 5718 pradicatores,
2524 5639 2691 5714 quasi
2710 5641 3118 5716 adjumentum
3140 5643 3393 5716 Domini,
3421 5648 3488 5704 ut
3506 5661 3716 5726 corpus
