4024 6192
238 278 367 360 est

1375 271 1980 334 ENARRATIONES
2027 272 2103 330 IN
2156 269 2537 331 PSALMOS.

3538 269 3660 331 683

253 425 410 477 voce,
440 407 683 479 psallam
732 423 905 480 opere
936 411 1050 463 Deo
1100 425 1239 477 meo,
1274 424 1389 462 non
1422 407 1492 461 ad
1542 406 1768 475 horam,
1802 404 1899 459 sed
1932 406 1987 471 Α
2018 426 2045 452 ‹‹
2079 403 2353 457 omnibus
2406 402 2624 457 ﬁnibus
2670 417 2894 457 eorum.
2942 400 3142 456 Posuit
3193 399 3419 472 pluvias
3466 417 3670 456 eorum

238 497 501 577 .quandz‘u
529 515 691 559 sum;
722 496 811 551 vel
835 498 918 553 sic
944 516 955 552 :
989 497 1229 552 Cantabo
1254 499 1314 551 in
1340 498 1452 551 vita
1475 513 1594 551 mea
1616 494 1905 566 praesenti,

246 592 310 651 et
333 588 567 641 tandem
592 586 650 640 in
677 587 872 641 futuro
892 587 1130 657 psallam
1152 592 1260 642 Deo
1283 602 1397 640 meo
1418 584 1665 656 quandiu
1683 600 1825 647 sum,
1849 583 1907 636 in

236 674 703 741 immutabili,in
736 692 801 730 eo
831 693 957 731 esse
982 692 1356 746 permaneam
1387 693 1399 728 :
1424 675 1571 745 quod
1610 672 1719 727 erit
1740 677 1907 725 aeter-

254 765 635 836 naliter,quia
655 766 854 820 omnia
875 770 1137 836 tempora
1154 764 1509 820 transibunt.
1542 763 1611 816 Et
1637 761 1908 832 psallam,

249 854 571 911 Jucundum
598 856 671 908 sit
702 856 753 908 ei
781 854 1055 926 eloquium
1091 870 1290 921 meum,
1318 852 1371 906 id
1407 856 1517 915 est,
1552 851 1774 922 placeat
1794 847 1907 904 sibi

254 942 539 997 confessio
571 958 721 1008 mea,
757 960 883 1013 qua:
915 949 1075 997 extra
1103 941 1364 1013 loquitur
1394 941 1453 995 in
1484 940 1681 993 littera
1712 938 1910 994 omnia

254 1047 379 1101 quae
427 1029 648 1099 injuste
698 1029 1043 1101 perpetravi.
1095 1028 1197 1082 Vel
1246 1027 1328 1081 sic
1361 1045 1373 1082 :
1405 1024 1714 1083 Iucundum
1755 1027 1826 1078 sit
1857 1024 1909 1079 ei

251 1120 534 1191 eloquium
557 1135 762 1185 meum,
786 1118 842 1171 id
866 1122 971 1185 est,
990 1117 1257 1187 placeant
1288 1116 1398 1171 sibi
1428 1132 1495 1170 ea
1512 1131 1638 1186 quae
1658 1130 1758 1185 per
1777 1112 1907 1184 Spi-

252 1208 432 1262 ritum
464 1212 731 1262 sanctum
765 1205 996 1261 locutus
1018 1222 1151 1260 sum
1176 1206 1246 1260 de
1277 1221 1343 1259 eo
1372 1221 1382 1257 :
1420 1205 1527 1271 Ego
1558 1218 1702 1263 vero,
1738 1202 1909 1272 quid—

252 1297 389 1367 quid
426 1294 523 1350 alii
574 1295 809 1361 faciant,
838 1295 1150 1350 delectabar
1197 1296 1254 1348 in
1309 1294 1537 1347 Domino
1571 1309 1588 1345 :
1621 1296 1679 1345 et
1717 1290 1909 1344 intan-

253 1391 378 1440 tum
411 1389 475 1438 ut
503 1383 764 1455 exemplo
788 1400 915 1438 meo
942 1382 1227 1454 provocati
1252 1386 1558 1453 peccatores
1593 1379 1855 1447 deﬁciant
1879 1395 1913 1431 a

254 1477 418 1540 terra,
439 1473 496 1527 id
529 1476 639 1543 est,
664 1490 696 1528 a
715 1477 941 1526 terreno
960 1488 1129 1542 Opere
1151 1488 1256 1525 suo
1281 1492 1295 1539 ;
1319 1476 1369 1525 et
1401 1472 1582 1540 iniqui
1613 1468 1909 1531 deficiant,

250 1566 328 1617 ita
360 1566 419 1616 ut
448 1577 558 1616 non
586 1563 697 1617 sint
726 1561 877 1632 quod
904 1564 1065 1631 prius
1091 1561 1359 1614 fuerunt:
1397 1558 1554 1630 quod
1586 1561 1649 1611 ut
1682 1557 1802 1623 fiat,
1830 1556 1912 1611 be-

249 1650 427 1717 nedie,
460 1652 650 1705 anima
678 1666 817 1717 mea,
852 1650 1099 1705 Domino.

822 1755 1146 1812 PSALMUS
1186 1755 1325 1811 CIV.

928 1843 1228 1883 ALLELUIA.

327 1942 353 1967 ‹‹
386 1918 753 1974 Conﬁtemini
802 1916 1070 1985 Domino,
1104 1920 1160 1971 et
1192 1916 1449 1971 invocate
1498 1930 1711 1969 nomen
1761 1913 1912 1988 ejus,

257 2031 283 2053 ‹‹
319 2007 659 2062 annuntiate
691 2006 842 2061 inter
873 2012 1074 2071 gentes
1123 2021 1297 2076 opera
1327 2006 1473 2073 ejus.
1507 2004 1749 2058 Caritate
1780 2001 1829 2056 ei
1856 2005 1915 2056 et

258 2118 284 2143 ‹‹
321 2094 545 2166 psallite
574 2095 647 2164 ei,
682 2100 910 2149 narrate
942 2093 1140 2148 omnia
1184 2092 1476 2147 mirabilia
1504 2092 1653 2160 ejus.
1688 2089 1909 2144 Lauda-

256 2206 286 2231 «
323 2183 465 2237 mini
497 2183 556 2237 in
586 2182 819 2237 nomine
851 2188 1055 2237 sancto
1083 2182 1231 2251 ejus,
1265 2180 1492 2235 lietetur
1520 2196 1618 2233 cor
1650 2194 1911 2250 quaeren-

260 2293 280 2319 α
320 2272 467 2326 tium
500 2271 835 2326 Dominum.
869 2269 1115 2333 Quaerite
1147 2270 1481 2336 Dominum,
1514 2275 1568 2322 et
1599 2268 1911 2322 conﬁrma-

256 2381 284 2407 ‹‹
318 2359 462 2413 mini
499 2377 511 2413 :
547 2360 788 2430 quaerite
834 2359 1041 2414 faciem
1094 2359 1222 2435 ejus
1272 2375 1521 2429 semper.
1562 2358 1909 2411 Mementote

252 2471 283 2495 ‹‹
317 2448 681 2503 mirabilium
705 2449 832 2519 ejus
852 2465 977 2519 quae
1004 2448 1157 2513 fecit,
1183 2445 1591 2519 prodigiaejus
1614 2443 1911 2515 etjudicia

255 2559 283 2585 ‹‹
317 2537 435 2591 oris
465 2538 616 2605 ejus.
652 2537 862 2591 Semen
910 2536 1197 2590 Abraham
1229 2535 1379 2589 servi
1410 2536 1558 2603 ejus,
1594 2533 1697 2587 ﬁlii
1728 2533 1906 2587 Jacob

252 2648 282 2672 ‹‹
316 2624 481 2680 electi
504 2624 798 2695 ejus.lpse
826 2625 1112 2678 Dominus
1135 2630 1279 2677 Deus
1313 2627 1527 2685 noster,
1552 2621 1611 2675 in
1637 2620 1907 2674 universa

252 2735 281 2761 ‹‹
316 2716 470 2767 terra
491 2711 715 2783 judicia
745 2713 891 2781 ejus.
928 2712 1149 2766 Memor
1179 2710 1288 2764 fuit
1328 2710 1385 2763 in
1419 2708 1693 2763 saeculum
1728 2712 1903 2762 testa-

250 2824 283 2849 «
318 2801 497 2855 menti
516 2800 629 2864 sui,
652 2800 808 2854 verbi
834 2799 986 2871 quod
1011 2798 1309 2854 mandavit
1332 2798 1390 2851 in
1417 2795 1907 2867 millegeneratio-

252 2912 283 2939 ‹‹
316 2906 441 2944 nes.
476 2889 635 2952 Quod
687 2888 975 2960 disposuit
1020 2889 1092 2943 ad
1137 2886 1454 2949 Abraham,
1487 2891 1544 2941 et
1580 2885 1904 2955 juramenti

254 3000 286 3027 ‹‹
319 2978 411 3032 sui
442 2979 514 3033 ad
538 2980 716 3033 Isaac.
744 2979 809 3031 Et
830 2977 1033 3031 statuit
1062 2975 1203 3031 illud
1232 2975 1410 3030 Jacob
1443 2976 1500 3029 in
1524 2978 1900 3045 praeceptum,

252 3091 283 3115 ‹‹
320 3072 378 3122 et
407 3066 580 3122 Israel
614 3067 673 3120 in
704 3069 1122 3121 testamentum
1156 3070 1458 3130 internum,
1490 3064 1689 3117 dicens
1725 3078 1736 3117 :
1771 3061 1901 3117 Tibi

2021 515 2047 541 ‹‹
2081 490 2448 562 grandinem,
2465 491 2654 560 ignem
2671 490 3183 545 comburentemin
3206 494 3363 545 terra
3382 488 3671 560 ipsorum.

2022 603 2047 629 α
2080 581 2149 633 Et
2181 578 2467 648 percussit
2514 580 2714 634 vineas
2763 596 2964 634 eorum
3006 584 3063 635 et
3116 578 3397 635 ﬁculneae
3445 595 3670 651 eorum,

2020 691 2046 717 α
2081 673 2137 722 et
2167 666 2436 721 contrivit
2468 666 2694 738 lignum
2726 668 2935 723 ﬁnium
2966 684 3190 723 eorum.
3226 668 3402 735 Dixit,
3434 673 3491 724 et
3517 668 3675 724 venit

2021 780 2047 806 «
2084 756 2376 810 locustaet
2399 755 2677 819 bruchus,
2696 758 2865 826 cujus
2890 774 3004 812 non
3019 763 3143 814 erat
3163 774 3467 815 numerus.
3483 759 3551 814 Et
3570 772 3673 814 co-

2019 867 2046 894 ‹‹
2084 845 2262 899 medii
2282 860 2455 899 omne
2477 844 2674 898 fenum
2696 844 2753 898 in
2786 850 2943 900 terra
2962 863 3187 915 eorum,
3210 852 3269 902 et
3284 848 3537 904 comedit
3555 864 3673 904 om-

2023 954 2050 982 «
2082 950 2215 987 nem
2240 933 2493 986 fructum
2517 936 2679 986 terra:
2710 950 2933 989 eorum.
2960 936 3029 989 Et
3051 936 3340 1006 percussit
3362 954 3533 993 omne
3554 936 3672 1009 pri-

2025 1043 2051 1069 υ
2086 1021 2446 1093 mogeuitum
2465 1020 2521 1075 in
2537 1025 2689 1076 terra
2709 1024 3233 1094 eorum,primitias
3246 1026 3440 1081 omnis
3456 1025 3674 1082 laboris

2021 1134 2049 1161 ‹‹
2086 1128 2309 1166 eorum.
2355 1112 2425 1165 Et
2455 1110 2653 1165 eduxit
2699 1127 2797 1165 eos
2846 1128 2981 1167 cum
3034 1130 3176 1168 auro
3224 1118 3282 1169 et
3324 1119 3584 1187 argento,
3617 1119 3676 1171 et

2026 1220 2047 1247 σι
2083 1217 2197 1255 non
2230 1205 2353 1254 erat
2382 1200 2440 1253 in
2472 1200 2747 1255 tribubus
2777 1216 2978 1255 eorum
3012 1201 3302 1257 inﬁrmus.
3339 1204 3557 1261 Letata
3586 1209 3677 1262 est

2022 1312 2047 1337 ‹‹
2080 1290 2361 1361 Egyptus
2392 1289 2448 1342 in
2481 1288 2835 1359 profectione
2873 1306 3097 1359 eorum,
3131 1292 3271 1362 quia
3300 1292 3568 1348 incubuit
3598 1293 3675 1349 ti-

2021 1400 2048 1427 ‹‹
2084 1395 2210 1433 mor
2241 1395 2442 1433 eorum
2474 1393 2649 1449 super
2678 1394 2797 1433 eos.
2822 1379 3109 1450 Expendit
3138 1380 3352 1436 nubem
3386 1381 3445 1436 in
3480 1388 3676 1455 prote-

2022 1490 2050 1517 «
2083 1467 2333 1522 ctionem
2383 1484 2608 1534 eorum,
2643 1473 2701 1522 et
2751 1468 2943 1540 ignem
2979 1473 3042 1522 ut
3070 1467 3291 1525 luceret
3321 1471 3404 1526 eis
3436 1488 3540 1543 per
3569 1484 3671 1529 no-

2022 1578 2050 1606 ‹‹
2084 1560 2257 1611 ctem.
2289 1555 2608 1623 Petierunt,
2643 1560 2699 1611 et
2728 1556 2885 1611 venit
2913 1557 3199 1624 coturnix,
3234 1560 3293 1613 et
3346 1575 3496 1630 pane
3544 1560 3674 1618 cmli

2024 1669 2051 1695 ‹‹
2087 1645 2371 1701 saturavit
2390 1661 2508 1700 eos.
2543 1645 2679 1700 Diru
2691 1645 2773 1717 pit
2795 1651 3040 1717 petram,
3065 1651 3121 1702 et
3144 1646 3438 1703 ﬂuxerunt
3467 1665 3632 1720 aqua
3656 1666 3670 1704 :

2024 1758 2051 1783 ‹‹
2086 1734 2355 1789 abierunt
2397 1734 2455 1788 in
2487 1733 2638 1789 sicco
2687 1734 2951 1789 ﬂumina.
2986 1736 3273 1801 Quoniam
3306 1752 3532 1793 memor
3560 1738 3675 1795 fuit

2025 1845 2053 1873 «
2084 1824 2240 1878 verbi
2264 1824 2449 1879 sancti
2475 1824 2587 1888 sui,
2613 1824 2766 1893 quod
2792 1823 3081 1878 habuitab
3102 1824 3398 1882 Abraham
3425 1842 3673 1898 puerum

2030 1935 2049 1961 ι
2088 1928 2283 1967 suum.
2316 1912 2385 1966 Et
2414 1911 2613 1966 eduxit
2642 1910 2922 1983 populum
2952 1928 3125 1967 suum
3176 1912 3236 1967 in
3266 1913 3672 1986 exsultatione,

2032 2022 2053 2049 α
2086 2005 2141 2057 et
2171 2000 2384 2056 electos
2433 2018 2572 2056 suos
2602 2001 2663 2055 in
2694 1999 2915 2056 latitia.
2952 2005 3020 2055 Et
3070 2001 3229 2057 dedit
3258 2002 3374 2059 illis
3407 2004 3674 2075 regiones

2028 2113 2049 2139 α
2091 2092 2375 2162 gentium,
2409 2095 2465 2145 et
2493 2090 2722 2145 labores
2756 2089 3107 2161 populorum
3135 2093 3528 2161 possederunt
3560 2110 3574 2148 :
3608 2098 3674 2148 ut

2026 2202 2052 2229 ‹‹
2085 2179 2417 2234 custodiant
2456 2177 2908 2248 justiﬁcationes
2940 2180 3091 2249 ejus,
3122 2184 3179 2234 et
3206 2179 3395 2251 legem
3426 2180 3554 2251 ejus
3587 2197 3674 2238 re-

2022 2292 2049 2317 ‹‹
2088 2268 2347 2339 quirant.
2384 2292 2404 2319 υ

2634 2357 3047 2413 ENARRATIO.

2092 2446 2360 2501 Psalmus
2393 2446 2501 2501 iste
2533 2446 2758 2517 primus
2780 2450 2871 2500 est
2899 2446 2969 2501 de
3001 2445 3371 2503 alleluiaticis
3402 2447 3668 2518 psalmis.

2019 2535 2440 2606 Interpretatur
2451 2534 2608 2589 enim
2625 2533 3506 2600 Alleluia,laudaleDominum:et
3521 2554 3674 2599 com.

2018 2624 2256 2678 mandat
2282 2624 2450 2678 nobis
2471 2622 2827 2693 Prophetain
2855 2622 2963 2677 hoc
2987 2623 3214 2694 psalmo
3245 2624 3375 2680 illos
3400 2626 3471 2681 de
3493 2627 3671 2699 priori

2015 2711 2249 2783 populo,
2285 2712 2382 2783 qui
2416 2711 2599 2765 Deum
2636 2728 2749 2765 non
2802 2711 3285 2780 amaricaverunt,
3322 2714 3424 2785 qui
3469 2720 3674 2771 contra

2014 2817 2146 2855 eum
2181 2818 2295 2855 non
2321 2805 2855 2866 murmuraverunt,
2876 2817 3074 2857 semen
3104 2802 3374 2859 videlicet
3402 2804 3671 2873 Abrahae,

2016 2890 2164 2945 ﬁlios
2180 2889 2974 2961 promissionis,pertinentes
2992 2892 3061 2945 ad
3082 2890 3483 2947 hereditatem
3499 2896 3675 2949 testa-

2015 2978 2195 3034 menti
2217 2979 2414 3033 zeterni
2432 2996 2443 3034 :
2461 2979 2568 3033 hos
2600 2979 2876 3034 admonet
2897 2979 3204 3051 Pr0pheta,
3231 2986 3521 3052 quatenus
3545 2999 3673 3038 ser—

2016 3068 2327 3131 viantDeo,
2354 3084 2467 3122 non
2491 3072 2727 3138 propter
2742 3067 3062 3139 temporale
3078 3068 3320 3135 bonum,
3340 3071 3493 3141 quod
3511 3086 3670 3126 com-

258 3180 281 3205 ι
314 3156 464 3211 dabo
496 3161 709 3211 terram
740 3155 1035 3223 Chanaan,
1069 3153 1395 3208 funiculum
1429 3150 1784 3206 hasreditatis
1812 3167 1904 3204 ve-
1939 3136 1979 3201 C
2020 3172 2195 3210 mune
2225 3160 2313 3209 est
2340 3136 2509 3209 bonis
2558 3136 2616 3208 et
2645 3155 2838 3220 malis,
2866 3136 2973 3210 sed
3025 3158 3208 3227 gratis
3240 3136 3425 3212 Deu—m
3457 3157 3670 3226 colant,

255 3267 286 3295 ‹‹
319 3250 471 3299 strae.
504 3248 644 3298 Cum
677 3248 871 3299 essent
892 3259 1136 3297 numero
1161 3241 1333 3307 brevi,
1366 3239 1705 3312 paucissimi
1729 3243 1785 3294 et
1814 3239 1903 3292 in-

249 3356 282 3383 ‹‹
318 3332 452 3388 colae
475 3334 601 3404 ejus
637 3350 648 3386 :
681 3338 738 3388 et
769 3331 1232 3403 pertransierunt
1261 3329 1329 3382 de
1361 3335 1528 3399 gente
1560 3327 1619 3380 in
1653 3330 1903 3397 gentem,

249 3446 281 3472 (ι
318 3423 390 3476 de
422 3438 597 3493 regno
630 3421 701 3476 ad
736 3419 1018 3492 populum
1052 3417 1322 3473 alterum.
1357 3416 1483 3471 Non
1515 3414 1791 3485 relinquit
1810 3413 1907 3467 ho-

249 3532 283 3559 ‹‹
317 3510 538 3565 minem
572 3526 775 3564 nocere
805 3508 909 3573 eis,
943 3512 1000 3563 et
1028 3506 1309 3577 corripuit
1340 3521 1443 3577 pro
1476 3504 1559 3557 eis
1592 3519 1775 3574 reges.
1801 3502 1909 3557 No-

252 3622 283 3649 ‹‹
316 3599 418 3655 lite
449 3604 684 3671 tangere
714 3598 965 3653 christos
1015 3612 1200 3662 meos,
1233 3600 1288 3650 et
1338 3594 1395 3648 in
1430 3593 1730 3665 prophetis
1763 3591 1907 3646 meis

254 3713 283 3736 ‹‹
321 3688 504 3743 nolite
535 3687 865 3759 malignari.
886 3688 952 3741 Et
982 3685 1203 3740 vocavit
1225 3684 1439 3739 famem
1463 3699 1640 3753 super
1670 3686 1909 3747 terram,

253 3800 285 3827 ι(
320 3782 379 3833 et
409 3794 584 3833 omne
614 3777 1049 3831 ﬁrmamentum
1083 3774 1251 3846 panis
1279 3772 1570 3828 contrivit.
1597 3771 1754 3825 Misit
1776 3775 1911 3825 ante

264 3886 289 3912 ι
323 3882 423 3921 eos
471 3866 701 3931 virum;
733 3864 789 3918 in
833 3880 1064 3919 servum
1118 3863 1486 3918 venundatus
1537 3865 1627 3914 est
1670 3859 1907 3931 Joseph.

255 3980 285 4004 ‹‹
322 3953 789 4009 Humiliaverunt
818 3953 876 4007 in
908 3952 1285 4023 compedibus
1319 3950 1491 4021 pedes
1522 3951 1670 4019 ejus,
1692 3949 1908 4003 ferrum

252 4066 284 4093 ‹‹
321 4042 660 4115 pertransiit
712 4042 966 4096 animam
1002 4042 1149 4110 ejus,
1182 4040 1365 4094 donec
1412 4038 1630 4093 veniret
1670 4038 1911 4091 verbum

253 4155 286 4182 «
322 4133 474 4203 ejus.
492 4131 800 4202 Eloquium
820 4128 1045 4184 Domini
1061 4128 1589 4182 inﬁammaviteum
1607 4144 1619 4180 :
1638 4124 1799 4179 misit
1817 4140 1913 4178 rex

249 4244 283 4271 ‹‹
318 4226 377 4277 et
395 4220 567 4277 solvit
585 4236 740 4289 eum,
768 4218 1035 4291 princeps
1062 4214 1411 4289 populorum
1438 4220 1493 4270 et
1514 4214 1738 4269 dimisit
1755 4229 1909 4267 eum.

248 4334 283 4359 ‹‹
317 4309 633 4366 Constituit
654 4324 784 4363 eum
811 4307 1118 4362 dominum
1135 4305 1345 4360 domus
1364 4321 1501 4368 suae,
1516 4307 1571 4358 et
1590 4302 1909 4373 principem

245 4422 279 4449 ‹‹
315 4398 511 4453 omnis
536 4396 926 4469 possessionis
945 4412 1083 4451 suae.
1110 4393 1183 4449 Ut
1210 4392 1464 4448 erudiret
1478 4391 1769 4462 principes
1786 4393 1912 4461 ejus

2016 3247 2481 3311 non,qua3rentes
2502 3242 2738 3313 aliquod
2755 3244 3038 3298 mercedis
3057 3244 3521 3300 emolumentum
3545 3262 3673 3317 pro-

2017 3335 2143 3401 pter
2170 3329 2366 3401 ipsum
2397 3330 2581 3384 Deum
2619 3348 2631 3384 :
2667 3334 2723 3384 et
2750 3330 2872 3385 haec
2905 3331 3123 3386 faciant
3153 3331 3471 3403 laudando,
3504 3332 3671 3388 invo-

2017 3419 2221 3485 cando,
2256 3434 2359 3489 per
2389 3418 2562 3472 ﬁdem
2587 3418 2732 3473 bene
2759 3419 3076 3489 operando,
3102 3436 3214 3475 non
3248 3422 3320 3475 ad
3352 3438 3544 3489 suam,
3570 3423 3668 3480 sed

2017 3508 2087 3562 ad
2122 3506 2355 3561 Domini
2378 3506 2645 3577 gloriam.
2673 3508 2952 3578 Proponit
2982 3509 3152 3564 nobis
3183 3508 3448 3581 psalmus
3479 3512 3673 3567 adhuc

2018 3602 2261 3651 aeternas
2292 3596 2735 3667 promissiones,
2762 3595 2945 3650 factas
2986 3598 3207 3653 sanctis
3239 3599 3588 3670 patriarchis
3618 3603 3676 3656 et

2019 3684 2319 3757 prophetis
2341 3684 2604 3755 patribus
2632 3684 2850 3739 nostris
2867 3700 2878 3738 :
2895 3688 2952 3738 et
2972 3700 3075 3756 per
3094 3685 3214 3741 haec
3237 3702 3343 3741 nos
3365 3686 3673 3756 hortando,
3692 3686 3695 3691 “

2020 3780 2082 3829 ut
2113 3776 2300 3829 simus
2336 3773 2437 3828 ﬁlii
2492 3773 2725 3829 illorum
2757 3772 3041 3828 imitando
3092 3779 3149 3830 et
3180 3776 3489 3849 sperando.
3530 3776 3677 3831 Dicit

2020 3866 2192 3919 etiam
2225 3880 2323 3919 eos
2358 3881 2473 3918 non
2491 3880 2619 3918 esse
2641 3862 2948 3918 derelictos
2979 3863 3403 3935 temporalibus
3424 3864 3594 3922 bonis
3616 3866 3675 3922 in

2021 3953 2238 4024 quibus
2270 3951 2465 4022 posuit
2495 3951 2826 4023 exemplum
2862 3952 2994 4006 ﬁdei
3020 3952 3111 4008 his
3145 3954 3244 4025 qui
3276 3954 3347 4011 de
3378 3971 3551 4011 carne
3581 3972 3675 4012 eo-

2022 4058 2151 4095 rum
2202 4044 2341 4095 sunt
2386 4040 2712 4111 propagati,
2744 4044 2801 4094 et
2851 4040 2952 4112 qui
3004 4040 3180 4098 ﬁdem
3232 4059 3433 4100 eorum
3479 4044 3679 4101 volunt

2022 4128 2261 4184 imitari.
2299 4127 2444 4182 Dicit
2477 4134 2671 4183 autem
2705 4130 2787 4184 sic
2822 4145 2834 4185 :

2095 4217 2441 4286 Conﬁtemini
2470 4218 2726 4284 Domino,
2758 4222 2808 4273 et
2838 4220 3086 4276 invocate
3116 4238 3313 4277 nomen
3355 4224 3494 4292 ejus.
3528 4223 3678 4285 Quo-

2024 4308 2181 4361 niam
2214 4305 2419 4361 titulus
2453 4307 2661 4376 psalmi
2693 4307 2827 4362 talis
2858 4314 2967 4374 est,
2999 4311 3238 4365 Alleluia
3266 4328 3285 4363 :
3319 4310 3474 4381 quod
3504 4308 3682 4363 inter-

2023 4398 2303 4466 pretatur,
2329 4395 2549 4449 laudate
2563 4398 2895 4457 Dominum;
2919 4402 3146 4468 oportet
3160 4401 3222 4451 ut
3243 4397 3299 4451 in
3320 4396 3683 4452 confessione

247 4511 281 4537 ‹‹
317 4488 475 4543 sicut
496 4486 900 4556 semetipsum,
922 4489 978 4539 et
1008 4500 1176 4539 senes
1199 4484 1325 4553 ejus
1349 4481 1715 4552 prudentiam
1745 4481 1911 4535 doce-
1948 4497 1992 4560 ί)
2028 4500 2204 4554 quam
2239 4482 2331 4537 hic
2365 4482 2534 4537 nobis
2566 4482 2855 4555 promittit
2888 4483 3194 4554 Propheta,
3218 4485 3275 4539 in
3301 4483 3577 4539 laudibus
3594 4500 3685 4540 ec-

248 4598 284 4625 ‹‹
320 4580 430 4629 ret.
463 4574 533 4629 Et
583 4573 817 4628 intravit
851 4571 1027 4627 Israel
1076 4572 1133 4625 in
1164 4572 1500 4643 Egyptum,
1526 4574 1584 4623 et
1610 4569 1791 4624 Jacob
1820 4586 1916 4624 ac-

251 4685 286 4713 ‹‹
320 4661 450 4718 cola
482 4662 589 4716 fuit
620 4661 677 4714 in
709 4665 864 4716 terra
894 4660 1097 4715 Cham.
1134 4663 1201 4714 Et
1232 4658 1392 4714 auxit
1422 4656 1704 4728 populum
1738 4672 1913 4711 suum

253 4776 287 4804 ‹‹
320 4749 716 4815 vehementer,
746 4754 801 4805 et
832 4748 1083 4803 ﬁrmavit
1105 4764 1237 4803 eum
1268 4763 1444 4817 super
1473 4745 1741 4799 inimicos
1764 4747 1912 4816 ejus.

262 4864 294 4889 ι(
325 4838 622 4896 Convertit
652 4854 750 4894 cor
779 4852 981 4892 eorum
1016 4840 1080 4890 ut
1108 4836 1337 4890 odirent
1370 4833 1650 4905 populum
1683 4835 1831 4903 ejus,
1864 4838 1920 4889 et

264 4952 294 4981 ‹‹
330 4928 534 4984 dolum
568 4929 822 4982 facerent
851 4927 910 4979 in
941 4942 1139 4981 servos
1171 4926 1318 4994 ejus.
1343 4922 1501 4977 Misit
1533 4924 1765 4993 Moysen
1799 4939 1919 4977 ser-

265 5042 290 5068 ε
327 5033 470 5071 vum
502 5033 698 5080 suum,
733 5018 923 5070 Aaron
958 5031 1131 5086 quem
1180 5013 1353 5084 elegit
1382 5012 1598 5083 ipsum.
1636 5011 1831 5066 Posuit
1861 5011 1919 5065 in

266 5130 290 5156 ι
330 5104 419 5161 eis
448 5105 624 5158 verba
673 5102 976 5175 signorum
1029 5118 1291 5167 suorum,
1326 5105 1381 5155 et
1431 5100 1828 5171 prodigiorum
1862 5100 1920 5154 in

259 5218 293 5245 α
327 5198 487 5248 terra
519 5191 719 5247 Cham.
754 5191 910 5246 Misit
940 5192 1227 5251 tenebras.
1255 5195 1311 5243 et
1340 5189 1689 5255 obscuravit,
1723 5193 1779 5243 et
1808 5206 1922 5244 non

263 5308 290 5335 ις
330 5280 701 5338 exacerbavit
751 5295 1049 5335 sermones
1097 5294 1253 5333 suos.
1289 5277 1581 5331 Convertit
1623 5294 1806 5347 aquas
1837 5294 1925 5333 eo-

264 5397 294 5423 ‹‹
337 5386 473 5427 rum
505 5368 565 5423 in
616 5368 986 5441 sanguinem,
1020 5372 1075 5422 et
1104 5364 1314 5421 occidit
1362 5364 1551 5436 pisces
1604 5381 1825 5420 eorum.
1861 5366 1927 5421 Et

259 5483 291 5513 α
330 5458 521 5515 edidit
550 5461 703 5512 terra
752 5472 950 5511 eorum
987 5472 1158 5509 ranas
1189 5453 1247 5507 in
1298 5450 1691 5524 penetralibus
1723 5470 1924 5527 regum

268 5571 300 5606 (ι
333 5549 625 5625 ipsorum.
659 5544 831 5617 Dixit,
865 5548 923 5601 et
969 5543 1129 5600 venit
1159 5539 1505 5617 coenomyia,
1538 5544 1589 5597 et
1634 5541 1837 5602 cinifes
1867 5544 1926 5601 in

604 5672 866 5737 PATROL.
912 5671 1175 5735 CXXXI.

2027 4572 2314 4644 cipiamus
2335 4589 2345 4627 :
2364 4576 2420 4626 et
2441 4588 2573 4626 eum
2598 4570 2912 4639 laudando,
2937 4571 3277 4629 invocemus
3299 4590 3510 4629 nomen
3532 4573 3681 4643 ejus.

2027 4660 2272 4716 Exaudit
2300 4677 2434 4716 eum
2483 4660 2873 4725 invocantem,
2907 4661 3005 4716 sed
3041 4678 3217 4733 quem
3250 4661 3405 4719 videt
3435 4662 3681 4719 laudan-

2026 4755 2166 4817 tem,
2200 4767 2374 4821 quem
2423 4752 2631 4821 probat
2678 4753 2993 4805 amantem.
3043 4752 3203 4816 Quod
3260 4752 3419 4823 dicit,
3452 4753 3685 4823 Conﬁte-
3780 4744 3785 4751 ’

2028 4840 2171 4892 mini
2197 4839 2447 4905 Domino,
2477 4843 2525 4893 et
2557 4840 2805 4893 invocat:
2849 4855 3049 4894 nomen
3090 4840 3212 4910 ejus
3243 4860 3261 4896 :
3302 4846 3358 4897 et
3406 4842 3684 4913 quoniam

2031 4928 2130 4997 qui
2184 4927 2376 4997 diligit
2425 4932 2624 4997 Deum,
2659 4927 2829 4982 debet
2872 4928 3114 5001 diligere
3164 4930 3522 5001 proximum,
3556 4928 3686 4984 ideo

2032 5014 2335 5086 subjungit
2360 5032 2372 5068 :
2408 5016 2745 5071 Annuntiale
2767 5020 2912 5071 inter
2935 5022 3118 5088 gentes
3138 5034 3301 5090 Opera
3332 5018 3449 5079 eius
3471 5035 3493 5079 ,·
3517 5017 3688 5089 quasi

2033 5104 2188 5158 dicat
2211 5121 2223 5157 ι
2249 5104 2341 5158 Sic
2368 5110 2557 5159 amate
2581 5104 2917 5172 Dominum,
2944 5112 3007 5161 ut
3022 5112 3077 5162 et
3095 5106 3303 5162 ametis
3330 5108 3685 5178 proximum.

2034 5193 2097 5247 In
2131 5192 2238 5247 hoc
2289 5191 2441 5247 enim
2476 5193 2721 5264 experiri
2776 5195 2958 5249 voluit
3003 5194 3287 5251 Dominus
3318 5213 3432 5267 quo
3479 5197 3688 5251 affectu

2036 5285 2331 5336 amaretur
2362 5298 2395 5335 a
2426 5297 2611 5347 servo,
2650 5298 2806 5347 cum,
2832 5282 3000 5339 Petro
3042 5284 3289 5355 dicente,
3326 5286 3396 5339 Tu
3424 5287 3552 5353 scis,
3584 5285 3689 5340 Do-

2034 5372 2208 5436 mine,
2240 5372 2369 5441 quia
2398 5386 2525 5424 amo
2552 5379 2620 5440 te,
2655 5370 2897 5426 dixisset
2925 5388 2937 5426 :
2971 5373 3138 5429 Pasce
3175 5390 3295 5430 oves
3319 5391 3471 5429 meas
3503 5374 3688 5445 (Joan.

2036 5460 2151 5531 xxx)
2186 5476 2197 5514 :
2232 5459 2387 5530 quod
2437 5458 2611 5514 etiam
2658 5458 2752 5514 hic
2784 5460 3070 5532 Propheta
3123 5463 3289 5519 docet
3343 5480 3477 5519 cum
3507 5463 3689 5519 dicit:

2041 5568 2070 5600 «
2090 5546 2444 5606 Annuntiate
2465 5547 2617 5605 inter
2637 5552 2840 5623 gentes
2852 5565 3027 5625 opera
3037 5551 3185 5627 ejus.
3202 5573 3230 5604 ››
3249 5552 3475 5612 Caritate
3496 5554 3551 5614 ei
3569 5565 3693 5626 ore.

3290 5684 3367 5753 22
