4024 6192
402 342 530 405 ⁴683

985 346 1284 408 REMIGII
1327 345 2073 408 ANTISSIODORENSIS
2119 346 2292 407 OPP.
2339 346 2541 408 PARS
2587 346 2637 407 Ι.
2669 378 2745 393 -—
2773 346 3235 410 EXEGETICA.

3682 345 3818 407 εει

413 482 465 530 et
480 474 704 544 psallite
722 476 775 530 ei
789 492 960 548 opere
982 493 995 532 :
1019 482 1446 534 narrateomnia
1474 478 1753 533 mirabilia
1775 480 1908 550 ejus,
1925 494 2052 549 qua
2083 479 2137 545 Α
2165 478 2478 533 vivendum
2504 479 2627 534 suis
2649 479 2967 552 proposuit.
2983 479 3177 536 Semen
3207 477 3481 535 Abraham
3498 479 3650 533 servi
3668 480 3818 550 ejus,

413 565 705 618 narranda
731 569 886 634 sunt,
920 582 987 621 ea
1010 571 1207 621 tamen
1241 568 1655 637 moderatione,
1680 583 1751 623 ne
1770 566 2058 639 spargatis

411 653 762 725 margaritas
794 658 925 709 ante
955 671 1181 726 porcos.
1203 657 1553 727 Laudamini,
1577 657 1634 711 id
1666 660 1774 723 est,
1802 655 2061 711 laudabi-

409 740 539 796 liter
558 742 737 797 vitam
767 740 1059 813 instruite,
1084 748 1140 799 et
1160 744 1267 799 hoc
1290 746 1513 800 nomine
1531 751 1719 800 sancto
1743 744 1859 814 ejus
1888 742 2059 816 glori-

2164 567 2275 636 ﬁlii
2302 567 2460 622 Iacob
2489 568 2644 622 electi
2688 569 2825 640 ejus.
2859 568 3209 639 Mementote
3262 566 3627 623 mirabilium
3660 568 3815 638 ejus.

2165 655 2235 709 Et
2265 671 2337 710 ne
2358 655 2507 725 quis,
2532 656 2669 728 quia
2690 655 2834 712 dixit
2852 656 3115 724 Abrahae,
3143 656 3313 713 vellet
3334 660 3565 712 tantum
3596 655 3819 711 intelli-

2166 760 2300 815 gere
2331 761 2429 801 eos
2461 746 2561 816 qui
2584 762 2651 801 ex
2679 762 2853 802 carne
2873 746 3119 801 Abrahm
3146 750 3283 802 sunt
3310 745 3640 818 propagati,
3673 744 3820 801 sub-

409 828 658 897 ﬁcando,
692 845 807 884 non
854 835 1046 886 vestro
1102 833 1357 888 nomine.
1395 838 1462 889 In
1512 832 1608 888 hoc
1655 833 1919 904 glorietur
1964 833 2060 902 qui
2158 833 2395 905 jungit:
2441 836 2559 904 Ipse
2595 835 2857 890 Dominus
2885 836 3022 891 Deus
3050 843 3251 901 noster,
3283 836 3345 889 in
3374 836 3641 890 universa
3670 842 3823 890 terra

406 916 696 988 gloriatur,
730 917 873 973 dicit
901 920 1208 988 Dominus,
1240 923 1380 977 scire
1408 926 1459 977 et
1494 937 1650 977 nosse
1675 938 1761 976 me
1792 921 1918 991 (Jer.
1954 922 2052 988 ιιι).

408 1009 753 1063 Laudamini
782 1010 837 1063 in
868 1011 1095 1065 nomine
1140 1014 1326 1067 sancto
1355 1012 1493 1082 ejus,
1525 1015 1591 1065 ut
1620 1015 1812 1065 vestro
1857 1025 1923 1065 ex
1954 1025 2054 1081 po-

409 1094 546 1167 pulo
579 1096 797 1152 laetetur
842 1114 939 1153 cor
987 1102 1351 1169 quaerentium
1392 1101 1711 1155 Dominum.
1763 1102 1877 1154 Vos
1908 1114 2054 1170 quae-

410 1186 516 1241 rite
583 1186 879 1242 Dominum
935 1188 993 1242 in
1061 1189 1438 1261 simplicitate
1494 1189 1708 1254 cordis,
1752 1191 1810 1243 et
1855 1188 2051 1258 conﬁr-

404 1276 671 1341 mamini,
731 1276 788 1330 id
846 1281 952 1343 est,
1016 1277 1363 1349 inquirendo
1419 1276 1587 1333 illum
1645 1277 1799 1331 ﬁrmi
1848 1280 2049 1331 estote.

409 1365 748 1429 Quaeramus
797 1381 933 1436 ergo
986 1383 1142 1431 eum,
1200 1371 1265 1421 ut
1313 1368 1625 1438 quaerendo
1683 1366 2051 1431 accedamus,

408 1453 735 1508 accedendo
766 1452 1188 1521 illuminemur,
1220 1455 1536 1510 illuminati
1559 1455 2005 1510 corroboremur
2040 1468 2053 1508 :

405 1539 827 1607 illuminemur,
861 1560 934 1598 ne
965 1560 1067 1615 per
1095 1545 1406 1599 caecitatem
1437 1545 1591 1616 quod
1623 1543 1938 1599 videndum
1970 1545 2059 1598 est

408 1648 525 1687 non
555 1631 976 1687 videamus.Ad
1001 1633 1111 1688 hoc
1141 1634 1692 1701 corroboremur,ne
1717 1636 1950 1704 propter
1968 1632 2057 1687 in-

409 1721 765 1790 ﬁrmitatem,
815 1723 969 1793 quod
1020 1722 1351 1779 faciendum
1402 1740 1528 1778 esse
1572 1722 1893 1777 viderimus
1942 1737 2057 1775 non

2153 921 2373 993 judicia
2401 923 2543 993 ejus.
2583 927 2799 979 Memor
2826 924 2937 994 fuit
2963 925 3268 979 testamenti
3293 925 3403 990 sui,
3433 922 3492 978 id
3540 926 3632 978 est
3663 922 3822 995 pacti

2166 1010 2278 1079 sui,
2298 1012 2359 1065 in
2381 1011 2642 1067 saeculum
2660 1010 2854 1066 saeculi
2873 1011 3222 1067 extendendi
3244 1029 3256 1066 :
3274 1026 3502 1067 memor
3518 1011 3823 1068 fuitetiam

2161 1099 2317 1154 verbi
2344 1100 2483 1171 quod
2530 1101 2813 1155 mandavit
2839 1099 3073 1156 extendi
3128 1102 3189 1155 in
3216 1100 3378 1157 mille
3414 1102 3822 1172 generationes.

2163 1188 2303 1243 Ecce
2325 1192 2563 1244 notatur
2587 1189 2726 1259 quia
2747 1206 2862 1244 non
2884 1189 3029 1244 dicit
3048 1188 3145 1245 hic
3164 1189 3236 1245 de
3258 1193 3543 1262 praecepto
3566 1189 3819 1245 camelis

2163 1276 2564 1345 observantiae,
2585 1293 2775 1349 neque
2796 1278 2866 1332 de
2884 1277 3105 1333 Judaeis
3120 1281 3351 1333 tantum
3368 1294 3503 1333 cum
3523 1277 3584 1333 in
3601 1278 3819 1350 populo

2163 1364 2262 1421 illo
2294 1383 2408 1421 non
2440 1370 2637 1422 essent
2667 1365 2825 1421 mille
2845 1365 3267 1438 generationes.
3304 1368 3460 1423 Mille
3492 1371 3697 1423 autem
3726 1384 3816 1439 ge-

2160 1457 2472 1511 nerationes
2494 1459 2699 1510 notant
2721 1454 2871 1522 illos,
2888 1454 2989 1526 qui
3013 1455 3347 1511 discedente
3368 1456 3751 1527 generatione
3766 1461 3821 1513 et

2165 1545 2530 1613 succedente,
2547 1548 2832 1615 praecepto
2864 1544 2998 1599 ﬁdei
3018 1544 3239 1609 vivunt,
3260 1558 3572 1616 quousque
3598 1561 3669 1623 ex
3695 1561 3820 1601 om-

2165 1634 2344 1690 nibus
2398 1632 2869 1705 generationibus
2921 1649 3038 1687 una
3093 1632 3388 1704 generatio
3451 1633 3819 1705 perﬁciatur.

2168 1722 2532 1777 Millenarius
2562 1725 2754 1777 autem
2778 1738 3063 1777 numerus
3093 1721 3234 1793 quia
3255 1722 3548 1794 perfectus
3574 1728 3689 1791 est,
3708 1740 3822 1780 non

407 1809 711 1866 faciamus.
747 1812 981 1879 Quserite
1026 1814 1230 1883 faciem
1257 1813 1375 1882 ejus
1426 1828 1653 1882 semper.
1702 1810 1899 1865 Facies
1929 1810 2057 1880 ejus
2089 1863 2133 1885 η
2165 1811 2482 1883 incongrue
2512 1826 2614 1881 per
2644 1809 2803 1866 mille
2825 1811 3229 1883 generationes
3260 1815 3495 1867 notatur
3520 1814 3824 1885 generatio

408 1898 614 1954 notitia
643 1906 732 1955 est
753 1900 940 1972 ipsius
965 1918 976 1954 :
1012 1918 1138 1972 quae
1163 1901 1213 1955 si
1244 1918 1476 1974 semper
1504 1901 1803 1971 quaeritur,
1822 1898 2058 1970 quando

409 1989 781 2044 invenietur?
811 2006 990 2061 quare
1039 2007 1368 2061 quaeramus
1399 2005 1533 2045 eum
1564 1986 1623 2044 in
1657 1989 1766 2044 hoc
1795 1994 2058 2059 tempore

410 2092 662 2150 semper,
685 2078 823 2133 utin
846 2078 1041 2133 futuro
1082 2079 1589 2134 inveniamus.Hic
1628 2077 1784 2132 enim
1815 2080 2060 2132 esttem-

411 2185 521 2238 pus
552 2166 868 2238 quaerendi,
903 2166 997 2221 hic
1027 2167 1376 2222 inveniendi.
1412 2167 1509 2222 llic
1537 2184 1668 2222 vere
1710 2169 1800 2221 est
1827 2162 2060 2236 t’empus

410 2256 728 2329 quaerendi,
761 2272 894 2311 cum
944 2256 1141 2329 etiam_
1166 2256 1477 2324 invenitur,
1513 2257 1703 2311 adhuc
1733 2253 2012 2327 quaeritur
2044 2270 2058 2310 :

414 2353 553 2427 quia
582 2351 717 2407 licet
745 2350 1017 2405 inventus
1070 2348 1149 2403 sit
1177 2364 1280 2419 per
1327 2348 1522 2409 ﬁdem,
1555 2351 1752 2401 tamen
1784 2343 2063 2416 qumritur

413 2460 513 2516 per
547 2457 730 2512 spem.
755 2440 1015 2495 Charitas
1038 2438 1196 2493 enim
1228 2436 1444 2492 invenit
1472 2452 1607 2491 cum
1647 2451 1748 2507 per
1778 2433 1975 2499 ﬁdem,
2006 2433 2064 2485 et

414 2530 621 2601 quaerit
641 2545 775 2584 eum
800 2545 902 2599 per
922 2544 1107 2598 spem,
1134 2526 1206 2581 ad
1239 2542 1413 2597 quam
1446 2540 1578 2579 cum
1603 2522 2060 2595 pervenerimus,

416 2618 563 2674 nihil
592 2621 682 2672 est
711 2617 865 2687 quod
891 2614 1044 2669 ultra
1066 2630 1400 2685 qumramus
1434 2631 1446 2667 :
1481 2612 1637 2682 quod
1661 2627 1764 2682 per
1783 2610 1958 2664 ﬁdcm
1981 2608 2063 2663 in-

414 2707 683 2762 veniatur
705 2705 1006 2771 Dominus,
1034 2702 1334 2773 Scriptura
1350 2704 1619 2764 testatur,
1643 2700 1843 2753 dicens
1868 2713 1881 2752 :
1912 2697 2067 2764 Qua.”-

414 2800 518 2854 rite
554 2798 864 2859 Dominum,
889 2797 945 2848 ct
973 2788 1458 2847 cuminveneritis
1488 2788 1831 2857 derelinquat
1862 2788 2067 2857 impius

415 2895 560 2948 viam
588 2903 768 2956 suam,
800 2891 850 2939 et
876 2884 963 2937 vir
992 2882 1218 2951 iniquus
1249 2879 1604 2948 cogitationes
1632 2892 1759 2931 suas
1790 2876 1917 2945 (Isa.
1951 2877 2061 2942 ιν).

416 2982 538 3038 Nisi
570 2983 765 3035 autem
788 2974 901 3029 ﬁde
934 2972 1225 3035 inventus,
1250 2967 1440 3023 adhuc
1465 2982 1566 3038 per
1595 2981 1759 3037 spem
1782 2979 2065 3035 quaerere-

417 3076 532 3137 tur,
567 3084 681 3123 non
729 3064 945 3119 diceret
990 3058 1206 3115 Paulus
1258 3076 1270 3112 :
1324 3056 1469 3123 Quod
1514 3070 1625 3110 non
1674 3053 1933 3118 videmus,
1972 3067 2069 3124 per

413 3157 749 3233 patientiam
794 3158 1169 3221 exspectamus
1217 3147 1388 3218 (Rom.
1441 3145 1564 3215 vm)
1616 3140 2065 3233 ziquodgetiam

2166 1898 2283 1965 illa,
2308 1898 2401 1953 cui
2433 1898 2576 1954 nihil
2602 1900 2764 1955 deest
2784 1901 2856 1955 ad
2882 1899 3317 1971 perfectionem.
3339 1901 3601 1956 Verbum
3624 1907 3824 1959 autem

2167 1988 2321 2059 quod
2349 1987 3028 2060 mandavit,praeceplum
3043 1988 3153 2049 fuit
3172 1989 3301 2045 fidei
3329 2007 3342 2045 :
3368 2006 3484 2062 quo
3504 1990 3823 2048 vivendum

2167 2080 2255 2131 est
2276 2076 2460 2146 justo,
2493 2077 2677 2132 donec
2707 2076 3115 2147 perveniamus
3145 2078 3217 2132 ad
3250 2094 3415 2150 spem
3446 2080 3605 2150 quod
3637 2080 3818 2136 dicit:

2173 2165 2328 2221 Verbi
2355 2165 2495 2235 quod
2544 2166 2823 2221 mandavit
2856 2184 2874 2220 :
2904 2166 3058 2221 verbi
3080 2166 3230 2233 dico,
3262 2166 3403 2238 quod
3451 2166 3727 2239 disposuit
3752 2170 3823 2226 ad

2169 2255 2464 2319 Abraham,
2520 2270 2654 2309 cum
2702 2253 2889 2309 dixit:
2925 2256 2987 2310 In
3032 2256 3241 2310 semine
3294 2259 3387 2311 tuo
3436 2255 3824 2314 benedicentur

2170 2358 2374 2398 omnes
2422 2342 2595 2397 tribus
2635 2345 2802 2397 terra:
2846 2341 2999 2411 (Gen.
3040 2345 3239 2415 xxvm)
3274 2360 3287 2398 :
3333 2353 3387 2399 et
3434 2360 3666 2401 memor
3713 2348 3824 2404 fuit

2170 2431 2505 2487 testamenti
2532 2432 2625 2485 sui
2652 2430 2722 2485 ad
2765 2432 2918 2486 Isaac
2948 2431 3103 2499 facti,
3135 2432 3207 2486 de
3252 2448 3370 2504 quo
3423 2433 3653 2490 dictum
3688 2444 3777 2492 est
3806 2452 3822 2492 :

2170 2521 2232 2575 In
2264 2522 2414 2575 Isaac
2459 2521 2739 2575 vocabitur
2765 2521 2867 2576 tibi
2912 2536 3095 2575 semen
3140 2521 3295 2592 (Gen.
3344 2523 3486 2593 xxx).
3517 2523 3592 2578 Et
3631 2527 3825 2581 statuit

2170 2608 2310 2663 illud
2360 2609 2601 2663 verbum
2649 2625 2827 2664 suum
2873 2608 3031 2665 Jacob
3078 2611 3140 2664 in
3185 2614 3523 2682 praeceptum
3571 2612 3729 2681 ﬁdei,
3762 2619 3828 2670 ut

2175 2701 2410 2769 pr0pter
2453 2702 2803 2769 praeceptum
2849 2698 2984 2754 ﬁdei
3034 2699 3104 2753 ad
3146 2704 3530 2756 testamentum
3557 2706 3827 2759 aeternum

2175 2785 2413 2855 veniret,
2430 2785 2486 2840 id
2522 2790 2611 2841 est
2641 2786 2701 2841 in
2720 2790 2996 2842 zeternam
3019 2787 3493 2859 promissionem.
3518 2789 3624 2846 Hic
3650 2793 3827 2848 etiam

2174 2877 2427 2944 notatur,
2453 2874 3021 2946 quiapromissiones
3042 2874 3267 2931 Domini
3295 2876 3461 2934 factae
3479 2877 3513 2933 J
3520 2880 3701 2937 udaais
3713 2899 3828 2938 non

2175 2966 2314 3019 sunt
2358 2962 2704 3034 accipiendae
2755 2965 2826 3020 de
2868 2963 3175 3037 temporali
3227 2981 3402 3038 regno
3449 2972 3507 3022 et
3552 2972 3830 3026 sacerdo-

2173 3051 2277 3117 tio,
2309 3050 2448 3122 quia
2493 3051 2812 3124 temporale
2860 3068 3105 3125 regnum
3154 3057 3212 3108 et
3260 3056 3652 3113 sacerdotium
3710 3076 3830 3116 non

2175 3139 2583 3196 aeternalitater
2623 3140 2973 3197 habuerunt.
3025 3140 3129 3198 Vel
3160 3143 3239 3198 sic
3272 3159 3285 3197 :
3316 3142 3518 3199 Statuit
3564 3146 3717 3202 illud
3762 3151 3830 3205 in

419 3226 672 3306 doannes
703 3247 884 3311 notat,
900 3239 1097 3295 dicens
1122 3253 1134 3291 ε
1158 3236 1292 3292 Cum
1311 3234 1628 3306 apparuerit
1648 3232 1705 3285 in
1728 3229 1915 3303 gloria
1936 3245 2063 3295 sua,
2098 3226 2140 3293 C
2179 3233 2555 3285 testamentum
2591 3237 2860 3287 aeternum
2892 3249 2909 3285 :
2942 3230 3082 3303 quia
3123 3248 3193 3287 ex
3218 3231 3334 3302 ipso
3375 3233 3550 3288 verbo
3581 3239 3644 3289 et
3672 3251 3831 3307 prm-

420 3336 732 3395 consimiles
783 3334 841 3388 ei
886 3331 1113 3399 erimus,
1161 3331 1218 3381 et
1267 3324 1566 3380 videbimus
1611 3338 1736 3377 eum
1780 3322 1946 3376 sicuti
1992 3328 2071 3376 est
2176 3323 2340 3391 cepto
2372 3317 2629 3392 impleto,
2663 3320 2910 3375 daturus
2939 3324 3063 3375 erat
3090 3320 3175 3375 eis
3207 3323 3624 3377 testamentum
3654 3340 3835 3381 man-

332 3474 339 3485 ,
422 3430 467 3497 (ι
506 3432 669 3484 Joan.
723 3421 826 3494 ιιι),
860 3420 919 3475 id
972 3423 1061 3474 est
1100 3416 1246 3489 facie
1288 3413 1357 3469 ad
1402 3414 1601 3485 faciem
1634 3430 1652 3466 :
1686 3409 1770 3466 vel
1824 3410 2069 3497 fortasse

421 3495 577 3589 quod
608 3514 767 3582 dicit,
802 3511 1038 3580 Quaerite
1080 3508 1280 3579 faciem
1308 3504 1425 3575 ejus
1471 3518 1703 3573 semper,
1745 3503 1937 3572 potest
1972 3495 2067 3554 in-

420 3606 604 3679 telligi
637 3606 707 3660 de
747 3603 941 3657 futuro
974 3615 986 3654 :
1022 3594 1254 3669 quiaibi
1283 3610 1382 3649 cor
1405 3591 1515 3647 erit
1543 3605 1776 3661 semper
1806 3603 2067 3679 quaeren-

420 3677 590 3763 tium,
623 3699 681 3751 et
724 3692 854 3747 ideo
899 3703 1131 3759 semper
1176 3681 1581 3755 quaerentium,
1633 3679 1770 3750 quia
1821 3677 2068 3749 perfecte

420 3783 766 3843 amantium.
801 3780 868 3835 Et
887 3778 997 3833 hoc
1027 3771 1247 3847 quare?
1264 3770 1408 3835 Quia
1428 3769 1572 3823 facie
1595 3768 1665 3822 ad
1690 3766 1893 3821 faciem
1924 3781 2067 3820 con-

418 3871 853 3941 templantium,
876 3871 933 3922 et
956 3865 1065 3920 hoc
1098 3862 1269 3917 modo
1301 3874 1531 3930 semper
1560 3859 1851 3928 queretur
1873 3853 2066 3909 Domi-

420 3979 552 4016 nus.
577 3959 722 4025 Quid
740 3957 896 4012 enim
910 3958 999 4010 est
1018 3952 1177 4009 aliud
1200 3965 1431 4020 semper
1452 3945 1765 4002 Dominum
1790 3958 2064 4014 quaerere,

420 4048 532 4105 nisi
564 4047 873 4119 quaerendo
887 4057 1189 4114 nunquam
1206 4038 1466 4095 lastidire
1487 4036 1514 4090 ?
1535 4035 1701 4090 illum
1725 4033 1878 4089 enim
1896 4032 2065 4104 quasi

420 4153 651 4209 semper
664 4133 1190 4207 queerimus,quem
1218 4143 1521 4199 nunquam
1544 4126 1887 4196 praesentem
1910 4122 2067 4176 fasti-

418 4228 513 4284 dio
531 4221 1152 4282 habemus.Mementote
1166 4216 1512 4271 mirabilium
1541 4215 1848 4285 ejus.Hucu
1848 4213 1872 4283 j
1881 4228 2067 4284 usque

418 4317 755 4374 exhortatus
777 4316 867 4368 est
880 4324 985 4364 nos
1000 4304 1379 4377 Propheta,ut
1402 4302 1711 4357 Dominum
1732 4300 2066 4367 laudemus,

417 4408 775 4468 invocemus,
808 4402 936 4471 ejus
967 4410 1141 4467 opera
1187 4390 1627 4448 annuntiemus.
1662 4390 1826 4445 Nunc
1868 4395 2065 4445 autem

419 4498 749 4569 sequuntur.
796 4485 1213 4563 promissiones
1257 4484 1481 4537 aeternae
1534 4478 1800 4551 patribus
1847 4477 2066 4534 nostris

2179 3424 2385 3464 surum
2443 3407 2502 3462 in
2559 3412 2861 3463 aeternum.
2919 3409 3112 3465 Dicens
3169 3427 3188 3464 :
3248 3410 3364 3465 Tibi
3415 3409 3555 3467 dabo
3618 3419 3835 3470 terram

2180 3498 2461 3564 Chanaan,
2500 3498 2817 3567 funiculum
2862 3497 3204 3553 hereditatis
3252 3502 3465 3565 vestrae,
3509 3500 3567 3556 id
3620 3507 3733 3569 est,
3764 3504 3830 3559 ad

2178 3586 2644 3642 distribuendam
2673 3585 2838 3641 vobis
2866 3585 2925 3641 in
2958 3586 3377 3644 hereditatem.
3408 3591 3535 3644 Hoc
3565 3591 3827 3661 promisit

2178 3674 2316 3745 illis,
2347 3690 2475 3730 cum
2503 3674 2695 3730 adhuc
2724 3679 2899 3730 essent
2926 3691 3156 3730 numero
3200 3677 3373 3743 brevi,
3406 3682 3465 3733 et
3512 3678 3662 3734 nihil
3693 3695 3825 3753 erga

2181 3765 2489 3819 Dominum
2538 3764 3003 3834 promeruissent
3028 3766 3355 3834 paucissimi
3382 3765 3560 3822 etiam
3589 3768 3821 3822 fuerunt

2176 3856 2490 3924 antequam
2522 3856 2716 3923 patres
2738 3851 2912 3924 primi
2935 3852 2993 3907 in
3010 3856 3246 3926 Egypto
3275 3854 3333 3909 in
3358 3855 3601 3926 posteris
3618 3859 3815 3911 essent

2176 3940 2601 4013 multiplicati:
2652 3945 2703 3996 et
2759 3941 2949 3996 incolae
3000 3943 3115 4013 ejus
3164 3946 3329 3998 terra:
3380 3944 3637 4009 fuerunt,
3682 3945 3817 4016 quia

2174 4029 2467 4085 Abraham
2496 4028 2735 4084 veniens
2756 4029 2826 4084 de
2858 4029 2935 4085 Ur
2956 4029 3380 4098 Chaldaeorum,
3413 4032 3616 4088 accola
3635 4033 3821 4088 fuitin

2176 4124 2326 4175 terra
2346 4118 2641 4175 Chanaan.
2668 4122 2737 4175 Et
2764 4120 3205 4190 pertransierunt
3223 4116 3290 4176 de
3323 4130 3486 4190 gente
3504 4123 3568 4176 in
3593 4132 3825 4193 gentem.

2175 4208 2338 4274 Quod
2369 4212 2561 4280 potest
2588 4207 2794 4279 accipi,
2828 4207 3106 4280 quoniam
3143 4209 3437 4265 Abraham
3469 4216 3719 4283 propter
3745 4212 3825 4267 in-

2176 4296 2555 4354 stabilitatem
2586 4301 2748 4353 terrae
2770 4296 3067 4365 Chanaan,
3092 4298 3394 4355 transtulit
3426 4316 3490 4355 se
3520 4299 3584 4354 in
3612 4305 3823 4356 terram

2174 4386 2439 4459 gentium
2471 4389 2833 4441 ceeterarum.
2867 4385 2936 4441 Et
2958 4386 3435 4459 {pertransierunt
3462 4387 3534 4444 de
3565 4405 3737 4461 regno
3765 4387 3826 4443 ad

2169 4476 2435 4546 populum
2464 4474 2699 4530 alterum
2727 4492 2745 4528 :
2779 4474 2916 4547 quia
2959 4475 3029 4531 de
3058 4481 3215 4531 terra
3260 4475 3534 4533 Chanaan
3565 4477 3629 4532 in
3660 4482 3829 4550 mgy-

419 4562 601 4651 factae,
633 4562 882 4654 quorum
917 4575 1018 4632 ﬁlii
1075 4589 1180 4629 nos
1211 4571 1494 4627 debemus
1524 4585 1652 4625 esse
1696 4567 1981 4622 imitando
2010 4569 2067 4622 et
2097 4585 2141 4650 Ι)
2172 4571 2337 4654 ptum
2369 4580 2430 4619 se
2460 4562 2907 4654 transtulerunt.
2932 4564 3213 4637 Superius
3236 4566 3490 4622 ostendit
3529 4566 3663 4639 ipse
3695 4582 3827 4640 ριιο-

421 4672 727 4746 sperando.
780 4667 1017 4736 Qua’rite
1063 4664 1264 4735 faciem
1308 4661 1421 4732 ejus
1466 4674 1694 4729 semper.
1748 4656 1807 4711 Si
1866 4660 2064 4711 autem

421 4760 671 4817 multum
703 4763 791 4815 est
812 4759 1097 4828 quantum
1122 4752 1192 4807 ad
1215 4767 1316 4805 vos
1346 4764 1480 4804 eum
1500 4750 1674 4819 prout
1694 4749 1783 4801 est
1805 4761 2062 4816 quaerere

418 4856 475 4907 et
502 4849 713 4915 videre,
747 4847 875 4917 ejus
906 4860 1081 4916 opera
1111 4839 1321 4897 saltem
1353 4834 1651 4901 attendite,
1676 4837 1733 4889 et
1755 4850 1857 4907 per
1887 4850 2062 4905 opera

417 4942 544 5013 ejus
574 4940 859 5010 quantum
893 4932 1155 5005 potestis,
1187 4926 1534 5001 cognoscite.
1568 4923 1698 4997 Ipse
1737 4924 1892 5013 enim
1925 4939 2059 5013 cum

416 5030 660 5085 dixisset
692 5043 704 5081 :
738 5025 849 5096 Ego
898 5038 1019 5077 sum
1049 5021 1146 5091 qui
1190 5036 1312 5073 sum
1342 5014 1530 5089 (Exod.
1565 5015 1671 5085 In),
1725 5012 1916 5069 sciens
1952 5012 2062 5067 hoc

418 5118 641 5175 nullius
673 5113 966 5170 intellectu
1004 5108 1131 5181 capi
1181 5124 1369 5180 posse,
1404 5102 1863 5176 contemperavit
1887 5101 2063 5157 verba

417 5227 524 5265 sua
556 5211 611 5263 et
641 5205 785 5261 dixit
812 5221 823 5258 :
854 5204 963 5271 Ego
992 5216 1113 5255 sum
1152 5199 1289 5252 Deus
1325 5194 1603 5250 Abraham
1633 5192 1833 5264 (ibid.),
1869 5196 1933 5246 ut
1961 5207 2063 5263 per

416 5302 712 5354 creaturas
736 5309 873 5349 suas
894 5285 1316 5359 intelligibilem
1332 5301 1393 5340 se
1419 5284 1601 5352 daret,
1618 5297 1752 5338 cum
1775 5281 1883 5336 hoc
1905 5280 2060 5352 quod

415 5392 504 5443 est
536 5383 753 5440 nemini
786 5377 1392 5453 pateret.Mementote
1423 5371 1779 5428 mirabilium
1800 5370 1927 5441 ejus
1944 5383 2065 5441 qua:

416 5478 569 5547 fecit,
620 5472 869 5545 prodigia
915 5471 1053 5541 ejus,
1086 5471 1139 5522 et
1178 5466 1401 5537 judicia
1447 5463 1556 5518 oris
1600 5462 1735 5533 ejus.
1779 5458 2064 5515 Mirabilia

420 5565 567 5635 ejus,
601 5561 828 5616 minora
858 5555 1140 5612 miracula
1160 5556 1285 5626 ejus
1310 5556 1447 5609 sunt
1467 5570 1480 5619 ;
1503 5550 1783 5624 prodigia,
1803 5548 2060 5620 majora:

385 5670 391 5677 ·
414 5652 630 5725 judicia
658 5649 770 5707 oris
816 5646 951 5721 ejus,
986 5642 1263 5701 mandata
1290 5640 1439 5713 ejus,
1470 5654 1599 5712 qua
1646 5637 1721 5695 ad
1751 5635 2066 5701 salubriter

2176 4652 2487 4708 missiones
2509 4655 2775 4719 aeternas,
2798 4651 2893 4708 hic
2914 4653 3071 4709 unde
3101 4654 3357 4710 ostendit
3376 4671 3488 4710 non
3511 4671 3650 4712 esse
3670 4657 3828 4712 dere-

2172 4740 2339 4796 lictos
2370 4740 2428 4795 in
2464 4740 2766 4812 temporali
2815 4742 3181 4798 necessitate.
3214 4744 3376 4808 Quod
3407 4743 3489 4799 ait
3519 4744 3594 4800 de
3626 4760 3822 4817 regno,

2171 4830 2433 4885 nondum
2456 4829 2517 4884 in
2533 4833 2688 4885 terra
2703 4828 2977 4886 Chanaan
2997 4847 3241 4903 regnum
3264 4832 3664 4889 constitutum
3685 4836 3821 4901 erat,

2171 4919 2272 4976 sed
2304 4934 2502 4974 semen
2534 4934 2737 4974 eorum
2765 4918 3220 4991 multiplicatum
3250 4919 3311 4976 in
3344 4920 3617 4994 )Egypto,
3640 4922 3725 4978 ibi
3744 4936 3824 4977 re-

2170 5013 2487 5081 gnaturum
2517 5011 2659 5063 erat.
2705 5008 3153 5064 Pertransierunt
3196 5008 3262 5063 de
3289 5013 3448 5080 gente
3477 5010 3543 5064 in
3587 5018 3820 5082 gentem.

2171 5098 2238 5153 Et
2268 5096 2377 5153 hoc
2410 5113 2524 5151 non
2554 5096 2793 5163 mirum,
2826 5096 2965 5167 quia
2990 5096 3275 5153 Dominus
3301 5113 3412 5154 non
3458 5099 3699 5171 reliquit
3726 5101 3820 5155 Ito-

2168 5188 2379 5242 minem
2423 5201 2614 5242 nocere
2643 5188 2743 5254 eis,
2775 5193 2826 5241 et
2869 5187 3142 5257 corripuit
3185 5202 3293 5258 pro
3320 5189 3399 5243 eis
3449 5182 3605 5257 reges
3635 5209 3656 5244 :
3689 5188 3823 5261 quia

2171 5292 2271 5331 rex
2319 5273 2691 5342 Gerarorum,
2723 5279 2780 5330 et
2826 5291 2923 5331 rex
2964 5274 3383 5348 Egyptiorum,
3417 5279 3652 5333 accensi
3701 5275 3822 5350 pul-

2172 5364 2504 5421 chritudine
2535 5363 2733 5419 uxoris
2780 5362 3044 5433 Abrahae,
3080 5363 3386 5422 voluerunt
3416 5382 3548 5423 eam
3582 5379 3821 5439 rapere;

2173 5455 2275 5511 sed
2324 5452 2608 5510 admoniti
2658 5453 2895 5509 fuerunt
2936 5452 3239 5522 divinitus,
3272 5470 3344 5510 ne
3391 5455 3514 5511 haec
3569 5456 3825 5511 facerent

2172 5542 2327 5615 (Gen.
2360 5558 2467 5609 xu,
2498 5542 2594 5613 xx)
2629 5560 2641 5597 :
2676 5540 2893 5613 quibus
2940 5540 3134 5597 verbis
3163 5542 3547 5615 corripuisset
3580 5558 3678 5597 eos
3706 5541 3824 5597 Do-

2172 5631 2372 5690 minus
2402 5647 2519 5691 non
2564 5629 2778 5719 legitur
2809 5645 2822 5689 :
2857 5633 3046 5707 potest
3073 5633 3271 5695 tamen
3321 5645 3451 5693 esse
3496 5631 3649 5713 quod
3683 5627 3823 5720 sing
