4024 6192
270 319 389 380 685

1387 315 1995 381 ENARRATIONES
2040 319 2118 380 IN
2168 321 2547 387 RSALMOS.

3545 323 3664 383 686

269 452 462 508 verbis
492 469 526 507 a
546 450 791 507 Domino
820 449 1150 507 ininteriori
1182 452 1541 507 suocorrecti
1573 456 1729 506 sunt.
1762 452 1911 506 Nota
1941 471 1994 536 Α
2025 452 2204 507 Cbam
2240 471 2272 507 a
2304 453 2420 509 ﬁlio
2452 455 2589 525 Noe,
2618 455 2798 510 Cbam
2846 455 3129 522 videlicet,
3163 454 3331 524 cujus
3390 453 3664 523 primitus

271 540 587 613 signiﬁcari
618 557 717 611 per
746 540 1060 595 transitum
1092 539 1250 595 illius
1282 540 1481 612 populi
1516 541 1586 595 de
1641 544 1810 612 gente
1842 539 1900 593 in

270 634 525 701 gentem,
557 633 612 683 et
640 628 711 683 de
743 645 918 701 regno
949 630 1019 683 ad
1043 629 1456 700 regnum,quia
1488 628 1686 684 ﬁdeles
1716 629 1912 683 Domi-

270 718 330 772 ni
361 718 432 772 de
467 733 644 787 regno
699 717 967 771 mutabili
1018 718 1089 772 ad
1123 733 1367 789 regnum
1427 717 1907 773 incommutabile

269 806 622 878 perducendi
655 810 811 860 sunt.
846 805 1134 876 Corripuit
1165 822 1266 876 pro
1298 806 1382 860 eis
1442 822 1626 877 reges,
1661 806 1859 860 dicens
1893 824 1905 860 :

268 894 454 949 Nolite
480 898 700 964 tangere
735 893 961 948 christos
1011 910 1173 960 meos,
1232 902 1283 947 et
1329 896 1387 947 in
1443 896 1715 963 prophetis
1771 896 1911 948 meis

268 984 440 1037 nolite
466 984 784 1053 malignari.
814 982 959 1036 Vide
1005 982 1158 1052 quod
1190 982 1330 1036 dicit
1389 982 1652 1050 Christus,
1685 999 1818 1036 cum
1851 982 1910 1036 in

270 1077 531 1142 tempore
561 1069 659 1125 illo
691 1069 890 1125 nullus
922 1070 1130 1125 fuisset
1158 1070 1433 1137 Christus,
1465 1069 1523 1123 id
1554 1076 1643 1125 est
1673 1074 1905 1125 unctus.

269 1160 375 1215 Sed
407 1159 686 1230 quoniam
705 1158 964 1213 futurum
990 1158 1253 1229 praevidit
1277 1157 1713 1229 Propheta,ideo
1736 1157 1906 1229 quasi

268 1263 522 1319 praesens
552 1246 937 1301 annuntiavit.
968 1245 1070 1300 Vel
1100 1250 1290 1317 potest
1318 1247 1624 1315 esse,quod
1659 1262 1724 1300 eo
1756 1250 1909 1300 tem-

268 1350 405 1406 pore
436 1333 638 1389 christi
669 1333 768 1404 qui
799 1332 1047 1389 latenter
1101 1334 1412 1388 Christiani
1472 1336 1726 1389 fuerunt.
1759 1334 1905 1388 Nam

268 1422 467 1478 nullus
496 1427 630 1477 ante
661 1421 956 1477 Christum
986 1422 1071 1477 vel
1095 1428 1227 1493 post
1254 1421 1549 1478 Christum
1572 1422 1907 1477 reconcilia-

266 1516 362 1566 tus
393 1515 481 1566 est
510 1511 647 1576 Deo,
682 1511 793 1566 nisi
823 1527 925 1581 per
954 1511 1152 1577 ﬁdem,
1185 1527 1363 1582 quam
1396 1528 1550 1566 nunc
1586 1514 1743 1565 tenet
1775 1510 1908 1564 uni-

264 1616 432 1656 versa
459 1604 633 1655 terra.
667 1600 733 1653 Et
764 1601 975 1655 vocavit
1003 1602 1205 1669 famem
1234 1616 1398 1671 super
1451 1603 1677 1654 terram.
1712 1599 1775 1653 In
1808 1616 1906 1654 su-

265 1688 612 1760 perioribus,
661 1688 979 1743 notiﬁcavit
1044 1689 1199 1743 bona
1268 1688 1632 1759 temporalia,
1694 1687 1909 1758 quibus

266 1776 548 1833 consolati
578 1782 717 1833 sunt
741 1782 936 1849 patres
969 1777 1171 1841 nostri,
1203 1775 1264 1831 in
1296 1776 1677 1847 sequentibus
1709 1781 1905 1830 autem

262 1870 670 1939 pr0ponuntur
700 1865 1070 1922 mala.Causa
1099 1882 1299 1921 eorum
1332 1864 1683 1921 afﬁictisunt
1711 1864 1909 1919 inimi-

264 1956 315 2010 ci
352 1973 366 2011 :
399 1956 554 2028 quod
580 1955 739 2023 dicit,
780 1956 991 2010 Vocavit
1026 1956 1231 2024 famem
1284 1970 1445 2026 super
1476 1962 1703 2009 terram.
1763 1953 1910 2007 Nota

270 2045 427 2115 quod
458 2044 617 2111 dicit,
652 2042 1089 2098 vocavit.Vocari
1121 2044 1278 2097 enim
1311 2060 1425 2098 non
1457 2041 1789 2110 solent,nisi
1816 2057 1907 2095 res

268 2133 559 2197 animatis,
591 2132 835 2202 spiritus
890 2131 1153 2186 videlicet
1184 2136 1240 2186 et
1296 2148 1537 2202 corpora
1584 2129 1905 2186 sensibilia.

264 2221 475 2275 Fames
504 2235 658 2287 vero,
687 2236 819 2274 cum
842 2220 919 2274 sit
952 2219 1235 2290 pernicies
1264 2236 1332 2275 ex
1369 2219 1563 2274 inedia
1593 2221 1907 2283 contracta,

262 2309 457 2363 vocari
490 2324 603 2363 non
636 2311 826 2379 potest
858 2326 870 2362 :
905 2324 1084 2378 quare
1119 2308 1403 2377 dicamus,
1440 2308 1654 2363 Vocavil
1683 2309 1903 2375 famem,

265 2396 327 2450 id
360 2400 467 2465 est,
504 2397 826 2468 principem
860 2396 1051 2463 famis,
1086 2396 1359 2468 angelum
1408 2395 1631 2451 scilicet
1663 2395 1907 2460 malum,

265 2500 373 2554 per
404 2500 580 2555 quem
613 2485 797 2539 fames
828 2485 1126 2540 inducitur
1155 2500 1332 2555 super
1360 2489 1573 2539 terram
1609 2510 1623 2550 ;
1660 2484 1744 2538 vel
1776 2483 1859 2538 sic
1896 2498 1907 2538 :

270 2573 487 2629 Vocavit
513 2575 717 2642 famem
750 2573 806 2626 id
842 2577 950 2638 est,
1010 2572 1282 2643 praecepit
1328 2589 1455 2628 esse
1488 2574 1700 2627 famem
1734 2588 1911 2642 super

262 2665 483 2716 terram
518 2677 530 2714 :
563 2668 614 2715 et
642 2676 802 2715 omne
829 2662 1242 2729 ﬁrmamentum
1262 2663 1424 2731 panis
1445 2661 1701 2715 contrivit
1721 2677 1738 2712 :
1773 2658 1911 2730 quia

263 2754 388 2804 tam
420 2765 668 2820 granum
702 2752 917 2816 satum,
951 2765 1128 2820 quam
1161 2766 1274 2803 non
1307 2753 1500 2804 satum
1536 2746 1910 2818 dissipavit;a

264 2854 389 2909 qua
417 2838 569 2893 fame
594 2842 659 2892 ut
679 2836 1022 2892 liberaretur
1052 2837 1303 2909 populus
1332 2837 1452 2904 ille,
1483 2839 1637 2893 Misit
1667 2844 1802 2891 ante
1822 2850 1909 2891 eos

258 2930 451 2982 virum
479 2944 497 2980 :
519 2928 581 2981 in
607 2943 823 2981 servum
852 2926 1197 2981 venundatus
1225 2936 1303 2981 est
1333 2926 1551 2997 Ioseph,
1586 2925 1744 2989 Quod
1780 2925 1907 2995 ipse

258 3016 637 3072 venundatus
666 3020 772 3082 est,
805 3032 873 3071 ex
903 3015 1285 3087 dispositione
1333 3014 1563 3070 Domini
1596 3014 1705 3068 fuit
1738 3030 1749 3067 :
1787 3030 1903 3067 non

260 3121 337 3161 ex
367 3109 650 3176 potestate
681 3103 1057 3175 fratrum,qui
1074 3109 1269 3159 tamen
1288 3104 1419 3159 odio
1442 3119 1548 3158 suo
1574 3102 1907 3158 satisfacere

260 3196 577 3267 putabant.
613 3194 1057 3248 Humiliaver-unt
1087 3196 1143 3247 in
1175 3193 1528 3263 compedibus
1556 3192 1733 3260 pedes.
1792 3190 1909 3244 Hoc
1940 3184 1982 3249 C

256 3283 407 3339 licet
434 3287 621 3338 taceat
650 3282 896 3337 historia
925 3298 1041 3336 non
1066 3286 1263 3335 tamen
1298 3282 1497 3334 minus
1553 3280 1909 3334 credendum

258 3376 382 3437 est,
413 3388 549 3426 cum
579 3372 688 3426 hoc
713 3371 967 3442 Spiritus
996 3374 1235 3424 sanctus
1258 3384 1360 3439 per
1389 3385 1454 3422 os
1487 3367 1781 3437 Prophetas
1814 3383 1913 3420 an-

256 3461 503 3518 nuntiat
533 3461 796 3515 futurum
832 3478 844 3527 ;
875 3458 1168 3529 ferrum,id
1196 3456 1625 3523 est,difﬁcultas
1647 3460 1704 3509 et
1725 3454 1910 3508 tribu-

258 3550 410 3607 latio
440 3550 633 3622 gravis
665 3550 933 3604 humanaa
982 3546 1249 3617 miserias,
1300 3548 1612 3616 pertransit
1663 3546 1913 3599 animam

256 3638 738 3711 ejus.Tribulatio
772 3654 874 3709 per
905 3637 1123 3691 ferrum
1144 3635 1322 3691 etiam
1351 3634 1487 3690 alibi
1515 3639 1910 3699 notatur,cum

258 3728 623 3784 beatissima;
653 3725 879 3797 Virgini
910 3725 1123 3780 dicitur
1154 3742 1165 3779 :
1204 3726 1267 3779 Et
1298 3729 1453 3779 tuam
1473 3725 1646 3796 ipsius
1665 3726 1913 3778 animum

249 3818 629 3889 pertransibit
658 3814 873 3884 gladius
906 3813 1056 3884 (Luc.
1089 3813 1347 3884 n).Nulla
1375 3813 1533 3867 enim
1564 3812 1754 3885 potuit
1784 3827 1912 3867 esse

260 3907 463 3977 major
488 3903 809 3969 tribulatio,
842 3920 1017 3974 quam
1050 3907 1113 3957 ut
1164 3906 1352 3958 mater
1382 3901 1567 3956 ﬁlium
1624 3901 1683 3956 in
1744 3917 1911 3956 cruce

260 3996 527 4069 pendere
582 3993 825 4059 videre;
878 3992 1032 4063 quod
1067 3992 1207 4047 dicit
1261 4008 1274 4043 :
1318 3993 1547 4045 Ferrum
1590 3992 1911 4061 pertransiit

259 4086 522 4138 animam
552 4081 877 4151 eius,donec
929 4082 1137 4134 veniret
1184 4078 1409 4132 verbum
1464 4078 1601 4147 ejus.
1656 4077 1911 4132 Verbum

258 4172 683 4241 videlicet,quo
714 4169 1126 4239 interpretatus
1144 4172 1232 4222 est
1260 4164 1554 4220 somnium
1568 4164 1910 4230 Pharaonis,

260 4260 433 4333 quod
466 4264 661 4314 tamen
686 4275 798 4313 non
820 4274 889 4312 ex
909 4274 971 4312 se
992 4255 1363 4326 habuit,quia
1380 4256 1658 4324 eloquium
1688 4256 1915 4310 Domini

256 4349 647 4417 inﬂammavit
675 4362 801 4401 eum
833 4363 845 4412 ;
872 4347 1040 4416 juxta
1069 4343 1212 4398 illud
1249 4362 1260 4398 :
1294 4346 1377 4397 An
1426 4345 1673 4413 quwritis
1699 4344 1913 4422 experi-

256 4440 520 4493 mentum
548 4437 701 4491 illius
729 4437 826 4506 qui
854 4436 914 4488 in
967 4450 1055 4487 me
1107 4432 1354 4503 loquitur
1394 4431 1641 4486 Christus
1667 4435 1685 4498 (
1715 4433 1764 4487 II
1789 4434 1911 4487 Cor.

1940 1827 1986 1891 B

2021 540 2128 594 fuit
2157 545 2310 595 terra
2338 542 2637 609 Chanaan,
2670 545 2739 598 de
2798 560 2913 616 quo
2972 561 3115 616 gens
3173 540 3469 613 [Egytiaca
3524 544 3663 593 nata

2020 634 2109 684 est
2141 646 2152 684 ε
2189 630 2281 683 cui
2314 630 2493 684 Cbam
2527 631 2825 687 maledixit
2880 634 3017 698 Noe,
3052 632 3405 704 prophetans
3464 629 3535 683 de
3594 644 3658 682 eo

2010 718 2173 786 'quod
2210 718 2442 772 futurus
2464 725 2619 773 esset
2640 738 2841 775 servus
2868 723 3112 776 fratrum
3132 736 3377 776 suorum
3400 719 3661 786 (Gen.1x).

2022 806 2090 859 Et
2120 806 2257 877 quid
2290 823 2391 877 per
2421 807 2530 861 hoc
2560 807 2738 862 voluit
2770 810 3040 881 intelligi,
3063 810 3173 865 nisi
3207 809 3362 881 quod
3393 808 3571 861 Cbam
3606 806 3663 860 in

2022 894 2269 965 posteris
2283 896 2405 950 suis
2426 895 2744 965 ejiciendus
2766 900 2971 953 eratde
2987 904 3140 953 terra
3159 899 3456 962 Chanaan,
3484 911 3662 967 quam

2021 985 2347 1053 possessuri
2380 988 2547 1039 erant
2572 986 2776 1039 fratres
2806 987 2999 1043 sui?Et
3027 990 3187 1042 ausit
3210 988 3477 1058 populum
3500 1001 3661 1038 suum

2020 1072 2377 1139 vehementer,
2408 1076 2457 1127 et
2487 1073 2727 1141 ﬁrmavit
2747 1091 2872 1129 eum
2900 1092 3064 1146 super
3094 1077 3345 1130 inimicos
3379 1077 3499 1142 eius
3530 1089 3659 1128 con-

2020 1163 2183 1215 vertit
2213 1177 2306 1215 cor
2330 1177 2518 1216 eorum
2547 1171 2606 1216 ut
2634 1162 2845 1217 adirent
2872 1166 3136 1234 populum
3174 1166 3331 1235 ejus:
3356 1180 3471 1217 non
3505 1162 3659 1233 quod

2020 1254 2221 1304 auctor
2249 1255 2403 1305 esset
2432 1250 2568 1317 odii,
2604 1251 2703 1305 sed
2736 1268 2870 1306 cum
2902 1269 3040 1307 suos
3071 1251 3366 1316 exaltaret,
3414 1250 3661 1322 Egyptii

2018 1338 2364 1408 invidentes,
2398 1339 2481 1393 eis
2515 1340 2573 1393 in
2606 1339 2802 1394 odium
2837 1340 3097 1395 conversi
3153 1344 3309 1395 sunt.
3343 1339 3487 1407 Misit
3515 1340 3661 1410 Moy-

2016 1442 2109 1481 sen
2139 1444 2358 1482 servum
2385 1443 2564 1498 suum,
2598 1434 2781 1484 Aaron
2812 1445 2970 1500 quem
3018 1430 3177 1499 elegit
3238 1431 3417 1499 ipsum
3472 1429 3662 1482 Posuit

2018 1517 2079 1569 in
2109 1517 2187 1570 eis
2221 1516 2377 1570 verba
2404 1519 2685 1587 signorum
2713 1533 2931 1571 suorum
2965 1536 2983 1571 :
3015 1534 3128 1571 non
3160 1521 3226 1571 ut
3258 1515 3548 1587 loquendo
3582 1515 3659 1569 si-

2018 1619 2134 1675 gna
2164 1605 2366 1659 ﬁerent
2387 1605 2485 1659 sed
2510 1606 2661 1660 sicut
2681 1606 2853 1660 verba
2874 1605 3210 1677 signiﬁcant
3231 1620 3321 1658 res
3349 1604 3417 1659 de
3444 1603 3660 1675 quibus

2020 1698 2221 1764 agunt,
2256 1693 2336 1747 ita
2367 1693 2517 1747 facta
2548 1694 2804 1760 illorum,
2838 1694 3084 1749 aliorum
3145 1695 3429 1748 factorum
3490 1692 3661 1763 signa

2018 1780 2257 1835 fuerunt
2289 1799 2301 1847 ;
2338 1782 2490 1851 quod
2525 1782 2664 1836 dicit
2696 1799 2708 1836 :
2742 1784 2931 1837 Posuit
2963 1782 3022 1836 in
3061 1784 3141 1836 eis
3170 1783 3337 1836 verba
3367 1782 3661 1850 signorum

2017 1884 2262 1937 suorum,
2295 1872 2348 1924 et
2374 1870 2755 1940 prodigiorum
2778 1873 2837 1924 in
2869 1874 3016 1924 terra
3049 1870 3235 1924 Cham.
3271 1870 3338 1924 Et
3363 1886 3493 1924 ecce
3525 1885 3657 1939 pro-

2019 1957 2177 2028 digia
2206 1962 2262 2012 et
2292 1958 2462 2029 signa
2496 1976 2508 2012 :
2543 1959 2682 2029 quia
2728 1961 2882 2013 misit
2938 1961 3186 2014 tenebras
3242 1962 3291 2012 et
3346 1959 3661 2013 obscuravit

2016 2062 2123 2101 non
2157 2049 2509 2101 exarcebavit
2536 2064 2804 2103 sermones
2832 2048 3043 2116 suos,id
3072 2052 3180 2113 est,
3199 2063 3313 2102 non
3340 2047 3664 2102 exareerba-

2017 2137 2097 2189 vit
2128 2135 2380 2189 reddidit
2410 2135 2734 2205 injunctam
2766 2135 2890 2190 suis
2923 2136 3292 2205 negationem
3329 2152 3341 2188 :
3376 2134 3529 2205 quod
3566 2134 3661 2187 ﬁe-

2020 2228 2126 2289 ret,
2158 2223 2206 2276 si
2239 2240 2354 2278 non
2387 2225 2600 2295 recepti
2631 2230 2828 2279 essent
2859 2224 2929 2277 ab
2961 2224 3053 2278 his
3086 2240 3201 2294 quo
3232 2222 3397 2277 missi
3432 2222 3663 2276 fuerant

2019 2310 2184 2366 Nunc
2232 2316 2426 2366 autem
2483 2311 2620 2381 quia
2674 2311 3010 2366 obedientes
3072 2310 3309 2365 fuerunt
3368 2310 3551 2381 Moysi
3608 2312 3665 2363 et

2020 2404 2211 2454 Aaron
2244 2398 2564 2465 ﬁliilsrael,
2598 2400 2725 2454 ideo
2785 2416 2899 2453 non
2958 2398 3318 2454 exacerbavit
3375 2397 3661 2452 Dominus

2020 2502 2317 2542 sermones
2350 2503 2488 2541 suos
2521 2503 2532 2539 :
2566 2489 2831 2541 convertit
2861 2503 3030 2557 aquas
3050 2501 3243 2540 eorum
3258 2487 3315 2540 in
3333 2486 3661 2554 sanguinem

2017 2585 2066 2629 et
2097 2575 2290 2629 occidit
2313 2576 2492 2645 pisces
2522 2590 2730 2642 eorum,
2763 2579 2816 2629 et
2861 2575 3021 2629 dedit
3048 2579 3262 2628 terram
3310 2589 3512 2628 eorum
3568 2589 3659 2627 ra-

2019 2663 2131 2733 nis,
2164 2664 2303 2733 quia
2333 2662 2475 2716 nihil
2504 2662 2694 2716 visum
2727 2667 2815 2717 est
2844 2663 2903 2716 in
2937 2668 3088 2716 terra
3135 2666 3343 2732 praeter
3372 2659 3661 2727 ranas;vel

2016 2751 2184 2807 edidit
2212 2754 2360 2806 terra
2387 2767 2577 2806 eorum
2607 2768 2795 2819 ranas,
2829 2752 2966 2822 quia
2997 2750 3253 2822 undique
3282 2754 3444 2804 tanta
3474 2750 3661 2803 abun-

2018 2841 2216 2895 dantia
2246 2855 2527 2895 ranarum
2558 2841 2685 2905 fuit,
2718 2857 2784 2895 ac
2816 2839 2865 2893 si
2897 2840 3157 2910 undique
3212 2855 3281 2893 ex
3334 2838 3463 2908 ipsa
3506 2842 3663 2891 terra

2016 2929 2181 2983 editas
2213 2933 2429 2997 essent;
2464 2931 2521 2982 in
2548 2930 2946 2999 penetralibus,
2970 2927 3029 2982 id
3060 2928 3233 2995 est,in
3268 2926 3660 2981 cubilibusre-

2016 3036 2147 3085 gum
2177 3020 2424 3089 ipsorum
2454 3017 2618 3073 editae
2652 3023 2792 3072 sunt
2822 3035 2993 3071 ranaz.
3027 3018 3198 3083 Dixit,
3232 3016 3287 3070 id
3325 3020 3432 3081 est,
3456 3030 3664 3086 praece-

2018 3106 2125 3176 pit,
2157 3110 2205 3160 et
2236 3109 2380 3162 venit
2400 3108 2713 3177 caenomyia
2743 3109 2793 3158 et
2831 3108 3027 3175 cinifes
3075 3107 3133 3159 in
3190 3106 3437 3160 omnibus
3462 3105 3664 3173 ﬁnibus

2022 3210 2231 3248 eorum.
2263 3195 2587 3265 Caenomya,
2633 3210 2834 3248 musca
2893 3194 3147 3259 canina;
3182 3193 3409 3256 cinifes,
3471 3193 3663 3246 minos

2021 3298 2243 3335 musca.
2280 3282 2466 3335 Posuit
2494 3284 2718 3350 pluvias
2748 3297 2937 3335 eorum
2966 3282 3320 3350 grandinem,
3379 3288 3429 3334 et
3484 3282 3667 3348 ignem

2020 3369 2417 3423 comburentem
2452 3370 2512 3422 in
2540 3374 2691 3423 terra
2725 3371 2986 3439 ipsorum.
3051 3373 3114 3423 Et
3166 3370 3433 3438 percussit
3482 3370 3667 3421 vineas

2021 3473 2212 3513 eorum
2238 3466 2289 3512 et
2319 3456 2578 3524 ﬁculneas
2606 3472 2815 3525 eorum,
2849 3466 2898 3512 et
2918 3459 3175 3511 contrivit
3207 3457 3423 3524 lignum
3467 3455 3667 3524 ﬁnium

2020 3562 2225 3603 eorum.
2258 3546 2438 3609 Dixit,
2470 3547 2693 3600 etvenit
2723 3546 2946 3611 locusta,
2984 3554 3035 3599 et
3064 3544 3322 3610 bruchus,
3354 3546 3509 3615 cujus
3554 3560 3665 3599 non

2020 3639 2137 3692 erat
2164 3650 2446 3689 numerus.
2474 3634 2685 3688 Eadem
2719 3632 2891 3704 plaga
2919 3637 3008 3687 est
3038 3634 3300 3688 bruchus
3332 3638 3387 3687 et
3416 3632 3661 3687 locusta:

2021 3724 2160 3795 quia
2189 3722 2415 3778 locusta
2441 3726 2528 3777 est
2558 3739 2788 3793 parens,
2823 3721 3082 3776 bruchus
3115 3726 3202 3776 est
3235 3722 3405 3775 fetus.
3432 3722 3497 3775 Et
3514 3736 3665 3774 com-

2019 3813 2137 3868 edit
2165 3828 2327 3867 omne
2353 3814 2543 3881 fenum
2574 3812 2631 3866 in
2664 3815 2807 3866 terra
2837 3814 3103 3875 eorum,et
3131 3809 3415 3864 commedit
3451 3823 3665 3863 omnem

2019 3905 2263 3973 fructum
2292 3909 2454 3957 terra:
2479 3916 2681 3955 eorum.
2712 3902 2775 3953 Et
2793 3901 3060 3969 percussit
3117 3914 3273 3953 omne
3315 3897 3663 3969 primogeni-

2022 4000 2136 4046 tum
2162 3994 2326 4046 terrw
2354 4005 2565 4053 eorum,
2588 3989 2868 4058 primitias
2898 3990 3075 4043 omnis
3126 3989 3331 4043 laboris
3363 4003 3572 4052 eorum,
3603 3985 3663 4040 id

2021 4079 2334 4149 est,omnia
2362 4075 2749 4147 primogenita
2772 4076 2827 4130 in
2851 4076 3065 4147 quibus
3088 4077 3416 4132 nutriendis
3438 4074 3663 4130 labora-

2021 4171 2245 4222 verunt.
2278 4166 2341 4219 Et
2369 4165 2558 4219 eduxit
2592 4180 2679 4219 eos
2737 4180 2864 4220 cum
2916 4170 3153 4237 argento
3211 4173 3261 4219 et
3315 4180 3493 4219 auro:
3525 4161 3666 4232 quia

2024 4253 2432 4325 unusquisque
2458 4258 2661 4307 mutuo
2695 4253 2914 4323 accepit
2944 4269 3078 4308 vasa
3104 4256 3376 4324 argentea
3406 4254 3461 4304 et
3490 4264 3668 4303 aurea

2022 4342 2209 4397 vicino
2240 4358 2367 4404 suo,
2403 4341 2568 4410 quasi
2601 4340 2737 4395 ituri
2772 4344 2967 4396 essent
2988 4339 3045 4393 in
3066 4327 3362 4393 desertum
3388 4338 3459 4391 ad
3491 4333 3668 4389 sacri-

2024 4431 2319 4487 ﬁcandum
2349 4434 2461 4483 Deo
2484 4434 2540 4483 et
2567 4428 2851 4484 reversuri
2885 4432 2948 4481 ut
2978 4444 3117 4482 vasa
3173 4426 3495 4480 redderent.
3557 4426 3672 4475 Au-

253 4526 403 4593 xui)
433 4525 460 4579 ‘2
488 4525 630 4579 Misit
659 4539 782 4592 rex,
815 4526 867 4578 et
885 4523 1046 4577 solvit
1075 4537 1197 4576 eum
1230 4539 1248 4575 :
1272 4526 1528 4592 princeps
1564 4521 1911 4591 populorum,
1947 4546 1992 4609 D
2028 4536 2155 4574 rum
2188 4523 2245 4572 et
2273 4522 2582 4587 argentum
2616 4517 2685 4569 ab
2718 4515 3036 4569 bomnibus
3069 4513 3289 4584 iniquis
3321 4512 3671 4582 acceperunt

252 4623 319 4671 et
340 4613 552 4667 dimisit
581 4629 705 4669 eum
735 4630 752 4665 :
776 4615 832 4666 et
887 4612 1173 4666 constituit
1200 4626 1323 4664 eum
1380 4609 1667 4663 dominum
1723 4609 1916 4664 domus

252 4717 416 4771 sum,
449 4712 505 4757 et
521 4702 833 4773 principem
865 4702 1042 4754 omnis
1058 4699 1411 4770 possessionis
1440 4699 1645 4753 suaz.Ut
1673 4700 1918 4753 erudiret

250 4792 555 4864 principes
583 4792 700 4861 ejus
730 4790 873 4842 sicut
903 4790 1269 4857 semetipsum,
1304 4786 1363 4839 id
1422 4791 1529 4851 est,
1592 4790 1776 4840 semet
1805 4787 1916 4841 sci-

253 4879 360 4935 vit
391 4878 612 4934 scilicet
642 4877 939 4933 eruditum
974 4894 987 4932 :
1018 4881 1069 4931 et
1096 4892 1247 4931 senes
1279 4877 1391 4947 ejus
1444 4874 1799 4945 prudentiam
1828 4874 1920 4929 do-

254 4972 448 5025 ceret.
482 4967 611 5022 Haec
640 4970 792 5021 tacet
819 4964 1084 5034 historia,
1117 4965 1268 5020 sicut
1309 4969 1366 5018 et
1396 4962 1537 5017 illud
1571 4963 1724 5033 quod
1757 4962 1919 5032 prius

259 5057 505 5113 dictum
535 5059 622 5110 est
651 5055 721 5109 de
752 5053 1153 5124 compedibus.
1204 5053 1342 5107 Inde
1398 5051 1752 5105 credendum
1811 5055 1918 5118 est,

261 5143 425 5218 quia
452 5144 642 5216 potuit
670 5159 799 5199 esse
830 5147 893 5197 ut
924 5159 1040 5197 non
1074 5147 1303 5197 tantum
1337 5139 1618 5212 IEgyptiis
1676 5140 1732 5194 in
1773 5144 1919 5194 tem-

257 5249 423 5307 pore
457 5233 628 5288 famis
686 5232 947 5304 providet
1004 5232 1105 5286 sed
1165 5231 1339 5285 etiam
1397 5229 1643 5284 interius
1701 5245 1800 5283 eos
1852 5228 1922 5283 de

252 5322 592 5396 prudentia
622 5322 870 5377 doceret.
904 5324 970 5375 Et
1006 5321 1236 5375 intravit
1262 5318 1429 5372 Israel
1485 5319 1545 5370 in
1599 5318 1918 5389 Ai'gyptum,

251 5421 320 5469 et
351 5411 516 5466 Iacob
550 5413 732 5467 accola
757 5412 868 5482 [uit
894 5412 956 5465 in
985 5415 1131 5465 terra
1161 5408 1346 5462 Cham.
1386 5407 1529 5461 Ecce
1564 5407 1717 5477 quod
1752 5422 1922 5477 supe-

252 5502 408 5557 rius
441 5500 659 5554 dictum
695 5504 801 5565 est,
836 5500 1292 5554 Pertransierunt
1321 5494 1385 5549 de
1413 5497 1575 5562 gente
1624 5497 1684 5548 in
1715 5499 1927 5566 gentem

253 5591 462 5653 Terra
490 5587 670 5647 Cbam
699 5589 856 5647 idem
886 5593 977 5649 est
1004 5587 1157 5661 quod
1215 5586 1493 5659 Egyptus
1528 5598 1540 5640 :
1574 5586 1631 5641 et
1686 5587 1928 5643 vocatur

2031 4608 2168 4679 quia
2199 4622 2420 4660 merces
2440 4620 2640 4659 eorum
2659 4619 2761 4674 pro
2792 4602 2990 4656 labore
3021 4618 3126 4655 suo
3157 4617 3284 4656 esse
3303 4598 3669 4670 debuit,quia

2028 4696 2159 4770 plus
2189 4694 2506 4750 laborando
2538 4690 2937 4747 deservierunt
2960 4706 3135 4760 quam
3162 4690 3246 4744 eis
3276 4687 3667 4744 abstulerunt.

2026 4788 2141 4843 Nec
2172 4786 2230 4839 in
2262 4800 2327 4839 eo
2359 4787 2553 4837 tamen
2584 4781 2735 4851 quod
2770 4777 3066 4850 Egyptios
3096 4778 3518 4849 deceperunt,a
3550 4775 3673 4847 qui-

2028 4878 2139 4931 bus
2170 4872 2282 4928 sibi
2314 4875 2621 4942 argentum
2680 4872 2737 4922 et
2793 4884 3003 4921 aurum
3062 4868 3424 4923 accomodari
3486 4864 3665 4935 petie-

2030 4968 2184 5027 runt,
2218 4959 2515 5032 putandus
2546 4960 2637 5011 est
2666 4955 2819 5010 Deus
2878 4955 3217 5026 hujusmodi
3262 4954 3425 5009 dolos
3454 4952 3538 5007 eis
3570 4951 3670 5021 qui

2032 5066 2268 5107 sursum
2300 5047 2518 5100 habent
2550 5044 2725 5099 corda
2753 5042 2839 5097 vel
2862 5045 3090 5114 jubere,
3112 5043 3199 5098 vel
3237 5043 3283 5097 si
3319 5039 3556 5095 fecerint
3578 5055 3672 5109 ap-

2033 5139 2296 5213 probare.
2332 5133 2517 5205 Magis
2546 5132 2699 5187 enim
2732 5147 2834 5202 per
2865 5132 2991 5203 ipsa
3022 5132 3120 5186 Dei
3164 5130 3338 5184 verba
3369 5128 3569 5198 utique
3599 5126 3671 5181 ab

2034 5229 2133 5284 illo
2166 5226 2263 5297 qui
2293 5240 2391 5279 cor
2420 5238 2620 5276 eorum
2652 5219 2902 5285 videbat,
2936 5224 2993 5274 et
3015 5219 3361 5290 cupiditates
3383 5214 3674 5271 examina-

2034 5319 2136 5373 bat
2166 5311 2471 5369 Dominus.
2507 5308 2667 5375 Quod
2700 5307 2876 5362 dicit:
2914 5308 2976 5362 Et
2993 5307 3179 5362 eduxit
3210 5322 3296 5361 eos
3326 5322 3446 5360 cum
3474 5319 3669 5373 argen-

2036 5416 2086 5462 to
2114 5409 2165 5460 et
2194 5416 2329 5457 auro
2360 5417 2377 5453 :
2408 5407 2457 5451 et
2486 5413 2597 5451 non
2625 5398 2741 5450 erat
2773 5398 2832 5448 in
2863 5396 3113 5449 tribubus
3143 5411 3335 5449 eorum
3393 5394 3675 5462 inﬁrmus,

2036 5491 2307 5566 superius
2340 5484 2816 5543 commemoravit
2846 5483 3044 5555 plagas
3069 5501 3215 5555 quas
3247 5481 3447 5536 intulit
3476 5479 3673 5534 inimi-

2035 5586 2299 5659 cis,nunc
2330 5574 2612 5635 beneﬁcia
2640 5576 3060 5630 commemorat
3091 5589 3217 5649 quae
3240 5568 3493 5636 contulit
3524 5567 3676 5649 θαλίη,
