4024 6192
395 338 511 400 687

963 345 1265 407 REMIGII
1307 345 2058 409 ANTISSIODORENSIS
2101 346 2275 409 OPP.
2322 347 2517 410 PARS
2561 346 2612 408 Ι.
2644 378 2723 394 -
2750 341 3230 417 EXEGETICA.,

395 469 481 524 eis
516 487 528 526 :
563 487 679 527 non
700 475 896 530 tamen
927 466 1129 532 eodem
1162 478 1365 533 ordine
1386 482 1628 533 narratae
1659 484 1797 534 sunt
1817 479 1911 534 hic
1937 478 2032 550 pla
2060 480 2117 546 Α
2147 500 2177 530 ‹‹
2206 483 2263 536 et
2292 478 2453 534 misit
2482 479 2847 535 saturitatem
2879 479 2937 533 in
2961 477 3187 533 animas
3217 469 3794 531 eorum.Etirritave-

395 573 500 629 gae,
535 577 648 631 quo
679 568 924 619 narratis
952 569 1090 620 sunt
1120 565 1177 619 in
1211 566 1472 621 historia:
1507 568 1642 638 quia
1670 567 1927 623 laudatio
1951 572 2039 623 est

396 646 581 703 libera
612 666 645 703 a
669 649 795 722 lege
827 653 1117 708 narrantis
1140 660 1195 709 et
1224 654 1529 710 historiam
1555 657 2038 713 texentis.La?tala

395 744 475 792 est
494 740 764 810 {Egyptus
802 742 861 795 in
915 745 1247 809 profectione
1302 760 1508 811 eorum,
1568 763 1684 801 non
1743 745 1801 799 in
1846 745 2039 817 prima

394 828 771 897 protectione,
805 832 1036 900 quando
1068 832 1138 887 ab
1181 838 1419 905 ngypto
1448 835 1605 888 ducti
1655 839 1812 905 sunt,
1846 835 1946 889 sed
1976 833 2036 888 in

398 916 753 984 profectione
778 917 879 973 illa
910 936 1086 991 quam
1120 921 1381 977 fecerunt
1404 927 1721 994 postquam
1744 939 1904 979 mare
1926 923 2037 978 Ru-

397 1001 567 1057 brum
597 1006 959 1063 transierunt
992 1027 1005 1076 ;
1039 1014 1094 1064 et
1124 1025 1305 1080 quare
1338 1014 1480 1066 tunc
1534 1010 1728 1066 laetata
1759 1016 1848 1067 est
1874 1012 2038 1084 [Egy-

397 1095 535 1162 ptus
563 1093 591 1147 ?
622 1095 761 1161 Quia
782 1097 1035 1153 incubuit
1062 1100 1226 1154 timor
1255 1115 1445 1154 eorum
1472 1116 1637 1171 super
1664 1115 1773 1156 eos.
1799 1100 2037 1154 Timue-

399 1185 538 1235 runt
565 1181 745 1250 enim,
778 1182 894 1240 illis
925 1187 1250 1243 submersis
1276 1187 1378 1259 qui
1400 1187 1651 1244 insecuti
1672 1192 1811 1248 sunt
1839 1204 2039 1254 eos,ne

398 1273 824 1326 reverterentur
852 1277 915 1328 ut
944 1274 1337 1331 interﬁcerent
1366 1277 1828 1348 Egyptiosquia
1866 1275 2038 1348 pauci

399 1362 564 1413 erant
596 1359 665 1414 de
695 1361 999 1433 rEgyptiis,
1032 1365 1133 1435 qui
1161 1365 1315 1420 domi
1357 1366 1466 1420 vivi
1500 1367 2039 1421 remanserunLEx-

394 1449 590 1517 pandit
618 1449 823 1504 nubem
867 1453 928 1505 in
970 1456 1360 1523 protectionem
1407 1470 1614 1517 eorum,
1663 1462 1714 1509 et
1759 1456 1941 1525 ignem
1980 1457 2039 1508 ut

402 1536 602 1591 luceret
630 1540 709 1592 eis
726 1554 824 1608 per
850 1550 1079 1596 noctem.
1114 1544 1423 1609 Petierunt,
1478 1548 1528 1597 et
1558 1545 1727 1615 .venit
1753 1545 2035 1614 coturnix,

397 1632 449 1679 et
474 1642 616 1696 pane
643 1629 769 1682 cali
787 1632 1057 1684 saturavit
1090 1647 1194 1687 eos.
1227 1634 1377 1687 Pane
1399 1633 1519 1686 caeli
1547 1631 1675 1687 ideo
1710 1632 1867 1693 dicit.
1901 1631 2040 1703 quia

399 1729 617 1770 manna
638 1717 790 1787 quod
814 1720 1191 1773 comederunt
1214 1720 1402 1775 Judaei
1435 1720 1804 1791 signiﬁcabat
1828 1736 2038 1792 panem

398 1800 565 1856 illum
595 1820 797 1860 verum
831 1808 931 1877 qui
963 1809 1033 1863 de
1063 1809 1203 1863 coelo
1256 1810 1577 1877 descendit,
1622 1826 1690 1863 ex
1729 1826 1844 1881 quo
1890 1824 2039 1880 pane

398 1907 601 1947 omnes
632 1893 992 1962 reﬁciuntur,
1022 1900 1078 1951 et
1104 1898 1231 1953 sine
1272 1914 1385 1968 quo
1433 1898 1634 1952 nullus
1690 1914 1817 1953 esse
1848 1900 2042 1969 potest

398 1980 579 2051 (Joan.
611 1983 712 2053 Vi),
744 1983 825 2038 De
860 2001 974 2054 quo
1034 2002 1184 2055 pane
1245 1986 1458 2040 dicitur
1489 2003 1501 2040 :
1533 1988 1739 2040 Panem
1794 1994 2041 2041 nostrum

397 2069 781 2140 quotidianum
808 2072 884 2126 da
907 2074 1063 2128 nobis
1094 2074 1250 2129 hodie
1305 2075 1455 2144 (Luc.
1511 2078 1614 2143 x1).
1673 2076 1891 2141 Dira/lit
1945 2090 2083 2145 pe--

399 2165 562 2229 tram,
583 2162 635 2213 et
662 2160 945 2227 ﬂuxerunt
974 2176 1136 2232 aqum
1166 2180 1184 2216 :
1215 2163 1475 2218 abierunt
1501 2165 1561 2217 in
1607 2165 1746 2217 sicco
1784 2164 2037 2232 ﬂumina.

400 2245 467 2301 Et
496 2246 604 2303 hoc
634 2248 763 2303 ideo
799 2265 811 2304 :
846 2250 1117 2317 Quoniam
1140 2268 1348 2307 memor
1375 2254 1485 2321 fuit
1538 2252 1695 2307 verbi
1722 2253 1900 2307 sancti
1931 2253 2038 2318 sui,

397 2336 540 2408 quod
571 2337 762 2392 habuit
790 2338 860 2392 ad
888 2341 1164 2396 Abraham
1189 2358 1425 2413 puerum
1452 2357 1634 2406 suum,
1696 2340 1790 2395 cui
1848 2340 1991 2395 dixit
2020 2357 2037 2395 :

398 2425 463 2478 In
491 2427 697 2480 semine
728 2434 816 2480 tao
851 2430 1235 2485 benedicentur
1264 2446 1467 2485 omnes
1501 2431 1677 2484 tribus
1705 2430 2038 2500 terrae(Gen.

2150 591 2177 619 «
2210 572 2348 623 runt
2377 568 2610 640 Moysen
2635 568 2694 624 in
2724 568 2953 634 castris,
2985 569 3175 622 Aaron
3232 566 3501 619 sanctum
3530 560 3792 617 Domini.

2149 678 2176 706 «
2211 660 2428 727 Aperta
2458 660 2548 711 est
2574 660 2750 723 terra,
2783 659 2839 711 et
2868 654 3175 726 deglutivit
3203 651 3446 718 Dathan,
3479 653 3539 705 et
3555 649 3800 721 cperuit

2159 764 2187 794 ‹‹
2216 760 2393 816 super
2422 744 2926 817 congregationem
2952 741 3264 798 Abiron.Et
3292 739 3509 795 exarsit
3532 738 3692 810 ignis
3723 737 3789 792 in

2149 855 2177 883 «
2208 848 2506 905 synagoga
2535 848 2757 897 eorum,
2792 832 3034 887 ﬂamma
3060 829 3388 886 combussit
3429 832 3793 900 peccatores.

2149 944 2178 972 ‹‹
2208 922 2469 976 fecerunt
2487 919 2735 975 vitulum
2758 921 2817 975 in
2833 919 3106 983 Horeb,et
3120 914 3796 987 adoraveruntsculptile

2148 1032 2178 1059 ‹‹
2213 1011 2280 1065 Et
2310 1006 2939 1081 mutaveruntgloriam
2968 1023 3139 1063 suam
3160 1006 3221 1061 in
3240 1004 3697 1062 similitudinem
3716 1006 3795 1061 vi-

2148 1121 2174 1147 ‹‹
2199 1097 2306 1153 tuli
2336 1097 2695 1153 comedentis
2727 1094 3131 1151 fenum.0bliti
3163 1098 3304 1151 sunt
3333 1098 3518 1149 Deum
3547 1094 3653 1165 qui
3676 1094 3793 1150 sal-

2149 1212 2176 1237 ‹‹
2210 1186 2361 1253 vavit
2390 1202 2510 1252 eos,
2544 1185 2642 1257 qui
2675 1183 2811 1241 fecit
2831 1183 3195 1256 magnaliain
3225 1182 3792 1255 Egypto,mirabilia

2153 1300 2173 1325 σι
2210 1276 2267 1331 in
2300 1280 2456 1331 terra
2484 1274 2690 1341 Cham,
2721 1270 3006 1328 terribilia
3027 1272 3087 1326 in
3118 1271 3266 1327 mari
3296 1273 3514 1326 Rubro.
3547 1271 3622 1327 Et
3648 1271 3795 1328 dixit

2152 1387 2179 1415 ‹‹
2212 1368 2278 1419 ut
2307 1362 2670 1434 disperderet
2692 1361 2868 1428 eos,si
2901 1377 3016 1415 non
3047 1359 3506 1432 Moyseselectus
3526 1356 3795 1428 ejus'ste-

2152 1476 2180 1504 ‹‹
2212 1453 2384 1508 tisset
2410 1452 2472 1506 in
2495 1450 2962 1506 confractionein
2996 1453 3311 1520 conspectu
3343 1449 3492 1518 ejus.
3527 1448 3605 1503 Ut
3637 1464 3794 1505 aver-

2151 1565 2179 1592 «
2211 1545 2360 1596 teret
2387 1540 2535 1595 iram
2557 1540 2685 1610 ejus
2714 1555 2787 1593 ne
2827 1537 3184 1609 disperderet
3233 1554 3353 1602 eos,
3384 1541 3444 1592 et
3472 1553 3580 1608 pro
3610 1537 3794 1594 nihilo

2156 1652 2177 1679 α
2212 1629 2546 1685 habuerunt
2572 1631 2787 1683 terram
2806 1625 3401 1682 desiderabilem.Non
3416 1626 3795 1682 crediderunt

2153 1741 2181 1769 ‹‹
2215 1718 2386 1773 verbo
2404 1718 2615 1788 ejus,et
2633 1732 3072 1771 murmuraveru
3082 1714 3214 1769 utin
3233 1714 3632 1770 tabernaculis
3647 1718 3793 1772 suis:

2159 1826 2182 1855 σι
2213 1824 2328 1862 non
2361 1806 2744 1862 exaudierunt
2770 1821 2969 1860 vocem
3001 1803 3255 1859 Domini.
3286 1804 3356 1858 Et
3383 1802 3633 1859 elevavit
3662 1821 3793 1861 ma-

2155 1919 2177 1946 ι
2211 1913 2353 1951 num
2387 1912 2553 1951 suam
2585 1911 2764 1967 super
2786 1911 2905 1960 eos,
2939 1897 3004 1949 ut
3042 1897 3432 1965 prosterneret
3460 1909 3563 1949 eos
3596 1893 3655 1948 in
3690 1896 3801 1950 de-

2153 2006 2182 2035 ‹‹
2212 1985 2459 2041 serto.Et
2488 1988 2555 2039 ut
2587 1983 3078 2055 dejiceretsemen
3103 1998 3303 2038 eorum
3334 1981 3393 2037 in
3424 1983 3792 2051 nationibus,

2149 2097 2178 2123 «
2202 2078 2259 2130 et
2286 2073 2645 2145 dispergeret
2671 2088 2769 2127 eos
2800 2071 2859 2126 in
2887 2069 3243 2143 regionibus.
3278 2071 3345 2126 Et
3399 2070 3623 2126 initiati
3652 2077 3792 2128 sunt

2157 2183 2184 2215 α
2214 2154 2651 2233 Beelphegor,et
2680 2159 3059 2216 comederunt
3083 2158 3368 2215 sacrificia
3397 2163 3789 2217 mortuorum.

2150 2274 2179 2301 «
2213 2251 2276 2305 Ei
2306 2249 2681 2304 irritaverunt
2709 2263 2843 2303 eum
2902 2246 2964 2302 in
3010 2247 3522 2303 adinventionibus
3581 2250 3712 2306 suis
3738 2254 3793 2306 et

2150 2362 2178 2389 ‹‹
2211 2337 2599 2409 multiplicata
2628 2339 2714 2392 est
2744 2336 2802 2390 in
2836 2335 2920 2391 eis
2951 2335 3138 2391 ruina.
3169 2336 3240 2391 Et
3269 2337 3428 2392 stetit
3457 2336 3711 2395 Phineas
3736 2344 3792 2396 et

2151 2451 2180 2478 ‹‹
2213 2427 2478 2500 placavit,
2509 2430 2566 2481 et
2595 2424 2840 2480 cessavit
2867 2424 3186 2496 quassatio.
3218 2425 3285 2479 Et
3339 2430 3679 2498 reputatum
3708 2432 3791 2485 est

398 2513 557 2582 χχιι).
591 2514 657 2566 Et
675 2515 873 2568 eduxit
925 2519 1185 2586 populum
1243 2535 1403 2572 suum
1458 2519 1519 2571 in
1575 2518 1952 2590 exsultatione,
1994 2525 2047 2574 et
2154 2537 2179 2567 α
2212 2517 2261 2573 ei
2284 2516 2343 2571 in
2366 2514 2683 2587 justitiam,
2712 2512 2772 2567 in
2804 2514 3238 2586 generationem
3270 2517 3326 2569 et
3353 2516 3787 2584 generationem

397 2599 593 2654 electos
621 2616 745 2655 suos
776 2603 835 2655 in
866 2603 1081 2658 laetitia.
1109 2607 1172 2659 Et
1196 2606 1345 2660 dedit
1374 2607 1490 2659 illis
1520 2608 1771 2673 regiones
1796 2609 2043 2673 gentium

398 2690 451 2742 et
480 2686 687 2742 labores
709 2690 1037 2760 populorum
1065 2692 1437 2761 possederunt.
1489 2692 1617 2747 Haec
1650 2695 1845 2748 omnia
1876 2693 2040 2749 attri-

396 2775 527 2830 buit
556 2776 681 2832 suis
709 2776 1014 2850 Dominus,
1039 2796 1153 2834 non
1184 2784 1249 2834 ut
1276 2796 1380 2850 pro
1428 2779 1557 2836 istis
1617 2781 2042 2853 temporalibus

398 2864 510 2920 sibi
542 2866 845 2932 serviatur,
879 2884 983 2922 nec
1014 2867 1169 2923 mala
1198 2868 1508 2924 securitate
1536 2873 1872 2942 torpescent
1901 2872 2038 2937 ;sed

398 2957 464 3008 ut
495 2955 699 3010 remoti
735 2972 768 3009 a
798 2954 1176 3012 smeularibus
1206 2957 1384 3024 curis,
1415 2956 1694 3013 libentius
1727 2963 1900 3029 atque
1932 2959 2042 3015 sol—

2151 2628 2181 2657 «
2205 2605 2471 2675 usquein
2503 2602 2950 2674 sempiternum.
3000 2602 3071 2656 Et
3123 2601 3503 2658 irritaverunt
3554 2619 3690 2659 eum
3720 2606 3787 2661 ad

2155 2715 2178 2745 ι
2213 2709 2424 2764 aquam
2458 2690 3017 2747 contradictionis.et
3035 2694 3278 2745 vexatus
3298 2694 3387 2746 est
3416 2690 3651 2763 Moyses
3668 2709 3793 2764 pro-

2157 2804 2178 2833 ι
2213 2785 2342 2852 pter
2371 2796 2488 2846 eos,
2514 2780 2653 2850 quia
2680 2779 3199 2835 exarcerbaverunt
3229 2778 3505 2851 spiritum
3540 2781 3695 2853 ejus.
3725 2782 3793 2837 Et

2151 2891 2179 2918 ‹‹
2205 2867 2472 2923 distinxit
2502 2868 2560 2922 in
2591 2867 2766 2923 labiis
2797 2867 3063 2935 suis,non
3080 2866 3563 2939 disperdiderunt
3591 2874 3793 2941 gentes

2152 2978 2180 3007 ‹‹
2209 2972 2356 3028 quas
2390 2955 2536 3011 dixit
2564 2955 2848 3010 Dominus
2878 2955 3016 3010 illis.
3052 2954 3430 3011 Etcommisti
3475 2963 3619 3011 sunt
3643 2957 3795 3013 inter

397 3041 616 3098 licitius
638 3043 754 3099 Deo
785 3044 1058 3115 serviant,
1085 3046 1254 3116 juxta
1283 3045 1429 3100 illud
1466 3065 1478 3101 :
1511 3048 1766 3102 Primum
1813 3050 2044 3119 quxrite
2150 3067 2180 3095 ‹‹
2212 3054 2433 3118 gentes,
2467 3049 2525 3100 et
2551 3045 2882 3101 didicerunt
2914 3060 3090 3116 opera
3118 3060 3345 3100 eorum:
3377 3047 3431 3099 et
3459 3045 3797 3102 servierunt

396 3147 629 3202 regnum
656 3133 772 3199 Dei,
804 3137 856 3189 et
884 3137 1073 3189 omnia
1102 3134 1433 3190 adiicientur
1487 3137 1638 3191 vobis
1693 3136 1901 3205 (Matth.
1934 3141 2036 3205 v1),

2152 3158 2180 3185 «
2214 3132 2886 3207 sculptilibuseorum,et
2902 3134 3123 3188 factum
3146 3131 3417 3188 estillisin
3431 3133 3785 3189 scandalum

400 3221 563 3285 Quod
595 3221 754 3276 dicit:
790 3226 852 3277 ut
879 3223 1182 3279 custodiant
1193 3224 1619 3295 justiﬁcationes
1647 3204 1762 3297 ejus
1785 3233 1837 3280 et
1863 3227 2040 3295 legem
2071 3204 2114 3271 (ἶ
2155 3245 2185 3276 κ
2215 3227 2271 3280 et
2298 3204 2747 3279 immolaverunt
2773 3221 2922 3277 ﬁlios
2954 3239 3118 3290 suos,
3146 3226 3203 3277 et
3227 3219 3368 3276 ﬁlias
3396 3237 3537 3277 suas
3568 3222 3789 3277 demo-

401 3310 518 3382 ejus
547 3313 850 3383 requirant.

979 3401 1310 3456 PSALMUS
1339 3401 1452 3458 CV.

1075 3506 1368 3544 ALLELUIA.

476 3601 504 3628 ‹‹
537 3577 907 3634 Conﬁtemini
940 3579 1202 3645 Domino,
1236 3579 1513 3650 quoniam
1545 3579 1734 3636 bonus
1765 3581 2042 3652 quoniam

409 3688 436 3720 α
464 3665 524 3721 in
555 3666 832 3723 saeculum
865 3665 1267 3722 misericordia
1298 3667 1446 3736 ejus.
1474 3667 1614 3730 Quis
1643 3667 1915 3738 loquetur
1940 3687 2041 3743 po-

2154 3336 2184 3364 «
2217 3313 2352 3368 niis.
2371 3312 2777 3368 Etell'uderunt
2787 3309 3135 3383 sanguinem
3148 3310 3794 3384 innocentem,sangui-

2155 3425 2184 3453 α
2216 3418 2350 3457 nem
2370 3400 2623 3457 ﬁliorum
2648 3416 2891 3455 suorum
2912 3404 2970 3456 et
2986 3399 3243 3455 filiarum
3266 3414 3693 3471 suarum,quas
3712 3416 3796 3457 sa-

2154 3512 2184 3541 ‹‹
2216 3490 2620 3545 criﬁcaverunt
2648 3486 3022 3559 sculptilibus
3051 3488 3432 3544 Chanaan.Et
3458 3487 3682 3545 infecta
3706 3492 3789 3545 est

2155 3602 2183 3627 ‹‹
2214 3582 2370 3633 terra
2388 3578 2446 3632 in
2469 3576 2940 3651 sanguinibus,et
2966 3575 3371 3632 contaminata
3398 3580 3491 3632 est
3520 3576 3584 3632 in
3615 3580 3792 3648 operi-

2154 3688 2182 3717 «
2215 3667 2327 3722 bus
2355 3682 2579 3731 eorum,
2613 3669 2669 3720 et
2698 3663 2966 3720 fornicati
2998 3668 3137 3719 sunt
3165 3664 3224 3719 in
3280 3664 3789 3721 adinventionibus

400 3778 429 3805 «
458 3757 667 3811 tentias
698 3755 929 3811 Domini
960 3755 1189 3810 auditas
1224 3755 1393 3810 faciet
1414 3771 1619 3811 omnes
1650 3754 1852 3812 laudes
1882 3758 2044 3828 ejus?
2153 3777 2183 3806 α
2211 3755 2355 3810 suis.
2389 3755 2461 3809 Et
2486 3753 2672 3808 iratus
2703 3744 2791 3809 est
2837 3752 3029 3808 furore
3083 3752 3372 3808 Dominus
3416 3754 3479 3808 in
3508 3753 3780 3826 populum

400 3866 429 3894 ‹‹
460 3844 620 3899 Beati
654 3843 1101 3913 quicustodiunt
1121 3841 1414 3911 judicium
1442 3848 1497 3897 et
1522 3842 1740 3897 faciunt
1747 3844 2041 3914 justitiam

400 3952 428 3981 ‹‹
463 3932 521 3985 in
554 3932 721 3985 omni.
769 3935 1048 4003 tempore.
1108 3935 1393 3987 Memento
1445 3931 1649 3999 nostri,
1684 3932 1949 3997 Domine,
1979 3933 2040 3989 in

398 4040 427 4068 «
456 4017 818 4088 beneplacito
850 4020 1047 4090 populi
1078 4020 1184 4088 tui;
1219 4020 1388 4074 visita
1418 4037 1522 4075 nos
1555 4020 1614 4076 in
1648 4020 1893 4077 salutari
1914 4026 2037 4092 tuo,

398 4128 427 4156 ‹‹
460 4106 532 4161 ad
558 4105 869 4160 vivendum
901 4107 960 4161 in
1015 4108 1272 4181 bonitate
1328 4108 1642 4165 electorum
1674 4114 1932 4177 tuorum,
1965 4112 2036 4167 ad

395 4217 425 4246 ‹‹
457 4193 772 4250 latendum
807 4195 864 4249 in
890 4194 1088 4249 laetitia
1118 4197 1307 4267 gentis
1340 4201 1472 4268 tuae,
1512 4203 1576 4252 ut
1607 4197 1866 4255 lauderis
1901 4216 2035 4256 cum

397 4305 425 4335 «
463 4282 799 4340 hereditate
832 4283 1476 4339 tua.Peccavimuscum
1501 4287 1766 4357 patribus
1792 4287 2032 4354 nostris,

398 4394 421 4424 ι
455 4372 674 4443 injuste
703 4370 1331 4445 egimus,iniquitatem
1357 4372 1831 4444 fepimusPatres
1848 4375 2035 4432 nostri

390 4483 420 4511 ‹‹
454 4461 513 4516 in
543 4461 787 4533 {Egypto
818 4476 933 4515 non
965 4459 1377 4515 intellexerunt
1433 4461 1728 4517 mirabilia
1758 4467 1879 4533 tua,
1914 4481 2029 4520 non

2152 3866 2180 3894 «
2208 3858 2404 3910 suum,
2436 3845 2494 3896 et
2522 3839 2896 3896 abominatus
2924 3844 3014 3896 est
3065 3840 3472 3897 hereditatem
3509 3858 3687 3897 suam.
3712 3841 3781 3898 Et

2155 3955 2177 3983 ι
2213 3930 2457 3986 tradidit
2484 3945 2584 3985 eos
2612 3929 2673 3984 in
2705 3946 2916 3985 manus
2949 3930 3234 4002 gentium,
3266 3933 3325 3985 et
3354 3930 3639 3986 dominati
3655 3934 3788 3987 sunt

2153 4041 2180 4072 ‹‹
2212 4036 2414 4076 eorum
2443 4018 2545 4091 qui
2577 4019 2825 4074 oderunt
2851 4034 2971 4074 eos.
3003 4018 3071 4073 Et
3102 4018 3539 4075 tribulaverunt
3566 4036 3668 4076 eos
3690 4019 3793 4076 ini-

2154 4132 2182 4159 «
2210 4108 2346 4164 mici
2368 4111 2657 4172 eorum,et
2679 4106 2971 4162 humiliati
2993 4112 3132 4162 sunt
3152 4107 3263 4163 sub
3276 4108 3788 4165 manibuseorum:

2149 4220 2176 4249 «
2213 4214 2365 4269 saepe
2393 4195 2663 4251 liberavit
2672 4195 2916 4266 eos.Ipsi
2932 4198 3123 4251 autem
3141 4196 3641 4253 exacerbaverunt
3661 4213 3788 4253 eum

2149 4308 2177 4337 «
2208 4284 2448 4342 consilio
2480 4287 2671 4352 suo,et
2700 4282 2994 4339 humiliati
3025 4288 3163 4339 sunt
3196 4284 3619 4356 iniquitatibus
3649 4286 3787 4342 suis.

2147 4398 2176 4426 «
2207 4378 2276 4429 Et
2300 4373 2447 4429 vidit
2475 4389 2610 4428 cum
2639 4371 3082 4443 tribularentur,
3124 4376 3180 4428 et
3208 4372 3433 4428 audivit
3460 4374 3787 4431 orationem

2145 4487 2173 4514 «
2206 4462 2505 4520 eorum.Et
2533 4476 2759 4516 memor
2789 4460 2901 4516 fuit
2924 4461 3257 4517 testamenti
3288 4462 3404 4529 sui,
3428 4465 3487 4516 et
3515 4463 3790 4534 pmuituit

391 4571 419 4599 ‹‹
452 4550 687 4604 fuerunt
706 4566 995 4605 memores
1026 4547 1424 4603 multitudinis
1448 4549 1860 4607 misericordiae
1891 4556 2026 4607 tuae.
2063 4570 2109 4635 υ
2141 4575 2169 4603 ‹‹
2203 4568 2337 4607 eum
2355 4549 2679 4607 secundum
2696 4548 3133 4606 multitudinem
3148 4549 3789 4608 misericordimsuaaﬁt

389 4659 417 4686 «
452 4637 521 4691 Et
550 4637 925 4692 irritaverunt
957 4637 1339 4693 ascendentes
1368 4636 1428 4691 in
1462 4638 1726 4693 Rubrum
1763 4656 1943 4707 mare,
1977 4644 2034 4696 et

387 4745 415 4773 ‹‹
449 4723 692 4780 salvavit
721 4741 819 4780 eos
850 4730 1084 4797 propter
1113 4742 1323 4781 nomen
1354 4730 1624 4792 suum,ut
1653 4734 1845 4782 notam
1881 4728 2032 4784 face-

385 4835 414 4863 ‹‹
447 4817 534 4867 ret
564 4812 881 4884 potentiam
906 4830 1095 4884 suam,
1127 4815 1198 4869 Et
1218 4814 1507 4885 increpuit
1536 4830 1697 4868 mare
1730 4814 2029 4886 Rubrum,

388 4924 409 4952 ι
436 4906 493 4958 et
521 4900 873 4957 exsiccatum
904 4906 1013 4966 est,
1044 4907 1102 4957 et
1130 4904 1371 4958 deduxit
1400 4919 1497 4958 eos
1531 4903 1587 4957 in
1623 4903 1851 4976 abyssis
1875 4905 2028 4962 sicut

386 5012 407 5043 ι
444 4992 502 5046 in
537 4991 786 5047 deserto.
820 4990 888 5043 Et
917 4988 1158 5045 salvavit
1185 5008 1282 5047 eos
1311 4992 1382 5047 de
1413 5007 1591 5046 manu
1614 4991 2024 5064 odientium,et

384 5104 405 5130 ι
440 5080 684 5136 redemit
708 5095 806 5135 eos
838 5080 909 5134 de
936 5095 1115 5134 manu
1147 5080 1464 5151 inimici,Et
1494 5081 1724 5152 operuit
1753 5098 1905 5153 aqua
1925 5083 2026 5138 tri-

378 5191 406 5218 (ι
437 5168 708 5224 bulantes
739 5184 860 5238 eos,
892 5185 1046 5223 unus
1069 5184 1136 5223 ex
1158 5167 1243 5223 eis
1273 5184 1387 5223 non
1419 5169 1805 5225 remansit.Et
1834 5171 2021 5227 credi-

376 5279 403 5307 «
438 5256 653 5313 derunt
680 5257 873 5312 verbis
904 5258 1051 5326 ejus,
1086 5261 1142 5312 et
1170 5256 1557 5312 laudaverunt
1613 5257 1847 5314 laudem
1891 5260 2020 5330 ejus

377 5366 403 5394 «
438 5345 558 5401 Cito
587 5346 847 5401 fecerunt
876 5346 1041 5401 obliti
1092 5351 1230 5401 sunt
1287 5362 1528 5418 operum
1589 5347 1737 5416 ejus,
1790 5351 1847 5402 et
1902 5364 2018 5403 non

375 5434 844 5489 «sustinuerunt
901 5434 1212 5489 consilium
1261 5435 1409 5504 ejus.
1471 5438 1538 5487 Et
1595 5434 2018 5506 concupierunt

374 5542 402 5569 ‹‹
436 5520 966 5591 concupiscentiam
996 5523 1056 5576 in
1090 5523 1401 5590 deserto,et
1434 5525 1802 5577 tentaverunt
1834 5525 2013 5580 Deum

2142 4663 2171 4691 «
2188 4640 2347 4697 dedit
2367 4655 2464 4695 eos
2480 4638 2539 4693 in
2560 4637 3078 4709 misericordias,in
3098 4642 3412 4711 conspectu
3425 4641 3789 4713 omniumqu

2142 4752 2172 4780 «
2205 4731 2479 4802 ceperant
2505 4743 2624 4782 eos.
2656 4725 2856 4782 Salvos
2887 4727 2977 4782 fac
3006 4744 3130 4795 nos,
3193 4728 3434 4783 Domine
3491 4728 3661 4785 Deus
3686 4746 3787 4785 no-

2146 4839 2167 4868 «
2205 4821 2343 4883 ster,
2375 4820 2434 4871 et
2463 4830 2751 4887 congrege
2779 4831 2887 4871 nos
2917 4815 2988 4871 de
3020 4816 3379 4871 nationibus.
3406 4815 3482 4872 Ut
3509 4818 3786 4874 conﬁtea-

2137 4929 2163 4955 ‹‹
2198 4921 2333 4959 mur
2361 4903 2581 4959 nomini
2613 4906 2815 4957 sancto
2834 4907 3018 4974 tuo,et
3046 4901 3364 4975 gloriemur
3389 4903 3449 4958 in
3478 4903 3663 4961 laude
3680 4911 3781 4961 tua

2136 5016 2165 5043 ‹‹
2200 4992 2545 5050 Benedictus
2570 4990 2855 5046 Dominus
2880 4991 3034 5047 Deus
3064 4990 3243 5048 Israel
3279 5009 3313 5047 a
3341 4991 3554 5048 saeculo
3594 5008 3785 5066 usque

2138 5102 2166 5132 ‹‹
2196 5082 2257 5136 in
2289 5080 2567 5137 saeculum
2603 5096 2616 5133 :
2645 5083 2701 5134 et
2730 5079 2871 5135 dicit
2897 5080 3091 5136 omnis
3120 5079 3397 5153 populus,
3430 5081 3584 5150 Fiat,
3618 5082 3782 5138 ﬁat.»

2752 5222 3157 5279 ENARRATIO.

2206 5348 2553 5418 Conﬁtemini
2582 5349 2831 5412 Domino,
2864 5350 3127 5418 quoniam
3156 5348 3341 5417 bonus,
3401 5352 3671 5420 quoniam
3718 5351 3780 5405 ia

2127 5439 2386 5495 sxeulum
2413 5435 2800 5493 misericordia
2826 5437 3266 5507 ejus.Conl‘essio
3277 5436 3391 5494 ista
3405 5443 3648 5511 prepter
3664 5438 3776 5493 hoc

2125 5529 2279 5599 quod
2316 5525 2626 5599 sequitur:
2660 5527 3005 5581 Peccavimus
3057 5541 3183 5581 cum
3238 5528 3487 5599 patirbvs
3547 5527 3766 5594 nostra},

376 5606 495 5663 «in
524 5607 828 5683 tnaquoso.
868 5611 939 5667 Et
966 5610 1127 5669 dedit
1182 5609 1267 5667 eis
1325 5608 1666 5685 petitionem
1724 5611 2013 5686 ipsorum,
2121 5614 2410 5693 gementis
2436 5616 2546 5674 est.
2571 5612 2682 5671 Sed
2713 5612 2992 5688 quoniam
3015 5611 3251 5675 alleluia
3291 5615 3772 5694 precedit,opor-
