4024 6192
251 322 378 397 σου

1376 321 1983 388 ENARRATIONES
2027 319 2105 384 IN
2146 321 2530 388 PSALMOS.

3528 317 3651 385 690

252 463 337 518 tet
384 458 652 518 eamdem
699 458 1126 518 confessionem
1157 457 1219 517 in
1265 457 1440 517 laude
1469 458 1569 515 Dei
1601 457 1895 530 accipere,
1924 459 1979 526 Α
2008 458 2116 512 tari
2143 467 2255 524 tuo,
2287 457 2358 512 ad
2384 458 2679 515 videndum
2708 459 2768 515 in
2799 456 3042 514 bonitate
3083 454 3379 512 electorum
3403 457 3645 512 tuorum.

255 549 397 622 quia
448 548 613 605 nulla
663 549 949 606 confessio
993 554 1083 606 est
1111 550 1205 622 pia
1234 554 1292 605 et
1318 548 1501 620 utilis,
1545 547 1661 603 nisi
1690 546 1758 601 in’
1783 561 1899 618 qua

257 638 411 694 Deus
432 636 724 694 laudatur.
757 639 911 694 Laus
935 644 1131 694 autem
1164 654 1262 694 ore
1283 643 1456 710 atque
1485 652 1754 693 sermone
1779 636 1900 690 sive

252 743 322 783 ex
341 726 465 782 solo
487 727 677 782 cordis
698 731 787 782 est
807 727 1037 783 aﬁ‘ectu.
1066 728 1251 783 Habet
1272 732 1470 782 autem
1494 725 1759 797 psalmus
1787 723 1899 780 iste

251 814 312 871 in
344 815 454 871 hoc
482 814 715 871 laudem
746 816 870 885 Dei,
905 818 1043 888 quia
1072 816 1173 888 qui
1201 815 1296 871 hic
1322 814 1601 885 loquitur,
1624 830 1759 869 eum
1790 813 1898 868 bo-

254 921 398 960 num
421 908 478 960 et
498 904 938 960 misericordem
959 905 1287 971 conﬁtetur,
1308 903 1397 959 vel
1429 902 1530 974 qui
1558 919 1692 959 eum
1719 901 1898 958 talem

254 1009 383 1050 esse
413 993 613 1049 credit.
638 992 799 1057 Quod
832 993 1011 1050 dicit:
1042 993 1397 1063 Conﬁtemini
1428 993 1675 1057 Domino,
1706 996 1764 1046 et
1788 990 1899 1045 hoc

252 1082 415 1152 ideo,
470 1082 610 1154 quia
640 1082 809 1138 bonus
838 1090 947 1150 est,
998 1081 1194 1138 suavis
1239 1081 1508 1138 videlicet
1533 1079 1809 1136 omnibus
1840 1095 1903 1135 se

254 1171 433 1244 digne
460 1171 856 1243 gustantibus.
890 1171 1025 1226 Ideo
1056 1170 1231 1227 etiam
1260 1171 1601 1241 confitemini
1643 1168 1902 1240 quoniam

252 1258 634 1314 misericordia
663 1260 780 1329 ejus
804 1264 895 1314 est
926 1261 987 1313 in
1010 1259 1293 1330 saculum,
1326 1258 1383 1313 id
1412 1264 1501 1314 est
1527 1257 1587 1313 in
1617 1262 1899 1313 eternum

256 1362 436 1418 super
452 1362 557 1402 nos
574 1346 795 1402 scilicet
813 1347 1219 1419 perduratura.
1230 1348 1361 1415 Quis
1372 1350 1620 1419 loquetur
1628 1347 1902 1418 potentias

254 1436 515 1491 Domini?
560 1440 661 1489 aut
688 1435 822 1506 quis
859 1435 1081 1492 auditas
1106 1438 1280 1507 faciet
1315 1452 1498 1492 omnes
1527 1434 1715 1490 laudes
1746 1432 1902 1505 ejus?

262 1522 542 1595 impletus
568 1522 768 1578 divina
787 1524 1279 1593 consideratione,
1314 1524 1415 1595 qui
1444 1523 1540 1579 hic
1570 1522 1900 1578 misericor-

254 1612 411 1667 diam
435 1611 666 1666 Domini
689 1611 1027 1667 exhortatur
1050 1612 1426 1684 poscendam,
1465 1610 1640 1666 dicit:
1676 1611 1808 1679 Quis
1829 1610 1903 1664 lo-

253 1704 454 1772 quetur
475 1701 750 1770 potentias
764 1699 1023 1756 Domini?
1043 1703 1143 1754 aut
1165 1699 1301 1771 quis
1321 1702 1489 1771 faciet
1510 1715 1695 1755 omnes
1718 1697 1902 1754 laudes

256 1790 376 1861 ejus
403 1788 649 1853 auditas,
679 1788 737 1843 id
757 1793 870 1856 est,
894 1788 1029 1860 quis
1051 1788 1222 1844 faciet
1247 1792 1312 1844 ut
1342 1789 1677 1858 audientur,
1704 1792 1901 1843 osten~

256 1877 405 1933 dens
437 1893 535 1932 eas
556 1877 638 1933 ita
667 1892 796 1933 esse
824 1878 1173 1948 loquendus,
1207 1880 1273 1932 ut
1304 1877 1672 1932 auditoribus
1701 1875 1904 1948 praedi-

2005 545 2181 610 Quasi
2230 546 2386 602 dicat
2419 564 2431 602 :
2485 548 2617 603 Ideo
2667 564 2943 620 rogamus
2971 546 3032 601 in
3065 545 3305 601 salutari
3333 548 3464 611 tuo,
3498 548 3562 599 ut
3590 550 3649 601 te

2004 634 2308 690 videamus
2357 638 2419 689 in
2466 636 2704 692 bonitate
2749 638 3044 694 electorum
3087 644 3328 705 tuorum,
3381 634 3439 689 id
3471 638 3560 690 est
3588 633 3649 688 in

2006 722 2108 779 illa
2135 723 2451 790 suavitate,
2502 725 2561 779 in
2595 742 2712 796 qua
2741 732 2971 781 tantum
3018 725 3199 781 visuri
3231 728 3379 781 sunt
3399 728 3455 780 te
3483 722 3657 779 electi

2007 812 2123 880 tui,
2178 829 2293 867 non
2338 812 2425 867 illi
2454 813 2525 869 de
2555 814 2771 884 quibus
2818 815 3039 871 dictum
3070 820 3160 870 est
3191 831 3205 870 :
3252 813 3512 870 Tollatur
3537 812 3654 868 im-

2006 901 2169 973 pius,
2220 917 2293 957 ne
2322 901 2516 956 videat
2545 901 2793 974 gloriam
2825 904 3057 959 Domini
3090 905 3226 975 (Isa.
3258 904 3449 974 xxvx),
3495 902 3652 974 quod

2007 990 2194 1046 dicit:
2243 990 2313 1045 ad
2354 990 2649 1047 videndum
2676 994 2738 1047 in
2770 994 3014 1048 bonitate
3060 995 3352 1049 electorum
3397 995 3650 1061 tuorum,

2007 1079 2076 1135 ad
2105 1080 2407 1137 latendum
2436 1082 2497 1135 in
2528 1081 2725 1137 laetitia
2754 1084 2930 1152 gentis
2957 1087 3094 1147 tuae,
3145 1083 3203 1138 id
3252 1086 3373 1148 est,
3422 1081 3495 1136 ad
3543 1080 3654 1136 hoc

2007 1172 2065 1224 te
2092 1167 2151 1223 in
2186 1169 2470 1223 suavitate
2498 1168 2692 1224 videre
2722 1169 3155 1237 desideramus,
3210 1175 3275 1225 ut
3316 1186 3451 1226 cum
3482 1173 3653 1241 gente

2006 1260 2110 1312 tua
2151 1255 2459 1312 laetemur:
2513 1274 2628 1313 non
2677 1259 2833 1313 enim
2882 1258 3101 1329 impius
3151 1259 3404 1330 gaudere
3461 1262 3655 1331 potest

2006 1349 2069 1400 ut
2114 1345 2367 1401 lauderis
2423 1363 2546 1402 cum
2603 1346 2917 1403 haereditate
2972 1355 3083 1402 tua.
3146 1348 3442 1403 Laudatur
3498 1349 3652 1404 Deus

2009 1450 2142 1490 cum
2174 1451 2283 1489 sua
2311 1434 2620 1491 hereditas
2669 1436 2965 1501 laudatur,
3016 1436 3296 1506 quoniam
3344 1436 3652 1493 hareditas

2007 1522 2138 1595 ipsa
2172 1521 2447 1578 laudatur
2495 1540 2598 1596 per
2646 1524 2862 1596 ipsum.
2917 1524 3271 1597 Peccavimus
3318 1541 3441 1580 cum
3483 1526 3655 1597 patri-

2011 1593 2106 1667 bus
2135 1613 2354 1667 nostris.
2405 1593 2580 1676 Quasi
2612 1593 2812 1668 dicat:
2865 1593 3023 1684 Opﬁs
3070 1618 3160 1669 est
3206 1617 3270 1667 ut
3318 1593 3543 1669 memor
3571 1614 3656 1671 sis

2010 1698 2227 1766 nostri,
2281 1698 2420 1770 quia
2471 1716 2578 1755 nos
2623 1702 2966 1771 peccavimus
2994 1718 3117 1756 cum
3144 1700 3396 1772 patribus
3423 1704 3653 1767 nostris,

1933 1827 1981 1891 B
2010 1786 2112 1860 qui
2144 1787 2202 1841 in
2233 1787 2474 1891 (Egypto
2504 1794 2907 1859 peccaverunt.
2956 1790 3071 1844 Non
3112 1789 3261 1860 equod
3308 1792 3437 1845 nati
3480 1789 3659 1847 adhuc

2010 1892 2266 1944 essemus,
2292 1876 2385 1931 sed
2405 1879 2537 1947 quia
2557 1880 2617 1932 in
2643 1878 2844 1932 lumbis
2864 1894 3050 1933 eorum
3082 1895 3319 1933 eramus.
3342 1879 3489 1934 Nota
3520 1878 3660 1951 quia

257 1970 482 2022 centur.
514 1965 617 2021 Vel
649 1965 893 2022 fortasse
923 1966 1062 2037 quia
1093 1966 1360 2037 sequitur
1392 1984 1405 2021 :
1457 1967 1617 2021 Beati
1662 1967 1758 2036 qui
1804 1981 1904 2020 cu-
2012 1964 2165 2021 sicut
2189 1965 2314 2020 Levi
2338 1981 2469 2020 cum
2494 1966 2780 2021 Abraham
2803 1966 3129 2022 decimatus
3156 1971 3266 2035 est,
3287 1968 3566 2039 quoniam
3596 1968 3657 2023 in

257 2053 503 2110 stodiunt
523 2054 802 2136 judicium
844 2059 895 2109 et
923 2056 1136 2125 faciunt
1155 2056 1467 2126 justitiam,
1501 2054 1629 2109 ideo
1662 2054 1773 2110 iste
1802 2053 1905 2124 qui
2012 2052 2233 2109 lumbis
2262 2055 2392 2125 ejus
2428 2054 2553 2120 fuit,
2586 2056 2821 2126 quando
2852 2055 3012 2110 dedit
3041 2056 3324 2111 sacerdoti
3357 2056 3658 2112 Melchise-

260 2141 376 2198 hoc
421 2141 709 2214 loquitur,
757 2142 1034 2214 impletus
1078 2143 1546 2199 consideratione
1574 2142 1907 2197 divinorum

258 2234 718 2302 praeceptorum,
760 2247 1011 2302 quorum
1042 2246 1217 2302 opera
1246 2230 1450 2286 laudes
1481 2235 1621 2286 sunt
1646 2230 1776 2300 ejus
1807 2227 1910 2300 qui

255 2324 540 2389 operatur
567 2318 677 2374 hoc
706 2318 766 2374 in
796 2318 951 2383 suis,
1002 2318 1082 2374 ait
1108 2335 1121 2372 :
1174 2320 1317 2390 Quis
1363 2320 1615 2390 loquetur
1636 2318 1909 2390 potentias

254 2406 523 2463 Domini?
551 2408 847 2463 Potentius
876 2407 1007 2463 ideo
1039 2406 1211 2473 dicit,
1260 2407 1539 2478 quoniam
1570 2407 1679 2462 hoc
1708 2406 1909 2462 ineffa-

253 2495 458 2553 biliter
476 2499 751 2566 operatur
778 2496 838 2550 in
869 2495 1015 2551 suis.
1040 2496 1109 2550 Et
1130 2496 1264 2567 quis
1288 2496 1507 2551 auditas
1534 2498 1699 2567 faciet
1725 2510 1910 2550 omnes

254 2584 451 2641 laudes
479 2584 631 2655 ejus,
662 2584 720 2638 id
752 2589 841 2639 est
852 2626 870 2653 ,
903 2584 1038 2656 quis
1067 2600 1202 2639 cum
1233 2584 1485 2640 audierit
1510 2584 1684 2639 faciet
1711 2582 1911 2638 omnia

256 2690 441 2746 opera
486 2675 911 2745 praeceptorum
958 2672 1117 2742 ejus,
1177 2689 1304 2743 quas
1335 2676 1472 2727 sunt
1500 2673 1629 2742 ejus
1658 2670 1863 2727 laudes
1882 2670 1911 2725 ‘I

255 2759 545 2835 quoniam
575 2759 685 2815 etsi
714 2759 914 2815 omnia
939 2759 1093 2814 ﬁunt
1123 2776 1250 2831 quae
1280 2760 1480 2815 audita
1512 2764 1679 2823 sunt,
1714 2766 1912 2815 tamen

255 2851 620 2922 inquantum
646 2848 817 2915 ﬁunt,
848 2847 946 2903 ille
968 2847 1299 2904 laudandus
1321 2852 1432 2915 est,
1454 2864 1556 2918 per
1585 2863 1761 2919 quem
1793 2847 1913 2902 haec

254 2939 417 2995 ﬁunt
452 2955 466 2993 :
520 2941 577 2993 et
618 2936 720 3008 qui
761 2941 1034 3008 operatur
1062 2937 1122 2991 in
1153 2936 1322 2993 nobis
1367 2935 1511 2991 velle
1540 2941 1597 2992 et
1628 2953 1731 3008 pro
1760 2936 1915 2991 bona

2015 2140 2158 2197 dech
2192 2142 2450 2198 decimas
2480 2142 2634 2214 (Gen.
2666 2160 2796 2209 xw;
2843 2143 3003 2197 Hebr.
3036 2144 3133 2215 vn)
3160 2162 3172 2198 :
3205 2144 3288 2198 sic
3321 2149 3379 2199 et
3408 2143 3504 2199 isti
3534 2159 3662 2214 pec-

2016 2234 2295 2285 caverunt
2326 2246 2461 2285 cum
2512 2230 2781 2301 patrihus
2824 2231 2981 2298 suis,
3029 2231 3090 2285 in
3139 2246 3390 2303 quorum
3442 2230 3662 2287 lumbis

2017 2322 2203 2386 erant,
2237 2319 2472 2389 quando
2504 2319 2563 2373 in
2588 2320 2828 2391 [Egypto
2854 2324 3256 2391 peccaverunt.
3287 2321 3450 2384 Quod
3480 2319 3660 2375 dicit:

2016 2408 2367 2462 Peccavimus
2409 2424 2535 2463 cum
2576 2408 2827 2479 patribus
2875 2411 3117 2473 nostris,
3169 2410 3373 2477 injuste
3419 2410 3659 2479 egimus,

2019 2500 2306 2566 quantum
2337 2496 2408 2550 ad
2440 2496 2803 2567 proximum;
2838 2498 3191 2568 iniquitatem
3207 2500 3462 2567 fecimus,
3484 2513 3666 2568 quan-

2018 2587 2145 2638 tum
2179 2584 2249 2638 ad
2294 2583 2499 2655 Deum.
2551 2584 2781 2639 Aliter:
2837 2587 3189 2640 Peccavimus
3238 2601 3366 2639 cum
3414 2586 3664 2655 patribus

2020 2673 2252 2742 nostris,
2305 2671 2570 2727 faciendo
2620 2671 2839 2726 similia
2890 2673 3144 2743 peccatis
3173 2688 3375 2727 eorum
3407 2676 3663 2744 peccata.

2018 2759 2216 2814 Patres
2244 2761 2423 2815 nostri
2453 2762 2515 2814 in
2544 2761 2771 2831 Egypto
2803 2778 2908 2815 non
2944 2762 3334 2816 intellexerunt
3383 2761 3668 2816 mirabilia

2020 2850 2133 2902 tua.
2160 2848 2337 2911 Quasi
2360 2849 2546 2904 dicat:
2571 2852 2917 2905 Peccavimus
2936 2867 3059 2905 cum
3075 2851 3326 2922 patribus
3349 2852 3576 2905 nostris.
3600 2850 3669 2904 Et

2020 2952 2151 2992 ecce
2164 2937 2414 3008 qualiter
2431 2943 2623 3008 patres
2640 2939 3188 3010 peccaverunt,quia
3200 2955 3335 2994 cum
3352 2939 3411 2993 in
3424 2939 3667 3012 Egypto

252 3026 565 3083 voluntate
613 3024 759 3080 bene
806 3025 1099 3095 perﬁcere,
1151 3026 1284 3081 Ideo
1330 3041 1465 3080 cum
1496 3030 1693 3096 posset
1722 3025 1914 3080 dicere
2020 3028 2373 3093 eesent,Non
2396 3028 2790 3082 intellexerunt
2808 3029 3089 3083 mirabilia
3108 3028 3296 3093 tua,id
3319 3032 3558 3096 est,non
3581 3031 3668 3083 at-

254 3115 468 3173 omnia
493 3114 773 3169 mandata
801 3114 952 3184 ejus,
981 3113 1070 3169 vel
1101 3114 1301 3169 omnia
1330 3118 1752 3185 praeceptorum
1783 3115 1913 3183 ejus
2020 3115 2487 3184 tenderuntquid
2502 3114 3667 3186 perillamiraculaeispraestarevolueris,

251 3221 473 3277 opera,
504 3203 716 3259 maluit
746 3202 937 3258 dicere
965 3218 1170 3258 omnes
1199 3201 1406 3258 laudes
1435 3204 1567 3273 ejus
1595 3219 1607 3255 :
1660 3202 1800 3272 quia
1846 3206 1913 3256 ut
1942 3187 1985 3253 C
2020 3200 2200 3255 vitam
2227 3201 2449 3256 scilicet
2472 3207 2771 3268 aeternam,
2800 3207 2857 3257 et
2887 3219 3002 3257 non
3025 3202 3428 3272 temporalem,
3451 3203 3552 3257 sed
3578 3203 3668 3256 in-

251 3294 494 3352 dictum
525 3297 642 3364 est,
690 3292 1046 3363 inquantum
1077 3292 1256 3357 ﬁunt,
1308 3292 1434 3362 ipse
1465 3289 1797 3346 laudandus
1828 3294 1918 3345 est
2026 3288 2441 3344 commutabile
2463 3290 2681 3344 bonum
2703 3290 2857 3360 quod
2882 3306 2983 3360 per
3003 3290 3346 3361 patientiam
3370 3292 3667 3358 exspecta-

249 3399 374 3458 per
402 3398 577 3454 quem
629 3381 754 3436 haec
804 3381 958 3435 ﬁunt
988 3396 1002 3435 :
1057 3380 1220 3443 Quod
1249 3378 1392 3435 dicit
1424 3395 1437 3433 :
1491 3378 1626 3446 Quis
1670 3380 1920 3449 loquetur
2025 3378 2124 3429 tur
2151 3391 2163 3428 :
2195 3375 2323 3430 ideo
2348 3375 2720 3447 impatienter
2751 3381 3270 3431 murmuraverunt
3298 3381 3355 3431 et
3384 3375 3666 3432 amarica-

249 3474 539 3549 potentias
559 3470 819 3527 Domini?
850 3474 907 3525 et
937 3469 1069 3541 quis
1091 3468 1311 3524 auditas
1330 3469 1497 3539 faciet
1518 3483 1702 3524 omnes
1731 3466 1922 3522 laudes
2028 3468 2258 3531 verunt,
2282 3468 2339 3518 et
2363 3464 2532 3519 bonis
2554 3464 2943 3536 praesentibus
2975 3470 3147 3536 atque
3175 3464 3480 3520 fallacibus
3502 3469 3681 3536 atque

204 3630 215 3635 _
253 3565 409 3637 gas.
444 3562 514 3617 Et
540 3560 680 3632 quia
708 3559 802 3614 vix
832 3557 1050 3630 aliquis
1081 3561 1273 3629 potest
1302 3556 1570 3627 implere,
1602 3573 1738 3629 ergo
1770 3556 1924 3611 beati
2031 3550 2340 3624 fugacibus
2392 3552 2593 3607 beatos
2624 3570 2684 3608 se
2716 3552 2841 3608 ﬁeri
2870 3554 3244 3625 quaesierunt.
3297 3554 3415 3609 Non
3453 3557 3682 3623 fuerunt

258 3651 378 3725 qui
395 3640 1488 3719 custodiuntjudicium,discretionem
1504 3643 1925 3709 videlicetboni
2031 3656 2293 3697 memores
2344 3642 2720 3696 multitudinis
2764 3641 3161 3697 misericordia:
3190 3646 3321 3698 tua}.
3356 3643 3425 3696 Et
3454 3640 3683 3696 intelle-

264 3747 332 3800 et
365 3738 508 3795 mali
534 3755 547 3807 ;
581 3742 639 3793 et
668 3736 821 3793 beati
852 3740 992 3791 sunt
1020 3735 1122 3806 qui
1152 3735 1495 3790 custodiunt
1511 3733 1829 3806 justitiam,
1862 3737 1929 3788 ut
2035 3735 2195 3785 ctum
2227 3730 2547 3802 redarguit,
2571 3736 2626 3786 et
2659 3730 3001 3786 memoriam
3028 3748 3040 3784 :
3077 3734 3324 3801 utroque
3354 3729 3512 3784 enim
3538 3744 3687 3801 opus

269 3832 506 3888 bonum
529 3825 799 3883 videlicet
823 3824 977 3896 quod
1010 3841 1113 3896 per
1132 3824 1307 3879 ﬁdem
1330 3823 1660 3880 faciendum
1685 3839 1814 3880 esse
1838 3822 1927 3877 in-

270 3918 576 3990 telligunt,
600 3916 661 3971 in
691 3915 1089 3987 operationem
1120 3913 1355 3969 ducant.
1378 3912 1583 3969 Veniet
1601 3913 1759 3969 enim
1791 3916 1931 3968 tem-

274 4024 419 4080 pus,
434 4011 502 4060 ut
513 4003 808 4077 judicium
830 4004 981 4075 quod
1005 4017 1161 4056 nunc
1183 4001 1508 4056 custoditur
1525 4001 1587 4056 in
1605 4000 1932 4068 ﬁde,etiam

274 4098 623 4153 exerceatur
652 4093 711 4148 in
746 4090 1078 4164 operatione
1102 4107 1115 4146 :
1149 4106 1284 4145 cum
1305 4089 1540 4160 justitia
1567 4093 1938 4145 convertetur

274 4187 346 4242 in
362 4182 681 4255 judicium,
696 4182 757 4237 id
779 4185 887 4249 est,
901 4197 1035 4235 cum
1059 4178 1392 4251 acceperint
1411 4178 1563 4248 justi
1589 4182 1936 4249 potestatem

266 4272 597 4347 judicandi
625 4287 724 4327 eos
754 4275 907 4326 recte
948 4286 982 4324 a
1009 4267 1225 4340 quibus
1254 4266 1499 4338 iudicati
1531 4271 1670 4322 sunt
1698 4266 1792 4321 hic
1822 4283 1939 4323 non

2036 3822 2185 3876 erat.
2236 3818 2539 3875 Intellectu
2571 3818 2787 3891 quippe
2817 3836 2964 3889 opus
2995 3822 3148 3885 erat,
3204 3823 3267 3873 ut
3296 3817 3691 3890 intelligerent

2044 3910 2225 3964 Deum
2255 3907 2368 3962 sibi
2395 3923 2599 3979 parare
2620 3913 2835 3962 mterna
2865 3924 2968 3979 per
2986 3907 3329 3979 temporalia
3359 3925 3372 3974 ;
3406 3906 3693 3963 memoria

2042 4014 2191 4070 opus
2222 3996 2357 4066 fuit,
2413 4000 2477 4051 ut
2506 3994 2715 4052 saltem
2746 4013 2871 4067 qum
2904 3996 3303 4068 temporaliter
3350 3998 3505 4053 facta
3552 4000 3694 4052 sunt

2046 4084 2350 4149 miracula,
2384 4100 2499 4138 non
2534 4084 3051 4140 obliviscerentur:
3086 4085 3451 4158 ﬁdeliterque
3473 4102 3690 4158 praesu-

2047 4176 2301 4238 merent,
2354 4176 2419 4226 ut
2448 4172 2651 4227 eadem
2686 4178 2969 4243 potestate
3004 4190 3181 4251 quam
3213 4175 3446 4230 fuerant
3474 4172 3693 4244 experti

2046 4263 2108 4318 in
2138 4262 2403 4334 Egypto,
2436 4261 2589 4316 Deus
2621 4261 2752 4316 illos
2783 4263 2854 4317 ab
2886 4263 3261 4317 inimicorum
3294 4260 3695 4333 persecutione

274 4366 448 4421 recte
480 4378 493 4417 :
546 4360 700 4433 quod
750 4358 892 4415 dicit
926 4376 939 4414 :
991 4359 1153 4413 Beati
1189 4358 1288 4429 qui
1312 4356 1625 4412 custodiunt
1641 4355 1940 4426 judicium,
2046 4351 2341 4406 liberaret.
2376 4349 2549 4405 Obliti
2576 4355 2717 4405 sunt
2745 4351 2885 4421 quid
2919 4352 3002 4406 eis
3032 4352 3090 4405 in
3122 4351 3364 4421 {Egypto
3396 4350 3467 4403 ob
3498 4347 3695 4402 inimi-

275 4456 344 4508 et
373 4451 587 4522 faciunt
606 4450 892 4521 justitiam
930 4449 992 4502 in
1018 4447 1175 4502 omni
1202 4449 1468 4517 tempore,
1516 4445 1577 4499 id
1607 4448 1697 4499 est
1726 4460 1796 4499 ex
1826 4460 1942 4515 quo
2050 4456 2147 4495 cos
2178 4454 2377 4494 eorum
2402 4440 2785 4494 conterendos
2809 4440 3086 4494 Dominus
3118 4455 3221 4509 per
3242 4442 3404 4492 tanta
3432 4435 3699 4509 prodigia

276 4555 425 4599 esse
456 4538 771 4610 incipiunt,
815 4536 960 4592 etin
992 4539 1256 4606 tempore
1284 4534 1506 4590 vivunt.
1554 4532 1811 4589 Memento
1838 4548 1940 4588 no-
1973 4549 2019 4613 ι)
2051 4528 2438 4601 praestitisset.
2474 4528 2543 4581 Et
2563 4527 2691 4582 ideo
2720 4528 2858 4597 quia
2882 4526 3043 4583 obliti
3070 4527 3316 4596 fuerant,
3351 4525 3699 4613 dubitabant

275 4630 427 4697 stri,
474 4629 722 4683 Domine.
774 4627 916 4681 Ecce
948 4624 1130 4680 oratio
1178 4621 1414 4677 illorum
1446 4621 1547 4693 qui
1578 4621 1841 4677 conversi
1871 4621 1943 4675 de
1976 4612 2003 4613 ﬂ
2051 4625 2248 4674 utrum
2292 4615 2575 4672 liberandi
2626 4616 2846 4681 forent,
2898 4631 3030 4670 cum
3082 4631 3150 4669 ex
3181 4617 3393 4684 quator
3434 4612 3700 4685 partibus

282 4714 765 4775 murmuratione
787 4712 1018 4770 veniam
1040 4714 1372 4784 precantur.
1399 4709 1575 4774 Quasi
1598 4709 1795 4765 dicant
1813 4708 1948 4767 :He-
2054 4705 2331 4779 periculis
2355 4704 2696 4760 circumdati
2721 4704 2950 4759 fuerant
2974 4721 2985 4757 :
3022 4720 3055 4758 a
3074 4708 3236 4774 tergo
3258 4702 3413 4758 enim
3436 4702 3704 4774 inseque-

280 4813 485 4865 mento
503 4806 682 4861 nostri
703 4806 760 4859 in
794 4803 1127 4874 beneplacito
1147 4800 1342 4873 pepuli
1360 4802 1476 4865 tui,
1510 4799 1566 4853 id
1596 4808 1688 4854 est
1716 4798 1775 4853 in
1805 4798 1947 4854 Filio
2058 4797 2276 4851 bantur
2307 4795 2535 4861 hostes,
2585 4811 2653 4849 ex
2681 4793 2859 4848 latere
2891 4809 3007 4847 uno
3039 4797 3265 4847 mentes
3296 4792 3527 4847 fuerant
3557 4808 3705 4862 quos

282 4901 436 4962 tuo,
486 4895 560 4950 de
602 4909 719 4965 quo
750 4892 973 4947 dictum
1006 4895 1095 4947 est
1128 4907 1140 4945 :
1194 4890 1290 4944 Hic
1318 4896 1398 4944 est
1426 4888 1598 4943 Filius
1626 4904 1779 4942 meus
1810 4886 1951 4942 dile-

280 4990 422 5042 ctus
443 5025 457 5050 ,
487 4985 554 5039 in
584 4998 689 5055 quo
714 4981 859 5038 mihi
890 4982 1023 5036 bene
1050 4979 1357 5050 complacui
1384 4976 1607 5049 (Matth.
1640 4993 1735 5045 ιιι,
1766 4975 1951 5046 xvu);
2059 4973 2370 5039 timebant,
2386 4976 2521 5027 ante
2537 4987 2597 5025 se
2618 4986 2774 5025 mare
2792 4973 3052 5025 Rubrum
3076 4967 3706 5055 conspiciebant,quod

284 5071 392 5130 vel
422 5073 508 5128 sic
541 5089 555 5128 :
596 5054 872 5128 Memento
900 5070 1105 5139 nostri,
1156 5067 1411 5134 Domine,
1457 5065 1726 5137 ponendo
1758 5080 1863 5120 nos
1894 5066 1955 5119 in
2063 5060 2239 5116 etiam
2272 5058 2686 5113 formidabant.
2718 5059 2783 5111 Et
2820 5057 2949 5112 ideo
2989 5055 3333 5111 ascendentes
3363 5054 3433 5107 de
3464 5056 3707 5125 Egypto

288 5160 643 5233 beneplacito
666 5160 857 5232 populi
878 5160 984 5231 tui,
1009 5157 1066 5212 id
1089 5162 1197 5224 est,
1220 5155 1371 5211 inter
1390 5153 1519 5210 illos
1541 5154 1599 5210 in
1623 5154 1840 5226 quibus
1862 5154 1957 5209 be-
2065 5150 2134 5205 ad
2164 5153 2378 5204 terram
2395 5146 2690 5214 Chanaan,
2715 5148 3094 5211 irritaverant,
3117 5144 3259 5198 dum
3282 5144 3338 5233 in
3361 5157 3517 5233 mare
3538 5160 3556 5195 :
3586 5157 3709 5196 ma-

290 5231 676 5321 neplacitum
691 5252 781 5305 est
799 5247 928 5318 tibi,
952 5246 1091 5319 quia
1114 5260 1231 5300 non
1256 5243 1315 5298 in
1342 5242 1619 5300 omnibus
1644 5243 1755 5299 fuit
1774 5242 1952 5314 placi-
2066 5238 2114 5293 ri
2137 5238 2289 5304 dico,
2313 5237 2545 5291 rubrum
2565 5235 2896 5290 formidato.
2922 5237 2985 5289 Et
3007 5239 3202 5288 tamen
3222 5231 3458 5287 salvabit
3477 5245 3565 5285 eos
3581 5245 3711 5301 pro-

293 5343 439 5396 tnm
470 5338 618 5395 bene
647 5338 929 5404 Domino;
960 5336 1125 5391 visita
1153 5348 1249 5388 nos
1277 5338 1339 5387 in
1367 5332 1607 5387 salutari
1633 5335 1748 5398 tuo,
1778 5331 1837 5386 id
1868 5334 1960 5387 est
2061 5332 2187 5401 pter
2216 5342 2411 5381 nomen
2458 5340 2641 5388 suum,
2675 5328 2736 5378 ut
2766 5328 2950 5379 nolam
2976 5326 3179 5395 faceret
3206 5321 3507 5393 potentiam
3532 5334 3710 5373 suam.

291 5429 369 5485 in
394 5425 643 5483 Christo.
669 5429 799 5500 ipse
825 5428 916 5482 est
936 5424 1091 5479 enim
1114 5421 1396 5486 Salvator,
1418 5420 1479 5475 in
1511 5435 1626 5491 quo
1657 5419 1960 5474 dimittun-
2069 5415 2232 5482 Quod
2265 5414 2405 5468 dicit
2438 5429 2450 5466 :
2503 5413 2931 5476 Ascendentes,
2967 5417 3204 5483 propter
3232 5412 3453 5463 statum
3484 5405 3593 5500 loci
3625 5406 3711 5462 di-

296 5520 414 5574 tur
444 5496 716 5586 peccata,
740 5519 799 5571 et
830 5516 1110 5571 sanantur
1137 5509 1374 5579 animae,
1410 5512 1475 5563 ut
1507 5507 1737 5579 possint
1766 5512 1958 5564 custo-
2069 5510 2228 5560 ctum
2260 5507 2367 5569 est,
2404 5501 2538 5573 quia
2568 5501 2805 5556 inferior
2835 5506 2923 5555 est
2948 5502 3227 5572 {Egyptus
3257 5513 3434 5569 quam
3458 5496 3536 5552 sit
3562 5500 3718 5552 terra

297 5604 442 5662 dire
463 5604 760 5677 judicium
785 5607 844 5661 et
861 5603 1046 5660 facere
1063 5598 1383 5673 justitiam.
1418 5598 1587 5654 Visita
1613 5612 1711 5654 nos
1731 5598 1793 5652 in
1816 5597 1963 5653 salu-
2068 5593 2364 5651 Chanaan.
2418 5592 2485 5646 Et
2514 5591 2788 5661 increpuit
2830 5605 2984 5645 mare
3010 5589 3257 5646 Rubrum
3301 5592 3357 5644 et
3385 5587 3719 5644 exsiccatum

2058 4885 2312 4940 transire
2334 4900 2449 4938 non
2474 4887 2767 4954 poterant;
2802 4897 2870 4936 ex
2893 4882 3005 4937 alio
3031 4880 3207 4936 latere
3230 4881 3526 4936 desertum
3551 4878 3706 4950 quod
3815 4944 3819 4949 ι
