4024 6192
371 371 501 437 691,

934 376 1237 440 REMIGII
1284 374 2033 441 ANTISSIODORENSIS
2076 374 2252 438 OPP.
2297 374 2495 437 PARS
2539 374 2587 437 Ῑ.
2619 406 2699 422 -
2727 372 3199 438 EXEGETICA.

3639 368 3779 435 09%

371 510 478 574 est,
526 514 579 564 et
606 508 799 565 eduxit
829 525 915 565 eos
946 511 1007 565 in
1038 511 1248 582 abyssis
1277 513 1419 566 sicut
1447 510 1509 565 in
1533 511 1757 567 deserto.
1808 511 1871 567 In
1903 511 2011 568 hac
2041 511 2096 577 Α
2124 524 2256 563 vere
2285 507 2731 564 desiderabilem
2761 506 3114 580 diligamus:
3148 506 3249 564 sed
3280 506 3475 579 potius
3502 505 3600 562 hic
3629 505 3773 561 inﬁ-

370 595 764 668 increpatione
786 615 903 653 non
917 614 1114 653 vocem
1142 598 1400 670 aliquam
1419 598 1646 654 coalitus
1672 600 2013 670 factam,sed

369 693 689 765 potentiam
720 695 976 751 divinam
1009 712 1127 766 qua
1155 694 1215 750 id
1248 696 1465 751 factum
1498 700 1613 764 est,
1664 696 2015 769 increpatio-

370 798 505 838 nem
534 782 845 854 appellavit
871 801 883 837 :
918 785 969 837 et
988 785 1221 839 saluauit
1243 800 1329 839 eos
1351 784 1416 840 de
1436 801 1606 839 manu
1627 784 2010 853 obedientium,

369 874 424 926 et
451 869 683 926 redemit
709 886 799 926 eos
828 871 894 926 de
920 888 1093 926 manu
1121 875 1358 927 inimici.
1390 877 1457 930 Et
1485 875 1703 944 operuit
1730 889 1875 943 aqua
1904 874 2013 928 tri-

372 960 622 1014 bulantes
647 975 755 1026 eos,
786 976 930 1015 unus
954 977 1025 1015 ex
1044 962 1124 1016 eis
1142 977 1253 1017 non
1274 963 1560 1016 remansit.
1589 963 1653 1016 Et
1682 961 1741 1015 in
1772 960 1866 1015 his
1894 976 2014 1016 om—

368 1048 543 1103 nibus
572 1048 919 1103 crediderunt
949 1050 1123 1105 verbis
1149 1050 1287 1120 ejus,
1316 1056 1371 1105 et
1393 1051 1755 1105 laudauerunt
1786 1050 2011 1105 laudem

369 1138 505 1208 ejus.
538 1136 682 1200 Quia
710 1139 1037 1194 transducti
1066 1155 1227 1194 mare
1259 1139 1543 1209 Rubrum,
1564 1139 1849 1211 hymnum
1883 1156 2015 1194 can-

367 1226 573 1281 tabant
606 1225 873 1293 Domino,
906 1226 1167 1282 dicentes
1202 1244 1213 1282 :
1269 1227 1559 1283 Cantemus
1589 1230 1823 1283 Domino
1844 1245 1862 1281 :
1893 1228 2012 1296 glo-

368 1313 512 1369 riose
539 1316 689 1368 enim
714 1314 1103 1383 magniﬁcatus
1129 1322 1241 1375 est;
1291 1319 1348 1370 et
1394 1314 1502 1370 hoc
1536 1332 1548 1369 :
1602 1314 1717 1370 Cito
1745 1317 2012 1385 fecerunt,

369 1412 426 1466 id
449 1416 539 1467 est
558 1411 669 1465 cito
693 1428 726 1465 a
745 1410 917 1466 laude
938 1411 1039 1466 illa
1070 1412 1408 1466 defecerunt
1433 1430 1445 1466 :
1478 1420 1529 1467 et
1547 1410 1709 1468 obliti
1730 1419 1860 1467 sunt
1885 1427 2012 1483 ope—

372 1517 495 1555 rum
514 1502 651 1571 ejus,
676 1500 813 1571 quia
838 1516 950 1554 non
975 1499 1374 1571 cogitaverunt
1392 1505 1557 1555 tanta
1580 1517 1754 1572 opera
1781 1500 2013 1555 Domini

368 1604 507 1661 erga
537 1604 598 1644 se
628 1604 743 1643 non
772 1604 900 1643 esse
930 1587 1255 1655 inan_ia,sed
1289 1605 1389 1644 eos
1418 1606 1619 1644 vocare
1651 1590 1721 1643 ad
1756 1588 2011 1659 aliquam

368 1677 495 1732 sine
517 1676 630 1730 ﬁne
652 1674 1006 1743 felicitatem,
1031 1692 1158 1747 quas
1182 1693 1283 1747 per
1303 1677 1643 1748 patientiam
1667 1677 2015 1733 sustinenda

368 1770 481 1833 est;
504 1765 603 1820 sed
624 1765 1048 1820 festinaverunt
1064 1765 1219 1820 heari
1238 1764 1659 1836 temporalibus
1677 1767 1871 1832 rebus,
1887 1782 2013 1836 quae

366 1852 496 1908 ideo
519 1853 736 1908 nemini
761 1854 1066 1909 conferunt
1082 1859 1354 1909 aeternam
1375 1853 1728 1923 felicitatem,
1744 1855 1884 1925 quia
1900 1870 2015 1909 non

366 1941 746 2015 exstinguunt
768 1942 1163 1998 insatiabilem
1191 1942 1571 2013 cupiditatem
1598 1960 1611 2009 ;
1646 1943 1800 2013 quod
1832 1942 2008 1998 dicit:

322 2078 337 2087 ρ
366 2040 482 2095 Νοη
502 2042 884 2096 sustinuerunt
910 2040 1203 2094 consilium
1222 2039 1361 2111 ejus.
1393 2040 1458 2093 Et
1477 2040 1867 2110 concupierunt
1883 2055 2012 2095 con-

364 2131 760 2199 cupiscentiam
779 2130 840 2183 in
859 2128 1085 2197 deserto,
1109 2128 1166 2182 id
1199 2132 1289 2183 est
1319 2143 1441 2182 rem
1473 2127 2012 2198 concupiscibilem,

368 2221 419 2273 et
443 2225 790 2274 tentaverunt
821 2219 993 2272 Deum
1022 2219 1082 2272 in
1110 2218 1401 2288 inaquoso,
1451 2216 1509 2271 id
1550 2221 1640 2271 est
1670 2232 1882 2287 aquam
1912 2233 2012 2287 po-

365 2306 660 2364 stulando.
696 2308 761 2363 Et
779 2306 925 2363 dedit
946 2309 1027 2362 eis
1050 2308 1371 2378 petitionem
1387 2308 1650 2377 ipsorum,
1682 2313 1735 2361 et
1760 2307 1911 2360 misit
1931 2321 2014 2360 sa-

365 2398 649 2453 turitatem
676 2397 735 2451 in
764 2399 981 2451 animas
1007 2412 1199 2451 eorum
1221 2414 1238 2449 :
1272 2393 1641 2451 satisfaciens
1663 2393 2013 2450 animalitati

367 2508 569 2548 eorum
595 2512 608 2548 :
636 2501 686 2548 et
707 2495 1072 2548 irritaverant
1096 2494 1315 2563 Moysen
1339 2495 1399 2547 in
1418 2494 1632 2561 castris,
1656 2494 1835 2547 Aaron
1858 2508 2013 2547 sanc-

366 2588 511 2634 ctum
538 2581 778 2635 Domini.
837 2580 916 2634 Ex
949 2596 1067 2651 qua
1095 2580 1418 2635 irritatione
1452 2596 1466 2636 :
1515 2580 1713 2649 Aperta
1740 2584 1815 2634 est
1845 2587 2012 2646 terra,

367 2671 417 2723 et
447 2666 737 2735 deglutivit
755 2667 995 2732 Dathan,
1024 2670 1071 2721 et
1107 2670 1321 2737 operuit
1347 2683 1515 2735 super
1542 2668 2017 2738 congregationem

369 2756 569 2811 Abiron
601 2772 619 2810 :
651 2764 705 2811 et
732 2756 941 2810 exarsit
971 2755 1117 2824 ignis
1140 2757 1201 2809 in
1230 2771 1510 2827 synagoga
1536 2770 1759 2816 eorum;
1787 2757 2016 2825 ﬂamma

365 2845 660 2902 combussit
687 2848 1016 2916 peccatores.
1051 2843 1277 2899 Dathan
1311 2849 1366 2899 et
1389 2844 1606 2899 Abiron
1638 2844 1752 2897 duo
1780 2842 2017 2897 fuerunt

365 2933 656 3001 homines,
680 2934 983 3004 quiAaron
1011 2932 1070 2987 in
1095 2931 1488 2988 sacerdotium
1512 2948 1612 3003 per
1627 2930 1854 2986 Domini
1875 2947 2016 3002 prin-

367 3027 597 3093 ceptum
658 3025 1035 3092 assumptum
1103 3024 1307 3076 contra
1371 3024 1729 3092 praeceptum
1783 3019 2015 3075 Domini

367 3109 571 3165 multis
594 3109 706 3166 sibi
729 3109 1231 3165 consentientibus
1254 3112 1674 3179 praecesserunt
1694 3109 1765 3163 ad
1793 3108 2016 3164 thurili-

366 3199 619 3254 candum
655 3215 668 3255 :
704 3215 852 3270 quos
884 3203 1083 3270 aperta
1112 3203 1268 3254 terra
1298 3197 1626 3270 deglutivit,
1660 3203 2015 3270 ceterosque

368 3287 481 3343 sibi
508 3287 941 3343 consentientes
981 3287 1133 3358 ignis
1163 3287 1532 3359 consumpsit
1562 3286 1748 3358 (Num.
1773 3288 1908 3359 xw).
1940 3290 2015 3343 Et

367 3378 613 3448 fecerunt
643 3378 878 3433 vitulum
906 3379 966 3431 in
996 3377 1200 3441 Horeb,
1247 3386 1297 3432 et
1327 3376 1692 3432 adoraverunt
1740 3377 2011 3448 sculptile.

368 3475 434 3529 Et
459 3479 814 3530 mutaverunt
836 3475 1077 3545 gloriam
1105 3490 1281 3543 suam,
1314 3473 1369 3528 id
1406 3478 1513 3541 est,
1537 3474 1722 3529 Deum
1752 3475 1851 3546 qui
1876 3492 2014 3530 suos

369 3579 575 3618 omnes
607 3563 742 3618 facit
773 3562 1088 3635 gloriosos,
1120 3565 1181 3619 in
1206 3561 1638 3618 similitudinem
1673 3565 1838 3618 vituli
1864 3581 2015 3619 com-

366 3651 573 3708 edentis
598 3654 808 3723 fenum.
842 3653 1027 3711 Obliti
1048 3660 1174 3707 sunt
1197 3653 1366 3707 Deum
1395 3654 1492 3723 qui
1517 3652 1753 3706 saluauit
1777 3668 1888 3719 eos,
1921 3654 2016 3722 qui

364 3743 493 3812 fecit
524 3742 813 3811 magnali'd
846 3743 904 3795 in
935 3744 1197 3813 zEgypto,
1227 3741 1511 3795 mirabilia
1539 3742 1600 3794 in
1630 3746 1777 3794 terra
1819 3740 2010 3808 Citam,

364 3831 648 3885 terribilia
678 3833 739 3885 in
765 3832 916 3885 mari
945 3831 1124 3886 Rubro
1153 3848 1171 3883 :
1201 3837 1255 3884 et
1283 3828 1433 3883 dicit
1463 3836 1519 3883 ut
1546 3828 1877 3900 disperderet
1906 3844 2009 3886 eos.

367 3925 435 3980 Et
456 3942 654 3982 revera
674 3933 871 3983 essent
903 3928 1184 3999 dispersi,
1217 3927 1278 3982 Si
1300 3942 1411 3982 non
1438 3925 1640 3997 Moyses
1668 3927 1872 3981 electus
1899 3926 2015 3998 ejus

366 4015 601 4067 stetisset
632 4016 689 4067 in
721 4018 1112 4085 confractione,
1138 4016 1194 4070 id
1219 4020 1308 4070 est
1329 4016 1387 4070 in
1412 4014 1627 4070 mentis
1658 4013 2015 4086 humilitate,

366 4110 427 4164 in
449 4114 737 4180 conspectu
767 4112 904 4182 ejus,
934 4112 1121 4167 eidem
1145 4112 1321 4184 plagae
1351 4112 1599 4168 otl‘erens
1625 4128 1706 4179 se,
1737 4112 1875 4185 quia
1904 4113 2016 4185 ipsi

368 4198 611 4254 feriendi
635 4203 821 4264 erant,
849 4200 1050 4254 dicens
1073 4217 1090 4252 :
1121 4199 1383 4269 Domine,
1406 4201 1623 4255 dimitte
1644 4199 1857 4272 populo
1880 4200 2018 4256 huic

367 4288 509 4344 hanc
538 4303 748 4343 noxam
769 4305 787 4341 :
820 4286 910 4343 sin
937 4292 1154 4357 autem,
1187 4287 1308 4341 dele
1330 4304 1416 4341 me
1434 4287 1501 4343 de
1528 4289 1669 4344 libro
1692 4305 1851 4359 quem
1879 4292 2017 4345 scri-

368 4379 492 4434 sisti
521 4377 715 4450 (Exod.
743 4377 939 4449 XXXII).
966 4376 1027 4430 In
1052 4392 1168 4447 quo
1192 4375 1656 4431 demonstratum
1683 4382 1792 4444 est,
1827 4394 2019 4451 quan-

368 4470 496 4522 tum
550 4466 736 4522 valeat
782 4465 1120 4522 intercessio
1167 4468 1501 4520 sanctorum
1545 4482 1648 4537 pro
1690 4467 1819 4521 aliis
1863 4467 2016 4539 apud

371 4557 574 4621 Deum.
624 4560 875 4611 Securus
904 4554 1058 4610 enim
1092 4558 1215 4609 erat
1243 4552 1470 4625 Moyses
1501 4554 1571 4609 de
1603 4554 1838 4625 justitia
1866 4571 1975 4611 sua
2002 4571 2015 4609 :

2122 594 2382 651 delitatis
2409 596 2616 651 merito
2637 597 3091 669 redarguuntur,
3126 596 3267 669 quia
3292 595 3352 651 in
3375 612 3442 652 eo
3465 595 3621 667 quod
3648 598 3771 650 ter-

2123 701 2250 739 ram
2279 700 2381 756 pro
2413 684 2595 740 nihilo
2628 684 2981 755 habuerunt,
3012 685 3206 740 verbis
3236 684 3467 740 Domini
3509 700 3627 739 non
3648 699 3773 739 cre-

2122 772 2397 827 diderunt
2421 788 2434 826 :
2469 772 2684 843 quibus
2715 773 2985 844 promisit
3013 777 3230 828 aeterna
3256 790 3361 846 per
3387 773 3509 829 haec
3537 777 3768 845 tempo-

2122 859 2286 915 ralia.
2344 863 2466 916 Non
2511 861 2856 916 credidirunt
2886 862 3040 917 verbo
3067 864 3205 933 ejus,
3239 862 3422 935 Moysi
3451 860 3766 917 videlicet:

2121 956 2171 1005 et
2197 954 2687 1006 murmuraverunt
2716 952 2775 1004 in
2808 949 3174 1007 tabernaculis
3201 952 3342 1020 suis,
3373 955 3426 1007 et
3454 967 3565 1006 non
3593 967 3769 1007 exau-

2119 1037 2340 1093 dierunt
2359 1054 2543 1093 vocem
2564 1039 2804 1105 Domini,
2836 1039 3210 1095 vehementer
3236 1056 3336 1096 eos
3366 1056 3398 1094 a
3431 1056 3767 1095 murmura-

2120 1125 2276 1179 tione
2322 1124 2705 1197 prohibentis.
2763 1130 2828 1183 Et
2873 1128 3107 1183 elevavit
3150 1144 3380 1183 manum
3408 1145 3570 1184 suam
3598 1146 3772 1201 super

2120 1228 2234 1281 eos,
2283 1217 2345 1268 ut
2368 1218 2705 1283 prosteneret
2729 1231 2817 1271 eos
2847 1217 2909 1270 in
2950 1216 3160 1272 deserto
3177 1258 3190 1282 ,
3240 1216 3299 1271 id
3350 1222 3439 1273 est
3488 1217 3768 1274 elevando

2122 1318 2365 1358 manum
2387 1303 2618 1359 distulit
2639 1304 3101 1376 percussionem,
3124 1310 3183 1360 et
3210 1305 3324 1378 ipsi
3355 1306 3595 1379 gravius
3618 1324 3772 1364 com-

2122 1389 2411 1446 miserunt
2439 1397 2767 1463 peccatum.
2814 1397 2882 1449 Et
2906 1401 2968 1448 ut
2996 1393 3249 1465 dejiceret
3275 1410 3459 1450 semen
3485 1410 3683 1451 eorum
3710 1398 3766 1451 in

2120 1480 2437 1535 nationibus
2457 1486 2507 1535 et
2524 1480 2853 1552 dispergeret
2872 1497 2958 1537 eos
2983 1484 3041 1536 in
3060 1483 3397 1550 regionibus.
3429 1482 3499 1537 Et
3527 1483 3645 1555 ipsi
3678 1488 3771 1539 ta-

2122 1582 2288 1633 men,
2337 1566 2471 1623 licet
2500 1569 2571 1623 ad
2602 1569 2713 1624 hoc
2742 1569 3022 1626 elevasset
3055 1586 3328 1642 manum,
3376 1572 3595 1628 initiati
3635 1582 3775 1629 sunt

2121 1655 2476 1726 Beelphegor,
2508 1656 2566 1711 id
2599 1663 2719 1722 est,
2747 1657 2920 1714 idolis
2958 1659 3223 1731 gentium
3252 1659 3565 1716 sacriﬁcati
3608 1666 3769 1718 sunt.

2121 1744 2333 1812 Phegor
2360 1749 2450 1799 est
2474 1744 2659 1813 locus,
2693 1745 2824 1802 Beel
2852 1747 2997 1803 deus
3026 1747 3286 1820 gentium
3305 1790 3319 1816 ,
3352 1748 3540 1805 factus
3570 1750 3632 1806 in
3664 1751 3771 1808 ho-

2123 1848 2325 1887 norem
2346 1833 2655 1904 cujusdam
2689 1835 2843 1907 regis
2866 1835 3005 1890 dicti
3033 1835 3164 1892 Beel
3189 1853 3203 1892 :
3235 1845 3288 1893 et
3303 1838 3656 1895 comederunt
3680 1857 3769 1896 sa-

2119 1921 2303 1991 ciﬁcia
2321 1926 2694 1985 mortuorum;
2725 1923 2864 1994 quia
2893 1925 3048 1995 quod
3079 1923 3140 1979 in
3170 1925 3388 1982 honore
3416 1926 3584 1984 illius
3613 1930 3771 2001 regis

2122 2010 2562 2080 sacriﬁcabant,
2594 2011 2704 2067 hoc
2735 2012 3128 2068 sacriﬁcatum
3159 2015 3561 2072 comederunt.
3594 2019 3660 2073 Et
3690 2020 3771 2072 ir-

2122 2100 2430 2155 ritaverant
2445 2116 2569 2155 eum
2586 2103 2644 2156 in
2667 2101 3146 2157 adinventionibus
3164 2104 3308 2157 suis:
3328 2120 3444 2159 non
3467 2106 3625 2176 quod
3647 2123 3770 2162 sua:

2124 2192 2320 2244 essent
2344 2189 2801 2257 adinventiones,
2822 2190 2923 2246 sed
2948 2192 3100 2262 quod
3124 2192 3388 2264 gentium
3411 2194 3771 2252 adinventio—

2124 2293 2227 2332 nes
2257 2293 2395 2333 suas
2428 2278 2724 2334 fecerunt:
2758 2287 2810 2335 et
2836 2280 3209 2351 multiplicata
3244 2285 3323 2337 est
3350 2284 3412 2336 in
3441 2284 3522 2337 eis
3551 2286 3723 2340 ruina
3749 2302 3769 2339 :

2123 2369 2181 2420 et
2210 2364 2700 2437 multiplicaretur
2728 2365 2948 2435 adhuc,
2983 2366 3095 2422 nisi
3126 2367 3235 2423 hoc
3264 2372 3420 2425 esset
3450 2370 3610 2441 quod
3640 2370 3767 2427 aliis

2124 2454 2470 2510 cadentibus
2492 2456 2642 2509 stetit
2663 2455 2895 2510 Phinees
2915 2455 3208 2522 sacerdos,
3224 2455 3384 2513 illius
3411 2457 3517 2512 ﬁlii
3537 2459 3727 2515 Aaron
3751 2477 3764 2513 :

2124 2552 2175 2599 et
2203 2544 2441 2614 placavit
2474 2543 2804 2609 Dominum,
2838 2543 2977 2615 quia
3008 2545 3308 2600 Hebreum
3341 2550 3401 2602 et
3430 2547 3767 2604 Madianiti-

2125 2632 2261 2687 dam
2293 2631 2550 2703 puellam
2583 2633 2641 2687 in
2672 2632 2958 2689 adulterio
2989 2632 3318 2706 amplexos,
3369 2637 3765 2708 apprehensos

2124 2721 2341 2792 pariter
2368 2721 2657 2777 interfecit
2697 2722 2891 2793 (Num.
2923 2723 3083 2794 xxv).
3135 2724 3199 2779 Et
3226 2723 3311 2779 sic
3340 2728 3574 2782 cessavit
3603 2744 3765 2800 quas-

2122 2811 2280 2864 satio.
2314 2810 2477 2873 Quod
2523 2809 2569 2864 si
2598 2811 2731 2866 odio
2762 2827 2992 2882 eorum,
3025 2827 3142 2867 non
3173 2810 3488 2871 dilectione
3520 2816 3763 2888 fecisset,

2126 2914 2241 2953 non
2272 2901 2427 2953 esset
2451 2899 2502 2953 ei
2534 2904 2872 2970 reputatum
2906 2900 2975 2955 ad
2998 2899 3318 2970 justitiam.
3349 2902 3464 2959 Sed
3484 2904 3627 2976 quia
3656 2921 3764 2961 non

2124 2986 2277 3057 odio,
2302 2986 2402 3042 sed
2431 2984 2737 3043 dilectione
2758 2988 2973 3044 factum
2996 2992 3103 3057 est,
3128 2993 3453 3061 Reputatum
3481 2996 3560 3048 est
3588 2995 3646 3047 in
3668 2995 3769 3065 ju-

2122 3075 2356 3143 stitiam,
2409 3077 2469 3130 in
2513 3077 2921 3147 generationem
2965 3081 3017 3133 et
3062 3080 3461 3147 generationem
3506 3096 3677 3151 usque
3708 3084 3771 3136 in

2122 3163 2520 3233 sempiternum
2550 3181 2569 3217 :
2597 3171 2649 3219 et
2676 3165 3046 3220 irritaverant
3071 3181 3197 3221 eum
3219 3165 3289 3220 ad
3312 3182 3510 3236 aquam
3536 3171 3763 3222 contra-

2044 3235 2087 3302 C
2125 3251 2430 3307 dictionis:
2478 3259 2531 3306 et
2560 3255 2786 3307 vexatus
2831 3257 2912 3308 est
2942 3256 3161 3325 Moyses
3201 3235 3407 3326 propter
3451 3270 3577 3322 eos,
3630 3255 3772 3327 quia

2124 3342 2594 3396 exacerbaverunt
2637 3342 2896 3412 spiritum
2946 3344 3084 3414 ejus.
3135 3347 3203 3399 Et
3235 3343 3486 3398 distinxit
3510 3345 3575 3398 in
3607 3345 3778 3402 labiis

2120 3430 2251 3484 suis.
2304 3429 2677 3503 Distinguere
2705 3428 2862 3485 labia
2889 3435 2979 3486 est
3005 3431 3343 3487 dubitanter
3369 3430 3564 3504 loqui,
3622 3434 3780 3506 quod

2123 3517 2258 3573 fecit
2287 3518 2514 3591 Moyses
2545 3518 2603 3572 in
2636 3517 2746 3574 hoc
2777 3518 3058 3576 miraculo
3089 3536 3224 3576 cum
3256 3521 3406 3576 dixit
3439 3539 3453 3576 :
3497 3521 3777 3595 Nunquid

2125 3606 2451 3678 poterimus
2476 3607 2548 3661 de
2568 3610 2731 3677 petra
2763 3607 2870 3662 hac
2898 3608 3144 3664 educere
3173 3625 3393 3681 aquam
3421 3609 3612 3681 (Num.
3644 3611 3781 3684 xx)?

2124 3711 2239 3750 non
2265 3695 2570 3750 attendens
2592 3695 2730 3765 quia
2761 3695 2947 3752 multa
2972 3696 3266 3753 mirabilia
3286 3713 3392 3766 per
3420 3714 3560 3754 eum
3586 3700 3770 3755 Domi-

2123 3799 2236 3838 nus
2265 3786 2421 3838 esset
2449 3787 2724 3854 operatus
2750 3801 2761 3837 :
2802 3801 2913 3840 non
2941 3784 3390 3856 disperdiderunt
3423 3792 3605 3855 gentes
3629 3802 3767 3857 quas

2122 3871 2269 3927 dixit
2297 3872 2562 3927 Dominus
2591 3872 2706 3927 illis
2728 3889 2749 3934 ;
2799 3873 2938 3945 quia
2966 3874 3188 3929 inducti
3215 3874 3276 3929 in
3304 3880 3495 3932 teram
3524 3876 3762 3948 promis—

2124 3960 2337 4031 sionis,
2388 3976 2504 4015 non
2546 3960 2894 4032 expulerunt
2921 3965 3153 4034 gentes,
3204 3966 3271 4018 ut
3300 3963 3388 4019 eis
3417 3968 3767 4036 praeceptum

2125 4048 2280 4104 fuit:
2333 4053 2390 4103 et
2417 4051 2694 4104 commisti
2726 4054 2860 4105 sunt
2905 4052 3054 4105 inter
3097 4054 3322 4120 gentes;
3370 4055 3425 4107 et
3470 4052 3779 4109 didicerunt

2125 4154 2292 4210 opera
2320 4153 2536 4206 eorum,
2568 4143 2623 4193 et
2651 4140 2958 4194 seruierunt
2985 4140 3339 4212 sculptilibus
3367 4156 3585 4209 eorum,
3616 4146 3667 4199 et
3694 4142 3782 4217 Ῑαρ

2125 4229 2276 4283 ctum
2306 4233 2387 4281 est
2419 4227 2540 4282 illis
2569 4228 2632 4281 in
2659 4227 2979 4283 scandalum
3009 4246 3027 4283 :
3078 4237 3131 4284 et
3162 4230 3597 4286 immolaverunt
3644 4233 3780 4302 ﬁlios

2126 4331 2250 4371 suos
2269 4359 2284 4383 ,
2332 4319 2384 4371 et
2411 4315 2562 4385 ﬁlias
2589 4332 2718 4371 suas
2746 4316 3044 4373 dwmoniis
3075 4336 3094 4373 :
3124 4322 3176 4372 et
3210 4318 3525 4391 eﬂuderunt
3548 4322 3779 4389 sangui-

2126 4420 2255 4459 nem
2284 4405 2649 4471 innocentem,
2679 4407 3010 4476 sanguinem
3042 4406 3285 4475 ﬁliorum
3314 4423 3549 4462 suorum
3567 4416 3625 4464 et
3644 4409 3786 4479 ﬁlia-

2128 4510 2255 4547 rum
2283 4509 2543 4564 suarum,
2594 4510 2732 4565 quas
2785 4495 3246 4565 sacriﬁcaverunt
3290 4496 3594 4567 sculptibus
3650 4498 3789 4554 Cha-

2050 4603 2097 4668 Ι)
2129 4598 2318 4636 naam.
2355 4582 2474 4637 Hoc
2501 4582 2563 4637 in
2589 4582 2836 4639 historia
2856 4600 2971 4639 non
3003 4583 3293 4641 habetur:
3327 4585 3428 4641 sed
3453 4584 3538 4640 ita
3568 4586 3786 4642 factum

372 4652 531 4747 (ᾆξιίᾶυ
565 4668 700 4707 cum
731 4652 912 4747 ἀθξθῗί
943 4655 1308 4747 Πφτζροδρθῖι
1338 4651 1673 4747 impetravit
1697 4651 2020 4747 miaePiPO"
2050 4651 2096 4668 u
2129 4670 2310 4726 fuisse
2342 4671 2699 4726 credendum
2730 4677 2821 4727 est
2850 4672 3179 4745 Prophetas,
3232 4673 3331 4746 qui
3363 4689 3468 4746 per
3496 4674 3782 4747 Spiritum

370 4737 529 4832 dial?
561 4755 633 4832 ηεξ
662 4755 766 4832 θεῇ
791 4740 1011 4832 deleret
1040 4738 1500 4832 θοωξηυεᾲίῖυοξ
1523 4740 1684 4809 ius“
1716 4745 1933 4832 Ροεεθῖτ
1966 4746 2025 4796 et
2130 4764 2400 4815 sanctum
2426 4759 2520 4814 hic
2546 4759 2841 4832 loquitur:
2874 4737 3179 4818 interfecta
3207 4737 3285 4817 est
3312 4737 3383 4817 m’
3403 4737 3561 4819 ιω·νᾶ
3584 4766 3645 4819 in
3665 4780 3785 4819 san-

370 4827 534 4883 stetit
584 4827 669 4882 sic
712 4828 938 4900 Moyses
986 4831 1046 4883 in
1075 4829 1444 4898 confractione
1472 4829 1535 4882 in
1560 4837 1851 4900 conspectu
1878 4830 2018 4901 ejus.

366 4927 543 4992 Dixit,
570 4941 685 4979 non
709 4928 903 4979 autem
926 4924 1056 4980 ideo
1080 4925 1334 4996 positum
1360 4928 1466 4993 est,
1491 4926 1644 4995 quod
1671 4925 1825 4981 Deus
1847 4926 2023 4984 dixis-

368 5019 457 5072 set
489 5030 502 5069 :
557 5014 695 5086 quia
726 5012 774 5069 si
806 5011 1078 5080 dixisset,
1114 5029 1311 5069 revera
1343 5014 1613 5081 fecisset;
1649 5014 1751 5070 sed
1782 5020 2019 5087 propter

365 5103 739 5176 iniquitatem
763 5100 996 5157 illorum
1019 5101 1243 5156 dictum
1266 5105 1375 5167 est,
1392 5118 1518 5173 quae
1536 5099 2021 5160 videbaturtanta

367 5209 515 5257 esse,
539 5192 694 5264 quod
720 5192 929 5255 merito
960 5207 1063 5263 per
1090 5188 1254 5246 illam
1288 5190 1516 5245 delendi
1548 5197 1715 5247 erant
1746 5192 1815 5249 de
1844 5196 2017 5264 terra,

368 5291 537 5363 quasi
573 5295 722 5345 Deus
751 5288 1033 5344 dixisset:
1073 5290 1135 5345 Ut
1164 5293 1434 5344 averteret
1476 5288 1622 5343 iram
1651 5290 1769 5361 ejus
1806 5306 1874 5346 ne
1901 5291 2016 5346 dis-

362 5379 616 5453 perderet
642 5395 750 5446 eos,
765 5388 817 5433 et
846 5394 945 5449 pro
973 5378 1153 5433 nihilo
1184 5378 1492 5433 habuerunt
1521 5381 1732 5433 terram
1745 5378 2022 5436 desidera-

371 5467 553 5522 bilem.
578 5467 750 5522 Nullo
775 5466 947 5522 modo
970 5466 1365 5538 culparentur,
1390 5465 1528 5537 quia
1549 5471 1763 5522 terram
1791 5468 2017 5525 deside-

371 5556 615 5612 rabilem
647 5556 994 5611 habuissent
1025 5572 1127 5628 pro
1176 5556 1381 5621 nihilo,
1417 5572 1550 5611 cum
1585 5572 1692 5612 nos
1723 5556 1897 5612 etiam
1930 5575 2020 5614 re-

372 5660 556 5714 gnum
580 5644 903 5716 temporale
934 5662 1036 5716 pro
1060 5644 1243 5700 nihilo
1268 5644 1484 5700 habere
1524 5644 1912 5717 debemus,ut
1932 5648 2021 5703 Je-

374 5729 630 5786 rusalem
658 5732 899 5788 liberam
921 5737 1167 5788 matrem
1193 5736 1477 5800 nostram,
1494 5748 1621 5802 qua
1644 5737 1733 5789 est
1751 5733 1810 5790 in
1834 5735 2016 5808 caelis,

2128 4848 2407 4919 guinibus,
2440 4848 2499 4903 id
2530 4853 2639 4914 est,
2671 4849 3030 4906 habitatores
3062 4854 3226 4907 terrae
3251 4852 3310 4906 in
3335 4851 3624 4908 eti‘usione
3653 4870 3786 4909 san-

2130 4936 2328 5009 guinis
2362 4936 2574 4992 mortui
2603 4941 2771 4993 sunt:
2799 4946 2851 4993 et
2879 4937 2988 4994 hoc
3007 4937 3157 5005 ideo,
3192 4940 3332 5011 quia
3360 4941 3539 4995 iratus
3568 4950 3654 4997 est
3680 4942 3785 4997 Do-

2127 5027 2314 5080 minus
2358 5028 2548 5097 furore
2576 5028 2636 5080 in
2664 5027 2928 5098 populum
2970 5043 3165 5097 suum,
3216 5037 3265 5084 et
3307 5029 3663 5086 abominatus
3711 5033 3784 5086 est

2128 5114 2502 5170 haereditatem
2554 5130 2714 5170 suam
2741 5134 2763 5170 .-
2812 5125 2864 5172 et
2910 5116 3139 5173 tradidit
3187 5133 3273 5173 eos
3313 5120 3375 5174 in
3408 5133 3623 5174 manu
3649 5136 3782 5189 gen-

2128 5204 2271 5260 tium
2298 5219 2317 5256 :
2366 5206 2417 5257 et
2444 5202 2719 5259 dominati
2761 5213 2890 5261 sunt
2936 5221 3125 5262 eorum
3151 5209 3253 5279 qui
3278 5209 3512 5263 oderunt
3539 5223 3631 5263 eos
3664 5227 3685 5264 :
3733 5214 3785 5264 et

2128 5292 2535 5349 tribuluuerunt
2553 5306 2641 5347 eos
2666 5294 2882 5349 inimici
2903 5309 3087 5350 eorum
3105 5314 3127 5350 :
3146 5301 3199 5353 et
3218 5296 3505 5351 humiliati
3520 5304 3658 5351 sinit
3683 5297 3783 5353 sub

2127 5382 2384 5437 manibus
2421 5396 2611 5435 eorum
2638 5397 2657 5433 :
2704 5396 2851 5454 saepe
2879 5383 3147 5440 liberauit
3174 5400 3261 5440 eos
3288 5402 3307 5439 :
3353 5385 3469 5453 ipsi
3502 5393 3691 5440 autem
3719 5383 3785 5439 lio

2128 5470 2313 5525 berati
2347 5470 2562 5525 iterum
2593 5470 3064 5527 exacerbaverunt
3108 5490 3232 5529 eum
3278 5475 3339 5528 in
3384 5474 3622 5529 consilio
3651 5487 3777 5541 suo,

2129 5562 2453 5629 quaerentes
2474 5574 2602 5630 quae
2625 5574 2733 5613 sua
2752 5565 2939 5630 erant,
2965 5576 3080 5616 non
3103 5578 3231 5633 quae
3261 5560 3381 5627 Dei,
3411 5565 3467 5617 et
3495 5560 3780 5617 humiliati

2127 5653 2257 5703 sunt
2277 5647 2337 5701 in
2360 5646 2747 5719 iniquitatibus
2765 5650 2900 5704 suis.
2922 5648 2993 5704 Et
3007 5650 3291 5707 Dominus
3310 5649 3593 5707 viditcum
3606 5648 3777 5706 tribu-

2129 5737 2380 5793 tarentur
2404 5750 2424 5791 :
2453 5743 2504 5792 et
2532 5727 2743 5795 audivit
2769 5739 3085 5815 orationem~
3098 5755 3291 5799 eorum
3310 5756 3330 5796 :
3359 5748 3416 5798 et
3440 5754 3649 5798 memor
3663 5739 3780 5811 fuit
