  <div class='ocr_page' id='page_1' title='image "/cluster/home/n/w/nwhite01/storage/ocr_20150623/131/hvd.32044054759923/356.png"; bbox 0 0 4024 6192; ppageno 0'>
   <div class='ocr_carea' id='block_1_1' title="bbox 254 333 3661 459">
    <p class='ocr_par' dir='ltr' id='par_1_1' title="bbox 254 333 3661 459">
     <span class='ocr_line' id='line_1_1' title="bbox 254 333 3661 459; baseline -0.006 1"><span class='ocrx_word' id='word_1_1' title='bbox 254 391 387 459; x_wconf 67' lang='lat' dir='ltr'><strong>e97</strong></span> <span class='ocrx_word' id='word_1_2' title='bbox 1382 333 1995 451; x_wconf 59' lang='lat' dir='ltr'><strong>ENAnaA&#39;riones</strong></span> <span class='ocrx_word' id='word_1_3' title='bbox 2036 377 2119 441; x_wconf 86' lang='lat' dir='ltr'><strong>IN</strong></span> <span class='ocrx_word' id='word_1_4' title='bbox 2162 376 2542 443; x_wconf 56' lang='lat' dir='ltr'><strong>pannos.</strong></span> <span class='ocrx_word' id='word_1_5' title='bbox 3542 368 3661 439; x_wconf 78' lang='lat' dir='ltr'><strong>sse</strong></span> 
     </span>
    </p>
   </div>
   <div class='ocr_carea' id='block_1_2' title="bbox 274 506 3661 603">
    <p class='ocr_par' dir='ltr' id='par_1_2' title="bbox 274 506 3661 603">
     <span class='ocr_line' id='line_1_2' title="bbox 274 506 3661 603; baseline -0.007 -17"><span class='ocrx_word' id='word_1_6' title='bbox 274 528 492 603; x_wconf 81' lang='lat' dir='ltr'><strong>quibus</strong></span> <span class='ocrx_word' id='word_1_7' title='bbox 511 527 574 584; x_wconf 91' lang='lat' dir='ltr'><strong>in</strong></span> <span class='ocrx_word' id='word_1_8' title='bbox 600 541 792 585; x_wconf 90' lang='lat' dir='ltr'><strong>errore</strong></span> <span class='ocrx_word' id='word_1_9' title='bbox 814 525 1217 583; x_wconf 88' lang='lat' dir='ltr'><strong>tentabantur:</strong></span> <span class='ocrx_word' id='word_1_10' title='bbox 1236 522 1527 595; x_wconf 90' lang='lat' dir='ltr'><strong>quomodo</strong></span> <span class='ocrx_word' id='word_1_11' title='bbox 1550 536 1613 575; x_wconf 90' lang='lat' dir='ltr'><strong>se</strong></span> <span class='ocrx_word' id='word_1_12' title='bbox 1634 530 1906 590; x_wconf 76' lang='lat' dir='ltr'><strong>recogn‘o-</strong></span> <span class='ocrx_word' id='word_1_13' title='bbox 1935 512 1987 580; x_wconf 75' lang='grc' dir='ltr'>Α</span> <span class='ocrx_word' id='word_1_14' title='bbox 2018 513 2326 569; x_wconf 83' lang='lat' dir='ltr'><strong>resistendi</strong></span> <span class='ocrx_word' id='word_1_15' title='bbox 2349 512 2521 569; x_wconf 83' lang='lat' dir='ltr'><strong>veteri</strong></span> <span class='ocrx_word' id='word_1_16' title='bbox 2556 507 2988 577; x_wconf 81' lang='lat' dir='ltr'><strong>consuetudini,</strong></span> <span class='ocrx_word' id='word_1_17' title='bbox 3010 510 3068 566; x_wconf 91' lang='lat' dir='ltr'><strong>et</strong></span> <span class='ocrx_word' id='word_1_18' title='bbox 3096 506 3484 603; x_wconf 66' lang='lat' dir='ltr'><strong>sicinfirmati</strong></span> <span class='ocrx_word' id='word_1_19' title='bbox 3510 511 3661 573; x_wconf 84' lang='lat' dir='ltr'><strong>sunt,</strong></span> 
     </span>
    </p>
   </div>
   <div class='ocr_carea' id='block_1_3' title="bbox 275 595 3667 684">
    <p class='ocr_par' dir='ltr' id='par_1_3' title="bbox 275 595 3667 684">
     <span class='ocr_line' id='line_1_3' title="bbox 275 595 3667 684; baseline -0.007 -10"><span class='ocrx_word' id='word_1_20' title='bbox 275 595 526 684; x_wconf 75' lang='lat' dir='ltr'><strong>scentes,</strong></span> <span class='ocrx_word' id='word_1_21' title='bbox 561 615 760 672; x_wconf 86' lang='lat' dir='ltr'><strong>dolent</strong></span> <span class='ocrx_word' id='word_1_22' title='bbox 790 631 851 670; x_wconf 90' lang='lat' dir='ltr'><strong>se</strong></span> <span class='ocrx_word' id='word_1_23' title='bbox 883 631 1011 670; x_wconf 88' lang='lat' dir='ltr'><strong>esse</strong></span> <span class='ocrx_word' id='word_1_24' title='bbox 1039 613 1101 668; x_wconf 91' lang='lat' dir='ltr'><strong>in</strong></span> <span class='ocrx_word' id='word_1_25' title='bbox 1142 626 1337 667; x_wconf 89' lang='lat' dir='ltr'><strong>errore</strong></span> <span class='ocrx_word' id='word_1_26' title='bbox 1362 628 1375 666; x_wconf 87' lang='lat'><strong>:</strong></span> <span class='ocrx_word' id='word_1_27' title='bbox 1409 610 1509 665; x_wconf 91' lang='lat' dir='ltr'><strong>sed</strong></span> <span class='ocrx_word' id='word_1_28' title='bbox 1543 608 1732 663; x_wconf 87' lang='lat' dir='ltr'><strong>adhuc</strong></span> <span class='ocrx_word' id='word_1_29' title='bbox 1758 605 1912 660; x_wconf 88' lang='lat' dir='ltr'><strong>viam</strong></span> <span class='ocrx_word' id='word_1_30' title='bbox 2022 604 2080 658; x_wconf 90' lang='lat' dir='ltr'>id</span> <span class='ocrx_word' id='word_1_31' title='bbox 2104 606 2211 668; x_wconf 89' lang='lat' dir='ltr'><strong>est,</strong></span> <span class='ocrx_word' id='word_1_32' title='bbox 2232 601 2497 657; x_wconf 79' lang='lat' dir='ltr'><strong>infirmos</strong></span> <span class='ocrx_word' id='word_1_33' title='bbox 2519 606 2717 657; x_wconf 86' lang='lat' dir='ltr'><strong>contra</strong></span> <span class='ocrx_word' id='word_1_34' title='bbox 2742 604 2963 656; x_wconf 79' lang='lat' dir='ltr'><strong>veteres</strong></span> <span class='ocrx_word' id='word_1_35' title='bbox 2979 595 3432 653; x_wconf 82' lang='lat' dir='ltr'><strong>consuetudines</strong></span> <span class='ocrx_word' id='word_1_36' title='bbox 3454 611 3517 650; x_wconf 88' lang='lat' dir='ltr'><strong>se</strong></span> <span class='ocrx_word' id='word_1_37' title='bbox 3539 610 3667 650; x_wconf 90' lang='lat' dir='ltr'><strong>esse</strong></span> 
     </span>
    </p>
   </div>
   <div class='ocr_carea' id='block_1_4' title="bbox 270 684 3666 779">
    <p class='ocr_par' dir='ltr' id='par_1_4' title="bbox 270 684 3666 779">
     <span class='ocr_line' id='line_1_4' title="bbox 270 684 3666 779; baseline -0.007 -16"><span class='ocrx_word' id='word_1_38' title='bbox 270 706 536 763; x_wconf 80' lang='lat' dir='ltr'><strong>veritatis</strong></span> <span class='ocrx_word' id='word_1_39' title='bbox 566 706 921 779; x_wconf 78' lang='lat' dir='ltr'><strong>ignorantes,</strong></span> <span class='ocrx_word' id='word_1_40' title='bbox 952 701 1279 757; x_wconf 84' lang='lat' dir='ltr'><strong>nescientes</strong></span> <span class='ocrx_word' id='word_1_41' title='bbox 1308 717 1342 755; x_wconf 92' lang='lat' dir='ltr'><strong>a</strong></span> <span class='ocrx_word' id='word_1_42' title='bbox 1377 716 1491 771; x_wconf 91' lang='lat' dir='ltr'><strong>quo</strong></span> <span class='ocrx_word' id='word_1_43' title='bbox 1522 697 1639 753; x_wconf 90' lang='lat' dir='ltr'><strong>sint</strong></span> <span class='ocrx_word' id='word_1_44' title='bbox 1664 692 1913 761; x_wconf 82' lang='lat' dir='ltr'><strong>excitati,</strong></span> <span class='ocrx_word' id='word_1_45' title='bbox 2025 694 2499 761; x_wconf 86' lang='lat' dir='ltr'><strong>recognoverunt.</strong></span> <span class='ocrx_word' id='word_1_46' title='bbox 2549 691 2619 744; x_wconf 88' lang='lat' dir='ltr'><strong>Et</strong></span> <span class='ocrx_word' id='word_1_47' title='bbox 2668 705 2781 745; x_wconf 90' lang='lat' dir='ltr'><strong>non</strong></span> <span class='ocrx_word' id='word_1_48' title='bbox 2828 690 2944 759; x_wconf 88' lang='lat' dir='ltr'><strong>fuit</strong></span> <span class='ocrx_word' id='word_1_49' title='bbox 2988 689 3084 759; x_wconf 98' lang='lat' dir='ltr'><strong>qui</strong></span> <span class='ocrx_word' id='word_1_50' title='bbox 3130 687 3433 759; x_wconf 86' lang='lat' dir='ltr'><strong>adjuvaret,</strong></span> <span class='ocrx_word' id='word_1_51' title='bbox 3466 684 3523 739; x_wconf 93' lang='lat' dir='ltr'><strong>id</strong></span> <span class='ocrx_word' id='word_1_52' title='bbox 3558 688 3666 750; x_wconf 89' lang='lat' dir='ltr'><strong>est,</strong></span> 
     </span>
    </p>
   </div>
   <div class='ocr_carea' id='block_1_5' title="bbox 272 774 3667 863">
    <p class='ocr_par' dir='ltr' id='par_1_5' title="bbox 272 774 3667 863">
     <span class='ocr_line' id='line_1_5' title="bbox 272 774 3667 863; baseline -0.007 -12"><span class='ocrx_word' id='word_1_53' title='bbox 272 795 541 852; x_wconf 81' lang='lat' dir='ltr'><strong>esuriant</strong></span> <span class='ocrx_word' id='word_1_54' title='bbox 561 774 617 849; x_wconf 75' lang='lat' dir='ltr'><strong>et</strong></span> <span class='ocrx_word' id='word_1_55' title='bbox 637 793 846 849; x_wconf 90' lang='lat' dir='ltr'><strong>sitiunt</strong></span> <span class='ocrx_word' id='word_1_56' title='bbox 866 792 1155 863; x_wconf 84' lang='lat' dir='ltr'><strong>justitiam</strong></span> <span class='ocrx_word' id='word_1_57' title='bbox 1179 790 1395 860; x_wconf 86' lang='lat' dir='ltr'><strong>ubique</strong></span> <span class='ocrx_word' id='word_1_58' title='bbox 1420 789 1741 858; x_wconf 69' lang='lat' dir='ltr'><strong>quaerentes</strong></span> <span class='ocrx_word' id='word_1_59' title='bbox 1764 782 1919 838; x_wconf 91' lang='lat' dir='ltr'><strong>unde</strong></span> <span class='ocrx_word' id='word_1_60' title='bbox 2026 779 2437 835; x_wconf 82' lang='lat' dir='ltr'><strong>intellexerunt</strong></span> <span class='ocrx_word' id='word_1_61' title='bbox 2462 777 2689 832; x_wconf 91' lang='lat' dir='ltr'><strong>nullum</strong></span> <span class='ocrx_word' id='word_1_62' title='bbox 2724 794 2851 833; x_wconf 84' lang='lat' dir='ltr'><strong>esse</strong></span> <span class='ocrx_word' id='word_1_63' title='bbox 2880 778 3210 846; x_wconf 87' lang='lat' dir='ltr'><strong>adjutorem</strong></span> <span class='ocrx_word' id='word_1_64' title='bbox 3234 780 3439 849; x_wconf 69' lang='lat' dir='ltr'><strong>praeter</strong></span> <span class='ocrx_word' id='word_1_65' title='bbox 3460 774 3667 843; x_wconf 87' lang='lat' dir='ltr'><strong>Deum,</strong></span> 
     </span>
    </p>
   </div>
   <div class='ocr_carea' id='block_1_6' title="bbox 270 865 3673 950">
    <p class='ocr_par' dir='ltr' id='par_1_6' title="bbox 270 865 3673 950">
     <span class='ocr_line' id='line_1_6' title="bbox 270 865 3673 950; baseline -0.006 -9"><span class='ocrx_word' id='word_1_66' title='bbox 270 884 630 949; x_wconf 79' lang='lat' dir='ltr'><strong>reﬁciantur,</strong></span> <span class='ocrx_word' id='word_1_67' title='bbox 652 882 812 937; x_wconf 87' lang='lat' dir='ltr'><strong>velut</strong></span> <span class='ocrx_word' id='word_1_68' title='bbox 834 882 904 936; x_wconf 88' lang='lat' dir='ltr'><strong>de</strong></span> <span class='ocrx_word' id='word_1_69' title='bbox 924 879 1187 936; x_wconf 88' lang='lat' dir='ltr'><strong>Cornelio</strong></span> <span class='ocrx_word' id='word_1_70' title='bbox 1212 878 1443 950; x_wconf 81' lang='lat' dir='ltr'><strong>legitur,</strong></span> <span class='ocrx_word' id='word_1_71' title='bbox 1477 875 1578 947; x_wconf 87' lang='lat' dir='ltr'><strong>qui</strong></span> <span class='ocrx_word' id='word_1_72' title='bbox 1605 878 1918 944; x_wconf 86' lang='lat' dir='ltr'><strong>antequam</strong></span> <span class='ocrx_word' id='word_1_73' title='bbox 2027 878 2077 925; x_wconf 88' lang='lat' dir='ltr'><strong>et</strong></span> <span class='ocrx_word' id='word_1_74' title='bbox 2107 870 2189 925; x_wconf 89' lang='lat' dir='ltr'><strong>sic</strong></span> <span class='ocrx_word' id='word_1_75' title='bbox 2219 869 2591 924; x_wconf 80' lang='lat' dir='ltr'><strong>clamauerunt</strong></span> <span class='ocrx_word' id='word_1_76' title='bbox 2611 868 2683 921; x_wconf 89' lang='lat' dir='ltr'><strong>ad</strong></span> <span class='ocrx_word' id='word_1_77' title='bbox 2716 870 3013 922; x_wconf 87' lang='lat' dir='ltr'><strong>Dominum</strong></span> <span class='ocrx_word' id='word_1_78' title='bbox 3041 883 3164 921; x_wconf 92' lang='lat' dir='ltr'><strong>cum</strong></span> <span class='ocrx_word' id='word_1_79' title='bbox 3181 866 3599 931; x_wconf 87' lang='lat' dir='ltr'><strong>tribularenter,</strong></span> <span class='ocrx_word' id='word_1_80' title='bbox 3622 865 3673 919; x_wconf 87' lang='lat' dir='ltr'><strong>et</strong></span> 
     </span>
    </p>
   </div>
   <div class='ocr_carea' id='block_1_7' title="bbox 271 960 1919 1046">
    <p class='ocr_par' dir='ltr' id='par_1_7' title="bbox 271 960 1919 1046">
     <span class='ocr_line' id='line_1_7' title="bbox 271 960 1919 1046; baseline -0.009 -18"><span class='ocrx_word' id='word_1_81' title='bbox 271 989 380 1046; x_wconf 91' lang='lat' dir='ltr'><strong>per</strong></span> <span class='ocrx_word' id='word_1_82' title='bbox 408 976 643 1027; x_wconf 86' lang='lat' dir='ltr'><strong>Petrum</strong></span> <span class='ocrx_word' id='word_1_83' title='bbox 672 974 1048 1043; x_wconf 86' lang='lat' dir='ltr'><strong>cognosceret</strong></span> <span class='ocrx_word' id='word_1_84' title='bbox 1089 968 1238 1023; x_wconf 89' lang='lat' dir='ltr'><strong>viam</strong></span> <span class='ocrx_word' id='word_1_85' title='bbox 1298 964 1575 1030; x_wconf 80' lang='lat' dir='ltr'><strong>veritatis,</strong></span> <span class='ocrx_word' id='word_1_86' title='bbox 1612 980 1672 1018; x_wconf 91' lang='lat' dir='ltr'><strong>se</strong></span> <span class='ocrx_word' id='word_1_87' title='bbox 1701 977 1830 1016; x_wconf 91' lang='lat' dir='ltr'><strong>esse</strong></span> <span class='ocrx_word' id='word_1_88' title='bbox 1860 960 1919 1013; x_wconf 91' lang='lat' dir='ltr'><strong>in</strong></span> 
     </span>
    </p>
   </div>
   <div class='ocr_carea' id='block_1_8' title="bbox 275 1053 1921 1131">
    <p class='ocr_par' dir='ltr' id='par_1_8' title="bbox 275 1053 1921 1131">
     <span class='ocr_line' id='line_1_8' title="bbox 275 1053 1921 1131; baseline -0.01 -13"><span class='ocrx_word' id='word_1_89' title='bbox 275 1078 471 1119; x_wconf 88' lang='lat' dir='ltr'><strong>errore</strong></span> <span class='ocrx_word' id='word_1_90' title='bbox 487 1059 841 1131; x_wconf 87' lang='lat' dir='ltr'><strong>recognovit.</strong></span> <span class='ocrx_word' id='word_1_91' title='bbox 866 1061 911 1113; x_wconf 87' lang='lat' dir='ltr'><strong>A</strong></span> <span class='ocrx_word' id='word_1_92' title='bbox 932 1074 1045 1129; x_wconf 90' lang='lat' dir='ltr'><strong>quo</strong></span> <span class='ocrx_word' id='word_1_93' title='bbox 1084 1072 1277 1111; x_wconf 90' lang='lat' dir='ltr'><strong>errore</strong></span> <span class='ocrx_word' id='word_1_94' title='bbox 1299 1059 1363 1109; x_wconf 88' lang='lat' dir='ltr'><strong>ut</strong></span> <span class='ocrx_word' id='word_1_95' title='bbox 1384 1053 1732 1108; x_wconf 85' lang='lat' dir='ltr'><strong>liberaretur</strong></span> <span class='ocrx_word' id='word_1_96' title='bbox 1754 1064 1921 1104; x_wconf 88' lang='lat' dir='ltr'><strong>oran-</strong></span> 
     </span>
    </p>
   </div>
   <div class='ocr_carea' id='block_1_9' title="bbox 278 1136 1921 1221">
    <p class='ocr_par' dir='ltr' id='par_1_9' title="bbox 278 1136 1921 1221">
     <span class='ocr_line' id='line_1_9' title="bbox 278 1136 1921 1221; baseline -0.009 -15"><span class='ocrx_word' id='word_1_97' title='bbox 278 1151 374 1217; x_wconf 91' lang='lat' dir='ltr'><strong>do,</strong></span> <span class='ocrx_word' id='word_1_98' title='bbox 404 1148 803 1221; x_wconf 82' lang='lat' dir='ltr'><strong>eleemosynas</strong></span> <span class='ocrx_word' id='word_1_99' title='bbox 835 1146 1119 1216; x_wconf 87' lang='lat' dir='ltr'><strong>faciendo,</strong></span> <span class='ocrx_word' id='word_1_100' title='bbox 1153 1143 1490 1213; x_wconf 68' lang='lat' dir='ltr'><strong>casterieque</strong></span> <span class='ocrx_word' id='word_1_101' title='bbox 1534 1140 1703 1195; x_wconf 84' lang='lat' dir='ltr'><strong>bonis</strong></span> <span class='ocrx_word' id='word_1_102' title='bbox 1735 1136 1921 1209; x_wconf 87' lang='lat' dir='ltr'><strong>operi-</strong></span> 
     </span>
    </p>
   </div>
   <div class='ocr_carea' id='block_1_10' title="bbox 278 1227 1923 1294">
    <p class='ocr_par' dir='ltr' id='par_1_10' title="bbox 278 1227 1923 1294">
     <span class='ocr_line' id='line_1_10' title="bbox 278 1227 1923 1294; baseline -0.008 -1"><span class='ocrx_word' id='word_1_103' title='bbox 278 1240 391 1294; x_wconf 87' lang='lat' dir='ltr'><strong>bus</strong></span> <span class='ocrx_word' id='word_1_104' title='bbox 421 1237 698 1293; x_wconf 88' lang='lat' dir='ltr'><strong>omnibus</strong></span> <span class='ocrx_word' id='word_1_105' title='bbox 728 1235 919 1290; x_wconf 91' lang='lat' dir='ltr'><strong>modis</strong></span> <span class='ocrx_word' id='word_1_106' title='bbox 949 1234 1269 1289; x_wconf 85' lang='lat' dir='ltr'><strong>laborabat.</strong></span> <span class='ocrx_word' id='word_1_107' title='bbox 1304 1231 1409 1286; x_wconf 87' lang='lat' dir='ltr'><strong>Cui</strong></span> <span class='ocrx_word' id='word_1_108' title='bbox 1442 1229 1677 1285; x_wconf 84' lang='lat' dir='ltr'><strong>tandem</strong></span> <span class='ocrx_word' id='word_1_109' title='bbox 1701 1227 1923 1282; x_wconf 90' lang='lat' dir='ltr'><strong>dictum</strong></span> 
     </span>
    </p>
   </div>
   <div class='ocr_carea' id='block_1_11' title="bbox 279 1317 1925 1392">
    <p class='ocr_par' dir='ltr' id='par_1_11' title="bbox 279 1317 1925 1392">
     <span class='ocr_line' id='line_1_11' title="bbox 279 1317 1925 1392; baseline -0.009 -10"><span class='ocrx_word' id='word_1_110' title='bbox 279 1330 406 1382; x_wconf 90' lang='lat' dir='ltr'><strong>est:</strong></span> <span class='ocrx_word' id='word_1_111' title='bbox 450 1325 689 1392; x_wconf 82' lang='lat' dir='ltr'><strong>Corneli,</strong></span> <span class='ocrx_word' id='word_1_112' title='bbox 720 1323 874 1378; x_wconf 89' lang='lat' dir='ltr'><strong>mitte</strong></span> <span class='ocrx_word' id='word_1_113' title='bbox 916 1327 967 1378; x_wconf 88' lang='lat' dir='ltr'><strong>et</strong></span> <span class='ocrx_word' id='word_1_114' title='bbox 995 1321 1484 1378; x_wconf 84' lang='lat' dir='ltr'><strong>aceersiSimonem</strong></span> <span class='ocrx_word' id='word_1_115' title='bbox 1512 1320 1609 1390; x_wconf 90' lang='lat' dir='ltr'><strong>qui</strong></span> <span class='ocrx_word' id='word_1_116' title='bbox 1649 1317 1925 1387; x_wconf 88' lang='lat' dir='ltr'><strong>cognomi-</strong></span> 
     </span>
    </p>
   </div>
   <div class='ocr_carea' id='block_1_12' title="bbox 276 1404 1928 1482">
    <p class='ocr_par' dir='ltr' id='par_1_12' title="bbox 276 1404 1928 1482">
     <span class='ocr_line' id='line_1_12' title="bbox 276 1404 1928 1482; baseline -0.007 -12"><span class='ocrx_word' id='word_1_117' title='bbox 276 1418 449 1470; x_wconf 80' lang='lat' dir='ltr'><strong>natur</strong></span> <span class='ocrx_word' id='word_1_118' title='bbox 473 1414 694 1482; x_wconf 80' lang='lat' dir='ltr'><strong>Petrus,</strong></span> <span class='ocrx_word' id='word_1_119' title='bbox 726 1411 821 1465; x_wconf 88' lang='lat' dir='ltr'><strong>bic</strong></span> <span class='ocrx_word' id='word_1_120' title='bbox 852 1410 1005 1465; x_wconf 91' lang='lat' dir='ltr'><strong>dicet</strong></span> <span class='ocrx_word' id='word_1_121' title='bbox 1026 1409 1132 1465; x_wconf 84' lang='lat' dir='ltr'><strong>tibi</strong></span> <span class='ocrx_word' id='word_1_122' title='bbox 1168 1409 1310 1481; x_wconf 89' lang='lat' dir='ltr'><strong>quid</strong></span> <span class='ocrx_word' id='word_1_123' title='bbox 1352 1412 1406 1462; x_wconf 92' lang='lat' dir='ltr'><strong>te</strong></span> <span class='ocrx_word' id='word_1_124' title='bbox 1446 1409 1710 1479; x_wconf 88' lang='lat' dir='ltr'><strong>oporteat</strong></span> <span class='ocrx_word' id='word_1_125' title='bbox 1740 1404 1928 1459; x_wconf 88' lang='lat' dir='ltr'><strong>facere</strong></span> 
     </span>
    </p>
   </div>
   <div class='ocr_carea' id='block_1_13' title="bbox 282 1492 1925 1575">
    <p class='ocr_par' dir='ltr' id='par_1_13' title="bbox 282 1492 1925 1575">
     <span class='ocr_line' id='line_1_13' title="bbox 282 1492 1925 1575; baseline -0.008 -17"><span class='ocrx_word' id='word_1_126' title='bbox 282 1504 417 1575; x_wconf 80' lang='lat' dir='ltr'><strong>(Act.</strong></span> <span class='ocrx_word' id='word_1_127' title='bbox 448 1500 526 1573; x_wconf 73' lang='grc' dir='ltr'><strong>ι).</strong></span> <span class='ocrx_word' id='word_1_128' title='bbox 560 1501 709 1567; x_wconf 87' lang='lat' dir='ltr'><strong>Quid</strong></span> <span class='ocrx_word' id='word_1_129' title='bbox 752 1499 929 1555; x_wconf 89' lang='lat' dir='ltr'><strong>etiam</strong></span> <span class='ocrx_word' id='word_1_130' title='bbox 979 1498 1073 1553; x_wconf 88' lang='lat' dir='ltr'><strong>hic</strong></span> <span class='ocrx_word' id='word_1_131' title='bbox 1122 1496 1311 1552; x_wconf 91' lang='lat' dir='ltr'><strong>notari</strong></span> <span class='ocrx_word' id='word_1_132' title='bbox 1360 1499 1569 1568; x_wconf 88' lang='lat' dir='ltr'><strong>potest,</strong></span> <span class='ocrx_word' id='word_1_133' title='bbox 1622 1494 1720 1549; x_wconf 89' lang='lat' dir='ltr'><strong>ubi</strong></span> <span class='ocrx_word' id='word_1_134' title='bbox 1748 1492 1925 1547; x_wconf 86' lang='lat' dir='ltr'><strong>dicit:</strong></span> 
     </span>
    </p>
   </div>
   <div class='ocr_carea' id='block_1_14' title="bbox 279 1584 1934 1656">
    <p class='ocr_par' dir='ltr' id='par_1_14' title="bbox 279 1584 1934 1656">
     <span class='ocr_line' id='line_1_14' title="bbox 279 1584 1934 1656; baseline -0.007 -10"><span class='ocrx_word' id='word_1_135' title='bbox 279 1593 617 1647; x_wconf 84' lang='lat' dir='ltr'><strong>Erraverunt</strong></span> <span class='ocrx_word' id='word_1_136' title='bbox 670 1590 729 1642; x_wconf 90' lang='lat' dir='ltr'><strong>in</strong></span> <span class='ocrx_word' id='word_1_137' title='bbox 785 1586 1081 1643; x_wconf 73' lang='lat' dir='ltr'><strong>solitudine</strong></span> <span class='ocrx_word' id='word_1_138' title='bbox 1133 1589 1191 1641; x_wconf 88' lang='lat' dir='ltr'><strong>et</strong></span> <span class='ocrx_word' id='word_1_139' title='bbox 1264 1588 1464 1656; x_wconf 89' lang='lat' dir='ltr'><strong>postea</strong></span> <span class='ocrx_word' id='word_1_140' title='bbox 1533 1584 1830 1638; x_wconf 75' lang='lat' dir='ltr'><strong>esurientes</strong></span> <span class='ocrx_word' id='word_1_141' title='bbox 1880 1588 1934 1635; x_wconf 90' lang='lat' dir='ltr'><strong>et</strong></span> 
     </span>
    </p>
   </div>
   <div class='ocr_carea' id='block_1_15' title="bbox 279 1668 1932 1735">
    <p class='ocr_par' dir='ltr' id='par_1_15' title="bbox 279 1668 1932 1735">
     <span class='ocr_line' id='line_1_15' title="bbox 279 1668 1932 1735; baseline -0.007 0"><span class='ocrx_word' id='word_1_142' title='bbox 279 1680 544 1735; x_wconf 72' lang='lat' dir='ltr'><strong>sitientes.</strong></span> <span class='ocrx_word' id='word_1_143' title='bbox 595 1681 705 1732; x_wconf 90' lang='lat' dir='ltr'><strong>Per</strong></span> <span class='ocrx_word' id='word_1_144' title='bbox 751 1675 873 1730; x_wconf 73' lang='lat' dir='ltr'><strong>haec</strong></span> <span class='ocrx_word' id='word_1_145' title='bbox 928 1675 1044 1730; x_wconf 91' lang='lat' dir='ltr'><strong>duo</strong></span> <span class='ocrx_word' id='word_1_146' title='bbox 1111 1677 1350 1729; x_wconf 89' lang='lat' dir='ltr'><strong>notatur</strong></span> <span class='ocrx_word' id='word_1_147' title='bbox 1400 1671 1657 1727; x_wconf 85' lang='lat' dir='ltr'><strong>maxima</strong></span> <span class='ocrx_word' id='word_1_148' title='bbox 1707 1668 1932 1725; x_wconf 82' lang='lat' dir='ltr'><strong>aﬂ‘ectio</strong></span> 
     </span>
    </p>
   </div>
   <div class='ocr_carea' id='block_1_16' title="bbox 281 1759 1936 1842">
    <p class='ocr_par' dir='ltr' id='par_1_16' title="bbox 281 1759 1936 1842">
     <span class='ocr_line' id='line_1_16' title="bbox 281 1759 1936 1842; baseline -0.007 -18"><span class='ocrx_word' id='word_1_149' title='bbox 281 1784 459 1842; x_wconf 91' lang='lat' dir='ltr'><strong>quam</strong></span> <span class='ocrx_word' id='word_1_150' title='bbox 474 1766 824 1829; x_wconf 87' lang='lat' dir='ltr'><strong>habuerunt,</strong></span> <span class='ocrx_word' id='word_1_151' title='bbox 842 1768 907 1819; x_wconf 90' lang='lat' dir='ltr'><strong>ut</strong></span> <span class='ocrx_word' id='word_1_152' title='bbox 923 1763 1146 1834; x_wconf 80' lang='lat' dir='ltr'><strong>civitas,</strong></span> <span class='ocrx_word' id='word_1_153' title='bbox 1166 1759 1486 1817; x_wconf 88' lang='lat' dir='ltr'><strong>habitaculi</strong></span> <span class='ocrx_word' id='word_1_154' title='bbox 1503 1760 1586 1816; x_wconf 90' lang='lat' dir='ltr'><strong>eis</strong></span> <span class='ocrx_word' id='word_1_155' title='bbox 1602 1759 1936 1815; x_wconf 90' lang='lat' dir='ltr'><strong>ostendere-</strong></span> 
     </span>
    </p>
   </div>
   <div class='ocr_carea' id='block_1_17' title="bbox 2029 953 3672 1026">
    <p class='ocr_par' dir='ltr' id='par_1_17' title="bbox 2029 953 3672 1026">
     <span class='ocr_line' id='line_1_17' title="bbox 2029 953 3672 1026; baseline -0.003 -12"><span class='ocrx_word' id='word_1_156' title='bbox 2029 959 2094 1014; x_wconf 90' lang='lat' dir='ltr'><strong>de</strong></span> <span class='ocrx_word' id='word_1_157' title='bbox 2125 957 2537 1013; x_wconf 80' lang='lat' dir='ltr'><strong>necessitatibus</strong></span> <span class='ocrx_word' id='word_1_158' title='bbox 2573 972 2761 1010; x_wconf 90' lang='lat' dir='ltr'><strong>eorum</strong></span> <span class='ocrx_word' id='word_1_159' title='bbox 2812 955 3067 1011; x_wconf 88' lang='lat' dir='ltr'><strong>liberavit</strong></span> <span class='ocrx_word' id='word_1_160' title='bbox 3115 972 3239 1011; x_wconf 89' lang='lat' dir='ltr'><strong>eos:</strong></span> <span class='ocrx_word' id='word_1_161' title='bbox 3285 958 3341 1009; x_wconf 90' lang='lat' dir='ltr'><strong>et</strong></span> <span class='ocrx_word' id='word_1_162' title='bbox 3379 953 3672 1026; x_wconf 89' lang='lat' dir='ltr'><strong>quomodo</strong></span> 
     </span>
    </p>
   </div>
   <div class='ocr_carea' id='block_1_18' title="bbox 2030 1043 3672 1113">
    <p class='ocr_par' dir='ltr' id='par_1_18' title="bbox 2030 1043 3672 1113">
     <span class='ocr_line' id='line_1_18' title="bbox 2030 1043 3672 1113; baseline -0.002 -11"><span class='ocrx_word' id='word_1_163' title='bbox 2030 1047 2180 1102; x_wconf 77' lang='lat' dir='ltr'><strong>hoc?</strong></span> <span class='ocrx_word' id='word_1_164' title='bbox 2198 1046 2343 1110; x_wconf 88' lang='lat' dir='ltr'><strong>Quia</strong></span> <span class='ocrx_word' id='word_1_165' title='bbox 2362 1045 2559 1101; x_wconf 78' lang='lat' dir='ltr'><strong>eduxit</strong></span> <span class='ocrx_word' id='word_1_166' title='bbox 2580 1060 2668 1098; x_wconf 89' lang='lat' dir='ltr'><strong>eos</strong></span> <span class='ocrx_word' id='word_1_167' title='bbox 2686 1043 2751 1099; x_wconf 89' lang='lat' dir='ltr'><strong>de</strong></span> <span class='ocrx_word' id='word_1_168' title='bbox 2770 1046 3028 1113; x_wconf 83' lang='lat' dir='ltr'><strong>tenebris,</strong></span> <span class='ocrx_word' id='word_1_169' title='bbox 3050 1044 3107 1099; x_wconf 93' lang='lat' dir='ltr'><strong>id</strong></span> <span class='ocrx_word' id='word_1_170' title='bbox 3130 1048 3219 1099; x_wconf 90' lang='lat' dir='ltr'><strong>est</strong></span> <span class='ocrx_word' id='word_1_171' title='bbox 3239 1044 3309 1100; x_wconf 91' lang='lat' dir='ltr'><strong>de</strong></span> <span class='ocrx_word' id='word_1_172' title='bbox 3329 1044 3672 1113; x_wconf 86' lang='lat' dir='ltr'><strong>tentatione,</strong></span> 
     </span>
    </p>
   </div>
   <div class='ocr_carea' id='block_1_19' title="bbox 2034 1133 3671 1210">
    <p class='ocr_par' dir='ltr' id='par_1_19' title="bbox 2034 1133 3671 1210">
     <span class='ocr_line' id='line_1_19' title="bbox 2034 1133 3671 1210; baseline -0.002 -19"><span class='ocrx_word' id='word_1_173' title='bbox 2034 1152 2165 1210; x_wconf 69' lang='lat' dir='ltr'><strong>qua:</strong></span> <span class='ocrx_word' id='word_1_174' title='bbox 2187 1136 2297 1190; x_wconf 89' lang='lat' dir='ltr'><strong>fuit</strong></span> <span class='ocrx_word' id='word_1_175' title='bbox 2316 1135 2509 1189; x_wconf 87' lang='lat' dir='ltr'><strong>umbra</strong></span> <span class='ocrx_word' id='word_1_176' title='bbox 2531 1136 2753 1189; x_wconf 88' lang='lat' dir='ltr'><strong>mortis:</strong></span> <span class='ocrx_word' id='word_1_177' title='bbox 2774 1141 2826 1188; x_wconf 89' lang='lat' dir='ltr'><strong>et</strong></span> <span class='ocrx_word' id='word_1_178' title='bbox 2858 1133 3097 1189; x_wconf 89' lang='lat' dir='ltr'><strong>tandem</strong></span> <span class='ocrx_word' id='word_1_179' title='bbox 3132 1135 3354 1188; x_wconf 86' lang='lat' dir='ltr'><strong>vincula</strong></span> <span class='ocrx_word' id='word_1_180' title='bbox 3375 1149 3587 1198; x_wconf 78' lang='lat' dir='ltr'><strong>eorum,</strong></span> <span class='ocrx_word' id='word_1_181' title='bbox 3613 1133 3671 1187; x_wconf 90' lang='lat' dir='ltr'><strong>id</strong></span> 
     </span>
    </p>
   </div>
   <div class='ocr_carea' id='block_1_20' title="bbox 2033 1220 3674 1293">
    <p class='ocr_par' dir='ltr' id='par_1_20' title="bbox 2033 1220 3674 1293">
     <span class='ocr_line' id='line_1_20' title="bbox 2033 1220 3674 1293; baseline -0.002 -13"><span class='ocrx_word' id='word_1_182' title='bbox 2033 1229 2143 1291; x_wconf 86' lang='lat' dir='ltr'><strong>est,</strong></span> <span class='ocrx_word' id='word_1_183' title='bbox 2166 1223 2568 1279; x_wconf 84' lang='lat' dir='ltr'><strong>difﬁcultatem</strong></span> <span class='ocrx_word' id='word_1_184' title='bbox 2592 1222 2859 1277; x_wconf 89' lang='lat' dir='ltr'><strong>vincendi</strong></span> <span class='ocrx_word' id='word_1_185' title='bbox 2876 1220 3137 1278; x_wconf 90' lang='lat' dir='ltr'><strong>carnales</strong></span> <span class='ocrx_word' id='word_1_186' title='bbox 3150 1223 3674 1293; x_wconf 87' lang='lat' dir='ltr'><strong>concupiscentiae,</strong></span> 
     </span>
    </p>
   </div>
   <div class='ocr_carea' id='block_1_21' title="bbox 2034 1311 3679 1385">
    <p class='ocr_par' dir='ltr' id='par_1_21' title="bbox 2034 1311 3679 1385">
     <span class='ocr_line' id='line_1_21' title="bbox 2034 1311 3679 1385; baseline -0.001 -16"><span class='ocrx_word' id='word_1_187' title='bbox 2034 1314 2291 1385; x_wconf 88' lang='lat' dir='ltr'><strong>disrupit.</strong></span> <span class='ocrx_word' id='word_1_188' title='bbox 2339 1313 2538 1368; x_wconf 89' lang='lat' dir='ltr'><strong>Unde:</strong></span> <span class='ocrx_word' id='word_1_189' title='bbox 2594 1311 2966 1381; x_wconf 84' lang='lat' dir='ltr'><strong>Conﬁteantur</strong></span> <span class='ocrx_word' id='word_1_190' title='bbox 3010 1313 3240 1366; x_wconf 81' lang='lat' dir='ltr'><strong>Domino</strong></span> <span class='ocrx_word' id='word_1_191' title='bbox 3285 1312 3679 1368; x_wconf 70' lang='lat' dir='ltr'><strong>misericordiae</strong></span> 
     </span>
    </p>
   </div>
   <div class='ocr_carea' id='block_1_22' title="bbox 2034 1400 3683 1476">
    <p class='ocr_par' dir='ltr' id='par_1_22' title="bbox 2034 1400 3683 1476">
     <span class='ocr_line' id='line_1_22' title="bbox 2034 1400 3683 1476; baseline -0.002 -17"><span class='ocrx_word' id='word_1_192' title='bbox 2034 1404 2172 1476; x_wconf 78' lang='lat' dir='ltr'><strong>ejus.</strong></span> <span class='ocrx_word' id='word_1_193' title='bbox 2206 1412 2256 1458; x_wconf 91' lang='lat' dir='ltr'><strong>et</strong></span> <span class='ocrx_word' id='word_1_194' title='bbox 2285 1402 2570 1457; x_wconf 86' lang='lat' dir='ltr'><strong>mirabilia</strong></span> <span class='ocrx_word' id='word_1_195' title='bbox 2601 1402 2715 1472; x_wconf 85' lang='lat' dir='ltr'><strong>ejus</strong></span> <span class='ocrx_word' id='word_1_196' title='bbox 2744 1401 2879 1471; x_wconf 84' lang='lat' dir='ltr'><strong>ﬁliis</strong></span> <span class='ocrx_word' id='word_1_197' title='bbox 2910 1400 3194 1455; x_wconf 84' lang='lat' dir='ltr'><strong>hominum</strong></span> <span class='ocrx_word' id='word_1_198' title='bbox 3217 1419 3235 1454; x_wconf 92' lang='lat'><strong>:</strong></span> <span class='ocrx_word' id='word_1_199' title='bbox 3258 1416 3437 1471; x_wconf 90' lang='lat' dir='ltr'><strong>quare</strong></span> <span class='ocrx_word' id='word_1_200' title='bbox 3459 1401 3586 1457; x_wconf 92' lang='lat' dir='ltr'><strong>dico</strong></span> <span class='ocrx_word' id='word_1_201' title='bbox 3619 1404 3683 1455; x_wconf 87' lang='lat' dir='ltr'><strong>ut</strong></span> 
     </span>
    </p>
   </div>
   <div class='ocr_carea' id='block_1_23' title="bbox 2037 1490 3681 1562">
    <p class='ocr_par' dir='ltr' id='par_1_23' title="bbox 2037 1490 3681 1562">
     <span class='ocr_line' id='line_1_23' title="bbox 2037 1490 3681 1562; baseline -0.001 -14"><span class='ocrx_word' id='word_1_202' title='bbox 2037 1490 2471 1548; x_wconf 82' lang='lat' dir='ltr'><strong>conﬁteantur?</strong></span> <span class='ocrx_word' id='word_1_203' title='bbox 2515 1492 2658 1559; x_wconf 85' lang='lat' dir='ltr'><strong>Quia</strong></span> <span class='ocrx_word' id='word_1_204' title='bbox 2704 1491 2958 1545; x_wconf 84' lang='lat' dir='ltr'><strong>contrivit</strong></span> <span class='ocrx_word' id='word_1_205' title='bbox 3002 1493 3189 1560; x_wconf 86' lang='lat' dir='ltr'><strong>portas</strong></span> <span class='ocrx_word' id='word_1_206' title='bbox 3235 1504 3431 1554; x_wconf 71' lang='lat' dir='ltr'><strong>aereas,</strong></span> <span class='ocrx_word' id='word_1_207' title='bbox 3465 1490 3681 1562; x_wconf 88' lang='lat' dir='ltr'><strong>quibus</strong></span> 
     </span>
    </p>
   </div>
   <div class='ocr_carea' id='block_1_24' title="bbox 2039 1579 3682 1651">
    <p class='ocr_par' dir='ltr' id='par_1_24' title="bbox 2039 1579 3682 1651">
     <span class='ocr_line' id='line_1_24' title="bbox 2039 1579 3682 1651; baseline -0.001 -15"><span class='ocrx_word' id='word_1_208' title='bbox 2039 1579 2415 1651; x_wconf 89' lang='lat' dir='ltr'><strong>circumcepti</strong></span> <span class='ocrx_word' id='word_1_209' title='bbox 2446 1584 2631 1645; x_wconf 90' lang='lat' dir='ltr'><strong>erant,</strong></span> <span class='ocrx_word' id='word_1_210' title='bbox 2656 1595 2729 1635; x_wconf 92' lang='lat' dir='ltr'><strong>ne</strong></span> <span class='ocrx_word' id='word_1_211' title='bbox 2749 1579 2972 1634; x_wconf 83' lang='lat' dir='ltr'><strong>exirent</strong></span> <span class='ocrx_word' id='word_1_212' title='bbox 2991 1582 3057 1633; x_wconf 91' lang='lat' dir='ltr'><strong>ut</strong></span> <span class='ocrx_word' id='word_1_213' title='bbox 3092 1582 3490 1649; x_wconf 87' lang='lat' dir='ltr'><strong>operarentur,</strong></span> <span class='ocrx_word' id='word_1_214' title='bbox 3525 1579 3682 1650; x_wconf 88' lang='lat' dir='ltr'><strong>quod</strong></span> 
     </span>
    </p>
   </div>
   <div class='ocr_carea' id='block_1_25' title="bbox 2041 1666 3686 1741">
    <p class='ocr_par' dir='ltr' id='par_1_25' title="bbox 2041 1666 3686 1741">
     <span class='ocr_line' id='line_1_25' title="bbox 2041 1666 3686 1741; baseline -0.002 -15"><span class='ocrx_word' id='word_1_215' title='bbox 2041 1670 2261 1726; x_wconf 90' lang='lat' dir='ltr'><strong>bonum</strong></span> <span class='ocrx_word' id='word_1_216' title='bbox 2312 1669 2670 1741; x_wconf 80' lang='lat' dir='ltr'><strong>operandam</strong></span> <span class='ocrx_word' id='word_1_217' title='bbox 2719 1684 2847 1724; x_wconf 89' lang='lat' dir='ltr'><strong>esse</strong></span> <span class='ocrx_word' id='word_1_218' title='bbox 2894 1666 3344 1723; x_wconf 87' lang='lat' dir='ltr'><strong>intellexerunt:</strong></span> <span class='ocrx_word' id='word_1_219' title='bbox 3412 1672 3466 1722; x_wconf 84' lang='lat' dir='ltr'><strong>et</strong></span> <span class='ocrx_word' id='word_1_220' title='bbox 3513 1672 3686 1723; x_wconf 82' lang='lat' dir='ltr'><strong>vectes</strong></span> 
     </span>
    </p>
   </div>
   <div class='ocr_carea' id='block_1_26' title="bbox 2040 1754 3688 1832">
    <p class='ocr_par' dir='ltr' id='par_1_26' title="bbox 2040 1754 3688 1832">
     <span class='ocr_line' id='line_1_26' title="bbox 2040 1754 3688 1832; baseline -0.002 -18"><span class='ocrx_word' id='word_1_221' title='bbox 2040 1763 2250 1832; x_wconf 88' lang='lat' dir='ltr'><strong>ferreos</strong></span> <span class='ocrx_word' id='word_1_222' title='bbox 2279 1759 2573 1830; x_wconf 82' lang='lat' dir='ltr'><strong>confregit,</strong></span> <span class='ocrx_word' id='word_1_223' title='bbox 2604 1763 2670 1813; x_wconf 90' lang='lat' dir='ltr'><strong>ut</strong></span> <span class='ocrx_word' id='word_1_224' title='bbox 2698 1761 2853 1813; x_wconf 88' lang='lat' dir='ltr'><strong>esset</strong></span> <span class='ocrx_word' id='word_1_225' title='bbox 2881 1757 2965 1812; x_wconf 91' lang='lat' dir='ltr'><strong>eis</strong></span> <span class='ocrx_word' id='word_1_226' title='bbox 3008 1756 3174 1812; x_wconf 80' lang='lat' dir='ltr'><strong>facile</strong></span> <span class='ocrx_word' id='word_1_227' title='bbox 3212 1755 3481 1811; x_wconf 84' lang='lat' dir='ltr'><strong>resistere</strong></span> <span class='ocrx_word' id='word_1_228' title='bbox 3512 1754 3688 1811; x_wconf 81' lang='lat' dir='ltr'><strong>veteri</strong></span> 
     </span>
    </p>
   </div>
   <div class='ocr_carea' id='block_1_27' title="bbox 279 1844 3689 1946">
    <p class='ocr_par' dir='ltr' id='par_1_27' title="bbox 279 1844 3689 1946">
     <span class='ocr_line' id='line_1_27' title="bbox 279 1844 3689 1946; baseline -0.003 -35"><span class='ocrx_word' id='word_1_229' title='bbox 279 1861 395 1911; x_wconf 91' lang='lat' dir='ltr'><strong>tur.</strong></span> <span class='ocrx_word' id='word_1_230' title='bbox 446 1856 633 1920; x_wconf 87' lang='lat' dir='ltr'><strong>Quare</strong></span> <span class='ocrx_word' id='word_1_231' title='bbox 685 1858 883 1909; x_wconf 88' lang='lat' dir='ltr'><strong>autem</strong></span> <span class='ocrx_word' id='word_1_232' title='bbox 930 1851 1287 1922; x_wconf 88' lang='lat' dir='ltr'><strong>esurierunt,</strong></span> <span class='ocrx_word' id='word_1_233' title='bbox 1340 1849 1685 1921; x_wconf 87' lang='lat' dir='ltr'><strong>subjungit:</strong></span> <span class='ocrx_word' id='word_1_234' title='bbox 1735 1848 1933 1903; x_wconf 83' lang='lat' dir='ltr'><strong>Anima</strong></span> <span class='ocrx_word' id='word_1_235' title='bbox 1966 1880 2014 1946; x_wconf 82' lang='lat' dir='ltr'><strong>B</strong></span> <span class='ocrx_word' id='word_1_236' title='bbox 2044 1847 2474 1912; x_wconf 87' lang='lat' dir='ltr'><strong>consuetudini,</strong></span> <span class='ocrx_word' id='word_1_237' title='bbox 2501 1847 2655 1918; x_wconf 91' lang='lat' dir='ltr'><strong>quod</strong></span> <span class='ocrx_word' id='word_1_238' title='bbox 2680 1845 2842 1919; x_wconf 89' lang='lat' dir='ltr'><strong>prius</strong></span> <span class='ocrx_word' id='word_1_239' title='bbox 2862 1846 2946 1901; x_wconf 89' lang='lat' dir='ltr'><strong>eis</strong></span> <span class='ocrx_word' id='word_1_240' title='bbox 2969 1849 3091 1901; x_wconf 90' lang='lat' dir='ltr'><strong>erat</strong></span> <span class='ocrx_word' id='word_1_241' title='bbox 3111 1844 3367 1914; x_wconf 77' lang='lat' dir='ltr'><strong>difficile,</strong></span> <span class='ocrx_word' id='word_1_242' title='bbox 3387 1861 3521 1899; x_wconf 90' lang='lat' dir='ltr'><strong>cum</strong></span> <span class='ocrx_word' id='word_1_243' title='bbox 3539 1844 3689 1900; x_wconf 88' lang='lat' dir='ltr'><strong>dese</strong></span> 
     </span>
    </p>
   </div>
   <div class='ocr_carea' id='block_1_28' title="bbox 279 1934 1938 2014">
    <p class='ocr_par' dir='ltr' id='par_1_28' title="bbox 279 1934 1938 2014">
     <span class='ocr_line' id='line_1_28' title="bbox 279 1934 1938 2014; baseline -0.007 -14"><span class='ocrx_word' id='word_1_244' title='bbox 279 1961 469 2001; x_wconf 86' lang='lat' dir='ltr'><strong>eorum</strong></span> <span class='ocrx_word' id='word_1_245' title='bbox 497 1947 556 1999; x_wconf 88' lang='lat' dir='ltr'><strong>in</strong></span> <span class='ocrx_word' id='word_1_246' title='bbox 588 1945 723 2014; x_wconf 88' lang='lat' dir='ltr'><strong>ipsis</strong></span> <span class='ocrx_word' id='word_1_247' title='bbox 750 1942 953 2014; x_wconf 88' lang='lat' dir='ltr'><strong>defecit</strong></span> <span class='ocrx_word' id='word_1_248' title='bbox 990 1941 1130 2012; x_wconf 88' lang='lat' dir='ltr'><strong>quia</strong></span> <span class='ocrx_word' id='word_1_249' title='bbox 1166 1937 1279 2011; x_wconf 87' lang='lat' dir='ltr'><strong>ipsi</strong></span> <span class='ocrx_word' id='word_1_250' title='bbox 1303 1938 1626 1994; x_wconf 85' lang='lat' dir='ltr'><strong>secundum</strong></span> <span class='ocrx_word' id='word_1_251' title='bbox 1649 1934 1938 1992; x_wconf 89' lang='lat' dir='ltr'><strong>desideria</strong></span> 
     </span>
    </p>
   </div>
   <div class='ocr_carea' id='block_1_29' title="bbox 283 2023 1936 2102">
    <p class='ocr_par' dir='ltr' id='par_1_29' title="bbox 283 2023 1936 2102">
     <span class='ocr_line' id='line_1_29' title="bbox 283 2023 1936 2102; baseline -0.008 -12"><span class='ocrx_word' id='word_1_252' title='bbox 283 2049 392 2090; x_wconf 85' lang='lat' dir='ltr'><strong>sua</strong></span> <span class='ocrx_word' id='word_1_253' title='bbox 405 2032 688 2096; x_wconf 89' lang='lat' dir='ltr'><strong>viventes,</strong></span> <span class='ocrx_word' id='word_1_254' title='bbox 708 2029 856 2085; x_wconf 89' lang='lat' dir='ltr'><strong>nihil</strong></span> <span class='ocrx_word' id='word_1_255' title='bbox 879 2023 1085 2102; x_wconf 59' lang='lat' dir='ltr'><strong>praeter</strong></span> <span class='ocrx_word' id='word_1_256' title='bbox 1101 2028 1394 2083; x_wconf 88' lang='lat' dir='ltr'><strong>defectum</strong></span> <span class='ocrx_word' id='word_1_257' title='bbox 1410 2026 1469 2080; x_wconf 92' lang='lat' dir='ltr'><strong>in</strong></span> <span class='ocrx_word' id='word_1_258' title='bbox 1490 2043 1552 2081; x_wconf 90' lang='lat' dir='ltr'><strong>se</strong></span> <span class='ocrx_word' id='word_1_259' title='bbox 1569 2026 1936 2081; x_wconf 87' lang='lat' dir='ltr'><strong>invenerunt.</strong></span> 
     </span>
    </p>
   </div>
   <div class='ocr_carea' id='block_1_30' title="bbox 287 2114 1936 2191">
    <p class='ocr_par' dir='ltr' id='par_1_30' title="bbox 287 2114 1936 2191">
     <span class='ocr_line' id='line_1_30' title="bbox 287 2114 1936 2191; baseline -0.005 -15"><span class='ocrx_word' id='word_1_260' title='bbox 287 2124 360 2176; x_wconf 86' lang='lat' dir='ltr'><strong>Et</strong></span> <span class='ocrx_word' id='word_1_261' title='bbox 404 2122 520 2175; x_wconf 62' lang='lat' dir='ltr'><strong>hac</strong></span> <span class='ocrx_word' id='word_1_262' title='bbox 576 2121 1063 2191; x_wconf 87' lang='lat' dir='ltr'><strong>recognoscentes</strong></span> <span class='ocrx_word' id='word_1_263' title='bbox 1113 2118 1495 2173; x_wconf 81' lang='lat' dir='ltr'><strong>clamauerunt</strong></span> <span class='ocrx_word' id='word_1_264' title='bbox 1540 2116 1609 2170; x_wconf 86' lang='lat' dir='ltr'><strong>ad</strong></span> <span class='ocrx_word' id='word_1_265' title='bbox 1647 2114 1936 2169; x_wconf 87' lang='lat' dir='ltr'><strong>Dominum</strong></span> 
     </span>
    </p>
   </div>
   <div class='ocr_carea' id='block_1_31' title="bbox 288 2203 1942 2276">
    <p class='ocr_par' dir='ltr' id='par_1_31' title="bbox 288 2203 1942 2276">
     <span class='ocr_line' id='line_1_31' title="bbox 288 2203 1942 2276; baseline -0.005 -11"><span class='ocrx_word' id='word_1_266' title='bbox 288 2225 416 2265; x_wconf 88' lang='lat' dir='ltr'><strong>cum</strong></span> <span class='ocrx_word' id='word_1_267' title='bbox 446 2207 845 2264; x_wconf 86' lang='lat' dir='ltr'><strong>tribularentur</strong></span> <span class='ocrx_word' id='word_1_268' title='bbox 886 2205 1265 2261; x_wconf 86' lang='lat' dir='ltr'><strong>tribulatione</strong></span> <span class='ocrx_word' id='word_1_269' title='bbox 1314 2203 1587 2276; x_wconf 90' lang='lat' dir='ltr'><strong>superius</strong></span> <span class='ocrx_word' id='word_1_270' title='bbox 1637 2207 1859 2270; x_wconf 90' lang='lat' dir='ltr'><strong>notata,</strong></span> <span class='ocrx_word' id='word_1_271' title='bbox 1889 2210 1942 2257; x_wconf 89' lang='lat' dir='ltr'><strong>et</strong></span> 
     </span>
    </p>
   </div>
   <div class='ocr_carea' id='block_1_32' title="bbox 291 2292 1943 2369">
    <p class='ocr_par' dir='ltr' id='par_1_32' title="bbox 291 2292 1943 2369">
     <span class='ocr_line' id='line_1_32' title="bbox 291 2292 1943 2369; baseline -0.003 -18"><span class='ocrx_word' id='word_1_272' title='bbox 291 2297 422 2369; x_wconf 91' lang='lat' dir='ltr'><strong>ipse</strong></span> <span class='ocrx_word' id='word_1_273' title='bbox 468 2297 677 2364; x_wconf 85' lang='lat' dir='ltr'><strong>eripuit</strong></span> <span class='ocrx_word' id='word_1_274' title='bbox 720 2311 809 2351; x_wconf 90' lang='lat' dir='ltr'><strong>eos</strong></span> <span class='ocrx_word' id='word_1_275' title='bbox 838 2295 903 2349; x_wconf 86' lang='lat' dir='ltr'><strong>de</strong></span> <span class='ocrx_word' id='word_1_276' title='bbox 939 2294 1355 2350; x_wconf 84' lang='lat' dir='ltr'><strong>necessitatibus</strong></span> <span class='ocrx_word' id='word_1_277' title='bbox 1405 2309 1594 2348; x_wconf 87' lang='lat' dir='ltr'><strong>eorum</strong></span> <span class='ocrx_word' id='word_1_278' title='bbox 1622 2293 1682 2346; x_wconf 91' lang='lat' dir='ltr'><strong>id</strong></span> <span class='ocrx_word' id='word_1_279' title='bbox 1731 2297 1838 2360; x_wconf 89' lang='lat' dir='ltr'><strong>est,</strong></span> <span class='ocrx_word' id='word_1_280' title='bbox 1872 2292 1943 2347; x_wconf 90' lang='lat' dir='ltr'><strong>de</strong></span> 
     </span>
    </p>
   </div>
   <div class='ocr_carea' id='block_1_33' title="bbox 291 2378 1940 2456">
    <p class='ocr_par' dir='ltr' id='par_1_33' title="bbox 291 2378 1940 2456">
     <span class='ocr_line' id='line_1_33' title="bbox 291 2378 1940 2456; baseline -0.003 -17"><span class='ocrx_word' id='word_1_281' title='bbox 291 2384 558 2440; x_wconf 89' lang='lat' dir='ltr'><strong>tenebris</strong></span> <span class='ocrx_word' id='word_1_282' title='bbox 580 2384 920 2456; x_wconf 65' lang='lat' dir='ltr'><strong>ignorantia:</strong></span> <span class='ocrx_word' id='word_1_283' title='bbox 953 2400 966 2437; x_wconf 89' lang='lat'><strong>:</strong></span> <span class='ocrx_word' id='word_1_284' title='bbox 1001 2399 1150 2454; x_wconf 90' lang='lat' dir='ltr'><strong>quas</strong></span> <span class='ocrx_word' id='word_1_285' title='bbox 1175 2380 1699 2453; x_wconf 88' lang='lat' dir='ltr'><strong>sibi,relinquendo</strong></span> <span class='ocrx_word' id='word_1_286' title='bbox 1730 2378 1940 2447; x_wconf 87' lang='lat' dir='ltr'><strong>lucem,</strong></span> 
     </span>
    </p>
   </div>
   <div class='ocr_carea' id='block_1_34' title="bbox 289 2469 1942 2543">
    <p class='ocr_par' dir='ltr' id='par_1_34' title="bbox 289 2469 1942 2543">
     <span class='ocr_line' id='line_1_34' title="bbox 289 2469 1942 2543; baseline -0.002 -15"><span class='ocrx_word' id='word_1_287' title='bbox 289 2473 655 2528; x_wconf 85' lang='lat' dir='ltr'><strong>necessarias</strong></span> <span class='ocrx_word' id='word_1_288' title='bbox 678 2472 968 2527; x_wconf 90' lang='lat' dir='ltr'><strong>fecerunt:</strong></span> <span class='ocrx_word' id='word_1_289' title='bbox 991 2471 1130 2542; x_wconf 90' lang='lat' dir='ltr'><strong>quia</strong></span> <span class='ocrx_word' id='word_1_290' title='bbox 1150 2471 1249 2543; x_wconf 89' lang='lat' dir='ltr'><strong>qui</strong></span> <span class='ocrx_word' id='word_1_291' title='bbox 1271 2470 1509 2542; x_wconf 88' lang='lat' dir='ltr'><strong>reliquit</strong></span> <span class='ocrx_word' id='word_1_292' title='bbox 1533 2469 1722 2525; x_wconf 90' lang='lat' dir='ltr'><strong>lucem</strong></span> <span class='ocrx_word' id='word_1_293' title='bbox 1745 2485 1942 2525; x_wconf 86' lang='lat' dir='ltr'><strong>neces-</strong></span> 
     </span>
    </p>
   </div>
   <div class='ocr_carea' id='block_1_35' title="bbox 290 2558 1947 2626">
    <p class='ocr_par' dir='ltr' id='par_1_35' title="bbox 290 2558 1947 2626">
     <span class='ocr_line' id='line_1_35' title="bbox 290 2558 1947 2626; baseline -0.004 -8"><span class='ocrx_word' id='word_1_294' title='bbox 290 2560 447 2618; x_wconf 87' lang='lat' dir='ltr'><strong>sario</strong></span> <span class='ocrx_word' id='word_1_295' title='bbox 466 2560 738 2616; x_wconf 88' lang='lat' dir='ltr'><strong>tenebras</strong></span> <span class='ocrx_word' id='word_1_296' title='bbox 773 2558 1037 2626; x_wconf 88' lang='lat' dir='ltr'><strong>incurrit,</strong></span> <span class='ocrx_word' id='word_1_297' title='bbox 1078 2576 1211 2614; x_wconf 91' lang='lat' dir='ltr'><strong>cum</strong></span> <span class='ocrx_word' id='word_1_298' title='bbox 1240 2576 1355 2613; x_wconf 92' lang='lat' dir='ltr'><strong>non</strong></span> <span class='ocrx_word' id='word_1_299' title='bbox 1394 2558 1474 2613; x_wconf 90' lang='lat' dir='ltr'><strong>sit</strong></span> <span class='ocrx_word' id='word_1_300' title='bbox 1513 2558 1770 2613; x_wconf 91' lang='lat' dir='ltr'><strong>medium</strong></span> <span class='ocrx_word' id='word_1_301' title='bbox 1796 2558 1947 2612; x_wconf 87' lang='lat' dir='ltr'><strong>inter</strong></span> 
     </span>
    </p>
   </div>
   <div class='ocr_carea' id='block_1_36' title="bbox 286 2646 1944 2713">
    <p class='ocr_par' dir='ltr' id='par_1_36' title="bbox 286 2646 1944 2713">
     <span class='ocr_line' id='line_1_36' title="bbox 286 2646 1944 2713; baseline -0.003 -8"><span class='ocrx_word' id='word_1_302' title='bbox 286 2648 561 2706; x_wconf 85' lang='lat' dir='ltr'><strong>tenebras</strong></span> <span class='ocrx_word' id='word_1_303' title='bbox 591 2650 649 2702; x_wconf 88' lang='lat' dir='ltr'><strong>et</strong></span> <span class='ocrx_word' id='word_1_304' title='bbox 677 2646 889 2701; x_wconf 90' lang='lat' dir='ltr'><strong>lucem.</strong></span> <span class='ocrx_word' id='word_1_305' title='bbox 920 2647 987 2701; x_wconf 85' lang='lat' dir='ltr'><strong>Et</strong></span> <span class='ocrx_word' id='word_1_306' title='bbox 1029 2646 1261 2702; x_wconf 74' lang='lat' dir='ltr'><strong>deduxit</strong></span> <span class='ocrx_word' id='word_1_307' title='bbox 1310 2663 1401 2701; x_wconf 90' lang='lat' dir='ltr'><strong>eos</strong></span> <span class='ocrx_word' id='word_1_308' title='bbox 1435 2649 1495 2701; x_wconf 91' lang='lat' dir='ltr'><strong>in</strong></span> <span class='ocrx_word' id='word_1_309' title='bbox 1544 2649 1695 2701; x_wconf 87' lang='lat' dir='ltr'><strong>viam</strong></span> <span class='ocrx_word' id='word_1_310' title='bbox 1720 2649 1944 2713; x_wconf 88' lang='lat' dir='ltr'><strong>rectam,</strong></span> 
     </span>
    </p>
   </div>
   <div class='ocr_carea' id='block_1_37' title="bbox 285 2734 1944 2808">
    <p class='ocr_par' dir='ltr' id='par_1_37' title="bbox 285 2734 1944 2808">
     <span class='ocr_line' id='line_1_37' title="bbox 285 2734 1944 2808; baseline -0.003 -14"><span class='ocrx_word' id='word_1_311' title='bbox 285 2737 349 2794; x_wconf 89' lang='lat' dir='ltr'><strong>id</strong></span> <span class='ocrx_word' id='word_1_312' title='bbox 372 2740 462 2793; x_wconf 87' lang='lat' dir='ltr'><strong>est</strong></span> <span class='ocrx_word' id='word_1_313' title='bbox 486 2735 557 2791; x_wconf 91' lang='lat' dir='ltr'><strong>ad</strong></span> <span class='ocrx_word' id='word_1_314' title='bbox 586 2734 980 2808; x_wconf 83' lang='lat' dir='ltr'><strong>cognitionem</strong></span> <span class='ocrx_word' id='word_1_315' title='bbox 1002 2734 1290 2799; x_wconf 88' lang='lat' dir='ltr'><strong>veritatis,</strong></span> <span class='ocrx_word' id='word_1_316' title='bbox 1313 2737 1371 2788; x_wconf 88' lang='lat' dir='ltr'><strong>ut</strong></span> <span class='ocrx_word' id='word_1_317' title='bbox 1403 2734 1486 2789; x_wconf 91' lang='lat' dir='ltr'><strong>sic</strong></span> <span class='ocrx_word' id='word_1_318' title='bbox 1510 2736 1654 2789; x_wconf 90' lang='lat' dir='ltr'><strong>irent</strong></span> <span class='ocrx_word' id='word_1_319' title='bbox 1678 2737 1738 2789; x_wconf 88' lang='lat' dir='ltr'><strong>in</strong></span> <span class='ocrx_word' id='word_1_320' title='bbox 1753 2736 1944 2789; x_wconf 85' lang='lat' dir='ltr'><strong>civita-</strong></span> 
     </span>
    </p>
   </div>
   <div class='ocr_carea' id='block_1_38' title="bbox 282 2821 1945 2894">
    <p class='ocr_par' dir='ltr' id='par_1_38' title="bbox 282 2821 1945 2894">
     <span class='ocr_line' id='line_1_38' title="bbox 282 2821 1945 2894; baseline -0.002 -13"><span class='ocrx_word' id='word_1_321' title='bbox 282 2830 395 2881; x_wconf 87' lang='lat' dir='ltr'><strong>tem</strong></span> <span class='ocrx_word' id='word_1_322' title='bbox 426 2824 832 2879; x_wconf 79' lang='lat' dir='ltr'><strong>habitationis:</strong></span> <span class='ocrx_word' id='word_1_323' title='bbox 865 2839 982 2877; x_wconf 90' lang='lat' dir='ltr'><strong>non</strong></span> <span class='ocrx_word' id='word_1_324' title='bbox 1014 2822 1086 2876; x_wconf 91' lang='lat' dir='ltr'><strong>ad</strong></span> <span class='ocrx_word' id='word_1_325' title='bbox 1119 2821 1413 2877; x_wconf 89' lang='lat' dir='ltr'><strong>civitatem</strong></span> <span class='ocrx_word' id='word_1_326' title='bbox 1440 2821 1802 2877; x_wconf 83' lang='lat' dir='ltr'><strong>confusionis</strong></span> <span class='ocrx_word' id='word_1_327' title='bbox 1830 2838 1945 2894; x_wconf 91' lang='lat' dir='ltr'><strong>quo</strong></span> 
     </span>
    </p>
   </div>
   <div class='ocr_carea' id='block_1_39' title="bbox 284 2910 1945 2988">
    <p class='ocr_par' dir='ltr' id='par_1_39' title="bbox 284 2910 1945 2988">
     <span class='ocr_line' id='line_1_39' title="bbox 284 2910 1945 2988; baseline -0.002 -19"><span class='ocrx_word' id='word_1_328' title='bbox 284 2915 457 2988; x_wconf 90' lang='lat' dir='ltr'><strong>prius</strong></span> <span class='ocrx_word' id='word_1_329' title='bbox 489 2914 676 2983; x_wconf 91' lang='lat' dir='ltr'><strong>ibant,</strong></span> <span class='ocrx_word' id='word_1_330' title='bbox 703 2912 941 2983; x_wconf 89' lang='lat' dir='ltr'><strong>quando</strong></span> <span class='ocrx_word' id='word_1_331' title='bbox 967 2910 1027 2965; x_wconf 89' lang='lat' dir='ltr'><strong>in</strong></span> <span class='ocrx_word' id='word_1_332' title='bbox 1066 2926 1259 2966; x_wconf 91' lang='lat' dir='ltr'><strong>errore</strong></span> <span class='ocrx_word' id='word_1_333' title='bbox 1304 2910 1561 2965; x_wconf 86' lang='lat' dir='ltr'><strong>fuerunt.</strong></span> <span class='ocrx_word' id='word_1_334' title='bbox 1600 2910 1945 2966; x_wconf 81' lang='lat' dir='ltr'><strong>Audivimue</strong></span> 
     </span>
    </p>
   </div>
   <div class='ocr_carea' id='block_1_40' title="bbox 282 2998 1946 3071">
    <p class='ocr_par' dir='ltr' id='par_1_40' title="bbox 282 2998 1946 3071">
     <span class='ocr_line' id='line_1_40' title="bbox 282 2998 1946 3071; baseline -0.002 -12"><span class='ocrx_word' id='word_1_335' title='bbox 282 3001 772 3060; x_wconf 82' lang='lat' dir='ltr'><strong>exclamationem</strong></span> <span class='ocrx_word' id='word_1_336' title='bbox 796 3002 867 3056; x_wconf 90' lang='lat' dir='ltr'><strong>de</strong></span> <span class='ocrx_word' id='word_1_337' title='bbox 883 3000 1206 3055; x_wconf 86' lang='lat' dir='ltr'><strong>tentatione</strong></span> <span class='ocrx_word' id='word_1_338' title='bbox 1221 2999 1433 3071; x_wconf 90' lang='lat' dir='ltr'><strong>prima,</strong></span> <span class='ocrx_word' id='word_1_339' title='bbox 1455 2999 1789 3055; x_wconf 89' lang='lat' dir='ltr'><strong>audivimus</strong></span> <span class='ocrx_word' id='word_1_340' title='bbox 1808 2998 1946 3055; x_wconf 89' lang='lat' dir='ltr'><strong>libe-</strong></span> 
     </span>
    </p>
   </div>
   <div class='ocr_carea' id='block_1_41' title="bbox 289 3087 1945 3161">
    <p class='ocr_par' dir='ltr' id='par_1_41' title="bbox 289 3087 1945 3161">
     <span class='ocr_line' id='line_1_41' title="bbox 289 3087 1945 3161; baseline -0.004 -14"><span class='ocrx_word' id='word_1_341' title='bbox 289 3091 616 3148; x_wconf 85' lang='lat' dir='ltr'><strong>rationem:</strong></span> <span class='ocrx_word' id='word_1_342' title='bbox 649 3090 918 3161; x_wconf 85' lang='lat' dir='ltr'><strong>sequitur</strong></span> <span class='ocrx_word' id='word_1_343' title='bbox 949 3088 1239 3144; x_wconf 88' lang='lat' dir='ltr'><strong>confessio</strong></span> <span class='ocrx_word' id='word_1_344' title='bbox 1271 3087 1667 3144; x_wconf 87' lang='lat' dir='ltr'><strong>miserationis</strong></span> <span class='ocrx_word' id='word_1_345' title='bbox 1690 3088 1945 3159; x_wconf 89' lang='lat' dir='ltr'><strong>Domini,</strong></span> 
     </span>
    </p>
   </div>
   <div class='ocr_carea' id='block_1_42' title="bbox 286 3176 1946 3249">
    <p class='ocr_par' dir='ltr' id='par_1_42' title="bbox 286 3176 1946 3249">
     <span class='ocr_line' id='line_1_42' title="bbox 286 3176 1946 3249; baseline -0.005 -11"><span class='ocrx_word' id='word_1_346' title='bbox 286 3180 379 3238; x_wconf 84' lang='lat' dir='ltr'><strong>sic</strong></span> <span class='ocrx_word' id='word_1_347' title='bbox 403 3198 422 3232; x_wconf 89' lang='lat'><strong>:</strong></span> <span class='ocrx_word' id='word_1_348' title='bbox 453 3180 829 3249; x_wconf 80' lang='lat' dir='ltr'><strong>Confiteantur</strong></span> <span class='ocrx_word' id='word_1_349' title='bbox 870 3180 1107 3233; x_wconf 87' lang='lat' dir='ltr'><strong>Domino</strong></span> <span class='ocrx_word' id='word_1_350' title='bbox 1147 3177 1546 3233; x_wconf 72' lang='lat' dir='ltr'><strong>misericordiae</strong></span> <span class='ocrx_word' id='word_1_351' title='bbox 1593 3178 1732 3248; x_wconf 85' lang='lat' dir='ltr'><strong>ejus.</strong></span> <span class='ocrx_word' id='word_1_352' title='bbox 1768 3176 1946 3242; x_wconf 86' lang='lat' dir='ltr'><strong>Quasi</strong></span> 
     </span>
    </p>
   </div>
   <div class='ocr_carea' id='block_1_43' title="bbox 292 3248 2022 3339">
    <p class='ocr_par' dir='ltr' id='par_1_43' title="bbox 292 3248 2022 3339">
     <span class='ocr_line' id='line_1_43' title="bbox 292 3248 2022 3339; baseline -0.006 -14"><span class='ocrx_word' id='word_1_353' title='bbox 292 3270 499 3325; x_wconf 88' lang='lat' dir='ltr'><strong>dicat:</strong></span> <span class='ocrx_word' id='word_1_354' title='bbox 541 3267 705 3323; x_wconf 89' lang='lat' dir='ltr'><strong>Unde</strong></span> <span class='ocrx_word' id='word_1_355' title='bbox 749 3267 889 3339; x_wconf 90' lang='lat' dir='ltr'><strong>quia</strong></span> <span class='ocrx_word' id='word_1_356' title='bbox 939 3266 1226 3321; x_wconf 88' lang='lat' dir='ltr'><strong>Dominus</strong></span> <span class='ocrx_word' id='word_1_357' title='bbox 1274 3265 1513 3320; x_wconf 81' lang='lat' dir='ltr'><strong>deduxit</strong></span> <span class='ocrx_word' id='word_1_358' title='bbox 1561 3281 1659 3319; x_wconf 91' lang='lat' dir='ltr'><strong>eos</strong></span> <span class='ocrx_word' id='word_1_359' title='bbox 1706 3266 1767 3319; x_wconf 91' lang='lat' dir='ltr'><strong>in</strong></span> <span class='ocrx_word' id='word_1_360' title='bbox 1792 3265 1944 3320; x_wconf 93' lang='lat' dir='ltr'><strong>viam</strong></span> <span class='ocrx_word' id='word_1_361' title='bbox 1979 3248 2022 3314; x_wconf 88' lang='lat' dir='ltr'>C</span> 
     </span>
    </p>
   </div>
   <div class='ocr_carea' id='block_1_44' title="bbox 292 3353 1952 3426">
    <p class='ocr_par' dir='ltr' id='par_1_44' title="bbox 292 3353 1952 3426">
     <span class='ocr_line' id='line_1_44' title="bbox 292 3353 1952 3426; baseline -0.004 -12"><span class='ocrx_word' id='word_1_362' title='bbox 292 3363 538 3426; x_wconf 88' lang='lat' dir='ltr'><strong>rectam,</strong></span> <span class='ocrx_word' id='word_1_363' title='bbox 573 3356 952 3426; x_wconf 79' lang='lat' dir='ltr'><strong>Conﬁteantur</strong></span> <span class='ocrx_word' id='word_1_364' title='bbox 976 3355 1208 3409; x_wconf 90' lang='lat' dir='ltr'><strong>Domino</strong></span> <span class='ocrx_word' id='word_1_365' title='bbox 1247 3353 1639 3409; x_wconf 71' lang='lat' dir='ltr'><strong>misericordiae</strong></span> <span class='ocrx_word' id='word_1_366' title='bbox 1668 3355 1804 3419; x_wconf 84' lang='lat' dir='ltr'><strong>eius,</strong></span> <span class='ocrx_word' id='word_1_367' title='bbox 1837 3369 1952 3408; x_wconf 90' lang='lat' dir='ltr'><strong>non</strong></span> 
     </span>
    </p>
   </div>
   <div class='ocr_carea' id='block_1_45' title="bbox 299 3442 1955 3513">
    <p class='ocr_par' dir='ltr' id='par_1_45' title="bbox 299 3442 1955 3513">
     <span class='ocr_line' id='line_1_45' title="bbox 299 3442 1955 3513; baseline -0.005 -10"><span class='ocrx_word' id='word_1_368' title='bbox 299 3446 533 3513; x_wconf 88' lang='lat' dir='ltr'><strong>merita,</strong></span> <span class='ocrx_word' id='word_1_369' title='bbox 558 3462 674 3501; x_wconf 88' lang='lat' dir='ltr'><strong>non</strong></span> <span class='ocrx_word' id='word_1_370' title='bbox 700 3446 852 3499; x_wconf 88' lang='lat' dir='ltr'><strong>vires</strong></span> <span class='ocrx_word' id='word_1_371' title='bbox 880 3447 1091 3499; x_wconf 63' lang='lat' dir='ltr'><strong>nostra;</strong></span> <span class='ocrx_word' id='word_1_372' title='bbox 1113 3459 1126 3498; x_wconf 90' lang='lat'><strong>:</strong></span> <span class='ocrx_word' id='word_1_373' title='bbox 1152 3450 1205 3497; x_wconf 89' lang='lat' dir='ltr'><strong>et</strong></span> <span class='ocrx_word' id='word_1_374' title='bbox 1233 3442 1520 3497; x_wconf 88' lang='lat' dir='ltr'><strong>mirabilia</strong></span> <span class='ocrx_word' id='word_1_375' title='bbox 1542 3444 1661 3513; x_wconf 87' lang='lat' dir='ltr'><strong>ejus</strong></span> <span class='ocrx_word' id='word_1_376' title='bbox 1700 3442 1955 3497; x_wconf 83' lang='lat' dir='ltr'><strong>exhibita</strong></span> 
     </span>
    </p>
   </div>
   <div class='ocr_carea' id='block_1_46' title="bbox 293 3529 1954 3606">
    <p class='ocr_par' dir='ltr' id='par_1_46' title="bbox 293 3529 1954 3606">
     <span class='ocr_line' id='line_1_46' title="bbox 293 3529 1954 3606; baseline -0.004 -16"><span class='ocrx_word' id='word_1_377' title='bbox 293 3536 436 3606; x_wconf 77' lang='lat' dir='ltr'><strong>ﬁliis</strong></span> <span class='ocrx_word' id='word_1_378' title='bbox 491 3535 781 3590; x_wconf 77' lang='lat' dir='ltr'><strong>hominum</strong></span> <span class='ocrx_word' id='word_1_379' title='bbox 834 3533 886 3587; x_wconf 91' lang='lat' dir='ltr'><strong>ei</strong></span> <span class='ocrx_word' id='word_1_380' title='bbox 938 3532 1111 3587; x_wconf 87' lang='lat' dir='ltr'><strong>etiam</strong></span> <span class='ocrx_word' id='word_1_381' title='bbox 1185 3531 1591 3586; x_wconf 82' lang='lat' dir='ltr'><strong>conﬁteantur.</strong></span> <span class='ocrx_word' id='word_1_382' title='bbox 1649 3529 1716 3585; x_wconf 87' lang='lat' dir='ltr'><strong>Et</strong></span> <span class='ocrx_word' id='word_1_383' title='bbox 1773 3547 1954 3601; x_wconf 86' lang='lat' dir='ltr'><strong>quare</strong></span> 
     </span>
    </p>
   </div>
   <div class='ocr_carea' id='block_1_47' title="bbox 289 3621 1951 3691">
    <p class='ocr_par' dir='ltr' id='par_1_47' title="bbox 289 3621 1951 3691">
     <span class='ocr_line' id='line_1_47' title="bbox 289 3621 1951 3691; baseline -0.003 -12"><span class='ocrx_word' id='word_1_384' title='bbox 289 3624 407 3679; x_wconf 84' lang='lat' dir='ltr'><strong>hoc</strong></span> <span class='ocrx_word' id='word_1_385' title='bbox 425 3622 454 3677; x_wconf 91' lang='lat'><strong>?</strong></span> <span class='ocrx_word' id='word_1_386' title='bbox 479 3624 621 3691; x_wconf 83' lang='lat' dir='ltr'><strong>Quia</strong></span> <span class='ocrx_word' id='word_1_387' title='bbox 647 3623 873 3676; x_wconf 87' lang='lat' dir='ltr'><strong>satiavit</strong></span> <span class='ocrx_word' id='word_1_388' title='bbox 894 3621 1141 3676; x_wconf 88' lang='lat' dir='ltr'><strong>animam</strong></span> <span class='ocrx_word' id='word_1_389' title='bbox 1163 3622 1415 3686; x_wconf 88' lang='lat' dir='ltr'><strong>inanem,</strong></span> <span class='ocrx_word' id='word_1_390' title='bbox 1439 3621 1685 3674; x_wconf 89' lang='lat' dir='ltr'><strong>animam</strong></span> <span class='ocrx_word' id='word_1_391' title='bbox 1705 3624 1951 3675; x_wconf 84' lang='lat' dir='ltr'><strong>esurien-</strong></span> 
     </span>
    </p>
   </div>
   <div class='ocr_carea' id='block_1_48' title="bbox 294 3707 1949 3780">
    <p class='ocr_par' dir='ltr' id='par_1_48' title="bbox 294 3707 1949 3780">
     <span class='ocr_line' id='line_1_48' title="bbox 294 3707 1949 3780; baseline -0.003 -12"><span class='ocrx_word' id='word_1_392' title='bbox 294 3717 410 3769; x_wconf 76' lang='lat' dir='ltr'><strong>tem</strong></span> <span class='ocrx_word' id='word_1_393' title='bbox 438 3712 662 3767; x_wconf 81' lang='lat' dir='ltr'><strong>satiavit</strong></span> <span class='ocrx_word' id='word_1_394' title='bbox 705 3710 879 3765; x_wconf 85' lang='lat' dir='ltr'><strong>bonis.</strong></span> <span class='ocrx_word' id='word_1_395' title='bbox 922 3709 1120 3765; x_wconf 87' lang='lat' dir='ltr'><strong>Inanis</strong></span> <span class='ocrx_word' id='word_1_396' title='bbox 1170 3708 1280 3763; x_wconf 84' lang='lat' dir='ltr'><strong>fuit</strong></span> <span class='ocrx_word' id='word_1_397' title='bbox 1332 3707 1548 3775; x_wconf 89' lang='lat' dir='ltr'><strong>anima,</strong></span> <span class='ocrx_word' id='word_1_398' title='bbox 1599 3709 1858 3780; x_wconf 87' lang='lat' dir='ltr'><strong>quandiu</strong></span> <span class='ocrx_word' id='word_1_399' title='bbox 1890 3708 1949 3764; x_wconf 90' lang='lat' dir='ltr'><strong>in</strong></span> 
     </span>
    </p>
   </div>
   <div class='ocr_carea' id='block_1_49' title="bbox 289 3797 1949 3871">
    <p class='ocr_par' dir='ltr' id='par_1_49' title="bbox 289 3797 1949 3871">
     <span class='ocr_line' id='line_1_49' title="bbox 289 3797 1949 3871; baseline -0.002 -15"><span class='ocrx_word' id='word_1_400' title='bbox 289 3815 489 3857; x_wconf 89' lang='lat' dir='ltr'><strong>errore</strong></span> <span class='ocrx_word' id='word_1_401' title='bbox 515 3799 658 3854; x_wconf 84' lang='lat' dir='ltr'><strong>fuit:</strong></span> <span class='ocrx_word' id='word_1_402' title='bbox 710 3798 811 3853; x_wconf 89' lang='lat' dir='ltr'><strong>sed</strong></span> <span class='ocrx_word' id='word_1_403' title='bbox 862 3813 1286 3871; x_wconf 87' lang='lat' dir='ltr'><strong>recognoscens</strong></span> <span class='ocrx_word' id='word_1_404' title='bbox 1344 3813 1406 3853; x_wconf 91' lang='lat' dir='ltr'><strong>se</strong></span> <span class='ocrx_word' id='word_1_405' title='bbox 1452 3814 1581 3853; x_wconf 82' lang='lat' dir='ltr'><strong>esse</strong></span> <span class='ocrx_word' id='word_1_406' title='bbox 1631 3797 1690 3852; x_wconf 89' lang='lat' dir='ltr'><strong>in</strong></span> <span class='ocrx_word' id='word_1_407' title='bbox 1734 3814 1949 3866; x_wconf 89' lang='lat' dir='ltr'><strong>errore,</strong></span> 
     </span>
    </p>
   </div>
   <div class='ocr_carea' id='block_1_50' title="bbox 288 3885 1947 3946">
    <p class='ocr_par' dir='ltr' id='par_1_50' title="bbox 288 3885 1947 3946">
     <span class='ocr_line' id='line_1_50' title="bbox 288 3885 1947 3946; baseline -0.002 -1"><span class='ocrx_word' id='word_1_408' title='bbox 288 3888 539 3946; x_wconf 82' lang='lat' dir='ltr'><strong>esurivit</strong></span> <span class='ocrx_word' id='word_1_409' title='bbox 564 3905 576 3943; x_wconf 89' lang='lat'><strong>:</strong></span> <span class='ocrx_word' id='word_1_410' title='bbox 600 3888 701 3943; x_wconf 89' lang='lat' dir='ltr'><strong>sed</strong></span> <span class='ocrx_word' id='word_1_411' title='bbox 725 3886 1037 3942; x_wconf 87' lang='lat' dir='ltr'><strong>clamando</strong></span> <span class='ocrx_word' id='word_1_412' title='bbox 1062 3887 1133 3941; x_wconf 87' lang='lat' dir='ltr'><strong>ad</strong></span> <span class='ocrx_word' id='word_1_413' title='bbox 1166 3885 1483 3941; x_wconf 93' lang='lat' dir='ltr'><strong>Dominum</strong></span> <span class='ocrx_word' id='word_1_414' title='bbox 1508 3886 1718 3941; x_wconf 88' lang='lat' dir='ltr'><strong>satiata</strong></span> <span class='ocrx_word' id='word_1_415' title='bbox 1739 3890 1828 3942; x_wconf 89' lang='lat' dir='ltr'><strong>est</strong></span> <span class='ocrx_word' id='word_1_416' title='bbox 1847 3887 1947 3941; x_wconf 88' lang='lat' dir='ltr'><strong>bo-</strong></span> 
     </span>
    </p>
   </div>
   <div class='ocr_carea' id='block_1_51' title="bbox 287 3974 1949 4047">
    <p class='ocr_par' dir='ltr' id='par_1_51' title="bbox 287 3974 1949 4047">
     <span class='ocr_line' id='line_1_51' title="bbox 287 3974 1949 4047; baseline -0.002 -13"><span class='ocrx_word' id='word_1_417' title='bbox 287 3979 413 4045; x_wconf 89' lang='lat' dir='ltr'><strong>nis,</strong></span> <span class='ocrx_word' id='word_1_418' title='bbox 435 3979 611 4033; x_wconf 86' lang='lat' dir='ltr'><strong>verbo</strong></span> <span class='ocrx_word' id='word_1_419' title='bbox 634 3975 904 4031; x_wconf 89' lang='lat' dir='ltr'><strong>videlicet</strong></span> <span class='ocrx_word' id='word_1_420' title='bbox 928 3974 1379 4047; x_wconf 66' lang='lat' dir='ltr'><strong>praedicationis.</strong></span> <span class='ocrx_word' id='word_1_421' title='bbox 1420 3974 1677 4030; x_wconf 86' lang='lat' dir='ltr'><strong>Sedentes</strong></span> <span class='ocrx_word' id='word_1_422' title='bbox 1717 3977 1779 4029; x_wconf 90' lang='lat' dir='ltr'><strong>in</strong></span> <span class='ocrx_word' id='word_1_423' title='bbox 1806 3980 1949 4031; x_wconf 86' lang='lat' dir='ltr'><strong>tene-</strong></span> 
     </span>
    </p>
   </div>
   <div class='ocr_carea' id='block_1_52' title="bbox 287 4061 1946 4133">
    <p class='ocr_par' dir='ltr' id='par_1_52' title="bbox 287 4061 1946 4133">
     <span class='ocr_line' id='line_1_52' title="bbox 287 4061 1946 4133; baseline -0.001 -13"><span class='ocrx_word' id='word_1_424' title='bbox 287 4066 408 4121; x_wconf 82' lang='lat' dir='ltr'><strong>bris</strong></span> <span class='ocrx_word' id='word_1_425' title='bbox 437 4071 487 4119; x_wconf 90' lang='lat' dir='ltr'><strong>et</strong></span> <span class='ocrx_word' id='word_1_426' title='bbox 516 4062 711 4119; x_wconf 86' lang='lat' dir='ltr'><strong>umbra</strong></span> <span class='ocrx_word' id='word_1_427' title='bbox 737 4064 953 4118; x_wconf 87' lang='lat' dir='ltr'><strong>mortis.</strong></span> <span class='ocrx_word' id='word_1_428' title='bbox 989 4062 1131 4117; x_wconf 88' lang='lat' dir='ltr'><strong>Ecce</strong></span> <span class='ocrx_word' id='word_1_429' title='bbox 1147 4062 1273 4133; x_wconf 87' lang='lat' dir='ltr'><strong>jam</strong></span> <span class='ocrx_word' id='word_1_430' title='bbox 1298 4061 1630 4116; x_wconf 88' lang='lat' dir='ltr'><strong>audivimus</strong></span> <span class='ocrx_word' id='word_1_431' title='bbox 1652 4061 1946 4118; x_wconf 90' lang='lat' dir='ltr'><strong>liberatio-</strong></span> 
     </span>
    </p>
   </div>
   <div class='ocr_carea' id='block_1_53' title="bbox 283 4149 1944 4224">
    <p class='ocr_par' dir='ltr' id='par_1_53' title="bbox 283 4149 1944 4224">
     <span class='ocr_line' id='line_1_53' title="bbox 283 4149 1944 4224; baseline -0.002 -15"><span class='ocrx_word' id='word_1_432' title='bbox 283 4168 427 4209; x_wconf 86' lang='lat' dir='ltr'><strong>nem</strong></span> <span class='ocrx_word' id='word_1_433' title='bbox 460 4152 665 4224; x_wconf 76' lang='lat' dir='ltr'><strong>primze</strong></span> <span class='ocrx_word' id='word_1_434' title='bbox 692 4151 1056 4219; x_wconf 85' lang='lat' dir='ltr'><strong>tentationis,</strong></span> <span class='ocrx_word' id='word_1_435' title='bbox 1086 4149 1302 4204; x_wconf 81' lang='lat' dir='ltr'><strong>erroris</strong></span> <span class='ocrx_word' id='word_1_436' title='bbox 1350 4149 1618 4204; x_wconf 87' lang='lat' dir='ltr'><strong>videlicet</strong></span> <span class='ocrx_word' id='word_1_437' title='bbox 1648 4156 1704 4204; x_wconf 89' lang='lat' dir='ltr'><strong>et</strong></span> <span class='ocrx_word' id='word_1_438' title='bbox 1736 4152 1944 4222; x_wconf 63' lang='lat' dir='ltr'><strong>inopiae</strong></span> 
     </span>
    </p>
   </div>
   <div class='ocr_carea' id='block_1_54' title="bbox 281 4237 1948 4309">
    <p class='ocr_par' dir='ltr' id='par_1_54' title="bbox 281 4237 1948 4309">
     <span class='ocr_line' id='line_1_54' title="bbox 281 4237 1948 4309; baseline -0.001 -13"><span class='ocrx_word' id='word_1_439' title='bbox 281 4242 451 4296; x_wconf 81' lang='lat' dir='ltr'><strong>verbi</strong></span> <span class='ocrx_word' id='word_1_440' title='bbox 474 4240 597 4296; x_wconf 90' lang='lat' dir='ltr'><strong>Dei.</strong></span> <span class='ocrx_word' id='word_1_441' title='bbox 624 4239 769 4295; x_wconf 89' lang='lat' dir='ltr'><strong>Ecce</strong></span> <span class='ocrx_word' id='word_1_442' title='bbox 790 4239 891 4309; x_wconf 91' lang='lat' dir='ltr'><strong>qui</strong></span> <span class='ocrx_word' id='word_1_443' title='bbox 916 4239 1196 4294; x_wconf 89' lang='lat' dir='ltr'><strong>liberatus</strong></span> <span class='ocrx_word' id='word_1_444' title='bbox 1217 4242 1326 4302; x_wconf 90' lang='lat' dir='ltr'><strong>est,</strong></span> <span class='ocrx_word' id='word_1_445' title='bbox 1350 4237 1581 4309; x_wconf 90' lang='lat' dir='ltr'><strong>positus</strong></span> <span class='ocrx_word' id='word_1_446' title='bbox 1607 4238 1664 4292; x_wconf 92' lang='lat' dir='ltr'><strong>in</strong></span> <span class='ocrx_word' id='word_1_447' title='bbox 1691 4240 1784 4295; x_wconf 90' lang='lat' dir='ltr'><strong>via</strong></span> <span class='ocrx_word' id='word_1_448' title='bbox 1804 4241 1948 4295; x_wconf 88' lang='lat' dir='ltr'><strong>veri-</strong></span> 
     </span>
    </p>
   </div>
   <div class='ocr_carea' id='block_1_55' title="bbox 283 4326 1949 4399">
    <p class='ocr_par' dir='ltr' id='par_1_55' title="bbox 283 4326 1949 4399">
     <span class='ocr_line' id='line_1_55' title="bbox 283 4326 1949 4399; baseline 0 -15"><span class='ocrx_word' id='word_1_449' title='bbox 283 4328 451 4399; x_wconf 77' lang='lat' dir='ltr'><strong>tatis,</strong></span> <span class='ocrx_word' id='word_1_450' title='bbox 484 4328 675 4384; x_wconf 88' lang='lat' dir='ltr'><strong>sciens</strong></span> <span class='ocrx_word' id='word_1_451' title='bbox 698 4329 825 4399; x_wconf 89' lang='lat' dir='ltr'><strong>jam</strong></span> <span class='ocrx_word' id='word_1_452' title='bbox 867 4326 1007 4399; x_wconf 91' lang='lat' dir='ltr'><strong>quid</strong></span> <span class='ocrx_word' id='word_1_453' title='bbox 1040 4330 1304 4399; x_wconf 89' lang='lat' dir='ltr'><strong>oporteat</strong></span> <span class='ocrx_word' id='word_1_454' title='bbox 1353 4342 1487 4381; x_wconf 92' lang='lat' dir='ltr'><strong>eum</strong></span> <span class='ocrx_word' id='word_1_455' title='bbox 1540 4326 1749 4399; x_wconf 83' lang='lat' dir='ltr'><strong>facere,</strong></span> <span class='ocrx_word' id='word_1_456' title='bbox 1782 4330 1949 4384; x_wconf 87' lang='lat' dir='ltr'><strong>audit</strong></span> 
     </span>
    </p>
   </div>
   <div class='ocr_carea' id='block_1_56' title="bbox 285 4416 1947 4488">
    <p class='ocr_par' dir='ltr' id='par_1_56' title="bbox 285 4416 1947 4488">
     <span class='ocr_line' id='line_1_56' title="bbox 285 4416 1947 4488; baseline -0.001 -14"><span class='ocrx_word' id='word_1_457' title='bbox 285 4417 408 4476; x_wconf 80' lang='lat' dir='ltr'><strong>sibi</strong></span> <span class='ocrx_word' id='word_1_458' title='bbox 428 4417 542 4473; x_wconf 90' lang='lat' dir='ltr'><strong>dici</strong></span> <span class='ocrx_word' id='word_1_459' title='bbox 567 4433 580 4471; x_wconf 91' lang='lat'><strong>:</strong></span> <span class='ocrx_word' id='word_1_460' title='bbox 606 4420 728 4472; x_wconf 82' lang='lat' dir='ltr'><strong>Non</strong></span> <span class='ocrx_word' id='word_1_461' title='bbox 754 4416 982 4481; x_wconf 84' lang='lat' dir='ltr'><strong>occides,</strong></span> <span class='ocrx_word' id='word_1_462' title='bbox 1012 4432 1125 4471; x_wconf 88' lang='lat' dir='ltr'><strong>non</strong></span> <span class='ocrx_word' id='word_1_463' title='bbox 1166 4416 1535 4484; x_wconf 80' lang='lat' dir='ltr'><strong>adulterabis,</strong></span> <span class='ocrx_word' id='word_1_464' title='bbox 1582 4433 1696 4471; x_wconf 89' lang='lat' dir='ltr'><strong>non</strong></span> <span class='ocrx_word' id='word_1_465' title='bbox 1731 4420 1947 4488; x_wconf 87' lang='lat' dir='ltr'><strong>furtum</strong></span> 
     </span>
    </p>
   </div>
   <div class='ocr_carea' id='block_1_57' title="bbox 282 4505 1945 4581">
    <p class='ocr_par' dir='ltr' id='par_1_57' title="bbox 282 4505 1945 4581">
     <span class='ocr_line' id='line_1_57' title="bbox 282 4505 1945 4581; baseline -0.001 -17"><span class='ocrx_word' id='word_1_466' title='bbox 282 4505 681 4581; x_wconf 65' lang='lat' dir='ltr'><strong>fadelexod.</strong></span> <span class='ocrx_word' id='word_1_467' title='bbox 713 4523 825 4573; x_wconf 83' lang='lat' dir='ltr'><strong>xx;</strong></span> <span class='ocrx_word' id='word_1_468' title='bbox 858 4506 1043 4560; x_wconf 78' lang='lat' dir='ltr'><strong>Matth.</strong></span> <span class='ocrx_word' id='word_1_469' title='bbox 1094 4505 1228 4575; x_wconf 81' lang='lat' dir='ltr'><strong>xix),</strong></span> <span class='ocrx_word' id='word_1_470' title='bbox 1282 4508 1339 4559; x_wconf 91' lang='lat' dir='ltr'><strong>et</strong></span> <span class='ocrx_word' id='word_1_471' title='bbox 1385 4509 1591 4561; x_wconf 62' lang='lat' dir='ltr'><strong>caetera</strong></span> <span class='ocrx_word' id='word_1_472' title='bbox 1623 4505 1781 4561; x_wconf 85' lang='lat' dir='ltr'><strong>talia.</strong></span> <span class='ocrx_word' id='word_1_473' title='bbox 1814 4507 1945 4563; x_wconf 83' lang='lat' dir='ltr'><strong>Haec</strong></span> 
     </span>
    </p>
   </div>
   <div class='ocr_carea' id='block_1_58' title="bbox 2047 1934 3692 2011">
    <p class='ocr_par' dir='ltr' id='par_1_58' title="bbox 2047 1934 3692 2011">
     <span class='ocr_line' id='line_1_58' title="bbox 2047 1934 3692 2011; baseline -0.002 -19"><span class='ocrx_word' id='word_1_474' title='bbox 2047 1937 2497 2011; x_wconf 73' lang='lat' dir='ltr'><strong>praesumebant.</strong></span> <span class='ocrx_word' id='word_1_475' title='bbox 2526 1936 2597 1990; x_wconf 89' lang='lat' dir='ltr'><strong>Et</strong></span> <span class='ocrx_word' id='word_1_476' title='bbox 2619 1934 2911 2007; x_wconf 89' lang='lat' dir='ltr'><strong>quomodo</strong></span> <span class='ocrx_word' id='word_1_477' title='bbox 2933 1934 3216 2007; x_wconf 84' lang='lat' dir='ltr'><strong>confregit</strong></span> <span class='ocrx_word' id='word_1_478' title='bbox 3237 1937 3260 1989; x_wconf 74' lang='grc' dir='ltr'>Ρ</span> <span class='ocrx_word' id='word_1_479' title='bbox 3279 1934 3425 1999; x_wconf 88' lang='lat' dir='ltr'><strong>Quia</strong></span> <span class='ocrx_word' id='word_1_480' title='bbox 3460 1934 3692 2005; x_wconf 82' lang='lat' dir='ltr'><strong>suscepit</strong></span> 
     </span>
    </p>
   </div>
   <div class='ocr_carea' id='block_1_59' title="bbox 2048 2022 3696 2095">
    <p class='ocr_par' dir='ltr' id='par_1_59' title="bbox 2048 2022 3696 2095">
     <span class='ocr_line' id='line_1_59' title="bbox 2048 2022 3696 2095; baseline -0.002 -14"><span class='ocrx_word' id='word_1_481' title='bbox 2048 2043 2138 2082; x_wconf 91' lang='lat' dir='ltr'><strong>eos</strong></span> <span class='ocrx_word' id='word_1_482' title='bbox 2164 2026 2229 2081; x_wconf 85' lang='lat' dir='ltr'><strong>de</strong></span> <span class='ocrx_word' id='word_1_483' title='bbox 2257 2027 2347 2080; x_wconf 86' lang='lat' dir='ltr'><strong>via</strong></span> <span class='ocrx_word' id='word_1_484' title='bbox 2391 2026 2704 2095; x_wconf 85' lang='lat' dir='ltr'><strong>iniquitatis</strong></span> <span class='ocrx_word' id='word_1_485' title='bbox 2755 2040 2962 2089; x_wconf 89' lang='lat' dir='ltr'><strong>eorum,</strong></span> <span class='ocrx_word' id='word_1_486' title='bbox 3012 2023 3297 2079; x_wconf 88' lang='lat' dir='ltr'><strong>subaudis</strong></span> <span class='ocrx_word' id='word_1_487' title='bbox 3344 2027 3593 2094; x_wconf 89' lang='lat' dir='ltr'><strong>ereptos.</strong></span> <span class='ocrx_word' id='word_1_488' title='bbox 3626 2022 3696 2077; x_wconf 87' lang='lat' dir='ltr'><strong>Et</strong></span> 
     </span>
    </p>
   </div>
   <div class='ocr_carea' id='block_1_60' title="bbox 2049 2112 3699 2187">
    <p class='ocr_par' dir='ltr' id='par_1_60' title="bbox 2049 2112 3699 2187">
     <span class='ocr_line' id='line_1_60' title="bbox 2049 2112 3699 2187; baseline -0.004 -16"><span class='ocrx_word' id='word_1_489' title='bbox 2049 2132 2197 2187; x_wconf 90' lang='lat' dir='ltr'><strong>opus</strong></span> <span class='ocrx_word' id='word_1_490' title='bbox 2246 2114 2356 2170; x_wconf 91' lang='lat' dir='ltr'><strong>fuit</strong></span> <span class='ocrx_word' id='word_1_491' title='bbox 2403 2117 2468 2168; x_wconf 91' lang='lat' dir='ltr'><strong>ut</strong></span> <span class='ocrx_word' id='word_1_492' title='bbox 2515 2114 2978 2185; x_wconf 82' lang='lat' dir='ltr'><strong>susciperentur.</strong></span> <span class='ocrx_word' id='word_1_493' title='bbox 3045 2112 3182 2184; x_wconf 88' lang='lat' dir='ltr'><strong>quia</strong></span> <span class='ocrx_word' id='word_1_494' title='bbox 3238 2112 3526 2167; x_wconf 87' lang='lat' dir='ltr'><strong>humiliati</strong></span> <span class='ocrx_word' id='word_1_495' title='bbox 3569 2118 3699 2166; x_wconf 87' lang='lat' dir='ltr'><strong>sunt</strong></span> 
     </span>
    </p>
   </div>
   <div class='ocr_carea' id='block_1_61' title="bbox 2045 2201 3697 2277">
    <p class='ocr_par' dir='ltr' id='par_1_61' title="bbox 2045 2201 3697 2277">
     <span class='ocr_line' id='line_1_61' title="bbox 2045 2201 3697 2277; baseline -0.003 -18"><span class='ocrx_word' id='word_1_496' title='bbox 2045 2207 2267 2277; x_wconf 86' lang='lat' dir='ltr'><strong>propter</strong></span> <span class='ocrx_word' id='word_1_497' title='bbox 2322 2204 2649 2274; x_wconf 84' lang='lat' dir='ltr'><strong>injustitias,</strong></span> <span class='ocrx_word' id='word_1_498' title='bbox 2719 2201 3003 2257; x_wconf 88' lang='lat' dir='ltr'><strong>subaudis</strong></span> <span class='ocrx_word' id='word_1_499' title='bbox 3059 2201 3408 2273; x_wconf 86' lang='lat' dir='ltr'><strong>recognitss.</strong></span> <span class='ocrx_word' id='word_1_500' title='bbox 3471 2201 3697 2256; x_wconf 86' lang='lat' dir='ltr'><strong>Omnem</strong></span> 
     </span>
    </p>
   </div>
   <div class='ocr_carea' id='block_1_62' title="bbox 2049 2288 3696 2361">
    <p class='ocr_par' dir='ltr' id='par_1_62' title="bbox 2049 2288 3696 2361">
     <span class='ocr_line' id='line_1_62' title="bbox 2049 2288 3696 2361; baseline -0.003 -13"><span class='ocrx_word' id='word_1_501' title='bbox 2049 2309 2227 2349; x_wconf 85' lang='lat' dir='ltr'><strong>escam</strong></span> <span class='ocrx_word' id='word_1_502' title='bbox 2276 2292 2597 2347; x_wconf 85' lang='lat' dir='ltr'><strong>abominata</strong></span> <span class='ocrx_word' id='word_1_503' title='bbox 2650 2295 2727 2346; x_wconf 88' lang='lat' dir='ltr'><strong>est</strong></span> <span class='ocrx_word' id='word_1_504' title='bbox 2781 2292 2969 2345; x_wconf 87' lang='lat' dir='ltr'><strong>anima</strong></span> <span class='ocrx_word' id='word_1_505' title='bbox 3024 2307 3229 2346; x_wconf 89' lang='lat' dir='ltr'><strong>eorum.</strong></span> <span class='ocrx_word' id='word_1_506' title='bbox 3289 2288 3541 2345; x_wconf 87' lang='lat' dir='ltr'><strong>Liberati</strong></span> <span class='ocrx_word' id='word_1_507' title='bbox 3570 2289 3696 2361; x_wconf 89' lang='lat' dir='ltr'><strong>jam</strong></span> 
     </span>
    </p>
   </div>
   <div class='ocr_carea' id='block_1_63' title="bbox 2053 2377 3698 2444">
    <p class='ocr_par' dir='ltr' id='par_1_63' title="bbox 2053 2377 3698 2444">
     <span class='ocr_line' id='line_1_63' title="bbox 2053 2377 3698 2444; baseline -0.002 -8"><span class='ocrx_word' id='word_1_508' title='bbox 2053 2381 2123 2436; x_wconf 90' lang='lat' dir='ltr'><strong>de</strong></span> <span class='ocrx_word' id='word_1_509' title='bbox 2144 2382 2376 2436; x_wconf 90' lang='lat' dir='ltr'><strong>duabus</strong></span> <span class='ocrx_word' id='word_1_510' title='bbox 2395 2380 2835 2444; x_wconf 89' lang='lat' dir='ltr'><strong>tentationibus,</strong></span> <span class='ocrx_word' id='word_1_511' title='bbox 2856 2378 3302 2434; x_wconf 86' lang='lat' dir='ltr'><strong>ecceincurrunt</strong></span> <span class='ocrx_word' id='word_1_512' title='bbox 3318 2377 3698 2434; x_wconf 88' lang='lat' dir='ltr'><strong>tentationem</strong></span> 
     </span>
    </p>
   </div>
   <div class='ocr_carea' id='block_1_64' title="bbox 2051 2467 3701 2541">
    <p class='ocr_par' dir='ltr' id='par_1_64' title="bbox 2051 2467 3701 2541">
     <span class='ocr_line' id='line_1_64' title="bbox 2051 2467 3701 2541; baseline -0.002 -17"><span class='ocrx_word' id='word_1_513' title='bbox 2051 2469 2207 2525; x_wconf 69' lang='lat' dir='ltr'><strong>teadii</strong></span> <span class='ocrx_word' id='word_1_514' title='bbox 2230 2474 2404 2541; x_wconf 86' lang='lat' dir='ltr'><strong>atque</strong></span> <span class='ocrx_word' id='word_1_515' title='bbox 2426 2469 2643 2525; x_wconf 89' lang='lat' dir='ltr'><strong>fastidii</strong></span> <span class='ocrx_word' id='word_1_516' title='bbox 2682 2468 2841 2523; x_wconf 84' lang='lat' dir='ltr'><strong>verbi</strong></span> <span class='ocrx_word' id='word_1_517' title='bbox 2883 2468 3026 2523; x_wconf 90' lang='lat' dir='ltr'><strong>Dei:</strong></span> <span class='ocrx_word' id='word_1_518' title='bbox 3068 2469 3219 2539; x_wconf 90' lang='lat' dir='ltr'><strong>quod</strong></span> <span class='ocrx_word' id='word_1_519' title='bbox 3263 2467 3422 2534; x_wconf 90' lang='lat' dir='ltr'><strong>dicit,</strong></span> <span class='ocrx_word' id='word_1_520' title='bbox 3477 2467 3701 2523; x_wconf 88' lang='lat' dir='ltr'><strong>Omnem</strong></span> 
     </span>
    </p>
   </div>
   <div class='ocr_carea' id='block_1_65' title="bbox 2054 2554 3702 2627">
    <p class='ocr_par' dir='ltr' id='par_1_65' title="bbox 2054 2554 3702 2627">
     <span class='ocr_line' id='line_1_65' title="bbox 2054 2554 3702 2627; baseline -0.002 -14"><span class='ocrx_word' id='word_1_521' title='bbox 2054 2575 2255 2623; x_wconf 86' lang='lat' dir='ltr'><strong>escam,</strong></span> <span class='ocrx_word' id='word_1_522' title='bbox 2278 2559 2335 2613; x_wconf 93' lang='lat' dir='ltr'><strong>id</strong></span> <span class='ocrx_word' id='word_1_523' title='bbox 2358 2563 2468 2627; x_wconf 89' lang='lat' dir='ltr'><strong>est,</strong></span> <span class='ocrx_word' id='word_1_524' title='bbox 2496 2573 2730 2612; x_wconf 89' lang='lat' dir='ltr'><strong>omnem</strong></span> <span class='ocrx_word' id='word_1_525' title='bbox 2756 2557 3124 2613; x_wconf 86' lang='lat' dir='ltr'><strong>refectionem</strong></span> <span class='ocrx_word' id='word_1_526' title='bbox 3152 2555 3311 2611; x_wconf 89' lang='lat' dir='ltr'><strong>verbi</strong></span> <span class='ocrx_word' id='word_1_527' title='bbox 3333 2554 3702 2627; x_wconf 84' lang='lat' dir='ltr'><strong>Dei,legendi</strong></span> 
     </span>
    </p>
   </div>
   <div class='ocr_carea' id='block_1_66' title="bbox 2054 2644 3702 2716">
    <p class='ocr_par' dir='ltr' id='par_1_66' title="bbox 2054 2644 3702 2716">
     <span class='ocr_line' id='line_1_66' title="bbox 2054 2644 3702 2716; baseline -0.001 -16"><span class='ocrx_word' id='word_1_528' title='bbox 2054 2646 2142 2701; x_wconf 92' lang='lat' dir='ltr'><strong>vel</strong></span> <span class='ocrx_word' id='word_1_529' title='bbox 2193 2646 2419 2716; x_wconf 84' lang='lat' dir='ltr'><strong>orandi,</strong></span> <span class='ocrx_word' id='word_1_530' title='bbox 2478 2646 2793 2701; x_wconf 89' lang='lat' dir='ltr'><strong>abominata</strong></span> <span class='ocrx_word' id='word_1_531' title='bbox 2848 2653 2928 2700; x_wconf 90' lang='lat' dir='ltr'><strong>est</strong></span> <span class='ocrx_word' id='word_1_532' title='bbox 2990 2646 3185 2700; x_wconf 89' lang='lat' dir='ltr'><strong>anima</strong></span> <span class='ocrx_word' id='word_1_533' title='bbox 3240 2661 3455 2711; x_wconf 87' lang='lat' dir='ltr'><strong>eorum,</strong></span> <span class='ocrx_word' id='word_1_534' title='bbox 3510 2648 3563 2701; x_wconf 83' lang='lat' dir='ltr'><strong>et</strong></span> <span class='ocrx_word' id='word_1_535' title='bbox 3618 2644 3702 2700; x_wconf 88' lang='lat' dir='ltr'><strong>sic</strong></span> 
     </span>
    </p>
   </div>
   <div class='ocr_carea' id='block_1_67' title="bbox 2055 2733 3703 2807">
    <p class='ocr_par' dir='ltr' id='par_1_67' title="bbox 2055 2733 3703 2807">
     <span class='ocr_line' id='line_1_67' title="bbox 2055 2733 3703 2807; baseline -0.001 -18"><span class='ocrx_word' id='word_1_536' title='bbox 2055 2738 2632 2807; x_wconf 87' lang='lat' dir='ltr'><strong>appropinquaverunt</strong></span> <span class='ocrx_word' id='word_1_537' title='bbox 2687 2750 2858 2806; x_wconf 86' lang='lat' dir='ltr'><strong>usque</strong></span> <span class='ocrx_word' id='word_1_538' title='bbox 2931 2733 3001 2789; x_wconf 88' lang='lat' dir='ltr'><strong>ad</strong></span> <span class='ocrx_word' id='word_1_539' title='bbox 3073 2738 3259 2805; x_wconf 86' lang='lat' dir='ltr'><strong>portas</strong></span> <span class='ocrx_word' id='word_1_540' title='bbox 3311 2735 3524 2789; x_wconf 82' lang='lat' dir='ltr'><strong>mortis.</strong></span> <span class='ocrx_word' id='word_1_541' title='bbox 3582 2737 3703 2788; x_wconf 87' lang='lat' dir='ltr'><strong>Hoc</strong></span> 
     </span>
    </p>
   </div>
   <div class='ocr_carea' id='block_1_68' title="bbox 2057 2822 3705 2896">
    <p class='ocr_par' dir='ltr' id='par_1_68' title="bbox 2057 2822 3705 2896">
     <span class='ocr_line' id='line_1_68' title="bbox 2057 2822 3705 2896; baseline 0 -19"><span class='ocrx_word' id='word_1_542' title='bbox 2057 2823 2186 2878; x_wconf 83' lang='lat' dir='ltr'><strong>ideo</strong></span> <span class='ocrx_word' id='word_1_543' title='bbox 2236 2822 2401 2888; x_wconf 90' lang='lat' dir='ltr'><strong>dicit,</strong></span> <span class='ocrx_word' id='word_1_544' title='bbox 2466 2840 2536 2879; x_wconf 89' lang='lat' dir='ltr'><strong>ne</strong></span> <span class='ocrx_word' id='word_1_545' title='bbox 2586 2823 2838 2895; x_wconf 91' lang='lat' dir='ltr'><strong>quisque</strong></span> <span class='ocrx_word' id='word_1_546' title='bbox 2886 2828 3125 2896; x_wconf 90' lang='lat' dir='ltr'><strong>putares</strong></span> <span class='ocrx_word' id='word_1_547' title='bbox 3172 2840 3271 2879; x_wconf 88' lang='lat' dir='ltr'><strong>eos</strong></span> <span class='ocrx_word' id='word_1_548' title='bbox 3319 2823 3390 2878; x_wconf 92' lang='lat' dir='ltr'><strong>de</strong></span> <span class='ocrx_word' id='word_1_549' title='bbox 3437 2822 3705 2879; x_wconf 82' lang='lat' dir='ltr'><strong>satietate</strong></span> 
     </span>
    </p>
   </div>
   <div class='ocr_carea' id='block_1_69' title="bbox 2055 2910 3703 2984">
    <p class='ocr_par' dir='ltr' id='par_1_69' title="bbox 2055 2910 3703 2984">
     <span class='ocr_line' id='line_1_69' title="bbox 2055 2910 3703 2984; baseline 0 -17"><span class='ocrx_word' id='word_1_550' title='bbox 2055 2928 2314 2976; x_wconf 88' lang='lat' dir='ltr'><strong>securos,</strong></span> <span class='ocrx_word' id='word_1_551' title='bbox 2366 2917 2423 2967; x_wconf 83' lang='lat' dir='ltr'><strong>et</strong></span> <span class='ocrx_word' id='word_1_552' title='bbox 2472 2929 2589 2966; x_wconf 89' lang='lat' dir='ltr'><strong>non</strong></span> <span class='ocrx_word' id='word_1_553' title='bbox 2642 2913 2832 2984; x_wconf 88' lang='lat' dir='ltr'><strong>magis</strong></span> <span class='ocrx_word' id='word_1_554' title='bbox 2880 2913 3104 2968; x_wconf 88' lang='lat' dir='ltr'><strong>videres</strong></span> <span class='ocrx_word' id='word_1_555' title='bbox 3152 2930 3251 2969; x_wconf 90' lang='lat' dir='ltr'><strong>eos</strong></span> <span class='ocrx_word' id='word_1_556' title='bbox 3301 2910 3533 2969; x_wconf 88' lang='lat' dir='ltr'><strong>fastidio</strong></span> <span class='ocrx_word' id='word_1_557' title='bbox 3573 2928 3703 2967; x_wconf 87' lang='lat' dir='ltr'><strong>mo-</strong></span> 
     </span>
    </p>
   </div>
   <div class='ocr_carea' id='block_1_70' title="bbox 2057 3000 3705 3059">
    <p class='ocr_par' dir='ltr' id='par_1_70' title="bbox 2057 3000 3705 3059">
     <span class='ocr_line' id='line_1_70' title="bbox 2057 3000 3705 3059; baseline 0.001 -4"><span class='ocrx_word' id='word_1_558' title='bbox 2057 3000 2295 3055; x_wconf 90' lang='lat' dir='ltr'><strong>rituros.</strong></span> <span class='ocrx_word' id='word_1_559' title='bbox 2323 3002 2383 3055; x_wconf 86' lang='lat' dir='ltr'><strong>Et</strong></span> <span class='ocrx_word' id='word_1_560' title='bbox 2402 3001 2485 3056; x_wconf 87' lang='lat' dir='ltr'><strong>sic</strong></span> <span class='ocrx_word' id='word_1_561' title='bbox 2506 3003 2883 3057; x_wconf 82' lang='lat' dir='ltr'><strong>clamauerunt</strong></span> <span class='ocrx_word' id='word_1_562' title='bbox 2911 3001 2981 3056; x_wconf 90' lang='lat' dir='ltr'><strong>ad</strong></span> <span class='ocrx_word' id='word_1_563' title='bbox 3011 3003 3300 3057; x_wconf 85' lang='lat' dir='ltr'><strong>Dominum</strong></span> <span class='ocrx_word' id='word_1_564' title='bbox 3326 3019 3451 3059; x_wconf 88' lang='lat' dir='ltr'><strong>cum</strong></span> <span class='ocrx_word' id='word_1_565' title='bbox 3470 3001 3705 3059; x_wconf 84' lang='lat' dir='ltr'><strong>tribula-</strong></span> 
     </span>
    </p>
   </div>
   <div class='ocr_carea' id='block_1_71' title="bbox 2057 3089 3706 3157">
    <p class='ocr_par' dir='ltr' id='par_1_71' title="bbox 2057 3089 3706 3157">
     <span class='ocr_line' id='line_1_71' title="bbox 2057 3089 3706 3157; baseline 0.003 -13"><span class='ocrx_word' id='word_1_566' title='bbox 2057 3093 2269 3157; x_wconf 86' lang='lat' dir='ltr'><strong>rentur,</strong></span> <span class='ocrx_word' id='word_1_567' title='bbox 2301 3095 2356 3145; x_wconf 84' lang='lat' dir='ltr'><strong>et</strong></span> <span class='ocrx_word' id='word_1_568' title='bbox 2385 3089 2450 3145; x_wconf 89' lang='lat' dir='ltr'><strong>de</strong></span> <span class='ocrx_word' id='word_1_569' title='bbox 2476 3092 2901 3146; x_wconf 82' lang='lat' dir='ltr'><strong>necessitatibus</strong></span> <span class='ocrx_word' id='word_1_570' title='bbox 2920 3108 3113 3147; x_wconf 89' lang='lat' dir='ltr'><strong>eorum</strong></span> <span class='ocrx_word' id='word_1_571' title='bbox 3143 3093 3395 3149; x_wconf 84' lang='lat' dir='ltr'><strong>liberavit</strong></span> <span class='ocrx_word' id='word_1_572' title='bbox 3421 3110 3528 3151; x_wconf 88' lang='lat' dir='ltr'><strong>eos.</strong></span> <span class='ocrx_word' id='word_1_573' title='bbox 3562 3094 3706 3150; x_wconf 89' lang='lat' dir='ltr'><strong>Nam</strong></span> 
     </span>
    </p>
   </div>
   <div class='ocr_carea' id='block_1_72' title="bbox 2055 3179 3711 3250">
    <p class='ocr_par' dir='ltr' id='par_1_72' title="bbox 2055 3179 3711 3250">
     <span class='ocr_line' id='line_1_72' title="bbox 2055 3179 3711 3250; baseline 0.005 -19"><span class='ocrx_word' id='word_1_574' title='bbox 2055 3179 2208 3232; x_wconf 87' lang='lat' dir='ltr'><strong>misit</strong></span> <span class='ocrx_word' id='word_1_575' title='bbox 2238 3180 2463 3232; x_wconf 83' lang='lat' dir='ltr'><strong>verbum</strong></span> <span class='ocrx_word' id='word_1_576' title='bbox 2492 3196 2676 3244; x_wconf 89' lang='lat' dir='ltr'><strong>suum,</strong></span> <span class='ocrx_word' id='word_1_577' title='bbox 2706 3179 2763 3234; x_wconf 91' lang='lat' dir='ltr'><strong>id</strong></span> <span class='ocrx_word' id='word_1_578' title='bbox 2797 3185 2905 3248; x_wconf 85' lang='lat' dir='ltr'><strong>est,</strong></span> <span class='ocrx_word' id='word_1_579' title='bbox 2940 3180 3309 3237; x_wconf 88' lang='lat' dir='ltr'><strong>dulcedinem</strong></span> <span class='ocrx_word' id='word_1_580' title='bbox 3334 3182 3491 3237; x_wconf 89' lang='lat' dir='ltr'><strong>verbi</strong></span> <span class='ocrx_word' id='word_1_581' title='bbox 3516 3183 3629 3250; x_wconf 90' lang='lat' dir='ltr'><strong>sui,</strong></span> <span class='ocrx_word' id='word_1_582' title='bbox 3657 3191 3711 3239; x_wconf 86' lang='lat' dir='ltr'><strong>et</strong></span> 
     </span>
    </p>
   </div>
   <div class='ocr_carea' id='block_1_73' title="bbox 2062 3265 3706 3341">
    <p class='ocr_par' dir='ltr' id='par_1_73' title="bbox 2062 3265 3706 3341">
     <span class='ocr_line' id='line_1_73' title="bbox 2062 3265 3706 3341; baseline 0.004 -21"><span class='ocrx_word' id='word_1_583' title='bbox 2062 3265 2146 3320; x_wconf 89' lang='lat' dir='ltr'><strong>sic</strong></span> <span class='ocrx_word' id='word_1_584' title='bbox 2166 3268 2388 3320; x_wconf 89' lang='lat' dir='ltr'><strong>sanavit</strong></span> <span class='ocrx_word' id='word_1_585' title='bbox 2417 3281 2502 3321; x_wconf 90' lang='lat' dir='ltr'><strong>eos</strong></span> <span class='ocrx_word' id='word_1_586' title='bbox 2522 3285 2540 3320; x_wconf 88' lang='lat'><strong>:</strong></span> <span class='ocrx_word' id='word_1_587' title='bbox 2567 3267 2706 3337; x_wconf 90' lang='lat' dir='ltr'><strong>quia</strong></span> <span class='ocrx_word' id='word_1_588' title='bbox 2749 3267 3003 3322; x_wconf 90' lang='lat' dir='ltr'><strong>multum</strong></span> <span class='ocrx_word' id='word_1_589' title='bbox 3045 3273 3211 3323; x_wconf 90' lang='lat' dir='ltr'><strong>erant</strong></span> <span class='ocrx_word' id='word_1_590' title='bbox 3248 3268 3534 3341; x_wconf 85' lang='lat' dir='ltr'><strong>languidi,</strong></span> <span class='ocrx_word' id='word_1_591' title='bbox 3565 3271 3706 3326; x_wconf 91' lang='lat' dir='ltr'><strong>dum</strong></span> 
     </span>
    </p>
   </div>
   <div class='ocr_carea' id='block_1_74' title="bbox 2064 3353 3709 3427">
    <p class='ocr_par' dir='ltr' id='par_1_74' title="bbox 2064 3353 3709 3427">
     <span class='ocr_line' id='line_1_74' title="bbox 2064 3353 3709 3427; baseline 0.004 -20"><span class='ocrx_word' id='word_1_592' title='bbox 2064 3353 2236 3407; x_wconf 63' lang='lat' dir='ltr'><strong>taedio</strong></span> <span class='ocrx_word' id='word_1_593' title='bbox 2266 3357 2386 3407; x_wconf 88' lang='lat' dir='ltr'><strong>erat</strong></span> <span class='ocrx_word' id='word_1_594' title='bbox 2419 3354 2502 3408; x_wconf 91' lang='lat' dir='ltr'><strong>eis</strong></span> <span class='ocrx_word' id='word_1_595' title='bbox 2533 3354 2679 3409; x_wconf 89' lang='lat' dir='ltr'><strong>bene</strong></span> <span class='ocrx_word' id='word_1_596' title='bbox 2709 3356 2935 3427; x_wconf 86' lang='lat' dir='ltr'><strong>operari</strong></span> <span class='ocrx_word' id='word_1_597' title='bbox 2960 3373 2973 3411; x_wconf 91' lang='lat'><strong>:</strong></span> <span class='ocrx_word' id='word_1_598' title='bbox 2997 3360 3051 3410; x_wconf 87' lang='lat' dir='ltr'><strong>et</strong></span> <span class='ocrx_word' id='word_1_599' title='bbox 3091 3358 3352 3412; x_wconf 88' lang='lat' dir='ltr'><strong>sanando</strong></span> <span class='ocrx_word' id='word_1_600' title='bbox 3388 3359 3595 3427; x_wconf 86' lang='lat' dir='ltr'><strong>eripuit</strong></span> <span class='ocrx_word' id='word_1_601' title='bbox 3621 3374 3709 3415; x_wconf 89' lang='lat' dir='ltr'><strong>eos</strong></span> 
     </span>
    </p>
   </div>
   <div class='ocr_carea' id='block_1_75' title="bbox 2062 3440 3706 3515">
    <p class='ocr_par' dir='ltr' id='par_1_75' title="bbox 2062 3440 3706 3515">
     <span class='ocr_line' id='line_1_75' title="bbox 2062 3440 3706 3515; baseline 0.005 -21"><span class='ocrx_word' id='word_1_602' title='bbox 2062 3440 2127 3495; x_wconf 88' lang='lat' dir='ltr'><strong>de</strong></span> <span class='ocrx_word' id='word_1_603' title='bbox 2151 3442 2564 3496; x_wconf 76' lang='lat' dir='ltr'><strong>intentionibus</strong></span> <span class='ocrx_word' id='word_1_604' title='bbox 2582 3459 2790 3513; x_wconf 86' lang='lat' dir='ltr'><strong>eorum,</strong></span> <span class='ocrx_word' id='word_1_605' title='bbox 2817 3459 2931 3499; x_wconf 88' lang='lat' dir='ltr'><strong>non</strong></span> <span class='ocrx_word' id='word_1_606' title='bbox 2954 3445 3024 3498; x_wconf 93' lang='lat' dir='ltr'><strong>de</strong></span> <span class='ocrx_word' id='word_1_607' title='bbox 3040 3449 3278 3510; x_wconf 86' lang='lat' dir='ltr'><strong>terrore,</strong></span> <span class='ocrx_word' id='word_1_608' title='bbox 3303 3462 3415 3501; x_wconf 90' lang='lat' dir='ltr'><strong>non</strong></span> <span class='ocrx_word' id='word_1_609' title='bbox 3440 3445 3510 3501; x_wconf 91' lang='lat' dir='ltr'><strong>de</strong></span> <span class='ocrx_word' id='word_1_610' title='bbox 3532 3446 3706 3515; x_wconf 88' lang='lat' dir='ltr'><strong>fame,</strong></span> 
     </span>
    </p>
   </div>
   <div class='ocr_carea' id='block_1_76' title="bbox 2064 3517 3710 3609">
    <p class='ocr_par' dir='ltr' id='par_1_76' title="bbox 2064 3517 3710 3609">
     <span class='ocr_line' id='line_1_76' title="bbox 2064 3517 3710 3609; baseline 0.005 -25"><span class='ocrx_word' id='word_1_611' title='bbox 2064 3546 2179 3584; x_wconf 91' lang='lat' dir='ltr'><strong>non</strong></span> <span class='ocrx_word' id='word_1_612' title='bbox 2194 3529 2262 3584; x_wconf 94' lang='lat' dir='ltr'><strong>de</strong></span> <span class='ocrx_word' id='word_1_613' title='bbox 2275 3529 2619 3585; x_wconf 80' lang='lat' dir='ltr'><strong>difﬁcultate</strong></span> <span class='ocrx_word' id='word_1_614' title='bbox 2630 3531 2897 3587; x_wconf 88' lang='lat' dir='ltr'><strong>vincendi</strong></span> <span class='ocrx_word' id='word_1_615' title='bbox 2914 3537 3166 3604; x_wconf 87' lang='lat' dir='ltr'><strong>peccata,</strong></span> <span class='ocrx_word' id='word_1_616' title='bbox 3184 3534 3283 3589; x_wconf 89' lang='lat' dir='ltr'><strong>sed</strong></span> <span class='ocrx_word' id='word_1_617' title='bbox 3299 3533 3370 3589; x_wconf 89' lang='lat' dir='ltr'><strong>de</strong></span> <span class='ocrx_word' id='word_1_618' title='bbox 3382 3517 3710 3609; x_wconf 67' lang='lat' dir='ltr'><strong>corruptela</strong></span> 
     </span>
    </p>
   </div>
   <div class='ocr_carea' id='block_1_77' title="bbox 2063 3618 3709 3693">
    <p class='ocr_par' dir='ltr' id='par_1_77' title="bbox 2063 3618 3709 3693">
     <span class='ocr_line' id='line_1_77' title="bbox 2063 3618 3709 3693; baseline 0.005 -20"><span class='ocrx_word' id='word_1_619' title='bbox 2063 3634 2285 3673; x_wconf 88' lang='lat' dir='ltr'><strong>eorum.</strong></span> <span class='ocrx_word' id='word_1_620' title='bbox 2313 3618 2459 3675; x_wconf 87' lang='lat' dir='ltr'><strong>Nam</strong></span> <span class='ocrx_word' id='word_1_621' title='bbox 2483 3620 2747 3691; x_wconf 73' lang='lat' dir='ltr'><strong>quaedam</strong></span> <span class='ocrx_word' id='word_1_622' title='bbox 2770 3620 3098 3693; x_wconf 88' lang='lat' dir='ltr'><strong>corruptela</strong></span> <span class='ocrx_word' id='word_1_623' title='bbox 3112 3627 3202 3677; x_wconf 91' lang='lat' dir='ltr'><strong>est</strong></span> <span class='ocrx_word' id='word_1_624' title='bbox 3217 3622 3429 3679; x_wconf 89' lang='lat' dir='ltr'><strong>mentis</strong></span> <span class='ocrx_word' id='word_1_625' title='bbox 3446 3624 3709 3682; x_wconf 86' lang='lat' dir='ltr'><strong>fastidire</strong></span> 
     </span>
    </p>
   </div>
   <div class='ocr_carea' id='block_1_78' title="bbox 2062 3707 3707 3782">
    <p class='ocr_par' dir='ltr' id='par_1_78' title="bbox 2062 3707 3707 3782">
     <span class='ocr_line' id='line_1_78' title="bbox 2062 3707 3707 3782; baseline 0.004 -21"><span class='ocrx_word' id='word_1_626' title='bbox 2062 3707 2216 3779; x_wconf 89' lang='lat' dir='ltr'><strong>quod</strong></span> <span class='ocrx_word' id='word_1_627' title='bbox 2241 3707 2408 3763; x_wconf 89' lang='lat' dir='ltr'><strong>dulce</strong></span> <span class='ocrx_word' id='word_1_628' title='bbox 2431 3712 2540 3763; x_wconf 85' lang='lat' dir='ltr'><strong>est.</strong></span> <span class='ocrx_word' id='word_1_629' title='bbox 2565 3708 2713 3781; x_wconf 88' lang='lat' dir='ltr'><strong>Ergo</strong></span> <span class='ocrx_word' id='word_1_630' title='bbox 2728 3709 2867 3765; x_wconf 88' lang='lat' dir='ltr'><strong>etde</strong></span> <span class='ocrx_word' id='word_1_631' title='bbox 2898 3709 3007 3765; x_wconf 90' lang='lat' dir='ltr'><strong>hoc</strong></span> <span class='ocrx_word' id='word_1_632' title='bbox 3037 3710 3339 3782; x_wconf 87' lang='lat' dir='ltr'><strong>beneﬁcio,</strong></span> <span class='ocrx_word' id='word_1_633' title='bbox 3356 3711 3707 3768; x_wconf 71' lang='lat' dir='ltr'><strong>sicutdecaa-</strong></span> 
     </span>
    </p>
   </div>
   <div class='ocr_carea' id='block_1_79' title="bbox 2060 3796 3707 3869">
    <p class='ocr_par' dir='ltr' id='par_1_79' title="bbox 2060 3796 3707 3869">
     <span class='ocr_line' id='line_1_79' title="bbox 2060 3796 3707 3869; baseline 0.004 -17"><span class='ocrx_word' id='word_1_634' title='bbox 2060 3796 2202 3852; x_wconf 89' lang='lat' dir='ltr'><strong>teris</strong></span> <span class='ocrx_word' id='word_1_635' title='bbox 2228 3796 2647 3869; x_wconf 88' lang='lat' dir='ltr'><strong>superioribus,</strong></span> <span class='ocrx_word' id='word_1_636' title='bbox 2675 3798 3052 3868; x_wconf 80' lang='lat' dir='ltr'><strong>Conﬁteantur</strong></span> <span class='ocrx_word' id='word_1_637' title='bbox 3071 3801 3299 3857; x_wconf 90' lang='lat' dir='ltr'><strong>Domino</strong></span> <span class='ocrx_word' id='word_1_638' title='bbox 3320 3802 3707 3859; x_wconf 73' lang='lat' dir='ltr'><strong>misericordiae</strong></span> 
     </span>
    </p>
   </div>
   <div class='ocr_carea' id='block_1_80' title="bbox 2057 3886 3709 3963">
    <p class='ocr_par' dir='ltr' id='par_1_80' title="bbox 2057 3886 3709 3963">
     <span class='ocr_line' id='line_1_80' title="bbox 2057 3886 3709 3963; baseline 0.004 -22"><span class='ocrx_word' id='word_1_639' title='bbox 2057 3886 2192 3957; x_wconf 85' lang='lat' dir='ltr'><strong>ejus,</strong></span> <span class='ocrx_word' id='word_1_640' title='bbox 2231 3889 2279 3941; x_wconf 82' lang='lat' dir='ltr'><strong>et</strong></span> <span class='ocrx_word' id='word_1_641' title='bbox 2303 3887 2589 3942; x_wconf 83' lang='lat' dir='ltr'><strong>mirabilia</strong></span> <span class='ocrx_word' id='word_1_642' title='bbox 2619 3889 2733 3960; x_wconf 87' lang='lat' dir='ltr'><strong>ejus</strong></span> <span class='ocrx_word' id='word_1_643' title='bbox 2764 3889 2898 3959; x_wconf 88' lang='lat' dir='ltr'><strong>ﬁliis</strong></span> <span class='ocrx_word' id='word_1_644' title='bbox 2926 3888 3229 3945; x_wconf 87' lang='lat' dir='ltr'><strong>hominum.</strong></span> <span class='ocrx_word' id='word_1_645' title='bbox 3263 3889 3356 3946; x_wconf 93' lang='lat' dir='ltr'><strong>Sic</strong></span> <span class='ocrx_word' id='word_1_646' title='bbox 3386 3891 3709 3963; x_wconf 80' lang='lat' dir='ltr'><strong>Sacriﬁcent</strong></span> 
     </span>
    </p>
   </div>
   <div class='ocr_carea' id='block_1_81' title="bbox 2056 3975 3708 4049">
    <p class='ocr_par' dir='ltr' id='par_1_81' title="bbox 2056 3975 3708 4049">
     <span class='ocr_line' id='line_1_81' title="bbox 2056 3975 3708 4049; baseline 0.005 -20"><span class='ocrx_word' id='word_1_647' title='bbox 2056 3975 2391 4044; x_wconf 79' lang='lat' dir='ltr'><strong>sacriﬁcium</strong></span> <span class='ocrx_word' id='word_1_648' title='bbox 2426 3976 2632 4040; x_wconf 86' lang='lat' dir='ltr'><strong>laudis,</strong></span> <span class='ocrx_word' id='word_1_649' title='bbox 2658 3976 2875 4047; x_wconf 91' lang='lat' dir='ltr'><strong>quibus</strong></span> <span class='ocrx_word' id='word_1_650' title='bbox 2896 3977 3058 4048; x_wconf 88' lang='lat' dir='ltr'><strong>prius</strong></span> <span class='ocrx_word' id='word_1_651' title='bbox 3083 3984 3206 4034; x_wconf 90' lang='lat' dir='ltr'><strong>erat</strong></span> <span class='ocrx_word' id='word_1_652' title='bbox 3227 3979 3504 4049; x_wconf 80' lang='lat' dir='ltr'><strong>difficile,</strong></span> <span class='ocrx_word' id='word_1_653' title='bbox 3535 3998 3708 4038; x_wconf 89' lang='lat' dir='ltr'><strong>omne</strong></span> 
     </span>
    </p>
   </div>
   <div class='ocr_carea' id='block_1_82' title="bbox 2057 4063 3705 4144">
    <p class='ocr_par' dir='ltr' id='par_1_82' title="bbox 2057 4063 3705 4144">
     <span class='ocr_line' id='line_1_82' title="bbox 2057 4063 3705 4144; baseline 0.005 -28"><span class='ocrx_word' id='word_1_654' title='bbox 2057 4064 2208 4133; x_wconf 90' lang='lat' dir='ltr'><strong>quod</strong></span> <span class='ocrx_word' id='word_1_655' title='bbox 2234 4063 2452 4118; x_wconf 84' lang='lat' dir='ltr'><strong>bonum</strong></span> <span class='ocrx_word' id='word_1_656' title='bbox 2478 4068 2566 4117; x_wconf 89' lang='lat' dir='ltr'><strong>est</strong></span> <span class='ocrx_word' id='word_1_657' title='bbox 2586 4066 2837 4135; x_wconf 86' lang='lat' dir='ltr'><strong>operari.</strong></span> <span class='ocrx_word' id='word_1_658' title='bbox 2865 4066 3209 4138; x_wconf 77' lang='lat' dir='ltr'><strong>Sacriﬁcium</strong></span> <span class='ocrx_word' id='word_1_659' title='bbox 3247 4069 3430 4127; x_wconf 83' lang='lat' dir='ltr'><strong>laudis</strong></span> <span class='ocrx_word' id='word_1_660' title='bbox 3453 4074 3563 4139; x_wconf 90' lang='lat' dir='ltr'><strong>est,</strong></span> <span class='ocrx_word' id='word_1_661' title='bbox 3586 4072 3705 4144; x_wconf 90' lang='lat' dir='ltr'><strong>spi-</strong></span> 
     </span>
    </p>
   </div>
   <div class='ocr_carea' id='block_1_83' title="bbox 2058 4151 3702 4231">
    <p class='ocr_par' dir='ltr' id='par_1_83' title="bbox 2058 4151 3702 4231">
     <span class='ocr_line' id='line_1_83' title="bbox 2058 4151 3702 4231; baseline 0.005 -26"><span class='ocrx_word' id='word_1_662' title='bbox 2058 4151 2200 4205; x_wconf 87' lang='lat' dir='ltr'><strong>ritus</strong></span> <span class='ocrx_word' id='word_1_663' title='bbox 2221 4151 2641 4218; x_wconf 85' lang='lat' dir='ltr'><strong>contribulatus,</strong></span> <span class='ocrx_word' id='word_1_664' title='bbox 2676 4170 2766 4208; x_wconf 88' lang='lat' dir='ltr'><strong>eor</strong></span> <span class='ocrx_word' id='word_1_665' title='bbox 2776 4157 3073 4211; x_wconf 87' lang='lat' dir='ltr'><strong>contritum</strong></span> <span class='ocrx_word' id='word_1_666' title='bbox 3086 4165 3137 4213; x_wconf 88' lang='lat' dir='ltr'><strong>et</strong></span> <span class='ocrx_word' id='word_1_667' title='bbox 3159 4158 3517 4215; x_wconf 84' lang='lat' dir='ltr'><strong>humiliatum</strong></span> <span class='ocrx_word' id='word_1_668' title='bbox 3531 4160 3702 4231; x_wconf 91' lang='lat' dir='ltr'><strong>(Psal.</strong></span> 
     </span>
    </p>
   </div>
   <div class='ocr_carea' id='block_1_84' title="bbox 2058 4238 3707 4316">
    <p class='ocr_par' dir='ltr' id='par_1_84' title="bbox 2058 4238 3707 4316">
     <span class='ocr_line' id='line_1_84' title="bbox 2058 4238 3707 4316; baseline 0.006 -22"><span class='ocrx_word' id='word_1_669' title='bbox 2058 4240 2120 4307; x_wconf 84' lang='grc' dir='ltr'><strong>ι).</strong></span> <span class='ocrx_word' id='word_1_670' title='bbox 2156 4238 2316 4295; x_wconf 88' lang='lat' dir='ltr'><strong>Unde</strong></span> <span class='ocrx_word' id='word_1_671' title='bbox 2361 4239 2546 4296; x_wconf 86' lang='lat' dir='ltr'><strong>illud:</strong></span> <span class='ocrx_word' id='word_1_672' title='bbox 2589 4241 2942 4314; x_wconf 86' lang='lat' dir='ltr'><strong>Sacriﬁcium</strong></span> <span class='ocrx_word' id='word_1_673' title='bbox 2990 4246 3171 4301; x_wconf 86' lang='lat' dir='ltr'><strong>laudis</strong></span> <span class='ocrx_word' id='word_1_674' title='bbox 3218 4247 3707 4316; x_wconf 83' lang='lat' dir='ltr'><strong>honoriﬁcabitme</strong></span> 
     </span>
    </p>
   </div>
   <div class='ocr_carea' id='block_1_85' title="bbox 2057 4328 3702 4406">
    <p class='ocr_par' dir='ltr' id='par_1_85' title="bbox 2057 4328 3702 4406">
     <span class='ocr_line' id='line_1_85' title="bbox 2057 4328 3702 4406; baseline 0.005 -24"><span class='ocrx_word' id='word_1_675' title='bbox 2057 4328 2228 4399; x_wconf 87' lang='lat' dir='ltr'><strong>(Psal.</strong></span> <span class='ocrx_word' id='word_1_676' title='bbox 2261 4330 2454 4401; x_wconf 79' lang='lat' dir='ltr'><strong>mx);</strong></span> <span class='ocrx_word' id='word_1_677' title='bbox 2486 4334 2819 4388; x_wconf 83' lang='lat' dir='ltr'><strong>annuntient</strong></span> <span class='ocrx_word' id='word_1_678' title='bbox 2848 4350 3011 4404; x_wconf 88' lang='lat' dir='ltr'><strong>opera</strong></span> <span class='ocrx_word' id='word_1_679' title='bbox 3048 4337 3166 4406; x_wconf 89' lang='lat' dir='ltr'><strong>ejus</strong></span> <span class='ocrx_word' id='word_1_680' title='bbox 3211 4339 3267 4390; x_wconf 90' lang='lat' dir='ltr'><strong>in</strong></span> <span class='ocrx_word' id='word_1_681' title='bbox 3317 4336 3702 4406; x_wconf 76' lang='lat' dir='ltr'><strong>exsultatione,</strong></span> 
     </span>
    </p>
   </div>
   <div class='ocr_carea' id='block_1_86' title="bbox 2055 4419 3705 4491">
    <p class='ocr_par' dir='ltr' id='par_1_86' title="bbox 2055 4419 3705 4491">
     <span class='ocr_line' id='line_1_86' title="bbox 2055 4419 3705 4491; baseline 0.004 -19"><span class='ocrx_word' id='word_1_682' title='bbox 2055 4433 2170 4472; x_wconf 91' lang='lat' dir='ltr'><strong>non</strong></span> <span class='ocrx_word' id='word_1_683' title='bbox 2206 4432 2341 4472; x_wconf 91' lang='lat' dir='ltr'><strong>cum</strong></span> <span class='ocrx_word' id='word_1_684' title='bbox 2382 4419 2551 4473; x_wconf 70' lang='lat' dir='ltr'><strong>taedio</strong></span> <span class='ocrx_word' id='word_1_685' title='bbox 2603 4425 2659 4474; x_wconf 86' lang='lat' dir='ltr'><strong>et</strong></span> <span class='ocrx_word' id='word_1_686' title='bbox 2708 4438 2971 4477; x_wconf 79' lang='lat' dir='ltr'><strong>maerore.</strong></span> <span class='ocrx_word' id='word_1_687' title='bbox 3024 4424 3131 4491; x_wconf 85' lang='lat' dir='ltr'><strong>Qui</strong></span> <span class='ocrx_word' id='word_1_688' title='bbox 3177 4423 3513 4478; x_wconf 87' lang='lat' dir='ltr'><strong>descendunt</strong></span> <span class='ocrx_word' id='word_1_689' title='bbox 3551 4439 3705 4478; x_wconf 88' lang='lat' dir='ltr'><strong>mare</strong></span> 
     </span>
    </p>
   </div>
   <div class='ocr_carea' id='block_1_87' title="bbox 2054 4506 3705 4584">
    <p class='ocr_par' dir='ltr' id='par_1_87' title="bbox 2054 4506 3705 4584">
     <span class='ocr_line' id='line_1_87' title="bbox 2054 4506 3705 4584; baseline 0.005 -25"><span class='ocrx_word' id='word_1_690' title='bbox 2054 4507 2113 4560; x_wconf 87' lang='lat' dir='ltr'><strong>in</strong></span> <span class='ocrx_word' id='word_1_691' title='bbox 2139 4506 2370 4560; x_wconf 85' lang='lat' dir='ltr'><strong>navibus</strong></span> <span class='ocrx_word' id='word_1_692' title='bbox 2392 4509 2653 4576; x_wconf 81' lang='lat' dir='ltr'><strong>facientes</strong></span> <span class='ocrx_word' id='word_1_693' title='bbox 2690 4512 3065 4579; x_wconf 88' lang='lat' dir='ltr'><strong>operationem</strong></span> <span class='ocrx_word' id='word_1_694' title='bbox 3106 4511 3164 4566; x_wconf 90' lang='lat' dir='ltr'><strong>in</strong></span> <span class='ocrx_word' id='word_1_695' title='bbox 3183 4513 3344 4582; x_wconf 88' lang='lat' dir='ltr'><strong>aquis</strong></span> <span class='ocrx_word' id='word_1_696' title='bbox 3364 4511 3571 4567; x_wconf 88' lang='lat' dir='ltr'><strong>multis.</strong></span> <span class='ocrx_word' id='word_1_697' title='bbox 3593 4515 3705 4584; x_wconf 86' lang='lat' dir='ltr'><strong>Ipsi</strong></span> 
     </span>
    </p>
   </div>
   <div class='ocr_carea' id='block_1_88' title="bbox 285 4592 3700 4676">
    <p class='ocr_par' dir='ltr' id='par_1_88' title="bbox 285 4592 3700 4676">
     <span class='ocr_line' id='line_1_88' title="bbox 285 4592 3700 4676; baseline 0.001 -23"><span class='ocrx_word' id='word_1_698' title='bbox 285 4596 493 4653; x_wconf 88' lang='lat' dir='ltr'><strong>omnia</strong></span> <span class='ocrx_word' id='word_1_699' title='bbox 521 4611 655 4651; x_wconf 87' lang='lat' dir='ltr'><strong>cum</strong></span> <span class='ocrx_word' id='word_1_700' title='bbox 689 4594 967 4666; x_wconf 83' lang='lat' dir='ltr'><strong>perficere</strong></span> <span class='ocrx_word' id='word_1_701' title='bbox 997 4592 1267 4659; x_wconf 87' lang='lat' dir='ltr'><strong>voluerit,</strong></span> <span class='ocrx_word' id='word_1_702' title='bbox 1311 4592 1381 4648; x_wconf 90' lang='lat' dir='ltr'><strong>de</strong></span> <span class='ocrx_word' id='word_1_703' title='bbox 1430 4609 1492 4648; x_wconf 89' lang='lat' dir='ltr'><strong>se</strong></span> <span class='ocrx_word' id='word_1_704' title='bbox 1537 4596 1944 4666; x_wconf 69' lang='lat' dir='ltr'><strong>praesumendo</strong></span> <span class='ocrx_word' id='word_1_705' title='bbox 1975 4612 2023 4676; x_wconf 82' lang='lat' dir='ltr'><strong>D</strong></span> <span class='ocrx_word' id='word_1_706' title='bbox 2054 4594 2308 4651; x_wconf 88' lang='lat' dir='ltr'><strong>viderunt</strong></span> <span class='ocrx_word' id='word_1_707' title='bbox 2329 4611 2500 4667; x_wconf 87' lang='lat' dir='ltr'><strong>opera</strong></span> <span class='ocrx_word' id='word_1_708' title='bbox 2522 4597 2765 4662; x_wconf 85' lang='lat' dir='ltr'><strong>Domini,</strong></span> <span class='ocrx_word' id='word_1_709' title='bbox 2792 4605 2845 4653; x_wconf 88' lang='lat' dir='ltr'><strong>et</strong></span> <span class='ocrx_word' id='word_1_710' title='bbox 2867 4600 3151 4654; x_wconf 86' lang='lat' dir='ltr'><strong>mirabilia</strong></span> <span class='ocrx_word' id='word_1_711' title='bbox 3181 4602 3295 4672; x_wconf 89' lang='lat' dir='ltr'><strong>ejus</strong></span> <span class='ocrx_word' id='word_1_712' title='bbox 3316 4602 3378 4655; x_wconf 87' lang='lat' dir='ltr'><strong>in</strong></span> <span class='ocrx_word' id='word_1_713' title='bbox 3402 4601 3700 4674; x_wconf 83' lang='lat' dir='ltr'><strong>profundo.</strong></span> 
     </span>
    </p>
   </div>
   <div class='ocr_carea' id='block_1_89' title="bbox 286 4680 1947 4753">
    <p class='ocr_par' dir='ltr' id='par_1_89' title="bbox 286 4680 1947 4753">
     <span class='ocr_line' id='line_1_89' title="bbox 286 4680 1947 4753; baseline 0 -13"><span class='ocrx_word' id='word_1_714' title='bbox 286 4700 409 4741; x_wconf 82' lang='lat' dir='ltr'><strong>non</strong></span> <span class='ocrx_word' id='word_1_715' title='bbox 433 4684 503 4739; x_wconf 88' lang='lat' dir='ltr'><strong>de</strong></span> <span class='ocrx_word' id='word_1_716' title='bbox 533 4683 634 4739; x_wconf 91' lang='lat' dir='ltr'><strong>Dei</strong></span> <span class='ocrx_word' id='word_1_717' title='bbox 669 4681 979 4753; x_wconf 87' lang='lat' dir='ltr'><strong>adjutorio,</strong></span> <span class='ocrx_word' id='word_1_718' title='bbox 1010 4680 1262 4736; x_wconf 89' lang='lat' dir='ltr'><strong>incurrit</strong></span> <span class='ocrx_word' id='word_1_719' title='bbox 1309 4681 1681 4750; x_wconf 87' lang='lat' dir='ltr'><strong>tentationes,</strong></span> <span class='ocrx_word' id='word_1_720' title='bbox 1724 4684 1947 4741; x_wconf 87' lang='lat' dir='ltr'><strong>scilicet</strong></span> 
     </span>
    </p>
   </div>
   <div class='ocr_carea' id='block_1_90' title="bbox 284 4769 1945 4841">
    <p class='ocr_par' dir='ltr' id='par_1_90' title="bbox 284 4769 1945 4841">
     <span class='ocr_line' id='line_1_90' title="bbox 284 4769 1945 4841; baseline 0.001 -13"><span class='ocrx_word' id='word_1_721' title='bbox 284 4771 562 4828; x_wconf 78' lang='lat' dir='ltr'><strong>vincendi</strong></span> <span class='ocrx_word' id='word_1_722' title='bbox 580 4776 804 4827; x_wconf 88' lang='lat' dir='ltr'><strong>veteres</strong></span> <span class='ocrx_word' id='word_1_723' title='bbox 823 4770 1302 4826; x_wconf 83' lang='lat' dir='ltr'><strong>consuetudines.</strong></span> <span class='ocrx_word' id='word_1_724' title='bbox 1329 4769 1398 4825; x_wconf 89' lang='lat' dir='ltr'><strong>Et</strong></span> <span class='ocrx_word' id='word_1_725' title='bbox 1420 4769 1501 4825; x_wconf 91' lang='lat' dir='ltr'><strong>sic</strong></span> <span class='ocrx_word' id='word_1_726' title='bbox 1516 4772 1642 4841; x_wconf 89' lang='lat' dir='ltr'><strong>jam</strong></span> <span class='ocrx_word' id='word_1_727' title='bbox 1666 4771 1945 4830; x_wconf 88' lang='lat' dir='ltr'><strong>liberatus</strong></span> 
     </span>
    </p>
   </div>
   <div class='ocr_carea' id='block_1_91' title="bbox 287 4858 1943 4934">
    <p class='ocr_par' dir='ltr' id='par_1_91' title="bbox 287 4858 1943 4934">
     <span class='ocr_line' id='line_1_91' title="bbox 287 4858 1943 4934; baseline -0.001 -16"><span class='ocrx_word' id='word_1_728' title='bbox 287 4879 327 4919; x_wconf 85' lang='lat' dir='ltr'><strong>a</strong></span> <span class='ocrx_word' id='word_1_729' title='bbox 343 4862 535 4934; x_wconf 87' lang='lat' dir='ltr'><strong>prima</strong></span> <span class='ocrx_word' id='word_1_730' title='bbox 557 4860 896 4927; x_wconf 88' lang='lat' dir='ltr'><strong>tentatione,</strong></span> <span class='ocrx_word' id='word_1_731' title='bbox 923 4860 1090 4915; x_wconf 89' lang='lat' dir='ltr'><strong>sedet</strong></span> <span class='ocrx_word' id='word_1_732' title='bbox 1110 4861 1171 4914; x_wconf 84' lang='lat' dir='ltr'><strong>in</strong></span> <span class='ocrx_word' id='word_1_733' title='bbox 1191 4858 1445 4926; x_wconf 86' lang='lat' dir='ltr'><strong>tenebris,</strong></span> <span class='ocrx_word' id='word_1_734' title='bbox 1464 4859 1521 4913; x_wconf 93' lang='lat' dir='ltr'><strong>id</strong></span> <span class='ocrx_word' id='word_1_735' title='bbox 1545 4865 1634 4915; x_wconf 90' lang='lat' dir='ltr'><strong>est</strong></span> <span class='ocrx_word' id='word_1_736' title='bbox 1653 4859 1709 4915; x_wconf 87' lang='lat' dir='ltr'><strong>in</strong></span> <span class='ocrx_word' id='word_1_737' title='bbox 1735 4863 1943 4918; x_wconf 56' lang='lat' dir='ltr'><strong>obscu-</strong></span> 
     </span>
    </p>
   </div>
   <div class='ocr_carea' id='block_1_92' title="bbox 286 4947 1943 5021">
    <p class='ocr_par' dir='ltr' id='par_1_92' title="bbox 286 4947 1943 5021">
     <span class='ocr_line' id='line_1_92' title="bbox 286 4947 1943 5021; baseline -0.001 -14"><span class='ocrx_word' id='word_1_738' title='bbox 286 4950 464 5008; x_wconf 80' lang='lat' dir='ltr'><strong>ritate</strong></span> <span class='ocrx_word' id='word_1_739' title='bbox 493 4950 794 5015; x_wconf 89' lang='lat' dir='ltr'><strong>vitiorum,</strong></span> <span class='ocrx_word' id='word_1_740' title='bbox 826 4965 952 5021; x_wconf 63' lang='lat' dir='ltr'><strong>qua</strong></span> <span class='ocrx_word' id='word_1_741' title='bbox 984 4947 1312 5004; x_wconf 89' lang='lat' dir='ltr'><strong>obscuritas</strong></span> <span class='ocrx_word' id='word_1_742' title='bbox 1361 4951 1451 5002; x_wconf 89' lang='lat' dir='ltr'><strong>est</strong></span> <span class='ocrx_word' id='word_1_743' title='bbox 1495 4949 1697 5005; x_wconf 87' lang='lat' dir='ltr'><strong>umbra</strong></span> <span class='ocrx_word' id='word_1_744' title='bbox 1726 4953 1943 5018; x_wconf 86' lang='lat' dir='ltr'><strong>mortis,</strong></span> 
     </span>
    </p>
   </div>
   <div class='ocr_carea' id='block_1_93' title="bbox 286 5036 1943 5111">
    <p class='ocr_par' dir='ltr' id='par_1_93' title="bbox 286 5036 1943 5111">
     <span class='ocr_line' id='line_1_93' title="bbox 286 5036 1943 5111; baseline 0 -17"><span class='ocrx_word' id='word_1_745' title='bbox 286 5039 433 5111; x_wconf 78' lang='lat' dir='ltr'><strong>quia</strong></span> <span class='ocrx_word' id='word_1_746' title='bbox 461 5039 698 5095; x_wconf 89' lang='lat' dir='ltr'><strong>deducit</strong></span> <span class='ocrx_word' id='word_1_747' title='bbox 720 5039 790 5094; x_wconf 87' lang='lat' dir='ltr'><strong>ad</strong></span> <span class='ocrx_word' id='word_1_748' title='bbox 815 5042 1085 5093; x_wconf 89' lang='lat' dir='ltr'><strong>mortem.</strong></span> <span class='ocrx_word' id='word_1_749' title='bbox 1111 5037 1179 5092; x_wconf 86' lang='lat' dir='ltr'><strong>Et</strong></span> <span class='ocrx_word' id='word_1_750' title='bbox 1202 5037 1286 5092; x_wconf 87' lang='lat' dir='ltr'><strong>sic</strong></span> <span class='ocrx_word' id='word_1_751' title='bbox 1324 5036 1555 5092; x_wconf 89' lang='lat' dir='ltr'><strong>vinctus</strong></span> <span class='ocrx_word' id='word_1_752' title='bbox 1594 5041 1683 5092; x_wconf 88' lang='lat' dir='ltr'><strong>est</strong></span> <span class='ocrx_word' id='word_1_753' title='bbox 1701 5041 1763 5093; x_wconf 88' lang='lat' dir='ltr'><strong>in</strong></span> <span class='ocrx_word' id='word_1_754' title='bbox 1790 5056 1943 5094; x_wconf 90' lang='lat' dir='ltr'><strong>men-</strong></span> 
     </span>
    </p>
   </div>
   <div class='ocr_carea' id='block_1_94' title="bbox 290 5124 1946 5199">
    <p class='ocr_par' dir='ltr' id='par_1_94' title="bbox 290 5124 1946 5199">
     <span class='ocr_line' id='line_1_94' title="bbox 290 5124 1946 5199; baseline 0.001 -15"><span class='ocrx_word' id='word_1_755' title='bbox 290 5128 516 5184; x_wconf 76' lang='lat' dir='ltr'><strong>dicitate</strong></span> <span class='ocrx_word' id='word_1_756' title='bbox 543 5131 595 5184; x_wconf 87' lang='lat' dir='ltr'><strong>et</strong></span> <span class='ocrx_word' id='word_1_757' title='bbox 622 5130 790 5199; x_wconf 87' lang='lat' dir='ltr'><strong>ferro.</strong></span> <span class='ocrx_word' id='word_1_758' title='bbox 835 5128 906 5182; x_wconf 86' lang='lat' dir='ltr'><strong>Et</strong></span> <span class='ocrx_word' id='word_1_759' title='bbox 944 5141 1124 5198; x_wconf 90' lang='lat' dir='ltr'><strong>quare</strong></span> <span class='ocrx_word' id='word_1_760' title='bbox 1160 5124 1388 5181; x_wconf 83' lang='lat' dir='ltr'><strong>vincti?</strong></span> <span class='ocrx_word' id='word_1_761' title='bbox 1428 5126 1565 5194; x_wconf 90' lang='lat' dir='ltr'><strong>Quia</strong></span> <span class='ocrx_word' id='word_1_762' title='bbox 1597 5128 1946 5185; x_wconf 74' lang='lat' dir='ltr'><strong>exacerbave-</strong></span> 
     </span>
    </p>
   </div>
   <div class='ocr_carea' id='block_1_95' title="bbox 289 5214 1941 5290">
    <p class='ocr_par' dir='ltr' id='par_1_95' title="bbox 289 5214 1941 5290">
     <span class='ocr_line' id='line_1_95' title="bbox 289 5214 1941 5290; baseline -0.001 -17"><span class='ocrx_word' id='word_1_763' title='bbox 289 5225 427 5273; x_wconf 78' lang='lat' dir='ltr'><strong>runt</strong></span> <span class='ocrx_word' id='word_1_764' title='bbox 454 5219 671 5289; x_wconf 84' lang='lat' dir='ltr'><strong>eloquia</strong></span> <span class='ocrx_word' id='word_1_765' title='bbox 702 5217 826 5282; x_wconf 92' lang='lat' dir='ltr'><strong>Dei,</strong></span> <span class='ocrx_word' id='word_1_766' title='bbox 861 5216 915 5271; x_wconf 91' lang='lat' dir='ltr'><strong>id</strong></span> <span class='ocrx_word' id='word_1_767' title='bbox 945 5219 1052 5281; x_wconf 88' lang='lat' dir='ltr'><strong>est,</strong></span> <span class='ocrx_word' id='word_1_768' title='bbox 1095 5229 1295 5269; x_wconf 89' lang='lat' dir='ltr'><strong>amara</strong></span> <span class='ocrx_word' id='word_1_769' title='bbox 1343 5214 1456 5270; x_wconf 87' lang='lat' dir='ltr'><strong>sibi</strong></span> <span class='ocrx_word' id='word_1_770' title='bbox 1507 5215 1768 5272; x_wconf 85' lang='lat' dir='ltr'><strong>fecerunt</strong></span> <span class='ocrx_word' id='word_1_771' title='bbox 1797 5235 1941 5290; x_wconf 73' lang='lat' dir='ltr'><strong>pra:-</strong></span> 
     </span>
    </p>
   </div>
   <div class='ocr_carea' id='block_1_96' title="bbox 293 5302 1937 5379">
    <p class='ocr_par' dir='ltr' id='par_1_96' title="bbox 293 5302 1937 5379">
     <span class='ocr_line' id='line_1_96' title="bbox 293 5302 1937 5379; baseline -0.002 -17"><span class='ocrx_word' id='word_1_772' title='bbox 293 5311 463 5379; x_wconf 83' lang='lat' dir='ltr'><strong>eepta</strong></span> <span class='ocrx_word' id='word_1_773' title='bbox 509 5306 766 5378; x_wconf 89' lang='lat' dir='ltr'><strong>Domini,</strong></span> <span class='ocrx_word' id='word_1_774' title='bbox 818 5314 869 5361; x_wconf 90' lang='lat' dir='ltr'><strong>et</strong></span> <span class='ocrx_word' id='word_1_775' title='bbox 897 5304 1199 5361; x_wconf 78' lang='lat' dir='ltr'><strong>concilium</strong></span> <span class='ocrx_word' id='word_1_776' title='bbox 1240 5302 1517 5359; x_wconf 80' lang='lat' dir='ltr'><strong>Altissimi</strong></span> <span class='ocrx_word' id='word_1_777' title='bbox 1553 5307 1937 5361; x_wconf 80' lang='lat' dir='ltr'><strong>irritaverant.</strong></span> 
     </span>
    </p>
   </div>
   <div class='ocr_carea' id='block_1_97' title="bbox 292 5393 1942 5468">
    <p class='ocr_par' dir='ltr' id='par_1_97' title="bbox 292 5393 1942 5468">
     <span class='ocr_line' id='line_1_97' title="bbox 292 5393 1942 5468; baseline -0.001 -17"><span class='ocrx_word' id='word_1_778' title='bbox 292 5395 413 5451; x_wconf 84' lang='lat' dir='ltr'><strong>Hoc</strong></span> <span class='ocrx_word' id='word_1_779' title='bbox 434 5395 624 5462; x_wconf 89' lang='lat' dir='ltr'><strong>modo,</strong></span> <span class='ocrx_word' id='word_1_780' title='bbox 644 5396 783 5468; x_wconf 91' lang='lat' dir='ltr'><strong>quia</strong></span> <span class='ocrx_word' id='word_1_781' title='bbox 795 5393 1113 5468; x_wconf 89' lang='lat' dir='ltr'><strong>pugnando</strong></span> <span class='ocrx_word' id='word_1_782' title='bbox 1128 5397 1328 5447; x_wconf 89' lang='lat' dir='ltr'><strong>contra</strong></span> <span class='ocrx_word' id='word_1_783' title='bbox 1346 5408 1513 5447; x_wconf 87' lang='lat' dir='ltr'><strong>suam</strong></span> <span class='ocrx_word' id='word_1_784' title='bbox 1532 5395 1942 5465; x_wconf 84' lang='lat' dir='ltr'><strong>concupiscen-</strong></span> 
     </span>
    </p>
   </div>
   <div class='ocr_carea' id='block_1_98' title="bbox 289 5480 1941 5554">
    <p class='ocr_par' dir='ltr' id='par_1_98' title="bbox 289 5480 1941 5554">
     <span class='ocr_line' id='line_1_98' title="bbox 289 5480 1941 5554; baseline 0.001 -15"><span class='ocrx_word' id='word_1_785' title='bbox 289 5483 459 5554; x_wconf 81' lang='lat' dir='ltr'><strong>tiam,</strong></span> <span class='ocrx_word' id='word_1_786' title='bbox 483 5501 595 5540; x_wconf 91' lang='lat' dir='ltr'><strong>non</strong></span> <span class='ocrx_word' id='word_1_787' title='bbox 618 5485 968 5541; x_wconf 87' lang='lat' dir='ltr'><strong>invocabant</strong></span> <span class='ocrx_word' id='word_1_788' title='bbox 990 5497 1121 5539; x_wconf 91' lang='lat' dir='ltr'><strong>eum</strong></span> <span class='ocrx_word' id='word_1_789' title='bbox 1149 5480 1475 5551; x_wconf 85' lang='lat' dir='ltr'><strong>adjutorem</strong></span> <span class='ocrx_word' id='word_1_790' title='bbox 1502 5497 1514 5536; x_wconf 93' lang='lat'><strong>:</strong></span> <span class='ocrx_word' id='word_1_791' title='bbox 1539 5485 1595 5536; x_wconf 88' lang='lat' dir='ltr'><strong>et</strong></span> <span class='ocrx_word' id='word_1_792' title='bbox 1616 5482 1698 5538; x_wconf 91' lang='lat' dir='ltr'><strong>sic</strong></span> <span class='ocrx_word' id='word_1_793' title='bbox 1720 5483 1941 5541; x_wconf 89' lang='lat' dir='ltr'><strong>labora-</strong></span> 
     </span>
    </p>
   </div>
   <div class='ocr_carea' id='block_1_99' title="bbox 290 5569 1939 5642">
    <p class='ocr_par' dir='ltr' id='par_1_99' title="bbox 290 5569 1939 5642">
     <span class='ocr_line' id='line_1_99' title="bbox 290 5569 1939 5642; baseline 0.001 -14"><span class='ocrx_word' id='word_1_794' title='bbox 290 5571 456 5639; x_wconf 75' lang='lat' dir='ltr'><strong>bant,</strong></span> <span class='ocrx_word' id='word_1_795' title='bbox 497 5574 597 5629; x_wconf 87' lang='lat' dir='ltr'><strong>sed</strong></span> <span class='ocrx_word' id='word_1_796' title='bbox 638 5573 870 5630; x_wconf 89' lang='lat' dir='ltr'><strong>vincere</strong></span> <span class='ocrx_word' id='word_1_797' title='bbox 911 5588 1027 5628; x_wconf 91' lang='lat' dir='ltr'><strong>non</strong></span> <span class='ocrx_word' id='word_1_798' title='bbox 1064 5571 1451 5642; x_wconf 82' lang='lat' dir='ltr'><strong>poteruntzet</strong></span> <span class='ocrx_word' id='word_1_799' title='bbox 1480 5569 1717 5627; x_wconf 88' lang='lat' dir='ltr'><strong>tandem</strong></span> <span class='ocrx_word' id='word_1_800' title='bbox 1750 5572 1939 5629; x_wconf 86' lang='lat' dir='ltr'><strong>humi-</strong></span> 
     </span>
    </p>
   </div>
   <div class='ocr_carea' id='block_1_100' title="bbox 291 5656 1940 5727">
    <p class='ocr_par' dir='ltr' id='par_1_100' title="bbox 291 5656 1940 5727">
     <span class='ocr_line' id='line_1_100' title="bbox 291 5656 1940 5727; baseline -0.001 -8"><span class='ocrx_word' id='word_1_801' title='bbox 291 5660 492 5718; x_wconf 75' lang='lat' dir='ltr'><strong>liatum</strong></span> <span class='ocrx_word' id='word_1_802' title='bbox 504 5665 587 5719; x_wconf 79' lang='lat' dir='ltr'><strong>est</strong></span> <span class='ocrx_word' id='word_1_803' title='bbox 600 5663 669 5719; x_wconf 68' lang='lat' dir='ltr'><strong>in</strong></span> <span class='ocrx_word' id='word_1_804' title='bbox 682 5662 963 5719; x_wconf 78' lang='lat' dir='ltr'><strong>laboribus</strong></span> <span class='ocrx_word' id='word_1_805' title='bbox 978 5674 1072 5717; x_wconf 84' lang='lat' dir='ltr'><strong>cor</strong></span> <span class='ocrx_word' id='word_1_806' title='bbox 1089 5670 1297 5726; x_wconf 76' lang='lat' dir='ltr'><strong>earum,</strong></span> <span class='ocrx_word' id='word_1_807' title='bbox 1318 5656 1381 5713; x_wconf 84' lang='lat' dir='ltr'><strong>id</strong></span> <span class='ocrx_word' id='word_1_808' title='bbox 1395 5662 1507 5727; x_wconf 81' lang='lat' dir='ltr'><strong>est,</strong></span> <span class='ocrx_word' id='word_1_809' title='bbox 1520 5658 1581 5714; x_wconf 85' lang='lat' dir='ltr'><strong>in</strong></span> <span class='ocrx_word' id='word_1_810' title='bbox 1594 5658 1940 5718; x_wconf 76' lang='lat' dir='ltr'><strong>difficultate</strong></span> 
     </span>
    </p>
   </div>
   <div class='ocr_carea' id='block_1_101' title="bbox 2056 4682 3703 4761">
    <p class='ocr_par' dir='ltr' id='par_1_101' title="bbox 2056 4682 3703 4761">
     <span class='ocr_line' id='line_1_101' title="bbox 2056 4682 3703 4761; baseline 0.006 -23"><span class='ocrx_word' id='word_1_811' title='bbox 2056 4682 2195 4739; x_wconf 86' lang='lat' dir='ltr'><strong>Ecce</strong></span> <span class='ocrx_word' id='word_1_812' title='bbox 2216 4682 2310 4739; x_wconf 91' lang='lat' dir='ltr'><strong>hic</strong></span> <span class='ocrx_word' id='word_1_813' title='bbox 2333 4687 2569 4738; x_wconf 89' lang='lat' dir='ltr'><strong>notatur</strong></span> <span class='ocrx_word' id='word_1_814' title='bbox 2590 4689 2800 4755; x_wconf 89' lang='lat' dir='ltr'><strong>quarta</strong></span> <span class='ocrx_word' id='word_1_815' title='bbox 2821 4687 3063 4741; x_wconf 84' lang='lat' dir='ltr'><strong>tentatio</strong></span> <span class='ocrx_word' id='word_1_816' title='bbox 3098 4687 3560 4761; x_wconf 88' lang='lat' dir='ltr'><strong>periclitationis,</strong></span> <span class='ocrx_word' id='word_1_817' title='bbox 3585 4692 3703 4748; x_wconf 91' lang='lat' dir='ltr'><strong>sci-</strong></span> 
     </span>
    </p>
   </div>
   <div class='ocr_carea' id='block_1_102' title="bbox 2055 4771 3699 4850">
    <p class='ocr_par' dir='ltr' id='par_1_102' title="bbox 2055 4771 3699 4850">
     <span class='ocr_line' id='line_1_102' title="bbox 2055 4771 3699 4850; baseline 0.006 -24"><span class='ocrx_word' id='word_1_818' title='bbox 2055 4771 2191 4827; x_wconf 87' lang='lat' dir='ltr'><strong>licet</strong></span> <span class='ocrx_word' id='word_1_819' title='bbox 2210 4771 2267 4825; x_wconf 90' lang='lat' dir='ltr'><strong>in</strong></span> <span class='ocrx_word' id='word_1_820' title='bbox 2292 4772 2669 4842; x_wconf 87' lang='lat' dir='ltr'><strong>gubernando</strong></span> <span class='ocrx_word' id='word_1_821' title='bbox 2692 4773 2905 4846; x_wconf 90' lang='lat' dir='ltr'><strong>populo</strong></span> <span class='ocrx_word' id='word_1_822' title='bbox 2931 4775 3045 4831; x_wconf 91' lang='lat' dir='ltr'><strong>Dei.</strong></span> <span class='ocrx_word' id='word_1_823' title='bbox 3081 4775 3358 4850; x_wconf 90' lang='lat' dir='ltr'><strong>Quisquis</strong></span> <span class='ocrx_word' id='word_1_824' title='bbox 3380 4778 3534 4835; x_wconf 91' lang='lat' dir='ltr'><strong>enim</strong></span> <span class='ocrx_word' id='word_1_825' title='bbox 3555 4779 3699 4837; x_wconf 87' lang='lat' dir='ltr'><strong>libe-</strong></span> 
     </span>
    </p>
   </div>
   <div class='ocr_carea' id='block_1_103' title="bbox 2058 4860 3703 4941">
    <p class='ocr_par' dir='ltr' id='par_1_103' title="bbox 2058 4860 3703 4941">
     <span class='ocr_line' id='line_1_103' title="bbox 2058 4860 3703 4941; baseline 0.006 -27"><span class='ocrx_word' id='word_1_826' title='bbox 2058 4865 2222 4915; x_wconf 87' lang='lat' dir='ltr'><strong>ratus</strong></span> <span class='ocrx_word' id='word_1_827' title='bbox 2243 4865 2329 4915; x_wconf 87' lang='lat' dir='ltr'><strong>est</strong></span> <span class='ocrx_word' id='word_1_828' title='bbox 2350 4861 2422 4916; x_wconf 89' lang='lat' dir='ltr'><strong>ab</strong></span> <span class='ocrx_word' id='word_1_829' title='bbox 2445 4860 2539 4917; x_wconf 89' lang='lat' dir='ltr'><strong>his</strong></span> <span class='ocrx_word' id='word_1_830' title='bbox 2561 4861 2746 4917; x_wconf 86' lang='lat' dir='ltr'><strong>tribus</strong></span> <span class='ocrx_word' id='word_1_831' title='bbox 2773 4864 3207 4935; x_wconf 87' lang='lat' dir='ltr'><strong>tentationibus,</strong></span> <span class='ocrx_word' id='word_1_832' title='bbox 3231 4868 3446 4941; x_wconf 90' lang='lat' dir='ltr'><strong>dignus</strong></span> <span class='ocrx_word' id='word_1_833' title='bbox 3466 4879 3554 4923; x_wconf 87' lang='lat' dir='ltr'><strong>est</strong></span> <span class='ocrx_word' id='word_1_834' title='bbox 3569 4873 3703 4924; x_wconf 90' lang='lat' dir='ltr'><strong>utet</strong></span> 
     </span>
    </p>
   </div>
   <div class='ocr_carea' id='block_1_104' title="bbox 2056 4948 3702 5027">
    <p class='ocr_par' dir='ltr' id='par_1_104' title="bbox 2056 4948 3702 5027">
     <span class='ocr_line' id='line_1_104' title="bbox 2056 4948 3702 5027; baseline 0.004 -22"><span class='ocrx_word' id='word_1_835' title='bbox 2056 4948 2824 5022; x_wconf 86' lang='lat' dir='ltr'><strong>committaturpOpulusDei</strong></span> <span class='ocrx_word' id='word_1_836' title='bbox 2838 4953 3257 5024; x_wconf 89' lang='lat' dir='ltr'><strong>gubernandus</strong></span> <span class='ocrx_word' id='word_1_837' title='bbox 3273 4955 3499 5027; x_wconf 88' lang='lat' dir='ltr'><strong>ubijam</strong></span> <span class='ocrx_word' id='word_1_838' title='bbox 3514 4956 3702 5011; x_wconf 89' lang='lat' dir='ltr'><strong>incur-</strong></span> 
     </span>
    </p>
   </div>
   <div class='ocr_carea' id='block_1_105' title="bbox 2055 5037 3700 5113">
    <p class='ocr_par' dir='ltr' id='par_1_105' title="bbox 2055 5037 3700 5113">
     <span class='ocr_line' id='line_1_105' title="bbox 2055 5037 3700 5113; baseline 0.005 -20"><span class='ocrx_word' id='word_1_839' title='bbox 2055 5037 2132 5093; x_wconf 89' lang='lat' dir='ltr'><strong>rit</strong></span> <span class='ocrx_word' id='word_1_840' title='bbox 2148 5038 2527 5093; x_wconf 86' lang='lat' dir='ltr'><strong>tentationem</strong></span> <span class='ocrx_word' id='word_1_841' title='bbox 2549 5040 2911 5110; x_wconf 66' lang='lat' dir='ltr'><strong>gravissimas</strong></span> <span class='ocrx_word' id='word_1_842' title='bbox 2948 5043 3414 5113; x_wconf 89' lang='lat' dir='ltr'><strong>periclitationis,</strong></span> <span class='ocrx_word' id='word_1_843' title='bbox 3435 5043 3700 5101; x_wconf 88' lang='lat' dir='ltr'><strong>videlicet</strong></span> 
     </span>
    </p>
   </div>
   <div class='ocr_carea' id='block_1_106' title="bbox 2056 5126 3697 5202">
    <p class='ocr_par' dir='ltr' id='par_1_106' title="bbox 2056 5126 3697 5202">
     <span class='ocr_line' id='line_1_106' title="bbox 2056 5126 3697 5202; baseline 0.004 -21"><span class='ocrx_word' id='word_1_844' title='bbox 2056 5126 2347 5198; x_wconf 87' lang='lat' dir='ltr'><strong>naufragii</strong></span> <span class='ocrx_word' id='word_1_845' title='bbox 2369 5131 2427 5181; x_wconf 91' lang='lat' dir='ltr'><strong>et</strong></span> <span class='ocrx_word' id='word_1_846' title='bbox 2448 5127 2737 5183; x_wconf 65' lang='lat' dir='ltr'><strong>seditiosa:</strong></span> <span class='ocrx_word' id='word_1_847' title='bbox 2758 5133 3147 5201; x_wconf 88' lang='lat' dir='ltr'><strong>tempestatis,</strong></span> <span class='ocrx_word' id='word_1_848' title='bbox 3186 5148 3313 5202; x_wconf 70' lang='lat' dir='ltr'><strong>quae</strong></span> <span class='ocrx_word' id='word_1_849' title='bbox 3349 5131 3537 5188; x_wconf 88' lang='lat' dir='ltr'><strong>solent</strong></span> <span class='ocrx_word' id='word_1_850' title='bbox 3557 5134 3697 5189; x_wconf 90' lang='lat' dir='ltr'><strong>oriri</strong></span> 
     </span>
    </p>
   </div>
   <div class='ocr_carea' id='block_1_107' title="bbox 2053 5215 3696 5289">
    <p class='ocr_par' dir='ltr' id='par_1_107' title="bbox 2053 5215 3696 5289">
     <span class='ocr_line' id='line_1_107' title="bbox 2053 5215 3696 5289; baseline 0.004 -19"><span class='ocrx_word' id='word_1_851' title='bbox 2053 5215 2111 5270; x_wconf 91' lang='lat' dir='ltr'><strong>in</strong></span> <span class='ocrx_word' id='word_1_852' title='bbox 2136 5215 2409 5271; x_wconf 89' lang='lat' dir='ltr'><strong>cordibus</strong></span> <span class='ocrx_word' id='word_1_853' title='bbox 2430 5216 2822 5273; x_wconf 85' lang='lat' dir='ltr'><strong>subditorum.</strong></span> <span class='ocrx_word' id='word_1_854' title='bbox 2839 5221 2999 5285; x_wconf 89' lang='lat' dir='ltr'><strong>Quod</strong></span> <span class='ocrx_word' id='word_1_855' title='bbox 3019 5219 3346 5276; x_wconf 84' lang='lat' dir='ltr'><strong>descendunt</strong></span> <span class='ocrx_word' id='word_1_856' title='bbox 3364 5238 3536 5289; x_wconf 90' lang='lat' dir='ltr'><strong>mare,</strong></span> <span class='ocrx_word' id='word_1_857' title='bbox 3556 5222 3696 5277; x_wconf 86' lang='lat' dir='ltr'><strong>sub-</strong></span> 
     </span>
    </p>
   </div>
   <div class='ocr_carea' id='block_1_108' title="bbox 2052 5304 3696 5380">
    <p class='ocr_par' dir='ltr' id='par_1_108' title="bbox 2052 5304 3696 5380">
     <span class='ocr_line' id='line_1_108' title="bbox 2052 5304 3696 5380; baseline 0.004 -21"><span class='ocrx_word' id='word_1_858' title='bbox 2052 5304 2224 5359; x_wconf 80' lang='lat' dir='ltr'><strong>audis</strong></span> <span class='ocrx_word' id='word_1_859' title='bbox 2245 5304 2516 5359; x_wconf 90' lang='lat' dir='ltr'><strong>intrando</strong></span> <span class='ocrx_word' id='word_1_860' title='bbox 2539 5306 2786 5361; x_wconf 90' lang='lat' dir='ltr'><strong>navibus</strong></span> <span class='ocrx_word' id='word_1_861' title='bbox 2827 5309 3249 5379; x_wconf 72' lang='lat' dir='ltr'><strong>gubernandis,</strong></span> <span class='ocrx_word' id='word_1_862' title='bbox 3281 5311 3549 5380; x_wconf 81' lang='lat' dir='ltr'><strong>facientes</strong></span> <span class='ocrx_word' id='word_1_863' title='bbox 3566 5327 3696 5373; x_wconf 81' lang='lat' dir='ltr'><strong>ope-</strong></span> 
     </span>
    </p>
   </div>
   <div class='ocr_carea' id='block_1_109' title="bbox 2051 5392 3692 5472">
    <p class='ocr_par' dir='ltr' id='par_1_109' title="bbox 2051 5392 3692 5472">
     <span class='ocr_line' id='line_1_109' title="bbox 2051 5392 3692 5472; baseline 0.005 -25"><span class='ocrx_word' id='word_1_864' title='bbox 2051 5394 2323 5448; x_wconf 86' lang='lat' dir='ltr'><strong>rationem</strong></span> <span class='ocrx_word' id='word_1_865' title='bbox 2353 5392 2412 5447; x_wconf 90' lang='lat' dir='ltr'><strong>in</strong></span> <span class='ocrx_word' id='word_1_866' title='bbox 2443 5396 2603 5465; x_wconf 88' lang='lat' dir='ltr'><strong>aquis</strong></span> <span class='ocrx_word' id='word_1_867' title='bbox 2630 5396 2841 5465; x_wconf 87' lang='lat' dir='ltr'><strong>multis,</strong></span> <span class='ocrx_word' id='word_1_868' title='bbox 2871 5398 2929 5452; x_wconf 94' lang='lat' dir='ltr'><strong>id</strong></span> <span class='ocrx_word' id='word_1_869' title='bbox 2963 5404 3072 5464; x_wconf 80' lang='lat' dir='ltr'><strong>est,</strong></span> <span class='ocrx_word' id='word_1_870' title='bbox 3114 5398 3173 5453; x_wconf 90' lang='lat' dir='ltr'><strong>in</strong></span> <span class='ocrx_word' id='word_1_871' title='bbox 3206 5399 3437 5472; x_wconf 86' lang='lat' dir='ltr'><strong>populis</strong></span> <span class='ocrx_word' id='word_1_872' title='bbox 3470 5400 3692 5457; x_wconf 87' lang='lat' dir='ltr'><strong>multis.</strong></span> 
     </span>
    </p>
   </div>
   <div class='ocr_carea' id='block_1_110' title="bbox 2050 5481 3699 5559">
    <p class='ocr_par' dir='ltr' id='par_1_110' title="bbox 2050 5481 3699 5559">
     <span class='ocr_line' id='line_1_110' title="bbox 2050 5481 3699 5559; baseline 0.007 -24"><span class='ocrx_word' id='word_1_873' title='bbox 2050 5481 2213 5546; x_wconf 92' lang='lat' dir='ltr'><strong>Quod</strong></span> <span class='ocrx_word' id='word_1_874' title='bbox 2237 5496 2342 5553; x_wconf 91' lang='lat' dir='ltr'><strong>per</strong></span> <span class='ocrx_word' id='word_1_875' title='bbox 2362 5497 2545 5553; x_wconf 87' lang='lat' dir='ltr'><strong>aquas</strong></span> <span class='ocrx_word' id='word_1_876' title='bbox 2570 5484 2769 5555; x_wconf 91' lang='lat' dir='ltr'><strong>populi</strong></span> <span class='ocrx_word' id='word_1_877' title='bbox 2791 5484 3216 5559; x_wconf 82' lang='lat' dir='ltr'><strong>intelliguntur,</strong></span> <span class='ocrx_word' id='word_1_878' title='bbox 3240 5488 3406 5545; x_wconf 88' lang='lat' dir='ltr'><strong>testis</strong></span> <span class='ocrx_word' id='word_1_879' title='bbox 3423 5494 3512 5545; x_wconf 90' lang='lat' dir='ltr'><strong>est</strong></span> <span class='ocrx_word' id='word_1_880' title='bbox 3526 5490 3699 5547; x_wconf 87' lang='lat' dir='ltr'><strong>Joan-</strong></span> 
     </span>
    </p>
   </div>
   <div class='ocr_carea' id='block_1_111' title="bbox 2050 5568 3698 5650">
    <p class='ocr_par' dir='ltr' id='par_1_111' title="bbox 2050 5568 3698 5650">
     <span class='ocr_line' id='line_1_111' title="bbox 2050 5568 3698 5650; baseline 0.005 -25"><span class='ocrx_word' id='word_1_881' title='bbox 2050 5586 2153 5625; x_wconf 90' lang='lat' dir='ltr'><strong>nes</strong></span> <span class='ocrx_word' id='word_1_882' title='bbox 2176 5569 2236 5624; x_wconf 89' lang='lat' dir='ltr'><strong>in</strong></span> <span class='ocrx_word' id='word_1_883' title='bbox 2259 5568 2636 5642; x_wconf 79' lang='lat' dir='ltr'><strong>Apocalypsi:</strong></span> <span class='ocrx_word' id='word_1_884' title='bbox 2659 5572 2757 5627; x_wconf 92' lang='lat' dir='ltr'><strong>ubi</strong></span> <span class='ocrx_word' id='word_1_885' title='bbox 2776 5571 3144 5647; x_wconf 89' lang='lat' dir='ltr'><strong>interrogans</strong></span> <span class='ocrx_word' id='word_1_886' title='bbox 3165 5593 3290 5648; x_wconf 66' lang='lat' dir='ltr'><strong>qua:</strong></span> <span class='ocrx_word' id='word_1_887' title='bbox 3312 5582 3509 5632; x_wconf 90' lang='lat' dir='ltr'><strong>essent</strong></span> <span class='ocrx_word' id='word_1_888' title='bbox 3532 5594 3698 5650; x_wconf 70' lang='lat' dir='ltr'><strong>aquas</strong></span> 
     </span>
    </p>
   </div>
   <div class='ocr_carea' id='block_1_112' title="bbox 2047 5656 3693 5745">
    <p class='ocr_par' dir='ltr' id='par_1_112' title="bbox 2047 5656 3693 5745">
     <span class='ocr_line' id='line_1_112' title="bbox 2047 5656 3693 5745; baseline 0.005 -31"><span class='ocrx_word' id='word_1_889' title='bbox 2047 5656 2183 5729; x_wconf 68' lang='lat' dir='ltr'><strong>illa,</strong></span> <span class='ocrx_word' id='word_1_890' title='bbox 2205 5673 2556 5731; x_wconf 89' lang='lat' dir='ltr'><strong>responsum</strong></span> <span class='ocrx_word' id='word_1_891' title='bbox 2587 5662 2809 5734; x_wconf 89' lang='lat' dir='ltr'><strong>accepit</strong></span> <span class='ocrx_word' id='word_1_892' title='bbox 2838 5664 2993 5735; x_wconf 89' lang='lat' dir='ltr'><strong>quod</strong></span> <span class='ocrx_word' id='word_1_893' title='bbox 3053 5664 3255 5745; x_wconf 85' lang='lat' dir='ltr'><strong>populi</strong></span> <span class='ocrx_word' id='word_1_894' title='bbox 3287 5670 3485 5723; x_wconf 86' lang='lat' dir='ltr'><strong>essent</strong></span> <span class='ocrx_word' id='word_1_895' title='bbox 3509 5666 3693 5741; x_wconf 77' lang='lat' dir='ltr'><strong>(Apoc.</strong></span> 
     </span>
    </p>
   </div>
  </div>
