4024 6192
328 343 447 411 699

890 342 1195 407 REMIGII
1237 337 1993 406 ANTISSIODORENSIS
2037 338 2212 400 OPP.
2257 337 2456 403 PARS
2500 341 2550 402 Ι.
2580 372 2658 386 -
2693 296 3161 404 DXEGETIGA.

3598 338 3741 403 700

324 480 486 547 ινιτ).
506 481 632 534 Per
650 492 810 534 mare
830 475 1180 549 intelligitur
1200 477 1479 533 mundus.
1504 475 1568 531 In
1592 488 1765 546 quem
1788 488 1967 527 mun-
1996 486 2053 553 Α
2083 472 2341 528 muniter
2361 472 2421 527 in
2446 472 2986 546 Ecclesia,qualiter
2998 472 3268 531 videlicet
3283 470 3735 529 humilibusdat

325 567 467 623 dum
499 566 749 639 quisque
770 564 1069 621 descendit
1089 564 1452 636 praedicator,
1475 562 1708 635 quando
1739 575 1972 631 compa-

324 655 523 712 tiendo
548 654 818 722 subditis,
845 653 1222 726 periclitatur.
1259 652 1557 719 Quomodo
1590 655 1783 706 autem
1815 665 1969 703 mare

322 742 653 801 descendunt
676 744 724 798 si
749 742 979 814 quaeris,
1004 743 1062 796 in
1078 743 1311 797 navibus
1332 739 1617 796 subaudis
1640 738 1967 811 gubernan-

324 834 436 901 dis,
462 833 517 887 id
541 837 647 900 est,
671 831 729 886 in
753 831 1025 887 Ecclesiis
1062 830 1439 899 aediﬁcandis,
1479 829 1743 899 facientes
1772 840 1965 896 cpera-

322 922 527 977 tionem
549 923 607 976 in
630 921 786 992 aquis
808 921 1013 975 multis.
1039 920 1154 990 Ipsi
1169 918 1624 989 videruntopera
1645 914 1892 975 Domini,
1908 916 1966 967 et

319 1009 611 1067 mirabilia
621 1010 670 1080 ej
683 1027 749 1065 us
762 1009 1227 1065 necessariaesse
1240 1009 1297 1062 in
1312 1006 1601 1079 profundo
1613 999 1966 1068 corde,scili-

319 1102 411 1154 cet
432 1098 647 1153 danda.
671 1098 817 1163 Quid
840 1097 1187 1170 profundius
1209 1096 1480 1151 cordibus
1499 1092 1798 1149 humanis.
1826 1090 1964 1145 Inde

319 1186 477 1242 enim
490 1187 644 1241 venti
663 1186 1006 1258 plerumque
1020 1188 1403 1258 prorumpant
1416 1188 1469 1239 et
1484 1184 1863 1254 tempestates
1880 1194 1964 1232 se-

321 1276 635 1340 ditionum,
654 1280 710 1330 et
733 1275 1200 1330 dissensionibus
1228 1274 1422 1357 navim
1439 1271 1859 1357 perturbantet
1879 1266 1962 1357 sic

318 1364 384 1420 ﬁt
399 1368 463 1419 ut
478 1360 1073 1436 simulpericlitentur
1089 1369 1145 1418 et
1156 1363 1217 1418 hi
1231 1362 1327 1434 qui
1352 1355 1707 1434 gubernant,
1720 1356 1845 1412 ethi
1861 1355 1960 1427 qui

316 1458 646 1525 portantur,
690 1453 745 1507 id
773 1457 879 1519 est,
914 1452 1133 1524 praelati
1166 1456 1222 1507 et
1266 1451 1504 1507 subditi.
1553 1451 1707 1504 Dixit
1732 1450 1785 1501 et
1813 1446 1961 1500 stetit

314 1542 545 1613 spiritus
572 1541 863 1612 procellae,
895 1550 945 1597 et
973 1543 1216 1597 exaltati
1253 1548 1380 1596 sunt
1421 1542 1622 1610 fluctus
1650 1538 1788 1606 ejus.
1825 1535 1958 1589 Ideo

312 1630 587 1685 viderunt
607 1646 783 1701 opera
806 1629 1028 1685 Domini
1054 1634 1110 1686 et
1132 1628 1421 1685 mirabilia
1456 1629 1583 1697 ejus
1605 1641 1733 1681 esse
1758 1639 1956 1679 neces-

2076 560 2327 631 gratiam
2350 566 2407 616 et
2428 562 2699 635 superbis
2721 564 2962 629 resistit,
2997 568 3063 618 ut
3100 562 3369 619 ostendat
3391 562 3731 617 misericor-

2078 646 2237 703 diam
2268 650 2496 706 Domini
2529 652 2588 706 in
2621 652 2895 707 omnibus
2926 654 3074 708 esse.
3131 652 3289 718 Quod
3341 651 3505 717 dicit,
3536 652 3734 706 Posuit

2072 736 2310 806 ﬂumina
2341 741 2406 795 in
2433 739 2723 808 desertum,
2748 741 2805 795 id
2828 745 2935 808 est,
2962 741 3243 813 populum
3263 740 3608 795 Judteorum
3632 738 3732 793 cui

2076 823 2370 881 ﬂuxerunt
2399 829 2652 901 cognitio
2681 829 2827 901 legis
2857 833 2915 885 et
2953 828 3290 901 prophetica
3319 828 3494 897 dicta,
3527 828 3726 882 deser-

2074 916 2200 968 tum
2234 915 2388 987 fecit,
2419 926 2473 973 et
2509 919 2692 974 exitus
2733 934 3005 989 aquarum
3053 919 3109 972 in
3158 919 3335 973 sitim.
3369 917 3479 973 Ubi
3510 916 3730 972 iterum

2071 999 2357 1060 Judaicus
2385 1006 2636 1078 populus
2684 1010 2940 1076 notatur,
2990 1022 3024 1061 a
3068 1022 3182 1078 quo
3229 1004 3497 1060 exierunt
3527 1004 3730 1059 divina

2052 1097 2360 1164 praecepta
2380 1094 2549 1165 quasi
2575 1111 2727 1168 aqua
2746 1110 2758 1149 :
2781 1112 2956 1166 quam
2971 1111 3127 1149 nunc
3142 1094 3338 1166 posuit
3349 1094 3409 1149 in
3423 1093 3583 1149 sitim
3606 1109 3725 1147 non

2072 1180 2227 1248 quod
2260 1182 2468 1250 sitiret,
2520 1184 2622 1238 sed
2669 1183 2808 1255 quia
2856 1182 3202 1239 naturaliter
3251 1182 3415 1239 sitire
3461 1183 3719 1238 deberet.

2072 1269 2291 1324 Terram
2319 1271 2676 1344 fructiferam
2704 1272 2901 1344 posuit
2930 1274 2991 1326 in
3025 1273 3380 1343 salsuginem,
3414 1272 3475 1327 id
3505 1277 3619 1334 est,
3660 1272 3720 1326 in

2071 1359 2548 1429 amaritudidem,
2585 1366 2649 1416 ut
2675 1378 2789 1432 prae
2821 1361 3211 1417 amaritudine
3233 1378 3349 1417 non
3371 1360 3725 1432 produceret

2072 1446 2328 1503 fructus:
2353 1453 2409 1504 et
2430 1448 2538 1505 hoc
2559 1466 2676 1505 non
2694 1467 2761 1505 ex
2774 1450 3012 1519 justitia
3030 1449 3282 1517 Domini,
3307 1450 3409 1506 sed
3435 1466 3469 1504 a
3488 1451 3724 1504 malitia

2068 1533 2435 1592 habitantium
2457 1539 2517 1592 in
2546 1554 2634 1605 ea,
2665 1538 2889 1594 scilicet
2930 1542 3105 1593 terra.
3148 1538 3265 1593 Hoc
3296 1537 3455 1593 enim
3487 1553 3723 1609 prome-

2068 1625 2186 1678 ruit
2203 1624 2488 1682 Judaicus
2507 1626 2780 1699 populus,
2804 1626 2907 1699 qui
2928 1627 2999 1682 de
3020 1626 3213 1683 littera
3228 1624 3376 1698 legis
3396 1642 3587 1698 pressu
3597 1641 3723 1681 me-

314 1718 489 1793 saria,
514 1717 654 1791 quia
673 1717 957 1775 Dominus
977 1718 1140 1790 dixit,
1165 1718 1221 1773 id
1246 1723 1355 1783 est,
1393 1715 1697 1788 permisit:
1737 1717 1790 1769 et
1813 1713 1958 1767 stetit
2064 1711 2186 1779 bat,
2221 1718 2286 1769 ut
2316 1714 2613 1770 desertum
2649 1716 2828 1771 ﬁeret.
2874 1712 3017 1783 Ecce
3059 1715 3391 1771 audivimus
3420 1715 3720 1785 quomodo

312 1809 543 1880 spiritus
568 1807 839 1879 procellae,
867 1807 924 1862 id
957 1812 1065 1874 est,
1099 1806 1477 1861 contradictio
1500 1800 1955 1875 repugnantium

315 1896 687 1952 subditorum
709 1895 1096 1951 inhorruitvel
1119 1894 1471 1966 perduravit.
1488 1892 1635 1956 Quid
1653 1887 1957 1963 ipseintel-

311 1984 459 2057 ligat
489 2001 591 2056 per
621 1985 730 2039 hoc
761 1985 915 2056 quod
948 1984 1108 2051 dicit,
1142 1986 1373 2056 spiritus
1390 1982 1672 2054 procellae,
1706 1976 1961 2035 ostendit

313 2090 417 2146 per
448 2073 557 2129 hoc
593 2074 747 2144 quod
770 2073 1055 2144 sequitur,
1088 2078 1137 2128 et
1175 2073 1406 2128 exaltati
1437 2074 1561 2127 sunt
1582 2070 1780 2143 ﬂuctus
1800 2069 1958 2139 ejus:

322 2163 463 2236 quia
477 2167 616 2219 tunc
635 2161 878 2235 spiritus
894 2161 1160 2232 procellae
1178 2161 1392 2216 dicitur
1425 2166 1578 2215 stare
1599 2159 1659 2213 in
1682 2155 1958 2223 Ecclesia,

315 2252 548 2325 quando
571 2250 1025 2307 contradictioin
1039 2250 1313 2307 cordibus
1332 2249 1699 2306 subditorum
1716 2244 1958 2301 restrin-

313 2341 490 2413 gitur.
523 2339 593 2395 Et
624 2340 837 2395 iterum
864 2356 877 2394 :
910 2340 1220 2396 Ascendunt
1257 2356 1429 2413 usque
1456 2337 1525 2393 ad
1545 2337 1720 2403 catos,
1746 2348 1961 2405 magna

313 2429 604 2501 sperando
631 2429 703 2484 de
733 2429 1025 2484 subditis:
1060 2429 1147 2486 vel
1196 2428 1521 2484 ascendunt
1569 2424 1877 2492 audiendo,
1908 2424 1961 2477 et

313 2516 641 2572 descendunt
663 2517 736 2571 ad
756 2518 975 2590 abyssos
985 2518 1245 2573 timendo
1262 2536 1274 2585 ;
1291 2522 1348 2573 et
1360 2532 1539 2587 quare
1553 2514 1800 2570 descend
1812 2529 1841 2566 u
1852 2515 1914 2566 nt
1932 2509 1960 2564 ?

313 2604 460 2668 Quia
484 2604 673 2658 anima
703 2619 893 2660 eorum
923 2605 1240 2668 tabescebat,
1274 2605 1332 2658 id
1363 2607 1471 2667 est,
1495 2599 1957 2657 erubescentiam

312 2691 521 2746 habuit
549 2692 610 2745 in
640 2692 825 2760 malis,
860 2709 894 2746 a
923 2692 1224 2749 subdititis
1256 2690 1624 2763 perpetratis.
1648 2690 1719 2744 Et
1739 2688 1822 2743 sic
1846 2694 1960 2741 tur-

316 2781 432 2837 bati
458 2784 590 2835 sunt
618 2778 904 2836 interius:
938 2789 990 2836 et
1032 2782 1167 2836 moti
1208 2788 1335 2835 sunt
1357 2781 1502 2834 sicut
1549 2778 1749 2844 ebrius,
1784 2774 1957 2831 amit-
2002 2806 2005 2809 -

312 2874 505 2926 tentes
521 2867 727 2924 consili
740 2886 838 2923 um
853 2869 1103 2941 qualiter
1113 2869 1341 2941 possint
1353 2868 1544 2923 sedari
1558 2862 1959 2922 contradictio-

314 2974 419 3014 nes
445 2957 831 3030 repugnantis
850 2957 1073 3030 populi.
1096 2959 1162 3013 Et
1181 2958 1264 3014 sic
1286 2958 1463 3012 omnis
1482 2955 1751 3027 sapientia
1770 2967 1958 3009 eorum

310 3046 734 3103 devorata‘est:
776 3046 913 3116 quia
959 3047 1073 3119 ipsi
1124 3050 1394 3116 rectores,
1446 3062 1564 3117 qua
1591 3042 1955 3099 evadendum

309 3139 457 3203 erat,
488 3134 855 3207 ignorabant.
909 3136 971 3190 Et
1010 3134 1094 3191 sic
1140 3135 1519 3192 clamaverunt
1558 3133 1626 3189 ad
1663 3132 1987 3188 Dominum"

1990 1851 2041 1916 B

2065 1802 2494 1873 superbisDeus
2507 1804 3066 1872 resistit,audiamus
3079 1805 3370 1876 quomodo
3383 1803 3719 1859 humilibus

2070 1889 2231 1945 dedit
2249 1891 2517 1962 gratiam.
2542 1894 2666 1949 Non
2708 1895 2891 1964 posuit
2919 1893 3192 1950 desertum
3219 1895 3281 1948 in
3309 1898 3508 1962 stagna
3545 1909 3719 1964 aqua-

2068 1995 2214 2035 rum.
2249 1985 2360 2036 Per
2388 1982 2687 2038 desertum
2717 1987 2957 2039 notatur
3008 1982 3243 2054 gentilis
3272 1982 3527 2055 populus
3556 1982 3719 2038 omni

2068 2084 2272 2124 carens
2293 2070 2631 2144 irrigatione
2664 2071 2883 2128 cmlesti
2912 2089 2924 2126 :
2958 2072 3116 2143 quod
3148 2072 3442 2128 desertum
3472 2087 3718 2127 conver-

2068 2173 2202 2213 sum
2234 2163 2322 2215 est
2350 2160 2411 2214 in
2439 2164 2646 2233 stagna
2676 2178 2984 2233 aquarum,
3032 2161 3172 2232 quia
3217 2161 3317 2233 qui
3365 2160 3531 2234 prius
3562 2162 3715 2217 aridi

2068 2246 2323 2315 fuerunt,
2340 2266 2495 2304 nunc
2512 2249 2856 2321 recipientes
2881 2266 3114 2321 aquam,
3141 2250 3197 2304 id
3222 2255 3332 2314 est,
3354 2250 3511 2306 dona
3530 2249 3716 2322 Spiri-

2068 2338 2164 2391 tus
2217 2338 2420 2405 sancti,
2472 2338 2728 2395 fructum
2773 2339 2911 2394 boni
2956 2339 3147 2410 operis
3197 2339 3617 2411 produxerunt.
3652 2341 3719 2395 Et

2066 2426 2346 2482 collocavit
2374 2428 2495 2483 illic
2518 2429 2839 2495 esurientes,
2873 2427 3011 2500 quia
3030 2426 3246 2499 quibus
3266 2427 3431 2499 prius
3446 2427 3717 2501 ignotum

2068 2520 2193 2569 erat
2222 2516 2463 2572 verbum
2499 2516 2623 2583 Dei,
2653 2517 2789 2572 fecit
2819 2533 2917 2573 eos
2948 2516 3171 2572 esurire
3200 2533 3410 2588 panem
3442 2516 3611 2573 illum
3643 2519 3717 2574 de

2067 2618 2182 2673 quo
2215 2605 2433 2660 dictum
2484 2608 2606 2661 est:
2661 2608 2869 2662 Panem
2919 2613 3168 2662 nostrum
3215 2605 3593 2677 quotidianum
3645 2608 3715 2662 da

2066 2692 2222 2747 nobis
2246 2693 2404 2749 hodie
2434 2695 2587 2766 (Luc.
2637 2695 2738 2767 x1).
2786 2696 2853 2751 Et
2880 2697 3282 2751 constituerunt
3309 2696 3586 2751 civitatem
3621 2696 3715 2752 ha-

2068 2779 2350 2836 bitationis
2383 2781 2523 2853 quia
2552 2783 2706 2839 cives
2749 2783 3076 2840 Jerusalem
3124 2800 3239 2840 non
3289 2783 3621 2857 Babyloniae
3652 2802 3714 2841 se

2067 2867 2350 2925 fecerunt.
2383 2870 2702 2943 Babylonia
2748 2872 2905 2928 enim
2956 2872 3157 2928 civitas
3203 2873 3567 2929 confusionis
3597 2890 3714 2930 non

2064 2956 2445 3014 habitationis
2471 2964 2579 3016 est.
2611 2960 2755 3016 Ecce
2780 2962 2901 3032 jam
2923 2961 3245 3017 constituta
3268 2961 3520 3029 civitate,
3540 2966 3714 3018 semi-

2064 3052 2336 3103 naverunt
2347 3065 2531 3117 agros,
2546 3053 2598 3104 et
2613 3051 3016 3122 plantaverunt
3030 3051 3250 3114 vineas;
3263 3051 3398 3122 quia
3411 3050 3510 3122 qui
3523 3052 3709 3123 primi

2067 3137 2330 3191 conversi
2355 3136 2594 3215 fuerunt
2631 3155 2701 3194 ex
2739 3138 3036 3211 gentibus,
3069 3138 3197 3194 aliis
3225 3138 3698 3210 pradicaverunt,

307 3240 431 3280 cum
454 3223 874 3292 tribularentur,
897 3229 948 3280 et
973 3226 1041 3281 de
1069 3224 1476 3280 necessitatibus
1512 3238 1703 3279 eorum
1740 3217 1955 3290 eripuit
1985 3214 2029 3281 C
2065 3228 2124 3278 et
2150 3240 2249 3281 eos
2280 3214 2987 3299 quibusiprzedicaverunt
3017 3227 3270 3283 fecerunt
3296 3242 3486 3299 agros,
3518 3232 3588 3281 ut
3607 3226 3703 3282 di-

306 3329 413 3370 eos.
434 3314 501 3369 Et
521 3313 630 3369 hoc
650 3311 864 3382 taliter,
890 3314 1030 3386 quia
1042 3313 1425 3385 procellam,id
1447 3308 1949 3384 est,perturbatio-

305 3419 440 3459 nem
460 3401 983 3458 contradicentium
996 3403 1389 3470 subditorum,
1422 3402 1612 3458 statuit
1638 3404 1697 3456 in
1728 3416 1949 3465 auram,

304 3492 364 3547 id
389 3496 498 3560 est,
522 3492 582 3545 in
614 3491 1041 3563 tranquillitate
1070 3482 1434 3548 obedientiaé.
1466 3493 1531 3546 Et
1568 3491 1652 3546 sic
1680 3489 1955 3545 siluerunt

302 3579 502 3653 ﬂuctus
532 3581 669 3652 ejus,
692 3579 749 3634 id
781 3585 890 3648 est,
914 3581 1294 3638 contradictio
1321 3579 1704 3654 repugnantis
1728 3575 1949 3650 populi.

302 3668 632 3724 Audiamus
663 3668 723 3724 in
754 3667 863 3724 hac
894 3685 955 3725 re
971 3686 1170 3726 vocem
1203 3670 1515 3740 cujusdam
1547 3667 1953 3741 gubernatoris

307 3755 643 3829 periclitati,
674 3755 1016 3828 humilitati,
1046 3764 1222 3830 atque
1250 3758 1475 3813 liberati
1501 3774 1514 3812 :
1548 3757 1707 3822 Nolo,
1738 3754 1952 3827 inquit,

302 3847 536 3915 fratres,
566 3861 658 3900 vos
704 3847 970 3919 ignorare
1015 3846 1081 3902 de
1114 3862 1382 3919 pressura
1428 3860 1552 3917 quae
1594 3847 1741 3916 facta
1786 3853 1865 3900 est
1895 3847 1955 3899 in

304 3934 458 4000 Asia,
483 3935 623 4004 quia
650 3950 820 4005 supra
840 3937 982 3992 vires
1001 3939 1053 3991 et
1078 3952 1246 4008 supra
1262 3935 1485 3991 modum
1521 3935 1741 4007 gravati
1770 3950 1956 3990 sumus

306 4022 380 4093 (ιι
429 4020 554 4076 Cor.
608 4021 669 4091 ι).
725 4027 1092 4095 Responsum
1172 4025 1330 4080 enim
1406 4028 1611 4080 mortis
1670 4023 1729 4078 in
1788 4024 1957 4080 nobis

314 4108 733 4174 habuimus,ut
755 4127 868 4164 non
891 4113 1251 4169 confidentes
1268 4114 1328 4168 in
1352 4113 1522 4169 nobis
1543 4113 1751 4178 simus,
1775 4113 1875 4168 sed
1898 4113 1957 4168 in

306 4197 558 4253 Domino
581 4197 683 4270 qui
704 4198 952 4254 suscitat
975 4205 1258 4257 mortuos.
1301 4201 1589 4257 Siluerunt
1623 4204 1823 4272 ﬂuctus
1842 4204 1960 4274 ejus

306 4288 372 4342 Et
394 4289 577 4344 laetati
594 4291 721 4342 sunt
756 4286 1003 4361 praelati,
1046 4291 1177 4360 quia
1206 4290 1478 4346 siluerunt
1515 4299 1567 4346 et
1583 4291 1779 4347 eduxit
1802 4307 1887 4347 eos
1902 4293 1958 4347 in

303 4386 528 4450 portum
549 4378 846 4433 voluntatis
869 4394 1081 4447 eorum,
1107 4383 1171 4433 ut
1192 4395 1305 4434 non
1324 4378 1598 4451 deinceps
1615 4379 1674 4434 in
1692 4381 1840 4436 mari
1857 4398 1960 4453 pe-

307 4466 791 4524 riclitarenturzet
804 4467 1028 4539 placato
1042 4467 1275 4537 mari,in
1291 4468 1747 4525 contradictione
1762 4469 1961 4542 populi

2063 3312 2163 3384 gni
2195 3319 2394 3370 essent
2424 3316 2603 3372 excoli
2633 3332 2865 3373 vomere
2900 3315 3325 3390 praedicationis
3344 3316 3439 3371 Dei
3465 3331 3481 3369 :
3506 3319 3568 3371 et
3586 3332 3713 3372 non

2063 3404 2293 3457 tantum
2316 3402 2451 3458 facti
2473 3408 2615 3460 sunt
2634 3405 2779 3476 agri,
2804 3406 2906 3460 sed
2946 3405 3123 3461 etiam
3163 3404 3436 3477 plantata
3460 3410 3606 3461 sunt
3633 3404 3714 3460 vi-

2063 3505 2203 3561 neae,
2228 3494 2294 3546 ut
2314 3491 2385 3547 ab
2407 3492 2491 3547 eis
2514 3498 2947 3565 exspectaretur
2965 3494 3169 3549 vinum
3192 3510 3205 3550 :
3246 3493 3305 3549 id
3331 3498 3440 3560 est,
3461 3494 3710 3551 verbum

2062 3578 2326 3635 divinum
2373 3597 2489 3652 quo
2536 3580 2903 3638 inebriantur
2950 3583 3126 3640 corda
3167 3583 3503 3639 hominum.
3553 3584 3717 3650 Quod

2062 3666 2238 3725 dicit:
2270 3671 2334 3724 Et
2361 3672 2774 3726 seminaverunt
2813 3688 2974 3741 agros
3015 3682 3068 3727 et
3102 3673 3502 3743 plantaverunt
3528 3674 3715 3727 vineas

2063 3760 2114 3811 et
2142 3759 2388 3827 fecerunt
2415 3762 2658 3829 fructum
2685 3762 3013 3831 nativitatis,
3064 3760 3124 3816 id
3171 3765 3281 3827 est,
3334 3760 3586 3816 nativum
3617 3758 3701 3814 vel

2065 3845 2394 3903 naturalem
2424 3847 2703 3917 fructum,
2736 3849 2877 3921 quia
2905 3849 3117 3905 imitati
3144 3855 3284 3905 sunt
3313 3848 3470 3917 illos,
3494 3848 3587 3920 qui
3607 3863 3705 3903 eos

2070 3934 2130 3990 in
2156 3934 2270 3991 fide
2300 3936 2462 3992 nasci
2488 3936 2769 3992 fecerunt.
2794 3937 2957 3994 Unde
2977 3936 3144 4011 illud,
3182 3939 3290 3994 Pro
3331 3937 3590 4010 patribus
3607 3940 3716 3993 tuis

2066 4024 2191 4078 nati
2217 4028 2346 4079 sunt
2392 4024 2492 4080 tibi
2529 4025 2640 4096 ﬁlii
2694 4026 2777 4094 (Ρ.
2824 4026 2992 4097 xmv).
3054 4026 3123 4081 Et
3180 4025 3342 4098 alibi,
3402 4029 3727 4084 Imitatores

2066 4114 2178 4168 mei
2208 4120 2391 4181 estote,
2423 4115 2563 4169 sicut
2590 4120 2643 4170 et
2673 4130 2770 4185 ego
2804 4114 3010 4170 Christi
3045 4116 3094 4187 (ι
3142 4114 3265 4171 Cor.
3314 4132 3373 4171 IV
3401 4126 3456 4171 et
3483 4116 3587 4188 χι).
3622 4116 3730 4171 Fe-

2069 4206 2277 4257 cerunt
2298 4202 2551 4258 fructum
2580 4203 2922 4271 nativitatis,
2951 4208 3003 4259 et
3035 4204 3315 4261 benedixit
3329 4204 3432 4272 eis,
3452 4209 3510 4260 et
3532 4205 3731 4259 mutti-

2066 4289 2268 4362 plicati
2294 4300 2425 4347 sunt
2455 4292 2693 4364 quidam
2740 4308 2941 4348 eorum
2979 4295 3171 4362 nimis,
3223 4293 3282 4349 id
3333 4296 3444 4361 est,
3477 4294 3729 4349 modum

2072 4380 2435 4447 excedentes,
2460 4386 2526 4436 ut
2538 4381 2664 4451 jam
2687 4397 2802 4437 non
2839 4386 3163 4453 quaererent
3198 4397 3266 4438 ea
3285 4398 3414 4454 quae
3434 4381 3538 4438 Dei
3561 4386 3724 4446 sunt,

2070 4469 2173 4525 sed
2206 4485 2336 4540 quae
2358 4486 2466 4525 sua
2497 4474 2654 4538 sunt,
2693 4469 2933 4526 sinistra
2967 4470 3444 4543 interpretatione
3464 4471 3728 4543 Scriptu-

310 4557 483 4627 quasi
507 4556 565 4612 in
582 4561 753 4628 portu
771 4557 1235 4613 salvarentur.ln
1252 4557 1396 4612 mari
1411 4556 1960 4630 praelitanturpra-
1992 4580 2040 4645 Β
2071 4575 2197 4614 ram
2230 4574 2457 4614 sacram
2486 4558 2954 4631 interpretantes.
2986 4559 3149 4616 Unde
3168 4559 3336 4628 illud,
3361 4560 3727 4617 tutandam

307 4645 1750 4718 lati,quandofatiganturcontradictionesubjecti
1763 4648 1964 4719 populi
2072 4664 2266 4703 arcum
2292 4663 2476 4715 suum,
2503 4651 2847 4720 paraverunt
2890 4650 3137 4718 sagittas
3182 4665 3310 4705 suas
3345 4651 3408 4704 in
3433 4647 3723 4721 pharetra,

310 4733 411 4791 sed
427 4731 485 4786 in
505 4737 681 4801 portu
699 4732 1264 4805 salvantur,quando
1277 4733 1829 4790 cordasubditorum
1845 4735 1904 4789 in
1916 4751 1973 4789 o-

308 4820 661 4877 bedientiam
672 4822 1326 4892 parantur.Deduxiteos
1338 4823 1395 4877 in
1411 4825 1645 4894 portum
1655 4820 1970 4880 voluntatis

310 4925 536 4965 eorum.
571 4907 755 4979 Unde,
786 4910 1170 4980 Conﬁteantur
1189 4911 1969 4983 Dominomisericordigejus,

310 5004 365 5056 et
392 4998 678 5054 mirabilia
707 4999 827 5071 ejus
854 4999 988 5068 ﬁliis
1021 5000 1303 5075 hominum
1331 5000 1607 5055 exhibita.
1632 5002 1698 5056 Et
1727 5002 1974 5059 exultent

319 5104 448 5145 eum
468 5091 529 5144 in
548 5089 775 5144 ecclesia
802 5088 982 5161 plebis
1033 5087 1304 5158 subjecti,
1351 5093 1409 5143 et
1452 5089 1676 5160 praelati
1704 5091 1971 5150 sedentes

313 5179 375 5232 in
395 5176 653 5232 cathedra
678 5179 987 5242 seniorum,
1014 5176 1247 5232 laudent
1266 5193 1410 5232 eum.
1436 5181 1499 5232 Et
1518 5178 1625 5233 hoc
1631 5179 1698 5250 ju
1708 5183 1814 5251 ste,
1832 5180 1973 5252 quia

312 5268 492 5337 posuit
501 5266 739 5338 ﬂumina
751 5267 809 5320 in
822 5267 1115 5333 desertum,
1135 5271 1189 5323 et
1209 5268 1389 5321 exitus
1410 5282 1689 5337 aquarum
1710 5270 1768 5323 in
1794 5270 1968 5327 sitim.

313 5355 378 5410 In
412 5354 816 5426 superioribus
842 5360 1089 5411 ostensa
1135 5366 1272 5411 sunt
1303 5354 1471 5411 nobis
1503 5362 1755 5427 quatuor
1782 5362 1970 5414 tenta-

313 5443 525 5510 tiones,
553 5448 807 5515 quatuor
821 5444 1025 5501 liberat
1038 5445 1218 5510 iones,
1232 5449 1289 5499 et
1302 5460 1406 5517 pro
1419 5443 1511 5500 his
1525 5444 1969 5502 miserationum

313 5531 545 5586 Domini
593 5534 1029 5601 confessiones;
1064 5533 1275 5589 dehinc
1323 5534 1652 5590 ostenditur
1698 5535 1865 5591 nobis
1911 5536 1968 5592 in

318 5619 745 5688 posterioribus
777 5620 1012 5692 psalmi,
1047 5620 1191 5692 quid
1223 5626 1493 5693 operetur
1511 5622 1798 5680 Dominus
1819 5640 1970 5681 com-

2078 4740 2143 4791 ut
2163 4738 2430 4806 sagittenl
2455 4739 2517 4792 in
2543 4737 2768 4794 obscuro
2791 4741 2963 4794 rectos
2990 4737 3151 4794 corde
3173 4737 3287 4811 (Ps.
3321 4738 3400 4802 ι).
3434 4739 3604 4803 Quod
3637 4738 3725 4794 di-

2080 4826 2177 4894 cit,
2208 4826 2560 4899 Multiplicati
2585 4830 2714 4883 sunt
2747 4827 2916 4882 nimis
2944 4843 2957 4881 :
2992 4826 3132 4899 quia
3166 4842 3236 4883 ex
3281 4843 3483 4882 eorum
3519 4825 3731 4883 multi-

2080 4913 2388 4987 plicatione
2420 4914 2744 4972 minoratus
2778 4920 2868 4972 est
2897 4931 3179 4972 numerus
3211 4914 3498 4971 ﬁdelium.
3529 4917 3733 4988 Βιλι-

2078 5006 2259 5059 menta
2287 5019 2475 5061 eorum
2497 5020 2608 5060 non
2624 5006 2943 5073 minoravit,
2971 5005 3030 5061 id
3052 5009 3162 5077 est,
3199 5004 3500 5077 simplices
3519 5004 3581 5059 in
3616 5004 3737 5060 ﬁde

2080 5108 2195 5148 non
2219 5092 2499 5149 minorari
2521 5093 2808 5166 permisit,
2829 5094 2931 5150 sed
2943 5109 3205 5151 crescere
3216 5093 3373 5150 fecit.
3391 5093 3737 5150 Novitenim

2081 5182 2350 5237 Dominus
2371 5183 2466 5255 qui
2492 5185 2622 5237 sunt
2640 5183 2757 5254 ejus
2783 5182 2875 5254 (II.
2910 5183 3043 5238 Tim.
3067 5183 3150 5253 II).
3176 5181 3280 5237 Vel
3303 5182 3388 5238 sic
3414 5200 3429 5238 :
3470 5183 3737 5239 Iumenta

2078 5287 2268 5327 eorum
2313 5286 2426 5326 non
2463 5272 2764 5327 minoravit
2805 5270 2864 5326 id
2912 5274 3022 5339 est,
3054 5270 3464 5343 praedicatores
3493 5274 3735 5327 sanctos

2080 5376 2195 5415 non
2227 5358 2431 5414 deesse
2461 5357 2747 5429 permisit,
2780 5361 2844 5412 ut
2887 5356 2972 5413 illi
3020 5358 3121 5431 qui
3161 5356 3534 5430 multiplicati
3565 5364 3731 5428 sunt,

2079 5444 2333 5503 heretici
2363 5444 2651 5512 videlicet,
2678 5446 2749 5503 ab
2777 5446 2924 5519 ipsis
2966 5447 3452 5519 praedicatoribus
3480 5446 3726 5515 sanctis,

2081 5537 2235 5608 quod
2267 5535 2583 5592 tenendum
2617 5540 2791 5604 esset,
2825 5551 3083 5608 quaerere
3117 5540 3377 5609 possent,
3411 5536 3462 5593 si
3488 5534 3719 5592 vellent.

2078 5629 2147 5682 Et
2165 5626 2336 5697 pauci
2352 5625 2490 5696 facti
2509 5629 2662 5697 sunt,
2685 5624 2743 5681 id
2763 5628 2874 5694 est,
2893 5623 2980 5684 illi
3001 5624 3101 5698 qui
3135 5625 3499 5699 putabantur
3520 5623 3721 5684 multi-
