4024 6192
242 356 363 441 τοι
1368 361 1920 432 ENARHA'I‘lONE

2037 361 2087 422 Ν
2136 360 2517 424 PSALMOS.
3520 362 3639 423 702

242 508 463 584 plicati,
497 507 632 566 facti
664 510 801 564 sunt
829 506 1022 580 pauci,
1057 505 1194 578 quia
1214 521 1416 561 omnes
1446 504 1545 575 qui
1568 505 1638 558 ab
1662 501 1882 556 unitate
1912 497 1966 563 Α
1996 501 2103 566 est,
2136 496 2217 551 illi
2248 496 2459 567 quicor
2474 495 2693 552 habent
2714 491 3045 551 rectitudini
3062 491 3157 548 Dei
3179 491 3638 584 complanatum;

246 582 518 671 separant
548 615 628 665 se,
663 597 828 669 pauci
862 598 1029 652 ﬁunt.
1065 594 1222 651 Multi
1252 594 1406 649 enim
1458 597 1613 659 sunt,
1676 591 1775 647 sed
1829 590 1887 643 in
1998 591 2051 641 et
2083 584 2415 639 laetabuntur
2436 586 2645 639 horum
2668 585 2889 638 visione
2916 609 2929 649 ;
2956 592 3010 638 et
3036 584 3211 637 omnis
3232 582 3497 653 iniquitas
3540 599 3642 652 op-

244 688 488 751 unitate,
513 687 653 741 dum
680 702 794 740 non
818 689 1163 756 separantur
1193 684 1263 738 ab
1296 682 1535 737 unitate.
1568 682 1713 735 Cum
1736 678 1891 733 enim
1995 674 2203 747 pilabit
2231 690 2286 728 os
2316 690 2499 738 suum,
2532 674 2586 727 id
2644 678 2751 739 est,
2813 674 3072 727 destruet
3129 689 3192 726 os
3240 671 3643 725 haereticorum

245 785 483 857 cmperit
504 784 789 855 pertinere
812 784 883 837 ad
900 799 998 837 eos
1021 782 1335 836 multitudo
1367 778 1633 843 unitatis,
1666 778 1723 831 in
1776 777 1891 831 haa-
2003 762 2686 857 fluﬁndoil‘dicabumur
2715 761 2932 857 ῆδ-ῘῙῙῘΒ
2965 767 3134 857 reflat
3168 778 3315 857 (ΞΡ-οδ
3344 760 3438 857 hic
3490 776 3649 857 ηυτξο

246 850 360 929 resi
394 878 450 928 et
480 850 536 926 in
572 872 887 927 schismate
920 871 1086 943 pauci
1117 872 1250 925 facti
1283 875 1441 924 sunt.
1477 869 1556 922 De
1587 867 1703 921 illis
1725 866 1895 920 audi-
1998 852 2268 943 judicant
2298 868 2414 943 Πῼῄ
2445 855 2630 943 τθοξεκ
2663 851 2752 943 Vel
2785 850 3169 943 ίηῐΐξξηείῑίνϐ,
3201 850 3259 905 id
3290 854 3422 943 ests
3457 851 3649 943 omni?

246 962 437 1017 vimus
462 959 802 1033 Apostolum
835 960 1121 1015 dicentem
1150 976 1162 1013 :
1200 961 1257 1013 In
1298 958 1614 1013 novissimis
1672 961 1895 1025 tempo-

249 1052 411 1107 ribus
432 1050 719 1105 instabunt
749 1057 988 1120 tempora
1017 1065 1185 1117 sava,
1220 1051 1379 1102 erant
1398 1045 1552 1101 enim
1576 1047 1823 1101 homines
1844 1060 1901 1098 se

250 1140 671 1210 ipsosamantes,
694 1137 919 1207 totique
942 1136 1053 1191 sibi
1070 1135 1364 1206 placentes
1384 1156 1400 1201 ;
1420 1143 1518 1188 sed
1545 1134 1768 1187 utinam
1789 1130 1899 1187 sibi

252 1234 645 1307 displicerent,
670 1234 919 1289 etDeum
940 1234 1286 1303 amarent(ll
1305 1234 1434 1286 Tim.
1464 1232 1567 1299 111).
1585 1230 1817 1285 Utinam
1841 1229 1899 1282 in

251 1322 701 1379 difﬁcultatibus
768 1321 1105 1388 clamarent,
1166 1326 1221 1375 et
1306 1322 1376 1374 de
1458 1318 1902 1375 necessitatibus

253 1413 659 1481 liberarentur,
694 1410 793 1482 qui
826 1411 895 1465 de
956 1427 1017 1465 se
1075 1410 1481 1482 praesumendo
1540 1408 1707 1479 pauci
1769 1406 1902 1461 facti

253 1505 412 1566 sunt,
438 1508 490 1554 et
514 1500 695 1554 vexati
715 1506 846 1553 sunt
874 1501 932 1552 in
963 1497 1323 1552 tribulatione
1354 1498 1629 1552 malorum
1665 1496 1904 1567 angelo-

255 1605 408 1659 rum,
436 1588 722 1643 subaudis
745 1590 1140 1658 apostatarum
1170 1605 1182 1651 ;
1210 1586 1457 1640 etdolore
1479 1588 1674 1640 futuro
1732 1601 1903 1656 quem

254 1676 555 1732 habebunt
575 1676 809 1747 quando
832 1691 900 1730 ex
945 1675 1212 1745 opposito
1240 1675 1627 1729 transducent
1656 1673 1787 1728 illos
1806 1690 1902 1728 co-

257 1782 387 1820 rum
416 1765 775 1835 iniquitates,
800 1780 933 1818 cum
987 1762 1198 1817 dicturi
1227 1768 1400 1817 sunt:
1464 1765 1564 1817 Nos
1612 1764 1902 1829 insensati,

258 1854 717 1909 existimabamus
740 1854 906 1907 vitam
927 1852 1149 1907 illorum
1172 1854 1451 1906 insaniam
1487 1852 1636 1923 (Sap.
1662 1853 1736 1921 v),

256 1950 359 2005 Vel
387 1950 553 2006 aliter
580 1968 591 2005 :
625 1951 986 2021 Multiplicati
1013 1954 1141 2004 sunt
1160 1950 1347 2004 nimis.
1374 1950 1595 2013 Quibus
1628 1949 1914 2020 multipli;

256 2040 403 2094 catis
435 2038 604 2109 pauci
627 2038 758 2093 facti
782 2042 939 2091 sunt.
966 2038 1317 2093 Numeratus
1339 2044 1426 2092 est
1446 2055 1726 2094 numerus
1759 2039 1903 2093 tide-

259 2126 431 2197 lium,
464 2130 749 2197 quantum
782 2126 853 2180 ad
885 2126 1206 2192 haereticos,
1241 2127 1340 2197 qui
1374 2127 1608 2182 nomine
1632 2132 1803 2182 tenus
1846 2128 1902 2183 in

260 2223 518 2278 Ecclesia
546 2224 797 2278 fuerunt.
833 2226 897 2278 Et
924 2226 1106 2278 vexati
1133 2227 1258 2277 sunt
1280 2222 1363 2277 illi
1387 2224 1555 2295 pauci
1583 2242 1615 2277 a
1665 2226 1905 2279 tribula-

258 2314 411 2366 tione
433 2312 730 2382 malorum,
757 2312 813 2365 id
848 2317 954 2377 est,
979 2312 1408 2381 haereticorum,
1434 2318 1491 2367 et
1537 2312 1735 2369 dolore
1767 2331 1907 2386 quo-

260 2399 421 2454 niam
446 2399 875 2455 dolebuntillos
894 2401 965 2455 ab
1003 2400 1257 2455 Ecclesia
1312 2400 1673 2458 discessisse.
1729 2404 1912 2474 Effusa

259 2492 343 2543 est
367 2490 695 2558 contemptio
715 2504 878 2559 super
889 2490 1187 2560 principes,
1222 2490 1276 2543 id
1309 2494 1415 2560 est,
1445 2492 1911 2563 contemptibiles

260 2575 447 2630 habiti
480 2580 618 2629 sunt
648 2575 922 2646 haeretici,
957 2577 1093 2647 quia
1123 2578 1416 2650 principes
1437 2596 1563 2634 esse
1584 2580 1911 2636 voluerunt.

263 2673 399 2737 Quae
424 2673 611 2743 major
642 2674 999 2744 contemptio
1031 2690 1206 2743 quam
1224 2675 1732 2731 anathematizatio
1754 2678 1781 2731 ‘?
1834 2678 1913 2732 De

263 2759 481 2817 talibus
512 2760 669 2815 enim
694 2760 841 2814 dixit
863 2760 1117 2816 Paulus:
1179 2762 1239 2816 Si
1293 2766 1414 2833 quis
1460 2766 1915 2835 evangelimverit

259 2854 468 2923 praeter
497 2850 552 2904 id
573 2850 711 2920 quod
733 2851 1035 2920 accepistis,
1068 2852 1360 2905 anathema
1414 2854 1529 2915 sit;
1560 2858 1616 2907 et
1664 2854 1772 2908 hoc
1829 2859 1917 2909 est

267 2940 424 3011 quod
457 2939 638 2993 dixit:
670 2939 859 3009 Effusa
906 2948 982 2994 est
1028 2942 1349 3010 contemptio
1405 2958 1568 3011 super
1616 2946 1915 3015 principes,

265 3030 405 3100 quia
436 3028 574 3098 facti
602 3036 728 3083 sunt
758 3029 843 3083 sal
872 3030 1206 3098 infamatus,
1236 3031 1507 3101 projectus
1535 3034 1700 3100 foras.
1740 3034 1803 3086 Et
1830 3049 1916 3087 er-

267 3133 396 3173 rare
414 3118 549 3190 fecit
567 3132 656 3172 eos
684 3118 745 3171 in
767 3119 936 3187 invio,
959 3122 1008 3172 et
1028 3134 1137 3172 non
1158 3120 1217 3171 in
1248 3121 1359 3185 via,
1392 3120 1675 3175 subaudis
1725 3120 1916 3193 dirigi.

267 3212 414 3277 Quia
445 3212 717 3284 superius
748 3213 805 3267 in
830 3213 923 3268 via
960 3213 1161 3268 directi
1184 3218 1344 3282 sunt,
1369 3215 1438 3269 ad
1474 3215 1723 3271 civitatis
1756 3217 1918 3272 habi-

267 3302 548 3357 tationem
573 3307 979 3373 pervenerunt.
1011 3302 1113 3357 Isti
1136 3302 1333 3357 traditi
1359 3303 1415 3357 in
1450 3305 1761 3375 reprobum
1793 3322 1921 3360 sen-

270 3408 406 3447 sum
436 3391 569 3446 etin
603 3390 1078 3463 concupiscentia
1099 3408 1323 3455 eorum,
1372 3407 1602 3462 semper
1652 3394 1711 3447 in
1771 3394 1925 3449 invio

270 3485 489 3537 errant.
524 3481 683 3545 Quod
719 3480 879 3545 dicit,
912 3496 1104 3534 errare
1122 3481 1252 3550 fecit
1281 3495 1366 3535 eos
1395 3482 1456 3535 in
1491 3482 1657 3550 invio,
1716 3488 1763 3537 et
1818 3498 1929 3537 non

270 3572 334 3624 in
362 3571 475 3639 via,
509 3574 565 3624 et
594 3568 703 3623 hoc
735 3585 851 3623 non
884 3568 1171 3624 inutiliter
1200 3569 1344 3635 suis,
1379 3568 1516 3641 quia
1569 3586 1671 3640 per
1726 3587 1927 3625 eorum

273 3674 527 3713 errorem
546 3657 768 3727 adjuvit
790 3657 1074 3713 Dominus
1092 3658 1479 3729 pauperem,id
1512 3663 1619 3726 est,
1648 3659 1928 3714 humilem

276 3762 476 3812 suum,
510 3746 577 3801 de
600 3748 807 3816 inepta,
842 3747 912 3801 de
942 3747 1378 3817 imperfectione
1409 3745 1664 3815 illorum,
1699 3748 1800 3819 qui
1858 3750 1930 3803 ab

275 3834 537 3890 Ecclesia
566 3835 986 3905 discesserunt,
1021 3836 1161 3907 quia
1184 3854 1286 3907 per
1315 3853 1411 3891 eos
1446 3837 1769 3892 incitantur
1823 3838 1930 3893 hu-

279 3922 451 3978 miles
473 3923 704 3978 Domini
724 3924 794 3978 ad
820 3924 1082 3979 studium
1106 3924 1506 3994 inquisitionis
1524 3931 1580 3980 et
1600 3926 1930 3997 exemplum

278 4011 517 4067 erroris.
554 4012 670 4083 Ipsi
690 4012 845 4067 enim
880 4012 1130 4067 haeretici
1166 4017 1304 4067 sunt
1334 4030 1511 4068 causa
1532 4032 1710 4085 quare
1734 4016 1933 4071 fideles

274 4109 591 4179 diligenter
619 4109 968 4181 investigent
998 4110 1328 4181 Scripturas
1378 4128 1574 4166 sacras
1631 4117 1687 4167 et
1734 4113 1790 4166 in
1849 4113 1933 4169 eis
1972 4162 1975 4171 .

276 4198 584 4270 inquirant
608 4198 1019 4254 convenientes
1039 4198 1380 4265 sententias,
1413 4201 1628 4271 quibus
1651 4217 1711 4255 se
1737 4202 1931 4255 defen-

276 4284 444 4349 dant,
478 4301 549 4339 ne
581 4284 977 4356 disputatione
1026 4284 1295 4340 haeretica
1351 4292 1720 4358 superentur.
1775 4288 1935 4344 Unde

275 4371 446 4426 illud.
477 4373 696 4444 Oportet
728 4374 960 4430 haereses
988 4389 1123 4439 esse,
1148 4382 1207 4428 ut
1227 4381 1280 4428 et
1302 4378 1399 4445 qui
1412 4377 1634 4445 probati
1660 4380 1808 4447 sunt,
1842 4394 1936 4448 ap-

271 4462 589 4533 pareant(l
617 4464 747 4518 Cor.
780 4462 879 4532 x1).
913 4462 1061 4517 Sunt
1083 4463 1259 4518 etiam
1292 4463 1541 4518 haeretici
1602 4465 1935 4536 exemplum

2006 942 2267 1012 iniquus,
2292 939 2514 995 scilicet
2541 940 2869 994 hmreticus.
2901 942 2966 993 Et
2995 943 3117 1009 quis
3165 944 3254 995 est
3299 940 3535 1011 sapiens,
3591 939 3647 993 id

2008 1034 2115 1095 est,
2149 1029 2280 1100 quis
2298 1029 2405 1083 scit
2435 1028 2542 1083 sibi
2566 1028 2842 1083 caverein
2894 1033 3240 1098 posterum?
3286 1038 3337 1083 et
3391 1028 3654 1083 custodiet

2012 1119 2145 1185 haec,
2178 1119 2235 1172 id
2269 1124 2374 1187 est,
2412 1118 2563 1188 apud
2596 1134 2657 1171 se
2686 1122 2929 1187 reponet
2988 1134 3113 1188 quae
3172 1120 3441 1188 superius
3500 1118 3656 1172 dicta

2012 1213 2167 1273 sunt,
2192 1207 2317 1261 utsi
2339 1207 2691 1277 quandoque
2709 1206 3328 1278 tentationefatigetur,
3354 1207 3563 1262 clamet
3585 1209 3655 1262 ad

2011 1297 2327 1352 Dominum
2355 1315 2367 1362 ;
2402 1300 2457 1350 et
2487 1295 2848 1362 liberabitur,
2882 1304 2933 1349 et
2962 1297 3231 1364 intelliget
3254 1296 3657 1351 misericordias

2013 1388 2250 1441 Domini.
2278 1386 2343 1439 Et
2364 1384 2592 1439 nullum
2613 1385 2887 1439 meritum
2912 1401 3107 1453 suum,
3130 1384 3322 1439 nullas
3346 1385 3656 1449 vires,nul-

2014 1474 2130 1529 1am
2164 1474 2480 1544 potentiam
2515 1490 2682 1528 suam
2706 1474 2987 1537 attendat,
3013 1474 3110 1528 sed
3137 1474 3541 1529 miserationes
3560 1479 3663 1529 Do-

2015 1564 2179 1630 mini,
2208 1564 2309 1634 qui
2332 1567 2620 1617 errantem
2644 1562 2916 1633 etinopia
2933 1563 3089 1617 verbi
3133 1562 3229 1616 Dei
3280 1562 3659 1632 indigentem,

2015 1653 2086 1707 ad
2107 1652 2261 1705 viam
2282 1650 2508 1705 reduxit
2530 1655 2585 1705 et
2607 1653 2781 1721 pavit,
2807 1651 2906 1723 qui
2940 1656 3298 1722 pugnantem
3322 1655 3526 1705 contra
3558 1652 3663 1705 dif-

2014 1740 2335 1795 ﬁcultatem
2361 1744 2752 1812 peccatorum,
2775 1744 2832 1794 et
2859 1739 3196 1810 colligatum
3230 1738 3479 1794 vinculis
3509 1744 3661 1794 vete-

1798 1826 1906 1913 etc;
1939 1857 1987 1921 Β
2022 1828 2101 1883 ris
2140 1828 2581 1883 consuetudinis
2640 1827 2833 1891 solvit,
2891 1831 2949 1881 et
3006 1826 3214 1882 liberat
3272 1828 3663 1882 fastidientem

2017 1918 2259 1971 verbum
2294 1918 2411 1985 Dei,
2437 1921 2492 1971 et
2524 1916 2689 1971 taedio
2711 1916 2961 1985 quodam
2995 1932 3138 1987 pene
3160 1916 3668 1985 morientem,mis-

2016 2022 2083 2060 sa
2113 2006 2405 2061 medicina
2432 2006 2587 2060 verbi
2621 2005 2734 2071 sui,
2765 2004 3075 2059 recreavit:
3112 2004 3210 2075 qui
3237 2004 3665 2076 periclitantem

2015 2094 2167 2150 inter
2197 2096 2497 2166 naufragia
2526 2100 2581 2148 et
2611 2093 2931 2166 procellosa
2961 2093 3325 2158 discrimina,
3369 2093 3514 2147 mari
3549 2093 3668 2163 pla-

2018 2189 2165 2253 cato,
2195 2184 2252 2238 in
2277 2189 2509 2256 portum
2536 2182 2743 2237 salutis
2763 2182 3033 2253 perduxit
3059 2201 3070 2247 ;
3098 2183 3344 2252 quieum
3370 2179 3674 2236 constituit

2019 2274 2077 2329 in
2102 2273 2315 2345 populo
2330 2291 2454 2337 suo,
2481 2290 2594 2327 non
2620 2272 2717 2326 ubi
2737 2272 2983 2342 superbis
3002 2271 3225 2334 resistit,
3246 2272 3345 2325 sed
3371 2270 3673 2324 humilibus

2019 2363 2399 2433 datgratiam,
2434 2366 2498 2416 ut
2530 2362 2690 2415 intus
2722 2376 2968 2415 manens
3010 2358 3522 2431 multiplicaretur,
3557 2374 3670 2413 non

2024 2452 2177 2507 foras
2208 2452 2403 2507 exiens
2426 2452 2807 2505 minueretur.
2836 2450 2962 2503 Haec
2987 2449 3185 2503 omnia
3206 2448 3440 2502 videant
3462 2447 3598 2501 recti
3620 2451 3676 2501 et

2014 2542 2436 2613 jucundentur,
2466 2557 2530 2595 os
2571 2544 2765 2594 autem
2827 2537 3235 2593 haereticorum
3284 2541 3521 2608 propter
3568 2535 3674 2590 ini-

2025 2630 2304 2702 quitatem
2341 2630 2700 2684 obstruetur.

2605 2733 2937 2789 PSALMUS
2977 2733 3140 2789 CVII.

2245 2822 2533 2861 ALLELUIA.
2568 2822 2857 2860 CANTICUM
2892 2821 3100 2860 PSALMI
3130 2821 3243 2859 IPSI
3275 2821 3459 2859 υΑνιῡ.

2098 2916 2125 2941 ‹‹
2158 2893 2431 2947 Paratum
2455 2908 2553 2948 cor
2574 2909 2791 2959 meum,
2820 2894 2989 2961 Deus,
3020 2896 3291 2963 paratum
3319 2908 3419 2946 cor
3440 2908 3671 2947 meum:

2027 3005 2055 3031 «
2090 2983 2338 3036 cantabo
2362 2986 2418 3036 et
2448 2980 2693 3053 psallam
2716 2981 2774 3035 in
2798 2980 2982 3053 gloria
3006 2998 3153 3035 mea.
3198 2985 3420 3051 Exurge
3472 2980 3679 3052 psalte-

2035 3093 2055 3119 α
2091 3070 2269 3135 rium,
2298 3074 2354 3124 et
2384 3070 2640 3125 cithara:
2676 3086 2986 3141 exsurgam
3020 3069 3294 3125 diluculo.
3347 3069 3680 3125 Conﬁtebor

2037 3181 2057 3206 (ι
2092 3158 2197 3212 tibi
2230 3159 2287 3212 in
2322 3158 2575 3228 populis,
2615 3159 2874 3223 Domine,
2898 3164 2953 3212 et
2976 3158 3222 3230 psallam
3254 3159 3358 3213 tibi
3392 3159 3451 3212 in
3492 3159 3678 3213 natio-

1952 3221 1995 3286 C
2035 3268 2062 3296 ‹‹
2095 3247 2287 3301 nibus.
2324 3246 2468 3309 Quia
2494 3263 2706 3317 magna
2728 3263 2904 3316 super
2932 3246 3106 3301 cmlos
3138 3246 3538 3301 misericordia
3558 3252 3678 3312 tua,

2037 3356 2064 3383 ‹‹
2098 3339 2152 3387 et
2183 3350 2369 3404 usque
2400 3334 2468 3387 ad
2521 3335 2707 3389 nubes
2736 3335 2949 3389 veritas
3006 3338 3128 3387 tua.
3192 3333 3454 3387 Exaltare
3507 3349 3684 3404 super

2038 3446 2065 3471 ‹‹
2100 3422 2293 3484 οωιοε,
2326 3427 2495 3484 Deus,
2528 3427 2585 3475 et
2616 3438 2793 3491 super
2822 3438 3055 3475 omnem
3087 3426 3297 3475 terram
3326 3420 3511 3492 gloria
3557 3425 3683 3490 tua,

2044 3532 2064 3559 α
2102 3515 2166 3564 ut
2198 3509 2515 3564 liberentur
2544 3509 2735 3564 dilecti
2769 3509 2873 3562 tui.
2901 3508 3137 3563 Salvum
3163 3509 3250 3563 fac
3281 3510 3515 3563 dextera
3561 3513 3683 3574 tua,

2043 3621 2070 3649 «
2102 3605 2158 3654 et
2188 3599 2393 3655 exaudi
2426 3614 2549 3653 me:
2582 3599 2728 3652 Deus
2773 3597 3003 3652 locutus
3052 3602 3139 3651 est
3185 3598 3242 3651 in
3300 3603 3500 3653 sancto
3554 3615 3682 3653 suo.

2047 3713 2066 3739 ι
2104 3687 2418 3744 Exsultabo
2440 3692 2495 3741 et
2517 3686 2770 3741 dividam
2796 3686 3139 3751 Sichimam,
3163 3692 3219 3740 et
3251 3685 3567 3741 convallem
3599 3691 3685 3739 ta-

2043 3802 2069 3828 11
2103 3776 2549 3833 bernaculorum
2575 3775 2865 3830 dimetiar.
2892 3775 3053 3829 Meus
3076 3778 3163 3829 est
3183 3774 3398 3829 Galaad
3430 3780 3486 3829 et
3519 3790 3685 3829 meus

2043 3890 2071 3918 ‹‹
2101 3873 2189 3922 est
2217 3872 2551 3921 Manasses:
2583 3870 2638 3919 et
2669 3864 2941 3934 Ephraim
2968 3863 3259 3934 susceptio
3292 3863 3499 3934 capitis
3550 3864 3684 3918 mei.

2049 3978 2070 4007 ι
2108 3956 2259 4011 Juda
2280 3972 2375 4009 rex
2400 3972 2584 4017 meus,
2606 3952 2945 4007 Moablcbes
2964 3951 3084 4021 spei
3100 3969 3257 4007 mete.
3287 3953 3347 4006 ln
3372 3953 3686 4008 Idumaaam

2049 4068 2068 4094 ι
2110 4045 2413 4099 extendam
2440 4044 2898 4097 calceamentum
2932 4058 3150 4108 meum,
3183 4042 3326 4096 mihi
3352 4042 3687 4115 alienigena:

2047 4157 2073 4183 ‹‹
2109 4132 2283 4188 amici
2318 4132 2450 4185 facti
2484 4135 2640 4184 sunt.
2674 4130 2814 4193 Quis
2847 4130 3093 4185 deducet
3130 4148 3222 4186 me
3280 4131 3336 4184 in
3399 4130 3688 4186 civitatem

2047 4246 2073 4271 ‹‹
2109 4220 2397 4275 munitam
2418 4220 2444 4272 ‘?
2474 4220 2613 4282 Quis
2645 4219 2890 4274 deducet
2917 4237 3007 4275 me
3029 4238 3214 4292 usque
3246 4221 3300 4273 in
3336 4220 3692 4274 ldummam?

2049 4334 2075 4361 ‹‹
2110 4310 2330 4377 Nonne,
2355 4313 2439 4371 tu,
2477 4313 2645 4371 Deus,
2675 4310 2770 4380 qui
2794 4307 3061 4379 repulisti
3082 4325 3188 4363 nos
3208 4310 3234 4362 ?
3255 4312 3311 4361 et
3340 4325 3451 4361 non
3476 4307 3686 4362 exibis:

2047 4423 2075 4449 ‹‹
2107 4404 2255 4453 Deus
2287 4398 2343 4451 in
2376 4397 2692 4451 virtutibus
2711 4397 2948 4451 nostris.
2983 4402 3061 4450 Da
3100 4395 3270 4450 nobis
3308 4394 3588 4448 auxilium
3621 4395 3691 4449 de

2049 4512 2075 4537 ‹‹
2113 4486 2513 4550 tribulatione,
2540 4485 2677 4554 quia
2698 4501 2846 4538 vana
2868 4483 3027 4537 salus
3049 4484 3327 4537 hominis.
3351 4482 3410 4535 In
3447 4487 3555 4536 Deo
3609 4483 3689 4535 fa-

270 4549 508 4605 timoris
538 4549 653 4640 his,
688 4550 788 4621 qui
818 4550 877 4604 in
930 4551 1187 4606 Ecclesia
1244 4558 1709 4623 permanserunt,
1772 4554 1930 4623 quia,
1962 4574 2008 4637 D
2042 4600 2069 4625 α
2102 4576 2326 4631 ciemus
2377 4549 2671 4639 vmutgm,
2737 4575 2792 4625 et
2841 4572 2964 4640 ipse
3010 4572 3077 4625 ad
3141 4570 3390 4624 nihilum
3448 4570 3696 4626 deducet

270 4648 419 4702 dum
451 4634 650 4702 vident
682 4647 986 4703 haereticos
1018 4654 1253 4721 propter
1292 4651 1805 4723 prazsumptionem
1836 4668 1934 4705 va-

272 4750 442 4801 nam,
476 4750 591 4806 qua
606 4735 677 4789 de
702 4751 763 4790 se
788 4737 1239 4805 praesumebant,
1278 4737 1348 4791 ab
1404 4737 1652 4793 Ecclesia
1707 4756 1935 4811 separa-

275 4827 394 4889 tos,
428 4822 640 4877 timent
662 4840 1039 4895 praesumere,
1075 4841 1145 4879 ne
1192 4825 1239 4879 si
1300 4828 1802 4899 praesumpserint,
1864 4829 1934 4883 ab

281 4910 510 4966 unitate
527 4911 795 4968 Ecclesia:
822 4917 1189 4984 separentur,
1216 4914 1353 4985 quia
1375 4930 1607 4969 necesse
1626 4919 1714 4969 est
1752 4922 1815 4970 ut
1846 4934 1939 4986 qui

277 5012 421 5077 stat,
454 5009 635 5065 videat
652 5026 720 5065 ne
740 5010 907 5065 cadat
938 5012 989 5081 (Ι
1014 5011 1132 5065 Cor.
1163 5014 1241 5079 χ).
1278 5012 1436 5075 Quod
1461 5011 1633 5067 dicit:
1668 5014 1731 5067 Et
1778 5014 1937 5084 adju-

276 5098 362 5153 vit
390 5113 687 5168 pauperem
713 5099 979 5171 deinopia
1005 5118 1023 5154 :
1054 5100 1193 5171 quia
1231 5101 1383 5170 quod
1438 5100 1688 5156 haeretici
1736 5100 1938 5173 inopes

277 5186 525 5242 fuerunt
540 5188 821 5254 veritatis,
848 5189 907 5243 in
934 5188 1044 5243 hoc
1068 5190 1303 5259 adjutus
1331 5193 1419 5244 est
1442 5205 1663 5261 pauper
1688 5208 1700 5245 :
1726 5196 1779 5245 et
1802 5191 1940 5262 quia

278 5274 665 5345 singulariter
684 5277 831 5332 dixit
856 5294 1194 5349 pauperem,
1220 5294 1281 5331 se
1303 5294 1488 5332 unum
1510 5283 1739 5333 tantum
1768 5278 1935 5333 intel-

275 5364 631 5437 ligeremus,
660 5366 1003 5438 subjungit:
1037 5370 1090 5421 et
1113 5368 1296 5437 posuit
1320 5369 1461 5421 sicut
1490 5382 1613 5421 oves
1661 5368 1936 5435 familias,

274 5461 341 5516 id
373 5466 483 5529 est,
518 5462 805 5519 Ecclesias
836 5463 971 5519 fecit
1002 5480 1129 5518 esse
1161 5464 1271 5517 sub
1304 5462 1558 5534 praelatis
1592 5463 1737 5526 suis,
1764 5463 1935 5518 sicuti

280 5567 422 5607 oves
454 5556 594 5607 sunt
621 5554 729 5608 sub
754 5553 1105 5624 pastoribus.
1134 5554 1271 5616 Qute
1300 5551 1498 5606 omnia
1526 5567 1629 5622 per
1679 5550 1935 5607 divinam

282 5640 609 5714 potentiam
640 5641 723 5697 sic
756 5641 1126 5699 ineﬂ'abiliter
1142 5645 1376 5713 operata
1396 5639 1652 5697 videbunt
1688 5644 1835 5709 recti,
1878 5642 1934 5697 id

2048 4688 2075 4715 ‹‹
2108 4662 2377 4718 inimicos
2408 4664 2657 4715 nostros.
2698 4679 2719 4708 ι

2652 4748 2918 4802 ENAHRA
2931 4748 3061 4802 T10.

2121 4842 2423 4898 Canticum
2459 4837 2675 4894 Psalmi
2708 4835 2902 4890 David.
2935 4836 3056 4891 Vox
3088 4836 3296 4892 Christi
3330 4843 3419 4893 est
3470 4839 3527 4892 in
3586 4838 3693 4892 hoc

2052 4931 2298 5003 psalmo,
2334 4926 2799 4984 commendantis
2833 4924 3000 4979 nobis
3055 4926 3443 4981 obedientiam
3501 4942 3691 4991 suam,

2050 5024 2339 5091 quatenus
2369 5017 2462 5070 hic
2485 5033 2610 5070 eam
2638 5014 2955 5080 imitemur,
2991 5018 3053 5068 ut
3082 5015 3140 5068 in
3168 5017 3361 5069 futuro
3384 5031 3515 5069 cum
3568 5014 3694 5084 ipso

2048 5107 2457 5181 glorificemur.
2496 5103 2641 5159 Dicit
2670 5107 2862 5157 autem
2897 5102 3015 5158 sic:

2120 5198 2389 5251 Paratum
2417 5209 2508 5247 cor
2564 5206 2765 5261 meum,
2827 5192 2988 5257 Deus,
3046 5194 3302 5258 paratum
3351 5207 3442 5245 cor
3492 5206 3695 5247 meum.

2048 5286 2221 5349 Quasi
2249 5283 2439 5338 dicat:
2465 5281 2617 5335 Deus
2651 5284 2838 5344 Pater,
2874 5284 3270 5349 persecutores
3319 5280 3430 5333 mci
3491 5282 3698 5350 putant

2048 5392 2156 5429 sua
2186 5374 2468 5444 potestate
2497 5369 2550 5422 id
2587 5384 2777 5439 agere,
2812 5372 2875 5421 ut
2906 5368 3140 5434 moriar,
3176 5372 3232 5421 et
3262 5384 3375 5423 non
3405 5384 3473 5422 ex
3492 5366 3695 5421 volun-

2046 5468 2163 5518 tate
2198 5476 2327 5516 mea
2348 5457 2703 5529 processisse
2728 5472 2740 5511 :
2766 5456 2917 5526 quod
2949 5474 3061 5510 non
3082 5462 3187 5525 est,
3222 5456 3359 5527 quia
3380 5472 3478 5511 cor
3500 5472 3694 5510 meum

2047 5554 2313 5624 paratum
2340 5552 2447 5612 est,
2482 5550 2773 5617 paratum,
2812 5544 3076 5615 inquam,
3111 5552 3200 5601 est
3244 5544 3485 5617 implere
3531 5551 3694 5600 tuam

2049 5637 2461 5706 obedientiam,
2482 5634 2622 5706 quia
2646 5650 2815 5690 nemo
2850 5634 3010 5691 tollet
3040 5652 3073 5691 a
3102 5652 3194 5692 me
3222 5635 3479 5692 animam
3503 5650 3693 5691 meam
