4024 6192
390 326 507 392 703

963 331 1268 397 REMIGII
1311 331 2061 401 ANTISSIODORENSIS
2104 331 2279 397 OPP.
2323 333 2528 401 PARS
2572 338 2620 400 l.
2654 370 2732 386 —
2759 336 3221 404 EXEGETIGA.

3658 343 3794 408 704

387 465 488 521 sed
510 482 615 537 ego
636 480 788 537 pono
806 482 933 522 eam
961 491 975 533 ς
1007 472 1064 523 et
1090 468 1199 525 hoc
1221 474 1311 526 est
1336 472 1491 542 quod
1543 471 1706 539 dicit,
1764 473 2032 529 Paratum
2060 467 2115 534 Α
2144 469 2553 540 praedicatores
2582 470 2870 539 videlicet,
2907 472 2968 528 in
3010 474 3430 547 praeparatione
3485 474 3793 551 Evangelii

383 572 479 613 cor
504 574 709 626 meum,
737 562 793 614 et
810 558 985 614 etiam
1012 574 1295 623 meorum.
1328 559 1493 616 Unde
1522 578 1623 632 pro
1649 566 1810 617 tanto
1853 563 2026 618 bene-

2137 558 2317 630 pacis.
2353 561 2423 615 Et
2448 560 2530 615 sic
2545 560 2686 616 mihi
2704 562 3024 633 alienigenae
3044 566 3213 619 amici
3229 567 3367 636 facit
3385 568 3535 633 sunt,
3554 565 3617 622 id
3672 573 3789 641 est,

383 647 513 703 ﬂcio
537 647 679 702 mihi
701 652 757 703 et
780 647 923 702 meis
946 653 1059 703 ate
1090 648 1244 713 dato,
1270 651 1496 705 cantabo
1528 651 1584 704 in
1618 668 1712 706 me
1769 652 1917 723 ipso,
1970 657 2027 707 et
2135 647 2296 716 fient,
2319 648 2405 703 vel
2439 649 2982 720 praedicationejam
3008 651 3140 706 facti
3165 657 3322 709 sunt.
3360 675 3388 703 «
3420 654 3487 709 Et
3530 655 3665 726 quis
3686 658 3791 712 de-

374 736 621 808 psallam
652 737 712 791 in
746 737 892 792 meis
924 739 980 791 in
1011 754 1132 793 mea
1160 739 1358 809 gloria,
1384 739 1440 793 id
1483 744 1591 809 est,
1645 740 1704 795 in
1765 757 2024 796 resurre-

2133 736 2307 791 ducet
2339 754 2430 792 me
2460 737 2517 791 in
2550 738 2839 793 civitatem
2872 741 3160 795 munitam
3181 741 3209 795 ?
3238 743 3649 817 quisﬂdeducet
3691 762 3793 802 me

380 826 568 882 ctione
590 842 737 896 mea,
761 826 859 897 qui
884 827 1208 883 contristati
1230 833 1368 883 sunt
1389 830 1446 883 in
1471 833 1653 884 morte
1689 845 1837 884 mea.
1865 830 1931 884 Et
1958 834 2024 884 ut
2133 841 2319 896 usque
2346 826 2404 880 in
2429 826 2742 882 Idummam
2763 828 2790 882 ‘2
2822 829 3021 884 Nonne
3061 835 3150 897 tu,
3185 835 3335 886 Deus
3365 833 3466 904 qui
3514 833 3792 904 repulisti

378 920 604 973 cantem
628 920 685 971 et
714 914 979 987 psallam,
1004 921 1089 979 tu,
1113 934 1324 988 corpus
1349 934 1566 989 meum,
1592 919 1744 989 quod
1809 918 2023 973 dicitur
2132 930 2238 968 nos
2259 914 2286 969 ?
2314 933 2339 964 υ
2380 915 2438 969 id
2464 919 2571 980 est,
2607 916 2704 986 qui
2740 915 3017 987 repellere
3036 934 3142 973 nos
3174 919 3411 991 videris,
3444 937 3563 976 non
3585 922 3787 976 dando

370 1007 693 1078 psalterium
713 1010 765 1061 et
784 1006 1255 1070 cithara,morere
1276 1011 1333 1061 et
1348 1023 1613 1077 exsurge,
1648 1007 1800 1077 quod
1824 1022 2023 1061 revera
2129 1002 2297 1057 nobis
2331 1006 2396 1058 ut
2426 1003 2803 1075 corporaliter
2832 1005 3160 1062 vincamus.
3198 1031 3218 1055 ι
3254 1009 3325 1063 Et
3354 1025 3470 1064 non
3517 1010 3786 1082 egredie-

369 1097 487 1165 flet,
522 1097 659 1169 quia
677 1112 979 1168 exsurgant
997 1095 1261 1152 diluculo.
1290 1095 1637 1151 Psalterium
1658 1096 1872 1150 dicitur
1887 1112 2019 1150 caro

369 1186 604 1252 Christi,
639 1190 872 1258 propter
895 1185 1175 1240 miracula
1198 1202 1324 1257 quae
1348 1184 1626 1240 divinitus
1644 1184 2014 1255 operabatur,

368 1275 613 1337 cithara,
636 1279 874 1346 propter
894 1274 1307 1344 experientiam
1333 1274 1556 1329 mortis.
1585 1273 1899 1343 Exsurgam
1936 1271 2019 1325 di-

363 1363 581 1420 luculo.
608 1365 675 1419 Et
704 1378 819 1435 quo
842 1364 1033 1419 fructu
1054 1363 1162 1418 hoc
1189 1363 1302 1419 PUt
1322 1362 1734 1429 conﬁteartibi,
1762 1363 2013 1426 Domine,

365 1457 430 1511 in
447 1453 672 1526 populis
700 1454 1058 1523 Judaeorum,
1092 1462 1143 1509 et
1168 1453 1406 1523 psallam
1436 1453 1538 1507 tibi
1568 1454 1629 1505 in
1674 1452 2010 1517 nationibus,

362 1543 423 1599 in
454 1542 687 1615 populis
718 1542 1002 1614 gentium.
1030 1543 1095 1596 Et
1118 1543 1324 1597 merito
1352 1541 1671 1597 conﬁtebor
1702 1541 1831 1604 tibi,
1879 1542 2013 1610 quia

362 1649 563 1703 magna
614 1647 786 1699 super
828 1632 986 1686 caelos
1036 1632 1432 1687 misericordia
1480 1633 1600 1699 tua,
1631 1629 1689 1684 id
1724 1633 1833 1695 est,
1868 1628 2011 1684 adeo

360 1721 679 1776 abundavit
709 1721 986 1776 omnibus
1015 1720 1073 1776 in
1108 1719 1506 1776 misericordia
1537 1724 1657 1787 tua,
1692 1723 1759 1773 ut
1799 1717 2012 1772 faceret

358 1825 455 1866 eos
473 1826 575 1882 per
600 1809 789 1881 ipsam
815 1808 1274 1865 misericordiam
1298 1810 1582 1882 attingere
1615 1822 1796 1882 super
1840 1805 2007 1861 coele-

356 1903 526 1964 stem,
552 1898 611 1954 id
636 1903 742 1967 est,
767 1898 1089 1969 angelicam
1110 1902 1437 1953 creaturam
1455 1941 1468 1963 ,
1493 1908 1546 1955 et
1559 1915 1730 1970 usque
1747 1897 1822 1955 ad
1834 1896 2009 1954 nubes

351 1990 551 2045 veritas
582 1992 699 2055 tua,
730 1988 788 2043 id
819 1992 904 2043 est
933 1987 1353 2059 promissiones
1384 1991 1494 2042 tuae
1545 2004 1691 2042 verae
1752 1988 1835 2043 sic
1891 1989 2006 2045 imr

351 2076 608 2150 plentur,
643 2077 843 2149 utipsi
868 2077 1274 2149 praedicatores
1305 2077 1489 2131 nubes
1546 2079 1997 2150 constituantur,

349 2166 603 2239 pluendo
659 2166 871 2234 verbis,
951 2166 1310 2221 coruscando
1366 2164 1687 2234 miraculis,
1740 2169 1998 2224 tonando

350 2256 548 2311 minis.
582 2256 655 2312 Ut
683 2256 805 2312 hinc
826 2255 1024 2312 omnia
1053 2256 1215 2310 ﬁant.
1270 2257 1537 2312 Emaltare
1589 2271 1759 2327 super
1812 2258 1993 2324 caelos,

346 2347 505 2415 Deus,
530 2362 622 2402 me
642 2346 880 2402 homine
910 2344 1194 2401 subaudis
1215 2344 1464 2401 exaltato
1491 2363 1503 2412 ;
1526 2348 1577 2400 et
1602 2361 1769 2417 super
1782 2362 1998 2402 omnem

350 2442 555 2491 terram
584 2436 766 2504 gloria
798 2443 909 2502 tua,
952 2434 1010 2488 id
1042 2438 1152 2501 est,
1185 2433 1439 2505 gloriosa
1497 2434 1840 2490 resurrectio
1895 2441 1997 2490 tua

356 2523 789 2588 manifestetur,
823 2526 887 2576 ut
916 2521 997 2576 sic
1019 2523 1325 2577 liberentur
1353 2524 1543 2578 dilecti
1567 2524 1673 2589 tui,
1715 2522 1848 2578 licet
1878 2540 1995 2578 non

349 2610 547 2683 paleae.
577 2611 648 2664 Et
679 2614 741 2665 ut
761 2610 1102 2678 liberentur,
1133 2612 1346 2665 salvum
1370 2614 1460 2677 fac
1487 2611 1715 2666 dextera
1771 2620 1884 2674 tua,
1943 2622 1996 2673 et

347 2698 553 2755 exaudi
572 2714 674 2753 me.
709 2699 778 2753 Et
800 2713 997 2752 revera
1016 2698 1288 2753 exaudies
1308 2714 1402 2753 me
1425 2698 1483 2752 in
1512 2698 1679 2763 meis,
1698 2700 1836 2769 quia
1856 2700 1993 2754 Deus

344 2789 557 2845 loculus
578 2796 658 2844 est
685 2789 745 2842 in
773 2790 959 2842 sancto
978 2802 1095 2857 suo,
1128 2786 1185 2840 id
1219 2789 1325 2852 est,
1363 2786 1417 2840 in
1478 2803 1571 2841 me
1628 2791 1826 2842 sancto
1884 2804 1990 2843 suo

343 2875 637 2950 disposuit
656 2892 718 2931 se
744 2875 1158 2931 exauditurum
1191 2890 1377 2946 genus
1417 2874 1746 2930 humanum
1774 2892 1787 2941 ;
1822 2876 1991 2945 juxta

340 2965 485 3022 illud
511 2982 524 3022 :
560 2988 589 3016 «
616 2964 993 3021 Multifariam
1017 2962 1336 3034 multisque
1357 2962 1546 3018 modis
1566 2962 1707 3018 olim
1733 2965 1882 3019 Deus
1911 2964 1991 3019 lo-

338 3066 523 3128 quens
549 3054 814 3128 patribus
843 3053 903 3107 in
936 3052 1255 3124 prophetis,
1288 3053 1602 3108 novissime
1631 3051 1837 3108 diebus
1860 3051 1988 3108 istis

335 3147 567 3203 locutus
598 3146 687 3201 est
718 3143 885 3198 nobis
913 3141 972 3196 in
1001 3140 1143 3197 Filio
1174 3142 1366 3214 (Hebr.
1401 3143 1462 3212 ι).
1492 3163 1522 3192 ›ι
1577 3141 1739 3205 Quod
1795 3140 1976 3197 dicit:

2127 1090 2228 1157 ris,
2264 1096 2437 1161 Deus,
2461 1091 2519 1146 in
2545 1093 2858 1149 virtutibus
2888 1095 3105 1151 nostris
3140 1118 3190 1149 ».
3222 1097 3292 1151 Et
3314 1096 3455 1168 quia
3475 1096 3595 1153 haec
3613 1098 3784 1165 facis,

2130 1202 2150 1228 α
2185 1178 2267 1234 Da
2299 1180 2469 1235 nobis
2491 1181 2774 1237 auxilium
2800 1183 2872 1237 de
2891 1182 3291 1251 tribulatione,
3313 1208 3341 1235 ››
3364 1190 3431 1241 ut
3450 1186 3579 1259 ipsa
3598 1188 3788 1244 tribu-

2124 1267 2262 1323 latio
2284 1269 2619 1324 corroboret
2639 1286 2765 1338 nos,
2794 1287 2864 1325 ne
2888 1271 3135 1328 interius
3155 1273 3481 1332 vincamur.
3507 1276 3577 1330 Et
3596 1293 3783 1348 quare

2124 1373 2263 1429 rogo
2285 1357 2566 1413 auxilium
2589 1359 2659 1414 de
2679 1358 3077 1431 tribulatione,
3103 1367 3389 1433 quantum
3412 1365 3484 1419 ad
3536 1364 3783 1422 interio-

2123 1462 2245 1501 rem
2277 1447 2576 1503 hominem
2594 1448 2622 1501 ‘2
2645 1448 2788 1517 Quia
2810 1466 2961 1505 vana
2982 1455 3071 1505 est
3086 1452 3235 1506 salus
3254 1453 3561 1509 exterioris
3597 1454 3781 1509 homi-

2120 1536 2228 1588 nis.
2249 1535 2312 1588 Et
2328 1536 2466 1606 quia
2478 1552 2627 1591 vana
2654 1540 2743 1591 est
2760 1535 2924 1592 salus
2954 1538 3220 1609 exterior,
3243 1539 3375 1595 ideo
3396 1557 3525 1612 nos,
3548 1542 3786 1613 abjecta

2121 1622 2308 1679 salute
2340 1623 2462 1690 illa,
2500 1647 2520 1673 α
2554 1624 2613 1679 in
2644 1628 2758 1680 Deo
2807 1624 3090 1682 faciemus
3127 1627 3424 1700 virtutem,
3455 1633 3513 1685 et
3542 1630 3670 1702 ipse
3699 1632 3782 1687 ad

2120 1711 2371 1768 nihilum
2396 1713 2642 1769 deducet
2664 1736 2683 1761 ιι
2703 1712 3055 1770 tribulantes
3077 1732 3203 1785 nos,
3228 1715 3287 1771 id
3319 1721 3429 1785 est,
3460 1734 3566 1790 pro
3586 1719 3781 1777 nihilo

2119 1804 2391 1871 reputare
2421 1817 2528 1856 nos
2558 1801 2729 1857 faciet
2758 1803 3192 1874 persecutiones
3247 1803 3624 1867 inimicorum
3675 1825 3781 1864 no-

2119 1894 2399 1945 strorum.

2680 1979 3014 2036 PSALMUS
3054 1979 3214 2037 CVII.

2533 2085 2591 2122 IN
2632 2084 2806 2124 FINEM
2844 2085 3115 2125 PSALMUS
3155 2086 3339 2126 DAVID.

2189 2177 2218 2211 ς‹
2241 2154 2416 2220 Deus,
2438 2154 2673 2211 laudem
2707 2174 2897 2212 meam
2930 2175 3001 2213 ne
3022 2159 3289 2224 tacueris,
3312 2160 3453 2232 quia
3471 2177 3538 2218 os
3564 2179 3777 2235 pecca-

2111 2276 2133 2304 .
2166 2252 2313 2310 toris
2373 2248 2431 2299 et
2464 2260 2528 2299 os
2555 2243 2740 2300 dolosi
2773 2262 2950 2316 super
2981 2262 3073 2301 me
3127 2252 3395 2318 apertum
3427 2254 3537 2305 est.
3569 2254 3778 2307 Locuti

2107 2364 2134 2393 α
2168 2348 2308 2398 sunt
2339 2342 2654 2397 adversum
2688 2350 2782 2389 me
2819 2333 3022 2406 lingua
3051 2334 3273 2403 dolosa,
3308 2341 3364 2392 et
3394 2340 3777 2397 sermonibus

2109 2449 2136 2482 α
2167 2430 2285 2486 odii
2319 2422 2840 2488 circumdederunt
2869 2440 2985 2491 me,
3024 2428 3081 2478 et
3135 2435 3617 2498 expugnaverunt
3675 2447 3776 2487 me

2105 2541 2133 2569 «
2164 2521 2364 2593 gratis,
2400 2522 2506 2577 Pro
2537 2538 2604 2577 eo
2625 2514 2693 2577 ηιξ
2727 2528 2820 2567 me
2843 2511 3173 2585 diligerent,
3196 2514 3581 2573 detrahebant
3594 2518 3769 2575 mihi:

2106 2608 2135 2657 (ξ
2165 2625 2269 2680 ego
2301 2615 2497 2666 autem
2529 2611 2794 2668 orabam,
2836 2602 2907 2657 Et
2936 2607 3258 2673 posuerunt
3300 2604 3613 2662 adversum
3673 2625 3774 2665 me

2103 2719 2131 2745 ‹‹
2165 2696 2321 2752 mala
2375 2716 2479 2770 pro
2536 2700 2727 2767 bonis,
2786 2702 2846 2758 et
2896 2690 3100 2753 odium
3140 2694 3243 2764 pro
3273 2692 3582 2752 dilectione
3612 2713 3767 2753 mea.

2101 2805 2130 2834 ‹‹
2162 2784 2459 2841 Constitue
2478 2804 2655 2859 super
2679 2805 2814 2844 eum
2837 2783 3233 2861 peccatorem.
3261 2784 3320 2837 et
3348 2780 3621 2839 diabolus
3654 2790 3774 2841 stet

2099 2894 2128 2923 α
2161 2889 2194 2927 a
2214 2873 2432 2929 dextris
2453 2876 2601 2946 ejus.
2625 2878 2769 2933 Cum
2789 2878 3109 2949 judicatur,
3135 2874 3301 2925 exeat
3317 2872 3767 2942 condemnatus.

2103 2982 2125 3010 α
2159 2966 2216 3016 et
2249 2962 2431 3017 oratio
2463 2964 2590 3035 ejus
2621 2965 2723 3021 fiat
2751 2967 2811 3022 in
2845 2972 3173 3039 peccatum.
3222 2957 3397 3021 Fiant
3448 2961 3572 3017 dies
3632 2964 3768 3033 ejus

2097 3070 2126 3099 «
2160 3049 2351 3121 pauci,
2384 3055 2440 3107 et
2464 3053 2870 3126 episcopatum
2893 3058 3021 3127 ejus
3064 3057 3314 3130 accipiat
3369 3049 3531 3103 ἃηϐτο
3584 3050 3768 3107 Fiant

2096 3158 2125 3186 «
2157 3136 2260 3193 lilii
2291 3140 2419 3209 ejus
2450 3141 2719 3213 orphani,
2751 3150 2807 3199 et
2835 3162 2981 3201 uxor
3021 3145 3150 3216 ejus
3206 3146 3389 3201 vidua.
3455 3136 3763 3194 Nutantes

334 3236 545 3292 locutus
572 3236 652 3289 est
678 3233 838 3288 nobis
866 3233 926 3286 in
955 3235 1145 3286 sancta
1170 3204 1290 3285 suo.
1346 3204 1510 3285 Unde
1563 3204 1864 3285 exsultabo
1920 3234 1977 3286 et
2007 3204 2049 3274 Ο
2092 3248 2120 3276 ‹‹
2149 3204 2578 3285 transterantur
2606 3204 2715 3286 {iiii
2735 3233 2885 3305 ejus,
2946 3238 3003 3289 et
3033 3204 3377 3303 mendicant,
3430 3223 3757 3306 ejiciantur

336 3324 592 3380 dividam
615 3320 971 3378 assumendo
994 3318 1316 3389 Sichimam,
1335 3318 1474 3390 quia
1491 3334 1636 3373 unus
1657 3322 1978 3390 assumetur,

333 3422 384 3470 et
411 3415 557 3469 alter
585 3411 931 3482 relinquetur
959 3409 1171 3479 (Matth.
1201 3407 1378 3478 xxnv.)
1411 3407 1665 3462 Sichima
1695 3408 1980 3479 interpre-

332 3507 535 3559 tantur
564 3501 841 3556 humerus.
878 3497 980 3556 Ubi
1011 3496 1423 3569 intelliguntur
1449 3495 1535 3550 illi
1589 3496 1804 3567 quibus
1860 3494 1982 3550 leve

332 3596 422 3649 est
442 3592 656 3663 jugum
687 3586 915 3644 Domini
936 3586 995 3641 in
1020 3585 1282 3641 humeris
1310 3585 1435 3640 suis
1458 3588 1705 3656 portare.
1746 3586 1823 3640 Et
1849 3600 1981 3641 con-

331 3682 530 3739 vallem
542 3677 1024 3736 tabernaculorum
1038 3674 1318 3740 dimetiar,
1338 3673 1396 3729 id
1409 3678 1517 3743 est,
1530 3671 1663 3728 illos
1680 3689 1980 3731 assumam

330 3771 514 3844 quiin
537 3764 911 3824 tabernaculo
935 3763 1186 3819 militare
1222 3761 1443 3818 volunt.
1466 3763 1532 3816 Et
1561 3777 1711 3816 meus
1738 3769 1820 3817 est
1872 3766 1980 3817 Ga-

333 3860 482 3929 laad,
513 3858 571 3912 id
604 3860 712 3921 est,
745 3853 931 3910 sancti
963 3855 1270 3923 martyres,
1305 3851 1407 3922 qui
1436 3849 1606 3921 plura
1652 3850 1710 3904 in
1765 3867 1827 3906 se
1883 3867 1977 3905 ex-

330 3949 604 4004 acervant
619 3943 1096 4009 testimonia,non
1111 3940 1449 3996 dubitantes
1463 3943 1641 3995 testes
1657 3940 1781 3995 ﬁeri
1793 3955 1982 4012 usque

332 4037 404 4092 ad
427 4033 773 4090 eﬁ‘usionem
797 4030 1121 4102 sanguinis.
1146 4031 1290 4085 Meus
1318 4038 1399 4084 est
1427 4029 1718 4095 Manasses,
1750 4028 1810 4084 id
1867 4033 1978 4095 est,

331 4123 550 4197 quique
575 4118 981 4175 obliviscentes
1010 4134 1078 4173 ea
1103 4135 1230 4189 quae
1253 4122 1404 4173 retro
1426 4125 1581 4186 sunt,
1613 4123 1671 4173 et
1699 4117 1758 4172 in
1818 4122 1979 4173 ante-

333 4211 490 4267 riora
520 4225 584 4266 se
612 4207 1025 4264 extendentes:
1055 4208 1105 4261 et
1149 4208 1415 4276 Ephraim
1461 4208 1725 4277 susceptio
1777 4209 1980 4277 capitis

330 4301 465 4362 mei,
498 4298 557 4354 id
581 4302 690 4364 est,
719 4297 939 4369 quique
963 4294 1380 4350 tructiﬁcantes
1411 4294 1546 4361 Deo,
1580 4299 1638 4350 et
1694 4312 1808 4351 non
1868 4295 1976 4352 sibi

334 4388 733 4461 suscipientur
761 4402 795 4441 a
825 4384 1012 4456 capite
1044 4399 1193 4452 meo,
1226 4382 1340 4438 Deo
1363 4382 1583 4438 scilicet
1611 4384 1755 4439 mihi
1790 4402 1980 4457 perso-

331 4477 540 4533 naliter
564 4474 749 4531 unito.
784 4472 887 4529 Vel
918 4472 1195 4545 Ephraim
1214 4473 1480 4542 susceptio
1507 4475 1704 4544 capitis
1732 4475 1862 4541 mei,
1921 4474 1979 4529 id
2014 4542 2036 4563 Ι

2099 3334 2125 3367 α
2156 3315 2226 3370 de
2247 3314 2708 3377 habitationibus
2722 3322 2867 3377 suis.
2884 3322 3189 3378 Scrutetur
3205 3323 3759 3381 feneratoromnetn

2090 3423 2119 3454 ‹‹
2153 3405 2548 3463 substantiam
2574 3409 2722 3480 ejus,
2747 3414 2803 3465 et
2818 3410 3099 3483 diripiant
3119 3411 3296 3467 alieni
3313 3411 3542 3469 labores
3590 3416 3749 3485 ejus.

2092 3514 2120 3543 «
2156 3493 2280 3549 Non
2325 3495 2403 3551 sit
2426 3495 2511 3551 illi
2534 3498 3004 3569 adjutor,necsit
3024 3499 3755 3574 quimisereaturpupillis

2091 3602 2121 3632 κ
2154 3582 2303 3652 ejus.
2334 3584 2505 3641 Fiant
2524 3587 2646 3642 nati
2669 3586 2796 3660 ejus
2818 3588 2877 3643 in
2900 3588 3226 3657 interitum,
3259 3589 3320 3644 in
3379 3591 3754 3662 generatione

2096 3690 2117 3719 α
2148 3686 2267 3726 una
2300 3672 2562 3729 deleatur
2590 3692 2802 3732 nomen
2833 3677 2980 3746 ejus.
3032 3677 3096 3732 In
3154 3677 3504 3734 memoriam
3550 3680 3747 3734 redeat

2090 3756 2437 3829 «iniquitas
2468 3767 2702 3834 patrum
2729 3766 2857 3837 ejus
2888 3766 2949 3820 in
2999 3770 3318 3838 conspectu
3377 3767 3613 3836 Domini,
3672 3771 3737 3820 et

2091 3867 2120 3895 κ
2152 3852 2457 3917 peccatum
2480 3852 2685 3909 matris
2707 3854 2836 3925 ejus
2856 3871 2971 3909 non
3010 3855 3294 3910 deleatur.
3330 3856 3496 3912 Fiant
3535 3858 3734 3910 contra

2091 3957 2120 3984 ‹‹
2153 3934 2467 3994 Dominum
2491 3956 2723 4012 semper
2761 3947 2815 3997 et
2844 3942 3136 4015 dispereat
3163 3944 3234 4000 de
3265 3948 3424 4001 terra
3460 3943 3742 4000 memoria

2091 4044 2121 4073 «
2154 4039 2377 4097 eorum,
2412 4045 2514 4099 pro
2542 4045 2608 4084 eo
2655 4031 2809 4100 quod
2842 4047 2958 4087 non
3012 4036 3101 4088 est
3158 4034 3498 4089 recordatus
3552 4032 3750 4089 facere

2092 4135 2121 4162 «
2153 4113 2634 4173 misericordiam.
2651 4119 2720 4174 Et
2732 4124 3074 4190 persecutus
3088 4126 3179 4178 est
3190 4121 3489 4178 hominem
3508 4122 3755 4194 inopem

2095 4225 2125 4258 ‹‹
2156 4209 2212 4260 et
2246 4206 2604 4274 mendicum,
2638 4212 2694 4262 et
2725 4213 3142 4279 compunctum
3175 4210 3345 4266 corde
3368 4210 3757 4267 mortiﬁcare.

2092 4318 2121 4348 «
2148 4296 2218 4352 Et
2247 4294 2447 4350 dilexit
2475 4293 2965 4364 maledictionem,
2999 4301 3057 4352 et
3087 4298 3279 4353 veniet
3307 4297 3357 4353 ei
3387 4315 3400 4353 :
3434 4302 3493 4353 et
3548 4296 3764 4355 noluit

2090 4408 2117 4435 ‹‹
2149 4382 2614 4441 benedictionem
2644 4388 2701 4439 et
2729 4384 3100 4457 elongahitur
3120 4387 3190 4442 ab
3222 4403 3308 4442 eo.

2161 4497 2190 4524 «
2222 4474 2291 4529 Et
2316 4472 2511 4527 induit
2538 4471 3005 4530 maledictionem
3037 4478 3188 4531 sicut
3219 4475 3673 4547 vestimentum,
3700 4488 3760 4535 et

333 4569 441 4635 est,
472 4565 913 4631 reclinatorium,
947 4562 1045 4617 ubi
1076 4561 1243 4632 quasi
1289 4559 1551 4633 deposito
1589 4562 1775 4632 capite
1822 4562 1982 4634 quie-
2090 4586 2118 4615 «
2152 4561 2391 4618 intravit
2407 4561 2559 4618 sicut
2581 4562 3103 4632 aquaininteriora
3122 4565 3269 4636 ejus,
3288 4568 3344 4621 et
3373 4565 3757 4624 sicutoleum

330 4670 488 4708 scam
517 4671 531 4720 ;
556 4654 726 4724 juxta
754 4652 899 4706 illud
926 4669 938 4707 :
972 4673 1000 4700 «
1033 4648 1252 4721 Vulpes
1274 4649 1465 4704 foveas
1487 4648 1723 4720 habent,
1748 4654 1806 4704 et
1824 4650 1981 4706 volu-

327 4757 454 4797 cres
476 4740 599 4795 cmli
631 4740 822 4807 nidos,
859 4738 1034 4794 Filius
1067 4742 1260 4793 autem
1309 4737 1569 4792 hominis
1629 4755 1743 4793 non
1800 4738 1975 4795 habet

328 4829 429 4886 ubi
488 4832 663 4901 caput
718 4845 893 4883 suum
943 4826 1185 4883 reclinet
1254 4826 1463 4898 (Matth.
1520 4826 1663 4898 vm).
1715 4849 1743 4877 ››
1800 4829 1969 4899 Iuda,

324 4935 428 4974 rea:
479 4933 652 4983 meus,
712 4916 771 4971 id
832 4918 940 4980 est,
1003 4914 1274 4979 confessi,
1331 4918 1504 4969 erunt
1557 4930 1722 4986 reges
1752 4916 1865 4972 mei
1917 4922 1973 4972 et

327 5006 676 5064 sacerdotes.
707 5003 876 5073 Moab,
899 5002 958 5057 id
990 5005 1098 5069 est,
1134 5002 1383 5073 quisque
1414 5002 1540 5058 sine
1594 5002 1718 5076 lege
1772 5004 1972 5063 vivens

325 5096 436 5151 erit
451 5094 675 5166 lebes,id
692 5097 799 5158 est,
824 5092 1057 5147 refectio
1076 5092 1191 5162 spei
1207 5105 1365 5157 meae,
1391 5092 1529 5162 quia
1550 5096 1767 5164 quanto
1787 5095 1970 5165 majo-

324 5200 446 5239 rem
462 5184 605 5239 mihi
620 5183 871 5237 inferent
884 5178 1340 5246 tribulationem,
1367 5184 1527 5234 tanto
1550 5183 1830 5253 majorem
1868 5183 1967 5240 ha-

322 5274 429 5329 beo
461 5272 586 5345 spei
616 5269 1149 5326 corroborationem
1172 5266 1257 5323 vel
1283 5267 1709 5326 certitudinem.
1745 5271 1814 5327 Et
1833 5289 1972 5344 quo-

323 5362 496 5417 modo
514 5361 638 5416 haec
661 5358 857 5415 omnia
889 5358 1072 5413 ﬁent?
1100 5357 1247 5421 Quia
1269 5358 1326 5412 in
1366 5356 1682 5425 (dammam,
1740 5359 1798 5415 id
1857 5366 1966 5433 est,

321 5449 382 5505 in
403 5456 673 5505 externos
721 5447 1010 5504 extendam
1066 5447 1496 5502 calceamentum
1524 5463 1727 5511 meum.
1761 5447 1819 5504 id
1858 5453 1965 5518 est,

323 5537 611 5593 notilicari
635 5538 841 5592 faciam
864 5533 1325 5590 incarnationem
1358 5550 1569 5590 meam.
1610 5536 1713 5592 Vel
1770 5543 1967 5594 exten-

322 5624 459 5685 dam
492 5624 954 5679 calceamentum
972 5638 1191 5691 meum,
1222 5622 1282 5677 id
1311 5626 1420 5691 est,
1447 5623 1626 5693 pedes
1654 5624 1963 5697 calceatos,

2095 4675 2115 4702 «ι
2152 4652 2213 4707 in
2245 4650 2480 4707 ossibus
2511 4651 2659 4722 ejus.
2694 4650 2820 4705 Fiat
2851 4651 2903 4707 ei
2934 4652 3087 4708 sicut
3142 4654 3561 4710 vestimentum
3630 4674 3761 4729 quo

2085 4761 2114 4792 ι(
2145 4741 2426 4812 operitur,
2459 4743 2516 4793 et
2548 4739 2702 4794 sicut
2726 4755 2873 4795 zona
2903 4756 3020 4811 qua
3050 4756 3279 4813 semper
3334 4742 3758 4817 praecingitur.

2082 4853 2111 4880 «
2145 4834 2262 4886 Hoc
2292 4845 2440 4901 opus
2472 4844 2674 4883 eorum
2704 4828 2805 4899 qui
2837 4828 3153 4885 detrahunt
3182 4829 3327 4886 mihi
3350 4832 3505 4903 apud
3530 4830 3761 4891 Domi-

2086 4938 2112 4972 «
2144 4935 2308 4984 num,
2342 4922 2399 4973 et
2429 4917 2530 4988 qui
2560 4916 2887 4988 loquuntur
2929 4918 3085 4975 mala
3142 4919 3421 4976 adversus
3470 4920 3761 4979 animam

2081 5029 2110 5058 «
2142 5023 2353 5063 meam.
2369 5006 2438 5061 Et
2457 5009 2542 5077 tu,
2568 5004 2832 5069 Domine.
2851 5006 3117 5073 Domine,
3142 5009 3231 5065 fac
3245 5024 3476 5065 mecum
3496 5016 3767 5084 propter

2085 5118 2106 5146 ι
2142 5111 2357 5151 nomen
2386 5098 2579 5160 tuum,
2616 5096 2757 5168 quia
2785 5096 2986 5153 suavis
3013 5102 3104 5154 est
3152 5098 3555 5155 misericordia
3618 5104 3759 5157 tua.

2079 5207 2107 5235 α
2137 5185 2344 5240 Libera
2373 5198 2486 5251 me,
2521 5183 2658 5254 quia
2688 5200 2910 5257 egenus
2938 5190 2997 5242 et
3024 5204 3249 5260 pauper
3293 5203 3428 5244 sum
3486 5203 3630 5260 ego,
3699 5192 3764 5246 et

2079 5295 2108 5325 «
2140 5289 2238 5328 cor
2262 5288 2457 5328 meum
2481 5274 2897 5329 conturbatum
2920 5279 3010 5331 est
3030 5276 3184 5333 intra
3205 5291 3318 5332 me.
3342 5276 3505 5333 Sicut
3521 5279 3764 5335 umbra

2082 5385 2104 5413 ι
2138 5378 2271 5418 cum
2290 5360 2558 5427 declinat,
2583 5360 2815 5419 ablatus
2836 5379 2991 5432 sum,
3012 5369 3068 5421 et
3084 5382 3407 5423 excussuns
3428 5381 3558 5423 sum
3581 5369 3765 5425 sicut

2078 5474 2108 5502 «
2138 5451 2399 5508 locusta.
2434 5450 2638 5507 Genua
2667 5467 2799 5508 mea
2826 5452 3126 5511 infirmata
3155 5459 3295 5512 sunt
3321 5472 3357 5511 a
3377 5454 3641 5527 jejunio,
3694 5464 3760 5514 et

2077 5563 2106 5591 «
2138 5557 2272 5596 caro
2330 5556 2459 5596 mea
2512 5540 2829 5598 immutata
2878 5547 2968 5599 est
2997 5548 3233 5618 propter
3271 5543 3488 5601 oleum.
3521 5544 3601 5600 Et
3632 5558 3753 5621 ego

2082 5651 2105 5681 ι
2140 5630 2333 5688 factus
2345 5645 2479 5686 sum
2490 5630 2872 5702 opprobrium
2889 5631 3007 5691 illis
3022 5650 3036 5690 :
3056 5631 3450 5705 videruntme,
3468 5641 3524 5692 et
3536 5636 3756 5694 move-
