4024 6192
377 311 496 372 707

954 312 1254 374 REMIGII
1302 311 2052 375 ANTISSIODORENSIS
2100 311 2274 373 OPP.
2318 313 2519 375 PARS
2561 314 2612 374 Ι.
2642 344 2720 359 -
2748 311 3207 375 EXEGETICA.

3661 311 3796 374 708

376 450 485 512 est,
519 461 635 498 non
668 447 1034 516 regeneretur
1060 445 1310 516 populus
1332 445 1446 513 ille,
1477 451 1540 501 ut
1570 446 1620 501 ei
1651 446 2022 501 dimittantur
2051 446 2103 511 Α
2132 445 2510 500 misericordia
2530 455 2643 516 tua,
2668 447 2725 501 id
2749 445 3258 514 est,reconciliatio
3280 445 3528 500 humani
3551 443 3792 516 generis

375 539 632 604 peccata,
667 534 768 588 sed
800 555 827 582 «
858 532 916 587 in
948 534 1321 603 generatione
1353 552 1471 588 una
1520 534 1782 592 deleatur
1813 550 2022 588 nomen

371 622 519 691 ejus.
547 643 574 669 ››
595 643 621 669 ‹‹
651 622 710 674 In
731 620 1102 691 generatione
1119 639 1276 676 una»
1296 621 1706 692 permanetqui
1729 639 1840 676 non
1863 637 2022 693 rege-

373 715 630 777 neratur,
648 708 772 763 sine
790 725 905 778 qua
920 709 1352 780 regeneratione
1369 709 1565 764 nullus
1580 709 1788 764 salvari
1810 712 2019 780 potest,

370 798 616 854 Domino
649 801 898 852 testante
932 815 944 851 :
981 820 1007 846 «
1036 797 1156 852 Nisi
1182 798 1314 868 quis
1348 803 1587 852 renatus
1612 799 1785 853 fuerit
1808 799 2018 864 denuo,

370 904 484 941 non
513 884 960 958 potestintroire
984 885 1038 938 in
1075 902 1317 957 regnum
1352 886 1451 941 Dei
1476 888 1655 958 (Joaa.
1681 887 1800 955 In);
1835 908 1863 934 ››
1897 908 1925 935 ‹‹
1960 885 2021 938 in

370 974 654 1029 memoria
676 974 873 1028 redeat
904 974 1184 1044 iniquitas
1203 980 1434 1046 patrum
1464 976 1592 1046 ejus
1614 976 1669 1028 in
1703 978 2018 1045 conspectu

367 1063 620 1128 Domini,
656 1085 684 1110 »
717 1070 778 1116 ut
809 1079 922 1117 non
954 1067 1183 1117 tantum
1229 1063 1509 1134 puniatur
1541 1062 1794 1135 populus
1825 1062 1919 1117 ille
1950 1063 2020 1118 de

366 1159 598 1223 peccato
642 1151 893 1223 proprio,
929 1152 1028 1206 sed
1060 1152 1237 1206 etiam
1289 1153 1359 1206 de
1390 1153 1643 1224 peccatis
1695 1156 1927 1224 patrum
1958 1152 2017 1205 in

365 1241 608 1312 [Egypto
632 1239 1024 1310 peccantium:
1044 1241 1214 1310 juxta
1234 1239 1400 1306 illud,
1437 1262 1463 1292 α
1485 1240 1804 1295 Vindicabo
1829 1241 1886 1294 in
1909 1244 2018 1294 ter-

363 1330 504 1383 tiazn
527 1335 585 1384 et
611 1334 877 1400 quartam
895 1329 1326 1398 generationem
1349 1329 1553 1400 (Exod.
1575 1333 1689 1397 xx),
1706 1351 1732 1379 »
1761 1353 1787 1378 ‹‹
1807 1334 1862 1384 et
1883 1345 2017 1400 pec-

365 1423 559 1473 catum
577 1418 779 1472 matris
791 1418 919 1487 ejus
935 1434 1046 1472 non
1062 1417 1342 1472 deleatur:
1355 1440 1380 1465 ››
1397 1418 1495 1473 sed
1514 1442 1538 1466 «
1551 1419 1716 1472 fiant»
1737 1417 2016 1488 iniquitas

365 1513 597 1578 patrum
613 1512 669 1560 et
701 1511 936 1577 peccatu
948 1523 1003 1560 m
1021 1507 1224 1560 matris
1251 1530 1277 1555 ‹‹
1299 1512 1499 1561 contra
1512 1507 1824 1562 Dominum
1858 1523 2016 1561 sem-

365 1612 486 1666 per,
502 1599 558 1650 et
573 1595 861 1665 dispereat
877 1595 946 1648 de
960 1598 1114 1648 terra
1127 1595 1408 1649 memoria
1421 1611 1644 1658 eorum,
1664 1617 1689 1643 »
1707 1595 1759 1647 id
1777 1598 1882 1659 est,
1899 1611 2013 1648 non

363 1684 700 1738 recordetur
731 1682 1008 1737 Dominus
1039 1699 1242 1737 eorum
1277 1683 1551 1754 amplius,
1577 1687 1642 1737 ut
1664 1687 1888 1738 revocet
1917 1699 2016 1737 eos

363 1773 435 1826 ad
469 1771 866 1841 paenitentiam
895 1789 906 1825 :
941 1776 997 1825 et
1026 1771 1133 1826 hoc
1164 1788 1241 1842 eo,
1277 1772 1334 1826 id
1367 1776 1478 1839 est,
1504 1772 1649 1837 ideo,
1672 1772 1810 1842 quia
1830 1787 2013 1843 popu-

361 1859 453 1914 lus
487 1859 582 1914 ille
618 1859 952 1915 Judaeorum
985 1875 1092 1914 non
1123 1864 1204 1914 est
1251 1861 1565 1914 recordatus
1593 1864 1773 1929 facere
1800 1861 2020 1914 miseri-

360 1949 622 2017 cordiam,
649 1952 731 2019 ut,
757 1948 945 2003 occiso
967 1948 1176 2019 capite,
1201 1953 1455 2003 cessaret
1477 1948 1872 2003 membrorum
1894 1966 2016 2020 per-

364 2037 607 2093 secutio.
642 2061 670 2086 «
705 2038 770 2091 Et
816 2041 1152 2108 persecutus
1205 2042 1294 2092 est
1335 2037 1631 2091 hominem
1677 2037 1910 2108 inopem
1960 2042 2018 2091 et

363 2127 720 2194 mendicum,
752 2130 810 2180 et
837 2131 1254 2196 compunctum
1285 2126 1456 2181 corde
1489 2125 1860 2192 mortificare,
1897 2148 1924 2174 »
1955 2125 2014 2181 id

362 2221 469 2286 est,
512 2215 810 2271 Christum
857 2224 1242 2286 compunctum
1270 2215 1431 2281 corde
1465 2215 1518 2269 in
1551 2214 1673 2269 suis
1697 2217 2016 2285 persecutus

361 2313 436 2360 est
468 2304 719 2376 populus
760 2304 877 2358 ille.
911 2305 1255 2376 Compuncti
1302 2305 1472 2359 corde
1505 2305 1742 2358 fuerunt
1794 2303 1878 2358 illi
1911 2304 2012 2376 qui

363 2394 634 2447 dixerunt
666 2410 678 2447 :
715 2393 856 2462 Quid
900 2393 1197 2464 faciemus,
1229 2395 1345 2448 viri
1381 2397 1584 2464 fratres
1635 2393 1770 2464 (Act.
1806 2393 1915 2463 11)?
1951 2394 2017 2447 Et

363 2481 458 2534 ille
489 2482 588 2552 qui
623 2482 767 2536 dixit
802 2499 812 2534 :
851 2483 996 2548 Quid
1026 2499 1112 2537 me
1140 2486 1222 2537 vis
1249 2486 1430 2553 facere
1460 2483 1599 2552 (Act.
1634 2483 1710 2550 Ix)
1733 2482 1759 2535 ?
1788 2484 1848 2536 In
1882 2481 2015 2552 qui-

309 2620 317 2629 ,
366 2569 472 2622 bus
499 2569 716 2622 talibus
735 2573 1047 2635 persecutus
1069 2574 1144 2624 est
1169 2571 1499 2624 Dominum.
1527 2571 1589 2622 Et
1609 2570 1810 2624 dilexit
1840 2571 2014 2624 male-

361 2655 652 2709 dictionem
682 2656 891 2719 Judas,
924 2655 1012 2710 vel
1044 2656 1295 2726 populus
1317 2657 1412 2710 ille
1430 2657 1629 2712 dicens
1667 2674 1677 2710 :
1717 2680 1741 2707 ‹‹
1767 2657 2016 2728 Sanguis

365 2743 492 2813 ejus
517 2759 694 2814 super
716 2759 841 2812 nos,
864 2747 1109 2815 ctsuper
1130 2743 1280 2799 filios
1302 2749 1531 2799 nostros
1551 2745 1764 2813 (Matth.
1782 2746 2015 2816 xxvn).»

366 2855 392 2879 ‹‹
419 2832 486 2886 Et
502 2831 691 2886 veniet
709 2831 780 2896 ei,
800 2836 855 2886 et
880 2830 1067 2886 noluit
1084 2832 1566 2902 benedictionem,
1583 2833 2020 2905 etelongabitur

368 2921 438 2975 ab
457 2937 543 2975 eo.
560 2920 832 2974 Etinduit
851 2919 1321 2975 maledictionem
1342 2921 1494 2975 sicut
1507 2922 1943 2993 vestimentum,
1963 2926 2019 2978 et

367 3009 602 3063 intravit
632 3008 784 3063 sicut
813 3026 965 3079 aqua
1009 3009 1067 3062 in
1113 3009 1388 3064 interiora
1419 3011 1545 3080 ejus
1579 3028 1591 3065 :
1631 3033 1656 3058 »
1688 3010 1934 3066 interius
1965 3016 2020 3066 et

367 3097 622 3152 exterius
655 3096 1010 3157 maledictus,
1030 3101 1120 3152 est
1147 3098 1350 3164 Judas,
1385 3099 1473 3153 vel
1507 3099 1756 3170 populus
1790 3099 1886 3154 ille
1917 3100 2017 3170 qui

2135 550 2261 604 quae
2293 551 2395 606 per
2434 538 2676 589 mortem
2711 550 2899 589 meam
2948 539 3194 590 ventura
3221 538 3330 589 est.
3365 556 3394 583 ‹‹
3432 533 3638 588 Libera
3669 549 3791 600 me,

2133 623 2274 693 quia
2294 640 2512 695 egenus
2545 628 2601 677 et
2632 639 2852 694 pauper
2882 639 3014 676 sum
3048 638 3176 694 ego,
3203 626 3259 676 et
3287 638 3387 676 cor
3418 639 3618 676 meum
3649 637 3795 676 con-

2132 712 2433 766 turbatum
2465 717 2555 766 est
2585 712 2738 766 intra
2777 728 2869 766 me
2899 734 2926 762 ››
2962 712 3122 783 quia,
3154 711 3262 767 etsi
3293 711 3480 766 tristis
3509 727 3794 782 appareo,

2134 817 2247 854 non
2281 804 2369 855 est
2400 799 2539 854 mihi
2573 799 2814 854 tristitia
2833 816 2899 854 ex
2931 804 3215 871 potestate
3246 799 3648 863 inferentium,
3682 799 3793 854 sed

2131 905 2198 943 ex
2227 888 2458 960 propria
2484 887 2778 943 voluntate
2813 888 2998 942 tristis
3023 904 3292 959 appareo.
3313 909 3339 936 «
3367 887 3532 942 Sicut
3551 887 3794 952 umbra,

2131 993 2263 1032 cum
2295 976 2564 1042 declinat,
2595 976 2826 1031 ablatus
2848 993 3002 1042 sum,
3030 998 3058 1024 »
3089 977 3228 1047 quia
3257 975 3431 1043 sicut,
3454 974 3795 1031 declinante

2131 1066 2359 1132 umbra,
2385 1066 2449 1118 fit
2474 1081 2604 1129 nox,
2634 1065 2714 1119 ita
2739 1079 2807 1119 ex
2829 1080 3001 1119 carne
3025 1080 3182 1118 mors
3208 1064 3494 1135 sequitur,
3517 1072 3568 1119 et
3589 1079 3793 1118 exau-

2127 1169 2351 1207 sussum
2361 1155 2501 1207 sicut
2525 1152 2770 1222 locustae,
2786 1153 2943 1224 quia,
2961 1169 3053 1207 me
3068 1169 3160 1207 me
3173 1152 3610 1222 relicto,omnes
3626 1152 3795 1223 fuge-

2129 1246 2266 1296 runt
2312 1241 2518 1314 (Matth.
2567 1243 2758 1310 xxv1);
2810 1241 2898 1296 vel
2947 1257 3210 1296 excussus
3257 1257 3399 1308 sum,
3434 1241 3491 1296 id
3541 1245 3652 1308 est,
3683 1256 3786 1296 ex-

2129 1329 2283 1384 cussi
2308 1334 2448 1384 sunt
2470 1329 2582 1383 mei
2597 1331 2738 1383 sicut
2759 1331 3000 1396 locustae,
3027 1329 3165 1401 quia
3196 1329 3376 1401 fugati
3401 1333 3540 1384 sunt
3559 1329 3789 1400 ubique

2126 1435 2159 1472 a
2188 1416 2866 1488 persecutoribus.Genua
2895 1434 3011 1472 mea
3041 1419 3310 1488 inﬁrmita
3335 1419 3461 1472 sunt
3482 1434 3515 1470 a
3531 1417 3786 1487 jejunio,

2127 1506 2183 1561 id
2216 1511 2323 1573 est,
2357 1505 2442 1560 illi
2474 1506 2572 1576 qui
2606 1506 2872 1561 fortiores
2902 1508 3140 1562 fuerunt
3169 1507 3319 1560 inter
3339 1506 3609 1560 membra
3630 1522 3789 1570 mea,

2127 1593 2370 1665 apostoli
2403 1594 2667 1649 videlicet
2707 1595 2986 1650 inﬁrmati
3017 1599 3155 1649 sunt
3183 1611 3217 1648 a
3246 1595 3485 1667 jejunio,
3517 1592 3576 1652 id
3607 1599 3717 1661 est,
3755 1609 3791 1648 ε

2127 1683 2435 1755 ρι’ωεθῐιὶὶει
2456 1700 2584 1738 mea
2615 1684 2972 1754 recedentes,
2998 1701 3032 1738 a
3053 1701 3168 1756 qua
3189 1699 3421 1755 semper
3443 1682 3795 1737 reﬁcieban-

2124 1777 2239 1828 tur.
2273 1773 2341 1827 Et
2370 1778 2566 1827 tamen
2598 1772 2731 1826 licet
2779 1773 3064 1842 inﬁrmata
3115 1774 3262 1839 sunt,
3296 1771 3612 1825 immutata
3643 1775 3791 1826 sunt

2124 1861 2359 1915 tandem
2381 1865 2610 1931 propter
2631 1862 2838 1928 oleum,
2867 1861 2924 1914 id
2958 1866 3066 1931 est,
3092 1864 3326 1932 pr0pter
3345 1859 3569 1914 donum
3593 1859 3792 1930 Spiri-

2124 1954 2220 2004 tus
2252 1949 2434 2004 sancti
2461 1950 2615 2019 quod
2650 1953 3012 2020 receperunt,
3036 1954 3093 2004 et
3122 1966 3236 2004 non
3254 1952 3484 2004 tantum
3513 1947 3792 2004 fortiores

2124 2035 2404 2091 infirmati
2437 2041 2594 2104 sunt,
2633 2037 2732 2092 sed
2765 2037 2941 2093 etiam
2971 2054 3104 2092 caro
3133 2053 3274 2107 mea,
3309 2036 3364 2091 id
3397 2041 3506 2101 est,
3538 2034 3645 2103 illi,
3676 2037 3790 2108 qui

2124 2125 2474 2180 inﬁrmiores
2489 2126 2721 2182 fuerunt
2745 2126 2802 2180 in
2820 2126 3101 2183 membris
3125 2125 3288 2195 meis,
3305 2123 3615 2180 confortati
3640 2129 3793 2179 sunt

2124 2218 2345 2285 prapter
2373 2215 2572 2275 oleum,
2607 2214 2663 2268 id
2709 2218 2816 2281 est,
2849 2214 3103 2285 gratiam
3135 2211 3383 2284 Spiritus
3435 2215 3644 2266 sancti.
3676 2211 3789 2268 Vel

2126 2302 2231 2367 sic,
2266 2318 2391 2357 caro
2436 2318 2559 2356 mea
2609 2304 2898 2356 immutata
2945 2311 3023 2356 est
3073 2310 3291 2373 propter
3321 2301 3522 2367 oleum,
3556 2301 3614 2354 id
3668 2305 3789 2368 est,

2125 2389 2374 2445 carnalis
2397 2389 2724 2444 intellectus
2748 2406 3017 2445 meorum
3037 2389 3390 2455 inﬁrmatus,
3407 2405 3510 2460 per
3522 2389 3784 2461 gratiam

2124 2478 2376 2550 Spiritus
2407 2478 2592 2533 sancti
2624 2478 2989 2534 immutatus.
3023 2477 3147 2542 Vel,
3177 2494 3308 2534 caro
3335 2493 3456 2533 mea
3489 2480 3790 2533 immutata

2125 2575 2203 2622 est
2223 2571 2448 2638 propter
2474 2568 2673 2632 oleum,
2706 2565 2764 2621 id
2791 2571 2898 2632 est,
2934 2571 3170 2638 propter
3201 2567 3551 2622 suavitatem
3582 2583 3789 2622 resur-

2127 2657 2418 2710 rectionis.
2455 2658 2518 2711 Et
2561 2672 2653 2726 ego
2682 2657 2860 2725 fastus
2890 2671 3012 2709 sum
3057 2655 3412 2726 approbrium
3461 2655 3594 2721 illis,
3641 2655 3790 2726 quia

2127 2744 2296 2799 sicuti
2323 2761 2414 2798 me
2436 2745 2958 2815 persequebantur,
2976 2744 3055 2798 ita
3065 2747 3122 2798 et
3139 2759 3334 2798 meos:
3355 2764 3383 2792 ‹‹
3398 2744 3667 2798 viderunt
3683 2759 3788 2799 me

2127 2837 2185 2886 et
2216 2837 2524 2886 moverunt
2553 2834 2744 2904 capita
2775 2849 2922 2900 sua;
2961 2855 2981 2881 »
3020 2832 3143 2900 sed,
3178 2837 3263 2898 tu,
3299 2855 3326 2882 ‹‹
3362 2832 3602 2887 Domine
3626 2836 3787 2887 Deus

2130 2937 2318 2986 meus,
2344 2921 2436 2991 adj
2449 2937 2557 2974 uva
2587 2937 2702 2987 me,
2722 2920 2944 2976 salvum
2978 2936 3070 2975 me
3103 2921 3189 2975 fac
3207 2921 3530 2976 secundum
3555 2921 3788 2975 miseri-

2129 3009 2387 3065 cordiam
2417 3013 2603 3064 tuam.
2640 3034 2660 3060 »
2698 3011 2762 3065 Et
2803 3011 3001 3078 sciant,
3036 3009 3093 3062 id
3125 3013 3235 3079 est,
3272 3007 3596 3079 intelligant
3643 3011 3788 3080 quia

2127 3114 2321 3153 manus
2337 3101 2432 3152 tua
2462 3099 2597 3163 haec,
2618 3099 2674 3152 id
2708 3103 2816 3164 est,
2841 3098 3098 3169 potentia
3120 3101 3222 3152 tua
3250 3097 3361 3151 haec
3383 3096 3574 3150 omnia
3605 3097 3724 3152 feci
3735 3103 3782 3163 t,

367 3185 1066 3242 abominabilisomnibus
1086 3187 1272 3241 factus
1292 3193 1380 3242 est
1400 3189 1674 3255 exterius,
1693 3197 1744 3244 el
1762 3189 2008 3244 interius
2041 3173 2082 3238 C
2123 3184 2284 3238 utsic
2307 3184 2635 3256 intelligant
2656 3184 2810 3254 quod
2836 3201 2949 3238 non
2968 3183 3248 3239 haberent
3270 3187 3628 3254 potestatem,
3646 3183 3776 3237 nisi

365 3278 683 3331 excaecatus
715 3293 727 3330 :
761 3279 810 3329 et
857 3277 997 3330 sicut
1052 3277 1230 3330 oleum
1278 3278 1338 3330 in
1368 3277 1574 3331 ossibus
1617 3277 1754 3346 ejus,
1797 3277 1854 3331 id
1901 3281 2010 3346 est,

365 3365 518 3419 sicut
547 3364 740 3419 oleum
764 3380 898 3419 ossa
918 3370 1199 3436 penetrat,
1224 3365 1305 3419 ita
1333 3382 1431 3421 eos
1455 3365 1803 3421 maledictio.
1845 3387 1865 3414 «τ
1889 3367 2014 3421 Fiat

365 3453 412 3508 ei
438 3453 589 3507 sicut
609 3453 1018 3508 vestimentum
1044 3471 1158 3524 quo
1190 3455 1469 3526 operitur,
1490 3459 1546 3509 et
1564 3455 1713 3509 sicut
1730 3472 1875 3510 zona
1898 3472 2014 3526 qua

365 3558 484 3596 sem
497 3557 596 3612 per
612 3542 1001 3613 praecingitur.
1024 3564 1052 3590 »
1075 3541 1276 3597 Solent
1297 3543 1398 3614 qui
1416 3548 1663 3597 utuntur
1683 3543 1828 3599 laxis
1846 3544 2014 3598 vesti-

365 3631 474 3685 bus
501 3647 562 3685 se
589 3631 956 3702 prascingere,
989 3634 1055 3685 ut
1082 3631 1333 3702 expediti
1369 3631 1488 3686 sint
1536 3633 1607 3687 ad
1641 3634 2010 3700 operandam

365 3719 519 3790 quod
550 3718 769 3774 volunt.
803 3720 893 3774 Sic
925 3718 1178 3791 populus
1209 3719 1306 3775 ille
1338 3726 1610 3790 operatur
1641 3721 2010 3776 maledictio-

366 3823 521 3862 nem.
557 3807 623 3861 Et
653 3808 1062 3879 praecingatur,
1087 3809 1144 3863 id
1181 3813 1290 3878 est,
1313 3808 1616 3880 expeditus
1651 3809 1726 3863 sit
1748 3810 1820 3864 ad
1839 3827 2011 3866 omne

367 3895 589 3949 malum
617 3897 1087 3966 perpetrandum,
1124 3901 1187 3951 ut
1219 3897 1438 3952 malum
1473 3914 1587 3951 non
1620 3898 2011 3968 repentinum,

368 3983 468 4036 sed
495 3983 844 4052 dispositum
865 3985 1054 4040 faciat.
1085 4009 1112 4035 «
1143 3985 1259 4040 Hoc
1280 4003 1428 4056 opus
1458 4002 1659 4041 eorum
1692 3987 1790 4057 qui
1822 3987 2012 4042 detra«

368 4070 518 4124 hunt
549 4070 692 4123 mihi
726 4072 878 4141 apud
912 4072 1247 4140 Dominum,
1282 4079 1338 4130 et
1368 4075 1467 4146 qui
1508 4075 1831 4146 loquuntur
1860 4075 2015 4131 mala

369 4157 650 4213 adversus
676 4158 932 4213 animam
949 4177 1156 4214 meam.
1189 4185 1206 4208 η
1230 4163 1405 4225 Quasi
1428 4163 1610 4218 dicat:
1636 4165 1794 4227 Quod
1821 4164 2009 4219 induti

373 4252 512 4302 sunt
543 4245 968 4313 maledictione,
1005 4247 1111 4302 hoc
1143 4266 1257 4304 non
1289 4250 1506 4320 injuste
1536 4253 1726 4307 evenit
1756 4252 2014 4324 eis,quia

367 4335 476 4391 hoc
519 4339 608 4390 est
663 4351 808 4405 opus
839 4351 1062 4406 eorum,
1096 4336 1154 4390 id
1203 4341 1311 4406 est,
1346 4337 1494 4392 hanc
1545 4340 2013 4397 maledictionem

367 4425 759 4496 operabantur
779 4424 889 4479 sibi
906 4425 1054 4496 apud
1073 4425 1384 4480 Dominum
1402 4427 1543 4481 mihi
1566 4429 1943 4498 detrahendo,
1959 4434 2015 4486 et

2123 3271 2240 3326 illis
2263 3277 2372 3326 ate
2385 3273 2521 3327 data
2543 3272 2938 3341 fuisset(Joan.
2962 3272 3101 3341 xxx).
3119 3273 3272 3337 Quod
3287 3270 3441 3335 dicit,
3458 3290 3486 3319 «
3502 3275 3560 3325 et
3573 3271 3781 3326 sciant

2123 3360 2260 3431 quia
2307 3377 2518 3415 manus
2567 3366 2669 3417 tua
2700 3361 2840 3428 haec,
2874 3365 2931 3415 et
2979 3365 3065 3426 tu,
3099 3360 3361 3423 Domine,
3393 3359 3577 3414 fecisti
3608 3375 3772 3414 eam.

2123 3449 2469 3505 Maledicent
2486 3449 2593 3518 illi,
2618 3455 2673 3505 et
2688 3455 2750 3504 tu
2774 3449 3101 3504 benedices.
3125 3449 3234 3513 Qui
3257 3450 3568 3520 insurgunt
3588 3449 3649 3502 in
3674 3465 3771 3504 me

2122 3540 2575 3605 confundantur,
2602 3555 2802 3594 servus
2834 3542 3031 3593 autem
3062 3543 3223 3604 tuus,
3251 3559 3278 3587 »
3312 3554 3427 3592 non
3458 3537 3586 3591 dico
3615 3537 3774 3592 laete-

2123 3632 2238 3692 tur,
2273 3628 2374 3682 sed
2421 3627 2720 3684 laetabitur.
2772 3626 3088 3682 Induantur
3135 3628 3233 3698 qui
3278 3625 3576 3682 detrahunt
3605 3627 3767 3690 mihi,

2117 3716 2342 3787 pudore,
2373 3716 2428 3770 id
2479 3721 2587 3786 est,
2623 3715 2788 3784 plene
2836 3716 3271 3772 confundantur
3301 3716 3464 3770 intus
3503 3720 3551 3770 et
3594 3714 3754 3779 foris,

2121 3805 2212 3858 vel
2243 3810 2374 3859 ante
2403 3804 2587 3858 Deum
2618 3809 2674 3859 et
2705 3809 2838 3860 ante
2870 3803 3160 3872 homines,
3192 3814 3244 3860 et
3273 3806 3584 3876 aperiantur
3611 3803 3749 3856 sicut

2122 3894 2363 3965 diploide
2412 3896 2724 3964 confusione
2751 3910 2870 3948 sua.
2929 3893 3149 3964 Diplois
3179 3898 3269 3950 est
3320 3894 3499 3950 vestis
3529 3890 3755 3962 duplex,

2125 3981 2348 4037 nullam
2370 3982 2588 4037 habens
2613 3987 2834 4053 partem
2860 3981 3174 4050 inversam,
3195 3982 3292 4038 ubi
3318 3986 3551 4038 notatur
3570 3979 3768 4052 plena-

2123 4072 2210 4126 ria
2239 4070 2525 4126 confusio.
2561 4070 2863 4141 Conﬁtebor
2887 4072 3114 4126 Domino
3144 4073 3317 4126 nimis
3344 4074 3404 4126 in
3428 4087 3520 4125 ore
3546 4085 3685 4138 meo,
3712 4068 3773 4123 id

2122 4165 2230 4224 est,
2280 4158 2445 4214 valde
2492 4159 2552 4214 in
2603 4176 2696 4214 ore
2739 4175 2880 4226 meo,
2909 4159 2967 4213 id
3017 4164 3125 4227 est,
3176 4176 3429 4215 consono
3478 4158 3678 4212 corde.
3711 4158 3775 4212 Et

2123 4250 2277 4322 quod
2300 4249 2518 4304 dictum
2545 4253 2651 4302 est.
2675 4249 2783 4319 Ego
2804 4256 2986 4304 autem
3011 4249 3304 4318 conﬁtebor
3324 4249 3550 4304 Domino
3577 4248 3782 4313 nimis,

2123 4339 2179 4394 id
2213 4343 2320 4405 est,
2354 4337 2520 4392 valde
2549 4338 2609 4391 in
2646 4354 2738 4392 ore
2782 4353 2919 4402 meo,
2951 4337 3010 4392 id
3058 4342 3165 4404 est,
3198 4353 3452 4393 consono
3483 4337 3687 4392 corde.
3723 4336 3788 4390 Et

2123 4429 2187 4483 in
2207 4428 2384 4483 medio
2401 4427 2721 4496 multorum,
2745 4427 2802 4481 id
2826 4431 2934 4497 est,
2964 4427 3022 4480 in
3041 4427 3211 4482 corde
3228 4425 3510 4494 ﬁdelium,
3539 4425 3787 4481 laudabo

369 4513 523 4570 mala
571 4514 851 4569 adversus
884 4514 1142 4570 animam
1192 4531 1382 4571 meam
1415 4515 1727 4588 loquendo.
1762 4519 1884 4585 Vel,
1918 4521 2015 4575 hoc
2044 4538 2090 4602 D
2121 4532 2266 4572 eum.
2300 4518 2446 4584 Quia
2474 4517 2649 4571 astitit
2679 4533 2713 4570 a
2741 4515 2949 4570 dextris
2976 4517 3256 4587 pauperis,
3281 4515 3338 4570 id
3369 4519 3477 4586 est,
3503 4514 3606 4586 qui
3639 4513 3788 4570 mihi

367 4619 500 4673 opus
529 4619 719 4658 eorum
746 4603 893 4670 apud
940 4604 1253 4675 Dominum,
1289 4605 1344 4660 id
1379 4610 1486 4673 est,
1521 4606 1809 4677 przescivit
1841 4612 1904 4662 ut
1934 4608 2016 4662 ita

369 4697 766 4762 operarentur,
789 4693 936 4763 apud
965 4694 1274 4762 Dominum,
1309 4693 1456 4758 dico,
1487 4695 1640 4765 apud
1675 4711 1847 4765 quem
1880 4713 2014 4751 con-

371 4781 508 4845 stat,
543 4783 607 4833 ut
656 4781 750 4848 qui
798 4783 858 4833 in
885 4781 1133 4836 sordibus
1180 4791 1277 4848 est,
1312 4783 1583 4837 sordescat
1628 4783 1803 4838 adhuc
1834 4785 2015 4856 (Apoc.

370 4868 533 4937 χχιι).
572 4888 599 4916 ‹‹
631 4868 717 4934 Et,
752 4872 837 4938 tu,
875 4870 1133 4937 Domine,
1161 4871 1248 4926 fac
1271 4887 1500 4926 mecum
1545 4877 1780 4942 propter
1809 4890 2020 4929 nomen

372 4960 566 5021 tuum,
598 4977 624 5008 ιο
661 4958 839 5021 Quasi
893 4958 1048 5013 dicat
1083 4977 1094 5014 :
1131 4964 1249 5014 Hoc
1283 4959 1401 5015 illis
1444 4961 1688 5015 eveniat.
1724 4962 1796 5025 Tu
1825 4967 2019 5018 autem

373 5046 613 5117 Domine,
644 5053 736 5115 [ac
773 5061 1004 5113 mecum,
1030 5047 1087 5101 id
1119 5051 1228 5112 est,
1257 5063 1486 5103 mecum
1519 5065 1756 5120 operare
1787 5056 2022 5122 propter

373 5151 586 5190 nomen
617 5139 786 5189 tuum
810 5134 1279 5206 gloriﬁcandum,
1306 5141 1369 5190 ut
1400 5136 1731 5210 intelligant
1755 5138 2020 5196 homines

370 5223 574 5279 eadem
605 5240 781 5294 opera
810 5240 939 5279 esse
972 5240 1100 5279 mea
1117 5229 1172 5278 et
1196 5229 1295 5279 tua
1325 5242 1336 5279 :
1363 5225 1470 5291 vel,
1495 5242 1733 5297 operare
1768 5244 2016 5297 mecum,

370 5311 540 5382 quasi
566 5311 900 5383 dicat:ergo
918 5328 1125 5383 operor
1150 5313 1645 5384 perseverandoin
1668 5316 2017 5384 obedientia,

371 5404 427 5454 et
456 5403 518 5453 tu
553 5415 792 5470 operare
823 5402 1374 5467 mecum,vertendo
1405 5402 1475 5457 ad
1507 5418 1879 5460 communem
1903 5422 2022 5460 om-

369 5487 537 5542 nium
567 5487 879 5543 utilitatem
900 5490 1053 5558 quod
1087 5491 1195 5561 ipsi
1227 5491 1451 5565 faciunt
1471 5492 1542 5546 ad
1575 5494 1753 5548 unius
1774 5493 2019 5550 damna-

368 5575 612 5638 tionem.
645 5575 725 5636 Te
754 5591 890 5649 rogo
915 5583 977 5635 ut
1005 5595 1234 5638 mecum
1264 5579 1539 5654 opereris,
1564 5584 1695 5656 quia
1723 5585 1914 5642 suavis
1934 5588 2016 5642 est

2126 4606 2368 4677 pauperi
2398 4609 2456 4660 et
2504 4604 2654 4659 meis
2702 4604 3059 4676 pauperibus
3089 4604 3149 4658 in
3196 4605 3452 4669 dextera,
3483 4603 3542 4657 id
3573 4607 3697 4669 est,
3730 4602 3788 4657 in

2130 4692 2336 4766 potiori
2368 4698 2532 4764 parte
2564 4709 2793 4765 semper
2823 4693 2950 4762 fuit,
2984 4693 3200 4749 faciens
3240 4710 3338 4749 eos
3367 4691 3614 4764 diligere
3651 4693 3789 4746 dex-

2130 4788 2271 4852 tera,
2305 4782 2363 4836 id
2395 4786 2503 4847 est,
2529 4781 2788 4854 potiora:
2823 4781 2894 4837 ad
2911 4781 3020 4837 hoc
3057 4804 3084 4831 «
3115 4781 3298 4837 astitit
3319 4799 3352 4837 a
3380 4779 3604 4836 dextris
3643 4796 3790 4852 pau-

2130 4872 2307 4943 peris,
2343 4876 2408 4925 ut
2437 4869 2656 4927 salvam
2689 4871 2899 4926 faceret
2928 4887 2962 4925 a
2993 4869 3478 4942 persequentibus
3507 4869 3784 4923 animam

2131 4977 2342 5027 meam,
2378 4982 2406 5009 »
2440 4959 2499 5012 id
2530 4962 2640 5024 est,
2660 4957 2771 5013 mei
2802 4962 2858 5013 et
2891 4974 3308 5026 meorum,non
3338 4957 3420 5013 ita
3448 4962 3513 5012 ut
3534 4973 3660 5012 non
3687 4955 3790 5010 tri-

2129 5048 2494 5116 bularentur,
2526 5047 2625 5102 sed
2667 5062 2740 5101 ne
2780 5047 2864 5102 eis
2913 5047 3438 5113 conformarentur,
3472 5051 3536 5100 ut
3582 5044 3741 5099 illud
3774 5059 3788 5097 :

2135 5161 2156 5188 «
2193 5139 2377 5205 Pater,
2415 5153 2530 5192 non
2579 5153 2716 5208 rogo
2747 5140 2812 5191 ut
2859 5135 3030 5192 tollas
3075 5153 3173 5192 eos
3203 5137 3273 5192 de
3305 5134 3546 5199 mundo,
3579 5133 3692 5191 sed
3726 5136 3790 5187 ut

2129 5243 2322 5283 serves
2352 5242 2450 5282 eos
2482 5243 2515 5280 a
2546 5225 2698 5281 malo
2731 5226 2907 5296 (Joan.
2928 5228 3088 5293 xvn).
3130 5249 3150 5273 1

2698 5315 3026 5371 PSALMUS
3067 5315 3205 5371 CIX.

2704 5421 2964 5460 PSALMUS
3004 5421 3193 5460 DAVID.

2203 5517 2230 5545 «
2255 5493 2405 5550 Dixit
2427 5493 2710 5548 Dominus
2722 5493 2967 5549 Domino
2986 5510 3113 5550 meo
3135 5494 3311 5550 :Sede
3327 5490 3587 5548 adextris
3609 5488 3780 5551 meis,

2132 5602 2161 5635 ς(
2190 5583 2370 5641 donec
2395 5598 2608 5656 ponam
2627 5581 2896 5642 inimicos
2917 5586 3051 5643 tuos
3063 5581 3384 5644 scabellurn
3405 5581 3624 5660 pedum
3650 5581 3780 5634 tuo-
