4024 6192
298 347 416 412 713

892 487 1218 546 PSALMUS
1250 493 1357 547 CX.

981 596 1188 635 ALLELU
1199 599 1271 637 ΙΑ.

372 687 399 711 ι(
430 664 760 720 Conﬁtebor
790 667 918 737 tibi,
951 667 1215 732 Domine,
1248 672 1305 724 in
1339 677 1460 727 toto
1487 673 1657 727 corde
1703 688 1852 740 meo,
1888 672 1943 725 in

301 771 329 803 ι
357 751 603 808 consilio
627 753 926 822 justorum
959 761 1014 810 et
1042 759 1503 831 congregatione.
1539 761 1746 831 Magna
1772 776 1947 830 opera

295 863 321 888 ‹‹
356 840 608 910 Domini,
641 843 932 914 exquisita
962 843 1019 898 in
1043 863 1248 902 omnes
1270 847 1596 904 voluntates
1620 852 1767 918 ejus.
1795 848 1942 903 Con-

294 951 321 977 ‹‹
357 928 532 984 fessio
564 935 620 984 et
652 931 1084 1002 magniﬁcentia
1114 951 1262 1006 Opus
1294 937 1445 1005 ejus,
1477 942 1532 991 et
1555 937 1791 1005 justitia
1814 937 1944 1006 ejus

294 1041 320 1065 ‹‹
349 1023 546 1074 manet
567 1018 624 1072 in
653 1020 928 1074 saeculum
957 1023 1170 1077 seculi.
1199 1025 1537 1080 Memoriam
1559 1024 1943 1080 fecitmirabi-

303 1130 322 1154 ι
361 1105 505 1160 lium
533 1124 773 1162 suorum
807 1109 1140 1166 misericors
1171 1118 1228 1167 et
1271 1114 1580 1169 miserator
1638 1114 1939 1183 Dominus,

293 1216 319 1241 ‹‹
350 1210 544 1249 escam
570 1196 1088 1253 dedittimentibus
1107 1216 1188 1254 se.
1218 1201 1433 1256 Memor
1453 1202 1561 1256 erit
1582 1203 1638 1256 in
1662 1201 1940 1257 saeculum

298 1303 323 1332 α
354 1283 689 1339 testamenti
715 1284 824 1354 sui,
848 1285 1122 1341 virtutem
1149 1305 1390 1360 operum
1416 1307 1656 1345 suorum
1707 1307 1941 1344 annun-

290 1393 318 1418 ‹‹
353 1373 524 1426 tiabit
554 1374 766 1445 populo
797 1391 925 1430 suo.
962 1375 1033 1429 Ut
1060 1377 1157 1430 det
1189 1377 1302 1433 illis
1345 1379 1741 1434 haereditatem
1801 1395 1938 1450 gen-

287 1482 314 1508 «
351 1460 522 1526 tium,
550 1477 726 1532 Opera
767 1480 1052 1519 manuum
1108 1466 1235 1535 ejus
1263 1467 1473 1522 verltas
1523 1472 1578 1522 et
1621 1467 1936 1537 judicium.

293 1568 320 1599 σ
353 1548 571 1604 Fidelia
600 1551 798 1604 omnia
826 1553 1103 1608 mandata
1132 1555 1282 1624 ejus,
1307 1556 1652 1610 conﬁrmata
1675 1556 1732 1610 in
1767 1573 1940 1610 saecu-

290 1658 310 1685 ι
347 1636 466 1691 lum
503 1637 720 1704 saeculi,
750 1642 895 1694 facta
926 1642 979 1694 in
1016 1642 1252 1698 veritate
1279 1649 1334 1698 et
1364 1645 1654 1714 aequitate.
1691 1645 1936 1700 Redem-

290 1748 316 1773 ‹‹
353 1725 611 1796 ptionem
669 1727 830 1782 misit
887 1728 1172 1784 Dominus
1203 1731 1416 1803 populo
1449 1749 1576 1798 suo,
1641 1733 1938 1787 mandavit

1436 359 2041 422 ENARRATIONES
2086 363 2162 420 ΙΝ
2210 362 2590 425 PSALMOS.

1982 495 2037 557 Α
2070 495 2187 546 toto
2219 494 2390 547 corde
2430 511 2580 561 meo,
2614 517 2642 541 »
2699 493 2947 565 positus,
3004 493 3310 559 subaudis,
3371 498 3429 547 in
3483 499 3712 554 consilio

3589 369 3710 428 7M

2047 582 2348 650 justorum,
2373 587 2429 636 et
2447 582 2555 636 hoc
2579 599 2693 637 non
2718 583 2775 637 in
2797 583 3043 653 occulto,
3068 585 3166 638 sed
3189 584 3248 638 in
3267 587 3708 653 congregatione,

2055 669 2112 722 id
2145 675 2254 733 est,
2288 687 2482 724 coram
2518 671 2858 727 hominibus
2899 674 3209 729 attendens
3270 679 3324 728 te
3379 675 3706 729 dicentem:

2057 781 2082 806 ‹‹
2120 757 2225 822 Qui
2255 775 2344 812 me
2375 760 2677 814 confessus
2713 761 2883 815 fuerit
2913 778 3107 816 coram
3140 762 3500 830 hominibus,
3527 762 3709 816 conﬁ-

2053 847 2218 900 tebor
2265 853 2318 901 et
2350 864 2454 919 ego
2486 865 2619 902 eum
2651 865 2845 903 coram
2911 851 3073 905 Patre
3135 868 3261 905 meo
3321 851 3531 921 (Matth.
3565 851 3640 921 x).
3680 872 3708 899 ››

2056 934 2249 990 Potest
2277 951 2404 990 esse
2437 953 2543 990 vox
2575 938 2784 1008 capitis
2815 939 2870 992 in
2930 939 3039 993 hoc
3096 939 3346 1009 psalmo,
3406 940 3574 1010 quasi
3623 940 3708 995 sic

2053 1023 2334 1080 dicentis:
2379 1024 2548 1080 Pater
2607 1042 2696 1079 me
2756 1026 2835 1080 ita
2890 1027 3180 1093 exaltavit,
3235 1029 3387 1083 sicut
3447 1028 3710 1100 praedixit

2052 1110 2371 1184 PrOpheta:
2413 1117 2468 1168 et
2497 1130 2601 1184 ego
2634 1113 2944 1178 exaltatus,
2977 1117 3292 1184 conﬁtebor,
3337 1117 3390 1170 id
3425 1122 3536 1183 est,
3569 1134 3704 1172 con-

2054 1200 2375 1256 ﬁtebuntur
2410 1202 2544 1264 mei,
2583 1225 2607 1248 ι(
2640 1201 2696 1256 in
2731 1208 2849 1257 toto
2901 1205 3071 1258 corde
3131 1221 3282 1267 meo,
3341 1205 3396 1258 in
3459 1205 3704 1261 consilio

2046 1289 2340 1358 justorum
2373 1297 2427 1344 et
2459 1291 2922 1362 congregatione.
2958 1314 2984 1339 ››
3027 1293 3091 1345 Et
3150 1294 3355 1347 merito
3412 1294 3708 1362 conﬁtebor

2049 1379 2298 1444 Domino,
2333 1379 2472 1450 quia
2501 1396 2664 1450 opera
2698 1382 2923 1434 Domini
2949 1397 3152 1447 magna
3174 1386 3312 1434 sunt
3354 1381 3705 1452 inquirenti-

2050 1468 2178 1531 bus,
2213 1473 2270 1521 et
2291 1473 2429 1522 sunt
2448 1470 2754 1539 exquisita,
2779 1469 2968 1522 eundo
2992 1469 3275 1523 subaudis
3303 1471 3361 1523 in
3392 1486 3579 1526 omnes
3619 1487 3706 1526 vo—

2049 1555 2285 1610 luntates
2314 1558 2472 1626 ejus:
2507 1573 2632 1626 quae
2658 1562 2797 1610 sunt
2818 1573 2992 1627 Opera
3023 1557 3277 1622 Domini,
3326 1557 3439 1612 nisi
3500 1575 3702 1628 pecca-

2045 1645 2570 1714 torisjustiﬁcatio,
2596 1645 2681 1699 vel
2709 1645 3024 1716 peccatoris
3042 1645 3360 1712 damnatio,
3383 1646 3702 1702 siconverti

2046 1731 2343 1787 noluerit?
2372 1738 2425 1787 et
2467 1733 2610 1786 nihil
2645 1735 2708 1786 ﬁt
2765 1740 2973 1803 praeter
3027 1733 3385 1788 voluntatem
3445 1734 3696 1789 Domini.

291 1833 316 1864 ι
349 1814 407 1868 in
436 1819 716 1869 aeternum
741 1820 1158 1872 testamentum
1186 1836 1380 1874 suum.
1411 1825 1687 1876 Sanctum
1721 1826 1775 1876 et
1821 1827 1934 1876 ter-
1966 1851 2012 1915 Β
2046 1821 2208 1875 Sicut
2239 1821 2394 1875 enim
2428 1820 2485 1874 in
2509 1838 2569 1876 se
2597 1821 2980 1876 conﬁdentem
3002 1840 3117 1876 non
3143 1823 3357 1878 deserit
3378 1823 3505 1892 ejus
3531 1822 3699 1877 mise-

285 1926 311 1952 ‹‹
345 1902 510 1957 ribile
543 1919 752 1958 nomen
784 1906 933 1974 ejus,
966 1906 1199 1961 initium
1237 1909 1534 1980 sapientia:
1593 1911 1771 1965 timor
1829 1915 1934 1965 Do-

285 2015 310 2040 ‹‹
341 1991 507 2046 mini.
535 1991 867 2048 Intellectus
898 1995 1087 2050 bonus
1111 1997 1386 2052 omnibus
1406 1999 1754 2054 facientibus
1776 2016 1931 2069 eum,

288 2104 309 2130 ι
350 2081 609 2136 laudatio
641 2083 769 2150 ejus
801 2089 996 2138 manet
1027 2085 1085 2138 in
1119 2085 1397 2141 saeculum
1425 2087 1642 2142 saeculi.
1677 2111 1705 2136 .››

907 2172 1313 2229 ENARRATIO.

357 2255 620 2321 Alleluia,
652 2257 922 2327 Alleluia,
955 2259 1223 2326 Alleluia,
1267 2267 1334 2318 ut
1391 2265 1661 2336 superius
1715 2264 1934 2319 dictum

279 2349 390 2411 est,
425 2344 654 2400 laudate
681 2347 975 2402 Domi-num
1003 2347 1440 2420 interpretatur.
1490 2352 1652 2418 Quod
1705 2351 1940 2408 alleluia

284 2433 653 2505 geminatum
678 2440 984 2491 cantamus
1006 2439 1324 2494 constituto
1341 2444 1621 2511 tempore,
1637 2457 1668 2495 a
1689 2442 1937 2496 Sabbato

285 2521 552 2576 videlicet
572 2522 912 2592 septimanae
942 2527 1246 2582 Paschalis
1279 2544 1461 2598 usque
1484 2529 1554 2583 ad
1615 2529 1936 2585 Sabbatum

287 2611 441 2682 quod
473 2611 806 2665 continetur
827 2612 979 2668 intra
1007 2614 1132 2669 dies
1165 2615 1532 2672 Pentecostes
1556 2623 1619 2671 ut
1652 2617 1936 2689 implean-

289 2704 386 2754 tur
416 2698 848 2770 quinquaginta
879 2701 1023 2772 dies,
1067 2708 1122 2757 et
1154 2703 1261 2758 hoc
1297 2709 1484 2759 totum
1544 2707 1614 2760 ad
1675 2712 1935 2762 nostram

293 2787 618 2845 doctrinam
651 2792 707 2842 et
729 2789 800 2843 ad
834 2789 1104 2860 figuram.
1141 2791 1304 2847 Sicut
1334 2794 1490 2848 enim
1522 2795 1645 2849 dies
1677 2794 1757 2848 illi
1794 2812 1936 2866 qua-

289 2877 560 2949 draginta
589 2877 676 2932 vel
709 2878 1083 2950 septuaginta
1115 2897 1242 2951 quae
1272 2881 1604 2951 praecedunt
1634 2883 1787 2936 diem
1848 2899 1936 2938 re-

286 2965 668 3020 surrectionis
692 2965 918 3020 Domini
959 2968 1217 3037 corporis
1268 2985 1574 3024 mcerorem
1633 2970 1806 3026 istius
1866 2971 1938 3027 si-

285 3054 590 3125 gniﬁcant,
634 3053 716 3108 sic
755 3053 1182 3126 quinquaginta
1236 3056 1380 3126 dies,
1441 3057 1543 3128 qui
1602 3058 1938 3116 solemniter

287 3142 540 3213 gratuita
573 3140 863 3196 hilaritate
882 3143 1221 3211 succedunt,
1249 3145 1582 3216 signiﬁcant
1610 3149 1937 3219 annumju-

287 3229 525 3285 bilzeum
556 3229 616 3284 in
648 3247 763 3300 quo
797 3231 1046 3302 quisque
1070 3249 1101 3284 a
1125 3232 1319 3286 debito
1343 3231 1606 3298 solvitur,
1635 3239 1692 3289 et
1738 3252 1940 3291 servus

287 3318 439 3373 liber
469 3318 718 3372 efﬁcitur
750 3322 939 3390 (Leuit.
974 3322 1122 3389 xxv).
1156 3321 1334 3383 Quem
1367 3338 1589 3375 annum
1633 3323 1940 3391 jubilzeum

288 3407 699 3463 custodiebant
713 3407 898 3462 Judzei
914 3424 1146 3478 semper
1161 3415 1289 3478 post
1308 3408 1735 3480 quinquaginta
1757 3428 1942 3467 annos

288 3501 349 3551 et
369 3496 477 3550 hoc
509 3497 564 3550 in
596 3496 784 3568 ﬁgura
811 3496 1040 3551 dierum
1073 3496 1306 3551 illorum
1333 3498 1390 3551 in
1416 3498 1635 3568 quibus
1693 3500 1789 3569 qui
1851 3499 1944 3554 hic

290 3589 608 3656 operantur
641 3590 704 3640 ut
735 3585 881 3639 servi
901 3585 1276 3657 recipientur,
1300 3591 1365 3640 ut
1387 3585 1510 3652 ﬁlii,
1544 3591 1618 3653 et,
1644 3586 1761 3642 illis
1785 3587 1944 3643 labo-

291 3673 560 3728 rantibus
592 3673 649 3727 in
684 3673 793 3728 hac
823 3673 962 3738 vita,
989 3689 1210 3728 merces
1234 3674 1332 3728 illa
1354 3674 1611 3730 solvetur
1627 3693 1803 3748 quam
1829 3676 1946 3747 pri-

293 3763 411 3817 mis
468 3767 525 3817 et
581 3761 917 3817 novissimis
974 3761 1393 3832 paterfamilias
1452 3765 1735 3835 aequalem
1786 3766 1947 3820 dedit
2037 3777 2048 3791 '

289 3851 503 3919 (Matth.
537 3853 651 3920 xx).
685 3851 992 3922 Propterea
1025 3857 1217 3906 autem
1233 3852 1942 3925 zequalem,quiasinguli,

293 3939 470 4012 primi
496 3939 763 3994 videlicet
784 3945 839 3994 et
863 3940 1185 4007 novissimi,
1211 3940 1475 4012 singulos
1506 3941 1776 3997 denarios
1809 3948 1948 3997 sunt

297 4027 610 4100 recepturi.
644 4029 701 4082 In
734 4027 1197 4082 consideratione
1229 4028 1408 4098 hujus
1434 4029 1776 4084 aeternitatis
1819 4031 1945 4099 jam

291 4118 550 4172 existens
572 4116 880 4186 Propheta,
905 4121 960 4170 et
982 4115 1339 4170 exhortando
1371 4115 1516 4170 alios
1549 4133 1618 4171 ne
1640 4118 1808 4172 otiosi
1829 4118 1949 4173 sint

294 4207 358 4260 in
392 4205 574 4274 vinea,
611 4210 674 4260 ut
697 4205 930 4260 tandem
964 4204 1270 4259 denarium
1291 4205 1686 4275 reciperentin
1711 4223 1949 4277 vespera

293 4293 382 4350 sic
414 4293 555 4348 dicit
579 4311 592 4348 :

372 4405 399 4431 ‹‹
433 4381 761 4437 Conﬁtebor
791 4381 917 4447 tibi,
971 4382 1235 4448 Domine,
1284 4382 1340 4436 in
1397 4388 1514 4437 toto
1569 4384 1740 4438 corde
1799 4399 1948 4454 meo,

294 4471 358 4525 in
392 4469 634 4526 consilio
657 4471 955 4539 justorum
981 4475 1036 4525 et
1067 4471 1532 4542 congregatione.
1569 4496 1596 4519 ››
1655 4473 1952 4530 Confessio

2046 1909 2318 1974 ricordia,
2351 1909 2428 1963 ita
2468 1910 2594 1978 ejus
2633 1909 2866 1978 justitia
2897 1909 3118 1964 nullius
3151 1911 3521 1981 iniquitatem
3580 1925 3704 1982 per-

2044 1997 2222 2050 mittit
2251 1997 2623 2067 impunitam,
2657 2014 2790 2051 cum
2822 1999 3070 2066 ﬂagellat
3099 1999 3273 2053 etiam
3315 2000 3494 2068 ﬁlium
3525 2017 3694 2070 quem

2043 2087 2235 2154 recipit
2291 2087 2469 2154 (Hebr.
2532 2088 2658 2154 xu),
2716 2092 2772 2139 et
2829 2087 2912 2140 sic
2971 2088 3253 2158 quidquid
3286 2087 3550 2158 elegeris,
3585 2105 3703 2143 non

2045 2174 2227 2228 deerit
2258 2174 2644 2245 omnipotenti
2683 2175 2835 2228 unde
2859 2192 3027 2229 suam
3061 2177 3131 2229 de
3163 2183 3217 2230 te
3256 2175 3544 2246 compleat
3601 2193 3700 2231 vo-

2047 2261 2333 2317 luntatem
2361 2280 2372 2316 :
2411 2279 2591 2333 quare
2621 2261 2801 2333 eligat
2824 2263 2932 2317 sibi
2967 2263 3140 2318 homo
3172 2263 3494 2333 quodlibet,
3529 2263 3614 2319 vel
3638 2269 3706 2319 ut

2047 2367 2150 2421 per
2182 2351 2646 2406 misericordiam
2680 2350 2936 2407 salvetur
2982 2351 3069 2405 vel
3134 2356 3195 2406 ut
3252 2369 3352 2423 per
3405 2351 3700 2422 justitiam

2047 2440 2380 2494 damnetur.

2120 2572 2247 2627 Haec
2278 2575 2417 2626 sunt
2449 2595 2475 2620 «ί
2508 2588 2683 2642 opera
2737 2571 2960 2626 Domini
3019 2571 3309 2642 exquisita
3371 2573 3428 2626 in
3491 2588 3696 2628 omnes

2047 2661 2377 2714 voluntates
2409 2659 2553 2727 ejus.
2588 2681 2613 2706 η
2648 2659 2769 2712 Non
2819 2659 2976 2712 enim
3037 2660 3119 2713 sic
3177 2660 3495 2714 constituta
3553 2665 3694 2715 sunt

2045 2764 2207 2818 opera
2237 2749 2478 2811 Domini,
2515 2753 2576 2801 ut
2607 2752 2871 2801 creatura
2899 2747 2956 2800 in
2991 2747 3170 2802 libero
3201 2748 3441 2802 arbitrio
3477 2749 3691 2803 consti-

2044 2840 2191 2898 tuta,
2223 2835 2512 2890 Creatoris
2545 2841 2780 2906 superet
2800 2833 3180 2901 voluntatem,
3213 2837 3386 2890 etiam
3411 2837 3460 2889 si
3490 2840 3694 2890 contra
3719 2825 3730 2834 ’

2045 2924 2174 2994 ejus
2207 2924 2379 2978 faciat
2409 2923 2787 2978 voluntatem.
2823 2923 2947 2977 Non
3007 2923 3128 2977 vult
3157 2924 3310 2978 Deus
3346 2928 3406 2978 ut
3470 2941 3691 2996 pecces,

2046 3029 2182 3067 nam
2219 3012 2505 3084 prohibet.
2540 3013 2755 3067 Tamen
2789 3013 2836 3067 si
2873 3014 3216 3083 peccaveris,
3251 3031 3321 3067 ne
3365 3019 3531 3084 putes
3591 3013 3694 3069 ho-

2047 3101 2264 3156 minem
2293 3101 2497 3156 fecisse
2532 3102 2682 3172 quod
2711 3100 2912 3166 voluit,
2963 3105 3018 3154 et
3067 3101 3180 3155 Deo
3231 3102 3513 3156 accidisse
3545 3102 3701 3173 quod

1972 3209 2013 3274 ρ
2051 3190 2259 3244 noluit.
2318 3190 2480 3243 Sicut
2537 3189 2690 3243 enim
2751 3189 2874 3242 vult
2933 3195 2996 3242 ut
3056 3189 3229 3244 homo
3310 3207 3423 3243 non
3486 3194 3701 3261 peccet,

2053 3278 2133 3330 ita
2162 3276 2282 3330 vult
2324 3277 2582 3348 peccanti
2636 3292 2890 3347 parcere,
2949 3281 3011 3329 ut
3069 3282 3388 3331 revertatur
3420 3283 3476 3330 et
3535 3278 3702 3345 vivat,

2051 3363 2130 3416 ita
2161 3361 2283 3414 vult
2305 3367 2596 3431 postremo
2616 3363 2672 3415 in
2707 3367 2940 3432 peccato
2967 3367 3427 3430 perseverantem
3477 3364 3706 3434 punire,

2054 3450 2378 3520 utjustitize
2401 3450 2718 3518 potentiam
2743 3456 3058 3503 contumax
3083 3467 3194 3503 non
3219 3451 3442 3514 evadat,
3460 3451 3698 3521 utquid-

2055 3539 2192 3610 quid
2234 3537 2408 3591 homo
2467 3536 2662 3607 eligat,
2725 3554 2838 3590 non
2897 3537 3046 3591 desit
3102 3537 3484 3607 omnipotenti
3545 3540 3704 3595 unde

2054 3643 2222 3682 suam
2255 3624 2544 3696 compleat
2575 3625 2954 3680 voluntatem.

2128 3786 2153 3811 ‹‹
2187 3759 2482 3815 Confessio
2505 3765 2560 3814 et
2584 3759 3020 3830 magniﬁcentia
3041 3777 3188 3832 Opus
3211 3763 3360 3830 ejus,
3383 3767 3441 3815 et
3474 3759 3708 3831 justitia

2055 3853 2182 3921 ejus
2208 3855 2401 3904 manet
2422 3850 2478 3902 in
2503 3849 2783 3903 saeculum
2818 3848 3032 3902 smculi.
3061 3870 3087 3897 η
3117 3850 3261 3911 Quia
3291 3866 3453 3920 Opera
3489 3849 3710 3904 Domini

2056 3957 2256 4010 magna
2287 3938 2451 4003 dixit,
2485 3937 2821 4007 exsequitur
2852 3954 2981 4007 quae
3011 3938 3148 3991 sint.
3183 3938 3341 4009 Opus
3372 3939 3527 3993 enim
3579 3938 3708 4008 ejus

2057 4034 2146 4083 est
2165 4023 2454 4099 confessio,
2490 4043 2666 4095 quam
2700 4029 2974 4094 operatur
3005 4026 3061 4080 in
3095 4027 3238 4096 suis,
3287 4027 3551 4082 faciendo
3609 4043 3708 4082 eos

2059 4134 2160 4188 per
2191 4114 2614 4170 confessionem
2652 4113 3015 4185 magniﬁcos,
3058 4121 3111 4169 et
3131 4117 3354 4184 justitia
3383 4118 3497 4185 eius
3527 4123 3712 4172 manet

2059 4209 2117 4259 in
2132 4205 2387 4259 saeculum
2403 4203 2614 4272 saeculi,
2630 4203 2767 4270 quia
2786 4203 2908 4257 suis
2923 4203 3023 4258 dat
3041 4206 3552 4275 perseverantiam,
3575 4205 3712 4259 utin

2052 4293 2287 4365 justitia
2301 4297 2698 4363 permaneant,
2713 4297 2853 4346 etne
2868 4294 2938 4347 ad
2957 4292 3104 4347 ollas
3118 4294 3382 4348 carnium
3404 4297 3458 4346 in
3475 4295 3714 4364 .Egypto

2062 4381 2375 4452 respiciant
2407 4381 2597 4445 (Exod.
2628 4384 2783 4447 xvx):
2820 4381 2957 4450 quia
2989 4404 3014 4428 ‹‹
3052 4381 3177 4434 sine
3213 4381 3553 4451 pcenitentia
3577 4384 3716 4433 sunt

2064 4471 2214 4525 dona
2239 4470 2330 4523 Dei
2365 4475 2420 4523 et
2450 4470 2671 4523 vocatio
2697 4468 2794 4522 Dei
2817 4470 2992 4534 (Rom.
3029 4473 3108 4534 ιι).
3146 4492 3171 4514 η
3197 4468 3297 4522 Vel
3331 4468 3412 4521 sic
3443 4485 3453 4522 :
3485 4469 3718 4522 Justitza

296 4576 416 4614 non
437 4575 668 4631 semper
699 4563 1066 4629 peccatorum
1093 4565 1199 4628 est,
1235 4560 1332 4614 sed
1365 4559 1677 4631 aliquaan
1701 4560 1829 4616 laus
1855 4562 1952 4617 Dei
1986 4576 2032 4638 D
2063 4564 2186 4631 ejus
2217 4576 2333 4629 qua
2364 4557 2565 4612 reddet
2592 4557 2704 4627 piis
2737 4558 2888 4626 quod
2926 4556 3221 4627 pollicitus
3252 4562 3357 4625 est,
3404 4562 3459 4610 et
3519 4556 3717 4626 impiis

297 4665 430 4719 qua:
462 4647 762 4702 devotione
793 4647 1181 4703 confessionis
1213 4648 1561 4719 exprimitur
1589 4666 1601 4704 :
1637 4648 1740 4704 illa
1777 4650 1954 4719 luget,

296 4737 421 4791 haec
444 4735 696 4807 gaudet;
732 4734 833 4790 illa
864 4736 1089 4790 medico
1121 4735 1332 4790 vulnus
1375 4737 1654 4803 ostendit,
1714 4738 1835 4794 hzec
1890 4740 1961 4794 de

299 4825 554 4881 sanitate
587 4824 809 4879 medico
839 4824 1058 4895 gratias
1093 4826 1232 4895 agit.
1269 4824 1398 4878 Hrec
1435 4826 1722 4881 confessio
1767 4843 1963 4898 quem-

299 4913 440 4969 dam
473 4930 584 4968 non
617 4911 807 4968 solum
841 4912 912 4966 ab
941 4914 1096 4966 omni
1132 4914 1286 4967 malo
1319 4911 1603 4978 liberavit,
1645 4915 1742 4968 sed
1779 4933 1811 4969 a
1838 4932 1962 4970 ma-

302 5001 486 5073 lignis
517 5001 859 5056 hominibus
887 5000 1202 5071 separavit,
1235 5005 1292 5054 et
1335 5000 1461 5055 ideo
1493 5002 1804 5056 audiamus
1865 5004 1963 5057 ubi

301 5091 652 5145 conﬁteatur
685 5089 948 5144 Domino.
982 5089 1126 5144 Nam
1181 5089 1415 5161 inquit:
1477 5088 1786 5158 Conﬁtebor
1839 5091 1964 5155 tibi,

305 5181 557 5245 Domine,
594 5180 654 5233 in
679 5182 784 5233 toto
813 5177 971 5233 corde
1001 5195 1139 5233 meo.
1178 5181 1244 5233 Et
1277 5184 1338 5233 ut
1380 5179 1676 5244 conﬁtear,
1715 5195 1812 5233 ero
1871 5179 1965 5233 hic

298 5270 363 5323 in.
387 5268 616 5322 consilio
637 5267 936 5338 justorum,
964 5271 1025 5320 ut
1047 5267 1282 5321 tandem
1307 5267 1416 5321 sim
1451 5269 1510 5321 in
1544 5269 1967 5338 congregatione

299 5357 563 5412 illorum.
592 5355 912 5411 Consilium
941 5357 1211 5423 iustorum
1243 5361 1351 5420 est,
1389 5373 1502 5409 non
1529 5356 1694 5426 sequi
1756 5355 1963 5411 volun-

305 5450 462 5501 tates
495 5462 652 5511 suas,
689 5445 787 5499 sed
813 5445 1140 5499 voluntates
1174 5443 1423 5498 Domini.
1459 5445 1518 5498 In
1577 5461 1692 5515 quo
1739 5446 1968 5501 consilio

303 5533 412 5608 qui
447 5533 541 5588 hic
578 5533 872 5588 invenitur
893 5535 950 5588 in
969 5536 1395 5605 congregatione
1415 5534 1698 5603 justorum
1731 5534 1966 5590 tandem

307 5623 650 5697 recipietur.
680 5621 781 5678 Vel
813 5623 934 5679 sic:
975 5644 996 5673 ι
1033 5621 1363 5678 Conﬁtebor
1394 5619 1520 5692 tibi,
1581 5620 1844 5694 Domino,
1905 5623 1963 5680 in

607 5749 870 5813 PATROL.
917 5749 1180 5813 CXXXI.

2068 4650 2221 4720 quod
2257 4648 2513 4701 minatus
2543 4652 2650 4714 est,
2687 4669 2711 4693 ‹‹
2750 4651 2943 4699 manet
2967 4646 3023 4698 in
3048 4643 3322 4698 sreculum
3347 4645 3561 4699 saeculi.
3599 4645 3716 4700 Me-

2072 4739 2314 4794 moriam
2353 4735 2484 4791 fecit
2504 4733 2860 4789 mirabilium
2886 4749 3130 4787 suorum
3156 4734 3486 4788 misericors
3508 4740 3564 4789 et
3609 4734 3718 4790 mi-

2072 4833 2294 4882 serator
2325 4825 2622 4887 Dominus,
2649 4838 2840 4877 escam
2865 4821 3025 4875 dedit
3055 4822 3400 4878 timentibus
3420 4841 3499 4878 se.
3529 4848 3548 4874 ι
3575 4824 3722 4886 Quia

2072 4917 2216 4970 dixit
2237 4914 2658 4970 confessionem
2695 4929 2841 4981 opus
2862 4912 2989 4981 ejus
3021 4929 3169 4976 esse,
3194 4918 3258 4966 ut
3289 4913 3545 4967 sciamus
3569 4911 3723 4966 unde

2073 5004 2357 5059 confessio
2382 5002 2652 5073 procedat
2674 5001 3010 5071 subjungit:
3037 5002 3172 5071 quia
3188 5003 3497 5056 misericors
3518 5007 3607 5055 est
3627 5001 3725 5055 Do-

2075 5095 2258 5147 minus
2289 5093 2346 5144 in
2382 5089 2708 5161 promissis,
2741 5093 2791 5143 et
2821 5090 3181 5144 miseratorin
3215 5089 3564 5144 exhibendis
3598 5105 3726 5159 quae

2073 5179 2364 5251 promisit,
2399 5178 2725 5234 Memoriam
2756 5177 2927 5231 faciet
2967 5179 3316 5231 mirabilium
3365 5194 3611 5244 suorum,
3668 5176 3726 5230 id

2078 5274 2188 5336 est,
2216 5267 2525 5322 memorari
2552 5265 2687 5319 facit
2718 5282 2856 5320 suos
2885 5281 3011 5336 quae
3032 5265 3168 5320 olim
3208 5266 3263 5318 in
3299 5268 3483 5338 ﬁgura
3505 5265 3732 5321 contin-

2079 5359 2312 5429 gebant,
2347 5360 2402 5409 et
2435 5355 2491 5408 in
2527 5352 2641 5408 illis
2674 5353 2970 5407 attendere
2993 5369 3120 5422 qua:
3143 5353 3487 5424 spiritaliter
3525 5355 3582 5408 in
3615 5354 3728 5408 ﬁne

2078 5453 2408 5516 temporum
2441 5441 2789 5514 complenda
2818 5449 3002 5496 erant.
3038 5443 3105 5496 Et
3136 5442 3388 5513 qualiter
3421 5443 3527 5498 hoc
3587 5443 3732 5497 ﬁet?

2079 5537 2265 5589 Escam
2299 5533 2445 5586 dedit
2474 5531 2791 5585 timentibus
2836 5547 2910 5593 se,
2971 5531 3236 5585 videlicet
3279 5549 3404 5602 quas
3458 5549 3572 5586 non
3606 5547 3731 5585 cor-

2078 5622 2396 5697 rumpitur,
2423 5636 2632 5696 panem
2655 5618 2822 5675 illum
2846 5618 2946 5692 qui
2971 5620 3039 5676 de
3061 5620 3202 5676 coelo
3222 5621 3398 5688 venit,
3419 5637 3489 5676 ex
3513 5637 3625 5692 quo
3648 5635 3735 5678 re-

3372 5749 3451 5814 23
