4024 6192
401 383 518 452 715

965 396 1265 457 REMlGll
1311 397 2027 459 ANTISSIODORENSI:

2152 397 2280 457 ῬΡ.
2329 397 2530 458 PARS
2575 397 2624 456 Ι.
2656 427 2734 444 --
2759 393 3226 456 EXEGETICA.

3671 381 3815 454 πθ

397 513 680 606 ficiuntur
700 527 959 598 quotidie
990 528 1189 584 ﬁdeles
1207 534 1263 585 et
1291 529 1483 586 refecti
1514 531 1848 603 intelligunt
1873 529 2042 586 mira-
2071 531 2124 596 Α
2155 531 2401 586 terribile
2419 528 2636 600 impiis.
2663 552 2689 578 «
2713 528 2952 583 Initium
2976 527 3273 599 sapientiae
3297 525 3475 581 timor
3495 524 3757 580 Domini.
3782 548 3814 574 »

397 613 539 670 bilia
561 616 810 670 Domini.

467 703 664 760 Memor
685 707 792 759 erit
822 707 885 760 in
914 698 1510 764 saeculumqlestamenti
1529 711 1635 764 sui.
1663 708 1839 774 Quasi
1863 707 2044 763 dicat:

398 793 531 848 Ideo
562 793 707 849 dedit
727 811 906 849 escam
933 798 1251 852 timentibus
1295 814 1370 863 se,
1403 799 1541 868 quia
1585 814 1794 852 memor
1825 797 1933 851 fuit
1965 801 2046 851 te-

397 885 656 938 stamenti
670 885 758 938 sui
781 886 838 938 in
861 887 1141 952 saeculum,
1161 886 1382 941 scilicet
1403 887 1769 952 extendendi,
1793 884 1952 940 illius
1976 890 2047 940 te-

396 974 654 1028 stamenti
685 972 969 1041 videlicet,
1004 975 1157 1044 quod
1189 975 1246 1029 in
1279 976 1501 1031 semine
1532 975 1776 1030 Abrahae
1806 974 2044 1030 benedi-

399 1061 591 1116 cendae
622 1066 818 1117 essent
839 1079 1041 1118 omnes
1063 1068 1266 1134 gentes
1298 1065 1449 1135 (Gen.
1483 1069 1622 1129 xxn)
1649 1079 1660 1118 :
1709 1087 1736 1111 ‹‹
1768 1064 2043 1118 virtutem

397 1165 637 1220 operum
671 1167 913 1205 suorum
946 1152 1316 1208 annuntiabit
1345 1152 1561 1224 populo
1602 1170 1726 1207 suo.
1766 1176 1786 1204 ι
1851 1152 2043 1223 Popu—

396 1237 489 1293 lus
523 1238 755 1294 Domini
787 1244 927 1294 sunt
956 1240 1015 1294 hi
1066 1242 1163 1312 qui
1223 1241 1279 1296 in
1340 1243 1564 1296 occulto
1622 1245 1760 1295 sunt
1815 1239 2039 1306 Judmi;

397 1325 528 1380 istis
552 1327 896 1382 annuntiata
926 1332 1015 1382 est
1035 1328 1220 1382 virtus
1243 1328 1496 1394 Domini,
1531 1328 1668 1398 quia
1708 1326 2044 1398 spiritaliter

393 1415 757 1470 intellectum
790 1417 848 1470 in
874 1416 990 1485 his,
1026 1434 1154 1488 quin
1180 1417 1319 1472 olim
1352 1417 1410 1470 in
1459 1418 1645 1488 ﬁgura
1703 1416 1852 1470 facta
1905 1419 2044 1470 sunt

392 1505 439 1576 (ι
469 1505 587 1560 Cor.
621 1506 698 1576 Χ),
728 1511 1088 1577 receperunt,
1113 1507 1269 1576 quia,
1294 1523 1394 1576 per
1416 1523 1574 1561 mare
1602 1505 1862 1560 Rubrum
1885 1505 2040 1574 quod

392 1593 772 1661 transierunt,
797 1594 1158 1666 baptismum
1182 1593 1610 1650 intellexerunt.
1637 1593 1753 1665 Ipsi
1776 1592 2043 1648 exierunt

393 1681 463 1735 de
493 1683 734 1753 Aigypto
758 1699 861 1754 per
883 1699 1040 1737 mare
1066 1683 1350 1750 Rubrum,
1379 1701 1484 1738 nos
1507 1683 1789 1737 exivimus
1811 1683 1882 1735 de
1935 1699 2037 1736 sre-

393 1769 522 1824 culo
555 1787 656 1841 per
685 1771 1068 1842 baptismum.
1097 1772 1213 1843 Ipsi
1247 1772 1819 1827 circumcidebantur
1848 1787 2039 1835 carne,

391 1876 497 1914 nos
531 1860 1012 1915 circumcidimur
1043 1861 1484 1916 circumcisione
1519 1877 1629 1914 non
1684 1861 2036 1914 manufacta.

391 1949 505 2018 Ipsi
537 1965 809 2021 gressum
831 1951 1147 2004 Sabbatum
1180 1949 1637 2014 celebraverunt,
1671 1965 1776 2004 nos
1820 1948 2036 2003 Sabba-

390 2041 516 2091 tum
547 2037 863 2093 delicatum
891 2056 902 2092 :
930 2055 1056 2110 quae
1074 2039 1273 2094 omnia
1303 2043 1441 2093 sunt
1471 2039 1647 2092 decus
1669 2053 1911 2109 operum
1936 2037 2042 2093 Do-

390 2125 556 2197 mini,
615 2126 700 2181 vel
765 2128 948 2182 virtus
1006 2144 1232 2199 operum
1290 2143 1532 2194 suorum,
1586 2144 1710 2198 quae
1769 2130 2041 2197 operatur

390 2213 450 2269 in
480 2214 605 2271 suis
638 2215 804 2282 velle,
838 2220 894 2271 et
946 2233 1048 2288 pro
1111 2218 1264 2272 bona
1316 2216 1612 2272 voluntate
1673 2231 2039 2286 perseverare

389 2303 619 2377 (Philip.
653 2306 737 2376 η).
764 2307 923 2371 Quod
957 2307 1264 2361 annuntiat
1292 2323 1424 2361 cum
1448 2305 1619 2360 dicit:
1656 2304 1812 2370 «Qui
1845 2319 2037 2376 perse-

387 2394 669 2450 veraverit
691 2412 878 2466 usque
900 2396 959 2449 in
983 2396 1182 2459 tinem,
1218 2395 1310 2450 hic
1341 2394 1539 2450 salvus
1571 2393 1680 2449 erit
1737 2393 1943 2464 (Matth.
2003 2410 2038 2447 Χ

386 2488 440 2537 et
474 2485 650 2544 xx1v).
685 2504 712 2531 ››
748 2505 775 2531 ‹‹
804 2483 1091 2538 Virtutem
1121 2500 1363 2554 operum
1393 2500 1634 2538 suorum
1665 2480 2039 2537 annuntiabit

389 2570 604 2640 populo
636 2586 762 2624 suo.
797 2593 824 2619 ››
858 2572 942 2624 Ad
973 2570 1080 2625 hoc
1112 2571 1396 2639 videlicet,
1458 2580 1518 2626 ut
1545 2571 1630 2624 det
1687 2571 1801 2625 illis
1860 2571 2035 2626 Ιιετνεη

391 2656 638 2721 ditatem,
671 2657 725 2710 id
748 2661 856 2724 est,
876 2658 1036 2728 ipsas
1067 2663 1267 2729 gentes
1288 2658 1497 2712 imitari
1524 2659 1695 2713 faciet
1752 2657 2034 2729 populum

328 2791 342 2803 .
387 2749 674 2813 suum,‘_et
705 2745 788 2800 sic
821 2747 1071 2801 adducat
1103 2745 1246 2800 alias
1279 2763 1408 2801 oves
1439 2763 1565 2817 quae
1599 2763 1712 2801 non
1773 2750 1912 2800 sunt
1966 2762 2034 2800 ex

385 2833 494 2889 hoc
527 2833 663 2889 ovili
693 2835 878 2902 (Joan.
914 2835 991 2905 x).

460 2924 522 2978 Ut
553 2921 639 2977 det
672 2924 786 2977 illis
807 2924 1176 2978 haeredita-lem
1195 2925 1458 2994 gentium,
1482 2923 1635 2990 illos,
1660 2923 1807 2992 dico,
1831 2923 1888 2977 in
1911 2923 2034 2994 qui-

367 3009 671 3080 busisunt
700 3028 863 3082 opera
890 3029 1162 3066 manuum
1192 3014 1328 3084 ejus,
1355 3013 1474 3066 haec
1498 3011 1784 3082 videlicet,
1835 3014 2033 3067 veritas

385 3103 438 3153 et
455 3099 751 3170 judicium.
784 3101 929 3156 Nam
955 3102 1246 3172 operando
1268 3102 1324 3155 in
1342 3102 1424 3157 eis
1444 3102 1742 3156 veritatem
1767 3108 1822 3156 et
1870 3101 2031 3171 judi-

387 3189 566 3257 cium,
601 3188 738 3244 facit
765 3207 862 3246 eos
893 3191 1133 3246 idoneos
1165 3191 1378 3247 habere
1409 3196 1610 3263 gentes
1631 3191 1690 3245 in
1728 3190 2030 3246 haeredita-

2157 620 2303 682 Quia
2331 618 2477 674 dixit
2503 635 2515 672 :
2551 616 2997 673 «misericordia
3021 615 3253 671 Domini
3285 614 3636 670 timentibus
3659 632 3722 670 se
3745 631 3812 668 »ε

2155 708 2253 762 ubi
2287 706 2679 762 intelleximus
2710 707 2930 761 Novum
2963 707 3428 775 Testamentum,
3477 721 3590 758 non
3624 704 3814 759 Vetus

2156 797 2309 868 quod
2341 797 2412 850 ad
2431 795 2633 850 horam
2667 795 2932 867 patribus
2964 794 3181 848 nostris
3230 794 3340 847 fuit
3398 794 3683 865 positum,
3735 809 3816 848 ne

2155 885 2286 957 quis
2321 885 2446 939 ideo
2481 889 2710 956 putaret
2738 883 2924 955 legem
2949 883 3242 955 superflue
3274 881 3492 948 datam,
3545 881 3815 936 ostendit

2154 973 2307 1044 quod
2329 973 2419 1027 lex
2441 972 2646 1028 valeat.
2674 970 2849 1036 Quasi
2868 971 3050 1026 dicat:
3076 970 3668 1026 licetTestamentum
3695 969 3815 1025 Νο-

2152 1080 2286 1118 vum
2319 1063 2374 1116 in
2409 1067 2689 1117 mternum
2713 1061 2789 1114 sit
2810 1060 3244 1124 confirmatum,
3266 1068 3455 1114 tamen
3483 1057 3688 1113 nullus
3710 1059 3814 1129 ju-

2151 1152 2305 1206 dicet
2324 1150 2511 1223 legem
2536 1165 2977 1221 supervacuam,
3012 1149 3151 1219 quia
3175 1149 3338 1203 timor
3359 1148 3583 1202 Domini
3603 1163 3710 1219 per
3733 1146 3817 1203 le-

2151 1257 2281 1312 gem
2315 1240 2649 1294 notiﬁcatus
2672 1242 2776 1293 est.
2799 1239 3036 1292 Initium
3063 1238 3377 1308 sapientia”,
3413 1236 3469 1290 id
3501 1241 3612 1301 est,
3639 1237 3812 1291 bene

2151 1329 2299 1395 vitae,
2325 1332 2403 1383 est
2426 1330 2591 1382 timor
2619 1328 2860 1394 Domini,
2890 1325 3028 1397 quia
3049 1326 3257 1381 timore
3289 1342 3466 1397 poma:
3511 1325 3689 1380 debet
3715 1326 3813 1380 in-

2151 1419 2341 1489 cipere
2372 1415 2618 1488 quisque
2637 1416 2781 1471 bene
2813 1414 3060 1486 operari,
3094 1419 3158 1468 ut
3205 1415 3440 1468 tandem
3486 1413 3810 1485 perlectius

2150 1511 2418 1578 operetur
2467 1521 2682 1572 arnore,
2736 1520 2848 1558 non
2909 1520 2977 1558 ex
3033 1504 3261 1572 timore,
3314 1503 3454 1573 quia
3494 1503 3812 1574 perfecta»

2150 1595 2405 1649 charitas
2457 1595 2610 1649 foras
2663 1591 2840 1647 mittit
2896 1592 3165 1647 timorem
3217 1592 3264 1661 (1
3290 1597 3462 1647 Joan.
3496 1592 3574 1658 1x)
3611 1609 3625 1646 :
3663 1614 3690 1640 ››
3753 1595 3816 1646 et

2149 1683 2243 1738 hic
2274 1706 2299 1732 «
2328 1681 2655 1738 intellectus
2689 1704 2715 1730 ››
2739 1687 2826 1736 est
2857 1704 2883 1730 ‹‹
2919 1681 3109 1736 bonus
3141 1680 3416 1736 omnibus
3452 1679 3811 1736 facientibus

2148 1789 2305 1840 eum,
2343 1796 2362 1820 »
2399 1771 2457 1826 id
2487 1775 2594 1839 est,
2615 1753 3005 1842 loperantibus
3033 1768 3358 1824 secundum
3382 1768 3540 1823 hunc
3571 1768 3814 1823 intelle-

2149 1865 2411 1927 ctum,et
2441 1883 2469 1910 «
2494 1858 2754 1914 laudatio
2777 1859 2925 1929 ejus,
2979 1879 3007 1906 ››
3060 1857 3117 1912 id
3177 1863 3286 1927 est,
3346 1857 3429 1912 sic
3480 1859 3814 1929 operantis,

2149 1973 2176 1999 α
2211 1953 2408 2005 manet
2430 1949 2487 2003 in
2521 1946 2801 2004 saeculum
2827 1946 3041 2013 saeculi,
3078 1967 3104 1994 ››
3130 1963 3243 2002 non
3275 1947 3346 2001 ad
3370 1947 3576 2001 horam
3597 1946 3814 2002 videli-

2149 2044 2257 2106 cet,
2291 2039 2422 2110 quia
2451 2054 2620 2092 nemo
2646 2053 2708 2092 se
2731 2035 2971 2091 laudare
3002 2039 3165 2107 putet
3196 2034 3296 2106 qui
3319 2035 3389 2089 ad
3433 2034 3644 2090 horam
3677 2045 3819 2091 tan-

2148 2131 2274 2182 tum
2306 2126 2522 2183 laudat.

2722 2213 3048 2269 PSALMUS
3088 2213 3223 2269 CXI.

2270 2321 2560 2360 ALLELUIA.
2603 2318 2970 2358 REVERSIONIS
3009 2319 3194 2357 AGGiEI
3243 2319 3310 2356 ET
3354 2319 3669 2358 ZACHARI.£.

2220 2417 2248 2444 ‹‹
2281 2394 2494 2450 Beatus
2514 2394 2600 2446 vir
2620 2393 2718 2464 qui
2740 2391 2908 2447 timet
2927 2391 3330 2459 Dominum,in
3351 2391 3646 2447 mandatis
3667 2393 3808 2463 ejus

2147 2506 2175 2533 ‹‹
2210 2481 2362 2538 volet
2388 2481 2585 2537 nimis.
2606 2481 2816 2536 Potens
2843 2479 2900 2533 in
2933 2484 3086 2535 terra
3107 2479 3216 2534 erit
3237 2495 3438 2535 semen
3457 2481 3602 2550 ejus,
3628 2497 3814 2553 gene-

2147 2596 2174 2622 ‹‹
2210 2571 2356 2627 ratio
2379 2576 2672 2627 rectorum
2695 2569 3090 2625 benedicatur.
3124 2567 3321 2624 Gloria
3367 2572 3426 2624 et
3483 2569 3691 2624 divitia:
3741 2571 3808 2626 in

2147 2683 2174 2708 ‹‹
2210 2661 2382 2715 domo
2414 2661 2562 2731 ejus,
2597 2657 2906 2729 etjustitia
2933 2658 3060 2728 ejus
3091 2661 3288 2712 manet
3310 2659 3368 2713 in
3393 2657 3667 2712 saeculum
3693 2677 3813 2714 sa-

2147 2770 2175 2796 ‹‹
2207 2748 2338 2803 culi.
2367 2749 2642 2802 Exortum
2663 2753 2754 2803 est
2776 2747 2832 2801 in
2855 2747 3109 2802 tenebris
3130 2745 3330 2801 lumen
3354 2746 3548 2813 rectis,
3572 2748 3814 2802 miseri-

2145 2860 2172 2886 ‹‹
2208 2853 2337 2892 cors
2367 2841 2423 2892 et
2455 2837 2760 2892 miserator
2786 2836 3079 2906 etjustus.
3108 2835 3418 2890 Jucundus
3460 2835 3634 2892 homo
3688 2839 3812 2907 qui

2148 2947 2174 2974 ι(
2207 2925 2582 2980 misereturet
2603 2926 2955 2989 commodat,
2975 2924 3557 2996 disponetsermones
3579 2942 3722 2981 suos
3743 2927 3812 2982 in

2151 3013 2440 3085 «judicio,
2477 3013 2694 3085 quiain
2726 3018 3008 3068 aeternum
3040 3029 3154 3067 non
3187 3013 3661 3069 commovebitur.
3731 3014 3811 3070 In

2147 3127 2166 3151 «
2205 3103 2714 3158 memoriamterna
2731 3103 3074 3173 eritjustus,
3096 3102 3168 3156 ab
3189 3101 3476 3156 auditione
3496 3101 3810 3160 malanon

2143 3215 2170 3242 ‹‹
2199 3191 2446 3248 timebit.
2482 3197 2757 3247 Paratum
2780 3209 2878 3246 cor
2897 3192 3024 3261 ejus
3046 3207 3269 3263 sperare
3289 3190 3343 3243 in
3365 3188 3805 3256 Domino,con-

384 3282 524 3348 tem,
559 3279 698 3351 quia
728 3303 755 3330 ‹‹
789 3281 981 3336 omnis
1013 3281 1111 3353 qui
1144 3281 1280 3336 facit
1307 3281 1630 3347 veritatem,
1662 3279 1819 3335 venit
1840 3280 1909 3335 ad
1941 3279 2029 3334 lu-
2063 3258 2105 3324 (ἶ
2145 3304 2172 3330 ‹‹
2210 3282 2506 3336 ﬁrmatum
2538 3285 2626 3336 est
2646 3297 2741 3336 cor
2771 3282 2918 3352 ejus,
2942 3297 3058 3335 non
3098 3277 3542 3336 commovebitur
3594 3279 3810 3337 donec

391 3388 517 3428 cem
549 3371 730 3442 (Joan.
763 3371 868 3441 ιιι),
899 3392 926 3421 ››
962 3375 1017 3426 et
1045 3371 1258 3441 dignus
1311 3375 1398 3425 est
1453 3369 1804 3425 imitatione:
1868 3369 2032 3424 simi-

389 3460 522 3516 liter
549 3465 605 3515 et
630 3460 730 3531 qui
762 3459 900 3515 facit
923 3459 1234 3528 judicium.
1264 3459 1426 3513 Unde
1474 3458 1727 3520 Paulus:
1781 3481 1808 3509 «
1869 3459 2031 3523 Quod

390 3549 440 3604 si
470 3549 860 3619 nosmetipsos
885 3548 1311 3618 judicaremus,
1341 3565 1457 3602 non
1490 3547 1690 3619 utique
1732 3547 2028 3618 judicare-

393 3655 525 3694 mur
549 3640 598 3708 (Ι
618 3639 735 3694 Cor.
757 3639 841 3708 11),
869 3660 894 3687 ››
919 3660 945 3685 ‹‹
971 3654 1147 3709 Opera
1169 3655 1450 3692 manuum
1475 3638 1621 3707 ejus,
1641 3637 1850 3692 veritas
1870 3638 2030 3706 etju-

384 3727 622 3783 dicium.
659 3750 687 3777 »
720 3727 852 3790 Quae
885 3728 1022 3793 duo,
1060 3729 1255 3782 veritas
1285 3731 1336 3781 et
1365 3727 1652 3796 judicium,
1685 3743 1800 3780 non
1859 3731 2030 3781 erunt

381 3817 823 3884 irremunerata,
849 3817 986 3886 quia
1006 3817 1193 3886 ﬁdelia
1223 3820 1360 3870 sunt
1388 3816 1574 3869 omnia
1601 3815 1866 3869 mandata.
1886 3817 2024 3885 ejus,

381 3906 652 3960 videlicet
677 3905 970 3960 neminem
1005 3904 1282 3974 fallentia,
1319 3909 1709 3969 remunerate,
1741 3907 1881 3958 sunt
1899 3920 2024 3958 con-

378 3993 597 4062 ﬁrmata
635 4009 761 4048 esse
791 3993 1058 4048 videlicet
1078 3993 1506 4049 remunerando.
1547 3995 1605 4046 in
1627 3993 1892 4048 saeculum
1919 4007 2023 4049 sae-

379 4081 498 4136 culi
526 4081 704 4151 hujus
725 4081 1184 4150 subsecutivum,
1211 4106 1238 4131 «
1259 4083 1409 4136 facta
1431 4082 1488 4136 in
1515 4081 1753 4136 veritate
1770 4087 1826 4135 et
1846 4081 2021 4150 requi-

378 4175 518 4226 tate.
553 4193 574 4222 ι
615 4169 732 4224 Hoc
761 4186 958 4224 verum
991 4175 1079 4224 est
1109 4176 1162 4224 et
1195 4188 1424 4240 aaquum
1457 4176 1522 4225 ut
1554 4170 1644 4224 hic
1702 4170 2018 4236 laboretur,

385 4259 548 4316 et'ibi
583 4259 934 4331 quiescatur.
970 4256 1072 4312 Vel
1099 4262 1245 4329 [acta
1266 4263 1400 4313 sunt
1434 4260 1494 4312 in
1518 4261 1742 4314 veritate
1770 4269 1822 4314 et
1849 4260 2019 4329 aequi-

373 4355 502 4406 tate.
536 4350 685 4406 Vera
704 4350 947 4420 {equitas
971 4353 1078 4413 est,
1114 4365 1225 4403 non
1260 4347 1362 4402 illa
1392 4365 1568 4419 quam
1620 4348 1709 4403 lex
1767 4349 2018 4403 admini-

368 4445 534 4507 strat,
569 4441 705 4496 dare
739 4461 766 4490 «
790 4439 1022 4494 oculum
1047 4455 1148 4510 pro
1171 4436 1357 4502 oculo,
1383 4441 1438 4492 et
1459 4438 1690 4493 dentem
1722 4455 1824 4510 pro
1847 4439 2019 4495 dente

368 4517 558 4601 (Exod.
590 4530 709 4600 XX!)
743 4546 805 4582 ηε
841 4529 940 4584 sed
974 4528 1072 4583 illa
1103 4532 1192 4583 est
1222 4543 1356 4583 vera
1386 4527 1628 4599 aequitas
1671 4544 1847 4599 quam
1906 4529 2016 4584 Do-

2146 3394 2172 3422 α
2194 3370 2757 3443 despiciatinimicos
2775 3368 3246 3440 suos.Dispersit,
3262 3367 3416 3423 dedit
3429 3369 3804 3440 pauperibus

2144 3485 2171 3512 «
2188 3462 2422 3532 justitia
2443 3462 2568 3532 ejus
2593 3464 2787 3516 manet
2808 3461 2867 3514 in
2889 3459 3166 3516 saeculum
3191 3457 3406 3528 saeculi,
3440 3475 3619 3514 cornu
3663 3461 3800 3531 ejus

2142 3575 2168 3600 ‹‹
2199 3551 2550 3606 exaltabitur
2573 3551 2629 3604 in
2647 3549 2846 3623 gloria.
2874 3554 3144 3605 Peccator
3164 3548 3381 3603 videbit
3402 3553 3458 3603 et
3483 3547 3792 3615 irascetur,

2143 3662 2169 3687 ‹‹
2204 3640 2477 3694 dentibus
2508 3638 2632 3694 suis
2665 3639 2871 3694 fremet
2899 3642 2956 3694 et
2975 3639 3252 3704 tabescet,
3277 3636 3627 3693 desiderium
3647 3653 3791 3708 pec-

2147 3747 2166 3776 α
2201 3732 2463 3784 catorum
2496 3727 2726 3799 peribit.
2764 3750 2792 3776 ››

2293 3831 2296 3834 ’
2753 3817 3150 3872 ENARRATIO.

2206 3907 2486 3961 Alleluia:
2516 3907 2836 3961 reversionis
2861 3907 3055 3978 Aggaei
3083 3914 3134 3960 et
3161 3905 3471 3961 Zachariae.
3515 3905 3573 3959 lli
3631 3903 3776 3970 duo,

2134 3998 2378 4067 Aggzeus
2400 3994 2662 4050 videlicet
2687 3999 2742 4049 et
2769 3994 3095 4062 Zacharias,
3158 3993 3394 4049 fuerunt
3450 3994 3556 4048 sub
3606 3992 3790 4048 Dario

2135 4099 2268 4156 rege
2285 4083 2613 4157 Babylonis,
2637 4088 2694 4138 et
2714 4081 2938 4155 impleti
2962 4086 3101 4138 sunt
3129 4083 3349 4154 Spiritu
3373 4088 3571 4138 sancto
3594 4087 3660 4137 ut
3691 4083 3796 4138 in-

2133 4173 2390 4244 ciperent
2408 4172 2753 4244 prophetare
2776 4187 2843 4226 ea
2864 4188 2990 4242 quia
3013 4173 3085 4227 ad
3111 4171 3542 4227 renovationem
3574 4171 3800 4245 templi

2131 4262 2502 4333 pertinerent.
2537 4261 2648 4316 Sed
2681 4261 2958 4331 quoniam
2982 4276 3112 4332 quae
3138 4260 3218 4314 ibi
3257 4259 3570 4315 carnaliter
3621 4267 3806 4333 gesta

2130 4355 2268 4406 sunt
2289 4356 2487 4423 postea
2516 4349 2833 4420 adimpleta
2853 4354 2992 4405 sunt
3012 4350 3070 4404 in
3105 4349 3398 4416 ﬁdelibus,
3431 4366 3544 4404 non
3581 4349 3805 4406 incon-

2129 4457 2271 4513 grue
2302 4438 2586 4511 templum
2629 4438 2861 4493 Domini
2915 4437 3115 4494 ﬁdeles
3172 4438 3558 4510 accipiuntur.
3623 4438 3808 4496 Unde

2127 4530 2315 4584 illud:
2376 4529 2652 4600 Templum
2705 4528 2802 4583 Dei
2854 4531 3102 4582 sanetum
3159 4536 3236 4583 est
3294 4527 3433 4598 quod
3497 4529 3643 4582 esti:
3710 4546 3810 4585 vos

367 4621 565 4673 minus
617 4617 749 4674 fecit
779 4623 836 4673 et
893 4619 1089 4673 docuit
1144 4618 1279 4688 (Act.
1338 4618 1400 4688 1),
1464 4617 1700 4672 reddere
1752 4616 2018 4673 videlicet
2049 4630 2093 4694 D
2127 4621 2170 4692 (ι
2200 4620 2319 4674 Cor.
2342 4618 2487 4689 xm).
2513 4622 2579 4672 Et
2595 4617 2871 4689 quoniam
2893 4617 2950 4671 in
2974 4617 3151 4688 hujus
3172 4615 3376 4689 templi
3398 4616 3810 4674 aediﬁcatione

366 4708 584 4762 bonum
618 4725 720 4778 pro
744 4708 917 4762 malo.
953 4707 1258 4778 Undeipse
1276 4705 1560 4760 Dominus
1586 4706 1641 4759 in
1669 4706 2012 4776 Evangelio:

365 4819 393 4847 «
417 4795 696 4862 Audistis,
717 4798 915 4867 inquit,
939 4797 1077 4868 quia
1098 4797 1377 4867 scriptum
1396 4800 1502 4860 est,
1529 4794 1734 4866 diliges
1758 4795 2013 4851 amicum

363 4891 555 4951 tuum,
588 4889 644 4940 et
671 4887 802 4940 odio
834 4885 1076 4941 habebis
1099 4885 1402 4941 inimicum
1430 4890 1616 4939 tuum.
1651 4886 1767 4956 Ego
1817 4890 2010 4941 autem

361 4976 491 5031 dico
504 4974 687 5038 vobis,
705 4975 1023 5030 benefacite
1037 4975 1127 5030 his
1142 4974 1238 5046 qui
1256 4976 1612 5029 oderuntvos
1630 4974 1836 5044 (Matth.
1870 4977 1926 5042 ν)
1943 4992 1955 5029 :
1981 4997 2007 5025 »

366 5085 393 5114 ‹‹
426 5067 575 5119 facta
603 5065 660 5118 in
695 5064 932 5119 veritate
964 5068 1019 5118 et
1049 5065 1317 5134 azquitate
1352 5080 1416 5118 »:
1452 5067 1507 5118 et
1547 5079 1673 5134 qua:
1732 5080 1832 5134 per
1891 5063 2011 5118 haec

359 5153 558 5208 omnia
573 5154 753 5208 fient?
772 5177 798 5202 ‹‹
823 5153 1294 5225 Redemptionem
1320 5152 1480 5206 misit
1497 5152 1780 5207 Dominus
1795 5152 2008 5224 populo

357 5260 484 5310 suo,
520 5267 541 5294 υ
580 5243 791 5297 Filium
825 5259 996 5298 suum
1053 5243 1321 5297 videlicet
1367 5241 1657 5296 incarnari
1721 5242 2006 5319 permisit,

356 5349 458 5404 per
484 5349 657 5403 quem
692 5332 1014 5403 redemptio
1044 5332 1285 5386 humani
1310 5330 1538 5403 generis
1561 5332 1710 5385 facta
1737 5335 1848 5398 est,
1909 5347 2009 5402 per

361 5438 557 5492 quem
593 5420 930 5476 «mandavit
960 5421 1017 5475 in
1049 5427 1331 5477 aeternum
1355 5425 1770 5475 testamentum
1807 5437 2003 5474 suum.

356 5511 634 5564 Sanctum
666 5514 722 5563 et
749 5509 1006 5565 terribile
1040 5528 1248 5564 nomen
1305 5510 1452 5580 ejus.
1517 5533 1544 5557 ι)
1601 5512 1863 5564 Sanctum
1919 5514 2008 5565 est

354 5613 555 5651 nomen
584 5597 836 5668 Domini,
859 5599 1211 5669 inquantum
1241 5599 1396 5654 Deus
1440 5603 1550 5664 est,
1586 5599 1860 5665 terribile,
1916 5599 2003 5652 in-

361 5687 646 5756 quantum
663 5683 846 5755 judex
865 5687 1099 5744 futurus
1124 5691 1230 5744 est.
1263 5684 1366 5742 Vel
1413 5688 1663 5742 sanctum
1721 5691 1810 5742 est
1867 5686 2001 5762 piis,

2126 4708 2323 4763 nullus
2354 4707 2678 4763 assumitur
2709 4705 2821 4760 nisi
2854 4705 3080 4772 beatus,
3111 4706 3367 4762 ostendit
3425 4705 3599 4761 nobis
3651 4706 3809 4762 Pro-

2127 4798 2300 4870 pheta
2320 4796 2571 4868 qualiter
2613 4795 2908 4850 beatitudo
2967 4796 3044 4849 sit
3090 4795 3520 4868 consequenda,
3573 4796 3811 4852 exhor-

2123 4888 2301 4942 tando
2324 4903 2428 4940 nos
2453 4890 2518 4940 ut
2538 4885 2961 4940 beatitudinem
2985 4901 3436 4956 consequamur,
3468 4889 3522 4939 et
3545 4884 3611 4938 in
3639 4891 3810 4942 tem-

2123 4976 2216 5048 plo
2246 4973 2476 5031 Domini
2497 4974 2604 5028 vivi
2630 4973 2853 5045 lapides
2877 4974 3379 5046 compaginemur.
3405 4973 3558 5029 Dicit
3579 4981 3809 5032 autem

2122 5065 2203 5120 sic
2229 5082 2240 5118 :

2193 5177 2218 5203 ι(
2251 5153 2461 5207 Beatus
2479 5150 2564 5206 vir
2585 5150 2684 5222 qui
2707 5151 2873 5206 timet
2891 5151 3226 5220 Dominum,
3253 5153 3314 5207 in
3338 5151 3644 5208 mandatis
3661 5156 3809 5226 ejus

2118 5242 2269 5298 volet
2300 5240 2495 5296 nimis.
2533 5243 2562 5289 ἱ)
2594 5239 2771 5302 Quasi
2803 5241 2998 5296 dicat:
3041 5241 3196 5297 Beati
3231 5241 3354 5296 ﬁeri
3411 5256 3623 5296 omnes
3691 5259 3810 5298 cu-

2118 5333 2304 5404 piunt.
2356 5331 2497 5385 Ecce
2555 5334 2761 5400 praesto
2820 5329 3037 5385 habent
3085 5332 3237 5402 quod
3291 5330 3511 5394 volunt,
3569 5329 3810 5387 timeat

2117 5421 2366 5492 quisque
2390 5418 2703 5474 Dominum
2728 5423 2783 5473 et
2805 5419 2880 5473 sit
2907 5419 3131 5474 beatus.
3157 5422 3218 5475 In
3239 5419 3518 5474 mandatis
3547 5420 3684 5488 ejus
3712 5437 3809 5476 vo-

2117 5512 2186 5566 let
2216 5513 2400 5564 nimis.
2434 5509 2616 5564 Nimis
2645 5507 2788 5562 velle
2817 5524 2945 5563 esse
2972 5511 3034 5564 in
3056 5511 3332 5564 mandatis
3361 5511 3480 5578 eius
3520 5513 3612 5562 est
3644 5525 3804 5564 cum

2116 5616 2349 5654 summo
2365 5597 2653 5653 desiderio
2678 5598 2968 5666 festinare,
2996 5603 3059 5652 ut
3079 5599 3182 5654 fiat
3201 5599 3463 5655 idoneus
3484 5597 3543 5652 in
3569 5597 3807 5653 cosadi~

2114 5688 2378 5747 ﬂcatione
2395 5685 2598 5761 templi
2620 5685 2732 5745 sui.
2756 5691 2957 5746 Potens
2979 5690 3040 5746 in
3069 5693 3228 5748 terra
3246 5690 3353 5748 erit
3396 5701 3575 5748 semen
3629 5686 3804 5764 ejus.
