4024 6192
277 320 391 388 ’118

1387 303 2000 388 ENARBATIONES
2044 314 2124 382 IN
2173 323 2555 390 PSALMOS.

3557 323 3680 388 726

276 460 414 514 runt
437 471 532 514 me
554 452 783 514 dolores
804 454 1031 524 mortis,
1055 476 1084 506 »
1116 455 1174 512 id
1197 459 1304 525 est,
1330 456 1640 528 compedes
1665 453 1918 512 mortali-
1945 450 2000 516 A
2029 461 2461 513 estsanctorum
2479 462 2800 532 martyrum
2817 457 2878 513 in
2891 456 3000 514 hoc
3017 450 3674 529 psalmoinstruentium

274 547 432 617 tatis,
459 550 508 602 et
533 547 787 618 pericula
815 545 1047 620 inferni,
1065 546 1122 602 id
1153 550 1260 616 est,
1293 547 1546 602 tenebrae
1579 545 1922 618 ignorantiae

274 637 607 692 invenerunt
636 653 742 705 me,
777 635 918 690 dum
950 653 984 690 a
1012 635 1247 706 regione
1273 634 1422 690 lucis
1454 636 1511 689 in
1551 652 1666 707 qua
1698 634 1922 706 positus

275 724 636 792 fui,discessi
661 742 673 779 :
707 723 845 795 quia
875 724 923 778 si
948 723 1026 778 ibi
1047 723 1616 792 remansissem,non
1641 739 1733 777 me
1764 722 1921 777 inve-

275 814 502 869 nissent
520 813 730 868 dolores
750 814 941 868 mortis
966 811 1053 867 vel
1077 811 1416 885 ignorantiae
1447 812 1718 867 tenebrae.
1755 816 1819 865 Et
1840 811 1922 865 sic

275 920 380 976 ego
405 902 644 957 tandem
666 903 1081 957 tribulationem
1101 901 1244 956 mihi
1269 900 1468 956 utilem
1494 903 1682 955 inveni
1701 908 1752 956 et
1769 901 1920 955 dolo-

275 1008 389 1047 rem
410 990 585 1046 etiam
608 989 813 1046 utilem
837 989 982 1045 mihi
1007 992 1227 1057 inveni;
1252 1007 1364 1045 non
1389 991 1578 1044 inveni
1602 988 1920 1043 tribulatio-

274 1097 398 1136 nem
428 1097 604 1151 quam
638 1097 754 1134 non
784 1079 1097 1147 habebam,
1131 1079 1231 1135 sed
1267 1095 1414 1144 eam,
1451 1094 1630 1150 quam
1657 1077 1922 1133 nesciens

275 1169 599 1239 habebam,
646 1169 1058 1225 tribulationem
1102 1169 1261 1224 illam
1293 1169 1364 1223 de
1393 1185 1510 1238 qua
1539 1167 1760 1222 dictum
1793 1171 1917 1222 est:

280 1279 306 1312 ο
337 1263 418 1313 Da
449 1257 619 1313 nobis
651 1257 934 1313 auxilium
966 1259 1036 1312 de
1065 1257 1443 1313 tribulatione
1495 1256 1670 1328 (Psal.
1723 1257 1854 1325 Lix).
1895 1278 1914 1303 ι»

273 1349 465 1404 Inveni
495 1347 668 1402 etiam
701 1346 943 1403 dolorem
982 1345 1215 1408 utilem,
1268 1346 1405 1417 quia
1452 1361 1585 1399 cum
1639 1345 1920 1416 putabam

272 1435 595 1492 beatiﬁcari
618 1437 890 1503 terrenis,
914 1442 965 1491 el
987 1436 1250 1492 audirem
1273 1435 1586 1490 Dominum
1609 1434 1917 1499 dicentem,

281 1544 304 1574 α
337 1525 494 1581 Beati
535 1525 638 1596 qui
688 1525 919 1596 lugent,
969 1525 1247 1594 quoniam
1299 1523 1410 1594 ipsi
1462 1522 1923 1578 consolabuntur

274 1615 488 1686 (Matth.
521 1614 577 1685 ν)
603 1630 616 1668 :
644 1636 672 1663 »
705 1613 906 1668 utilius
937 1613 1081 1667 mihi
1107 1629 1236 1668 esse
1267 1612 1486 1667 attendi
1516 1611 1714 1683 lugere
1742 1627 1919 1682 quam

272 1703 546 1776 gaudere.
580 1703 696 1757 Nec
726 1706 920 1758 tamen
955 1719 1258 1756 movemur
1288 1705 1351 1756 ut
1382 1717 1713 1772 quaeramus
1745 1700 1918 1754 mise-

2031 549 2088 600 et
2120 546 2452 601 docentium
2485 565 2613 613 nos,
2647 552 2713 603 ut
2735 549 2885 619 quod
2912 546 3080 602 corde
3106 545 3400 601 credimus
3431 562 3529 600 ore
3559 563 3674 602 non

2029 638 2330 689 taceamus
2363 636 2532 707 (Rom.
2558 638 2632 705 x),
2668 654 2771 691 nec
2805 641 3122 708 antequam
3147 636 3454 690 credamus
3476 633 3677 706 loqua-

2032 740 2185 791 mur,
2219 724 2319 778 sed
2351 740 2484 778 cum
2517 725 2897 796 credidimus,
2923 725 3084 796 loqui
3117 725 3292 780 etiam
3316 741 3430 779 non
3454 724 3680 780 dubite-

2032 829 2194 868 mus:
2217 812 2355 884 quia
2373 830 2486 868 non
2513 814 2764 884 perfecte
2781 815 3049 884 credunt,
3065 813 3164 886 qui
3186 814 3243 868 id
3263 815 3418 885 quod
3437 814 3681 870 credunt

2033 901 2237 957 nolunt
2265 901 2445 972 loqui.
2493 903 2579 956 Ad
2613 903 2802 973 ipsam
2849 903 3005 958 enim
3037 903 3212 959 ﬁdem
3244 903 3492 974 pertinet
3522 905 3677 974 quod

2032 989 2255 1044 dictum
2279 993 2366 1044 est
2391 1007 2402 1042 :
2437 1013 2464 1038 ‹‹
2499 990 2604 1054 Qui
2629 1007 2720 1044 me
2742 991 3045 1046 confessus
3072 992 3248 1046 fuerit
3272 1007 3465 1046 coram
3488 991 3678 1048 homi-

2030 1078 2239 1146 nibus,
2290 1078 2606 1134 conlitebor
2653 1083 2708 1134 ct
2756 1095 2860 1151 ego
2911 1097 3047 1136 eum
3089 1098 3283 1137 coram
3324 1080 3546 1154 angelis
3577 1082 3678 1138 Dei

2029 1170 2182 1236 (Luc.
2215 1171 2335 1235 x11).
2372 1190 2399 1216 »
2433 1169 2507 1222 Ex
2535 1167 2644 1222 hoc
2678 1169 2835 1223 enim
2868 1169 3194 1240 appellatus
3228 1174 3317 1226 est
3347 1188 3549 1227 servus
3579 1170 3678 1228 ille

2031 1255 2243 1321 ﬁdelis,
2276 1257 2367 1311 cui
2399 1257 2622 1311 dictum
2655 1261 2781 1314 est:
2815 1259 3044 1329 «Euge,
3080 1274 3243 1314 serve
3275 1260 3425 1314 bone
3456 1264 3512 1314 et
3543 1261 3680 1316 fide-

2029 1343 2123 1410 lis,
2147 1345 2302 1399 intra
2321 1345 2374 1398 in
2397 1346 2680 1415 gaudium
2705 1346 2912 1414 (Matth.
2929 1348 3079 1418 xxv),
3103 1370 3129 1395 »
3154 1347 3292 1417 quia
3314 1365 3428 1402 non
3447 1351 3678 1404 tantum

2029 1434 2272 1504 accepit,
2296 1435 2396 1488 sed
2421 1434 2729 1505 impendit,
2753 1439 2810 1489 et
2832 1435 3094 1489 lucratus
3117 1441 3224 1490 est.
3252 1436 3461 1491 Servus
3485 1441 3679 1492 autem

2029 1521 2126 1578 ille
2149 1523 2250 1594 qui
2278 1524 2434 1593 quod
2460 1524 2681 1594 accepit
2702 1523 2982 1594 proximis
3016 1540 3128 1578 non
3157 1525 3436 1594 erogavit,
3461 1526 3680 1582 missus

2030 1616 2118 1667 est
2144 1611 2200 1666 in
2230 1613 2498 1666 tenebras
2521 1613 2832 1667 exteriores
2865 1613 3072 1682 (Ibid.).
3107 1614 3425 1668 Credamus
3455 1630 3592 1686 ergo
3624 1620 3681 1670 et

2029 1701 2344 1772 loquamur
2371 1717 2381 1755 :
2419 1704 2476 1754 et
2509 1717 2810 1772 speremus
2842 1701 3146 1773 praemium
3178 1701 3491 1773 loquendo,
3525 1707 3581 1759 et
3611 1704 3681 1758 ti-

272 1791 440 1856 riam,
464 1808 596 1847 cum
619 1791 728 1847 hoc
751 1808 864 1846 non
883 1791 1189 1860 habemus,
1212 1791 1312 1845 sed
1336 1794 1400 1845 ut
1423 1807 1528 1843 nos
1550 1788 1921 1844 inveniamus
1950 1818 1998 1882 B
2032 1806 2298 1844 meamus
2330 1806 2561 1860 pmnam
2594 1790 2857 1845 tacendo.
2894 1789 3042 1844 Dicit
3073 1795 3266 1846 autem
3302 1790 3385 1846 sic
3411 1809 3423 1846 :

271 1898 398 1937 eam
423 1897 601 1949 quam
630 1880 955 1936 nescientes
990 1880 1297 1934 habemus.
1329 1879 1446 1933 Nec
1479 1878 1656 1933 etiam
1689 1895 1722 1932 a
1752 1878 1922 1932 nobis

272 1970 574 2042 quaeritur.
599 1974 662 2025 ut
687 1970 927 2026 omnino
953 1968 1199 2024 terrenis
1221 1985 1548 2034 careamus,
1575 1969 1677 2023 sed
1706 1973 1769 2023 ut
1791 1967 1925 2022 inde

274 2057 766 2130 lugeamus,quod
786 2058 1023 2113 amissis
1039 2056 1398 2125 cmlestibus,
1411 2057 1658 2112 terrenis
1672 2061 1736 2111 ut
1757 2057 1925 2111 nobis

277 2163 518 2202 necesse
567 2152 673 2202 est.
724 2150 1061 2218 Agnoscant
1119 2161 1255 2216 ergo
1309 2145 1577 2201 homines
1626 2144 1924 2200 miseriam

276 2236 478 2302 istam,
497 2239 554 2290 et
579 2236 833 2307 lugeant,
854 2240 911 2290 et
932 2235 1151 2289 faciant
1172 2250 1270 2289 eos
1295 2233 1561 2306 lugentes
1582 2234 1804 2298 beatos,
1824 2234 1924 2304 qui

274 2340 340 2379 se
362 2323 457 2378 hic
479 2340 711 2394 semper
724 2323 926 2380 volunt
943 2340 1071 2379 esse
1093 2323 1359 2378 miseros.
1387 2345 1414 2374 «
1439 2323 1922 2387 Tribulationem,

271 2414 332 2468 et
361 2411 622 2468 dolorem
674 2413 897 2476 inveni,
947 2418 1004 2467 et
1050 2428 1260 2467 nomen
1309 2411 1540 2467 Domini
1579 2411 1860 2480 invocavi,
1898 2433 1924 2458 »

270 2500 503 2556 dicens:
525 2524 553 2552 ι(
571 2501 614 2556 0
627 2501 1082 2571 Domine,libera
1097 2501 1354 2556 animam
1375 2500 1926 2568 meam,misericors

273 2587 560 2644 Dominus
596 2610 622 2635 ››
674 2587 731 2642 in
765 2588 1175 2643 affectionibus
1205 2604 1218 2641 :
1263 2591 1475 2660 justus,
1507 2589 1648 2659 quia
1673 2587 1926 2660 ﬂagellat

272 2677 451 2732 etiam
486 2676 673 2732 ﬁlium
699 2693 872 2748 quem
899 2677 1106 2748 recipit
1128 2678 1471 2748 (Hebr.,xn).
1498 2671 1782 2748 Invocavi,
1815 2701 1843 2727 «
1867 2681 1926 2732 et

271 2770 426 2822 Deus
451 2771 646 2820 noster
669 2765 1017 2820 miseretur:
1047 2790 1068 2818 ι
1107 2766 1245 2837 quia
1266 2766 1390 2837 ipse
1421 2788 1448 2814 «
1474 2766 1758 2821 Dominus
1781 2787 1808 2813 »
1837 2770 1926 2820 est

271 2877 300 2908 ει
325 2855 661 2910 custodiens
687 2853 981 2924 parvulos,
1008 2876 1034 2902 ››
1067 2854 1126 2908 id
1148 2858 1256 2922 est,
1290 2853 1562 2909 humiles.
1590 2854 1750 2908 Unde
1779 2854 1923 2909 mihi

271 2947 507 3015 experto
556 2943 910 2998 credendum
966 2946 1083 3006 est,
1136 2965 1164 2991 «
1198 2941 1337 3013 quia
1378 2941 1725 2997 humiliatus
1757 2959 1921 3010 sum,

269 3037 329 3090 et
357 3031 627 3088 liberavit
658 3047 770 3086 me.
805 3052 834 3080 »
884 3031 955 3084 Et
983 3030 1123 3102 quia
1153 3030 1456 3095 liberatus,
1507 3054 1535 3080 «
1568 3035 1920 3100 convertere,

271 3120 475 3178 anima
532 3135 691 3187 mea,
753 3119 810 3172 in
872 3118 1133 3190 requiem
1197 3123 1391 3180 tuam,
1448 3139 1474 3171 η
1547 3119 1605 3174 id
1663 3123 1779 3186 est,
1849 3120 1919 3174 ad

271 3209 591 3265 Dominum
649 3181 851 3274 tuum,
912 3181 1010 3277 qui
1075 3211 1301 3262 tantum
1360 3207 1592 3278 requies
1649 3211 1738 3262 est
1767 3181 1796 3260 ἐ
1869 3181 1994 3262 etC

273 3298 386 3356 hoc
418 3297 570 3368 quod
609 3303 669 3351 tu
703 3294 1084 3362 converteris,
1120 3311 1235 3350 non
1267 3312 1335 3351 ex
1364 3301 1420 3350 te
1448 3295 1658 3373 habes,
1693 3297 1793 3351 sed
1826 3311 1928 3367 per

277 3386 530 3460 gratiam
563 3384 686 3441 Dei.
721 3385 866 3453 Quia
897 3385 1159 3439 Dominus
1189 3386 1451 3455 benefecit
1477 3385 1601 3450 tibi,
1627 3383 1684 3437 in
1716 3385 1826 3439 hoc
1852 3385 1929 3438 vi-

275 3473 506 3540 delicet,
537 3476 671 3547 quia
700 3475 910 3544 eripuit
936 3474 1182 3528 animam
1209 3477 1374 3526 tuam
1402 3471 1466 3526 de
1496 3476 1696 3539 morte,
1730 3472 1785 3526 id
1819 3478 1924 3527 est.

276 3564 352 3619 de
373 3562 641 3634 originali
665 3567 919 3634 peccato,
943 3560 1031 3616 vel
1053 3562 1123 3615 de
1149 3559 1367 3615 carnali
1383 3561 1650 3626 crimine,
1672 3567 1726 3616 et
1746 3563 1930 3618 oculos

277 3667 425 3712 meos
441 3669 474 3707 a
492 3652 780 3723 lacrymis,
798 3655 860 3707 ut
880 3668 996 3706 non
1005 3651 1131 3721 jam
1153 3650 1373 3722 plorem
1393 3650 1691 3706 miseriam
1714 3667 1926 3717 meam,

279 3740 355 3796 de
401 3757 519 3811 qua
539 3757 644 3812 per
666 3757 832 3813 spem
855 3740 1134 3795 liberatus
1160 3755 1314 3794 sum.
1334 3742 1553 3811 Eripuit
1574 3739 1749 3795 etiam
1773 3739 1932 3811 pedes

277 3843 450 3897 meos,
480 3828 537 3882 id
559 3833 668 3894 est,
703 3828 1050 3884 afﬂictiones
1080 3844 1113 3882 α
1139 3829 1322 3898 lapsu,
1356 3828 1412 3883 id
1447 3832 1556 3897 est,
1580 3845 1613 3883 a
1644 3845 1928 3884 consensu

279 3934 478 3989 pravo,
505 3918 602 3989 qui
623 3934 804 3973 causa
831 3917 942 3972 fuit
963 3916 1352 3989 lacrymarum
1377 3934 1388 3972 :
1423 3922 1479 3972 et
1501 3934 1605 3989 ego
1627 3917 1719 3972 his
1741 3934 1832 3972 om
1844 3917 1928 3972 ni-

277 4006 397 4062 bus
433 4010 690 4077 ereptus,
715 4005 943 4077 placebo
969 4007 1197 4061 Domino
1218 4007 1454 4061 tandem
1477 4008 1535 4060 in
1560 4007 1780 4075 regione
1795 4009 1935 4062 vivo-

280 4111 432 4165 rum,
469 4111 585 4150 non
617 4093 675 4149 in
709 4094 946 4166 regione
977 4093 1376 4149 morientium.

857 4199 1187 4256 PSALMUS
1226 4200 1366 4255 CXV

963 4289 1258 4326 ALLELUIA.

359 4385 388 4411 «
421 4359 671 4427 Credidi,
707 4363 943 4432 propter
971 4360 1125 4432 quod
1159 4359 1390 4415 locutus
1419 4376 1576 4424 sum,
1604 4374 1708 4431 ego
1737 4365 1932 4416 autem

283 4474 318 4516 ῃ
353 4449 700 4506 humiliatus
721 4465 854 4504 sum
879 4448 1077 4504 nimis.
1111 4450 1228 4520 Ego
1258 4449 1376 4503 dixi
1408 4449 1466 4503 in
1492 4465 1731 4504 excessu
1766 4467 1894 4505 meo
1919 4467 1931 4504 :

2109 1878 2326 1932 Credidi
2351 1886 2572 1950 prepter
2600 1879 2767 1949 quod,
2820 1879 2958 1949 quia
2985 1880 3220 1945 credidi,
3272 1881 3480 1935 loeutus
3523 1897 3678 1946 sum,

2035 1967 2174 2038 quia
2200 1967 2298 2038 qui
2331 1984 2448 2021 non
2479 1967 2757 2039 loquitur,
2793 1967 2841 2023 si
2874 1986 3020 2040 opus
3053 1968 3243 2035 fuerit,
3276 1985 3378 2040 pro
3410 1970 3680 2025 credente

2034 2073 2150 2112 non
2179 2059 2266 2111 est
2287 2058 2664 2128 reputandus.
2694 2061 2804 2125 Ego
2834 2066 3014 2111 autem
3037 2056 3326 2128 loquendo
3350 2058 3681 2113 humiliatus

2033 2161 2151 2200 sum
2183 2145 2374 2199 nimis.
2425 2149 2533 2199 Pro
2566 2145 3070 2216 persccutionibus
3100 2145 3363 2200 videlicet
3393 2150 3447 2200 et
3477 2151 3680 2201 contu-

2035 2233 2228 2288 meliis
2251 2234 2490 2288 affectus
2513 2237 2743 2288 tantum
2766 2240 2830 2288 ut
2850 2235 2908 2288 in
2934 2238 3232 2305 stuporem
3256 2235 3535 2289 traderer.
3570 2234 3680 2289 No-

2033 2323 2279 2377 tandum
2304 2323 2567 2393 estquod
2599 2322 2775 2377 dicit:
2811 2325 2918 2390 Ego
2949 2323 3274 2377 humiliatus
3303 2340 3443 2377 sum.
3481 2324 3541 2376 In
3573 2321 3682 2378 hoc

2035 2410 2191 2466 enim
2224 2411 2349 2466 vult
2393 2413 2697 2467 ostendere
2730 2429 2790 2466 se
2819 2416 3050 2469 tantum
3105 2411 3514 2476 humiliatum,
3565 2428 3680 2467 non

2036 2500 2209 2555 {idem
2235 2517 2426 2566 suam,
2449 2517 2562 2554 non
2593 2501 3057 2571 praedicationem
3081 2517 3248 2554 suam
3272 2517 3450 2571 quam
3475 2500 3680 2571 priedi-

2035 2589 2184 2644 cavit
2212 2605 2338 2643 esse
2370 2587 2762 2642 humiliatam.
2789 2588 2952 2642 Unde
2973 2587 3188 2642 Paulus
3212 2605 3346 2642 cum
3379 2588 3447 2642 de
3477 2591 3682 2643 catena

2033 2693 2141 2732 sua
2165 2676 2535 2747 loqueretur:
2570 2699 2596 2724 ‹‹
2619 2681 2817 2730 Sermo
2848 2677 2964 2743 Dei,
2995 2677 3204 2747 inquit,
3237 2693 3350 2731 non
3375 2679 3463 2731 est
3485 2676 3681 2748 alliga-

2032 2771 2128 2819 tus
2150 2766 2222 2836 (II
2241 2767 2371 2819 Tim.
2393 2765 2475 2834 ιι).
2501 2787 2527 2813 ››
2552 2788 2577 2814 ‹‹
2599 2766 2716 2836 Ego
2741 2768 2934 2820 autem
2958 2764 3306 2820 humiliatus
3328 2782 3460 2820 sum
3479 2765 3678 2830 nimis,

2033 2858 2088 2909 et
2109 2870 2213 2926 ego
2236 2854 2352 2908 dixi
2381 2855 2438 2908 in
2460 2871 2697 2908 excessu
2732 2871 2882 2923 meo,
2910 2877 2936 2902 ››
2971 2853 3030 2908 id
3060 2859 3168 2925 est,
3204 2855 3261 2908 in
3285 2870 3494 2926 pavore
3517 2869 3680 2908 men-

2033 2942 2111 2998 tis
2134 2960 2273 2997 meae
2298 2943 2537 3007 attendi,
2569 2942 2712 2997 nulli
2735 2941 2959 2998 homini
2982 2942 3052 2998 de
3076 2959 3136 2998 se
3165 2959 3293 2998 esse
3321 2959 3678 3016 praesumen-

2034 3031 2176 3085 dum
2198 3075 2211 3096 ,
2245 3031 2380 3102 quia
2409 3034 2585 3087 omnis
2615 3031 2770 3086 homo
2802 3032 2871 3086 de
2901 3048 2964 3086 se
2996 3047 3388 3102 praesumens,
3435 3030 3681 3091 mendax

2033 3123 2138 3174 est.
2173 3121 2334 3183 Quod
2368 3136 2494 3191 ego,
2527 3121 2668 3174 dum
2701 3120 2990 3191 loquendo
3012 3121 3254 3175 verbum
3284 3121 3377 3175 Dei
3405 3119 3678 3175 humilia-

2034 3225 2144 3272 rer,
2165 3208 2422 3277 percepi:
2449 3208 2587 3278 quia
2609 3209 2893 3263 contritus
2935 3209 3158 3279 respexi
3183 3208 3606 3278 inﬁrmitatem,
3623 3212 3680 3263 et

2034 3294 2152 3349 vidi
2184 3311 2296 3348 non
2331 3295 2475 3348 mihi
2501 3295 2569 3349 de
2594 3312 2685 3350 me
2711 3312 2838 3350 esse
2859 3297 3356 3366 praesumendum,
3383 3297 3521 3366 quia
3542 3313 3694 3350 men-

2036 3383 2147 3437 dax
2177 3387 2264 3436 est
2295 3383 2394 3454 qui
2427 3384 2496 3436 de
2529 3400 2589 3437 se
2626 3384 2942 3453 praesumit.
2985 3385 3102 3438 Hoc
3135 3385 3339 3439 Petrus
3371 3383 3688 3454 comperit,

2038 3472 2182 3526 dum
2215 3487 2317 3542 pro
2347 3470 2557 3526 timore
2588 3471 2768 3526 Deum
2805 3472 3062 3543 negavit,
3105 3472 3234 3544 qui,
3270 3473 3339 3527 de
3373 3489 3434 3528 se
3465 3489 3690 3544 prmsuv

2040 3558 2442 3632 mendo,prius
2466 3577 2770 3631 nunquam
2791 3567 3140 3632 negaturum
3164 3561 3549 3633 proposuit,et
3568 3562 3696 3620 ideo

2041 3649 2342 3705 docendus
2365 3653 2487 3704 erat
2509 3650 2567 3704 in
2593 3649 2821 3716 timore,
2847 3649 2906 3704 in
2929 3649 3166 3704 homine
3189 3667 3301 3705 non
3326 3666 3453 3706 esse
3476 3668 3696 3722 praesu-

2041 3739 2344 3805 mendum,
2379 3739 2478 3793 sed
2513 3739 2583 3794 de
2614 3755 2679 3794 eo
2711 3740 2809 3810 qui
2845 3754 3011 3794 verax
3040 3743 3128 3794 est
3159 3739 3333 3808 (Rom.
3370 3739 3474 3809 In),
3508 3744 3564 3793 et
3591 3740 3691 3810 qui

2041 3828 2123 3884 ait
2158 3846 2168 3882 :
2221 3852 2247 3876 «
2283 3828 2401 3899 Ego
2432 3827 2580 3896 dixi,
2632 3827 2713 3882 dii
2743 3828 2916 3893 estis,
2950 3831 3005 3881 et
3035 3827 3140 3882 lilii
3172 3826 3460 3882 Altissimi
3491 3843 3694 3884 omnes

2041 3917 2210 3989 (Psal.
2237 3916 2444 3986 LXXXI).
2465 3939 2492 3966 »
2519 3915 2580 3971 In
2599 3916 2707 3970 hoc
2727 3916 2882 3969 enim
2904 3915 3058 3985 quod
3085 3931 3198 3968 non
3225 3930 3432 3968 sumus
3456 3913 3696 3968 menda-

2042 4021 2158 4075 ces,
2187 4021 2298 4059 non
2325 4003 2592 4059 homines
2617 4020 2852 4068 sumus,
2885 4003 2985 4056 sed
3020 4002 3122 4057 dii.
3159 4001 3262 4057 Vel
3294 4002 3481 4073 aliter,
3516 4003 3705 4059 Omnis

2043 4095 2198 4150 homo
2214 4093 2471 4158 mendax,
2489 4091 2545 4146 id
2563 4097 2672 4159 est,
2689 4092 2880 4146 omnis
2902 4091 3252 4148 conditionis
3266 4093 3424 4148 homo
3443 4092 3702 4159 mendax,

2045 4182 2181 4254 quia
2195 4182 2251 4236 in
2267 4182 2425 4236 omni
2442 4180 2771 4236 conditione
2793 4181 3170 4253 reperiuntur
3184 4181 3368 4252 aliqui
3385 4182 3484 4253 qui
3510 4181 3704 4253 potius

2046 4270 2353 4326 mendacio
2386 4287 2563 4342 quam
2593 4269 2821 4325 veritati
2857 4271 3114 4325 student.
3152 4293 3179 4319 «
3201 4271 3348 4335 Quid
3378 4269 3700 4325 retribuam

2045 4359 2292 4414 Domino
2313 4376 2414 4430 pro
2435 4359 2710 4414 omnibus
2733 4376 2857 4429 quae
2878 4358 3149 4414 retribuit
3167 4358 3352 4412 mihi?
3373 4380 3398 4406 ››
3419 4357 3594 4423 Quasi
3619 4357 3703 4411 di-

2046 4452 2156 4503 cat.
2175 4447 2659 4518 Quandoquidem
2675 4449 2849 4502 o-mnis
2865 4453 3020 4502 homo
3037 4447 3095 4501 in
3119 4450 3403 4517 quantum
3423 4445 3579 4499 homo
3593 4450 3701 4514 est,

279 4562 314 4591 ε(
347 4539 553 4595 Omnis
574 4539 750 4595 homo
774 4537 1206 4600 mendax.Quid
1230 4537 1548 4592 retribuam
1572 4537 1820 4592 Domino
1838 4558 1941 4610 pro
1973 4549 2018 4614 D
2052 4543 2108 4592 et
2139 4537 2210 4592 de
2233 4553 2294 4592 se
2318 4553 2699 4608 praesumens,
2725 4537 2967 4590 mendax
2988 4539 3109 4590 est:
3140 4539 3197 4588 et
3220 4535 3279 4587 in
3307 4537 3594 4604 quantum
3622 4549 3709 4589 ve-

287 4649 314 4678 ·
349 4629 627 4685 omnibus
658 4644 789 4700 quae
818 4627 1088 4683 retribuit
1117 4626 1261 4681 mihi
1287 4626 1314 4680 ?
1361 4626 1626 4699 Calicem,
1662 4627 1938 4685 salutaris

281 4742 315 4770 ‹‹
351 4719 665 4791 accipiam,
700 4723 759 4774 et
789 4734 1000 4774 nomen
1033 4716 1263 4772 Domini
1299 4716 1599 4773 invocabo.
1636 4717 1781 4773 Vota
1811 4735 1942 4773 mea

287 4826 315 4856 ι
348 4806 597 4863 Domino
619 4805 861 4861 reddam
881 4820 1078 4860 coram
1101 4804 1260 4858 omni
1287 4802 1502 4875 populo
1519 4804 1667 4872 ejus,
1689 4803 1940 4874 pretiosa

283 4919 316 4947 ‹‹
349 4897 410 4952 in
437 4898 751 4966 conspectu
782 4893 1012 4948 Domini
1040 4909 1200 4948 mors
1222 4898 1557 4947 sanctorum
1586 4892 1733 4962 ejus.
1766 4893 1808 4947 Ο
1831 4897 1938 4947 Do-

289 5007 321 5035 ‹‹
354 4983 536 5052 mine,
587 4983 725 5054 quia
755 4999 861 5055 ego
894 4998 1104 5037 servus
1133 4987 1272 5036 tuus
1303 4998 1315 5036 :
1349 4997 1454 5052 ego
1486 4997 1688 5035 servus
1719 4984 1856 5035 tuus
1887 4984 1944 5035 et

283 5097 318 5124 α
352 5073 514 5129 ﬁlius
540 5071 761 5128 ancillae
785 5076 918 5127 tuae.
949 5070 1233 5141 Dirupisti
1265 5069 1496 5125 vincula
1523 5085 1671 5135 mea,
1704 5069 1810 5124 tibi
1841 5086 1938 5124 sa-

287 5185 321 5215 κ
353 5162 628 5218 criﬁcabo
661 5161 918 5216 hostiam
952 5151 1166 5225 laudis,
1194 5164 1252 5213 et
1282 5175 1492 5214 nomen
1528 5158 1756 5214 Domini
1780 5158 1941 5214 invo-

282 5276 318 5303 ‹‹
352 5251 520 5308 cabo.
551 5250 697 5306 Vota
719 5266 850 5305 mea
868 5247 1113 5304 Domino
1136 5247 1376 5304 reddam
1399 5247 1458 5301 in
1482 5253 1793 5320 conspectu
1819 5264 1942 5304 om-

285 5365 321 5395 ‹‹
357 5341 451 5396 nis
483 5339 682 5412 populi
703 5341 851 5411 ejus,
877 5338 936 5393 in
963 5335 1126 5393 atriis
1149 5337 1359 5391 domus
1381 5335 1634 5403 Domini,
1664 5337 1723 5391 in
1751 5335 1944 5392 medio

289 5454 323 5483 α
362 5430 446 5488 tui
477 5429 825 5486 Jerusalem.
861 5449 888 5476 »

919 5516 1051 5574 ENA
1062 5513 1319 5570 RRATIO.

357 5609 630 5668 Alleluia.
681 5607 904 5666 Credidi
949 5609 1172 5679 propter
1218 5600 1362 5675 quod
1394 5602 1608 5659 loculus
1635 5619 1776 5659 sum.
1827 5603 1950 5660 Vox

2050 4643 2290 4695 rax,non
2310 4643 2343 4680 a
2364 4625 2554 4692 se,scd
2576 4625 2869 4679 aDomino
2890 4624 3123 4689 habet,«
3140 4622 3280 4693 quid
3297 4643 3324 4669 »
3344 4637 3480 4693 ergo
3503 4645 3530 4671 ‹‹
3548 4621 3707 4676 retri-

2051 4715 2227 4770 buam
2245 4714 2490 4769 Domino
2511 4730 2613 4784 pro
2635 4712 2910 4767 omnibus
2933 4728 3058 4782 qua:
3081 4709 3346 4765 retribuit
3363 4709 3586 4764 mihi?»
3605 4711 3706 4766 Be-

2053 4804 2258 4859 tribuit
2285 4805 2434 4857 Deus
2458 4803 2609 4856 bona
2635 4818 2737 4872 pro
2761 4799 2931 4855 malis
2958 4799 3048 4853 cui
3078 4797 3344 4854 homines
3371 4799 3704 4854 tribuerunt

2052 4891 2315 4964 malapro
2331 4887 3701 4957 bonis.Tribuei-unthominesmendacium,ipse

2053 4982 2258 5036 tribuit
2291 4981 2617 5035 veritatem.
2666 4978 2907 5033 Calicem
2937 4978 3202 5032 salutaris
3230 4978 3518 5046 accipiam.
3554 4976 3703 5031 Con-

2055 5069 2322 5125 siderans
2346 5069 2455 5124 iste
2482 5069 2621 5140 quid
2648 5068 2890 5122 Domino
2919 5071 3116 5138 posset
3135 5065 3474 5130 retribuere,
3503 5066 3560 5118 et
3590 5079 3703 5117 non

2054 5157 2360 5213 inveniens
2391 5158 2531 5229 quid
2563 5155 2799 5228 dignius
2848 5155 3193 5209 retribueret
3242 5169 3420 5222 quam
3461 5151 3519 5205 in
3549 5151 3704 5222 quod

2054 5249 2181 5320 ipse
2205 5245 2362 5318 prior
2384 5246 2564 5315 dedit,
2589 5246 2942 5300 subsecutus
2965 5243 3077 5297 ait:
3109 5240 3406 5296 «Calicem
3431 5239 3706 5295 salutaris

2055 5335 2370 5408 accipiam,
2408 5358 2437 5384 »
2468 5334 2524 5389 id
2558 5339 2674 5403 est,
2711 5333 3072 5388 salutiferam
3104 5330 3440 5403 passionem
3477 5327 3705 5384 Domini

2055 5424 2354 5491 imitabor,
2378 5433 2428 5479 et
2449 5424 2508 5478 in
2531 5423 2641 5478 hoc
2664 5440 2778 5477 non
2807 5422 2876 5476 de
2900 5437 2990 5475 me
3014 5435 3390 5491 praesumam,
3423 5419 3524 5474 sed
3552 5440 3578 5467 ‹‹
3603 5434 3706 5473 no-

2059 5531 2191 5570 men
2220 5512 2453 5568 Domini
2478 5511 2778 5566 invocabo.
2802 5510 2950 5565 Vota
2975 5525 3105 5563 men
3127 5508 3368 5564 Domino
3393 5508 3654 5573 reddam,
3680 5529 3706 5557 ››

2058 5619 2150 5660 me
2174 5602 2368 5676 ipsum
2395 5600 2663 5657 videlicet
2684 5604 2740 5656 et
2760 5599 2868 5655 hoc
2894 5615 3008 5654 non
3033 5598 3089 5652 in
3121 5596 3369 5666 occulto,
3397 5599 3499 5655 sed
3522 5613 3710 5656 coram
