4024 6192
364 324 492 389 727'

833 326 843 335 ’
941 330 1243 391 REMlGll
1287 327 2037 392 ANTISSIODOBENSIS
2084 326 2255 390 OPP.
2304 328 2506 391 PARS
2551 329 2597 389 Ι.
2631 361 2708 374 —-
2738 327 3206 392 EXEGETIGA.

3652 316 3797 391 mf

364 462 519 518 omni
541 460 745 533 populo
771 462 908 532 ejus,
943 465 1006 516 ut
1036 462 1368 533 exemplum
1401 463 1656 519 habeant
1675 462 1745 518 de
1767 478 1859 517 me
1883 461 2012 517 imi-
2041 461 2095 527 Α
2127 460 2332 517 missio
2354 461 2506 532 ejus,
2541 483 2569 511 ‹‹
2591 465 2648 517 et
2664 461 2876 518 veritas
2897 461 3150 529 Domini,
3180 480 3209 510 ››
3241 459 3300 516 id
3323 462 3435 526 est,
3462 456 3777 531 completis

362 549 525 605 tandi
560 550 893 621 passionem
927 549 1178 605 Domini.
1214 552 1283 605 Et
1309 550 1437 606 ideo
1467 551 1590 607 haec
1620 560 1739 607 vola
1764 550 2007 613 reddam,

366 638 507 710 quia
535 640 773 708 pretiosa
802 640 861 692 in
890 643 1181 709 conspectu
1210 655 1355 694 mors
1379 645 1697 695 sanctorum
1722 641 1869 711 ejus,
1902 638 2009 693 etsi

364 726 425 781 in
460 731 772 797 conspectu
806 726 1109 782 hominum
1144 727 1220 783 sit
1249 727 1718 800 contemptibilis.
1748 727 1848 782 Vel
1882 743 2011 799 pre-

368 817 508 870 tiosa
537 821 652 881 est,
704 816 842 886 quia
888 832 1102 887 magno
1154 818 1337 888 pretio
1370 822 1566 889 empta
1608 821 1727 884 est,
1779 816 2011 889 proprio

364 902 635 958 videlicet
661 903 976 974 sanguine,
1006 921 1177 975 quem
1214 906 1371 977 prior
1400 906 1551 961 fudit
1579 924 1682 977 pro
1713 907 1884 961 nobis
1910 922 1922 960 :
1954 910 2013 961 et

368 990 477 1045 hoc
507 991 637 1045 ideo
668 1008 739 1046 ne
770 993 919 1047 servi
949 1010 1125 1048 suum
1158 1011 1258 1065 pro
1290 1012 1355 1050 eo
1387 995 1725 1050 dubitarent
1750 995 2010 1049 fundere.

369 1102 397 1129 «
431 1080 476 1134 Ο
500 1080 764 1147 Domine,
790 1081 927 1152 quia
948 1099 1052 1153 ego
1085 1098 1289 1138 servus
1318 1088 1477 1152 tuus,
1502 1088 1559 1139 et
1591 1083 1744 1138 ﬁlius
1765 1082 2011 1138 ancillae.

368 1173 502 1224 tute.
540 1190 567 1217 »
600 1169 775 1233 Quasi
806 1170 961 1225 dicat
987 1188 999 1225 :
1034 1171 1173 1242 quia
1194 1174 1250 1227 in
1281 1181 1566 1243 conspectu
1593 1179 1693 1228 tuo
1714 1188 1859 1228 mors
1886 1189 2012 1228 san-

366 1262 579 1314 ctorum
605 1261 843 1329 pretiosa
874 1265 991 1326 est,
1042 1260 1199 1327 ideo,
1247 1261 1521 1331 Domine,
1567 1262 1670 1316 tibi
1695 1261 2016 1331 sacriﬁcabo

366 1348 610 1403 hostium
641 1346 850 1407 laudis.
899 1348 1193 1418 meipsum
1242 1349 1509 1405 videlicet
1540 1367 1642 1421 pro
1671 1354 1727 1405 te
1759 1350 2014 1405 finiendo

365 1436 566 1491 vitam.
603 1437 669 1490 Et
700 1435 905 1491 merito
940 1441 1118 1491 Deum
1151 1454 1321 1504 voco,
1351 1438 1489 1509 quia
1518 1454 1615 1505 ego
1669 1456 1801 1493 sum
1830 1454 2017 1493 servus

368 1528 516 1593 tuus,
542 1529 776 1596 emptus
800 1524 1064 1579 videlicet
1085 1526 1337 1597 pretioso
1360 1527 1647 1595 sanguine
1668 1530 1788 1593 tuo,
1824 1531 2015 1581 etnon

364 1616 599 1668 tantum
631 1616 895 1683 emptus,
938 1615 1035 1667 sed
1071 1615 1441 1681 naturaliter,
1479 1616 1578 1686 qui
1610 1616 1759 1686 ﬁlius
1792 1615 2019 1671 ancillae

366 1705 474 1756 tum
496 1720 514 1755 :
544 1702 797 1770 ancillae,
831 1706 1026 1755 tamen
1058 1701 1253 1756 liberae
1285 1720 1318 1757 a
1349 1708 1617 1774 peccato,
1662 1704 1759 1759 sed
1794 1704 2019 1760 ancilla?

359 1790 636 1893 justitiaa,
670 1790 855 1893 ‘cujus
893 1791 1041 1861 ﬁlius
1071 1791 1263 1846 adhuc
1298 1793 1732 1864 praegnantibus
1763 1792 2017 1848 dicitur:
2047 1830 2095 1893 Β

369 1899 397 1927 ‹‹
429 1876 545 1932 Vos
577 1877 636 1931 in
670 1876 1000 1933 libertatem
1033 1880 1218 1934 vocati
1251 1880 1391 1935 estis
1423 1881 1562 1951 (Gal.
1595 1882 1670 1952 v).
1705 1904 1732 1931 ›-
1780 1885 1846 1935 Et
1875 1880 2016 1935 alibi

368 1965 587 2021 eisdem
622 1966 836 2020 dicitur
868 1984 880 2022 :
921 1992 947 2017 ‹‹
983 1967 1129 2023 Cum
1162 1970 1501 2025 serviebatis
1534 1975 1798 2041 peccato,
1849 1968 2018 2023 liberi

368 2054 547 2111 eratis
578 2072 612 2109 a
635 2054 893 2126 justitia.
923 2056 1089 2111 Nunc
1120 2074 1255 2113 vero
1287 2058 1452 2113 liberi
1485 2076 1518 2113 a
1548 2064 1813 2129 peccato,
1868 2058 2017 2112 servi

369 2147 566 2199 autem
588 2143 725 2199 facti
750 2149 886 2210 Deo,
911 2145 1138 2201 habetis
1161 2147 1416 2201 fructum
1437 2153 1695 2202 vestrum
1719 2147 1776 2201 in
1801 2146 2018 2202 sancti-

368 2231 730 2299 ficationem,
767 2233 941 2289 finem
970 2251 1104 2290 vero
1132 2236 1310 2291 vitam
1344 2240 1618 2291 aeternam
1652 2238 1825 2307 (Rom.
1858 2240 1957 2301 v1).
1990 2260 2012 2287 ι

369 2322 532 2387 Quod
581 2322 779 2379 nullus
826 2324 1132 2380 erubescat
1172 2341 1233 2379 se
1272 2326 1534 2381 confiteri
1585 2325 1769 2381 ﬁlium
1802 2326 2020 2381 ancillae

366 2411 619 2479 Domini,
644 2412 783 2482 quia
802 2413 1054 2483 quisque
1077 2415 1229 2483 ﬁlius
1249 2414 1496 2484 ancillae,
1513 2416 1839 2470 secundum
1864 2414 2017 2486 quod

371 2500 563 2554 omnis
594 2504 861 2554 creatura
900 2502 1135 2556 subdita
1165 2508 1254 2557 est
1282 2503 1534 2558 Creatori
1555 2546 1568 2565 ,
1623 2508 1678 2557 et
1715 2503 2020 2559 verissimo

370 2584 489 2639 Deo
518 2585 688 2639 debet
708 2586 1077 2642 verissimum
1105 2589 1452 2644 famulatum
1475 2607 1487 2643 :
1513 2607 1685 2661 quem
1711 2608 1844 2646 cum
1868 2590 2023 2646 exhi-

373 2671 488 2737 bet,
515 2671 664 2726 liber
687 2676 812 2727 est:
849 2674 998 2729 hanc
1030 2675 1323 2747 accipiens
1353 2695 1386 2732 a
1417 2682 1528 2733 Deo
1560 2679 1840 2748 gratiam,
1874 2684 1939 2734 ut
1969 2680 2022 2734 ei

373 2774 489 2815 non
522 2760 899 2827 necessitate,
939 2764 1038 2818 sed
1071 2763 1367 2820 voluntate
1398 2767 1628 2821 serviat.

444 2850 559 2917 Ego
578 2850 729 2919 ﬁlius
750 2852 975 2908 ancilla:
999 2855 1131 2909 tuae.
1156 2854 1224 2907 Et
1247 2854 1472 2920 merito,
1494 2854 1631 2924 quia
1651 2859 1714 2909 tu
1734 2855 2026 2928 disrupisti

377 2938 607 2992 vincula
654 2954 805 3003 mea,
858 2956 929 2994 ne
978 2957 1072 2994 me
1132 2940 1559 2997 invincularent
1616 2943 1885 2999 inimici:
1936 2946 2024 3002 vel

376 3024 639 3096 dirupisli
663 3028 903 3097 vincula,
926 3028 981 3083 id
1007 3033 1118 3095 est,
1142 3029 1543 3086 difficultatem
1567 3032 1875 3089 resistendi
1896 3051 2021 3090 mo-

377 3112 543 3168 ribus
573 3115 784 3170 veteris
813 3115 1091 3172 hominis.
1146 3122 1254 3172 Pro
1299 3135 1416 3189 qua
1444 3119 1786 3177 difficultate
1818 3128 2019 3195 rapta,

2121 550 2249 619 ejus
2272 549 2683 621 promissionis
2713 571 2741 599 «
2767 556 2965 606 manet
2994 549 3057 605 in
3089 554 3394 614 aeternum,
3420 570 3450 597 ››
3481 547 3624 619 quia
3644 546 3789 603 licet.

2120 660 2148 686 ‹‹
2182 638 2397 693 transit
2419 639 2677 694 mundus
2696 643 2753 694 et
2781 636 3258 710 concupiscentia
3278 637 3409 707 ejus
3441 637 3488 707 (ι
3506 637 3672 692 Ιοαη.
3695 636 3778 705 ιι),

2118 726 2364 782 verbum
2394 731 2592 782 tamen
2619 726 2845 782 Domini
2875 730 3075 782 manet
3095 725 3155 781 in
3189 730 3475 781 aeternum
3501 724 3640 796 (Isa.
3667 724 3783 795 ιι).

2612 833 2980 911 οΡδΑιΜυε
3022 830 3233 888 CXVII.

2792 920 3005 960 ALLELU
3013 921 3087 958 1A.

2193 1014 2221 1041 «
2254 991 2624 1048 Conﬁtemini
2655 993 2900 1049 Domino
2932 992 3210 1064 quoniam
3242 990 3456 1056 bonus,
3486 989 3777 1062 quoniam

2123 1102 2151 1131 ‹‹
2181 1079 2243 1137 in
2276 1080 2552 1136 saeculum
2584 1081 2992 1137 misericordia;
3040 1082 3187 1152 ejus.
3242 1080 3410 1135 Dicat
3459 1095 3621 1134 nunc
3671 1079 3771 1135 do-

2124 1192 2152 1219 ‹‹
2188 1186 2321 1225 mus
2342 1169 2543 1235 Israel,
2565 1171 2845 1242 quoniam
2867 1171 3079 1236 bonus,
3104 1169 3382 1241 quoniam
3411 1168 3468 1223 in
3487 1167 3782 1223 saeculum

2123 1281 2152 1307 ‹‹
2187 1258 2587 1313 misericordia
2607 1260 2755 1329 ejus.
2779 1258 2943 1314 Dicat
2962 1274 3122 1314 nunc
3142 1259 3355 1313 domus
3380 1262 3599 1327 Aaron,
3635 1273 3784 1328 quo-

2125 1369 2153 1397 «
2187 1346 2349 1402 niam
2378 1347 2599 1414 bonus,
2652 1348 2930 1419 quoniam
2963 1347 3020 1401 in
3053 1346 3331 1403 saeculum
3365 1344 3783 1401 misericordia

2125 1458 2153 1486 «
2184 1437 2331 1506 ejus.
2382 1435 2544 1491 Dicat
2594 1452 2749 1490 nunc
2797 1452 3002 1492 omnes
3047 1434 3147 1506 qui
3180 1436 3391 1490 timent
3421 1433 3779 1501 Dominum,

2125 1547 2153 1575 ‹‹
2189 1524 2469 1597 quoniam
2486 1524 2982 1597 bonus,quoniam
3000 1524 3057 1578 in
3077 1523 3355 1579 saeculum
3375 1523 3785 1579 misericordia

2129 1633 2159 1663 ‹‹
2189 1614 2338 1683 ejus.
2371 1613 2451 1668 De
2476 1612 2851 1668 tribulatione
2871 1612 3130 1668 invocavi
3152 1611 3491 1682 Dominum,
3518 1615 3578 1667 et
3596 1627 3776 1667 exau-

2126 1724 2151 1751 ‹‹
2188 1702 2331 1756 divit
2356 1718 2449 1756 me
2469 1702 2530 1755 in
2550 1700 2856 1756 latitudine
2874 1699 3470 1755 Dominus.Dominus
3492 1699 3645 1755 mihi
3679 1701 3779 1755 ad-

2126 1811 2154 1839 ‹‹
2179 1790 2366 1860 juter,
2383 1778 2498 1845 non
2520 1790 2735 1845 timebo
2752 1790 2892 1861 quid
2919 1789 3091 1844 faciat
3114 1787 3256 1844 mihi
3277 1787 3473 1843 homo.
3490 1788 3782 1844 Dominus

2132 1899 2154 1927 α
2189 1877 2335 1933 mihi
2368 1879 2630 1950 adjutor,
2681 1882 2738 1933 et
2767 1895 2872 1951 ego
2904 1877 3222 1950 despiciam
3270 1875 3543 1931 inimicos
3590 1893 3777 1933 meos.

2130 1989 2159 2016 ‹‹
2191 1966 2415 2022 Bonum
2448 1972 2539 2023 est
2572 1967 2861 2023 conﬁdere
2890 1966 2947 2020 in
2980 1965 3225 2022 Domino
3257 1980 3434 2037 quam
3486 1965 3783 2022 conﬁdere

2131 2077 2159 2106 «
2193 2055 2252 2110 in
2285 2055 2541 2111 homine.
2586 2060 2811 2111 Bonum
2845 2059 2935 2111 est
2964 2071 3198 2127 sperare
3228 2054 3287 2109 in
3318 2053 3570 2109 Domino
3600 2071 3780 2126 quam

2136 2163 2163 2197 ι
2191 2160 2425 2216 sperare
2440 2144 2498 2199 in
2519 2144 3129 2217 principibus.0mnes
3141 2148 3342 2215 gentes
3355 2142 3783 2199 circumierunt

2131 2255 2158 2283 «
2191 2249 2305 2300 me,
2339 2237 2397 2288 et
2430 2234 2486 2287 in
2521 2233 2756 2289 nomine
2779 2232 3010 2289 Domini
3043 2232 3182 2304 quia
3212 2230 3372 2287 ultus
3402 2248 3535 2288 sum
3564 2232 3631 2287 in
3663 2248 3777 2288 eos.

2130 2343 2158 2370 «
2191 2321 2633 2377 Circumdantes
2664 2312 3174 2377 circumdederunt
3188 2335 3326 2387 me,
3358 2324 3419 2376 et
3447 2321 3509 2375 in
3541 2321 3781 2377 nomine

2131 2432 2157 2459 ‹‹
2193 2409 2421 2464 Domini
2468 2410 2608 2482 quia
2637 2410 2797 2466 ultus
2829 2427 2961 2465 sum
2993 2411 3050 2464 in
3083 2426 3203 2465 eos.
3254 2409 3783 2465 Circumdederunt

2132 2519 2159 2547 «
2192 2513 2287 2553 me
2307 2498 2460 2555 sicut
2480 2515 2641 2570 apes,
2673 2502 2729 2554 et
2760 2502 3106 2555 exarserunt
3135 2497 3287 2553 sicut
3315 2497 3473 2570 ignis
3499 2498 3560 2553 in
3592 2499 3779 2572 spinis

2133 2606 2162 2636 «
2193 2590 2249 2641 et
2278 2586 2339 2641 in
2371 2587 2607 2643 nomine
2637 2587 2889 2653 Domini,
2922 2586 3062 2659 quia
3085 2586 3245 2642 ultus
3270 2602 3407 2642 sum
3431 2586 3493 2641 in
3524 2603 3649 2642 eos.
3674 2587 3779 2642 Im-

2138 2692 2160 2721 ¢
2194 2675 2423 2747 pulsus,
2451 2692 2690 2731 eversus
2711 2692 2842 2731 sum
2866 2680 2931 2731 ut
2951 2675 3239 2741 caderem,
3261 2678 3320 2730 et
3339 2674 3633 2731 Dominus
3652 2692 3779 2732 sus-

2132 2784 2161 2813 «
2195 2764 2349 2835 cepit
2378 2780 2488 2819 me.
2525 2764 2823 2820 Fortitudo
2854 2780 3014 2835 mea,
3055 2767 3115 2819 et
3142 2762 3272 2819 laus
3300 2779 3435 2819 mea
3462 2763 3778 2832 Dominus,

2136 2872 2164 2901 ‹‹
2196 2855 2255 2907 et
2283 2852 2472 2907 factus
2501 2859 2591 2907 est
2622 2853 2765 2908 mihi
2797 2853 2853 2908 in
2889 2852 3160 2909 salutem.
3209 2852 3334 2907 Vox
3373 2851 3781 2910 exsultationis

2135 2962 2163 2991 «
2196 2946 2255 2996 et
2284 2939 2493 2997 salutis
2523 2942 2582 2996 in
2613 2940 3007 2997 tabernaculis
3029 2942 3351 3012 justorum.
3396 2941 3641 3003 Dextera
3670 2945 3749 2997 Do

2135 3050 2163 3079 «
2196 3029 2339 3084 mini
2365 3030 2500 3085 fecit
2525 3030 2824 3096 virtutem,
2854 3031 3088 3085 dextera
3108 3029 3334 3084 Domini
3359 3029 3634 3084 exaltavit
3655 3047 3774 3097 me,

2134 3140 2163 3167 ‹‹
2197 3118 2430 3174 dextera
2459 3118 2686 3174 Domini
2720 3119 2851 3174 fecit
2879 3117 3174 3174 virtutem.
3228 3118 3346 3173 Non
3388 3116 3632 3187 moriar,
3666 3122 3774 3173 sed

385 3220 408 3248 ε
440 3201 546 3255 tibi
600 3202 940 3260 sacrificabo
988 3204 1238 3261 hostiam
1289 3206 1509 3274 laudis,
1561 3214 1617 3263 et
1660 3185 2022 3281 sacriﬁcando
2054 3185 2095 3252 C
2141 3226 2163 3254 ε
2197 3207 2407 3273 Vivam.
2439 3212 2496 3263 et
2525 3208 2773 3264 narrabo
2794 3224 2969 3279 ορθη
2988 3206 3244 3263 Ποωίῐιίο
3266 3205 3570 3278 διαδείεδῐιε
3597 3207 3776 3262 οαεῐίο

376 3305 589 3345 nomen
621 3291 851 3347 Domini
886 3292 1187 3350 invocabo.
1203 3296 1349 3351 Vota
1372 3314 1500 3352 mea
1520 3298 1764 3356 Domino
1783 3301 2025 3356 reddam

374 3378 434 3434 in
470 3387 782 3452 conspectu
814 3382 1007 3438 omnis
1041 3383 1237 3455 populi
1270 3386 1419 3456 ejus.
1456 3408 1483 3435 ››
1524 3386 1591 3442 Et
1622 3388 1759 3459 quid
1792 3388 1867 3443 sit
1895 3396 2027 3445 vota

375 3469 615 3524 reddere
648 3472 708 3524 in
740 3482 1027 3543 conspectu
1055 3474 1267 3544 pepuli,
1301 3476 1610 3547 subjungit
1641 3493 1653 3531 :
1702 3500 1729 3528 «
1764 3479 1825 3532 In
1859 3478 2023 3534 atriis

374 3554 586 3609 domus
608 3555 902 3622 Domini,»
932 3558 987 3612 id
1015 3564 1122 3624 est,
1138 3559 1195 3613 in
1220 3560 1482 3617 ecclesiis
1504 3579 1627 3633 qum
1650 3566 1798 3620 atria
1820 3567 2023 3621 dicun-

372 3645 470 3696 tur
486 3642 699 3699 domus
713 3643 1210 3712 Domini,reddam
1227 3653 1353 3703 vota
1371 3666 1511 3719 mea,
1527 3650 1753 3722 positus
1766 3655 1823 3706 in
1838 3654 2024 3710 medio

368 3731 458 3785 lui
477 3732 649 3786 Israel
671 3750 689 3786 :
724 3732 868 3787 nihil
897 3736 1205 3791 attendens
1229 3735 1288 3790 in
1316 3737 1628 3793 reddendis
1648 3740 1796 3795 votis
1818 3740 1929 3797 nisi
1961 3747 2025 3797 ut

370 3819 440 3875 ad
467 3820 752 3876 visionem
779 3823 939 3893 pacis
963 3825 1315 3893 perveniam,
1353 3826 1492 3896 quia
1517 3831 1657 3882 tunc
1675 3835 1908 3899 gratum
1934 3837 2025 3886 est

370 3908 525 3976 quod
554 3909 837 3980 redditur,
861 3910 907 3965 si
935 3912 1006 3967 de
1031 3928 1168 3984 pace
1191 3919 1364 3984 atque
1387 3914 1443 3967 in
1470 3931 1611 3986 pace
1636 3916 1918 3972 redditur.
1941 3918 2024 3975 Ne

370 3994 505 4064 quis
538 4000 731 4049 autem
765 3998 1058 4055 existimet
1088 3998 1478 4058 atria‘domus
1510 4004 1770 4075 Domini,
1805 4011 1860 4062 et
1891 4025 2019 4063 om-

372 4097 505 4136 nem
532 4082 813 4152 populum
839 4087 1210 4155 ejusJudzeos
1237 4091 1742 4165 signiﬁcare,quia
1762 4095 1847 4150 sic
1869 4096 2020 4152 clau-

369 4168 445 4225 sit
471 4169 737 4242 psalmus
768 4172 878 4228 iste
911 4180 974 4229 ut
1004 4177 1246 4247 diceret,
1291 4202 1316 4227 ‹‹
1350 4180 1407 4234 in
1443 4182 1635 4238 medio
1666 4183 1752 4238 tui
1782 4188 2017 4241 Jerusa-

365 4257 505 4327 lem,
539 4282 567 4308 ››
604 4261 773 4332 cujus
805 4263 1043 4319 nomine
1073 4265 1336 4321 carnales
1369 4269 1639 4325 Israelita:
1670 4271 2014 4345 gloriantur,

368 4349 683 4406 audiamus
714 4357 1060 4423 sequentem
1094 4353 1389 4425 psalmum
1421 4357 1506 4412 sic
1535 4360 1862 4419 dicentem:

911 4460 1247 4518 PSALMUS
1287 4463 1471 4519 CXVI.

1041 4551 1336 4590 ALLELUIA.

441 4640 461 4665 α
503 4619 754 4676 Laudato
769 4620 1328 4689 Dominum,omnes
1352 4630 1576 4697 gentes,
1602 4626 1835 4686 laudate
1854 4646 2013 4700 eum,

366 4724 395 4753 «
426 4719 629 4760 omnes
663 4710 882 4780 populi.
912 4713 1196 4776 Quoniam
1226 4714 1568 4769 confirmata
1594 4720 1683 4771 est
1711 4733 1887 4789 super
1907 4735 2013 4776 nos

365 4812 394 4840 ‹‹
426 4792 828 4853 misericordia
878 4799 1037 4869 ejus,
1086 4805 1144 4856 et
1185 4801 1398 4857 veritas
1430 4801 1657 4859 Domini
1705 4810 1902 4863 manet
1950 4808 2010 4864 in

362 4901 395 4945 ς(
424 4885 724 4941 internum.
764 4908 792 4935 ›>

991 4978 1390 5035 ENARRATIO.

431 5061 674 5119 Laudate
719 5065 1035 5137 Dominum,
1086 5084 1273 5123 omnes
1320 5074 1534 5137 gentes,
1589 5072 1806 5130 laudate
1851 5089 2005 5146 eum,

358 5166 544 5207 omnes
568 5156 778 5225 populi.
812 5156 959 5219 Quia
991 5161 1107 5211 tam
1139 5163 1343 5229 gentes
1378 5176 1555 5230 quam
1580 5161 1767 5217 Judaei
1796 5164 1867 5218 ad
1900 5164 2008 5220 do-

358 5252 521 5296 mum
556 5242 655 5297 Dei
687 5249 900 5299 vocat-ee
932 5251 1098 5317 sunt,
1143 5247 1388 5303 audiant
1420 5248 1539 5304 haec
1569 5251 1741 5305 verba
1770 5252 1869 5323 qui
1903 5252 2005 5308 filii

357 5328 681 5385 Jerusalem
710 5349 837 5387 esse
866 5333 1199 5400 noluerunt,
1224 5352 1355 5391 cum
1380 5354 1443 5392 se
1465 5338 1537 5392 ab
1559 5338 1719 5394 omni
1741 5340 2004 5412 gentium

358 5421 771 5475 communione
805 5423 1188 5492 praeciderint.
1238 5447 1265 5475 ‹‹
1303 5426 1553 5481 Laudato
1582 5443 1747 5496 eum,
1799 5445 2004 5486 omnes

357 5507 580 5577 populi,
615 5510 894 5578 quoniam
927 5530 956 5563 υ
1000 5512 1056 5566 in
1091 5520 1291 5568 nostra
1324 5517 1690 5586 reparatione
1733 5542 1759 5567 ι(
1791 5520 2006 5574 confir-

361 5598 519 5649 mata
538 5601 627 5648 est
647 5613 825 5666 super
859 5615 961 5653 nos
995 5600 1394 5658 misericordia
1423 5605 1550 5673 ejus
1575 5628 1603 5653 »
1634 5606 1691 5661 id
1721 5613 1837 5678 est,
1871 5625 2003 5680 pro-

2138 3318 2166 3346 «
2196 3296 2353 3368 gavit
2385 3313 2478 3352 me
2508 3296 2822 3363 Dominus,
2872 3302 2929 3351 et
2975 3296 3149 3351 morti
3203 3311 3318 3351 non
3367 3294 3611 3350 tradidit
3655 3311 3773 3351 me.

2139 3403 2167 3433 ‹‹
2194 3384 2431 3454 Aperite
2454 3384 2594 3439 mihi
2620 3389 2817 3457 portas
2831 3383 3098 3456 justitiae,
3121 3383 3426 3455 ingressus
3446 3382 3507 3438 in
3530 3398 3629 3439 eas
3648 3400 3778 3439 con-

2135 3494 2163 3522 ‹‹
2198 3474 2405 3528 ﬁtebor
2435 3474 2682 3529 Domino
2715 3491 2728 3528 :
2783 3474 2905 3529 hac
2936 3478 3101 3545 porta
3129 3472 3391 3537 Domini,
3416 3473 3572 3544 justi
3603 3474 3774 3529 intra-

2136 3584 2164 3613 ‹‹
2197 3560 2344 3616 bunt
2372 3561 2431 3616 in
2463 3578 2614 3617 eam.
2666 3562 2997 3618 Conﬁtebor
3025 3561 3130 3617 tibi
3162 3561 3442 3633 quoniam
3492 3562 3772 3619 exaudisti

2134 3672 2163 3699 «
2198 3666 2312 3717 me,
2345 3654 2402 3705 et
2422 3649 2614 3705 factus
2643 3666 2705 3705 es
2728 3649 2872 3705 mihi
2894 3650 2957 3707 in
2986 3649 3257 3706 salutem.
3293 3648 3575 3721 Lapidem
3604 3665 3763 3721 quem

2135 3760 2163 3788 ‹‹
2196 3738 2654 3809 reprobaverunt
2671 3739 3044 3806 aediﬁcantes,
3079 3739 3174 3794 hic
3198 3739 3393 3795 factus
3418 3743 3505 3794 est
3525 3739 3580 3793 in
3599 3741 3761 3808 caput

2136 3848 2164 3877 «
2195 3826 2415 3899 anguli.
2448 3834 2497 3881 Α
2527 3827 2774 3883 Domino
2804 3828 3020 3883 factum
3053 3832 3145 3883 est
3174 3827 3361 3893 istud,
3396 3831 3454 3884 et
3482 3831 3567 3883 est
3591 3826 3751 3881 mira-

2136 3936 2164 3966 ‹‹
2195 3914 2312 3971 bile
2341 3915 2401 3969 in
2431 3916 2616 3971 oculis
2649 3915 2885 3971 nostris.
2936 3916 3065 3971 Haec
3094 3920 3185 3971 est
3215 3916 3371 3983 dies,
3426 3931 3601 3987 quam
3638 3914 3764 3970 fecit

2132 4028 2159 4056 ‹‹
2192 4003 2502 4072 Dominus,
2535 4004 2919 4072 exsultemus,
2940 4009 2999 4060 et
3027 4004 3294 4060 laetemur
3316 4005 3371 4059 in
3402 4021 3494 4060 ea.
3522 4005 3567 4061 Ο
3588 4003 3771 4060 Ι)οωὶ-

2129 4116 2158 4144 ‹‹
2196 4110 2298 4165 ne,
2333 4093 2558 4150 salvum
2590 4109 2684 4149 me
2716 4095 2831 4159 fac,
2862 4110 2895 4149 ο
2928 4093 3203 4161 Domine,
3234 4094 3380 4148 bene
3414 4107 3777 4164 prosperare,

2131 4205 2158 4234 «
2194 4182 2535 4238 benedictus
2567 4182 2667 4253 qui
2698 4182 2854 4238 venit
2886 4181 2944 4236 in
2976 4182 3212 4238 nomine
3244 4180 3493 4236 Domini.
3537 4181 3777 4237 Benedi-

2129 4295 2156 4323 α
2191 4271 2390 4327 ximus
2421 4271 2585 4326 vobis
2615 4272 2687 4326 de
2716 4271 2890 4326 domo
2920 4270 3172 4337 Domini,
3195 4270 3351 4326 Deus
3380 4269 3700 4336 Dominus,
3728 4272 3781 4325 et

2127 4383 2156 4411 ‹‹
2192 4359 2384 4415 illuxit
2416 4359 2604 4415 nobis.
2628 4359 2977 4416 Constituite
3008 4359 3164 4415 diem
3194 4357 3516 4414 solemnem
3550 4358 3618 4414 in
3650 4376 3779 4416 con-

2127 4474 2155 4501 ‹‹
2189 4449 2390 4505 densis
2422 4464 2610 4521 usque
2640 4449 2713 4504 ad
2744 4465 2923 4504 cornu
2957 4448 3177 4503 altaris.
3210 4447 3363 4503 Deus
3393 4463 3568 4504 meus
3602 4464 3669 4505 es
3698 4452 3778 4517 tu,

2046 4553 2093 4617 ι)
2128 4560 2157 4588 ‹‹
2188 4544 2245 4594 et
2276 4538 2596 4594 confitebor
2623 4536 2766 4593 tibi:
2801 4536 2955 4593 Deus
2988 4553 3156 4593 meus
3184 4551 3248 4592 es
3275 4540 3369 4605 tu,
3415 4540 3476 4592 et
3505 4536 3781 4594 exaltabo

2129 4651 2158 4679 «
2192 4635 2269 4684 te.
2305 4627 2636 4685 Conﬁtebor
2665 4625 2770 4683 tibi
2800 4625 3079 4698 quoniam
3108 4626 3395 4682 exaudisti
3431 4641 3560 4692 me,
3618 4631 3679 4683 et
3707 4626 3760 4680 fa

2132 4738 2154 4766 α
2191 4721 2324 4773 ctus
2352 4733 2414 4772 es
2439 4714 2586 4771 mihi
2606 4714 2667 4770 in
2689 4713 2961 4771 salutem.
2980 4714 3345 4778 Conﬁtemini
3365 4713 3629 4772 Domino
3651 4730 3761 4787 quo

2122 4828 2151 4856 «
2185 4805 2343 4861 niam
2376 4805 2602 4873 bonus,
2653 4804 2930 4876 quoniam
2968 4804 3023 4858 in
3059 4802 3338 4861 saeculum
3371 4802 3786 4861 misericordia

2122 4918 2151 4947 (ι
2182 4896 2333 4968 ejus.
2369 4916 2397 4943 ››

2734 4981 3141 5039 ENARRATIO.

2191 5070 2470 5143 Superior
2499 5068 2764 5143 psalmus
2803 5070 2903 5142 qui
2934 5070 2993 5124 in
3038 5086 3100 5126 se
3135 5070 3371 5137 habuit,
3406 5069 3648 5137 adiiciat
3678 5075 3779 5127 Do.

2116 5163 2305 5216 minus
2323 5175 2488 5231 super
2507 5175 2596 5214 vos
2617 5159 2788 5229 (Psal.
2818 5162 2998 5224 exin),
3020 5158 3343 5214 insinuavit
3362 5158 3541 5216 nobis
3560 5159 3777 5234 quibus

2117 5247 2387 5306 associati
2419 5264 2628 5303 sumus
2647 5246 2707 5302 in
2731 5248 2921 5320 gratia
2949 5247 3110 5304 illius
3141 5248 3358 5319 quibus
3381 5251 3495 5312 est,
3524 5253 3586 5305 et
3606 5249 3773 5319 cuius

2115 5339 2175 5394 in
2203 5335 2483 5395 saculum
2508 5336 2907 5392 misericordia
2925 5340 3033 5392 est.
3052 5336 3331 5392 lsraelitis
3352 5337 3514 5392 enim
3536 5336 3600 5393 in
3620 5336 3775 5393 Chri-

2116 5433 2205 5485 sto
2228 5424 2599 5484 credentibus
2625 5426 2714 5497 (ex
2735 5441 2939 5481 eorum
2963 5441 3210 5481 numero
3234 5429 3376 5481 sunt
3395 5425 3655 5497 apostoli
3680 5430 3771 5480 Ρια

2112 5523 2232 5574 tres
2258 5513 2486 5585 nostri),
2511 5514 2778 5597 associati
2804 5532 3012 5570 sumus
3034 5514 3093 5570 in
3118 5532 3233 5571 uno
3257 5513 3525 5587 angulari
3550 5513 3760 5587 lapide,

2114 5611 2179 5662 ut
2200 5605 2388 5661 simus
2410 5619 2564 5658 unus
2586 5618 2724 5675 grex
2754 5604 2866 5662 sub
2891 5620 3008 5660 uno
3040 5607 3273 5677 pastore
3301 5619 3438 5661 cum
3470 5603 3594 5660 illis
3620 5603 3762 5676 ρήσ-
