4024 6192
234 312 347 392 739

1348 314 1958 384 ENARRATIONES
2002 314 2081 375 IN
2130 313 2509 377 PSALMOS.

3513 302 3651 363 730‘

236 463 417 520 Tibus-
452 465 708 529 Quorum
740 477 849 517 νοΧ
890 466 980 515 δεῖ
1026 460 1085 514 in
1122 458 1228 514 hoc
1278 456 1504 530 1³8³]ωο
1554 455 1623 510 δά
1653 453 1885 509 Ῑᾶυάθῐη
1916 448 1971 515 Α
2001 470 2175 532 runt;
2210 466 2365 535 quod
2410 467 2645 519 notatur
2674 458 2773 517 ubi
2804 457 2945 515 dicit
2981 480 3001 507 α
3037 453 3177 528 quia
3224 450 3386 509 ultus
3417 468 3547 508 sum
3579 452 3637 507 in

238 554 332 609 Dei
366 569 472 608 nos
498 552 920 608 instruentium
943 554 999 605 et
1028 550 1110 603 sic
1144 548 1463 602 dicentium
1496 565 1512 598 :

308 665 336 691 ‹‹
370 640 737 697 Conﬁtemini
781 638 1024 695 Domino
1057 636 1333 708 quoniam
1370 637 1577 699 bonus,
1612 633 1888 705 quoniam

239 731 297 786 in
328 728 608 784 saeculum
640 727 1042 783 misericordia
1081 728 1208 797 ejus
1240 748 1267 774 ››
1303 729 1411 789 est,
1444 722 1729 778 subaudis
1759 738 1887 793 per-

241 819 542 875 duratura.
589 818 712 872 Non
767 817 958 889 potuit
1004 816 1133 870 laus
1166 814 1267 869 Dei
1322 813 1551 868 brevius
1595 810 1891 882 explicari,

242 924 419 979 quam
453 912 517 960 ut
560 907 751 961 bonus
782 922 909 961 esse
958 904 1331 958 conﬁteretur
1365 920 1376 956 :
1415 901 1525 956 sibi
1574 901 1728 954 enim
1763 898 1893 970 pro;

241 996 434 1069 prium
485 1000 575 1049 est
606 993 716 1049 soli
761 994 914 1065 quod
971 994 1162 1047 bonus
1214 996 1321 1046 est.
1376 993 1503 1062 Ipse
1547 990 1725 1057 enim,
1760 1004 1893 1042 cum

242 1084 489 1151 audiret,
522 1083 775 1153 Magister
805 1082 1057 1147 bone,~ab
1086 1098 1151 1135 eo
1184 1079 1407 1135 scilicet
1437 1079 1538 1149 qui
1563 1076 1896 1132 carnalibus

242 1172 429 1230 oculis
460 1172 717 1238 intuens,
749 1176 805 1225 et
846 1169 1170 1225 divinitatis
1204 1167 1627 1238 plenitudinem
1664 1184 1774 1221 non
1808 1166 1897 1219 in-

240 1262 533 1334 telligens,
563 1260 753 1315 solum
797 1258 1100 1314 hominem
1153 1257 1565 1323 arbitrabatur,
1600 1254 1902 1326 respondit

244 1352 444 1407 dicens
474 1368 485 1404 :
522 1372 548 1397 ‹‹
584 1348 730 1412 Quid
765 1365 858 1403 me
889 1348 1219 1417 interrogas
1266 1346 1334 1399 de
1367 1346 1516 1399 bono
1538 1345 1566 1398 ?
1598 1360 1766 1399 nemo
1796 1344 1899 1398 bo—

244 1456 356 1496 nus
378 1438 492 1493 nisi
518 1438 677 1493 solus
706 1443 852 1491 Deus
873 1437 1080 1506 (Matth.
1108 1453 1225 1500 xxx,
1250 1435 1421 1488 Marc.
1440 1452 1495 1498 x,
1522 1435 1845 1501 Luc.xvm).
1874 1456 1899 1479 υ

245 1528 421 1595 Quasi
452 1527 608 1581 dicat
643 1542 655 1579 :
690 1526 749 1580 Si
782 1526 1001 1580 bonum
1036 1540 1129 1577 me
1176 1522 1261 1577 vis
1296 1521 1611 1593 appellare,
1645 1521 1904 1592 intellige

244 1633 339 1673 me
370 1616 547 1672 etiam
600 1615 806 1670 Deum.
852 1634 872 1661 α
907 1611 1277 1667 Conﬁtemini
1332 1611 1572 1665 Domino
1626 1610 1903 1681 quoniam

245 1707 461 1771 bonus,
492 1702 770 1775 quoniam
803 1702 861 1755 in
896 1699 1178 1755 saeculum
1212 1698 1613 1752 misericordia
1644 1698 1904 1766 eius.Di-

1998 571 2097 610 eos
2131 571 2143 607 :
2178 553 2617 608 Circumdantes
2668 548 3177 605 circumdederunt
3222 560 3331 609 me,
3369 565 3395 591 »
3441 541 3499 595 id
3531 545 3638 607 est,

2001 642 2183 697 nimia
2242 642 2701 696 circumdatione
2749 636 3226 695 circumdederunt
3254 649 3360 701 me,
3384 635 3437 685 et
3466 633 3524 685 in
3546 646 3642 684 no-

2001 735 2152 787 mine
2182 732 2402 786 Domini
2433 729 2876 799 gloriﬁcando,<<
2911 727 3051 797 quia
3081 724 3239 779 ultus
3267 738 3397 777 sum
3430 721 3488 774 in
3521 736 3639 774 eos.

2003 821 2453 876 Circumderunt
2484 834 2576 871 me
2624 817 2777 871 sicut
2833 832 2990 886 apes.
3054 836 3080 861 ››
3142 811 3471 867 Notandum
3534 812 3639 863 est.

2006 910 2161 981 quia,
2195 926 2325 963 eum
2352 924 2489 979 apes
2522 906 2889 960 circumdant
2941 905 3156 966 favum,
3193 900 3481 956 mellitum
3511 914 3645 952 eum

2007 998 2277 1053 reddunt:
2304 997 2387 1051 sic
2420 1000 2821 1067 persecutores
2843 1010 2951 1047 sua
2982 990 3383 1063 persecutione
3414 992 3649 1043 sanctos

2008 1087 2441 1142 circumdantes
2472 1083 2639 1155 quasi
2674 1081 2930 1136 mellitos
2962 1098 3061 1135 eos
3102 1076 3519 1149 reddunt,quia
3550 1093 3649 1131 eos

2008 1176 2299 1230 dulciores
2330 1180 2386 1229 et
2416 1170 2877 1227 delectabiliores
2907 1171 2977 1224 ad
3010 1169 3364 1223 imitandum
3398 1168 3647 1221 faciunt:

2009 1264 2379 1336 quiaquanto
2395 1261 2525 1333 plus
2541 1258 2898 1314 tribulantur
2919 1258 3101 1312 sancti
3114 1261 3292 1322 ,tanto
3307 1255 3437 1326 plus
3450 1272 3650 1310 eorum

2013 1351 2404 1408 constantiam
2439 1349 2534 1404 alii
2562 1349 2799 1404 student
2830 1347 3148 1401 imitari.Et
3170 1346 3656 1399 exarseruntsicut

2011 1444 2159 1511 ignis
2192 1444 2249 1495 in
2280 1438 2639 1511 spiningnis
2670 1452 2805 1490 cum
2838 1454 2869 1490 a
2905 1435 3239 1506 pastoribus
3262 1434 3319 1488 in
3353 1433 3540 1503 spinis
3562 1449 3657 1503 po-

2014 1531 2171 1586 nitur
2200 1548 2315 1585 non
2347 1535 2617 1582 truncum
2650 1526 2825 1593 laedit,
2859 1526 2959 1579 sed
2992 1524 3144 1596 quod
3195 1523 3415 1577 siccum
3448 1522 3660 1593 reperit

2015 1620 2319 1675 adhaarens
2349 1623 2555 1671 trunco
2587 1615 2878 1671 comburit
2908 1635 2921 1675 ς
2958 1614 3039 1669 sic
3072 1617 3493 1684 persecutores,
3522 1627 3655 1665 cum

2018 1708 2336 1763 adhibeant
2367 1710 2658 1760 tormenta
2691 1721 2805 1758 non
2837 1702 3057 1757 laedunt
3097 1700 3377 1766 animam,
3409 1700 3507 1753 sed
3543 1716 3662 1753 cor-

247 1798 340 1885 Gai.
387 1808 570 1885 ουηοτ
599 1813 627 1839 ))
659 1790 717 1885 id
770 1793 878 1885 93h.
930 1787 1169 1885 indimth
1220 1786 1657 1885 d‘omus‘israe‘l‘,
1690 1786 1747 1839 id
1774 1789 1905 1885 ῥεῖ,
1942 1821 1989 1885 Β
2020 1814 2132 1869 pus
2166 1796 2317 1867 quod
2334 1800 2421 1849 est
2452 1796 2621 1865 quasi
2654 1794 3067 1847 indumentum
3096 1788 3495 1845 animae.Unde
3518 1787 3661 1842 illud

250 1882 509 1936 minores
558 1879 616 1933 in
659 1877 915 1933 Ecclesia
966 1876 1347 1930 exhortentur
1396 1873 1562 1942 alios,
1596 1876 1857 1929 dicentes
1894 1892 1905 1928 :

259 1992 280 2020 κ
314 1968 685 2025 Conﬁtemini
720 1967 962 2021 Domino
985 1965 1263 2035 quoniam
1297 1964 1505 2033 bonus,
1539 1964 1816 2035 quoniam
1851 1964 1908 2016 in

252 2058 531 2114 saeculum
563 2054 964 2111 misericordia
992 2056 1119 2124 ejus
1150 2071 1163 2108 :
1198 2054 1352 2107 dicat
1384 2069 1536 2107 nunc
1568 2054 1779 2108 domus
1808 2056 1912 2106 Aa-

257 2162 386 2212 ron,
423 2168 442 2193 »
477 2146 535 2198 id
561 2148 667 2213 est,
703 2145 954 2213 majores
994 2142 1167 2197 etiam
1199 2141 1397 2195 dicant
1432 2159 1444 2196 :
1481 2164 1507 2190 ‹‹
1540 2140 1913 2196 Contitemini

260 2232 506 2288 Domino
538 2233 817 2303 quoniam
848 2232 1060 2299 bonus,
1086 2230 1364 2301 quoniam
1396 2230 1455 2283 in
1488 2229 1768 2284 saaculum
1800 2230 1914 2283 mi-

256 2322 579 2377 sericordia
607 2322 753 2391 ejus.
784 2341 811 2368 ››
837 2321 1031 2373 Dicant
1060 2319 1235 2373 etiam
1268 2318 1529 2373 conversi
1553 2335 1667 2373 non
1689 2323 1913 2372 tantum

256 2425 329 2465 ex
348 2409 584 2474 Iudaeis,
606 2410 707 2463 sed
729 2408 904 2463 etiam
936 2430 955 2455 α
984 2423 1189 2462 omnes
1213 2408 1311 2478 qui
1335 2407 1544 2461 timent
1569 2407 1877 2462 Dominum
1902 2425 1914 2462 :

257 2496 631 2553 Conﬁtemini
662 2497 931 2562 Domino,
968 2496 1248 2566 quoniam
1296 2497 1511 2559 bonus,
1546 2496 1825 2566 quoniam
1857 2496 1917 2551 in

259 2584 542 2644 saeculum
566 2584 969 2639 misericordia
990 2587 1140 2654 ejus.
1168 2606 1196 2632 »
1230 2584 1297 2637 Et
1322 2584 1527 2639 merito
1555 2586 1605 2639 ei
1634 2586 1914 2640 conﬁten-

262 2676 405 2730 dum
451 2679 558 2740 est,
591 2672 731 2743 quia
778 2688 882 2744 ego
912 2672 978 2726 de
1024 2672 1406 2741 tribulatione,
1437 2672 1491 2726 id
1542 2678 1651 2739 est,
1683 2678 1919 2745 propter

256 2761 695 2819 tribulationem
714 2759 1087 2815 mortalitatis
1101 2765 1156 2814 et
1168 2759 1577 2831 passibilitatis
1589 2762 1915 2825 delendam,

257 2874 289 2903 ‹‹
320 2851 581 2906 invocavi
612 2850 953 2917 Dominum,
986 2852 1042 2903 et
1071 2848 1366 2903 exaudivit
1396 2865 1487 2902 me
1517 2849 1576 2903 in
1610 2849 1919 2905 latitudine

256 2941 567 3005 Dominus,
604 2962 632 2987 ››
659 2940 718 2994 in
750 2938 1059 2994 latitudine
1089 2937 1355 2993 videlicet
1384 2937 1733 3004 dilectionis,
1766 2945 1830 2994 ut
1862 2941 1919 2994 in

255 3030 541 3086 charitate
563 3029 635 3083 ad
666 3043 870 3083 omnes
895 3044 994 3082 cor
1016 3032 1284 3082 nostrum
1307 3028 1733 3081 extenderetur.
1758 3030 1923 3084 Arcto

254 3119 413 3175 enim
442 3121 533 3173 via
562 3122 639 3173 est
669 3134 786 3187 qua:
810 3116 959 3170 ducit
992 3115 1070 3171 ad
1102 3118 1279 3170 vitam
1313 3116 1521 3186 (Matth.
1557 3117 1680 3186 vn),
1715 3122 1771 3170 et
1802 3135 1915 3171 non

256 3206 515 3264 curritur
540 3210 734 3261 tamen
769 3205 840 3260 ad
870 3204 1033 3258 illam
1066 3204 1179 3257 nisi
1211 3203 1456 3258 ditatato
1488 3205 1678 3257 corde.
1715 3204 1917 3259 Merito

258 3296 578 3352 Dominum
610 3293 893 3359 invocavi,
927 3291 1064 3362 quia
1092 3292 1352 3346 Dominus
1394 3292 1534 3345 mihi
1563 3291 1785 3349 adiutor
1814 3298 1919 3361 est,

261 3390 323 3442 et
354 3385 483 3440 ideo
522 3400 631 3439 non
684 3383 881 3438 timebo
912 3380 1044 3451 quid
1089 3382 1259 3450 faciat
1308 3380 1450 3433 mihi
1480 3380 1651 3435 homo.
1691 3382 1756 3434 Et
1786 3380 1925 3451 quia

258 3474 521 3531 Ecclesia
550 3490 664 3528 non
715 3472 907 3527 solum
949 3469 1218 3525 homines
1270 3468 1447 3523 habet
1497 3468 1787 3535 inimicos,
1822 3472 1922 3525 sed

258 3565 439 3621 etiam
471 3562 709 3634 angelos
740 3559 977 3615 malosa
1009 3559 1226 3631 quibus
1246 3568 1484 3613 necesse
1502 3562 1590 3611 est
1621 3563 1686 3613 ut
1718 3558 1923 3614 libere-

261 3657 384 3718 tur,
426 3650 733 3722 subjungit
765 3650 956 3704 adhuc
987 3666 999 3703 :
1037 3671 1063 3697 ‹‹
1094 3646 1374 3725 Dominus
1408 3646 1551 3701 mihi
1584 3648 1838 3718 adjutor,
1871 3654 1927 3703 et

260 3759 372 3815 ego
406 3740 727 3812 despiciam
760 3738 1029 3793 inimicos
1081 3753 1261 3803 meos,
1302 3759 1327 3783 ››
1362 3736 1519 3806 quia,
1554 3753 1620 3790 ex
1668 3737 1929 3807 quolibet

261 3846 482 3904 genere
514 3829 739 3883 inimici
786 3831 1053 3898 surgant,
1089 3825 1210 3880 sive
1241 3842 1309 3879 ex
1362 3842 1604 3879 numero
1636 3825 1923 3880 malorum

264 3917 636 3991 angelorum,
661 3916 782 3972 sive
812 3933 879 3971 ex
910 3930 1154 3969 numero
1187 3912 1476 3967 malorum
1509 3914 1838 3980 hominum,
1866 3916 1926 3969 in

266 4010 386 4065 Deo
418 4005 704 4077 adjutorio
737 4002 1454 4076 despicientur.Despectis
1485 4018 1620 4073 ergo
1651 4002 1926 4066 inimicis,

266 4112 391 4153 non
422 4094 575 4150 ultra
596 4111 658 4149 se
688 4094 890 4149 offerat
912 4091 1056 4146 mihi
1088 4090 1262 4145 homo
1287 4094 1350 4144 ut
1370 4090 1429 4143 in
1459 4091 1739 4160 sejubeat
1764 4109 1928 4162 spem

267 4184 566 4250 collocari,
591 4184 730 4255 quia
752 4183 947 4237 bonum
974 4185 1053 4236 est
1073 4179 1345 4249 conﬁdere
1362 4180 1421 4233 in
1442 4180 1693 4234 Domino.
1725 4184 1791 4234 Et
1814 4198 1928 4236 non

269 4273 625 4345 simpliciter
656 4273 876 4338 bonum,
911 4271 1012 4325 sed
1046 4269 1259 4323 melius
1292 4293 1311 4316 ι
1343 4284 1517 4339 quam
1550 4269 1840 4324 conﬁdere
1871 4270 1930 4324 in

269 4362 534 4418 homine.
568 4362 792 4416 Bonum
823 4364 911 4415 est
933 4374 1168 4430 sperare
1201 4358 1256 4411 in
1282 4356 1545 4423 Domino,
1576 4378 1596 4405 ι
1635 4361 1691 4412 et
1722 4358 1931 4415 melius

268 4455 367 4507 est
398 4466 561 4521 quam
592 4466 813 4521 sperare
839 4451 898 4504 in
946 4447 1312 4520 principibus,
1345 4445 1403 4500 id
1453 4449 1559 4512 est,
1595 4447 1652 4499 in
1686 4447 1929 4519 angelis,

2022 1910 2048 1935 ‹‹
2081 1885 2267 1940 Nolite
2297 1884 2501 1937 timere
2535 1900 2633 1937 eos
2682 1882 2779 1953 qui
2814 1880 3088 1935 occidunt
3138 1895 3369 1950 corpus,
3405 1878 3661 1932 animam

2020 1979 2216 2029 autem
2250 1990 2364 2028 non
2398 1976 2646 2043 possunt
2699 1971 2960 2025 occidere
3020 1969 3238 2039 (Matth.
3270 1970 3349 2037 Χ).
3390 1990 3409 2014 ι
3447 1990 3473 2015 ‹‹
3508 1967 3577 2020 Et
3605 1966 3664 2019 in

2022 2064 2259 2119 nomine
2292 2058 2545 2130 Domin'i,
2581 2061 2719 2131 quia
2750 2058 2909 2113 ultus
2942 2074 3073 2113 sum
3106 2057 3163 2111 in
3196 2073 3312 2111 eos.
3348 2078 3375 2104 ››
3408 2054 3511 2108 Vel
3544 2054 3625 2109 sic
3653 2072 3664 2107 :

2025 2151 2443 2208 Circumderunt
2516 2165 2601 2204 me
2657 2150 2795 2203 sicut
2851 2162 2978 2218 apes
3034 2149 3204 2216 Apes,
3263 2161 3395 2199 cum
3452 2143 3671 2196 laedunt

2034 2242 2201 2307 alios,
2235 2240 2409 2294 vitam
2446 2240 2503 2292 in
2534 2236 2769 2292 vulnere
2826 2240 3051 2306 ponunt
3084 2252 3095 2287 :
3132 2234 3213 2288 sic
3273 2236 3671 2304 persecutores

2024 2346 2161 2385 cum
2194 2333 2401 2400 putant
2431 2326 2575 2381 alios
2607 2326 2812 2379 laedere
2834 2324 3060 2394 seipsos
3092 2321 3451 2377 interﬁciunt
3487 2324 3671 2374 morte

2026 2417 2317 2483 interiori,
2353 2417 2487 2487 quia
2520 2431 2690 2469 nemo
2724 2413 2885 2485 prius
2919 2413 2974 2465 in
3010 2428 3071 2466 se
3103 2427 3279 2482 quam
3312 2410 3371 2464 in
3425 2409 3669 2464 alterum

2028 2509 2230 2579 peccat
2267 2524 2278 2572 ;
2320 2525 2340 2551 α
2378 2504 2691 2574 impulsus,
2720 2518 2956 2557 eversus
2985 2517 3117 2554 sum
3178 2504 3242 2553 ut
3298 2502 3585 2567 caderem,
3620 2505 3677 2552 et

2028 2594 2315 2650 Dominus
2348 2593 2607 2663 suscepit
2638 2607 2754 2655 me,
2792 2613 2811 2638 ι»
2848 2589 2905 2644 id
2939 2593 3048 2657 est,
3072 2587 3354 2643 sustinuit
3381 2603 3472 2641 me
3496 2603 3565 2640 ne
3586 2602 3675 2640 ca-

2028 2685 2247 2747 derem;
2272 2684 2441 2752 juxta
2470 2681 2636 2735 illud:
2674 2703 2702 2730 «
2736 2680 2945 2735 Justus
2978 2678 3194 2749 septies
3224 2677 3280 2730 in
3315 2676 3408 2730 die
3439 2675 3677 2744 cadit,et

2029 2771 2283 2843 resurgit
2312 2772 2499 2840 (Prov,
2521 2769 2696 2839 XXIV).
2736 2792 2763 2817 ››
2796 2772 2861 2820 Et
2892 2768 3031 2838 quia
3086 2784 3119 2820 a
3178 2764 3442 2830 Domino,
3495 2781 3610 2818 non
3643 2780 3677 2818 a

2036 2861 2261 2931 meipso
2295 2860 2703 2913 substentatus
2735 2873 2887 2921 sum,
2922 2856 2999 2910 sit
3045 2854 3315 2926 fortitudo
3344 2870 3465 2909 mea
3498 2852 3677 2908 Domi-

2040 2965 2168 3003 nus.
2204 2947 2367 3003 Unde
2397 2946 2614 3001 Paulus
2647 2963 2660 2999 :
2701 2968 2720 2993 α
2757 2944 2987 3009 Omnia,
3022 2944 3488 3015 inquit,possum
3522 2942 3579 2995 in
3613 2958 3679 2995 eo

2035 3037 2135 3108 qui
2161 3054 2251 3091 me
2282 3037 2590 3102 confortat,
2623 3039 2681 3088 et
2708 3034 2837 3088 laus
2871 3049 3001 3087 mea
3031 3032 3314 3087 Dominus
3344 3030 3623 3098 (Phil.iv),
3648 3053 3675 3079 ››

2032 3127 2091 3180 id
2125 3130 2233 3192 est,
2266 3125 2391 3195 ipse
2426 3124 2709 3178 Dominus
2738 3123 2815 3176 sit
2842 3121 3318 3185 laudandus,non
3342 3136 3469 3191 ego,
3492 3130 3543 3173 et
3571 3119 3681 3173 hoc

2031 3214 2183 3279 ideo,
2215 3212 2353 3283 quia
2383 3217 2566 3281 factus
2584 3218 2663 3265 est
2691 3211 3299 3271 mihiinsalutem,non
3322 3212 3501 3277 factus
3525 3207 3677 3276 quod

2034 3301 2200 3372 prius
2229 3317 2343 3353 non
2378 3316 2559 3353 eram.
2596 3299 2662 3351 Et
2692 3298 2820 3351 ideo
2852 3300 2927 3351 sit
2955 3297 3216 3366 fortitudo
3243 3311 3369 3349 mea
3398 3295 3678 3363 Dominus,

2038 3394 2094 3444 et
2127 3405 2242 3442 non
2274 3403 2379 3458 ego
2412 3386 2555 3453 ipse,
2599 3387 2737 3456 quia
2766 3386 2866 3455 qui
2902 3386 2957 3439 in
2991 3402 3099 3438 sua
3143 3383 3481 3437 fortitudine
3504 3383 3680 3436 confi-

2044 3477 2188 3531 dunt
2218 3476 2436 3530 cadunt
2458 3491 2590 3528 eum
2624 3472 3244 3543 impelluntur.Nullus
3269 3476 3462 3526 autem
3485 3470 3543 3524 in
3566 3486 3683 3525 cer-

2036 3566 2256 3620 tamine
2286 3564 2464 3629 cadit,
2495 3562 2600 3617 nisi
2631 3563 2799 3631 cujus
2831 3562 3109 3616 fortitudo
3132 3566 3189 3615 et
3220 3560 3474 3615 laudatio
3507 3560 3680 3613 cadit.

2037 3654 2125 3710 Sit
2155 3670 2290 3725 ergo
2322 3654 2583 3707 Dominus
2640 3651 2904 3721 fortitudo
2965 3656 3021 3704 et
3078 3650 3337 3704 laudatio
3368 3654 3587 3717 nostra,
3622 3652 3686 3701 ut

2038 3760 2171 3798 cum
2202 3759 2269 3798 eo
2300 3747 2527 3797 stemus
2559 3741 2657 3811 qui
2724 3757 2988 3810 nunqum
3053 3738 3212 3793 cadit
3245 3757 3256 3793 :
3289 3742 3337 3792 et
3366 3739 3555 3807 factus
3611 3744 3689 3791 est

2038 3834 2180 3887 mihi
2200 3835 2261 3887 in
2285 3834 2536 3886 salutem.
2572 3831 2732 3884 Unde
2766 3829 2840 3884 sit
2869 3852 2895 3876 ‹‹
2930 3845 3036 3882 vox
3068 3826 3473 3883 exsultationis
3504 3834 3557 3880 et
3589 3820 3682 3881 sa-

2038 3921 2181 3976 lutis
2213 3922 2270 3975 in
2304 3919 2699 3975 tabernaculis
2724 3920 3079 3989 justorum,»
3118 3917 3172 3971 id
3191 3921 3299 3983 est,
3332 3916 3389 3970 in
3427 3914 3682 3971 ﬁdelium

2039 4010 2334 4075 cordibus,
2370 4009 2467 4062 ubi
2499 4013 2705 4078 putant
2736 4012 3140 4077 persecutores
3171 4023 3297 4062 esse
3328 4023 3525 4060 vocem
3552 4022 3688 4060 moe-

2041 4097 2188 4153 roris
2218 4102 2275 4151 et
2306 4095 2577 4163 tristitiae,
2620 4096 2695 4149 sit
2750 4111 2855 4149 vox
2913 4096 3295 4150 exsultationis
3342 4100 3397 4150 et
3454 4093 3683 4148 laetitiis.

2041 4186 2202 4241 Unde
2236 4184 2450 4239 Paulus
2486 4200 2496 4239 :
2533 4208 2557 4231 ‹‹
2592 4184 2713 4238 Non
2746 4184 2958 4249 solum,
2993 4184 3091 4249 ait,
3125 4183 3446 4255 gloriamur
3475 4183 3528 4257 in
3562 4200 3685 4253 spe,

2042 4276 2143 4330 sed
2175 4274 2352 4328 etiam
2385 4273 2709 4345 gloriamur
2739 4273 2793 4327 in
2825 4272 3302 4328 tribulationibus
3333 4274 3510 4343 (Rom.
3543 4272 3620 4336 ν),
3660 4292 3687 4317 ››

2044 4368 2102 4418 et
2133 4363 2256 4417 haec
2288 4364 2486 4416 omnia
2517 4379 2583 4416 ex
2614 4363 2727 4416 Deo
2762 4368 2920 4429 sunt,
2952 4362 3090 4431 quia
3118 4361 3341 4415 dextera
3362 4361 3583 4414 Domini
3612 4358 3689 4411 fe-

2045 4454 2119 4509 cit
2150 4452 2425 4513 virtutem,
2451 4450 2600 4504 hanc
2633 4472 2659 4498 ‹‹
2693 4450 2992 4511 virtutem,
3026 4449 3259 4503 dextera
3288 4446 3516 4501 Domini
3540 4445 3691 4500 exal-

270 4540 418 4612 quia
447 4540 555 4595 etsi
580 4541 793 4610 juvant
821 4544 877 4594 et
907 4538 1081 4593 homo
1106 4539 1162 4591 et
1191 4534 1454 4607 angelus,
1490 4534 1585 4590 ille
1617 4540 1812 4592 tamen
1838 4555 1936 4607 per
1966 4548 2012 4612 D
2039 4540 2182 4595 tavit
2214 4556 2323 4593 me.
2364 4562 2383 4586 ι
2421 4538 2491 4591 Et
2523 4554 2592 4591 ne
2622 4538 2859 4591 exaltati
2893 4537 2961 4590 de
2994 4536 3163 4590 nobis
3205 4550 3692 4605 przesumeremus

272 4644 379 4685 eos
401 4628 521 4684 haec
551 4632 828 4700 cperatur
850 4627 950 4697 qui
976 4643 1079 4698 pro
1103 4624 1275 4679 modo
1299 4641 1498 4678 eorum
1524 4628 1581 4679 et
1611 4642 1715 4696 pro
1737 4632 1937 4681 nostra

271 4717 627 4773 necessitate
677 4734 776 4772 eos
835 4716 972 4771 facit
1004 4716 1211 4775 bonos.
1247 4716 1455 4768 Bonum
1503 4723 1580 4768 est
1627 4731 1849 4785 sperare
1876 4717 1935 4769 in

272 4808 511 4863 Domino
543 4822 707 4878 quam
744 4821 970 4875 sperare
999 4806 1056 4858 in
1084 4804 1449 4873 principibus,
1482 4806 1538 4856 et
1568 4802 1703 4857 inde
1734 4820 1933 4874 exper-

271 4900 338 4951 to
370 4895 517 4951 mihi
546 4894 904 4951 credendum
937 4898 1041 4963 est,
1068 4891 1207 4964 quia
1237 4907 1423 4946 omnes
1443 4894 1625 4959 gentes
1653 4893 1936 4947 circumie-

275 4993 413 5041 runt
440 5000 545 5055 me,
576 4989 629 5039 et
660 4984 768 5039 hoc
800 4984 1019 5038 factum
1052 4985 1140 5037 est
1170 4982 1228 5034 in
1266 4981 1493 5035 nomine
1520 4980 1761 5047 Domini,
1796 4981 1935 5035 sub-

278 5074 455 5131 audis
485 5072 889 5146 gloriﬁcando,
921 5074 1052 5142 quia
1082 5069 1237 5125 ultus
1263 5086 1387 5124 sum
1418 5070 1478 5123 in
1505 5085 1613 5139 eos,
1647 5071 1936 5140 quosdam

279 5181 354 5220 ex
394 5161 509 5218 illis
540 5162 685 5217 mihi
716 5160 1216 5232 concorporando.
1250 5157 1354 5214 Hic
1405 5163 1681 5213 notantur
1711 5159 1939 5215 labores

279 5269 434 5326 quos
464 5251 623 5322 passi
656 5254 794 5305 sunt
816 5254 1011 5323 patres
1035 5246 1220 5303 nostri
1253 5245 1312 5300 in
1345 5246 1639 5317 prirnitiva
1662 5247 1936 5315 Ecclesia,

277 5358 422 5399 cum
449 5340 589 5395 dicit
614 5357 626 5394 :
653 5341 848 5396 Omnes
866 5344 1054 5411 gentes
1074 5336 1468 5391 circumierunt
1496 5351 1601 5402 me,
1625 5337 1783 5405 quia,
1808 5353 1939 5391 cum

275 5429 533 5505 apostoli
593 5428 813 5500 singuli
865 5426 1133 5498 singulas
1196 5423 1523 5495 provincias
1582 5424 1944 5495 susciperent

273 5518 724 5583 convertendae,
761 5535 875 5573 non
931 5517 1041 5571 hoc
1075 5512 1345 5568 ﬁdelibus
1388 5516 1475 5565 est
1525 5511 1858 5569 inauditum
1890 5520 1945 5570 et

272 5606 650 5680 incognitum
674 5610 895 5678 quanta
906 5603 1165 5678 gentium
1184 5599 1585 5672 persecutione
1599 5600 1947 5663 circumdati

279 5701 449 5769 sunt,
480 5695 583 5754 sed
615 5695 991 5768 gaudendum
1024 5696 1131 5766 est,
1166 5690 1304 5764 quia
1342 5688 1647 5748 victoriam
1679 5692 1946 5752 obtinue-

2048 4628 2356 4699 subjungit
2386 4644 2403 4687 ,·
2435 4626 2663 4681 dextera
2691 4627 2915 4680 Domini
2943 4627 3071 4695 fecit
3098 4626 3378 4679 virtutem.

2123 4719 2258 4783 Quae
2276 4717 2464 4785 major
2476 4716 2662 4770 virtus
2676 4731 2853 4785 quam
2870 4714 3121 4769 exaltare
3134 4712 3694 4780 humilem,viviﬁca-

2050 4824 2110 4862 re
2124 4805 2720 4877 mortalem,praabere
2736 4804 2806 4857 de
2820 4803 3160 4857 inﬁrmitate
3186 4803 3592 4874 perfectionem
3606 4803 3695 4868 ,de

2049 4893 2410 4964 subjectione
2423 4892 2771 4964 gloriam,de
2795 4892 3063 4962 passione
3079 4890 3379 4945 victoriam
3392 4892 3549 4954 ,dare
3562 4890 3696 4944 auxi

2048 4982 2191 5037 lium
2209 4982 2278 5035 de
2293 4967 2670 5035 tribulatione
2683 4985 2747 5034 ut
2759 4980 2989 5034 afflictis
3005 4997 3139 5033 vera
3150 4978 3234 5033 sal
3246 4996 3314 5033 us
3329 4979 3427 5032 Dei
3445 4983 3698 5048 patesce-

2050 5075 2136 5125 ret
2164 5075 2219 5125 et
2262 5068 2659 5141 afﬁigentibus
2690 5085 2838 5123 vana
2870 5068 3031 5123 salus
3062 5066 3320 5121 hominis
3352 5072 3693 5121 remaneret.

2049 5162 2314 5215 Dexterra
2328 5159 2547 5212 Domini
2561 5160 2692 5228 fecit
2713 5157 3023 5220 mc,etideo
3044 5172 3153 5209 non
3175 5157 3391 5209 moriar
3410 5155 3693 5209 mortein-

2059 5247 2289 5303 terioris
2304 5246 2561 5300 hominis
2577 5245 2994 5300 consentiendo
3030 5244 3293 5297 videlicet
3310 5245 3696 5313 persecutori-

2056 5337 2166 5391 bus
2190 5335 2385 5405 ,meis,
2416 5334 2506 5388 sed
2538 5336 2723 5388 vivam
2756 5333 2813 5387 in
2850 5333 3115 5395 Domino,
3155 5333 3326 5401 cujus
3354 5333 3581 5386 dextera
3611 5349 3700 5386 me

2051 5421 2511 5480 exaltavit.Unde
2534 5422 2785 5477 Paulus:
2829 5446 2847 5469 ι
2885 5421 3388 5491 Vivo,inquit.jnm
3422 5438 3535 5475 non
3569 5438 3694 5494 ego,

2052 5514 2194 5568 vivit
2222 5511 2423 5567 veroiu
2447 5528 2537 5564 me
2560 5511 3146 5581 Christus(l.'al.n],m
3172 5514 3228 5563 et
3255 5510 3502 5565 narrabo
3525 5527 3699 5582 opera

2055 5600 2343 5660 Dominizn
2361 5600 2537 5671 quia«
2560 5615 2748 5671 neque
2765 5615 3141 5672 mors,neque
3168 5597 3285 5654 vita
3297 5599 3696 5671 separabitme

2058 5710 2091 5751 a
2120 5690 2402 5750 charitate
2432 5687 2645 5747 Christi
2674 5690 2846 5763 (Rom.
2870 5692 2993 5763 vui)
3023 5707 3045 5747 .·
3076 5711 3105 5739 ››
3128 5688 3230 5747 sed
3273 5704 3504 5763 semper
3526 5689 3695 5749 inno-
