4024 6192
393 319 506 384 '18!

969 329 1272 392 REMIGII
1315 330 2065 395 ANTISSIODORBNSIS
2111 331 2284 394 OPP.
2331 331 2532 393 PARS
2573 330 2623 392 Ι.
2656 328 3222 393 —EXEGETICA.

3673 331 3806 398 733

395 458 614 512 tescam
646 457 777 514 aliis
808 477 914 515 sua
943 478 1119 533 opera
1146 467 1204 518 et
1234 464 1461 532 merito,
1495 465 1634 536 quia
1676 488 1702 514 «
1739 465 2035 536 castigans
2067 467 2119 533 Α
2150 481 2256 519 vox
2287 464 2520 520 illorum
2553 464 2623 518 de
2675 463 2972 534 primitiva
3013 463 3270 519 Ecclesia
3318 461 3796 524 benedicentium

396 545 701 618 castigavit
735 565 826 603 me
856 550 1172 606 Dominus»
1209 555 1533 610 renovando
1557 554 1867 626 mespiritu
1893 555 2038 610 inte-

396 635 541 702 rius,
575 635 707 691 licet
736 639 983 693 exterior
1014 640 1190 696 homo
1221 638 1655 716 corrumpatur.
1719 645 1842 699 Non
1903 661 2038 717 ergo

394 724 716 796 quidquam
749 727 970 783 viribus
1003 730 1125 785 suis
1158 731 1392 788 licuisse
1423 734 1740 788 arbitretur
1771 734 2038 788 fremitus

391 811 706 884 impiorum
737 815 795 870 in
821 819 1220 888 persecutione
1243 821 1671 894 ﬁdelium,quia
1705 823 2037 894 paterfami-

391 899 500 956 lias
531 919 682 974 saepe
712 921 813 975 per
837 909 1232 979 nequissimos
1258 928 1452 967 servos
1465 913 1702 983 corrigit
1725 912 2033 978 ﬁlios,cum

389 992 571 1046 servis
601 997 796 1049 tamen
828 1000 1135 1067 compedes
1165 1005 1346 1069 paret,
1381 1005 1436 1055 et
1467 1000 1604 1057 ﬁliis
1635 1002 2032 1057 hereditatem

388 1085 592 1136 servet.
630 1104 657 1131 ‹‹
687 1083 992 1156 Castigans
1017 1089 1326 1160 castigavit
1357 1106 1446 1144 me
1465 1091 1836 1159 Dominus,et
1856 1092 2030 1145 morti

387 1186 501 1224 non
536 1172 775 1226 tradidit
805 1191 954 1229 me.»
989 1180 1052 1230 Et
1072 1176 1206 1248 quia
1234 1177 1291 1232 in
1317 1179 1423 1234 hac
1447 1179 1830 1251 castigatione
1861 1181 2032 1236 morti

385 1275 500 1314 non
532 1262 750 1326 tradar,
782 1279 882 1318 vos
914 1271 1313 1334 persecutores
1349 1269 1698 1338 meiaperite
1730 1271 1870 1323 mihi
1901 1286 2030 1338 per-

384 1351 684 1404 secutione
715 1356 903 1408 vestra
930 1363 1113 1423 portas
1146 1357 1406 1424 justilize,
1443 1362 1498 1412 et
1549 1361 1821 1428 ingressus
1854 1360 1912 1412 in
1943 1376 2031 1412 eas

383 1438 680 1506 conﬁtebor
709 1441 957 1507 Domino,
991 1443 1046 1496 id
1079 1450 1185 1512 est,
1218 1444 1514 1516 gloriabor
1545 1447 1604 1500 in
1636 1447 2028 1506 Domino.non

387 1525 446 1580 in
483 1527 728 1598 meipso.
763 1529 1219 1600 Portajustitiaz,
1255 1537 1318 1587 ut
1353 1534 1556 1602 justus
1587 1550 1657 1589 ex
1717 1536 1829 1590 ﬁde
1878 1535 2030 1589 vivat

384 1615 560 1684 (Rom.
598 1616 636 1687 ι)
667 1622 721 1671 et
753 1619 1039 1688 patienter
1068 1619 1124 1674 in
1158 1637 1258 1692 spe
1287 1627 1579 1693 exspectet
1609 1624 2028 1695 promissiones

385 1721 513 1775 quae
539 1711 824 1761 reservate
857 1712 995 1762 sunt
1024 1709 1071 1763 ei
1107 1709 1161 1764 in
1197 1710 1482 1766 futurum.
1505 1712 1632 1767 Haec
1665 1730 1802 1784 spes
1837 1714 2026 1785 magis

2150 553 2502 626 posteriores
2519 557 2574 607 et
2603 553 2685 608 sic
2708 553 3378 609 dicentium:Benedictus
3397 555 3496 624 qui
3515 559 3800 612 venturus

2148 646 2238 698 est
2278 644 2338 696 in
2366 643 2590 697 nomine
2618 642 2933 696 Domini.Et
2964 657 3070 696 nos
3098 642 3168 695 de
3194 641 3350 696 domo
3381 645 3612 699 Domini
3633 649 3797 700 entes

2147 731 2206 785 id
2241 736 2350 801 est,
2389 731 2569 786 Deum
2605 735 2797 786 mente
2827 730 3196 802 attingentes,
3233 731 3600 788 benedicimus
3627 733 3796 799 vobis,

2147 820 2205 875 id
2238 825 2346 887 est,
2393 819 2832 886 annuntiamus,
2886 820 3024 890 quia
3080 821 3345 874 Dominus
3397 819 3675 877 Christus
3715 827 3799 877 est

2145 911 2284 964 Deus
2316 910 2430 964 Deo
2463 909 2619 963 Patri
2661 906 2903 979 aequalis
2939 925 2951 963 :
2985 912 3037 964 et
3067 909 3192 980 ipse
3222 909 3415 964 illusit
3443 910 3697 980 nobis,ut
3720 912 3799 966 in-

2145 996 2542 1069 telligeremus
2574 997 2727 1068 quod
2757 997 3121 1052 credimuset
3150 997 3314 1052 vobis
3345 999 3608 1053 nondum
3633 997 3799 1054 intel-

2143 1085 2482 1156 ligentibus,
2517 1087 2617 1141 sed
2651 1085 3567 1153 credentibus,nuntiaremus.Ut
3598 1092 3797 1144 autem

2144 1181 2200 1230 et
2229 1192 2328 1230 vos
2360 1173 2725 1246 intelligatis,
2761 1196 2787 1224 α
2818 1175 3155 1230 constituite
3195 1175 3352 1230 diem
3381 1175 3737 1246 solemnem,
3771 1202 3796 1225 ι)

2145 1268 2482 1333 separantes
2527 1279 2626 1319 vos
2684 1281 2716 1318 a
2746 1262 3082 1318 carnalibus
3131 1264 3457 1334 desideriis,
3487 1269 3548 1319 et
3578 1281 3616 1320 a
3649 1282 3798 1320 mor-

2140 1352 2257 1406 tuis
2306 1353 2602 1423 operibus,
2629 1357 2694 1407 ut
2724 1353 2931 1406 divinae
2965 1351 3456 1424 contemplationi
3508 1357 3795 1426 satagatis

2143 1443 2190 1509 (I
2218 1442 2366 1496 Petr.
2399 1441 2559 1510 Ii).Et
2590 1440 2697 1495 hoc
2729 1457 2840 1495 non
2875 1442 3132 1512 segniter
3161 1440 3442 1512 agite.sed
3477 1443 3540 1496 in
3557 1443 3793 1500 conde-n-

2137 1531 2298 1595 sis,id
2331 1534 2419 1585 est
2440 1529 2499 1583 in
2527 1529 3117 1600 frequentationibus,
3139 1529 3519 1600 procedentes
3557 1550 3578 1578 ι
3604 1548 3794 1602 usque

2139 1620 2209 1674 ad
2241 1636 2419 1674 cornu
2455 1617 2712 1683 altaris,»
2748 1618 2804 1672 id
2837 1621 3141 1688 est,usque
3159 1618 3227 1672 ad
3260 1617 3795 1677 altioravelaminis

2137 1707 2317 1778 (Hebr.
2351 1715 2450 1777 vr),
2502 1710 2566 1761 ut
2622 1705 2963 1778 intelligetis
3013 1707 3142 1776 ejus
3197 1705 3538 1762 interiorem
3585 1708 3792 1764 divini-

384 1794 722 1850 accenditur
749 1796 807 1850 in
841 1813 1194 1869 unoquoque
1224 1800 1375 1855 fideli
1409 1818 1540 1856 cum
1565 1803 1815 1857 sustinet
1837 1819 2026 1873 perse-
2062 1839 2104 1902 Β
2133 1800 2334 1864 tatem,
2365 1797 2465 1866 qui
2525 1794 2696 1850 DObiS
2752 1794 3096 1850 exteriorem
3150 1786 3580 1850 humanitatem
3649 1796 3792 1852 lacte

387 1881 645 1902 -__13_,,-A
690 1885 726 1902 ,I
783 1885 793 1896 ⁸
849 1886 919 1902 n1
965 1887 997 1902 1·
1140 1887 1153 1902 1
1401 1894 1410 1902 ι
1485 1891 1524 1902 1‘
1638 1891 1647 1900 ο
1702 1891 1712 1901 ο
1765 1892 1777 1902 ο
1864 1892 1899 1902 ,ο
1937 1891 1948 1902 ο
2226 1890 2237 1902 ι
2283 1885 2321 1902 ',
2394 1885 2455 1902 ‘I‘,
2521 1885 2592 1902 II'
2636 1885 2647 1902 Ι
2792 1889 2806 1902 \
2979 1884 2992 1902 1
3034 1900 3105 1902 ,,,_
3184 1883 3387 1902 j,‘,,,,1,
3511 1901 3522 1902 κ
3570 1888 3582 1902 ι
3653 1883 3696 1902 ιγ
3741 1893 3751 1902 ι

382 1881 648 1938 cutiones
679 1885 750 1940 ab
781 1885 999 1941 inﬁdeli
1031 1904 1041 1942 :
1078 1910 1106 1937 «
1140 1887 1259 1943 haec
1291 1894 1455 1959 porta
1485 1891 1900 1960 Domini,justi
1934 1891 2028 1946 in-

399 1971 638 2027 trabunt
662 1973 717 2027 in
751 1991 899 2030 eam.
937 1999 964 2025 ››
996 1978 1167 2042 Quasi
1201 1979 1358 2032 dicat
1389 1994 1401 2032 :
1436 1980 1570 2034 Ideo
1628 1997 1765 2052 rogo
1799 1985 1863 2034 ut
1892 1997 2026 2052 ape-

393 2059 619 2114 riantur
650 2062 792 2116 mihi
826 2069 1003 2134 porta:
1027 2065 1369 2136 justitize,ut
1400 2067 1731 2136 ingrediens
1749 2069 2029 2124 conﬁtear

392 2148 807 2222 Domino,quia
838 2153 958 2207 hmo
990 2154 1124 2209 talis
1155 2164 1319 2226 porta
1349 2160 1437 2211 est
1471 2156 1848 2228 Domini;ipse
1869 2159 2023 2213 enim

378 2237 544 2309 prius
576 2239 815 2296 intravit
843 2260 944 2314 per
974 2243 1122 2300 hanc
1155 2249 1403 2316 portam,
1454 2247 1592 2316 quia
1622 2246 1781 2317 prior
1813 2263 2025 2318 passus

378 2324 549 2383 nobis
581 2331 908 2403 exemplum
943 2333 1198 2404 patiendi
1229 2334 1466 2390 intravit
1489 2351 1590 2406 per
1616 2335 1767 2390 hanc
1798 2341 2023 2407 portam

376 2415 655 2473 intraturi
689 2425 829 2475 sunt
856 2422 1150 2492 solijusti.
1190 2424 1566 2480 «Conﬁtebor
1599 2425 1701 2479 tibi
1747 2425 2020 2497 quoniam

377 2507 666 2562 exaudisti
699 2515 876 2574 me,et
907 2512 1095 2566 factus
1126 2527 1188 2566 es
1214 2513 1349 2567 mihi
1385 2513 1441 2567 in
1477 2513 1760 2568 salutem:
1798 2537 1825 2563 »
1855 2515 2024 2584 quasi

385 2594 560 2647 dicat:
596 2595 720 2648 Dixi
741 2599 1190 2667 utaperirentur
1221 2600 1362 2654 mihi
1397 2601 1821 2672 portaajustitiae
1846 2603 2022 2672 :quod

383 2681 502 2745 ﬁet,
533 2681 670 2752 quia
699 2699 804 2755 ego
828 2685 953 2754 jam
987 2686 1343 2756 ingrediens,
1373 2710 1393 2736 α
1430 2689 1748 2743 conﬁtebor
1776 2689 1904 2755 tibi,
1930 2711 1956 2738 »
1992 2705 2024 2743 o

379 2769 645 2837 Domine,
681 2794 709 2823 «
745 2775 1021 2844 quoniam
1056 2775 1342 2830 exaudisti
1398 2792 1490 2831 me
1519 2799 1546 2826 »
1600 2777 1774 2831 etiam
1805 2777 1865 2831 in
1897 2778 2024 2848 ipsa

374 2861 744 2916 exauditione
778 2885 806 2912 ‹‹
856 2863 1046 2918 factus
1099 2880 1160 2917 es
1189 2864 1331 2918 mihi
1383 2863 1441 2918 in
1502 2864 1837 2919 salutem.»
1893 2866 2022 2920 Haec

377 2950 668 3005 confessio
692 2968 807 3005 non
831 2951 1044 3006 vulnus
1066 2952 1291 3007 medico
1313 2953 1657 3024 detegit,sed
1673 2955 1740 3009 de
1772 2954 2022 3010 sanitate

373 3037 592 3108 gratias
626 3039 765 3110 agit.
802 3063 828 3090 «
867 3042 1072 3096 Factus
1103 3057 1165 3096 es
1197 3041 1342 3096 mihi
1372 3041 1430 3096 in
1466 3042 1735 3108 salutem,
1770 3065 1797 3092 ››
1829 3047 1885 3098 et
1914 3044 2022 3100 hoc

374 3125 548 3180 modo
584 3145 596 3181 :
633 3127 772 3198 quia
793 3151 821 3178 ‹‹
847 3128 1100 3200 lapidem
1134 3147 1308 3201 quem
1356 3131 1811 3202 reprobaverunt
1840 3133 2020 3188 aediﬁ-

2139 1885 2467 1940 nutricndis
2518 1885 2709 1954 (Hebr.
2753 1889 2809 1951 ν)
2860 1884 3114 1955 prmbere
3171 1883 3449 1956 dignatus
3501 1888 3613 1940 est.
3652 1883 3792 1942 Nota

2137 1975 2288 2045 quod
2329 1973 2488 2038 dicit,
2524 1990 2711 2045 usque
2761 1974 2830 2028 ad
2883 1990 3064 2028 cornu
3124 1972 3347 2038 altaris,
3383 1995 3411 2022 ››
3444 1973 3570 2029 Mos
3633 1977 3789 2030 enim

2137 2063 2246 2118 fuit
2274 2062 2612 2118 Judazorum
2660 2067 2724 2118 ut
2787 2081 2847 2118 in
2919 2061 3185 2118 Paschali
3251 2061 3397 2118 festo
3455 2063 3790 2136 Hierosoly-

2137 2169 2295 2207 mam
2328 2153 2726 2219 convenirent,
2760 2152 2908 2207 diem
2965 2153 3268 2208 solemnem
3315 2150 3695 2208 celebraturi.
3728 2155 3788 2209 Et

2139 2243 2280 2314 quia
2311 2258 2528 2313 magna
2565 2242 2677 2297 fuit
2725 2241 3044 2297 multitudo
3102 2257 3231 2295 cum
3282 2240 3341 2296 in
3390 2241 3616 2313 templo
3655 2259 3787 2298 cono

2135 2332 2552 2404 gregabantur,
2588 2330 2970 2402 impellebant
3007 2345 3180 2400 usque
3224 2329 3294 2384 ad
3346 2346 3519 2385 cornu
3566 2331 3786 2393 altaris.

2136 2424 2200 2476 ut
2228 2421 2308 2475 ibi
2341 2423 2583 2476 starent.
2620 2420 2724 2484 Qui
2753 2434 2890 2490 ergo
2939 2419 3089 2474 diem
3144 2420 3437 2474 solemnem
3480 2422 3788 2475 constituit

2133 2510 2407 2580 procedat
2443 2510 2514 2564 ad
2549 2525 2767 2562 cornua
2809 2507 3037 2573 altaris,
3070 2506 3404 2577 intelligens
3461 2507 3523 2562 in
3573 2508 3787 2564 huma-

2135 2597 2314 2653 nitate
2346 2598 2732 2663 divinitatem,
2768 2596 2867 2650 ubi
2899 2595 3080 2652 altare
3109 2599 3200 2652 est
3255 2595 3574 2663 excelsum,
3611 2615 3790 2669 super

2135 2688 2290 2756 quod
2324 2686 2505 2742 altare
2535 2685 2901 2741 sacriﬁcatur
2920 2684 3277 2740 sacriﬁcium
3321 2684 3536 2740 laudis.
3571 2708 3602 2735 κ
3635 2685 3782 2741 Con-

2133 2774 2358 2830 stituite
2391 2775 2544 2828 diem
2606 2773 2928 2830 solemnem
2959 2773 3020 2828 in
3079 2773 3411 2840 condensis,
3465 2790 3657 2845 usque
3715 2774 3781 2828 ad

2133 2879 2313 2917 cornu
2348 2861 2570 2928 altaris,
2610 2885 2631 2911 ι
2664 2862 2922 2918 dicentes
2954 2877 2968 2917 :
3005 2863 3144 2916 Deus
3173 2878 3326 2917 meus
3381 2878 3438 2917 es
3486 2867 3566 2917 tu.
3599 2867 3652 2918 et
3682 2879 3787 2934 ego

2133 2956 2401 3006 creatura
2431 2973 2459 3000 ‹‹
2493 2952 2813 3008 conﬁtebor
2855 2951 2981 3016 tibi,
3028 2955 3178 3007 Deus
3235 2967 3400 3006 meus
3451 2967 3512 3007 es
3574 2957 3662 3016 tu,
3729 2957 3786 3008 et

2133 3039 2399 3096 exaltabo
2429 3045 2504 3096 te.
2540 3040 2872 3096 Conﬁtebor
2897 3040 3003 3095 tibi
3032 3039 3310 3112 quoniam
3338 3040 3631 3095 exaudisti
3665 3058 3783 3108 me,

2132 3133 2190 3184 et
2219 3130 2410 3184 factus
2441 3146 2502 3185 es
2529 3129 2671 3184 mihi
2706 3129 2764 3183 in
2797 3129 3071 3196 salutem,
3106 3150 3134 3178 »
3155 3128 3352 3184 dicens
3378 3128 3548 3182 etiam
3582 3130 3782 3199 proxi-

375 3220 598 3283 cantes,
633 3216 725 3272 hic
757 3218 947 3274 factus
978 3223 1068 3274 est
1098 3219 1156 3273 in
1179 3225 1353 3290 caput
1389 3219 1607 3292 anguli.
1645 3243 1672 3269 ››
1705 3221 1877 3293 Lapis
1908 3221 2018 3278 iste
2051 3207 2092 3272 C
2133 3217 2246 3271 mis
2282 3235 2294 3271 :
2328 3241 2356 3267 «
2392 3217 2761 3273 Conﬁtemini
2796 3217 3058 3288 Domino,
3093 3215 3373 3289 quoniam
3395 3216 3605 3283 bonus,
3634 3233 3783 3288 quo-

374 3303 670 3360 Christum
704 3306 831 3377 fuit,
869 3329 895 3358 «
929 3324 1101 3378 quem
1126 3309 2015 3379 reprobaverunt.aadiﬁcantes,»

374 3392 563 3448 Judaei
594 3394 884 3467 videlicet,
919 3396 1018 3468 qui
1058 3397 1129 3452 de
1160 3397 1353 3453 littera
1383 3404 1817 3468 praesumentes,
1851 3417 2020 3456 suam

365 3481 660 3552 justitiam
687 3488 943 3539 statuere
973 3485 1304 3556 voluerunt,
1356 3491 1420 3541 ut
1464 3488 1704 3558 justitiaa
1764 3489 1860 3544 Dei
1906 3505 2021 3544 non

370 3572 841 3642 essent,subjecti
878 3574 1048 3644 (Rom.
1101 3575 1176 3644 χ).
1215 3575 1325 3631 Sed
1377 3575 1446 3630 ab
1492 3574 1609 3630 illis
1654 3567 2017 3647 reprobatus,

377 3679 403 3710 α
435 3660 624 3717 factus
655 3665 746 3717 est
774 3661 836 3716 in
867 3667 1041 3734 caput
1061 3663 1390 3734 anguli,»ut
1416 3663 1473 3718 in
1499 3681 1560 3719 se
1584 3665 1776 3720 uniret
1805 3683 2018 3721 novum
2062 3687 2066 3689 “

371 3748 671 3806 hominem
705 3751 853 3806 duos
878 3751 1436 3823 populos,populum
1458 3752 1726 3808 videlicet
1753 3755 2018 3825 praeputii

374 3841 432 3892 et
461 3838 948 3896 circumcisionis.
987 3842 1055 3895 Et
1083 3841 1194 3896 hoc
1243 3842 1394 3912 quod
1451 3840 1600 3912 lapsi
1650 3841 1747 3896 ille
1778 3862 1801 3887 «
1832 3843 2020 3899 factus

315 3979 318 3981 Α
372 3925 431 3978 iu
467 3934 642 3996 caput
681 3928 904 4000 anguli,
937 3946 969 3983 a
1001 3929 1238 3985 domino
1262 3929 1479 3984 factum
1513 3933 1624 3994 est,
1658 3954 1680 3982 ω
1719 3929 1857 4001 quia
1887 3930 2022 3986 licet

371 4011 482 4067 hoc
513 4030 628 4068 non
661 4021 817 4070 esset
850 4017 1065 4072 factum
1099 4018 1210 4073 nisi
1243 4035 1456 4089 passus
1498 4021 1790 4085 esset,non
1822 4023 2018 4074 tamen

373 4100 448 4155 ab
479 4101 563 4156 eis
594 4119 627 4157 a
658 4104 1072 4175 quibusfaclus
1099 4115 1196 4172 est,
1232 4107 1382 4178 lapis
1405 4107 1705 4178 angularis
1737 4109 2022 4179 processit

373 4191 475 4252 sed
498 4208 532 4246 a
560 4192 802 4247 Domino
830 4210 842 4247 :
877 4214 905 4242 «
939 4197 996 4248 et
1025 4198 1109 4249 est
1145 4195 1410 4250 mirabile
1441 4197 1499 4250 in
1524 4195 1708 4251 oculis
1740 4197 2015 4264 nostris,»

369 4279 751 4336 interioribus
783 4281 1070 4352 videlicet,
1103 4282 1239 4338 licet
1275 4283 1494 4338 Judaeis
1543 4285 1620 4339 sit
1650 4286 2017 4355 scandalum,

373 4370 648 4441 gentibus
681 4370 931 4427 stultitia
963 4372 1008 4442 (Ι
1042 4371 1412 4444 Cor.1).¢Haec
1432 4373 1661 4428 estdies
1694 4391 1873 4446 quam
1889 4375 2022 4431 fecit

372 4458 656 4514 Dominus
691 4478 742 4516 :»
775 4477 949 4532 quem
987 4461 1144 4517 diem
1174 4461 1370 4517 videre
1399 4461 1692 4532 Abraham
1713 4464 2022 4520 exsultavit

2134 3306 2294 3362 niam
2329 3308 2388 3362 in
2419 3307 2697 3364 saeculum
2730 3306 3134 3362 misericordia
3162 3308 3312 3378 ejus.
3348 3327 3375 3354 ››

2650 3439 2983 3495 PSALMUS
3015 3439 3253 3495 CXVIII.

2801 3545 3097 3584 ALLELUIA.

2204 3669 2231 3694 ‹‹
2267 3649 2483 3700 Auzea.
2515 3673 2583 3684 —-—
2614 3642 2775 3698 Beati
2806 3642 3169 3698 immaculati
3198 3641 3259 3698 in
3288 3642 3403 3713 via,
3439 3643 3542 3714 qui
3578 3643 3767 3699 ambu—

2130 3757 2157 3784 ‹‹
2194 3735 2360 3789 lannt
2387 3732 2588 3803 inlege
2618 3731 3152 3803 Domini.Beatiqui
3185 3736 3527 3790 scrutantur
3548 3731 3766 3787 ωείίωο

2129 3846 2156 3872 ‹‹
2193 3823 2291 3877 nia
2321 3823 2450 3893 ejus
2483 3822 2539 3875 in
2572 3826 2691 3876 toto
2725 3821 2898 3877 corde
2929 3820 3245 3892 exquirunt
3272 3837 3435 3876 eum.
3468 3821 3585 3876 Non
3610 3820 3756 3874 enim

2135 3936 2155 3961 α
2191 3911 2292 3982 qui
2333 3915 2650 3982 operantur
2707 3909 3103 3982 iniquitatem,
3138 3909 3197 3964 in
3246 3910 3358 3966 viis
3389 3911 3522 3981 ejus
3574 3908 3761 3965 ambu-

2134 3999 2477 4056 «laverunt.
2514 4001 2599 4054 Tu
2649 3999 2944 4055 mandasti
3004 3999 3284 4055 mandata
3339 4003 3443 4054 tua
3501 3997 3773 4055 custodiri

2132 4112 2159 4140 ‹‹
2195 4089 2394 4144 nimis.
2430 4089 2661 4144 Utinam
2685 4088 3016 4161 dirigantur
3043 4088 3150 4144 viae
3181 4104 3324 4144 meas
3355 4088 3430 4143 ad
3451 4087 3781 4143 custodien-

2135 4203 2156 4231 α
2194 4181 2300 4235 das
2344 4177 2801 4249 justiﬁcationes
2850 4183 3002 4233 tuas.
3045 4178 3212 4233 Tunc
3259 4194 3373 4233 non
3430 4177 3784 4244 confundat,

2131 4292 2159 4319 ‹‹
2193 4284 2328 4324 cum
2364 4281 2713 4339 perspexero
2744 4266 2803 4319 in
2830 4265 3108 4321 omnibus
3133 4265 3426 4321 mandatis
3454 4267 3603 4320 tuis.
3637 4267 3783 4322 Con-

2131 4380 2159 4408 ‹‹
2195 4357 2408 4412 ﬁtebor
2436 4355 2541 4410 tibi
2574 4354 2632 4409 in
2661 4354 2980 4409 directione
3002 4354 3284 4420 cordis,in
3315 4370 3382 4409 eo
3413 4355 3574 4426 quod
3607 4355 3788 4411 didici

2130 4468 2156 4496 ‹‹
2184 4444 2407 4516 judicia
2429 4442 2676 4514 justitiai
2711 4447 2841 4497 tuae.
2883 4442 3346 4498 Justiticationes
3395 4447 3533 4499 tuas
3588 4448 3790 4502 custo-

375 4567 397 4595 ι
430 4547 578 4603 vidit
607 4553 664 4603 et
690 4530 927 4622 gavisus
957 4555 1045 4606 est
1063 4551 1238 4623 (Joan.
1273 4554 1416 4618 vui).
1456 4573 1482 4599 »
1497 4551 1565 4606 Et
1581 4530 1685 4607 τιοὲ
1709 4569 1844 4626 ergo
1861 4557 2016 4610 exul-

2137 4556 2160 4586 ι(
2192 4535 2369 4590 diam.
2404 4549 2520 4587 non
2554 4547 2646 4587 me
2679 4530 3054 4602 derelinquas
3086 4547 3537 4605 usquequaque.
3577 4556 3602 4584 ι

375 4644 553 4691 temus
571 4641 621 4692 et
644 4639 897 4694 laetemur
935 4642 996 4695 in
1031 4657 1114 4711 ea,
1162 4641 1301 4711 quia
1348 4640 1468 4694 haec
1525 4645 1611 4696 est
1642 4642 1766 4696 dies
1796 4643 2018 4699 redem-

373 4725 589 4794 ptionis
643 4732 872 4795 nostrae,
908 4746 1024 4785 non
1065 4731 1189 4786 dies
1221 4729 1472 4785 miseriae
1500 4745 1674 4800 quam
1708 4730 1819 4801 ipsi
1851 4733 2019 4788 nobis

371 4813 641 4870 fecimus.
676 4814 838 4872 Unde
867 4819 1137 4888 superius
1169 4819 1388 4874 dictum
1421 4821 1528 4873 est.
1564 4841 1589 4865 ‹‹
1624 4818 1694 4872 Et
1719 4818 1779 4873 in
1811 4820 2017 4878 diebus

373 4903 520 4958 meis
551 4902 829 4959 invocabo
863 4913 914 4960 te
946 4908 1112 4977 (Psal.
1154 4909 1324 4978 cxxv).
1361 4929 1388 4956 ››
1422 4909 1561 4963 Haec
1590 4911 1678 4962 est
1732 4908 1850 4962 dies
1907 4915 2014 4965 Do-

378 4991 525 5047 mini
555 4993 626 5048 de
647 5010 764 5065 qua
785 4994 1006 5050 dictum
1042 4997 1341 5051 estzaEcce
1370 5012 1528 5050 nunc
1557 5000 1792 5068 tempus
1814 5015 2015 5072 accep-

367 5080 572 5147 tabile,
603 5098 733 5138 ecce
763 5099 918 5138 nunc
938 5083 1061 5138 dies
1096 5083 1302 5139 salutis
1333 5085 1406 5155 (II
1420 5085 1681 5157 Cor.v1).»
1714 5087 2020 5144 «Exsulta-

373 5185 506 5225 mus
537 5171 869 5228 etlaetemur
900 5173 1424 5239 inea,ndicentes:«
1449 5174 1492 5229 Ο
1514 5175 2014 5238 Domine.salvum

372 5276 465 5315 me
487 5260 639 5328 fac,o
663 5263 903 5317 Domine
922 5262 1067 5318 bene
1089 5278 1430 5334 prosperare
1455 5279 1468 5316 :
1507 5284 1526 5310 η
1566 5263 1622 5316 id
1657 5268 2016 5337 est,prospe-

372 5365 503 5403 rum
535 5348 646 5404 iter
675 5351 844 5406 nobis
874 5369 1015 5423 para
1048 5357 1140 5408 :et
1171 5369 1318 5424 opus
1365 5359 1453 5407 est
1491 5357 1553 5405 ut
1602 5359 2018 5423 prosperentur

370 5436 623 5507 tui,quia
655 5444 716 5493 tu
749 5455 810 5494 es
841 5441 1148 5497 benedictus
1177 5444 1272 5514 qui
1302 5445 1584 5496 venturus
1615 5457 1676 5496 es
1708 5443 1769 5496 in
1799 5446 2018 5500 nomine

371 5525 618 5593 Domini,
653 5543 917 5596 quaerens
949 5535 1012 5584 ut
1041 5531 1251 5587 idonea
1281 5532 1544 5586 membra
1585 5529 1690 5585 tibi
1723 5531 2018 5589 addantur

374 5611 567 5678 capiti.
605 5636 631 5661 ‹‹
665 5614 1073 5674 Benediximus
1103 5619 1266 5675 vobis
1293 5619 1364 5674 de
1385 5619 1559 5673 domo
1581 5619 2016 5681 Domini.»Ecce

2752 4637 2884 4693 ENA
2895 4638 3152 4694 RRATIO.

2204 4729 2468 4786 Psalmus
2499 4727 2609 4783 iste
2656 4728 2729 4781 ab
2785 4726 3051 4791 exordio,
3079 4743 3186 4783 suo
3237 4728 3311 4783 ad
3351 4727 3794 4785 beatitudinem

2129 4836 2235 4876 nos
2265 4819 2535 4874 hortatur
2588 4832 2765 4888 quam
2821 4831 2991 4872 nemo
3040 4821 3129 4872 est
3185 4817 3286 4888 qui
3345 4833 3462 4872 non
3522 4824 3794 4892 appetat.

2125 4908 2335 4966 Nullus
2366 4907 2522 4964 enim
2553 4910 2643 4960 est
2672 4904 2772 4975 qui
2821 4920 2936 4959 non
2988 4903 3113 4960 vult
3170 4921 3298 4962 esse
3343 4906 3578 4962 beatus.
3638 4907 3791 4975 Quid

2126 4999 2305 5072 igitur
2333 4994 2730 5052 exhortatione
2784 5010 2930 5065 opus
2969 4998 3059 5050 est
3111 4995 3184 5051 ad
3237 5011 3368 5051 eam
3415 5011 3538 5051 rem
3607 5014 3791 5068 quam

2127 5105 2235 5145 sua
2262 5090 2469 5158 sponte
2509 5082 2744 5139 animus
2801 5083 3025 5154 appetit
3079 5083 3380 5140 humanus
3409 5089 3432 5140 ?
3461 5083 3620 5140 Nam
3657 5103 3792 5158 pro-

2127 5181 2274 5234 iecto
2306 5175 2402 5246 qui
2457 5172 2816 5240 exhortatur,
2847 5171 2906 5227 id
2941 5171 3080 5244 agit,
3115 5176 3181 5228 ut
3229 5172 3515 5228 excitetur
3573 5174 3791 5230 volun-

2123 5271 2216 5323 tas
2246 5266 2374 5336 ejus
2414 5278 2549 5318 cum
2606 5276 2722 5331 quo
2756 5258 2895 5331 agit,
2923 5261 2994 5315 ad
3025 5259 3174 5317 illud
3221 5265 3462 5334 propter
3493 5263 3661 5332 quod
3692 5280 3790 5318 ex-

2125 5352 2474 5412 hortationis
2498 5349 2812 5406 adhibetur
2849 5347 3192 5421 alloquium.
3255 5350 3472 5422 thuid
3503 5367 3651 5423 ergo
3687 5367 3788 5407 no-

2126 5447 2354 5502 biscum
2387 5440 2602 5514 agitur,
2663 5442 2729 5492 ut
2784 5437 2840 5492 id
2901 5437 3172 5506 velimus,
3235 5441 3390 5512 quod
3453 5439 3616 5496 nolle
3669 5455 3784 5495 non

2125 5530 2472 5607 possumus?
2493 5544 2650 5585 nunc
2669 5525 2808 5598 quia
2836 5542 3041 5583 omnes
3072 5529 3501 5585 beatitudinem
3535 5528 3778 5601 quidem

2125 5622 2575 5695 concupiscunt,
2615 5617 2715 5674 sed
2775 5633 2891 5689 quo
2924 5616 3128 5675 ordine
3186 5619 3257 5676 ad
3311 5633 3443 5674 eam
3476 5616 3784 5689 pervenie-
