4024 6192
278 358 399 426 733

1393 354 2002 426 ENARRATIONES
2044 356 2125 419 ΙΝ
2171 358 2561 426 PSALMOS.

3572 365 3692 426 734

278 501 396 569 tur,
438 496 675 570 plurimi
731 498 1025 566 nesciunt,
1084 498 1333 572 ideoque
1388 498 1497 554 hoc
1559 500 1725 554 docet
1783 493 2126 568 psal-AUI
2182 496 2312 552 Tim.
2386 500 2487 568 1v.)
2561 495 2837 569 Nunquid
2913 499 2969 552 et
3040 494 3151 552 iste
3238 492 3365 551 sine
3462 502 3697 568 peccato

281 587 567 655 musiste,
600 588 699 660 qui
732 588 813 643 sic
844 588 1021 644 dicit:

355 699 383 726 ‹‹
418 676 577 731 Beati
638 677 998 732 immaculati
1056 679 1111 732 in
1162 679 1274 747 via,
1334 679 1433 749 qui
1493 678 1799 733 ambulant
1871 676 1930 730 in

280 764 409 837 lege
468 765 784 821 Domini.»
833 768 1135 837 Tanquam
1189 766 1238 821 si
1299 766 1548 821 diceret:
1601 765 1730 821 Scio
1791 764 1931 837 quid

284 854 393 921 vis,
428 855 850 911 beatitudinem
873 856 1088 926 quaeris
1123 874 1134 910 :
1168 871 1304 927 ergo
1330 856 1378 910 si
1411 856 1496 910 vis
1546 872 1673 909 esse
1706 855 1933 918 beatus,

289 948 416 999 esto
451 943 885 999 immaculatus.
922 943 1071 998 Illud
1099 944 1253 998 enim
1286 960 1515 1009 omnes,
1574 944 1682 998 hoc
1742 947 1935 997 autem

284 1034 456 1105 pauci
486 1032 707 1103 volunt,
740 1034 867 1097 sine
900 1050 1014 1105 quo
1064 1038 1259 1088 tamen
1313 1050 1425 1087 non
1476 1032 1808 1104 pervenitur
1866 1033 1936 1087 ad

284 1121 343 1176 id
378 1122 531 1193 quod
564 1138 766 1177 omnes
799 1120 1016 1177 volunt.
1050 1123 1120 1177 Et
1148 1123 1247 1177 ubi
1310 1124 1485 1177 debes
1541 1139 1670 1177 esse
1728 1123 1936 1175 imma-

286 1209 564 1265 culatus?
593 1212 654 1265 In
687 1212 792 1265 via.
827 1210 974 1273 Quid
1026 1216 1223 1265 autem
1274 1211 1349 1265 sit
1410 1228 1537 1265 esse
1595 1209 1939 1265 immacula-

284 1303 415 1353 tum
448 1299 505 1352 in
538 1299 627 1353 via
679 1299 1021 1371 subjungit:
1073 1301 1178 1367 Qui
1224 1300 1515 1354 ambulant
1562 1303 1621 1354 in
1674 1301 1788 1366 lege
1844 1300 1942 1354 Do-

284 1388 454 1443 mini.
498 1386 585 1441 Illi
637 1387 793 1442 enim
862 1389 1213 1443 immaculati
1260 1393 1399 1443 sunt
1458 1391 1515 1443 in
1564 1391 1672 1455 via,
1726 1388 1826 1460 qui
1882 1390 1943 1442 in

291 1476 409 1546 lege
435 1478 658 1532 Domini
688 1475 1071 1543 delectantur,
1126 1494 1228 1549 per
1260 1495 1436 1549 quam
1496 1478 1641 1551 legis
1700 1478 1945 1533 delecta-

284 1566 505 1621 tionem
541 1565 878 1637 pervenitur
936 1566 1006 1619 ad
1068 1567 1515 1622 beatitudinem.
1575 1567 1699 1621 Non
1735 1584 1941 1638 supcr-

288 1656 404 1711 flue
438 1654 607 1710 nobis
637 1654 850 1710 dicitur
870 1656 1026 1726 quod
1062 1656 1145 1710 sic
1170 1655 1538 1727 exprimitur,
1573 1656 1673 1710 sed
1732 1656 1944 1711 exhor-

286 1744 431 1799 tatio
464 1744 792 1798 necessaria
824 1744 1039 1799 nostris
1080 1744 1378 1799 mentibus
1430 1744 1760 1800 adhibetur.
1797 1746 1943 1811 Quid

2040 586 2307 657 nunquid
2342 603 2402 641 se
2438 586 2712 642 seducit?
2744 586 3065 641 Audiamus
3095 587 3289 657 ipsum
3322 585 3700 653 dicentem,et

2042 692 2103 731 se
2135 678 2258 731 sine
2290 682 2522 747 peccato
2555 694 2664 730 non
2708 693 2835 731 esse
2874 676 3266 731 confitentem.
3308 676 3460 730 Dixit
3491 676 3645 730 enim
3683 693 3695 730 :

2045 788 2071 815 ‹‹
2106 765 2227 820 Non
2263 767 2415 838 quod
2447 765 2574 821 volo
2598 767 2707 822 hoc
2742 767 3014 831 facio,sed
3051 766 3204 837 quod
3239 765 3463 820 habitat
3492 765 3549 819 in
3611 782 3703 820 me

2046 862 2343 929 peccatum
2381 856 2660 927 (Romuv).
2700 878 2726 905 »
2764 858 2888 928 Ipse
2920 856 3074 910 enim
3105 855 3223 927 egit
3281 856 3433 925 quod
3484 855 3700 921 noluit,

2047 946 2185 1017 quia
2220 950 2474 1000 tentatus
2498 946 2569 999 ab
2604 944 2828 999 illicitis
2863 944 3551 1007 desideriis,consensum
3587 962 3700 999 non

2048 1035 2429 1109 prmbuitmoc
2452 1036 2522 1089 ad
2556 1034 2951 1105 operationem
2982 1032 3485 1105 perduxit.lllicita
3509 1038 3702 1088 autem

2051 1124 2400 1179 desideriaa
2431 1124 2647 1194 quibus
2680 1123 3018 1177 tentabatur
3066 1127 3337 1193 operatus
3395 1125 3483 1176 est
3533 1122 3589 1176 in
3640 1139 3705 1176 eo

2049 1212 2300 1284 languor
2331 1212 2541 1281 carnis,
2576 1212 2673 1282 qui
2709 1215 3011 1282 peccatum
3044 1210 3402 1279 nominatur,
3444 1210 3583 1281 quia
3640 1228 3708 1265 ex

2052 1320 2223 1375 poena
2254 1301 2471 1374 peccati
2507 1300 2910 1355 contrahitur:
2941 1304 2997 1354 et
3026 1299 3185 1354 omni
3218 1304 3380 1354 reatu
3441 1301 3707 1356 criminis

2052 1394 2111 1446 in
2145 1394 2510 1446 sacramento
2538 1389 2913 1460 baptismatis
2956 1388 3165 1453 deleto,
3200 1390 3362 1443 solus
3422 1391 3709 1445 remansit

2052 1479 2318 1551 languor,
2352 1496 2419 1533 ex
2449 1495 2563 1549 quo
2623 1483 2877 1549 surgunt
2936 1475 3123 1530 illiciti
3176 1480 3422 1530 motus:
3487 1476 3704 1549 quibus

2054 1568 2509 1641 surgentibus,si
2536 1567 2736 1621 nullus
2768 1567 2850 1621 eis
2874 1567 3164 1638 praebetur
3185 1582 3464 1620 assensus
3490 1566 3710 1621 nullus-

2054 1656 2414 1729 quelaxetur
2457 1657 2715 1722 effectus,
2749 1655 2911 1710 nulla
2963 1658 3331 1726 perpetratur
3374 1654 3653 1726 iniquitas
3690 1674 3701 1715 :

2055 1749 2111 1801 et
2133 1745 2217 1800 sic
2249 1745 2545 1799 nonobest
2592 1744 2841 1816 languor
2897 1743 3110 1811 carnis,
3136 1744 3185 1798 si
3247 1759 3346 1814 per
3402 1760 3537 1798 eum
3588 1762 3704 1798 non

288 1833 448 1889 enim
477 1832 613 1887 boni
655 1832 749 1899 sit,
781 1832 851 1886 ad
895 1833 1051 1903 quod
1106 1833 1277 1887 multi
1328 1833 1473 1904 pigri
1515 1838 1672 1902 sunt,
1719 1834 1776 1888 id
1836 1838 1945 1901 est,
1976 1859 2025 1925 B
2058 1837 2426 1906 perpetretur
2483 1850 2630 1905 opus
2714 1832 3064 1904 iniquitatis,
3152 1831 3485 1903 iniquitatis
3556 1832 3710 1900 dico,

286 1920 696 1977 immaculatos
754 1921 1054 1977 ambulare
1112 1922 1171 1976 in
1221 1923 1332 1987 via,
1385 1939 1512 1993 quae
1579 1922 1669 1977 lex
1716 1922 1945 1979 Domini

286 2016 399 2077 est,
480 2010 563 2064 sic
628 2010 975 2075 ostenditur,
1037 2026 1171 2064 cum
1223 2012 1421 2065 beatos
1488 2029 1616 2066 esse
1675 2013 1777 2083 qui
1838 2013 1948 2068 hoc

289 2097 535 2165 faciunt,
596 2097 856 2153 indicat:
916 2103 979 2151 ut
1036 2104 1274 2170 propter
1327 2099 1473 2155 illud
1527 2101 1682 2171 quod
1743 2118 1948 2157 omnes

291 2185 494 2239 volunt
525 2189 579 2240 et
610 2185 719 2240 hoc
755 2187 854 2240 ﬁat
912 2187 1067 2256 quod
1128 2186 1367 2258 plurimi
1423 2188 1649 2243 nolunt.
1708 2191 1947 2245 Beatum

292 2273 707 2345 quippe'esse,
764 2278 883 2328 tam
945 2291 1226 2345 magnum
1286 2276 1505 2330 bonum
1562 2282 1667 2346 est,
1732 2283 1793 2331 ut
1841 2278 1949 2332 hoc

290 2360 476 2416 velint
510 2361 645 2416 boni
678 2365 734 2416 et
779 2360 938 2417 mali.
998 2362 1112 2417 Nec
1166 2363 1383 2419 mirum
1433 2369 1546 2431 est,
1599 2366 1753 2436 quod
1812 2366 1950 2420 boni

290 2454 602 2521 propterea
634 2455 773 2505 sunt
804 2451 962 2521 boni,
980 2456 1043 2505 ut
1073 2451 1191 2506 sint
1239 2453 1391 2507 beati
1428 2470 1439 2507 :
1496 2457 1595 2508 sent
1656 2454 1801 2508 illud
1860 2460 1951 2509 est

291 2538 696 2609 mirum,quod
742 2540 1037 2606 mali,ideo
1088 2544 1227 2595 sunt
1285 2541 1447 2609 mali,
1483 2548 1546 2596 ut
1595 2542 1713 2596 sint
1771 2544 1945 2597 beati.

290 2627 439 2683 Nam
474 2626 744 2698 quisquis
772 2628 1025 2684 avaritiae
1064 2627 1289 2683 facibus
1346 2630 1682 2697 inardescit,
1756 2630 1947 2685 libidi-

290 2716 469 2771 nibus
529 2715 766 2783 effluit;
821 2717 893 2770 ad
942 2716 1051 2770 hoc
1110 2717 1317 2783 tendit,
1352 2723 1417 2772 ut
1472 2735 1706 2790 quoquo
1774 2719 1947 2773 modo

292 2806 365 2861 ad
397 2804 823 2861 beatitudinem
856 2804 1176 2876 perveniat,
1233 2822 1367 2859 cum
1426 2807 1623 2879 potius
1681 2809 1750 2862 ad
1794 2824 1950 2862 sum-

291 2911 451 2949 mam
497 2893 790 2948 miseriam
843 2893 1128 2949 deveniat.
1165 2895 1518 2966 Quibustvia
1574 2896 1824 2967 qualiter
1876 2897 1947 2952 ad

290 2982 715 3039 beatitudinem
744 2983 1200 3054 perveniendum
1232 2983 1326 3052 sit,
1389 2985 1756 3039 ostenditur:
1814 2992 1948 3040 tan-

288 3089 472 3145 quam
504 3072 585 3127 eis
620 3070 702 3127 sic
734 3071 1042 3126 diceretur.
1081 3074 1245 3138 Quod
1288 3074 1532 3144 pergitis
1562 3074 1589 3127 ?
1650 3092 1797 3146 quos
1856 3075 1946 3129 his

289 3162 365 3217 de
393 3159 500 3215 viis
533 3160 829 3231 pervenire
870 3160 1215 3216 desideratis
1240 3162 1267 3214 ‘?
1313 3160 1643 3233 Relinquite
1676 3163 1948 3234 maligni-

289 3254 475 3306 tatem
511 3222 675 3321 {qui
737 3266 849 3303 non
912 3250 1156 3319 potestis
1214 3222 1517 3304 amittere‘
1564 3222 1947 3307 beatitudinis
1978 3222 2021 3289 Ο

289 3337 652 3393 voluntatem
694 3356 706 3392 :
756 3338 973 3391 frustra
1028 3337 1318 3392 tendendo
1366 3338 1742 3410 ,fatigamini,
1833 3358 1947 3411 quo

291 3428 682 3500 perveniendo
717 3426 1131 3498 inquinamini.
1177 3426 1316 3481 Sitis
1377 3443 1514 3498 ergo
1561 3427 1945 3496 immaculati,

292 3516 398 3589 qui
421 3515 595 3571 vultis
649 3532 779 3572 esse
838 3516 1009 3570 beati.
1072 3517 1232 3571 Beati
1273 3532 1405 3571 vero
1447 3519 1587 3570 sunt
1645 3518 1740 3586 qui
1796 3534 1946 3574 scru-

290 3610 488 3662 tantur
538 3607 853 3661 testimonia
927 3605 1063 3676 ejus,
1141 3605 1197 3660 id
1280 3610 1391 3670 est,
1448 3605 1780 3676 Scripturas
1856 3624 1945 3662 sa-

291 3712 568 3766 crasque:
630 3694 1035 3750 testimonium
1084 3694 1212 3765 ejus
1270 3694 1563 3762 dicuntur,
1626 3695 1765 3766 quia
1814 3713 1944 3751 eum

292 3787 607 3840 testantur.
667 3782 735 3837 Et
790 3783 1068 3853 quoniam
1148 3781 1317 3837 multi
1396 3783 1727 3855 Scripturas
1789 3783 1947 3839 inve-

294 3872 520 3943 stigant
566 3872 638 3925 ad
688 3871 796 3926 hoc
836 3875 1068 3925 tantum
1105 3880 1163 3926 ut
1222 3872 1430 3936 sciant,
1468 3888 1579 3926 non
1606 3877 1667 3926 ut
1696 3872 1951 3929 habeant

290 3960 452 4033 quod
506 3959 765 4014 faciant:
830 3960 1086 4014 ostendit
1144 3961 1283 4031 quia
1349 3961 1501 4014 beati
1590 3962 1726 4028 sint,
1815 3980 1948 4017 cum

293 4052 636 4105 scrutantur
664 4048 1000 4103 testimonia
1021 4048 1362 4115 Domini,illi
1392 4048 1679 4115 videlicet,
1716 4051 1815 4121 qui
1847 4056 1951 4108 toto

290 4137 455 4194 corde
483 4139 781 4210 exquirunt
812 4153 936 4192 eum
967 4136 1026 4191 in
1058 4136 1202 4208 ipsis
1224 4136 1539 4208 Scripturis
1575 4154 1686 4192 non
1721 4143 1949 4195 tantum

294 4226 676 4298 intelligendo
708 4224 1061 4298 Scripturas,
1096 4226 1195 4279 sed
1245 4241 1311 4279 ex
1370 4229 1652 4297 praecepto
1682 4227 1953 4300 ‘Scriptu-

298 4332 501 4371 rarum
535 4315 680 4370 bene
709 4314 1019 4386 operando.
1056 4338 1081 4362 ‹‹
1116 4314 1241 4367 Non
1273 4312 1429 4367 enim
1488 4314 1587 4384 qui
1641 4322 1955 4385 operantur

299 4404 761 4476 iniquitatem,in
794 4404 904 4458 viis
933 4404 1062 4473 ejus
1094 4400 1661 4457 ambulaverunt.llli
1687 4404 1784 4474 qui
1817 4411 1955 4460 sunt

296 4491 1085 4558 immaculati,ambulantin
1116 4491 1241 4563 lege
1274 4491 1522 4545 Domini.
1559 4492 1703 4546 Nam
1727 4492 1809 4546 illi
1852 4494 1950 4565 qui

2057 1922 2143 1977 vel
2213 1923 2458 1978 actionis
2500 1922 2588 1977 vel
2649 1939 2991 1991 consensus,
3053 1922 3123 1975 de
3208 1939 3324 1993 qua
3398 1922 3711 1992 iniquitate

2058 2011 2153 2066 hic
2185 2012 2417 2066 dicitur:
2446 2030 2557 2067 non
2592 2012 2745 2066 enim
2782 2013 2882 2082 qui
2914 2016 3231 2082 operantur
3255 2009 3623 2082 iniquitatem
3650 2012 3706 2064 in

2059 2116 2346 2156 consensu
2380 2101 2468 2155 vel
2500 2102 2558 2154 in
2582 2107 2736 2163 actu,
2762 2101 2821 2154 in
2842 2101 2950 2154 viis
2981 2102 3107 2171 ejus
3139 2099 3599 2155 ambulaverunt
3637 2100 3709 2154 Tu

2058 2190 2337 2245 mandasti
2392 2190 2653 2243 mandata
2711 2194 2799 2244 tua
2849 2190 3113 2244 custodiri
3168 2190 3354 2243 nimis.
3414 2192 3559 2242 Vere
3614 2189 3711 2259 qui

2059 2283 2399 2334 scrutantur
2426 2278 2763 2333 testimonia
2828 2283 2950 2346 tua,
3001 2277 3267 2341 Domine,
3327 2277 3479 2331 beati
3533 2283 3712 2333 sunt:

2060 2368 2199 2439 quia
2229 2373 2289 2422 tu
2324 2384 2623 2439 nunquam
2648 2367 2937 2439 mandasti
2972 2366 3084 2421 nisi
3117 2366 3271 2437 quod
3292 2368 3363 2421 ad
3396 2365 3709 2420 beatitudi-

2060 2474 2193 2512 nem
2236 2457 2507 2528 pertinet;
2526 2457 2807 2511 mandastz’
2828 2456 3087 2511 mandata
3110 2460 3207 2510 tua
3234 2454 3497 2509 custodiri
3520 2457 3717 2520 nimis,

2060 2545 2116 2599 id
2151 2544 2435 2609 est,valde
2467 2562 2580 2599 non
2615 2546 2671 2598 in
2706 2543 2947 2598 scientia
2981 2547 3211 2598 tantum
3272 2543 3560 2611 videlicet,
3616 2544 3713 2598 sed

2061 2634 2501 2704 opere.Frustra
2532 2633 2690 2688 enim
2716 2633 3017 2687 teneturin
3042 2630 3466 2702 scientia,quod
3492 2648 3608 2686 non
3632 2637 3714 2686 te-

2060 2726 2230 2776 netur
2246 2721 2641 2777 vita.Utimam
2659 2721 2987 2793 dirigantur
3006 2720 3106 2774 viae
3132 2735 3271 2773 mea:
3286 2722 3355 2775 ad
3384 2721 3716 2776 custodien-

2059 2810 2635 2881 dasjustificationes
2666 2815 2856 2865 tuas.»
2889 2810 3102 2864 Audita
3122 2824 3258 2863 voce
3292 2810 3571 2881 optantis,
3616 2812 3715 2864 de-

2056 2916 2206 2971 pone
2221 2898 2553 2971 superbiam
2571 2897 3379 2971 praesumentisNullusenim
3395 2902 3553 2970 optat
3567 2899 3719 2969 quod

2058 2987 2113 3040 in
2146 3005 2252 3042 sua
2274 2992 2558 3059 potestate
2583 2988 2665 3043 sic
2688 2988 2957 3055 babet,ut
2978 3004 3080 3059 per
3110 2986 3361 3042 liberum
3410 2988 3717 3042 arbitrium

2058 3077 2491 3148 possitefﬁcere
2525 3078 2677 3147 quod
2713 3077 2857 3132 vult.
2910 3079 3026 3132 Ista
3083 3093 3219 3148 ergo
3270 3076 3457 3132 fidelis
3512 3078 3711 3131 anima

2057 3165 2262 3219 videns
2292 3165 2428 3236 quia
2451 3181 2553 3235 per
2576 3182 2636 3220 se
2652 3182 2763 3220 non
2789 3166 3007 3220 sufficit
3037 3165 3407 3219 utcustodiat
3438 3167 3721 3218 mandata

2060 3252 2311 3321 Domini,
2356 3253 2439 3307 sic
2471 3258 2633 3322 Optat
2676 3255 2951 3325 optando,
2992 3257 3049 3307 et
3095 3269 3128 3306 a
3186 3254 3300 3307 Deo
3358 3253 3715 3321 adjutorium

2058 3340 2249 3411 poscit
2282 3358 2295 3407 ;
2332 3340 2501 3411 quasi
2534 3342 2689 3395 dicat
2723 3359 2733 3394 :
2771 3341 2915 3406 Quia
2950 3363 2976 3390 «
3010 3340 3303 3395 mandasti
3326 3340 3601 3393 mandata
3617 3344 3718 3392 tua

2058 3428 2357 3493 custodiri,
2402 3429 2649 3483 utimam
2700 3430 3029 3500 dirigantur
3073 3427 3178 3483 viae
3234 3445 3395 3493 meae,
3435 3450 3460 3475 ›)
3519 3427 3577 3481 id
3627 3429 3715 3481 est

2059 3534 2234 3589 opera
2281 3533 2429 3579 mea,
2482 3518 2551 3571 ad
2625 3517 3009 3573 custodiendas
3072 3519 3499 3589 justi/icationes
3573 3525 3717 3581 tuas,

2060 3622 2207 3678 quas
2238 3611 2300 3660 tu
2336 3604 2517 3660 fecisti
2565 3610 2623 3661 et
2654 3607 2735 3662 sic
2794 3607 3086 3673 docuisti;
3121 3612 3176 3660 et
3230 3607 3358 3660 ideo
3408 3622 3545 3676 rogo
3593 3605 3718 3659 vias

2060 3693 2414 3767 measdirigi
2441 3694 2579 3765 quia
2609 3700 2767 3758 tunc,
2804 3696 2860 3749 Id
2912 3704 3018 3765 est,
3080 3694 3317 3749 directis
3377 3695 3487 3748 viis
3550 3693 3718 3759 meis,

2058 3801 2166 3840 non
2190 3784 2499 3853 con/under
2530 3783 2683 3838 velut
2706 3783 2801 3839 ille
2842 3783 2933 3839 cui
2959 3783 3072 3838 dici
3107 3788 3335 3855 potest:
3371 3782 3509 3837 «Hic
3541 3781 3722 3836 homo

2060 3874 2627 3945 coepitwditicare,et
2660 3891 2770 3928 non
2837 3872 3025 3945 potuit
3085 3888 3499 3927 consummare
3564 3871 3718 3941 (Luc.

2059 3963 2196 4031 xxv).
2236 3988 2261 4009 ››
2299 3963 2420 4018 Non
2455 3963 2779 4016 confundar
2801 3962 3023 4029 «dico,»
3060 3984 3087 4008 ι(
3119 3978 3249 4016 cum
3282 3977 3626 4033 perspexero
3660 3960 3715 4013 in

2060 4051 2337 4105 omnibus
2372 4050 2685 4114 mandatis,
2721 4072 2747 4099 ››
2796 4051 2850 4104 id
2898 4056 3006 4117 est,
3068 4068 3201 4105 cum
3248 4052 3377 4122 ipsa
3434 4050 3713 4105 mandata

2061 4143 2165 4194 tua
2196 4156 2287 4193 me
2321 4140 2461 4193 mihi
2500 4140 2719 4193 faciunt
2752 4140 3078 4211 speculum.
3121 4141 3181 4193 In
3222 4139 3516 4193 mandatis
3565 4138 3723 4193 enim

2062 4226 2294 4283 Domini
2327 4244 2388 4282 se
2422 4228 2892 4301 quisque,qualis
2932 4230 3028 4296 sit,
3046 4230 3259 4285 intueri
3295 4233 3521 4300 potest;
3547 4229 3725 4297 juxta

2064 4314 2391 4386 apostolum
2415 4316 2695 4372 Jacobum
2730 4319 3063 4373 dicentem:
3094 4340 3115 4368 α
3181 4318 3239 4371 Si
3299 4318 3431 4388 quis
3490 4315 3719 4369 auditor

2064 4409 2153 4457 est
2182 4404 2337 4458 verbi
2373 4408 2428 4458 et
2462 4422 2573 4460 non
2609 4408 2910 4471 factor,bic
2941 4411 3315 4476 comparatur
3346 4405 3468 4457 viro
3527 4404 3725 4457 consi-

2065 4492 2288 4547 deranti
2319 4493 2545 4547 vultum
2579 4496 2897 4550 nativitatis
2920 4513 3033 4549 suae
3067 4495 3121 4547 in
3158 4492 3415 4564 speculo.
3449 4490 3722 4547 Conside-

299 4587 620 4655 operantur
650 4582 1107 4653 iniquitatem,et
1136 4580 1263 4635 ideo
1318 4579 1612 4647 maculati,
1667 4598 1782 4636 non
1834 4600 1957 4637 am-
1989 4588 2035 4653 1)
2070 4582 2216 4635 ravit
2250 4581 2405 4635 enim
2440 4590 2583 4647 se,et
2608 4582 2751 4636 abiit
2776 4600 2788 4636 :
2816 4588 2871 4636 et
2893 4581 3091 4636 statim
3134 4580 3352 4635 oblitus
3414 4585 3503 4633 est
3532 4577 3723 4650 qualis

299 4670 532 4737 bulant,
565 4671 753 4738 idest,
791 4687 903 4725 non
954 4669 1321 4725 delectantur
1368 4670 1424 4722 in
1481 4668 1591 4723 viis
1642 4670 1791 4742 ejus.
1855 4673 1957 4728 Hic

301 4759 588 4833 quaeritur
612 4776 745 4815 cum
777 4744 950 4814 omne
983 4764 1281 4831 peccatum
1316 4757 1392 4812 sit
1421 4757 1723 4831 iniquitas,
1753 4761 1951 4815 nullus

302 4855 501 4905 autem
534 4849 660 4906 sine
692 4847 1202 4922 peccato,qualiter
1232 4845 1444 4918 aliquis
1471 4848 1733 4903 ambulet
1754 4850 1813 4903 in
1838 4850 1961 4922 lege

300 4937 558 5007 Domini,
592 4956 727 4993 cum
760 4938 843 4994 illi
892 4938 990 5009 qui
1052 4942 1367 5008 operantur
1420 4936 1809 5008 iniquitatem,
1844 4956 1956 4993 non

304 5026 632 5083 ambulant.
684 5027 890 5083 Nullus
948 5027 1102 5081 enim
1156 5026 1280 5081 sine
1339 5030 1575 5097 peccato
1632 5032 1737 5081 est.
1803 5026 1959 5083 Unde

300 5116 562 5173 Joannes
598 5132 609 5169 :
640 5136 667 5164 ‹‹
699 5114 759 5169 Si
791 5115 1109 5169 dixerimus
1143 5114 1283 5186 quia
1313 5125 1616 5185 peccatum
1643 5132 1755 5171 non
1789 5116 1960 5171 babe-

306 5203 861 5276 mus,nosmetiptos
891 5204 1313 5270 seducimus,et
1332 5203 1545 5257 veritas
1573 5203 1665 5258 Dei
1691 5204 1747 5259 in
1790 5205 1957 5260 nobis

303 5310 426 5351 non
458 5296 544 5348 est
574 5293 618 5364 (l
646 5294 801 5349 Joan.
856 5294 916 5364 ι).
961 5314 988 5340 ››
1036 5290 1182 5355 Quid
1241 5308 1378 5363 ergo
1428 5291 1689 5346 dicemus
1717 5294 1745 5346 ?
1796 5294 1954 5349 Nun-

305 5382 451 5456 quid
482 5381 679 5437 nullus
713 5380 975 5437 ambulat
1003 5380 1061 5435 in
1088 5379 1213 5453 lege
1246 5378 1477 5434 Domini
1507 5379 1535 5431 ‘2
1557 5380 1708 5435 Num
1741 5381 1955 5436 Paulus

302 5490 426 5529 non
460 5470 781 5527 ambulavit
811 5471 911 5542 qui
934 5469 1134 5535 dixit,»
1170 5470 1395 5523 Bonum
1419 5472 1712 5523 certamen
1744 5471 1951 5524 certavi

301 5576 550 5618 cursum
600 5559 1025 5630 consummavi,
1077 5558 1250 5613 fidem
1299 5558 1543 5627 servavi,
1604 5558 1674 5612 de
1732 5559 1954 5631 reliquo

300 5648 563 5722 reposita
592 5652 682 5705 est
739 5649 882 5704 mihi
942 5663 1152 5704 corona
1196 5646 1438 5718 justitiaa
1493 5646 1549 5700 in
1600 5644 1699 5701 illo
1745 5647 1883 5703 die?
1926 5670 1953 5697 ››

2070 4670 2246 4725 fuerit
2278 4670 2419 4741 (Job.
2455 4670 2515 4740 ι).
2554 4694 2577 4716 ››
2610 4670 2713 4732 Qui
2750 4673 2944 4725 autem
3006 4669 3366 4741 perspexerit
3416 4668 3472 4722 in
3530 4668 3717 4739 legem

2063 4760 2328 4830 perfectae
2381 4758 2669 4813 libertatis
2712 4762 2767 4813 et
2826 4759 3232 4830 permanserit,
3304 4774 3421 4813 non
3492 4757 3718 4812 auditor

2072 4847 2520 4916 obliviosus,sed
2554 4848 2736 4902 factor
2768 4849 2977 4918 operis,
3014 4847 3108 4902 hic
3156 4850 3363 4904 beatus
3423 4846 3483 4901 in
3542 4847 3719 4900 facto-

2071 4953 2177 4991 suo
2205 4936 2499 4991 erit.Talis
2523 4942 2579 4991 et
2609 4936 2718 4991 iste
2750 4936 2871 4991 vult
2893 4942 3112 5005 esse,ut
3144 4937 3415 5007 inspiciat
3439 4938 3719 5003 tanquam

2070 5025 2128 5079 in
2163 5025 2397 5096 speculo
2431 5025 2709 5079 mandata
2731 5025 2856 5089 Dei,
2890 5029 2953 5079 ut
2980 5043 3095 5080 non
3128 5025 3520 5080 confundatur
3546 5038 3557 5074 :
3583 5022 3724 5092 quia

2070 5132 2183 5169 non
2219 5113 2450 5167 auditor
2475 5129 2678 5167 eorum
2710 5113 2833 5167 vult
2865 5130 2992 5167 esse
3016 5119 3267 5183 tantum,
3329 5112 3429 5167 sed
3490 5112 3672 5165 factor
3707 5128 3718 5165 :

2068 5204 2222 5275 quod
2248 5202 2617 5256 dicitzuTunc
2651 5219 2763 5256 non
2798 5204 3284 5269 cunt'uniiar,cum
3307 5200 3722 5273 perspexeroin

2067 5291 2345 5345 omnibus
2378 5290 2674 5344 mandatis
2706 5290 2878 5345 tuis.»
2902 5292 3064 5346 Unde
3083 5291 3375 5360 conﬁtebor
3404 5289 3604 5357 tibi,id
3637 5292 3726 5342 est

2066 5379 2315 5435 laudabo
2349 5385 2424 5446 te,
2459 5381 2519 5432 in
2576 5380 2877 5434 directione
2926 5382 3122 5443 cordis,
3162 5382 3211 5433 id
3274 5384 3381 5447 est,
3416 5378 3474 5432 in
3550 5378 3724 5431 corde

2065 5473 2306 5534 recto,et
2337 5484 2640 5539 nunquam
2674 5484 2706 5520 a
2744 5474 2847 5522 tua
2876 5468 3169 5523 voluntate
3201 5470 3468 5523 distorto.
3494 5468 3563 5521 Et
3606 5483 3722 5521 non

2064 5563 2295 5613 tantum
2328 5561 2382 5611 te
2421 5555 2672 5611 laudabo
2694 5555 2751 5610 in
2786 5556 2915 5627 ipsa
2946 5557 3299 5628 operatione,
3326 5556 3426 5611 sed
3455 5556 3630 5611 etiam
3661 5554 3721 5609 in

2062 5646 2194 5718 ipsa
2224 5645 2612 5714 inchoatione,
2644 5647 2704 5701 in
2735 5661 2795 5701 eo
2824 5645 3095 5703 videlicet
3116 5646 3254 5718 quod
3284 5646 3457 5701 didici
3494 5644 3724 5715 judicia
