4024 6192
429 290 547 355 ’135

991 296 1292 360 REMIGII
1335 295 2088 362 ANTISSIODORENSIS
2133 296 2306 359 OPP.
2358 299 2558 362 PARS
2604 300 2652 362 Ι.
2685 299 3257 364 —EXEGETICA.

3715 299 3844 364 736

418 427 662 499 justitia,’
692 426 886 495 tut-edd
918 431 1026 493 est,
1058 428 1166 484 hoc
1187 432 1342 500 quod
1369 430 1621 486 intellexi
1656 431 2062 487 discretionem
2093 437 2149 494 Α
2181 448 2348 487 rum:
2387 456 2413 482 «
2459 433 2516 487 in
2571 433 2740 488 labiis
2789 435 2935 488 meis
2993 433 3368 506 pronuntiavi
3419 430 3618 488 omnia
3668 430 3847 502 judi-

424 515 610 581 illam,
645 533 772 588 quze
822 534 890 572 ex
939 522 1041 573 tua
1093 519 1326 588 justitia
1381 521 1684 591 processit,
1746 521 2074 575 discernere

422 605 692 662 videlicet
722 606 860 676 quid
895 623 1098 662 servus
1130 609 1335 664 debeat
1367 610 1778 681 Domino,quid
1811 615 2075 664 creatura

421 696 697 751 Creatori.
727 719 753 744 «
789 693 1249 752 Justiﬁcationes
1273 704 1404 754 tuas
1428 700 1774 766 custodiam,
1812 716 1924 754 non
1982 714 2074 752 me

381 809 389 822 ι
422 784 796 856 derelinquas
829 802 1252 858 usquequaque
1288 806 1299 843 :
1340 788 1528 852 »Quia
1550 789 2074 860 justiﬁcationibus

420 873 539 930 tuis
598 873 902 929 custoditis
963 891 1072 928 non
1135 877 1482 946 confundar,
1532 895 1666 949 ergo
1743 878 2070 932 custodiam

414 962 866 1034 justiﬁcationes
894 965 1120 1018 tuas.Et
1142 970 1204 1019 ut
1226 966 1691 1035 custodiam,non
1721 985 1806 1023 me
1834 967 2074 1022 derelin-

419 1069 555 1124 quas
585 1053 1053 1124 usquequaque.Si
1085 1053 1446 1125 dereliquisti
1476 1073 1566 1110 me
1603 1061 1664 1110 ut
1695 1072 1918 1126 egeam,
1963 1073 2073 1110 non

417 1141 764 1212 derelinquas
793 1157 878 1195 me
910 1149 972 1194 ut
1003 1158 1254 1212 peream.
1295 1143 1390 1198 Vel
1430 1161 1540 1199 non
1584 1145 1933 1215 derelinquas
1989 1161 2073 1198 me

416 1231 486 1285 ad
520 1230 576 1283 id
605 1231 760 1300 quod
790 1230 1009 1300 possim
1045 1230 1156 1284 dici
1190 1248 1423 1302 quaqua
1455 1233 1675 1288 ratione
1732 1233 2068 1304 derelictas,

415 1323 481 1374 ut
510 1319 570 1374 in
594 1336 685 1374 me
715 1319 843 1390 ipso
874 1319 1143 1374 videlicet
1171 1320 1402 1392 glorier.
1441 1330 1479 1375 A
1525 1329 1635 1378 Deo
1694 1325 1849 1378 enim
1903 1325 2070 1378 dere-

414 1408 828 1480 linquitur,qui
856 1409 913 1462 in
955 1409 1149 1479 seipse
1185 1411 1241 1464 in
1276 1411 1592 1466 benefactis
1623 1413 1924 1483 gloriatur.

485 1521 512 1546 ‹‹
548 1498 714 1552 Bern.
749 1528 816 1537 —
862 1497 922 1550 In
977 1515 1092 1567 quo
1145 1500 1384 1571 corrigit
1443 1499 1867 1555 adolescentior
1913 1503 2066 1555 viam

413 1603 628 1642 «suam
663 1587 771 1640 ?in
823 1586 1202 1642 custodiendo
1261 1605 1560 1644 sermones
1611 1595 1762 1645 tuos.
1822 1592 1882 1645 In
1949 1595 2068 1644 toto

414 1697 442 1725 ‹‹
471 1676 642 1730 corde
674 1691 802 1730 meo
834 1675 1115 1746 exquisivi
1141 1681 1217 1742 te,
1251 1695 1322 1732 ne
1371 1678 1616 1750 repellas
1676 1696 1766 1734 me
1813 1697 1846 1734 a
1902 1696 2065 1734 man-

2185 519 2273 575 cia
2307 522 2427 577 oris
2478 521 2581 588 tui,
2609 545 2634 570 ››
2667 522 2723 576 id
2756 527 2860 590 est,
2895 528 3181 594 praecepta
3229 540 3355 594 quze
3385 539 3486 594 per
3516 538 3582 577 os
3638 526 3839 586 tuum,

2185 610 2241 664 id
2293 615 2400 679 est,
2469 627 2571 682 per
2630 627 2926 666 sermones
2983 611 3180 666 didici.
3239 611 3439 667 Omnia
3492 610 3644 674 dico,
3712 614 3837 664 tam

2184 699 2412 753 occulta
2449 717 2621 771 quam
2677 699 3002 768 manifesta,
3064 717 3190 772 quae
3246 701 3482 755 fuerunt
3531 699 3841 771 pronunti-

2185 789 2370 842 anda:
2431 794 2488 842 et
2541 805 2652 843 non
2698 787 2805 842 hoc
2863 805 2930 842 ex
2983 788 3240 859 tristitia,
3266 788 3351 844 vel
3410 793 3649 843 coactus
3711 788 3841 852 feci,

2185 877 2283 931 sed
2334 900 2360 926 ‹‹
2418 877 2475 930 in
2536 877 2625 931 via
2677 876 3150 932 testimoniorum
3219 883 3455 933 tuorum
3513 876 3843 933 delectatus

2183 982 2337 1032 sum,
2376 988 2402 1014 ››
2463 965 2520 1019 id
2580 970 2668 1020 est
2713 967 3119 1020 mandatorum
3181 969 3440 1035 tuorum,
3514 965 3843 1019 delectatus

2183 1071 2314 1108 sum
2373 1055 2513 1108 sicut
2544 1072 2604 1108 in
2623 1055 2878 1109 omnibus
2906 1054 3134 1109 divitiis.
3185 1058 3250 1108 Et
3308 1056 3369 1109 in
3392 1054 3680 1108 mandatis
3709 1056 3844 1120 tuis,

2182 1142 2402 1197 scilicet
2442 1142 2914 1214 pronuntiandis,
2973 1143 3289 1211 exercebor,
3324 1143 3380 1197 id
3433 1149 3524 1198 est
3571 1159 3842 1215 perseve-

2183 1231 2357 1286 rabo:
2417 1241 2468 1287 ct
2520 1232 2868 1288 considerabo
2916 1231 3033 1286 vias
3112 1237 3256 1298 tuas,
3327 1237 3390 1286 ut
3451 1249 3580 1302 qua:
3643 1232 3835 1286 dicam

2180 1337 2278 1376 ore
2307 1321 2630 1393 compleam
2662 1337 2853 1392 opere.
2887 1321 2957 1375 Et
2987 1321 3046 1374 in
3101 1321 3208 1376 hoc
3259 1338 3373 1375 non
3428 1321 3498 1376 de
3549 1338 3668 1387 me,
3740 1323 3840 1376 sed

2180 1410 2252 1464 de
2280 1414 2335 1464 te
2368 1427 2657 1481 praesumo
2685 1429 2697 1465 ε
2727 1411 2867 1482 quia
2896 1412 2954 1464 in
2990 1411 3482 1482 justiﬁcationibus
3540 1413 3654 1465 tuis
3712 1413 3840 1482 qui-

2181 1500 2289 1554 bus
2322 1517 2423 1570 per
2470 1505 2546 1567 te,
2581 1516 2694 1554 non
2729 1517 2830 1572 per
2879 1515 2972 1554 me
3042 1499 3405 1569 justiﬁcatus
3461 1515 3621 1566 sum,
3673 1501 3840 1555 medi-

2176 1587 2411 1652 tabor,id
2439 1593 2527 1642 est
2577 1587 2852 1643 assiduus
2918 1603 3035 1656 ero,
3090 1592 3145 1642 et
3201 1605 3314 1642 mm
3372 1589 3679 1643 obliviscar
3733 1607 3842 1644 ser-

2177 1692 2360 1730 mones
2409 1681 2546 1743 tuos,
2582 1678 2736 1747 quod
2807 1676 2940 1730 fecit
2997 1677 3221 1747 primus
3279 1677 3478 1740 homo,
3539 1678 3643 1748 qui
3694 1678 3840 1732 obli-

412 1786 440 1813 ‹‹
473 1764 624 1818 datis
657 1763 790 1818 tuis.
827 1764 886 1818 In
921 1766 1092 1820 corde
1126 1782 1254 1820 meo
1283 1767 1561 1822 abscondi
1595 1768 1827 1840 eloquia
1857 1774 1978 1834 tua,
2008 1773 2067 1822 ut
2097 1797 2143 1860 B
2177 1769 2273 1818 tus
2290 1770 2378 1821 est
2403 1765 2558 1819 verbi
2580 1765 2678 1819 Dei
2711 1765 2821 1820 sibi
2847 1765 3127 1820 dicentis:
3153 1770 3232 1821 Ne
3279 1765 3530 1821 comedas
3564 1766 3718 1833 (Gen.
3757 1775 3837 1828 Ii}.

410 1875 440 1903 «
472 1870 587 1908 non
623 1870 819 1924 pecem
872 1854 998 1908 tibi.
1054 1855 1402 1911 Benedictus
1461 1874 1542 1921 es,
1584 1857 1865 1912 Domine:
1923 1859 2062 1912 doce

410 1963 438 1991 «
472 1941 1033 2012 mejustiticationes
1066 1945 1288 1998 tuas.ln
1321 1944 1494 2000 labiis
1541 1946 1650 2000 mei
1689 1947 2056 2016 pronuntiavi

409 2051 439 2080 «
473 2032 670 2086 omnia
702 2031 928 2102 judicia
981 2033 1100 2088 oris
1160 2036 1268 2089 tui.
1318 2034 1381 2088 In
1438 2035 1530 2089 via
1585 2035 2057 2090 testimoniorum

410 2141 438 2171 «
471 2125 705 2176 tuorum
741 2120 1062 2176 delectatus
1093 2140 1246 2188 sum,
1270 2123 1422 2178 sicut
1445 2124 1502 2178 in
1533 2125 1807 2179 omnibus
1839 2124 2057 2179 divitiis

407 2232 437 2259 «
471 2209 531 2264 In
565 2210 856 2265 mandatis
888 2211 1004 2265 tuis
1036 2213 1362 2282 exercebar,
1386 2218 1442 2267 et
1496 2213 1875 2269 considerabo
1934 2214 2056 2268 vias

408 2304 620 2355 «tuas.
685 2302 743 2354 In
797 2299 1318 2369 justificationibus
1368 2303 1486 2358 tuis
1542 2302 1886 2373 meditabor,
1938 2319 2052 2357 non

409 2409 435 2437 «
470 2387 778 2443 obliviscar
810 2406 1110 2444 sermones
1144 2395 1296 2446 tuos.
1337 2413 1362 2439 »

1026 2480 1433 2536 ENARRATIO.

470 2570 541 2621 In
573 2582 676 2635 quo
727 2569 974 2635 corrigit.
1011 2568 1347 2622 Custodiam
1393 2569 1849 2638 justiﬁcationes
1894 2574 2042 2623 tuas.

400 2653 547 2708 Nam
580 2655 638 2707 in
659 2654 1000 2709 custodiendo
1029 2671 1303 2710 sermones
1352 2660 1488 2723 tuos,
1525 2657 1579 2710 id
1632 2662 1718 2712 est
1765 2664 2049 2728 praecepta

397 2746 520 2807 tua,
589 2744 822 2813 corrigit
874 2746 1022 2798 viam
1078 2760 1263 2808 suam,
1323 2745 1378 2798 id
1439 2750 1544 2812 est,
1600 2747 1774 2800 vitam
1855 2762 2043 2811 suam,

397 2832 872 2900 odolescentior,id
896 2832 1263 2904 est,populus
1283 2832 1762 2905 junior,populus
1783 2833 2048 2889 videlicet

397 2921 866 2994 gratizr,portans
914 2921 1231 2993 imaginem
1286 2921 1418 2975 novi
1476 2921 1752 2989 hominis,
1802 2924 2044 2976 verbum

395 3008 665 3063 videlicet
695 3009 1009 3078 ﬁdei,quod
1043 3009 1092 3064 ei
1127 3009 1493 3081 praedicatur,
1527 3028 1629 3082 per
1675 3011 2044 3066 dilectionem

396 3097 710 3169 operando.
746 3097 1080 3153 Junioriste
1119 3104 1208 3154 est
1240 3116 1353 3154 non
1385 3099 1661 3170 Cain,sed
1691 3100 1830 3155 Abel
1866 3120 1878 3168 ;
1926 3119 2039 3158 non

394 3186 731 3251 Ismael,sed
757 3186 959 3251 Isaac;
1008 3204 1121 3242 non
1182 3187 1504 3254 Manasscs,
1557 3189 1657 3244 sed
1724 3189 2042 3260 Ephraim;

393 3291 508 3330 non
531 3276 704 3341 Esau,
735 3277 833 3331 sed
862 3276 1034 3332 Israel
1061 3295 1073 3343 ;
1109 3293 1222 3331 non
1253 3276 1516 3340 Saul,sed
1550 3277 1726 3332 David
1753 3296 1765 3333 :
1793 3295 2041 3349 quorum

389 3364 800 3437 unusquisque
831 3365 982 3420 viam
1018 3382 1184 3420 suam
1239 3367 1486 3421 correxit
1542 3366 1601 3421 in
1661 3369 2042 3423 custodiendo

390 3470 692 3510 sermones
720 3453 949 3508 Domini
977 3454 1033 3508 in
1068 3455 1429 3526 quo,scilicet
1459 3455 1569 3511 alio
1589 3457 1616 3510 ?
1665 3457 1865 3512 Cceteri
1911 3475 2041 3513 vero

387 3542 688 3598 imitantes
715 3547 964 3598 veterem
993 3543 1314 3609 hominem,
1340 3561 1455 3598 non
1485 3546 1864 3601 custodiendo
1922 3563 2041 3602 ser-

387 3647 590 3687 mones
623 3631 1152 3687 distorseruntvias
1177 3633 1676 3704 suas.thuiaqui
1705 3635 2043 3690 custodiunt

387 3737 689 3778 sermones
721 3724 874 3784 tuos,
925 3720 1060 3774 vias.
1101 3738 1238 3775 suas
1269 3722 1626 3786 custodiunt,
1677 3737 1782 3793 ego
1838 3726 1897 3777 in
1935 3727 2041 3779 toto

385 3811 546 3867 corde
574 3826 696 3865 meo
728 3810 1001 3881 exquisivi
1028 3818 1098 3876 te,
1123 3815 1178 3864 et
1209 3809 1337 3864 ideo
1367 3827 1438 3864 ne
1467 3811 1698 3882 repellas
1719 3828 1805 3865 me
1833 3829 1867 3865 a
1886 3829 2041 3867 man-

385 3899 524 3953 datis
551 3901 680 3952 tuis.
716 3899 761 3952 A
785 3899 1083 3953 mandatis
1154 3897 1380 3953 Domini
1440 3898 1760 3970 repellitur,
1811 3901 1908 3972 qui
1939 3918 2042 3972 per

386 3985 633 4058 gratiam
666 4003 781 4040 non
813 3988 1122 4056 adjuvetur
1155 3993 1249 4044 :et
1291 3986 1420 4043 ideo
1470 4003 1538 4042 ne
1596 3989 1825 4056 repellas
1875 4007 1962 4045 me
2007 4008 2039 4044 a

388 4074 674 4129 mandatis
705 4075 835 4140 tuis,
868 4074 1160 4144 quialicet
1204 4076 1299 4131 alii
1332 4077 1697 4132 abscondunt
1730 4083 2033 4148 argentum

388 4167 445 4218 et
475 4177 684 4216 aurum
709 4161 766 4215 in
799 4178 953 4225 arca,
985 4179 1089 4234 ego
1123 4169 1180 4217 in
1228 4169 1347 4219 toto
1386 4166 1542 4220 corde
1598 4181 1719 4220 meo
1763 4168 2032 4235 abscondz,

390 4251 448 4306 id
481 4254 570 4306 est
602 4249 857 4322 reposui,
883 4252 1098 4321 eloquia
1121 4253 1298 4315 tua,id
1345 4258 1433 4308 est
1485 4260 1791 4325 praecepta,
1826 4257 1896 4310 ad
1929 4256 2037 4311 hoc

386 4339 742 4407 videlicet,ut
766 4357 877 4395 non
919 4357 1130 4411 peccem
1189 4343 1310 4408 tibi,
1345 4342 1404 4396 in
1454 4343 1736 4398 memoria
1786 4346 2036 4400 tenendo

387 4430 667 4485 mandata
698 4434 1102 4485 tua.Peccatur
1131 4432 1543 4502 Deo,peccatur
1575 4432 1877 4503 proximo;
1933 4435 2032 4489 sed

2243 1858 2440 1908 CIMEL.
2475 1884 2543 1894 --
2576 1878 2594 1902 σ
2634 1854 2911 1908 Retribue
2942 1870 3103 1908 servo
3163 1859 3284 1921 tuo,
3331 1854 3556 1909 viviﬁca
3617 1871 3734 1921 me,
3788 1861 3839 1909 et

2172 1943 2551 1998 «custodiam
2585 1959 2886 1998 sermones
2917 1949 3068 1998 tuos.
3125 1942 3335 1998 Revela
3393 1941 3594 1998 oculos
3649 1961 3832 2008 meos,

2170 2054 2198 2081 ‹‹
2235 2037 2292 2086 et
2350 2032 2731 2087 considerabo
2792 2032 3088 2086 mirabilia
3143 2033 3212 2086 de
3255 2031 3380 2104 lege
3437 2037 3560 2087 tua.
3639 2033 3830 2087 Incola

2167 2143 2196 2170 «
2239 2138 2344 2192 ego
2377 2138 2509 2175 sum
2543 2121 2600 2174 in
2625 2125 2799 2189 terra,
2861 2135 2976 2174 non
3027 2107 3354 2176 abscondas
3401 2138 3436 2175 a
3494 2137 3590 2175 me
3659 2139 3830 2176 man-

2169 2233 2196 2261 α
2230 2211 2368 2264 data
2396 2216 2514 2264 tua.
2549 2209 2891 2280 Concupivit
2920 2209 3118 2264 anima
3169 2226 3298 2263 mea
3353 2209 3694 2265 desiderare
3736 2213 3826 2281 ju-

2165 2321 2192 2347 «
2225 2299 2604 2354 stificationes
2628 2303 2760 2353 tuas
2815 2297 2874 2352 in
2935 2297 3093 2352 omni
3148 2302 3428 2370 tempore.
3473 2300 3826 2372 -Increpasti

2165 2388 2499 2460 isuperbos
2533 2386 2869 2441 :maledicti
2901 2387 2998 2458 qui
3070 2384 3364 2441 declinant
3421 2405 3454 2441 a
3514 2389 3811 2444 mandatis

2164 2477 2361 2532 «tuis.
2395 2477 2572 2531 Aufer
2623 2492 2656 2530 a
2704 2491 2796 2530 me
2850 2475 3229 2546 opprobrium
3279 2480 3335 2530 et
3379 2481 3808 2548 contemptum,

2160 2587 2189 2615 «
2213 2566 2352 2633 quia
2383 2563 2719 2620 testimonia
2747 2569 2849 2618 tua
2891 2564 3197 2635 exquisivi.
3252 2564 3484 2619 Etenim
3536 2566 3813 2620 sederunt

2159 2655 2527 2725 «principes,
2560 2659 2615 2708 et
2674 2654 2984 2708 adversum
3033 2668 3127 2708 me
3180 2652 3622 2724 loquebantur:
3681 2672 3807 2710 ser-

2158 2765 2185 2791 ‹‹
2221 2760 2324 2797 vus
2375 2747 2567 2796 autem
2632 2746 2770 2795 tuus
2829 2742 3203 2797 exercebatur
3260 2742 3320 2795 in
3365 2742 3812 2811 justiﬁcationi-

2157 2854 2185 2880 «
2217 2831 2327 2885 bus
2359 2831 2493 2885 tuis.
2519 2831 2665 2884 Nam
2698 2834 2755 2883 et
2812 2830 3147 2886 testimonia
3175 2836 3276 2886 tua
3321 2830 3626 2887 meditatio
3684 2849 3811 2887 mea

2156 2942 2183 2968 α
2218 2922 2326 2989 est,
2362 2924 2418 2973 et
2436 2918 2745 2975 consilium
2782 2932 2979 2973 meum
3004 2919 3460 2989 justiﬁcationes
3491 2925 3629 2975 tuae.
3657 2944 3683 2968 ››

2785 3009 3051 3063 ENARRA
3062 3009 3182 3063 T10.

2225 3097 2480 3154 Retribue
2507 3113 2657 3152 servo
2714 3105 2822 3152 tuo.
2876 3097 3054 3160 Quasi
3131 3097 3309 3152 dicat:
3366 3096 3434 3151 Ut
3480 3112 3598 3152 non
3655 3098 3808 3152 obli-

2153 3186 2345 3242 viscar
2375 3203 2674 3242 sermones
2705 3190 2858 3255 tuos,
2893 3190 2976 3253 tu,
3038 3186 3302 3253 Domine,
3358 3187 3593 3241 retribue
3645 3203 3810 3242 servo

2153 3280 2264 3342 tuo,
2325 3276 2434 3330 hoc
2490 3275 2776 3343 videlicet,
2856 3274 3077 3344 vivi/ica
3148 3291 3257 3330 me.
3340 3277 3598 3340 Quatuor
3669 3282 3814 3332 sunt

2153 3364 2566 3420 retributiones
2591 3380 2603 3417 :
2641 3364 2769 3418 duae
2797 3369 2937 3418 sunt
2958 3364 3225 3440 justitiaa,
3249 3364 3490 3419 reddere
3541 3365 3808 3421 videlicet

2152 3454 2306 3508 bona
2335 3470 2436 3525 pro
2470 3453 2660 3518 bonis,
2683 3456 2741 3506 et
2799 3451 2956 3506 mala
3017 3469 3120 3523 pro
3173 3451 3396 3508 imalis.
3446 3452 3601 3509 Mala
3657 3455 3802 3509 enim

2152 3559 2258 3614 pro
2289 3541 2459 3597 malis
2493 3541 2696 3597 reddet
2725 3541 2881 3595 Deus
2907 3540 3397 3612 impiis,lquando
3448 3542 3617 3612 justo
3651 3543 3769 3614 judi

2151 3632 2260 3698 cio,
2307 3636 2363 3685 et
2421 3634 2792 3701 peccatorum
2847 3645 3092 3684 suorum
3161 3630 3370 3684 merito
3457 3633 3799 3686 aeternaliter

2151 3719 2478 3793 puniendos
2511 3735 2609 3774 eos
2668 3717 2727 3772 in
2785 3717 2979 3789 ignem
3019 3723 3305 3773 aeternum
3353 3720 3560 3774 mittet.
3613 3720 3792 3774 Tertia

2151 3807 2451 3864 retributio
2501 3811 2589 3861 est
2641 3806 2861 3878 gratias,
2923 3823 3100 3878 quam
3171 3806 3268 3862 hic
3341 3811 3557 3863 exercet
3615 3807 3774 3875 Deus,

2150 3897 2398 3952 reddens
2422 3896 2577 3950 bona
2631 3912 2733 3967 pro
2779 3895 2988 3951 malis:
3051 3913 3176 3967 quae
3229 3897 3534 3952 retributio
3597 3895 3784 3969 gratia:

2152 3984 2491 4041 naturaliter
2521 3985 2842 4055 praecedere
2895 3984 3110 4040 debet:
3145 3985 3283 4056 quia
3339 3985 3452 4040 nisi
3504 3989 3653 4040 Deus
3702 3984 3797 4039 hic

2149 4075 2417 4130 redderet
2444 4074 2597 4128 bona
2627 4090 2730 4145 pro
2763 4072 2954 4139 malis,
2989 4091 3106 4129 non
3159 4079 3314 4130 esset
3357 4075 3451 4129 cui
3487 4074 3550 4130 in
3598 4073 3802 4130 ultimo

2147 4163 2412 4219 examine
2466 4163 2734 4218 redderet
2781 4163 2935 4217 bona
2997 4180 3099 4235 pro
3152 4163 3358 4219 bonis:
3404 4162 3558 4218 hanc
3639 4164 3809 4220 retri-

2147 4253 2444 4308 butionem
2479 4251 2685 4322 quaerit
2741 4250 2872 4306 iste.
2923 4252 3135 4316 Quaarit
3191 4253 3349 4308 enim
3408 4269 3440 4306 a
3483 4253 3601 4308 Deo
3663 4255 3806 4308 inte-

2147 4341 2270 4396 rius
2301 4339 2596 4407 viviﬁcari,
2630 4344 2695 4394 ut
2737 4341 2809 4395 ab
2869 4357 2935 4396 eo
2990 4341 3313 4397 vivificatus
3364 4342 3553 4412 possit
3613 4347 3810 4398 custo-

2146 4430 2269 4485 dire
2326 4444 2627 4486 sermones
2685 4445 2863 4497 suos;
2918 4429 3058 4501 quia
3125 4439 3391 4486 mortuus
3479 4435 3572 4486 est
3657 4432 3807 4486 inte-

385 4519 550 4590 prius
582 4518 696 4573 Deo
729 4524 1037 4591 peccatur:
1073 4519 1213 4590 quia
1239 4520 1469 4591 quando
1522 4519 1771 4592 quisque
1817 4523 2034 4594 cogitat
2065 4533 2110 4596 Ι)
2144 4519 2286 4585 rius,
2338 4534 2452 4573 non
2502 4523 2592 4572 est
2641 4517 2856 4590 dignus
2907 4523 2970 4573 ut
3013 4519 3306 4575 custodiat
3362 4534 3672 4576 sermones
3708 4522 3814 4576 Do—

386 4612 688 4678 pcccatum
723 4612 1055 4679 perpetrare
1084 4610 1141 4663 in
1177 4609 1460 4681 proximo,
1503 4611 1632 4679 jam
1673 4615 1872 4681 peccat
1932 4613 2041 4667 Deo

387 4694 497 4750 etsi
531 4693 758 4749 nullum
784 4703 1088 4767 peccatum
1122 4698 1535 4770 perpetraverit
1587 4697 1645 4753 in
1714 4699 1976 4770 proximo
2021 4720 2032 4756 :

388 4783 528 4856 quia
550 4799 719 4838 nemo
750 4801 862 4838 non
887 4787 1123 4856 priusin
1148 4804 1416 4858 se,quam
1442 4787 1498 4840 in
1534 4786 1782 4842 alterum
1815 4795 2034 4859 peccat.

387 4873 492 4930 Vel
522 4872 607 4928 sic
643 4889 654 4928 :
689 4873 751 4927 In
781 4874 942 4929 corde
962 4891 1078 4930 meo
1109 4875 1369 4932 abscondi
1397 4876 1613 4946 eloquia
1644 4883 1756 4939 tua,
1820 4882 1882 4931 ut
1923 4895 2035 4934 non

387 4965 586 5020 darem
620 4967 888 5018 sanctum
923 4964 1165 5018 canibus
1191 4982 1378 5036 neque
1402 4963 1749 5037 margaritas
1806 4982 2037 5038 sparge-

387 5070 510 5109 rem
542 5056 675 5107 ante
707 5068 913 5124 porcos
942 5069 954 5106 :
1001 5069 1136 5124 ergo
1164 5055 1302 5110 Doce
1330 5071 1420 5108 me
1448 5055 1862 5124 iustiﬁcationes
1892 5060 2033 5124 tuas,

388 5146 454 5198 ut
499 5141 720 5196 discam
785 5140 1046 5196 faciendo
1107 5143 1263 5213 quod
1313 5144 1440 5213 jam
1491 5143 1666 5197 didici
1755 5145 2038 5199 memoria

387 5231 664 5296 tenendo,
743 5229 847 5285 vel.
909 5235 1096 5286 Tuum
1155 5236 1244 5287 est
1296 5233 1522 5297 docere,
1581 5231 1720 5302 quia
1763 5236 1825 5287 tu
1880 5233 2037 5288 bene-

387 5319 564 5375 dictus
589 5335 667 5389 es,
696 5320 1006 5386 Domine,id
1033 5326 1122 5375 est
1155 5339 1167 5376 :
1205 5320 1549 5376 naturaliter
1594 5319 2036 5392 multiplicatus,

387 5414 444 5466 et
491 5427 524 5464 a
581 5411 636 5462 te
722 5407 974 5479 quisque
1025 5410 1267 5465 docetur
1334 5409 1392 5463 in
1454 5409 1694 5464 bonum.
1775 5410 1908 5464 Doce
1955 5425 2040 5462 me

389 5496 804 5567 iustiﬁcationes
835 5502 953 5553 luas
985 5499 1124 5570 quia
1155 5517 1265 5554 non
1327 5498 1514 5554 solum
1568 5497 1712 5552 mihi
1761 5497 2036 5553 abscondi

392 5584 621 5656 eloquia
670 5588 790 5653 tua,
825 5587 922 5641 sed
983 5587 1158 5642 etiam
1229 5589 1300 5642 ad
1380 5585 1695 5644 utilitatem
1754 5586 2040 5661 proximo-

2154 4607 2318 4663 mini.
2350 4607 2498 4661 Nota
2529 4606 2666 4677 quia
2701 4623 2816 4662 nou
2840 4623 2902 4662 ex
2961 4612 3080 4662 toto
3140 4614 3406 4664 mortuus
3456 4609 3657 4664 fuerat
3707 4611 3808 4682 qui

2146 4695 2240 4751 hic
2291 4695 2563 4749 vivificari
2623 4699 2809 4767 rogat.
2860 4696 3096 4768 Accepit
3133 4698 3289 4752 enim
3349 4697 3592 4753 initium
3642 4699 3814 4754 bona:

2147 4783 2654 4856 concupiscentia,
2715 4787 2848 4839 ciim
2907 4785 3098 4840 adhuc
3157 4792 3326 4859 rogat
3372 4786 3684 4854 vivificari,
3749 4795 3816 4842 ut

2146 4874 2335 4946 possit
2367 4873 2659 4928 custodire
2709 4878 3066 4946 praeceptum
3109 4874 3474 4931 obedientite.
3531 4877 3606 4930 Et
3666 4893 3816 4948 quo-

2145 4964 2305 5019 niam
2328 4962 2426 5018 Dei
2487 4966 2775 5034 pracepta
2832 4980 2950 5018 non
3010 4981 3111 5036 per
3163 4964 3559 5021 obedientiam
3620 4973 3819 5021 custo-

2146 5053 2412 5120 diuntur,
2471 5051 2585 5106 nisi
2627 5068 2728 5122 per
2784 5051 3236 5125 intelligentiam
3321 5054 3657 5122 videantur,
3750 5058 3821 5108 ut

2150 5141 2387 5197 haberet
2442 5139 2911 5213 intelligentiam,
2972 5143 3325 5199 subsecutus
3397 5144 3523 5198 ait:
3614 5145 3814 5199 Bercta

2145 5231 2330 5286 oculos
2391 5245 2535 5284 meos
2617 5229 2942 5298 interiores,
2994 5240 3046 5287 et
3101 5232 3453 5288 considerabo
3505 5234 3817 5288 mirabilia

2147 5318 2521 5392 procedentia
2579 5317 2643 5373 de
2709 5319 2825 5389 lege
2915 5327 3041 5393 tua,
3119 5322 3220 5377 sed
3272 5322 3603 5378 observata.
3656 5322 3816 5386 Quid

2149 5407 2503 5473 mirabilius,
2563 5423 2740 5478 quam
2792 5424 2894 5480 per
2951 5411 3281 5467 custodiam
3341 5411 3488 5484 legis
3550 5409 3812 5477 Domini,

2147 5503 2386 5568 terram,
2422 5496 2633 5552 coelum
2656 5497 2800 5564 fieri,
2835 5515 3066 5554 servum
3124 5499 3399 5570 liberum,
3461 5504 3518 5555 et
3566 5499 3810 5555 tandem

2149 5590 2426 5660 perpetuo
2481 5586 2801 5644 coronari?
2861 5588 3056 5645 Reveta
3111 5590 3291 5647 oculos
3363 5606 3530 5657 meos,
3593 5594 3645 5646 et
3685 5588 3818 5645 hoc
