4024 6192
246 400 357 466 73⁸7

1364 398 1971 469 ENARRATIONES
2017 406 2093 465 ΙΝ
2144 405 2521 467 PSALMOS.

3522 416 3640 477 738

241 539 371 592 ideo
405 538 544 609 quia
578 539 764 593 incola
810 553 904 610 ego
949 556 1073 595 sum
1116 541 1173 593 in
1222 542 1393 607 terra,
1436 541 1491 594 id
1524 546 1631 611 est,
1666 542 1737 596 de
1769 541 1885 595 illis
1914 540 1971 607 Α
2001 545 2113 592 tur.
2140 538 2441 593 Consilium
2467 540 2677 594 iterum
2701 541 3026 595 sedentium
3067 542 3395 613 principum
3424 546 3638 601 fuitin-

243 642 347 697 ego
380 643 510 681 sum
557 628 657 698 qui
714 627 951 683 dicunt:
987 652 1014 678 «
1048 629 1171 683 Non
1204 628 1489 685 habemus
1522 630 1616 685 hic
1644 647 1884 684 manen-

240 720 358 770 tem
381 716 696 783 civitatem,
724 718 824 775 sed
849 717 1477 789 futuraminquirimus
1508 721 1654 789 (lleb.
1676 724 1828 785 xui):
1857 740 1883 766 »

240 808 296 859 et
326 805 452 859 ideo
500 821 608 860 non
666 807 967 862 abscondas
1025 824 1058 861 a
1104 824 1191 860 me
1244 808 1510 862 mandata
1550 813 1645 862 tua
1677 813 1885 861 utnon

241 894 564 964 compleam
625 912 710 963 ea,
771 895 1042 950 videlicet
1122 896 1434 967 operando.
1470 889 1713 950 'Mirum
1777 900 1884 960 est,

241 982 395 1053 quod
427 982 523 1037 hic
580 988 744 1055 rogat
800 984 1080 1039 mandata
1136 984 1363 1039 Domini
1424 984 1535 1039 sibi
1593 1001 1705 1039 non
1754 985 1887 1039 abs-

241 1071 431 1126 condi.
492 1072 630 1142 quia
688 1073 905 1144 ubique
964 1072 1116 1128 Deus
1194 1073 1317 1127 vult
1389 1073 1728 1144 praedicari:
1774 1074 1887 1126 uti-

242 1175 376 1213 nam
427 1162 546 1214 tam
598 1160 801 1216 multis
846 1166 1041 1216 essent
1091 1161 1266 1216 chara
1315 1179 1490 1232 quam
1542 1165 1679 1216 sunt
1709 1161 1883 1217 clara.

243 1247 347 1303 Illa
384 1248 541 1303 enim
600 1250 717 1305 duo
776 1250 1071 1315 mandata,
1136 1249 1191 1303 in
1252 1250 1467 1320 quibus
1527 1253 1739 1321 pendet
1769 1255 1890 1305 tota

243 1336 333 1391 lex
391 1341 447 1391 et
506 1339 821 1409 propheta,
878 1338 1193 1393 manifesta
1249 1343 1387 1392 sunt
1438 1344 1558 1393 tam
1614 1339 1889 1394 ﬁdelibus

243 1441 420 1495 quam
462 1425 834 1481 inﬁdelibus:
888 1427 1027 1497 quia
1078 1427 1231 1481 Deus
1276 1428 1564 1482 amandus
1620 1433 1727 1491 est,
1762 1428 1889 1482 ideo

242 1514 570 1569 necessario
618 1514 893 1570 scicndus
941 1520 1047 1570 est.
1102 1516 1246 1569 Sciri
1304 1520 1497 1571 autem
1550 1534 1665 1571 non
1699 1520 1892 1588 potest

244 1602 357 1656 nisi
391 1619 491 1673 per
539 1602 806 1675 eloquia:
869 1604 998 1659 ideo
1057 1604 1167 1659 iste
1224 1610 1387 1676 rogat
1445 1605 1555 1660 sibi
1604 1623 1720 1660 non
1757 1606 1887 1661 abs-

242 1691 411 1746 condi
458 1691 708 1764 eloquia,
762 1697 827 1747 ut
877 1694 1113 1748 sciendo
1185 1694 1390 1763 Deum,
1455 1700 1634 1749 Deum
1695 1700 1885 1749 amet:

240 1785 296 1835 et
346 1784 525 1835 Deum
576 1782 849 1849 amando,
902 1782 1166 1853 seipsum
1216 1782 1389 1837 faciat
1437 1799 1651 1848 amare,
1704 1789 1767 1837 ut
1808 1783 1891 1837 sic

238 1870 474 1925 tandem
524 1871 801 1925 doceatur
856 1870 1109 1943 qualiter
1160 1871 1461 1943 proximus
1518 1873 1725 1927 debeat
1755 1872 1889 1926 dili-

240 1975 414 2030 gere;
474 1959 613 2030 quia
686 1960 801 2014 nisi
859 1959 1111 2032 quisque
1171 1961 1319 2015 sciat
1376 1962 1571 2032 ipsum
1630 1962 1891 2032 diligere,

242 2064 356 2103 non
411 2053 601 2120 potest
659 2065 788 2105 esse
844 2050 1057 2105 ardens
1132 2050 1190 2103 in
1249 2049 1560 2105 dilectione
1620 2051 1890 2121 proximi,

244 2153 381 2191 cum
476 2137 757 2208 scriptum
841 2138 954 2193 sit:
1030 2137 1249 2209 Diliges
1328 2138 1655 2208 proximum
1724 2143 1892 2192 tuum

244 2224 401 2279 sicut
442 2225 699 2297 teipsum
748 2229 894 2297 (Leu.
947 2229 1082 2295 11x).
1117 2248 1147 2278 ι
1200 2227 1328 2281 Non
1381 2227 1707 2283 abscondas
1738 2245 1771 2281 a
1802 2244 1894 2283 me

243 2314 525 2367 mandata
579 2318 718 2368 tua:
778 2336 803 2361 ››
868 2320 924 2369 et
980 2315 1088 2370 hoc
1138 2316 1321 2386 juste,
1382 2318 1520 2386 quia
1578 2317 1895 2386 concupivit

243 2404 439 2454 anima
494 2403 1007 2467 mea«desiderare,
1068 2404 1123 2458 id
1186 2408 1292 2473 est,
1356 2421 1567 2475 magno
1605 2404 1893 2459 desiderio

245 2489 629 2544 aﬂ‘ectabatur
674 2492 871 2545 anima
920 2508 1049 2546 mea
1095 2492 1428 2547 desiderare
1468 2494 1894 2563 justi/icationes

244 2586 391 2649 tuas,
451 2577 508 2631 id
569 2583 679 2645 est,
743 2584 1027 2651 praecepta
1087 2585 1188 2635 tua
1236 2582 1645 2649 justiﬁcantia,
1696 2582 1893 2636 ethoc

243 2671 305 2722 in
361 2668 517 2722 omni
573 2675 831 2738 tempore,
892 2670 1161 2724 videlicet
1211 2670 1426 2740 quietis
1475 2675 1529 2723 et
1575 2671 1891 2725 adversita-

243 2758 355 2823 tis;
414 2758 582 2826 juxta
638 2756 821 2811 illud:
882 2758 1210 2813 Benedicam
1283 2760 1571 2812 Dominum
1627 2761 1686 2811 in
1742 2762 1893 2813 omni

240 2850 485 2915 tempore
512 2846 680 2916 (Psal.
715 2848 932 2915 χχχιιι).
974 2848 1104 2901 Ideo
1158 2847 1491 2917 concupivit
1533 2847 1730 2901 anima
1764 2864 1892 2902 mea

242 2934 569 2989 desiderare
602 2938 884 3005 praecepta
932 2944 1051 3001 tua,
1103 2936 1241 3006 quia
1288 2937 1590 3002 increpasti
1636 2937 1893 3006 superbos

242 3024 300 3077 id
354 3028 461 3087 est,
513 3022 741 3094 primos
795 3028 1063 3093 parentes
1112 3028 1313 3079 contra
1362 3029 1416 3078 te
1466 3024 1889 3095 superbientes,

242 3116 301 3166 et
350 3111 627 3166 mandata
673 3116 774 3165 tua
817 3128 931 3165 non
981 3112 1417 3167 desiderantes:
1475 3115 1794 3183 increpasti,
1832 3113 1889 3167 id

243 3204 355 3263 est,
416 3204 598 3254 morte
658 3199 917 3255 multasti
998 3201 1231 3271 quando
1307 3200 1539 3255 dixisti:
1601 3202 1891 3255 Maledicta

1994 633 2194 681 ventos
2219 632 2501 697 martyres
2525 630 2789 698 perdere:
2810 632 3102 685 concilium
3129 632 3467 701 patientiam
3490 651 3641 689 mar-

1996 722 2186 788 tyrum
2212 717 2467 785 perditos
2500 716 2775 771 invenire.
2802 719 2867 772 Et
2891 720 2973 772 sic
3014 718 3093 771 illi
3142 720 3463 776 reddebant
3487 724 3642 780 mala

1999 822 2099 875 pro
2135 804 2319 869 bonis,
2358 804 2447 857 isti
2487 805 2637 859 bona
2668 822 2771 876 pro
2804 808 3010 861 malis:
3045 814 3101 861 et
3132 808 3213 861 sic
3239 817 3639 879 persecutores

1997 893 2310 947 occidendo
2340 894 2676 947 defecerunt
2706 912 2717 959 ;
2754 901 3034 967 martyres
3067 914 3198 951 vero
3232 901 3531 956 moriendo
3559 903 3640 957 vi-

2000 986 2220 1036 cerunt.

2070 1087 2303 1124 DALETH.
2320 1102 2386 1109 -—
2401 1093 2427 1119 ‹‹
2444 1071 2699 1125 Adhaesit
2714 1073 3039 1143 pavimento
3054 1076 3250 1131 anima
3265 1080 3645 1135 mea:viviﬁca

2001 1183 2027 1206 ((
2058 1174 2149 1212 me
2182 1160 2507 1213 secundum
2538 1161 3124 1218 \'erbumtuum.Vias
3140 1182 3298 1220 meas
3321 1170 3645 1239 enuntiavi,

2001 1272 2024 1295 ‹‹
2044 1249 2391 1302 etexaudisti
2420 1265 2537 1302 me:
2557 1250 2697 1302 doce
2719 1266 2809 1303 me
2836 1252 3284 1319 justiticationes
3307 1261 3457 1311 tuas.
3480 1259 3642 1313 Viam

2001 1362 2027 1384 ‹‹
2054 1337 2544 1406 justiﬁcationum
2586 1343 2819 1392 tuarum
2860 1340 3082 1395 instrue
3117 1359 3227 1409 mc,
3254 1349 3311 1399 et
3339 1349 3648 1403 exercebor

2002 1448 2027 1473 ‹‹
2062 1425 2121 1478 in
2154 1426 2525 1480 mirabilibus
2554 1428 2693 1481 tuis.
2730 1428 3074 1481 Dormitavit
3120 1430 3316 1485 anima
3359 1451 3487 1489 mea
3531 1454 3646 1507 pra:

2003 1538 2027 1563 u
2064 1513 2253 1581 taedio,
2287 1516 2569 1570 confirma
2600 1532 2691 1570 me
2724 1517 2779 1570 in
2833 1518 3025 1572 verbis
3067 1519 3203 1573 tuis.
3238 1520 3401 1576 Viam
3432 1524 3647 1596 iniqui-

2009 1623 2029 1650 ι
2064 1603 2200 1658 tatis
2232 1621 2431 1658 amove
2462 1622 2494 1658 a
2527 1622 2636 1671 me,
2670 1612 2725 1660 et
2755 1606 2824 1659 de
2874 1605 2999 1677 lege
3049 1613 3149 1661 tua
3200 1609 3475 1666 miserere
3506 1614 3642 1668 mei.

2010 1710 2030 1738 α
2063 1692 2228 1745 Viam
2252 1693 2512 1747 veritatis
2532 1694 2696 1763 elegi,
2737 1695 2964 1763 judicia
2985 1700 3086 1749 tua
3110 1713 3223 1751 non
3251 1715 3382 1751 sum
3408 1700 3645 1756 oblitus.

2003 1802 2030 1828 ‹‹
2067 1781 2295 1834 ΑάῘἩΒΒῘ
2322 1782 2672 1836 testimoniis
2699 1783 2838 1850 tuis,
2864 1784 3125 1853 Domine,
3153 1786 3267 1840 noli
3286 1804 3375 1841 me
3401 1790 3647 1844 confun-

2005 1892 2031 1918 ‹‹
2064 1870 2217 1924 dere.
2260 1870 2426 1925 Viam
2478 1872 2887 1926 mandatorum
2938 1878 3175 1927 tuorum
3225 1878 3478 1946 cucurri,
3514 1894 3648 1933 cum

2008 1980 2031 2004 (ι
2060 1958 2316 2013 dilatasti
2350 1976 2447 2013 cor
2478 1976 2694 2013 meum.
2734 1982 2760 2007 ››

2620 2154 2945 2210 ENAItRATI
2960 2160 3027 2211 0.

2072 2314 2329 2367 Adhaesit
2354 2317 2665 2383 pavimento
2687 2318 2875 2370 anima
2922 2334 3080 2371 mea:
3135 2319 3301 2389 quasi
3335 2319 3490 2375 dicat
3515 2338 3532 2373 :
3566 2319 3655 2374 Li-

2003 2407 2094 2456 cet
2114 2403 2447 2456 testimonia
2468 2411 2568 2457 tua
2592 2404 2888 2459 meditatio
2915 2422 3041 2459 mea
3077 2412 3187 2471 est,
3238 2412 3432 2461 tamen
3460 2407 3655 2462 adhuc

2002 2490 2200 2555 timeo,
2245 2491 2382 2560 quia
2419 2494 2606 2557 anima
2654 2510 2777 2546 mea
2828 2493 3056 2548 adhwsit
3100 2497 3443 2565 pavimento,
3478 2496 3534 2549 id
3565 2501 3655 2551 est

2003 2579 2249 2648 corpori,
2275 2580 2427 2649 quod
2453 2585 2539 2633 est
2562 2580 2800 2635 inferior
2822 2599 2956 2652 pars
2996 2582 3273 2648 hominis,
3315 2584 3467 2638 sicut
3490 2584 3654 2655 pavi-

2005 2673 2262 2720 mentum
2314 2667 2553 2723 int'erior
2591 2686 2724 2739 pars
2768 2675 2858 2723 est
2888 2670 3135 2724 mdiﬁcii.
3173 2671 3239 2725 Et
3269 2670 3407 2742 quia
3438 2696 3465 2720 ‹‹
3503 2674 3647 2727 Caro

2001 2756 2360 2825 concupiscit
2380 2772 2609 2827 semper
2628 2756 2907 2812 adversus
2930 2759 3438 2830 spiritum(Gal.v),
3462 2784 3490 2810 ››
3518 2762 3649 2817 Ideo

2000 2844 2260 2914 quandiu
2294 2845 2492 2898 anima
2522 2846 2777 2900 adbzeret
2816 2848 3061 2917 corpori,
3116 2850 3445 2904 timendum
3477 2856 3566 2905 est
3597 2855 3654 2906 et

2003 2934 2349 3004 rogandum,
2386 2951 2453 2987 ne
2485 2935 2956 3005 concupiscentia
2987 2938 3179 2992 carnis
3210 2945 3447 3010 superet
3479 2940 3646 3010 spiri-

2000 3028 2163 3077 tum:
2216 3024 2370 3093 quod
2422 3024 2532 3077 iste
2573 3029 2754 3094 rogat,
2802 3026 3036 3081 dicens:
3074 3027 3651 3100 Aithzesitpavimcnto

2000 3114 2190 3165 anima
2213 3128 2349 3176 mea,
2375 3116 2430 3165 et
2453 3112 2579 3165 ideo
2599 3115 2818 3183 vieifica
2840 3131 2945 3179 me,
2971 3120 3035 3168 ut
3054 3117 3479 3188 comprimatur
3497 3118 3652 3189 quod

2002 3200 2280 3253 adversus
2314 3199 2584 3270 spiritum
2615 3202 3071 3272 concupiscitur.
3104 3206 3321 3274 Viri/ica
3353 3224 3459 3267 me,
3496 3207 3649 3273 dico,

243 3295 394 3343 terra
437 3292 493 3343 in
545 3305 705 3359 opere
754 3298 844 3343 tuo
894 3290 1045 3358 (Gen.
1100 3290 1201 3359 ιιι).
1250 3290 1315 3342 Et
1362 3307 1475 3344 non
1527 3295 1758 3344 tantum
1810 3288 1893 3343 illi
1926 3274 1967 3338 C
2009 3292 2275 3356 agentem
2316 3288 2608 3343 secundum
2646 3290 2869 3343 verbum
2899 3300 3071 3359 tuum,
3099 3292 3153 3345 id
3178 3298 3267 3346 est
3300 3300 3653 3363 praeceptum

242 3379 331 3433 sic
362 3384 498 3431 sunt
527 3377 831 3447 increpati,
866 3378 965 3431 sed
1000 3394 1204 3431 omnes
1234 3380 1329 3447 qui
1359 3377 1654 3432 imitantes
1685 3394 1885 3432 eorum

243 3465 606 3537 superbiam,
646 3466 885 3520 declinat
920 3483 954 3519 a
977 3467 1250 3520 mandatis
1271 3468 1400 3531 tuis,
1429 3466 1707 3521 maledicti
1728 3472 1888 3521 sunt.

242 3555 397 3611 Nota
427 3554 564 3625 quia
595 3553 752 3609 aliud
780 3559 867 3609 est
906 3571 1010 3626 per
1059 3554 1444 3625 ignorantiam
1494 3554 1583 3609 vel
1631 3571 1734 3625 per
1766 3572 1892 3609 car-

245 3645 343 3699 nis
374 3643 776 3699 inﬁrmitatem
825 3645 1101 3698 mandata
1151 3644 1382 3698 Domini
1435 3661 1547 3698 non
1584 3644 1889 3715 supplere:

241 3733 425 3799 aliud,
479 3749 579 3803 per
629 3732 1043 3803 negligentiam
1096 3750 1129 3787 a
1172 3734 1466 3788 mandatis
1516 3720 1749 3788 Domini
1799 3733 1893 3787 de-

241 3822 503 3887 clinare;
556 3822 707 3891 quod
760 3821 1145 3892 superborum
1192 3826 1315 3877 est:
1370 3844 1397 3869 ‹‹
1449 3822 1741 3876 maledicti
1795 3821 1893 3892 qui

240 3910 540 3966 declinant
582 3928 615 3965 a
671 3910 968 3965 mandatis
1023 3910 1159 3964 tuis.
1216 3934 1241 3958 ››
1294 3911 1362 3965 Et
1410 3915 1475 3964 ut
1518 3927 1621 3981 ego
1655 3909 1896 3964 maledi-

240 3998 425 4054 ctioni
479 4016 595 4053 non
649 3999 1009 4068 subjaccam,
1062 4002 1223 4069 aufer
1269 4018 1299 4053 a
1348 4015 1432 4054 me
1471 4001 1821 4070 opprobrium
1846 4006 1901 4053 et

247 4091 641 4159 contemptum,
668 4104 738 4141 ne
767 4088 1128 4141 committam
1156 4088 1372 4158 aliquid
1408 4089 1650 4159 dignum
1684 4105 1898 4159 oppro-

246 4177 400 4245 brio,
452 4181 507 4231 et
554 4176 681 4231 ideo
736 4176 842 4230 tibi
888 4176 1347 4247 contemptibilis
1387 4178 1546 4231 ﬁam.
1580 4176 1702 4241 Vel,
1737 4179 1899 4246 aufer

242 4284 280 4321 α
313 4282 398 4320 me
444 4267 816 4337 opprobrium,
870 4282 941 4319 ne
992 4266 1341 4336 probrosum
1392 4266 1468 4319 sit
1513 4264 1653 4319 mihi
1689 4282 1897 4320 nomen

242 4354 668 4417 Christianum,
702 4358 758 4409 et
789 4372 892 4425 per
938 4354 1046 4408 hoc
1095 4354 1166 4408 ad
1218 4358 1616 4424 contemptum
1645 4354 1895 4408 veniam.

244 4444 420 4511 Aufer
468 4443 620 4509 dico,
677 4446 807 4513 quia
857 4444 1166 4498 testimonia
1196 4448 1288 4497 tua
1312 4444 1603 4512 exquisivi.
1630 4442 1789 4513 Opus
1814 4447 1903 4499 est

244 4532 426 4587 etiam
488 4536 551 4586 ut
606 4532 855 4599 auferas,
918 4531 1055 4602 quia
1108 4549 1221 4585 non
1267 4533 1481 4586 desunt
1530 4533 1627 4602 qui
1669 4548 1761 4587 me
1795 4532 1899 4586 du-

2001 3382 2188 3438 tuum,
2213 3374 2298 3428 vel
2338 3376 2553 3442 viviﬁca
2578 3394 2662 3431 me
2682 3379 2977 3432 secundum
3008 3380 3232 3434 verbum
3263 3390 3437 3443 tuum,
3483 3382 3538 3434 id
3564 3386 3657 3435 est

2003 3467 2358 3534 promissum
2405 3468 2593 3517 tuum.
2636 3466 2959 3521 Promisisti
2998 3468 3154 3522 enim
3185 3469 3281 3523 :In
3313 3476 3461 3524 Isaac
3490 3486 3649 3525 voea-

2005 3553 2155 3606 bitur
2194 3553 2295 3605 tibi
2337 3568 2540 3617 semen,
2573 3553 2680 3607 hoc
2710 3561 2815 3619 est,
2852 3578 2878 3603 ‹‹
2915 3572 3028 3609 non
3066 3559 3161 3626 qui
3199 3557 3317 3611 filii-
3346 3559 3557 3624 carnis,
3590 3558 3648 3614 hi

2004 3646 2143 3696 sunt
2165 3640 2266 3694 lilii
2295 3642 2389 3696 Dei
2419 3642 2551 3705 ;sed
2579 3642 2677 3712 qui
2704 3642 2808 3696 filii
2846 3648 2987 3697 sunt
3009 3646 3441 3714 promissionis,
3467 3648 3647 3717 depu-

2004 3730 2283 3785 tanturin
2308 3730 2529 3786 semine
2564 3731 2714 3802 (Gen.
2748 3749 2863 3800 xxx,
2899 3734 3049 3787 Rom.
3085 3734 3182 3803 ιχ).
3222 3756 3248 3782 ››
3280 3733 3402 3799 Vel,
3437 3735 3651 3803 vivi/ica

2006 3836 2091 3874 me
2110 3822 2415 3875 secundum
2438 3822 2659 3875 verbum
2682 3830 2857 3887 tuum,
2884 3839 3021 3892 quia
3046 3821 3237 3876 dixisti
3268 3840 3279 3877 :
3310 3847 3329 3871 ι
3357 3823 3653 3877 Converti-

2008 3908 2151 3962 mini
2174 3910 2243 3963 ad
2294 3926 2407 3973 me,
2457 3914 2515 3963 et
2564 3926 2667 3980 ego
2726 3914 3028 3965 convertar
3050 3911 3119 3964 ad
3144 3928 3244 3966 vos
3271 3912 3453 3981 (Zach.
3488 3912 3548 3983 ι).
3585 3914 3655 3968 Et

1992 3998 2183 4052 debes
2230 3998 2538 4061 viviticare,
2589 3999 2728 4067 quia
2776 4000 2897 4052 vias
2947 4016 3111 4066 meas,
3144 4000 3414 4056 videlicet
3448 4003 3653 4066 fcedas,

2005 4087 2326 4139 enuntiavi:
2359 4086 2661 4140 confessus
2695 4103 2825 4140 sum
2870 4088 2999 4157 tibi,
3052 4093 3102 4144 et
3151 4094 3213 4143 tu
3263 4090 3541 4146 exaudisti
3571 4108 3656 4147 me

2009 4171 2251 4227 delendo
2284 4178 2541 4241 peccata,
2573 4180 2629 4229 et
2661 4175 2787 4229 ideo
2820 4199 2847 4225 ε(
2878 4178 3017 4232 doce
3069 4195 3161 4233 me
3200 4181 3654 4250 justiﬁcationes

2010 4265 2161 4316 tuas.
2202 4285 2220 4307 η
2262 4264 2327 4315 Et
2360 4263 2498 4332 quia
2530 4264 2697 4317 multi
2734 4266 3015 4321 docentur
3046 4267 3105 4321 in
3128 4269 3654 4337 justilicationibus

2011 4350 2113 4415 sic,
2151 4358 2212 4405 ut
2242 4368 2307 4404 ea
2338 4352 2545 4418 sciant,
2589 4371 2702 4408 non
2748 4360 2811 4409 ut
2852 4372 3021 4426 opere
3046 4358 3377 4419 ostendant,
3401 4357 3655 4411 ostendit

2012 4440 2131 4495 haec
2164 4440 2353 4494 tidelis
2384 4442 2582 4495 anima
2611 4443 2864 4512 qualiter
2915 4444 3102 4499 doceri
3136 4444 3297 4510 vult;
3330 4444 3411 4497 sic
3434 4463 3451 4496 :
3500 4444 3653 4499 Viam

2000 4532 2453 4600 justi/irationem
2483 4540 2731 4600 tuarum,
2782 4532 2837 4584 id
2888 4539 2994 4597 est,
3030 4548 3203 4602 opera
3232 4537 3651 4603 praeceptorum

244 4621 391 4675 dum
424 4626 720 4675 conterere
770 4624 1060 4691 quaerunt.
1111 4621 1328 4674 Etenim
1374 4621 1655 4691 principes
1688 4622 1898 4675 terreni
1932 4643 1978 4705 Ι)
2013 4625 2266 4681 tuorum,
2319 4620 2530 4672 instrue
2578 4635 2681 4678 me.
2729 4620 2784 4672 id
2837 4625 2947 4683 est,
2996 4619 3221 4674 instrue
3252 4620 3309 4673 in
3344 4637 3455 4690 me,
3486 4626 3542 4675 et
3572 4621 3656 4676 sic

246 4708 612 4775 «sederunt,
669 4714 726 4763 et
786 4708 1095 4763 adversum
1174 4724 1266 4761 me
1325 4707 1735 4779 loquebantur.
1800 4715 1900 4763 Lo-

247 4797 585 4868 quebantur
638 4820 658 4845 υ
717 4796 867 4862 dico,
919 4796 1332 4851 tribulationes
1381 4797 1657 4851 minando
1708 4803 1761 4852 et
1812 4798 1899 4851 in-

245 4887 509 4941 ferendo.
552 4908 571 4934 α
608 4886 821 4941 Servus
871 4891 1065 4940 autem
1126 4891 1264 4939 tuus
1312 4886 1688 4940 exercebatur
1722 4886 1899 4956 inju-

246 4974 706 5031 stiﬁcationihus
728 4974 864 5029 tuis.
891 4974 1033 5029 Nam
1058 4980 1113 5029 et
1132 4974 1465 5029 testimonia
1485 4980 1586 5029 tua
1600 4974 1899 5029 meditatio

248 5081 384 5120 mea
405 5069 510 5131 est,
533 5064 588 5119 id
614 5068 721 5129 est,
742 5087 766 5111 n
782 5062 880 5118 illa
895 5081 1019 5134 quis
1038 5069 1096 5117 tu
1112 5064 1422 5119 testabaris
1438 5064 1750 5119 meditatus
1765 5081 1898 5118 sum

247 5170 505 5224 semper.
535 5153 895 5208 Testimonia
917 5153 1143 5207 Domini
1181 5154 1459 5225 martyria
1498 5155 1624 5223 ejus
1647 5158 1803 5221 sunt,
1837 5153 1898 5207 in

247 5243 472 5314 quibus
497 5242 792 5314 martyriis
816 5240 1144 5310 exemplum
1167 5242 1434 5313 praebuit,
1460 5247 1523 5297 ut
1546 5243 1602 5296 bi
1627 5244 1723 5311 qui
1751 5259 1899 5296 mar-

246 5331 658 5405 tyrizarentur,
694 5331 824 5385 illos
860 5330 1165 5402 diligerent
1196 5348 1228 5383 a
1276 5331 1490 5401 quibus
1524 5336 1895 5401 paterentur:

245 5422 406 5493 quod
460 5420 554 5475 hic
603 5419 763 5487 dicit,
820 5418 1153 5474 Testimonia
1202 5427 1293 5473 tua
1340 5420 1622 5473 meditatio
1650 5436 1769 5473 mea
1801 5424 1895 5475 est.

246 5510 553 5567 Meditatio
576 5509 732 5564 enim
757 5513 842 5563 est
864 5511 1200 5563 sanctorum
1239 5512 1583 5577 martyrum,
1609 5507 1739 5563 illos
1765 5508 1897 5563 «ἰὶιὶ-

245 5614 386 5671 gere
428 5614 459 5651 a
508 5598 725 5668 quibus
776 5597 1115 5666 patiuntur:
1171 5613 1304 5650 cum
1356 5594 1476 5650 hzec
1518 5596 1593 5649 sit
1622 5597 1897 5652 meditato

246 5691 714 5764 persecutorem,
742 5690 804 5742 ut
827 5702 924 5742 eos
941 5686 1195 5743 habeant
1215 5685 1346 5742 odio
1370 5702 1517 5759 quos
1538 5701 1898 5759 persequun-

2012 4708 2335 4762 instructus
2381 4708 2667 4763 exercebar
2714 4709 2770 4760 in
2823 4708 3171 4763 mirabilibus
3226 4712 3354 4779 tuis,
3387 4708 3443 4764 id
3477 4716 3565 4766 est
3594 4710 3651 4765 in

2012 4798 2307 4851 mandatis
2332 4797 2466 4862 tuis,
2492 4814 2617 4866 quae
2642 4795 2969 4850 mirabilem
2995 4813 3127 4851 eum
3168 4797 3413 4863 faciunt,
3456 4801 3555 4870 qui
3587 4817 3654 4855 ea

2010 4885 2310 4941 imitatur:
2340 4902 2471 4939 nam
2496 4902 2630 4939 eum
2670 4886 2741 4938 de
2778 4884 2983 4939 infima
3006 4886 3239 4940 miseria
3260 4888 3329 4941 ad
3355 4904 3650 4942 summam

2010 4974 2254 5046 gloriam
2289 4976 2631 5045 perducunt.
2661 4975 2817 5045 Opus
2852 4980 2939 5029 est
2969 4980 3033 5028 ut
3066 4991 3157 5029 me
3205 4977 3481 5038 instruas,
3516 4976 3654 5045 quia

2009 5064 2350 5131 dormitavit,
2389 5063 2445 5116 id
2467 5068 2574 5132 est,
2599 5065 2841 5133 tepescit
2863 5065 3052 5117 anima
3082 5080 3206 5117 mea
3228 5079 3350 5129 prae
3374 5064 3532 5118 taedio
3558 5081 3656 5117 au-

2011 5152 2205 5206 diendi
2237 5151 2503 5205 videlicet
2550 5152 2707 5206 verbi
2762 5151 2878 5205 Dei.
2916 5138 3095 5206 'Unde
3126 5150 3266 5205 illud
3300 5168 3312 5204 :
3350 5174 3374 5200 «
3409 5151 3651 5206 Omnem

2010 5257 2203 5295 escam
2238 5240 2574 5294 abominata
2603 5246 2690 5294 est
2722 5240 2917 5294 anima
2948 5255 3145 5293 eorum
3180 5242 3292 5311 (Ps.
3320 5241 3449 5309 ενι).
3477 5263 3503 5287 ››
3525 5240 3649 5306 Vel,

2008 5330 2323 5384 dormitavit
2354 5330 2543 5382 anima
2572 5345 2692 5382 mea
2720 5343 2839 5399 pra:
2889 5328 3081 5397 taedio,
3131 5327 3268 5397 quia
3298 5329 3535 5381 tzsdium
3566 5332 3653 5383 est

2011 5418 2152 5471 mihi
2205 5417 2531 5471 conversari
2583 5416 2735 5471 inter
2785 5421 3152 5488 peccatores:
3191 5420 3247 5469 et
3275 5415 3402 5469 ideo
3425 5421 3508 5481 tu,
3538 5422 3651 5470 ωο-

2010 5507 2174 5571 mini,
2216 5506 2479 5573 confirma
2509 5520 2594 5558 me
2623 5506 2681 5558 in
2712 5505 2884 5558 verbis
2918 5506 3043 5569 tuis,
3080 5508 3143 5557 ut
3185 5502 3462 5557 violenter
3482 5520 3650 5575 agam

2006 5601 2062 5651 et
2086 5610 2443 5667 promovear.
2474 5595 2541 5647 Et
2562 5600 2625 5647 ut
2642 5594 2974 5663 conﬁrmes,
3007 5596 3156 5647 viam
3174 5594 3509 5663 iniquitatis,
3531 5611 3656 5666 pro-

2008 5684 2322 5743 motionem
2346 5698 2538 5739 meam
2570 5682 3007 5757 impedientem,
3034 5705 3062 5735 «
3087 5698 3287 5741 amove
3307 5698 3341 5738 a
3362 5698 3473 5752 me,
3500 5686 3557 5740 et
3579 5684 3651 5745 de
