4024 6192
394 362 509 427 780

957 359 1259 422 REMIGII
1304 355 2058 423 ANTISSIODOBENSIS
2103 361 2274 429 OPP.
2318 362 2521 431 PARS
2565 363 2615 424 l.
2651 395 2725 408 --
2757 358 3224 424 EXEGETICA.

3676 353 3807 437 ⁸⁷ἑο

384 492 519 566 lege.
542 497 645 548 tua
666 492 940 549 miserere
962 492 1096 560 mei,
1135 514 1162 542 ››
1194 493 1387 548 dando
1420 493 1565 549 mihi
1593 493 1860 550 videlicet
1887 493 2033 567 legis
2062 495 2116 562 Α
2148 495 2354 567 utique
2385 495 2442 550 in
2476 493 2756 551 charitate
2794 492 3195 553 cucurrisset?
3236 492 3355 557 Sed
3404 490 3547 565 quia
3574 489 3636 549 in
3667 488 3804 569 lege

387 586 501 637 tua;
525 599 637 637 non
663 582 853 637 solum
877 580 1330 650 inchoationem,
1354 583 1455 638 sed
1474 583 1647 639 etiam
1667 600 2035 639 consumma-

386 671 605 726 tionem
633 688 644 726 :
683 671 837 741 quod
872 687 987 725 non
1019 676 1107 725 est
1136 671 1368 726 volentis
1408 687 1581 743 neque
1622 674 1915 740 currentis,
1942 674 2036 729 sed

384 760 470 813 tui
514 760 826 815 miserantis
875 760 1052 830 (Rom.
1107 760 1205 831 ιχ),
1237 760 1414 816 debes
1455 760 1738 830 misereri,
1772 762 1911 832 quia
1939 760 2035 817 in-

387 852 673 920 quantum
705 848 887 919 potui,
936 849 1086 903 viam
1123 851 1327 904 veritas
1363 850 1502 920 elegi
1539 866 1641 920 per
1684 866 1859 921 quam
1902 867 2031 906 cur-

382 953 592 1002 rorem,
629 958 657 986 (ι
681 943 739 992 et
762 937 987 1007 judicia
1016 941 1118 1003 tua
1148 954 1260 993 non
1296 954 1428 993 sum
1459 937 1676 994 oblitus
1705 956 1717 992 :
1752 959 1780 988 »
1814 943 1877 992 ut
1907 955 2034 994 cur-

381 1042 590 1094 rerem,
637 1026 852 1080 adhwsi
881 1028 1206 1082 testimoniis
1241 1030 1371 1097 tuis,
1394 1028 1642 1095 Domine,
1667 1028 1807 1083 dum
1829 1042 2031 1082 curre-

381 1130 503 1169 rem
532 1131 544 1169 :
570 1114 778 1171 etideo
813 1116 931 1171 noli
968 1132 1054 1171 me
1091 1116 1441 1187 confundere,
1488 1121 1552 1171 ut
1594 1116 1825 1172 dicatur
1844 1116 2025 1172 mihi:

381 1223 407 1251 ‹‹
438 1201 540 1257 Hic
565 1203 741 1259 homo
772 1204 945 1275 coepit
978 1205 1286 1275 aediﬁcare,
1317 1209 1375 1259 et
1406 1222 1521 1259 non
1548 1206 1741 1277 potuit
1762 1222 2029 1261 consum-

379 1307 537 1347 mare
568 1294 718 1363 (Luc.
771 1294 989 1365 x1x);»
1036 1294 1137 1349 sed
1186 1310 1303 1365 quo
1354 1310 1524 1349 curro
1582 1294 2028 1366 pertendam,et

376 1381 531 1452 quod
563 1382 841 1451 pertendo
874 1382 1206 1453 perveniam
1237 1400 1249 1438 :
1285 1383 1437 1454 quod
1473 1383 1591 1438 ﬁet.
1625 1383 1773 1448 Quia
1802 1406 1828 1433 ‹‹
1871 1384 2025 1439 viam

375 1469 787 1525 mandatorum
837 1475 1072 1527 tuorum
1138 1473 1369 1528 cucurri
1423 1488 1558 1527 cum
1607 1471 1876 1527 dilatasti
1928 1489 2028 1529 cor

376 1575 598 1625 meum,
616 1580 643 1609 »
664 1558 720 1613 id
744 1564 851 1643 est,
875 1577 1008 1615 cum
1032 1577 1129 1616 cor
1152 1577 1346 1615 meum
1366 1560 1425 1616 in
1440 1560 1723 1617 charitate
1742 1561 2019 1618 dilatasti.

376 1646 537 1717 Unde
575 1648 926 1719 Apostolus:
991 1648 1093 1704 Cor
1134 1658 1384 1705 nostrum
1441 1650 1540 1716 ait,
1598 1648 1900 1706 dilatatam
1926 1658 2020 1722 est,

370 1736 708 1793 dilatamim'
734 1746 786 1793 et
813 1754 903 1793 vos
932 1739 1007 1809 (II
1036 1742 1163 1795 Cor.
1191 1742 1288 1810 vx).

444 1825 547 1879 Ha.
584 1857 649 1867 -
691 1850 718 1876 ‹‹
756 1828 964 1898 Legem
998 1844 1147 1899 pone
1180 1828 1345 1898 mihi,
1380 1828 1640 1891 Domine,
1675 1828 1824 1884 viam
1860 1829 2023 1899 iusti-

374 1935 401 1963 ι(
437 1914 778 1970 ﬁcationum
810 1920 1068 1985 tuarum,
1101 1922 1157 1971 et
1185 1918 1488 1988 exquiram
1519 1934 1647 1973 eam
1673 1934 1922 1989 semper.
1939 1918 2022 1973 Da

372 2024 400 2051 ‹‹
434 2002 578 2056 mihi
622 2003 1009 2073 intellectum,
1062 2011 1120 2059 et
1158 2007 1467 2061 scrutabor
1513 2007 1699 2077 legem
1746 2010 1929 2078 tuam,
1968 2010 2024 2061 et

376 2113 403 2141 ‹‹
440 2092 771 2147 custodiam
804 2091 963 2147 illam
994 2093 1052 2147 in
1082 2098 1199 2149 toto
1231 2095 1404 2149 corde
1429 2111 1578 2148 mon.
1620 2096 1810 2150 Deduc
1851 2094 2023 2151 mein

376 2203 403 2231 ‹‹
436 2182 647 2236 semita
674 2182 1091 2237 mandatorum
1123 2188 1383 2255 tuorum,
1432 2184 1573 2256 quia
1622 2184 1811 2256 ipsam
1843 2184 2022 2240 volui.

376 2291 405 2319 ‹‹
431 2270 651 2326 Inclina
681 2287 779 2327 cor
824 2288 1021 2328 meum
1066 2273 1126 2327 in
1184 2274 1522 2329 testimonia
1572 2278 1693 2332 tua.
1729 2278 1785 2328 et
1814 2291 1928 2329 non
1960 2273 2022 2329 in

377 2381 403 2407 ‹‹
440 2359 765 2415 avaritiam.
790 2365 993 2417 Averte
1014 2361 1215 2418 oculos
1240 2378 1401 2419 meos
1440 2380 1512 2418 ne
1536 2363 1771 2419 videant
1791 2363 2021 2419 vanita-

382 2470 408 2501 α
433 2454 573 2513 tem,
606 2449 664 2503 in
693 2449 784 2504 via
808 2454 909 2505 tua
928 2450 1158 2506 viviﬁca
1184 2468 1294 2506 me.
1335 2456 1538 2507 Statue
1577 2468 1742 2508 servo
1773 2456 1872 2507 tuo
1894 2453 2020 2508 elo-

373 2560 392 2583 α
429 2536 636 2606 quinm
669 2542 836 2591 tuum
870 2538 926 2592 in
965 2538 1169 2593 timore
1201 2545 1323 2595 tuo.
1354 2543 1609 2611 Amputa
1639 2541 2018 2612 opprobrium

369 2644 397 2671 ‹‹
428 2623 581 2693 quod
608 2622 971 2693 justiﬁcatus
1005 2642 1160 2692 sum,
1191 2627 1327 2697 quia
1348 2628 1575 2697 judicia
1603 2633 1705 2683 tua
1728 2630 2013 2699 jucunda.

368 2733 394 2759 «
433 2710 574 2765 Ecce
604 2712 908 2783 concuphi
942 2714 1218 2768 mandata
1248 2719 1368 2781 tua,
1412 2716 1470 2770 in
1500 2716 1775 2786 aequitate
1799 2722 1901 2773 tua
1929 2718 2017 2771 vi-

376 2823 395 2848 ε
430 2799 600 2855 viﬁca
628 2816 740 2856 me.
780 2823 806 2849 ››

989 2891 1253 2946 ENARRA
1266 2892 1389 2947 T10.

440 2998 468 3025 ‹‹
499 2977 709 3048 Legem
729 2993 879 3048 pone
892 2977 1059 3045 mihi,
1080 2979 1328 3049 Domini,
1361 2980 1513 3034 viam
1534 2980 2015 3048 iustiﬁcationum

371 3068 633 3129 tuarum,
673 3069 730 3120 et
767 3066 1069 3137 exquiram
1113 3083 1240 3122 eam
1283 3085 1533 3139 semper.
1567 3093 1586 3120 ι
1627 3070 2011 3146 Quasidicat:

370 3152 517 3216 Quia
548 3169 653 3226 ego
685 3152 838 3209 viam
871 3154 1282 3211 mandatorum
1312 3161 1548 3212 tuorum
1582 3160 1836 3227 cucurri,
1860 3160 2012 3226 ideo,

2149 601 2327 654 quam
2359 583 2582 656 accepit
2609 583 2734 639 vult
2764 584 3064 655 proﬁcere,
3103 587 3162 637 et
3207 582 3317 639 hoc
3364 578 3642 653 intelligit
3674 577 3804 635 sine

2146 673 2263 728 Deo
2294 689 2422 729 esse
2455 688 2643 745 posse,
2678 673 2865 746 legem
2909 671 3021 729 sibi
3078 671 3266 744 poscit
3293 670 3455 743 poni,
3488 686 3607 725 non
3637 667 3805 724 illam

2147 778 2324 832 quam
2354 779 2468 817 non
2492 761 2669 817 habet
2694 765 2757 816 ut
2792 761 3053 833 recipiat,
3079 761 3183 816 sed
3204 758 3265 815 in
3290 759 3391 816 illa
3421 774 3599 830 quam
3625 757 3806 813 habet

2146 850 2335 922 magis
2368 850 2669 922 magisque
2702 848 3000 921 proﬁciat:
3028 847 3529 921 quemadmodum
3552 845 3601 901 si
3630 862 3805 917 pocu-

2143 937 2267 994 lum
2292 938 2527 1010 plenum
2551 943 2773 1007 teneas,
2798 941 2853 993 et
2875 937 3012 994 dare
3033 936 3254 994 sitienti
3295 936 3570 1008 incipias,
3590 934 3724 1007 ipse
3747 939 3803 999 et

2143 1026 2342 1082 haurit
2362 1027 2637 1096 bibendo,
2663 1030 2718 1081 et
2734 1026 2940 1098 poscit,
2966 1025 3387 1082 desiderando:
3412 1022 3522 1080 hoc
3546 1022 3727 1079 modo
3740 1026 3802 1099 et

2140 1115 2251 1171 iste
2281 1115 2470 1188 legem
2502 1116 2613 1170 sibi
2665 1114 2798 1187 poni
2831 1115 3036 1186 poscit,
3070 1115 3306 1171 dicens:
3347 1135 3374 1165 α
3396 1114 3611 1185 Legem
3653 1128 3797 1183 pone

2142 1203 2307 1275 mihi,
2332 1203 2597 1270 Domine,
2620 1202 2773 1259 viam
2789 1203 3282 1275 justiﬁcationum
3314 1207 3579 1270 tuarum,
3612 1206 3676 1259 et
3705 1219 3795 1259 ex~

2139 1292 2364 1363 quiram
2392 1310 2522 1349 eam
2555 1309 2807 1364 semper,
2842 1314 2870 1341 »
2902 1292 3165 1364 quandiu
3216 1290 3487 1348 videlicet
3516 1308 3675 1363 opus
3707 1295 3791 1349 est

2139 1382 2544 1454 exquisitione.
2580 1382 2848 1448 Quandiu
2878 1381 3035 1439 enim
3082 1381 3175 1438 hic
3204 1380 3477 1448 vivimus,
3522 1397 3683 1452 opus
3712 1384 3794 1441 est

2136 1470 2545 1543 exquisitione,
2579 1474 2642 1525 ut
2669 1471 2727 1525 in
2758 1487 2826 1525 ea
2854 1486 3089 1542 semper
3132 1468 3533 1542 proﬁciamus.
3558 1468 3672 1525 Vel
3704 1486 3792 1529 ex-

2135 1559 2390 1631 quiritur
2408 1575 2657 1632 semper,
2684 1558 2776 1614 hic
2796 1558 3066 1616 videlicet
3085 1564 3144 1614 et
3179 1558 3282 1614 ibi.
3335 1558 3437 1614 Hic
3459 1559 3795 1630 exquiritur

2135 1653 2201 1703 ut
2225 1648 2285 1704 in
2307 1665 2373 1704 ea
2398 1647 2729 1719 proﬁciatur
2753 1663 2766 1703 :
2792 1647 2875 1702 ibi
2912 1646 3239 1719 exquiritur
3281 1651 3346 1703 ut
3384 1645 3485 1718 qui
3533 1646 3633 1701 hic
3666 1662 3790 1720 pro-

2133 1736 2253 1792 ﬁcit
2280 1739 2408 1808 ejus
2440 1736 2679 1808 praemio
2706 1736 3060 1808 perfruatur.
3093 1734 3239 1800 Quia
3284 1735 3450 1805 dixit,
3482 1735 3792 1807 exquiram
3834 1792 3839 1795 .

2130 1842 2256 1881 eam
2281 1841 2514 1897 semper,
2537 1833 2589 1880 et
2613 1824 2813 1880 nullus
2836 1828 3026 1896 potest
3058 1824 3383 1896 exquirere,
3406 1824 3520 1880 nisi
3546 1823 3663 1882 hoc
3685 1824 3791 1880 sibi

2135 1915 2249 1970 Deo
2276 1915 2549 1982 donante,
2579 1918 2744 1986 rogat
2764 1914 2872 1969 iste
2895 1913 3041 1985 legis
3083 1912 3426 1987 exquisitor,
3450 1918 3520 1969 ut
3542 1930 3651 1985 per
3668 1914 3790 1986 spi-

2134 2003 2312 2059 ritum
2344 2003 2518 2059 faciat
2547 2004 2703 2075 quod
2750 2019 2851 2075 per
2899 2002 3156 2059 litteram
3204 2002 3449 2070 sciebat,
3494 2001 3613 2058 sic:
3652 2026 3681 2053 ετ
3713 2002 3789 2060 Da

2134 2092 2277 2148 mihi
2300 2092 2661 2148 intellectum
2676 2137 2691 2160 ,
2711 2097 2767 2148 et
2792 2090 3309 2165 scrubatorlegem
3331 2095 3495 2147 tuam
3523 2109 3538 2158 ;
3566 2114 3597 2141 ››
3620 2091 3787 2163 quasi

2134 2181 2319 2237 dicat:
2354 2181 2551 2237 Posita
2574 2181 2719 2254 lege,
2772 2181 2997 2255 indiget
3044 2178 3337 2236 intellectu
3367 2197 3380 2236 :
3431 2184 3490 2236 et
3521 2185 3585 2237 tu
3620 2180 3699 2236 da
3726 2186 3786 2243 ut

2134 2276 2425 2327 scrutetur
2460 2270 2550 2325 lex
2584 2275 2706 2326 tua.
2749 2271 2955 2342 Legem
2990 2274 3304 2336 scrutatur,
3330 2269 3433 2340 qui
3452 2271 3783 2326 secundum

2133 2360 2340 2416 altiora
2377 2366 2665 2432 praecepta
2696 2359 2842 2431 legis
2864 2363 3158 2431 speratur.
3200 2358 3427 2433 Altiora
3451 2358 3615 2417 enim
3641 2377 3780 2432 prae-

2131 2454 2298 2521 cepta
2316 2449 2462 2522 legis
2485 2454 2626 2505 sunt
2647 2449 2763 2504 duo
2797 2447 2900 2503 illa
2937 2452 3243 2520 praecepta,
3260 2470 3298 2519 ,‹‹
3322 2446 3384 2503 in
3405 2447 3633 2519 quibus
3654 2465 3785 2522 pen-

2130 2538 2363 2594 dettota
2384 2538 2471 2594 lex
2493 2542 2549 2594 et
2580 2537 2872 2610 prophetae
2900 2537 3121 2607 (Matth.
3169 2537 3331 2607 χχιι).
3358 2558 3385 2585 υ
3427 2535 3593 2593 Unde
3626 2540 3777 2609 Apo-

2129 2625 2351 2683 stolus:
2406 2626 2676 2683 «Adhuc
2722 2626 2887 2682 vobis
2939 2624 3386 2681 eminentiorem
3439 2625 3778 2683 demonstro

2127 2716 2301 2770 viam.
2336 2716 2395 2771 Si
2427 2716 2641 2785 linguis
2689 2714 2996 2771 hominum
3049 2713 3255 2787 loquar
3303 2714 3776 2788 etrangelorum,

2126 2803 2469 2859 cbaritatem
2494 2809 2687 2859 autem
2712 2821 2827 2859 non
2854 2804 3123 2872 habeam,
3152 2806 3338 2858 factus
3359 2819 3494 2859 sum
3521 2802 3684 2861 velut
3702 2820 3776 2861 ac

2125 2909 2345 2948 sonans
2367 2898 2466 2969 aut
2488 2892 2822 2965 cymbalum
2844 2893 3101 2948 tinniens
3124 2894 3166 2964 (1
3190 2892 3588 2964 Cor.xn,x1u).
3608 2915 3637 2942 ››
3653 2916 3681 2943 α
3698 2893 3779 2950 Da

2126 2981 2269 3035 mihi
2293 2980 2674 3052 intellectum,
2691 2988 2747 3037 et
2766 2984 3072 3038 scrutabor
3087 2981 3271 3054 legem
3295 2987 3474 3045 tuam,
3499 2986 3559 3036 et
3574 2988 3776 3037 custo-

2124 3069 2280 3125 diam
2314 3069 2475 3125 illam
2505 3070 2562 3125 in
2613 3075 2732 3126 toto
2787 3072 2959 3126 corde
3009 3088 3159 3126 meo.
3195 3093 3223 3119 »
3269 3069 3576 3125 Custodiam
3606 3070 3763 3140 dico,

2125 3176 2238 3215 non
2261 3165 2489 3216 tantum
2514 3160 2777 3226 scientia,
2803 3161 2900 3216 sed
2927 3165 2983 3216 et
3003 3160 3139 3215 vita.
3164 3164 3232 3215 Et
3253 3160 3409 3214 utsic
3428 3158 3758 3217 custodiam

366 3241 631 3310 Domine,
657 3260 729 3299 ne
749 3244 1035 3300 currendo
1058 3245 1347 3314 deﬁciam,
1388 3248 1538 3302 viam
1543 3249 2009 3319 jusu'ﬁcationum
2042 3234 2083 3298 C
2120 3249 2292 3304 deduc
2313 3265 2417 3315 me,
2442 3250 2499 3304 id
2520 3254 2611 3305 est
2628 3250 2700 3305 de
2744 3249 2956 3305 virtute
2978 3250 3035 3304 in
3074 3250 3352 3304 virtutem
3390 3264 3474 3303 me
3503 3247 3645 3304 duc:
3678 3263 3767 3305 me

367 3339 612 3396 tuarum,
646 3331 701 3386 id
735 3336 823 3387 est
843 3348 1017 3404 opera
1040 3339 1142 3388 tua
1170 3334 1576 3405 justiﬁcantia,
1606 3352 1745 3407 pone
1765 3338 1906 3392 mihi
1937 3339 2014 3393 te-

362 3436 484 3490 gem
516 3437 632 3475 non
665 3422 1031 3490 mutandam,
1067 3423 1168 3477 sed
1203 3426 1678 3495 permanendam,
1700 3431 1767 3481 ut
1786 3444 2017 3499 semper

365 3509 424 3563 in
455 3507 582 3580 lege
604 3509 929 3580 proﬁciam.
964 3511 1279 3582 Apostolus
1311 3512 1452 3567 dicit
1477 3531 1490 3569 :
1528 3536 1556 3563 «
1579 3514 1768 3570 Justis
1789 3533 1902 3571 non
1927 3521 2016 3573 est

363 3596 453 3652 lex
486 3597 701 3669 posita,
737 3599 839 3654 sed
870 3598 1069 3671 impiis
1110 3604 1167 3656 et
1210 3603 1614 3673 peccatoribus
1643 3605 1690 3674 (ι
1719 3605 1852 3659 Tim.
1888 3606 1949 3676 ι).
1985 3628 2013 3656 ››

364 3688 550 3752 Quare
586 3691 776 3759 potest
823 3687 1004 3744 videri
1057 3688 1157 3744 hic
1212 3706 1340 3745 esse
1370 3689 1526 3757 talis,
1560 3691 1656 3763 qui
1687 3692 1871 3762 legem
1905 3694 2015 3751 sibi

363 3780 530 3848 rogat
553 3776 696 3847 poni
724 3793 736 3832 :
770 3777 871 3832 sed
904 3777 1044 3848 quia
1075 3777 1347 3850 superius
1378 3778 1542 3848 dixit,
1577 3796 1640 3834 se
1670 3779 1821 3835 viam
1857 3799 2018 3838 man-

363 3864 638 3919 datorum
663 3864 765 3919 Dei
788 3866 1117 3923 cucurrisse
1139 3867 1196 3921 in
1224 3866 1526 3933 cbaritate,
1566 3885 1682 3924 non
1707 3871 1891 3925 estde
1912 3888 2015 3942 po-

375 3952 512 4021 pulo
536 3951 634 4006 illo
655 3953 814 4007 durae
846 3954 1104 4023 cervicis,
1129 3956 1223 4011 cui
1254 3955 1343 4011 lex
1378 3961 1502 4012 erat
1521 3958 1739 4030 scripta
1773 3958 1827 4013 in
1863 3957 2009 4032 lapi-

365 4038 490 4099 deis
510 4038 732 4094 tabulis
754 4040 945 4110 (Exod.
969 4045 1125 4115 χχχι)
1152 4061 1165 4112 ;
1189 4045 1290 4099 sed
1310 4045 1491 4100 videri
1516 4051 1705 4118 potest
1728 4048 2018 4119 pertinere

370 4127 440 4182 ad
474 4126 628 4183 ﬁlios
659 4127 852 4183 libera:
884 4128 1210 4188 Jerusalem
1261 4150 1547 4205 superum,
1601 4137 1672 4191 ad
1700 4135 1853 4193 ﬁlios
1886 4155 2008 4209 pro-

369 4215 674 4272 missionis
722 4221 780 4272 et
826 4221 1052 4274 aeternas
1102 4219 1477 4288 hazreditatis,
1530 4224 1747 4294 quibus
1796 4226 2016 4297 Spiritu

366 4310 567 4361 sancto
615 4310 899 4377 tanquam
922 4305 1024 4362 Dei
1063 4307 1265 4380 digito,
1290 4326 1403 4364 non
1427 4310 1486 4365 in
1508 4312 1726 4369 tabulis
1747 4312 2017 4386 lapideis,

366 4394 467 4450 sed
489 4393 550 4449 in
574 4395 851 4451 cordibus
887 4394 979 4451 lex
998 4395 1275 4452 scribitur
1297 4398 1368 4468 (ll
1397 4398 1517 4455 Cor.
1550 4405 1638 4470 III)
1657 4418 1676 4455 :
1700 4419 1815 4459 non
1839 4420 2017 4475 quam

367 4484 653 4539 memoria
674 4488 911 4540 teneant
931 4490 985 4541 et
1010 4484 1128 4541 vita
1150 4485 1465 4559 negligant,
1490 4490 1591 4546 sed
1610 4507 1784 4562 quam
1806 4492 2017 4548 intelli-

370 4572 560 4667 gendo
585 4572 797 4667 sciant,
822 4578 878 4629 et
899 4573 1434 4667 diligendogfaciant
1453 4577 1511 4633 in
1536 4578 1845 4637 latitudine
1861 4598 2018 4638 amo-
2048 4602 2097 4667 D

373 4658 473 4723 ris,
497 4676 611 4715 non
635 4661 694 4715 in
712 4662 987 4735 angustia
1011 4663 1262 4720 timoris.
1289 4666 1434 4722 Nam
1459 4667 1558 4739 qui
1581 4668 1790 4724 timore
1810 4686 2014 4742 poenae,

370 4764 485 4803 non
510 4764 707 4806 amore
722 4751 967 4821 justitia:
985 4753 1296 4828 opuslegis
1316 4756 1471 4826 facit,
1513 4757 1766 4828 profecto
1799 4758 2017 4817 invitus

366 4834 525 4891 facit.
550 4837 710 4902 Quod
736 4844 931 4894 autem
964 4840 1185 4897 invitus
1221 4842 1374 4912 facit,
1419 4850 1639 4917 posset‘
1662 4846 1808 4915 ﬁeri,
1843 4849 2020 4906 malet

365 4925 571 4998 utique
602 4942 717 4983 non
740 4927 936 4998 juberi
961 4946 980 4983 :
1010 4946 1077 4985 ac
1102 4947 1205 5002 per
1234 4931 1343 4987 hoc
1373 4932 1519 5006 legis
1541 4950 1717 5006 quam
1747 4952 1876 4993 esse
1897 4920 2019 4994 nol-

363 5013 443 5071 let
472 5031 587 5071 non
620 5020 709 5072 est
740 5017 990 5087 amicus,
1024 5019 1126 5074 sed
1173 5021 1369 5091 potius
1419 5023 1738 5080 inimicus:
1793 5043 1897 5082 nec
1929 5033 2019 5085 est

368 5105 627 5162 mundus
659 5122 831 5178 opere
862 5106 961 5178 qui
994 5107 1340 5165 immundus
1369 5116 1460 5167 est
1504 5112 1820 5171 voluntate.
1856 5115 2015 5173 Talis

365 5208 479 5250 non
513 5198 702 5265 potest
732 5194 924 5251 dicere
952 5197 1106 5268 quod
1150 5197 1260 5254 iste
1309 5198 1452 5255 dixit
1503 5200 1562 5256 in
1610 5204 2015 5275 superioribus

371 5282 638 5339 versibus
657 5301 669 5339 :
686 5307 716 5334 «
740 5283 908 5341 Viam
932 5286 1343 5344 mandatorum
1367 5292 1599 5345 tuorum
1616 5294 2012 5361 cucurri,cnm

362 5369 621 5427 dilastati
652 5389 752 5429 cor
786 5389 1001 5429 meum.
1027 5396 1055 5426 »
1091 5375 1159 5431 Et
1188 5376 1327 5449 quia
1364 5367 1630 5436 dilatatis
1661 5380 2009 5439 charitatem

361 5459 673 5531 signiﬁcat,
699 5462 1027 5517 secundum
1049 5465 1392 5536 Apostolum
1415 5468 1703 5525 dicentem
1732 5486 1744 5524 :
1775 5494 1803 5521 «
1830 5470 2013 5527 Pleni-

359 5548 501 5632 tudo
532 5547 678 5620 legis
708 5555 798 5606 est
825 5550 1080 5607 charitas
1109 5554 1283 5624 (Rom.
1315 5557 1441 5628 xm)
1463 5574 1482 5611 .·
1514 5579 1542 5608 ››
1578 5575 1682 5615 cur
1723 5575 1860 5632 ergo
1899 5560 2010 5617 iste

361 5630 550 5707 legem
578 5635 692 5693 sibi
720 5637 860 5711 poni
887 5644 1078 5712 rogat,
1107 5656 1286 5716 quam
1315 5644 1368 5701 si
1415 5661 1535 5704 non
1585 5630 1850 5721 haberet,
1885 5666 2005 5710 non

2126 3338 2274 3405 dico,
2304 3338 2561 3410 positum
2595 3361 2623 3388 «
2654 3337 2713 3392 in
2747 3338 2954 3394 semita
2994 3338 3409 3394 mandatorum
3443 3342 3703 3406 tuorum,
3735 3358 3765 3388 ιο

2125 3427 2181 3481 id
2204 3433 2292 3482 est
2311 3428 2372 3482 in
2396 3427 2598 3483 arduis
2620 3428 2924 3500 praeceptis
2946 3426 3063 3483 tuis
3090 3445 3103 3495 ;
3128 3427 3299 3498 juxta
3339 3426 3523 3482 illud:
3550 3450 3577 3476 ‹‹
3600 3429 3768 3482 Arcta

2126 3514 2217 3569 via
2246 3518 2335 3569 est
2363 3531 2491 3586 quae
2525 3514 2687 3570 ducit
2716 3515 2785 3570 ad
2837 3514 3013 3571 vitam
3063 3516 3289 3587 (Matth.
3331 3515 3457 3585 vn),
3494 3538 3523 3566 ››
3569 3520 3763 3572 etnon

2125 3603 2383 3658 curritur
2404 3604 2515 3659 nisi
2562 3603 2803 3659 dilatato
2852 3604 3043 3660 corde.
3067 3627 3095 3654 «
3137 3604 3333 3661 Deduc
3360 3621 3455 3661 me
3477 3605 3540 3660 in
3569 3604 3768 3661 semita

2127 3692 2543 3747 mandatorum
2586 3698 2823 3749 tuorum
2857 3716 2885 3744 ››
2917 3698 2975 3749 et
3006 3693 3115 3749 hoc
3146 3693 3295 3759 ideo,
3331 3696 3465 3766 quia
3496 3696 3759 3765 ipsamas-

2128 3780 2330 3836 mitam
2344 3782 2508 3848 volui,
2525 3781 2582 3836 id
2600 3786 2690 3837 est
2706 3780 3032 3838 voluntarie
3049 3783 3313 3850 observo,
3340 3800 3456 3839 non
3478 3780 3751 3841 coactione

2126 3869 2213 3925 vel
2235 3872 2443 3925 timore
2467 3887 2665 3941 pmnaz.
2691 3871 2760 3927 Et
2780 3871 2922 3942 quia
2956 3871 3227 3927 voluntas
3266 3871 3422 3928 bona
3454 3874 3661 3928 nonest
3685 3884 3752 3925 ex

2128 3957 2309 4014 libero
2331 3958 2596 4029 arbitrio,
2620 3960 2722 4015 sed
2744 3976 2814 4016 ex
2833 3959 2934 4016 Dei
2958 3960 3252 4032 adjutorio
3291 3961 3394 4033 qui
3417 3961 3521 4017 dat
3545 3958 3681 4015 velle
3707 3960 3764 4014 et

2128 4064 2230 4119 pro
2263 4048 2414 4103 bona
2442 4046 2739 4103 voluntate
2780 4048 3055 4120 perﬁcere
3106 4048 3281 4117 (Phil.
3335 4050 3421 4120 ιι),
3473 4054 3641 4122 rogat
3667 4048 3772 4104 iste

2126 4136 2290 4191 bonas
2312 4135 2628 4192 voluntatis
2651 4137 3039 4208 affectionem,
3064 4138 3169 4194 sic.
3191 4161 3212 4187 ι
3232 4136 3450 4193 Inclina
3466 4154 3571 4193 cor
3583 4151 3775 4193 meum

2129 4225 2187 4279 in
2216 4225 2553 4281 testimonia
2583 4230 2723 4294 tua;
2757 4248 2784 4276 ››
2816 4226 2987 4298 quasi
3016 4227 3205 4283 dicat:
3241 4226 3387 4292 Quia
3405 4224 3568 4282 volui
3590 4227 3780 4298 ipsam

2129 4314 2421 4381 semitam,
2446 4323 2503 4371 tu
2526 4316 2736 4370 inclina
2776 4330 2872 4369 cor
2907 4331 3112 4380 meum,
3142 4314 3199 4370 id
3223 4320 3313 4371 est
3337 4314 3552 4387 perﬁce
3570 4315 3781 4371 volun-

2128 4407 2307 4458 tatem
2330 4403 2389 4458 in
2410 4403 2751 4459 testimonia
2771 4407 2873 4459 tua
2906 4413 2970 4460 ut
2991 4403 3173 4477 gratis
3195 4409 3252 4460 te
3274 4405 3465 4461 colam
3486 4404 3781 4461 videlicet.

2128 4492 2258 4547 Htec
2280 4491 2437 4548 enim
2460 4493 2677 4564 ubique
2701 4496 2948 4549 testatur
2967 4493 3288 4565 Scriptura,
3313 4492 3471 4565 quod
3494 4491 3781 4550 colendus

2128 4585 2281 4636 Deus
2302 4581 2379 4636 sit
2398 4581 2602 4654 gratis,
2629 4600 2746 4637 non
2768 4587 3006 4655 propter
3027 4582 3315 4638 mercedis
3354 4580 3601 4654 aliquod
3626 4597 3784 4637 emo-

2127 4668 2458 4726 lumentum
2484 4687 2497 4725 :
2522 4675 2577 4726 et
2598 4670 2877 4742 quoniam
2914 4670 3155 4727 avaritia
3193 4669 3390 4743 plures
3433 4668 3697 4742 impedit
3716 4683 3783 4725 ne

2125 4759 2308 4831 gratis
2332 4758 2527 4814 colant
2547 4759 2753 4830 Deum,
2776 4760 2905 4815 ideo
2945 4760 3330 4832 subjungitur
3364 4767 3549 4815 etnon
3574 4761 3641 4814 in
3664 4775 3787 4816 ava-

2125 4848 2336 4903 ritiam.
2358 4846 2441 4903 Ne
2462 4852 2655 4903 autem
2683 4847 2810 4904 sola
2829 4847 3071 4904 avaritia
3108 4846 3393 4920 impedire
3422 4847 3706 4905 videatur
3726 4849 3787 4905 ut

2124 4938 2307 5009 gratis
2330 4953 2446 4993 non
2472 4935 2698 4993 colatur
2721 4942 2888 5006 Deus,
2915 4937 3225 5009 subjungit
3261 4935 3454 4992 adhuc
3480 4953 3494 4991 :
3519 4960 3546 4988 ι(
3574 4940 3783 4993 Averte

2124 5024 2323 5081 oculos
2347 5041 2507 5081 meos
2532 5047 2561 5076 »
2587 5025 2911 5097 interiores,
2936 5047 2965 5075 ‹‹
2983 5042 3054 5081 ne
3069 5025 3670 5092 videantvanitatem,
3688 5025 3779 5080 nid

2123 5118 2234 5181 est,
2257 5132 2327 5170 ne
2351 5113 2410 5169 in
2433 5118 2532 5170 tuo
2559 5114 2793 5171 servitio
2814 5120 3115 5188 apponant
3136 5115 3249 5170 sibi
3271 5113 3510 5186 aliquod
3548 5120 3779 5187 tempo-

2123 5202 2241 5258 rale
2287 5204 2688 5269 commodum,
2738 5204 2992 5260 favorem
3030 5202 3299 5261 videlicet
3345 5202 3667 5261 hominum
3697 5200 3781 5260 vel

2122 5291 2492 5365 simile,quee
2524 5293 2724 5348 omnia
2747 5292 2977 5348 vanitas
3027 5297 3187 5349 sunt.
3242 5291 3405 5349 Unde
3454 5290 3773 5349 Salomon:

2123 5403 2150 5431 «
2178 5381 2551 5438 Consideravi
2582 5382 2780 5438 omnia
2810 5398 2938 5454 quae
2969 5381 3082 5438 sub
3112 5379 3256 5438 ctelo
3286 5381 3489 5452 (Eceli.
3518 5381 3583 5451 ι),
3613 5405 3642 5429 υ
3664 5384 3767 5437 etc.

2119 5471 2266 5526 Nota
2295 5471 2436 5542 quia
2465 5470 2707 5553 avaritia
2753 5474 2839 5526 est
2889 5471 3122 5544 proprie
3171 5468 3568 5543 philargyria;
3606 5483 3766 5525 amor

2117 5559 2382 5615 videlicet
2402 5560 2680 5633 pecuniae.
2707 5559 2789 5618 Ne
2828 5563 3025 5615 autem
3061 5575 3228 5616 amor
3275 5557 3533 5632 pecunias
3558 5572 3759 5631 quem-

2118 5664 2233 5725 que
2251 5653 2478 5725 arguat,
2501 5649 2816 5711 audiamus
2845 5647 3164 5711 Dominum
3186 5648 3480 5711 dicentem
3500 5647 3565 5709 in
3587 5647 3766 5707 Evan-
