4024 6192
269 392 385 455 ’141

314 526 428 584 elio

273 543 428 603 geuo
491 545 513 589 ε.
563 550 585 581 ι
630 543 1043 587 'l‘nesaurizate
1092 543 1255 587 voms
1302 543 1609 587 tnesauros
1666 547 1726 585 in
1782 543 1921 584 ccelo

282 616 494 688 (Matth.
526 618 628 690 vi).
689 642 716 668 »
772 619 857 675 Ne
896 621 1110 675 iterum
1162 619 1222 675 in
1289 619 1609 675 benefactis
1668 619 1921 674 favorem

1394 388 2002 459 ENARRATIONES
2046 392 2123 456 IN
2172 394 2555 460 PSALMOS.

491 545 513 589 ε,
563 550 585 581 ι
629 528 1043 587 Thesaurizate
1092 527 1255 587 vobis
1302 529 1609 587 thesauros
1666 529 1726 585 in
1782 528 1923 584 caelo
1950 547 2006 611 Α
2034 531 2125 584 est
2154 529 2324 583 corde
2354 531 2617 598 credere,
2664 530 2779 588 nisi
2810 531 3095 589 confessio
3126 533 3228 589 fiat
3257 550 3354 591 ore
3384 536 3560 606 (Rom.
3592 539 3675 610 ι).

3552 409 3674 466 ⁸742

2031 618 2446 689 subjungitur:
2483 642 2508 668 ιι
2543 619 2609 673 Et
2639 621 2999 692 respondebo
3023 624 3508 693 exprobrantibus
3531 626 3678 682 mihi

273 708 912 778 quaeramus,admonet
942 727 1049 766 nos
1080 725 1272 765 sermo
1300 709 1697 765 Dominicusm
1719 707 1922 763 Cavete
2030 706 2292 760 verbum.
2316 728 2343 754 ››
2373 707 2550 770 Quasi
2574 708 2760 764 dicat:
2796 712 2982 768 Veniat
3004 729 3167 783 super
3185 730 3271 769 me
3291 715 3678 771 misericordia

264 793 562 866 justitiam
594 802 843 853 vestram
876 798 1064 854 facere
1108 815 1304 854 coram
1334 797 1695 863 hominibus,
1730 813 1803 851 ne
1833 796 1923 850 vi-

273 884 529 939 deamini
562 885 636 940 ab
667 885 751 942 eis
781 886 985 958 (Ibid.).
1023 909 1051 938 »
1091 887 1161 942 Et
1190 903 1261 942 ne
1292 887 1500 943 iterum
1534 903 1637 959 pro
1671 884 1922 941 necessi-

272 977 392 1028 tate
416 973 603 1029 victus
633 980 690 1029 et
717 975 966 1031 vestitus
992 976 1137 1031 bene
1167 976 1390 1047 operari
1422 972 1926 1045 vellemus,inquit

273 1062 792 1120 Dominus:Nolite
814 1064 1051 1120 solliciti
1070 1081 1220 1132 esse,
1253 1064 1511 1120 dicentes
1537 1083 1548 1119 :
1574 1063 1720 1127 Quid
1755 1079 1924 1117 man-

273 1150 646 1218 ducabimus,
693 1158 795 1208 aut
846 1152 985 1225 quid
1016 1152 1346 1209 bibemus?
1394 1153 1503 1208 scit
1550 1152 1706 1208 enim
1758 1151 1925 1206 Pater

272 1243 468 1295 vester
497 1240 637 1311 quid
697 1241 859 1298 vobis
918 1257 1154 1298 necesse
1184 1240 1261 1297 sit
1314 1242 1517 1315 (lout).
1550 1241 1679 1295 Haec
1727 1239 1926 1295 omnia

271 1328 660 1385 consideravit
688 1329 799 1385 iste
830 1330 1029 1386 dicens
1063 1348 1075 1386 :
1115 1352 1142 1381 «
1173 1333 1379 1387 Averte
1422 1330 1621 1386 oculos
1661 1345 1821 1386 meos
1852 1346 1925 1385 ne

272 1417 515 1473 videant
562 1420 883 1474 vanitatem
915 1436 928 1474 :
962 1419 1021 1474 in
1051 1418 1143 1474 via
1174 1424 1277 1475 tua
1324 1418 1551 1474 vivifica
1580 1435 1692 1474 me.
1726 1421 1925 1473 Statue

270 1522 438 1562 servo
468 1511 569 1562 tuo
620 1506 919 1579 eloquium
976 1512 1145 1563 tuum
1182 1525 1195 1575 ;
1235 1531 1255 1557 ι
1292 1507 1599 1563 statorium
1640 1506 1784 1561 mihi
1836 1505 1925 1561 fac

271 1594 573 1667 eloquium
597 1600 867 1662 tuum,ne
888 1596 958 1652 ad
982 1596 1186 1652 horam
1215 1597 1582 1664 credam,sed
1613 1611 1845 1667 semper
1864 1594 1923 1649 in

269 1692 375 1740 tuo
405 1683 635 1756 eloquio
666 1702 1026 1757 perseverem
1053 1703 1065 1740 :
1090 1690 1148 1741 et
1167 1685 1276 1741 hoc
1299 1686 1357 1739 in
1379 1685 1587 1740 timore
1616 1690 1716 1739 tuo
1739 1683 1922 1748 filiali,

272 1789 389 1829 non
422 1772 617 1830 servili
641 1791 653 1829 :
680 1778 738 1829 et
757 1775 1071 1846 amputabo
1100 1794 1126 1826 ι
1149 1774 1531 1847 opprobrium
1552 1789 1747 1828 meum
1768 1772 1921 1842 quod

271 1863 606 1934 suspicatus
621 1864 844 1919 sumnde
857 1862 1369 1935 aliis.Suspicabar
1379 1863 1533 1918 enim
1550 1862 1619 1917 de
1632 1861 1763 1917 aliis
1777 1877 1925 1932 quos

271 1951 537 2008 videbam
573 1953 719 2009 bene
740 1952 1059 2026 operari,ut
1080 1952 1192 2008 hoc
1210 1952 1458 2007 facerem
1491 1968 1594 2024 pro
1616 1948 1924 2022 temporali

270 2040 725 2107 commodo,non
740 2046 803 2096 ut
815 2041 999 2113 gratis
1011 2041 1195 2096 Deum
1210 2041 1556 2096 colerent.Et
1573 2044 1634 2094 ut
1652 2038 1926 2111 deinceps

272 2126 421 2183 illud
453 2146 566 2184 non
600 2129 1115 2202 suspicer,amputa
1146 2129 1528 2203 opprobrium
1551 2128 1923 2184 meum.Nam

275 2220 494 2272 temere
510 2217 769 2287 iudicare
785 2223 1088 2290 peccatum
1101 2218 1355 2273 estunde
1368 2217 1682 2272 Dominus:
1704 2215 1927 2272 «Nolite

267 2304 633 2374 judicare,ut
653 2307 1136 2378 nonjudicemini
1166 2306 1517 2376 (Matth.vn).
1553 2328 1580 2354 ››
1611 2305 1759 2360 Nota
1789 2303 1929 2377 quia

274 2391 400 2446 haec
430 2393 689 2466 suspicio
716 2394 786 2450 de
806 2395 1076 2467 ,proximo
1101 2400 1294 2467 potest
1318 2395 1627 2468 procedere
1648 2410 1715 2448 ex
1745 2392 1929 2465 quoli-

277 2480 506 2552 bet,qui
530 2483 656 2553 jam
688 2484 748 2538 in
780 2484 875 2539 Dei
909 2483 1140 2540 servitio
1162 2483 1465 2540 laborabat
1487 2500 1589 2556 pro
1620 2482 1925 2555 temporali

277 2570 585 2625 commodo
608 2588 620 2626 :
648 2571 787 2643 quia
807 2572 962 2644 quod
986 2571 1235 2645 quisque
1254 2571 1313 2627 in
1335 2588 1398 2628 se
1420 2570 1733 2638 sentit,boc
1756 2570 1927 2626 citius

276 2659 348 2713 de
377 2656 490 2713 alio
520 2659 878 2731 suspicatur.
913 2661 979 2715 Et
1009 2661 1138 2717 ideo
1181 2677 1313 2716 cum
1347 2661 1459 2716 iste
1490 2659 1588 2731 qui
1619 2659 1713 2714 hic
1738 2658 1926 2730 loqui-

276 2751 395 2811 tur,
428 2753 690 2822 rogasset
717 2748 987 2805 inclinari
1020 2766 1119 2805 cor
1136 2766 1309 2804 suum
1334 2753 1398 2804 ut
1416 2749 1601 2822 gratis
1629 2750 1807 2803 Deum
1831 2764 1925 2802 co-

273 2836 437 2905 leret,
470 2841 633 2909 rogat
663 2856 697 2892 a
718 2854 780 2894 se
808 2838 1100 2911 amputari
1132 2837 1441 2893 temeraria
1462 2836 1787 2909 judicia,ne
1817 2835 1927 2892 hoc

273 2924 561 2993 videlicet,
587 2926 815 2997 judicet
842 2927 913 2983 de
948 2925 1232 2998 proximo,
1275 2926 1429 2998 quod
1460 2925 1624 2998 prius
1655 2926 1835 2981 sentit
1865 2925 1923 2979 in

272 3014 487 3087 seipse.
520 3015 724 3087 Dicit,«
749 3021 989 3088 amputa
1018 3016 1397 3088 opprobrium
1422 3032 1619 3070 meum
1650 3015 1806 3087 quod
1830 3031 1925 3069 su-

271 3104 534 3176 spicatus
566 3105 867 3177 sum,quia
886 3105 1115 3176 judicia
1142 3109 1244 3159 tua
1266 3104 1593 3176 jucunda,»
1618 3120 1748 3159 mea
1768 3120 1925 3158 ama-

271 3209 360 3247 ra.
392 3197 460 3247 Et
483 3208 601 3249 ecce
622 3192 876 3266 qualiter
895 3194 1158 3264 jacunda
1188 3194 1327 3264 quia
1350 3215 1376 3242 «
1400 3191 1703 3264 concupivi
1750 3209 1921 3247 mau—

1954 1910 2002 1976 B

2031 800 2156 862 tua,
2188 800 2244 850 et
2272 812 2338 850 ea
2368 796 2663 862 veniente,
2704 802 3032 871 respondebo
3066 804 3286 858 verbum
3317 803 3449 859 ﬁdei
3481 821 3676 877 expro-

2036 883 2349 951 brantibus,
2370 884 2424 938 id
2445 892 2551 950 est,
2569 886 3103 959 improperantilius
3123 892 3364 957 mibi,de
3385 894 3494 949 ﬁde
3515 912 3674 951 mea:

2035 973 2173 1045 quia
2203 974 2506 1045 responsio
2539 991 2651 1029 non
2682 992 2750 1030 ex
2780 993 2874 1033 me
2896 981 3185 1049 procedet,
3210 983 3308 1037 sed
3339 999 3405 1038 ex
3427 987 3501 1038 te.
3528 986 3677 1058 Quia

2032 1064 2251 1133 speravi
2279 1064 2337 1117 in
2358 1064 2707 1118 sermonibus
2736 1067 2877 1131 tuis,
2910 1084 3022 1122 non
3057 1070 3117 1123 in
3150 1072 3297 1127 meis
3334 1088 3346 1125 :
3383 1073 3521 1143 quia
3550 1091 3678 1129 ser-

2035 1167 2237 1206 mones
2270 1151 2380 1206 mei
2416 1150 2500 1205 tui
2543 1156 2718 1220 sunt;
2764 1154 2933 1224 juxta
2962 1155 3108 1212 illud
3139 1174 3150 1212 :
3187 1183 3214 1207 «
3250 1160 3372 1215 Non
3403 1177 3503 1216 vos
3536 1163 3678 1218 estis

2035 1239 2129 1311 qui
2156 1238 2484 1312 loquimini,
2505 1240 2603 1295 sed
2630 1241 2873 1313 spiritus
2888 1246 3078 1301 Patris
3101 1248 3274 1302 vestri
3294 1249 3393 1320 qui
3416 1249 3683 1321 loquitur

2035 1329 2092 1383 in
2122 1329 2287 1384 vobis
2317 1328 2521 1396 (Matth.
2554 1331 2634 1400 x).
2663 1349 2689 1379 ι»
2746 1331 2814 1385 Et
2856 1333 3132 1403 quoniam
3186 1339 3676 1408 respondentibus

2032 1417 2271 1473 verbum
2294 1416 2426 1472 fidei
2447 1417 2642 1473 multa:
2667 1419 3444 1491 parabanturtribulaliones
3467 1427 3539 1482 ab
3562 1429 3674 1496 bis,

2035 1506 2134 1578 qui
2164 1506 2336 1560 verbo
2368 1506 2499 1560 fidei
2534 1510 2957 1579 repugnabant,
2994 1517 3161 1583 rogat
3190 1511 3310 1567 hazc
3335 1514 3521 1571 ﬁdelis
3552 1518 3675 1572 ani-

2035 1598 2458 1666 ma,quatenus
2482 1611 2583 1666 pro
2604 1594 2933 1652 imminenti
2961 1598 3335 1657 tribulatione
3358 1619 3468 1658 non
3494 1610 3681 1661 cesset

2034 1699 2069 1737 a
2096 1683 2358 1738 veritatis
2397 1684 2801 1755 praedicatione
2845 1692 2901 1742 et
2930 1688 3098 1752 dicit,
3134 1690 3198 1743 Et
3224 1706 3293 1744 ne
3321 1693 3568 1764 auferas,
3619 1695 3676 1748 id

2034 1777 2149 1842 est,
2198 1788 2270 1826 ne
2308 1771 2522 1827 auferri
2555 1773 2860 1843 permittas
2895 1775 3029 1830 ullis
3056 1777 3565 1845 tribulationibus,
3615 1781 3681 1837 de

2033 1875 2126 1915 ore
2144 1875 2261 1915 meo
2286 1860 2507 1915 verbum
2532 1864 2781 1917 veritatis
2809 1879 3220 1935 usquequaque,
3254 1866 3309 1920 id
3342 1874 3457 1937 est,
3491 1885 3678 1941 usque

2035 1949 2104 2003 ad
2137 1949 2226 2014 id,
2261 1950 2414 2020 quod
2448 1950 2640 2021 ipsum
2673 1951 2913 2006 verbum
2965 1955 3153 2023 possit
3184 1955 3298 2009 dici
3330 1956 3676 2013 derelictum

2036 2053 2271 2109 quaqua
2300 2038 2521 2094 ratione
2552 2055 2585 2093 a
2615 2055 2727 2094 me.
2762 2041 2939 2105 Quasi
2973 2041 3165 2097 dicat:
3198 2043 3251 2098 Si
3284 2046 3591 2118 contigerit
3616 2052 3682 2103 ut

2032 2126 2242 2181 timore
2269 2143 2446 2198 poena:
2470 2129 2822 2201 quandoque
2846 2133 3093 2197 taceam,
3116 2126 3230 2187 non
3261 2135 3565 2204 permittas
3588 2153 3681 2192 me

2036 2212 2275 2270 omnino
2296 2220 2506 2282 tacere,
2540 2216 2636 2271 sed
2673 2218 2775 2272 des
2807 2218 2949 2272 mihi
2982 2235 3085 2289 per
3112 2221 3359 2291 gratiam
3394 2227 3555 2277 tuam
3589 2241 3679 2279 re-

2036 2302 2289 2373 spicere,
2319 2303 2462 2358 utin
2484 2308 2652 2360 Petro
2675 2311 2929 2362 notatur.
2953 2308 3082 2379 Ipse
3102 2307 3257 2363 enim
3282 2312 3548 2383 negando
3572 2311 3683 2369 fuit

2037 2391 2370 2458 derelictus,
2397 2393 2588 2448 ﬂendo
2611 2400 2924 2462 recreatus,
2950 2395 3104 2452 trina
3128 2399 3491 2455 confessione
3517 2417 3679 2456 coro-
3783 2442 3793 2459 ι

2037 2484 2232 2538 natus.
2268 2480 2341 2535 Ne
2367 2483 2587 2552 auferas
2617 2499 3025 2558 usquequaque,
3060 2488 3191 2557 quia
3218 2488 3276 2541 in
3296 2490 3540 2558 judiciis
3570 2492 3680 2547 tuis

2034 2585 2219 2639 super,
2252 2570 2308 2623 id
2342 2575 2456 2636 est,
2492 2572 2742 2642 desuper
2768 2574 3157 2639 venientibus,
3196 2580 3430 2648 speravi,
3480 2578 3535 2633 id
3569 2586 3677 2649 est,

2038 2657 2164 2728 ipsa
2189 2657 2421 2730 ﬂagella
2441 2664 2543 2713 tua
2565 2666 2822 2731 paterna,
2850 2678 2976 2733 quae
2994 2664 3395 2732 justojudicio
3425 2665 3508 2719 tui
3532 2667 3679 2724 mihi

2037 2750 2174 2800 sunt
2196 2746 2376 2807 illata,
2412 2746 2647 2802 fuerunt
2679 2749 2820 2803 mihi
2852 2767 3030 2806 causa
3054 2768 3234 2822 quare
3266 2769 3560 2825 sperarem
3588 2756 3677 2811 fu-

2034 2837 2228 2889 turam
2270 2834 2535 2907 gloriam.
2567 2836 2669 2892 Vel
2716 2855 2882 2909 super
2927 2842 3144 2908 speravi
3189 2841 3248 2896 in
3284 2842 3514 2913 judieiis
3543 2846 3676 2913 tuis,

2036 2923 2176 2994 quia
2204 2923 2430 2996 speravi
2464 2941 2555 2980 me
2587 2925 2719 2998 plus
2747 2926 3086 2982 habiturum
3118 2928 3336 3001 gloriae,
3371 2949 3547 3004 quam
3582 2951 3679 3005 pa-

2034 3016 2187 3067 terer
2217 3030 2418 3084 poenae.
2449 3013 2611 3070 Unde
2638 3014 2782 3070 illud
2810 3033 2821 3071 :
2856 3040 2884 3065 ‹‹
2916 3016 3196 3074 Existimo
3229 3021 3381 3091 quod
3416 3040 3531 3078 non
3561 3024 3681 3079 sint

2035 3102 2335 3173 condignae
2362 3104 2666 3174 passiones
2687 3104 2866 3176 hujus
2883 3108 3165 3179 temporis
3185 3108 3257 3164 ad
3281 3111 3538 3167 futuram
3562 3111 3684 3184 glo-

2037 3190 2183 3244 riam
2215 3192 2389 3259 (Itom.
2421 3193 2562 3263 vui).
2601 3215 2627 3240 ››
2675 3193 2778 3249 Vel
2807 3210 2969 3266 super
2997 3199 3237 3266 speravi,
3280 3198 3335 3252 id
3370 3205 3483 3266 est,
3515 3217 3682 3272 super

272 3282 413 3338 data
441 3287 544 3338 tua
575 3300 589 3339 :
622 3306 653 3332 ››
683 3289 742 3339 et
772 3283 900 3338 ideo
935 3305 962 3332 ‹‹
996 3282 1056 3337 in
1081 3282 1351 3354 aequitate
1383 3285 1486 3337 tua
1512 3280 1738 3336 viviﬁca
1769 3297 1919 3348 me,»
1951 3277 1993 3342 C
2033 3278 2089 3331 id
2122 3279 2275 3349 quod
2307 3278 2564 3351 petimus
2588 3286 2691 3336 aut
2712 3282 3117 3354 intelligimus,
3138 3289 3366 3355 speravi
3394 3305 3487 3342 me
3511 3288 3679 3342 babi-

270 3371 333 3426 id
365 3377 456 3426 est
485 3371 545 3427 in
572 3370 854 3427 charitate
887 3374 1006 3427 tua.

345 3459 483 3517 VAU.
506 3492 575 3501 ——
608 3482 636 3512 ‹‹
668 3460 741 3516 Ut
766 3460 957 3516 veniat
1014 3477 1191 3532 super
1222 3477 1315 3515 me
1345 3457 1747 3514 misericordia
1799 3461 1922 3522 tua,

274 3572 298 3599 ι
324 3548 849 3618 Domine,salutare
871 3554 1041 3604 tuum
1058 3548 1386 3605 secundum
1408 3547 1706 3619 eloquium
1733 3552 1921 3601 tuum.

268 3662 299 3689 ‹‹
336 3639 407 3693 Et
440 3639 802 3710 respondebo
822 3637 1310 3711 exprobrantibus
1343 3637 1486 3692 mihi
1515 3634 1925 3708 verbum,quia

273 3748 305 3780 α
330 3726 557 3801 speravi
590 3728 648 3783 in
682 3726 1053 3784 sermonibus
1082 3727 1220 3783 tuis.
1256 3728 1327 3783 Et
1359 3743 1429 3781 ne
1468 3725 1701 3782 auferas
1732 3726 1801 3780 de
1825 3740 1922 3780 ore

267 3838 301 3867 «
335 3834 467 3873 meo
497 3816 738 3873 verbum
770 3816 1029 3873 veritatis
1072 3832 1511 3889 usquequaque,
1570 3814 1710 3887 quia
1738 3814 1797 3868 in
1820 3814 1921 3885 ju-

268 3929 300 3957 ‹‹
359 3904 530 3961 diciis
567 3906 685 3961 tuis
752 3906 1176 3977 supersperavi.
1219 3906 1289 3960 Et
1344 3904 1671 3960 custodiam
1731 3902 1920 3975 legem

266 4017 300 4044 ‹‹
333 4001 496 4050 tuam
539 4011 790 4067 semper,
811 3996 868 4049 in
900 3994 1181 4063 saeculum
1213 3998 1270 4049 et
1296 3994 1355 4048 in
1389 3993 1667 4049 saaculum
1700 3991 1917 4047 saeculi.

266 4106 298 4133 ‹‹
330 4084 403 4139 Et
431 4083 809 4140 ambulabam
842 4084 901 4138 in
928 4083 1258 4151 latitudine,
1318 4082 1457 4154 quia
1505 4082 1781 4137 mandata
1818 4086 1921 4135 tua

267 4196 297 4224 ‹‹
332 4172 640 4246 exquisivi.
664 4173 733 4228 Et
763 4172 1045 4244 loquebar
1075 4173 1132 4227 in
1163 4170 1515 4227 testimoniis
1544 4170 1661 4226 tuis
1694 4171 1749 4225 in
1782 4187 1921 4225 con-

269 4284 299 4311 ‹‹
327 4266 531 4333 spectu
558 4278 783 4334 regum,
824 4261 871 4317 it
902 4279 1014 4316 non
1045 4260 1463 4317 confundebar.
1496 4264 1563 4314 Et
1595 4260 1921 4317 meditabar

267 4372 301 4401 ‹‹
331 4351 395 4406 in
421 4350 715 4408 mandatis
757 4351 897 4417 tuis,
933 4367 1059 4422 quae
1090 4350 1286 4406 dilexi.
1350 4349 1417 4405 Et
1473 4348 1657 4405 levavi
1709 4366 1921 4405 manus

265 4464 297 4490 ‹‹
342 4457 507 4496 meas
537 4441 609 4496 ad
642 4442 920 4496 mandata
949 4445 1204 4512 tua,quaa
1234 4438 1494 4508 dilexi,et
1521 4439 1833 4494 exercebar
1860 4438 1919 4493 in

273 4551 298 4579 ι
323 4528 859 4601 justificationibus
889 4528 1028 4584 tuis.
1068 4553 1090 4580 ι

814 4616 1375 4674 ENARRATIO.

346 4731 369 4758 ι
396 4706 637 4764 Vivillca
655 4711 869 4779 me,»et
893 4710 958 4762 ut
988 4723 1079 4763 me
1102 4706 1610 4772 vivifices,«veniat
1630 4723 1808 4779 super
1829 4724 1921 4763 me

263 4797 673 4853 misericordia
702 4800 821 4867 tua,
848 4795 1146 4866 Domine,»
1181 4795 1237 4850 id
1266 4799 1355 4851 est
1397 4794 1730 4851 misericors
1760 4802 1918 4866 tuus,

262 4885 540 4942 Christus
559 4885 824 4942 videlicet
847 4901 951 4957 per
971 4902 1145 4957 quem
1178 4883 1565 4957 multiplicem
1591 4884 1921 4939 misericor-

263 4976 429 5031 diam
456 4975 993 5031 exbibuistiJ’eniat
1012 4992 1178 5046 super
1196 4990 1424 5043 me,non
1446 4978 1511 5028 ut
1530 4989 1621 5027 me
1641 4977 1921 5042 conterat,

252 5066 433 5135 juxta
455 5062 597 5119 illud
617 5065 750 5119 :«Su
762 5081 863 5137 per
882 5081 1055 5135 quem
1079 5063 1353 5119 ceciderit
1370 5061 1517 5134 lapis
1540 5060 1922 5129 ille,conteret

264 5169 409 5208 eum
438 5153 654 5225 (Matth.
688 5170 841 5220 xxi,»
873 5153 971 5209 sed
1006 5157 1071 5207 ut
1099 5168 1192 5207 me
1222 5151 1517 5217 defendat,
1549 5150 1716 5222 quasi
1747 5155 1924 5223 caput

270 5240 653 5305 meum.Quid
669 5241 794 5313 ipse
806 5246 968 5297 vocet
985 5240 1803 5311 misericordiam,subjungit:
1820 5242 1919 5295 Sa-

261 5331 453 5386 lutare
481 5330 720 5397 tuum,id
741 5335 829 5386 est
845 5329 1100 5386 salvator
1118 5333 1257 5383 tuus
1278 5327 1473 5383 veniat
1491 5328 1789 5384 secundum
1809 5328 1922 5384 elo-

257 5421 461 5492 quium
492 5427 647 5474 tuum
677 5445 689 5484 ;
724 5419 807 5475 sic
831 5419 986 5474 enim
1020 5417 1365 5489 promisisti,
1401 5422 1464 5471 ut
1493 5434 1595 5488 per
1618 5434 1750 5472 eum
1774 5417 1916 5474 libe-

258 5523 430 5564 rares
451 5524 637 5580 genus
659 5506 1113 5564 humanum.Vel
1146 5508 1327 5561 veniat
1346 5522 1512 5577 super
1542 5522 1735 5577 me,me
1763 5507 1913 5573 dico,

255 5601 536 5670 agentem
565 5598 890 5654 secundum
922 5595 1219 5668 eloquium
1250 5599 1439 5650 tuum.
1486 5593 1588 5651 Vel
1618 5596 1919 5653 secundum

254 5685 543 5763 eloquium
568 5691 818 5759 tuum,ut
837 5686 899 5747 in
929 5686 1154 5745 semine
1174 5683 1518 5761 deputer.Et
1547 5685 1686 5762 quia
1701 5701 1914 5762 parum

1949 4644 1998 4710 D

2034 3371 2257 3437 turum,
2277 3367 2447 3437 juxta
2466 3367 2610 3423 illud
2638 3386 2651 3423 :
2686 3393 2713 3418 ‹‹
2743 3369 2807 3423 Ei
2834 3372 2932 3442 qui
2957 3377 3163 3442 potens
3193 3378 3283 3428 est
3312 3377 3679 3445 superabun-

2033 3455 2242 3509 danter
2307 3455 2493 3511 facere
2560 3474 2737 3528 quam
2806 3459 3060 3529 petimus
3127 3466 3227 3515 aut
3295 3462 3680 3535 intelligimus

2036 3544 2246 3615 (Ephes.
2266 3547 2365 3613 ιιι).
2382 3566 2409 3593 ››
2434 3567 2461 3594 ‹‹
2477 3544 2538 3600 In
2553 3546 2797 3616 judiciis
2819 3548 2935 3603 tuis
2953 3565 3130 3621 super
3150 3551 3374 3621 speravi
3394 3569 3405 3608 :
3423 3558 3481 3607 et
3500 3576 3527 3602 »
3548 3553 3677 3611 ideo

2034 3656 2061 3683 «
2087 3633 2413 3689 custodiam
2435 3633 2620 3707 legem
2644 3641 2827 3702 tuam,
2850 3658 2877 3685 ››
2903 3637 2958 3691 id
2982 3643 3089 3705 est,
3115 3638 3482 3696 dilectionem
3505 3646 3601 3699 Dei
3622 3649 3681 3699 et

2031 3722 2280 3794 proximi
2298 3740 2529 3795 semper,
2558 3727 2617 3779 in
2645 3726 2905 3781 sarculum
2926 3726 3209 3795 videlicet,
3242 3733 3295 3783 et
3327 3731 3383 3783 in
3414 3732 3677 3787 saeculum

2030 3812 2255 3882 saeculi,
2308 3814 2459 3886 quod
2496 3819 2585 3869 est
2613 3814 2670 3868 in
2704 3815 2929 3880 futuro,
2965 3817 3199 3887 quando
3230 3816 3412 3873 Deum
3446 3819 3676 3891 plenius

2030 3901 2389 3957 amabimus:
2417 3902 2554 3974 quia
2573 3920 2706 3958 eum
2730 3920 2904 3975 quem
2930 3921 3085 3959 nunc
3105 3922 3219 3961 non
3246 3906 3493 3963 videndo
3516 3925 3674 3965 ama-

2029 4007 2183 4059 mus,
2220 3991 2362 4047 facie
2392 3992 2463 4047 ad
2496 3992 2701 4047 faciem
2732 3993 3097 4050 videbimus:
3134 3994 3365 4066 plenius
3386 3998 3564 4053 etiam
3588 3999 3674 4054 di-

2026 4077 2240 4151 ligetur
2264 4080 2584 4151 proximus,
2610 4081 2748 4152 quia
2780 4081 2977 4138 nullus
2999 4083 3108 4137 erit
3137 4085 3458 4157 suspicioni
3483 4086 3673 4154 locus,

2031 4168 2128 4221 ubi
2163 4166 2309 4223 alter
2339 4168 2502 4223 alteri
2536 4186 2653 4223 non
2684 4171 2792 4226 erit
2824 4171 3109 4228 occultus.
3137 4175 3458 4231 Custodiam
3493 4176 3551 4231 in
3584 4179 3675 4232 fu-

2028 4259 2159 4312 turo
2191 4257 2361 4326 legem
2393 4265 2572 4329 tuam,
2606 4264 2664 4314 et
2695 4259 2787 4316 hic
2818 4262 3199 4330 ambulabam,
3231 4263 3287 4317 id
3319 4269 3435 4331 est,
3483 4266 3674 4320 ambu-

2031 4346 2180 4416 labo,
2237 4348 2297 4400 in
2354 4348 2678 4416 latitudine,
2736 4351 2795 4404 id
2846 4356 2965 4416 est,
3014 4350 3072 4405 in
3132 4351 3411 4407 charitate
3462 4352 3565 4407 Dei
3621 4359 3678 4409 et

2030 4435 2308 4506 proximi,
2340 4438 2473 4508 quia
2502 4438 2767 4494 mandata
2800 4448 2893 4494 tua
2912 4440 3209 4510 exquisivi,
3242 4440 3299 4494 id
3332 4444 3451 4507 est,
3481 4442 3679 4513 exqui-
3756 4464 3763 4473 ·

2031 4540 2185 4591 ram,
2242 4524 2327 4580 sic
2357 4530 2413 4580 et
2442 4530 2648 4581 caetera
2679 4544 2805 4598 quae
2837 4533 3170 4598 sequuntur
3200 4528 3490 4599 praeterita
3521 4532 3676 4585 acci-

2031 4614 2273 4685 piuntur
2304 4614 2516 4669 futura.
2550 4614 2654 4670 Vel
2678 4621 2866 4687 potest
2887 4616 2997 4688 legi
3028 4620 3096 4671 ut
3125 4616 3339 4672 habeat
3368 4617 3485 4674 vim
3519 4621 3674 4691 quod

2030 4703 2189 4774 dicit,
2222 4704 2581 4759 ambulabam
2610 4707 2670 4759 in
2699 4704 3016 4771 latitudine,
3050 4709 3115 4760 ut
3144 4706 3227 4761 sic
3253 4707 3521 4763 ostendat
3542 4708 3678 4765 lide-

2031 4791 2105 4847 lis
2127 4794 2324 4848 anima
2345 4810 2405 4849 se
2427 4810 2555 4850 esse
2576 4793 2911 4850 exauditam
2936 4794 3009 4851 de
3030 4794 3399 4863 futuro,cum
3422 4798 3679 4854 ostendit

2033 4881 2145 4936 sibi
2164 4898 2291 4938 esse
2313 4882 2567 4938 exhibita
2588 4883 2878 4955 quaedam,
2894 4900 2996 4955 per
3015 4900 3141 4955 quae
3160 4890 3350 4956 potest
3371 4887 3440 4941 de
3462 4887 3676 4942 futuris

2032 4987 2158 5025 esse
2203 4976 2380 5025 certa.
2406 4971 2693 5026 Exhibitio
2738 4971 2895 5027 enim
2930 4974 3356 5044 praeteritorum
3388 4979 3477 5029 est
3505 4974 3673 5030 certi-

2032 5059 2172 5113 tudo
2220 5060 2551 5114 futurorum
2588 5077 2600 5114 :
2653 5061 2821 5132 quasi
2864 5060 2947 5116 sic
2978 5062 3179 5117 dicat:
3234 5062 3364 5117 Scio
3410 5062 3548 5133 quia
3595 5063 3675 5118 ibi

2030 5148 2359 5202 custodiam
2381 5146 2569 5219 legem
2591 5152 2774 5216 tuam,
2796 5150 2933 5221 quia
2953 5150 3087 5204 inde
3110 5151 3277 5221 quasi
3296 5152 3417 5220 jam
3440 5151 3675 5207 arrham

2030 5236 2205 5308 recipi
2235 5253 2246 5291 :
2274 5236 2551 5309 quiajam
2576 5255 2731 5292 nunc
2762 5261 2789 5287 «
2813 5237 3189 5294 ambulabam
3213 5238 3270 5293 in
3294 5238 3622 5309 latitudine,
3644 5263 3673 5290 ››

2029 5328 2086 5382 id
2107 5332 2213 5393 est,
2239 5326 2297 5381 in
2322 5326 2631 5383 dilectione
2661 5328 2759 5384 Dei
2794 5334 2850 5384 et
2880 5329 3127 5400 proximi
3152 5347 3165 5385 :
3199 5333 3256 5384 et
3284 5329 3391 5384 hoc
3424 5347 3537 5385 non
3565 5347 3673 5403 ope

2028 5432 2188 5483 mea,
2240 5417 2340 5471 sed
2386 5422 2516 5483 tua,
2564 5416 2702 5488 quia
2750 5441 2776 5468 «
2812 5418 3087 5473 mandata
3116 5423 3216 5474 tua
3246 5419 3567 5490 exquisivi:
3603 5420 3673 5476 Et

2027 5506 2307 5576 loquebar
2324 5505 2381 5560 in
2400 5506 2675 5561 testimon
2688 5506 2887 5562 iistuis
2904 5529 2930 5555 ››
2946 5507 3120 5561 etiam
3137 5530 3161 5555 ‹‹
3183 5507 3239 5562 in
3256 5512 3568 5579 conspectu
3588 5526 3673 5565 re-

2024 5598 2251 5666 gum,et
2263 5611 2376 5650 non
2391 5595 2829 5651 confundebar»
2844 5595 3185 5652 declinando
3200 5614 3233 5651 a
3247 5597 3539 5654 mandatis
3554 5599 3669 5657 luis

2022 5686 2234 5744 timore
2263 5699 2491 5761 regum.
2516 5687 2584 5745 Et
2611 5684 2943 5756 meditabar,
2974 5685 3034 5745 id
3063 5690 3171 5760 est,
3195 5686 3487 5762 frequenti
3509 5688 3665 5773 cogi-
