4024 6192
397 344 517 407 743

962 342 1266 407 REMIGII
1310 342 2067 411 ANTISSIODORENSIS
2114 345 2288 409 OPP.
2337 346 2540 409 PARS
2584 347 2631 407 Ι.
2666 378 2741 393 -
2770 342 3234 408 EXEGETIGA.

3685 342 3812 406 7M

400 479 616 536 tatione
636 477 929 545 versabar,
969 500 996 527 «
1021 478 1078 531 in
1112 480 1408 535 mandatis
1439 480 1578 551 tuis,
1608 503 1627 528 υ
1664 479 1721 534 in
1746 480 2047 552 praeceptis
2078 484 2132 548 Α
2163 497 2281 536 mor
2323 483 2414 552 fui
2460 481 2519 535 in
2562 485 2739 547 nocte,
2787 480 2845 535 id
2877 485 2966 536 est
3008 478 3387 535 tribulatione
3413 479 3664 534 nominis
3708 480 3811 549 tui,

395 570 515 624 tuis
544 582 689 638 quas,
720 567 778 621 id
810 571 929 631 est,
964 566 1102 637 quia
1129 568 1309 623 dilexi
1336 585 1402 624 ea
1429 587 1440 623 :
1471 572 1529 624 et
1561 570 1617 624 in
1650 568 1742 624 his
1773 568 2048 624 omnibus

398 657 597 713 levabo
628 671 824 710 manus
854 671 1020 722 meas,
1054 656 1109 709 id
1140 661 1249 723 est,
1298 673 1473 729 opera
1505 674 1652 725 mea,
1685 658 1755 712 ad
1784 658 2047 713 mandata

394 751 491 801 tua
520 760 671 816 quae,
720 744 776 798 id
808 748 926 810 est,
978 743 1117 813 quia
1148 745 1338 800 dileui.
1392 746 1519 817 Ipse
1567 745 1720 800 levat
1768 762 1943 817 Opera
1973 747 2045 801 ad

398 836 674 889 mandata
694 832 950 901 Domini,
967 832 1225 903 quicum
1252 834 1396 889 bene
1419 839 1713 905 operatur,
1741 851 1854 889 non
1878 835 1937 888 in
1961 852 2043 895 se.

394 924 495 979 sed
517 923 575 977 in
598 921 843 977 Domino
866 920 1186 993 gloriatur:
1212 923 1490 993 deprimit
1512 939 1660 995 Opus
1680 924 1924 989 bonum,
1944 922 2046 994 qui

390 1014 539 1068 bene
561 1011 853 1083 Operando
882 1010 1091 1081 quaerit
1116 1010 1368 1066 favorem
1392 1011 1700 1067 hominum
1724 1030 1737 1078 ;
1772 1013 1927 1090 quod
1955 1012 2041 1066 di-

391 1101 504 1155 cit:
540 1122 567 1150 «
594 1099 796 1155 Levavi
822 1115 1031 1153 manus
1053 1115 1215 1154 meas
1237 1101 1307 1154 ad
1334 1100 1615 1155 mandata
1639 1105 1760 1171 tua,
1789 1117 1914 1172 quae
1947 1100 2042 1154 di-

391 1189 527 1258 lexi,
542 1193 599 1244 et
619 1188 947 1252 exercebor,
967 1210 991 1237 ››
1011 1187 1069 1242 id
1093 1192 1204 1252 est,
1220 1189 1622 1260 perseverabo,
1640 1212 1667 1239 ‹‹
1684 1189 1743 1243 in
1759 1189 2045 1259 justiﬁca-

400 1278 659 1333 tionibus
680 1278 818 1332 tuis.
848 1299 874 1325 ››
909 1276 1074 1348 Ergo,
1100 1277 1510 1349 Domine.quia
1539 1276 2043 1349 loquendo,medi-

388 1368 588 1433 tando,
613 1365 929 1439 operando,
955 1382 987 1419 a
1014 1365 1319 1437 praeceptis
1341 1365 1460 1420 tuis
1483 1382 1596 1420 non
1620 1365 1903 1421 declinavi
1928 1365 2042 1420 huc

389 1456 479 1511 vel
511 1455 655 1511 illud
689 1472 700 1510 :

461 1568 488 1594 ‹‹
522 1545 680 1599 ΖΑιΝ.
703 1573 771 1583 ——-
802 1546 1023 1598 Memor
1047 1548 1170 1597 esto
1194 1542 1352 1597 verbi
1378 1542 1463 1597 tui
1490 1560 1655 1598 servo
1678 1548 1799 1611 tuo,
1834 1543 1891 1597 in
1925 1559 2041 1614 quo

392 1658 412 1682 α
452 1633 596 1687 mihi
620 1649 785 1705 spem
808 1631 1039 1687 dedisti.
1066 1631 1195 1686 Haec
1217 1648 1307 1687 me
1335 1631 1631 1687 consolata
1654 1637 1741 1686 est
1762 1633 1817 1686 in
1842 1632 2037 1687 humi-

389 1745 415 1770 ι(
455 1723 615 1776 litate
664 1737 823 1790 mea,
878 1720 1016 1791 quia
1056 1718 1356 1791 eloquium
1387 1725 1555 1775 tuum
1587 1720 1896 1776 viviﬁcavit
1924 1738 2037 1777 me.

394 1832 420 1862 α
452 1810 697 1882 Superbi
721 1810 919 1881 inique
934 1809 1184 1882 agebant
1203 1826 1683 1881 usquequaque,a
1702 1809 1827 1882 lege
1840 1816 2039 1865 autem

391 1923 419 1952 «
452 1905 555 1954 tua
584 1916 698 1953 non
734 1896 1036 1953 declinavi.
1067 1898 1289 1952 Memor
1312 1898 1393 1951 fui
1420 1897 1777 1967 judiciorum
1800 1903 2039 1953 tuorum

394 2008 416 2035 ι
451 2005 483 2042 a
514 1985 724 2043 saeculo
745 2031 759 2055 ,
808 1986 1077 2047 Domine,
1131 1990 1187 2040 et
1218 1985 1553 2042 consolatus
1585 2004 1738 2041 sum.
1788 1986 2038 2043 Deiectio

390 2099 417 2126 ‹‹
454 2076 643 2131 tenuit
674 2093 785 2146 me,
819 2092 922 2147 pro
955 2074 1356 2145 peccatoribus
1386 2074 1929 2146 derelinquentibus
1956 2074 2038 2130 le-

390 2186 418 2215 «
448 2182 578 2238 gem
628 2169 809 2220 tuam.
844 2162 1173 2219 Cantabiles
1215 2162 1361 2217 mihi
1392 2163 2037 2234 erantjustilicationes

394 2275 421 2308 ι
452 2259 561 2310 tuae
586 2254 644 2309 in
667 2253 790 2310 loco
813 2244 1297 2326 peregrinationis
1322 2271 1481 2308 meae.
1516 2257 1737 2307 Memor
1768 2252 1846 2307 fui
1871 2259 2037 2308 nocte

392 2367 419 2393 ‹‹
452 2342 707 2399 nominis
728 2342 834 2410 tui,
855 2341 1116 2405 Domine,
1131 2345 1187 2397 et
1205 2340 1491 2397 custodivi
1513 2340 1697 2413 legem
1716 2344 2038 2396 tuam.Hazc

388 2456 415 2483 ‹‹
452 2433 603 2488 facta
624 2436 711 2486 est
733 2430 899 2495 mihi,
915 2430 1516 2502 quiajustiﬁcationes
1540 2435 1672 2485 tuas
1694 2428 2031 2501 exquisivi.»

1003 2518 1269 2572 ENARRA
1282 2518 1413 2573 T10.

460 2609 659 2662 Memor
687 2613 795 2660 esto
824 2606 975 2660 verbi
1003 2607 1091 2659 tui
1120 2621 1273 2659 servo
1306 2611 1418 2671 tuo,
1453 2606 1674 2661 scilicet
1703 2605 2037 2677 complendi

394 2700 458 2751 ut
495 2695 644 2749 inter
674 2693 1015 2747 benedictos
1045 2698 1102 2747 et
1136 2692 1286 2747 ﬁlios
1318 2693 1728 2763 promissionis
1760 2699 2032 2764 reputer:

392 2783 531 2857 quia
560 2785 618 2839 in
651 2798 775 2853 quo,
810 2781 866 2835 id
899 2784 986 2835 est
1017 2780 1076 2835 in
1103 2781 1278 2834 verbo
1314 2780 1431 2851 illo,
1463 2781 1607 2835 mihi
1631 2798 1784 2853 spem
1811 2781 2033 2837 dedisti.

391 2873 567 2937 Quasi
599 2872 791 2927 dicat:
825 2869 936 2924 Alii
969 2886 1133 2940 spem
1167 2885 1333 2924 suam
1367 2874 1590 2940 ponunt
1612 2869 1669 2923 in
1703 2886 1843 2924 auro
1866 2868 1949 2925 vel
1974 2872 2035 2925 in

391 2961 717 3031 similibus,
750 2975 854 3030 ego
887 2962 1119 3012 tantum
1151 2959 1210 3012 in
1238 2958 1399 3012 verbo
1430 2966 1541 3022 tuo,
1575 2963 1631 3013 et
1661 2958 1768 3014 hoc
1798 2975 1911 3012 non
1946 2958 2033 3013 in-
2077 2992 2087 3002 κ

391 3052 704 3105 fructuose.
738 3052 883 3102 Nam
915 3047 1053 3111 haec,
1081 3063 1213 3117 spes
1244 3045 1445 3101 habita
1476 3047 1530 3101 in
1565 3047 1737 3103 verbo
1768 3051 1888 3113 tuo,
1913 3039 2036 3103 con-

388 3138 565 3194 solata
590 3142 676 3192 est
693 3152 779 3191 me
808 3137 866 3191 in
898 3134 1208 3190 humilitate
1236 3151 1375 3201 mea,
1412 3135 1463 3189 id
1500 3141 1589 3191 est
1620 3136 1677 3191 in
1711 3136 2034 3207 dejectione

2163 570 2405 637 Domine,
2441 569 2599 625 illius
2629 568 2895 624 videlicet
2923 568 3180 623 nominis
3210 567 3352 639 quia
3380 571 3470 622 est
3492 566 3809 637 Dominus,

2161 674 2252 713 me
2272 657 2597 714 voluntarie
2628 658 2845 713 faciens
2866 673 3099 713 servum
3123 661 3314 721 tuum,
3344 661 3402 712 et
3425 655 3814 712 custodiendo

2158 748 2339 820 legem
2370 754 2543 803 tuam.
2576 747 2645 802 Et
2673 746 2790 801 haze
2820 744 3088 801 custodia
3117 744 3265 817 legis
3297 761 3412 799 non
3444 759 3514 799 ex
3546 760 3643 799 me
3675 760 3813 816 pro-

2157 836 2351 901 cessit,
2385 836 2486 891 sed
2519 859 2545 885 «
2580 836 2730 890 facta
2760 839 2849 889 est
2880 833 3023 888 mihi
3049 856 3075 882 ››
3109 850 3144 888 a
3172 838 3249 901 te,
3291 857 3312 881 ι
3347 832 3488 905 quia
3518 832 3815 904 justiﬁes-

2154 924 2345 979 tiones
2362 930 2493 980 tuas
2510 924 2814 997 exquisivi.
2834 946 2861 971 ››
2880 922 2978 978 Vel
2998 922 3117 977 haec
3139 939 3253 977 nox
3265 925 3357 991 fac
3376 923 3537 990 mihi,
3554 921 3614 976 id
3639 926 3733 976 est
3748 923 3813 978 ad

2156 1012 2463 1069 utilitatem
2478 1030 2684 1081 meam,
2696 1013 2852 1067 utsic
2856 1010 3302 1082 justificationes
3315 1018 3448 1066 tuas
3462 1014 3644 1066 etnon
3661 1027 3813 1066 meas

2152 1102 2535 1172 exquirerem.
2556 1102 2745 1157 Potest
2765 1100 2931 1155 aliter
2949 1099 3064 1171 legi
3087 1100 3361 1172 superius
3383 1101 3541 1172 quod
3566 1099 3812 1168 dicitur,

2154 1214 2179 1239 «
2211 1190 2339 1246 Haec
2372 1207 2464 1245 me
2496 1188 2793 1245 consolata
2822 1193 2910 1243 est
2941 1188 2998 1243 in
3032 1187 3363 1243 humilitate
3396 1203 3549 1255 mea,
3578 1210 3606 1235 ››
3641 1196 3705 1243 ut
3727 1188 3807 1243 di-

2152 1295 2355 1334 camus
2388 1296 2400 1333 :
2444 1280 2588 1349 Spes
2621 1277 2721 1332 illa
2750 1294 2928 1349 quam
2961 1277 3174 1332 dedisti
3205 1276 3353 1331 mihi
3384 1276 3443 1331 in
3472 1277 3654 1333 verbo
3684 1282 3807 1347 tuo,

2149 1369 2426 1423 consolata
2455 1372 2533 1422 est
2557 1384 2642 1422 me
2662 1369 2719 1422 in
2744 1365 3111 1422 humanitate
3128 1382 3274 1430 mea,
3298 1365 3353 1420 id
3377 1369 3487 1432 est,
3515 1365 3573 1419 in
3601 1370 3814 1421 morta-

2151 1455 2312 1511 litate
2330 1473 2477 1523 mea,
2495 1473 2529 1510 a
2552 1456 2739 1528 primo
2765 1458 3002 1526 parente
3024 1454 3167 1509 mihi
3191 1453 3376 1523 illata,
3395 1458 3452 1509 et
3473 1454 3607 1509 ideo
3633 1476 3661 1502 ‹‹
3681 1470 3813 1510 conv

2151 1544 2337 1600 solata
2357 1551 2445 1600 est
2468 1562 2581 1614 me,
2606 1543 2743 1615 quia
2761 1542 3061 1615 eloquium
3085 1547 3253 1599 tuum
3277 1543 3596 1598 viviﬁcabit
3623 1559 3722 1599 me
3748 1560 3809 1598 »ε

2153 1640 2216 1688 ut
2238 1650 2401 1705 spem
2419 1635 2548 1688 vitae
2572 1633 2868 1699 haberem,
2883 1634 3176 1705 projectus
3196 1631 3258 1686 in
3279 1637 3550 1687 mortem.
3569 1633 3640 1687 Et
3658 1632 3813 1689 unde

2151 1722 2454 1777 humilitas
2505 1722 2829 1794 processit?
2860 1721 3120 1793 Superbi,
3163 1721 3219 1776 id
3251 1725 3340 1777 est
3369 1720 3559 1792 iniqui
3593 1738 3809 1793 parau-

2150 1815 2259 1878 tes,
2291 1813 2483 1882 inique
2502 1812 2735 1882 agebant
2757 1812 2829 1866 ab
2850 1810 3183 1867 obedientia
3215 1810 3310 1865 Dei
3348 1811 3732 1867 recedentes:
3759 1816 3812 1866 et

2151 1898 2261 1954 hoc
2289 1916 2699 1971 usquequaque,
2724 1900 2781 1954 id
2804 1904 2915 1969 est,
2942 1899 3282 1955 omnimoda
3307 1899 3552 1969 ratione,
3580 1898 3727 1971 quia
3748 1916 3808 1955 se

2150 1986 2261 2043 sibi
2284 1987 2423 2043 deos
2458 1988 2735 2042 fecerunt.
2762 1992 2878 2060 Ego
2900 1992 3096 2043 autem
3121 1991 3353 2059 recepta
3372 2004 3474 2059 spe
3501 1987 3667 2043 verbi
3693 1987 3801 2056 tui,

2150 2099 2177 2126 ‹‹
2205 2094 2238 2132 a
2268 2076 2393 2149 lege
2425 2081 2527 2132 tua
2549 2093 2663 2131 non
2691 2075 3001 2140 declinavi,
3032 2099 3060 2125 υ
3093 2077 3192 2131 sed
3226 2100 3253 2125 ‹‹
3281 2092 3512 2131 memor
3533 2076 3622 2131 fui
3643 2076 3811 2148 judi-

2150 2165 2374 2221 ciorum
2400 2169 2635 2220 tuorum
2660 2182 2693 2220 a
2718 2164 2953 2230 saeculo,
2973 2187 3002 2214 ››
3029 2165 3086 2220 id
3104 2170 3212 2234 est,
3236 2164 3309 2219 ab
3331 2164 3568 2220 exordio
3598 2165 3804 2220 mundi

2148 2254 2356 2325 primis
2388 2254 2729 2327 parentibus
2761 2253 3156 2309 exhibitorum
3186 2270 3199 2307 :
3250 2257 3307 2309 et
3343 2252 3578 2325 defectio
3621 2256 3806 2309 tenuit

2145 2358 2255 2413 me,
2288 2342 2344 2396 id
2376 2347 2483 2410 est,
2508 2342 2741 2397 taedium
2777 2358 2868 2397 me
2899 2340 3169 2408 detinuit,
3204 2364 3232 2393 «
3256 2358 3360 2413 pro
3392 2342 3802 2414 peccatoribus

2147 2430 2684 2502 derelinquentibus
2715 2429 2902 2503 legem
2935 2435 3118 2486 tuam.
3146 2453 3174 2480 ›ι
3205 2430 3277 2485 Et
3305 2435 3506 2486 tamen
3537 2453 3565 2480 ‹‹
3593 2435 3793 2487 cauta-

2146 2518 2293 2574 biles
2316 2519 2458 2574 mihi
2480 2524 2646 2575 erant
2666 2520 3116 2589 justiﬁcationes
3144 2525 3254 2574 tum
3286 2519 3342 2573 in
3374 2518 3505 2575 loco
3535 2520 3792 2593 peregri-

2148 2608 2401 2663 nationis
2429 2625 2592 2664 meee.
2617 2631 2644 2657 ››
2678 2609 2823 2665 Nam
2854 2630 2881 2660 α
2906 2625 3131 2664 memor
3151 2608 3232 2663 fui
3256 2608 3314 2662 in
3338 2612 3509 2664 nocte
3539 2608 3793 2665 nominis

2146 2696 2263 2759 tui,
2314 2696 2586 2764 Domine,
2638 2701 2693 2752 et
2722 2697 3005 2752 custodivi
3039 2697 3222 2769 legem
3253 2701 3438 2752 tuam.
3482 2696 3616 2753 Haec
3649 2698 3795 2753 facta

2145 2787 2233 2838 est
2262 2785 2437 2852 mihi,
2471 2786 2611 2856 quia
2633 2785 3082 2856 justiﬁcationes
3113 2791 3244 2841 tuas
3277 2785 3588 2857 exquisivi.
3626 2810 3654 2835 »

2216 2872 2391 2927 Hera.
2426 2904 2494 2912 —
2548 2896 2574 2922 ‹‹
2612 2873 2802 2930 Portio
2834 2891 2992 2944 mea,
3028 2875 3300 2937 Domine,
3345 2876 3463 2931 dixi
3496 2876 3798 2933 custodire

2146 2984 2171 3009 ‹‹
2208 2960 2394 3032 legem
2426 2965 2611 3017 tuam.
2648 2968 2998 3034 Deprecatus
3020 2980 3152 3020 sum
3178 2964 3375 3020 faciem
3398 2970 3561 3020 tuam
3588 2966 3651 3021 in
3675 2969 3797 3023 toto

2146 3050 2378 3105 «corde
2426 3067 2597 3106 meo:
2655 3052 2930 3108 miserere
2973 3053 3086 3109 mei
3135 3053 3441 3109 secundum
3476 3053 3797 3125 eloquium

2144 3162 2169 3187 ‹‹
2204 3144 2394 3195 tuum.
2421 3140 2676 3213 Cogitavi
2699 3142 2823 3197 vias
2849 3159 3028 3213 meas,
3052 3148 3109 3198 et
3134 3142 3380 3198 converti
3410 3142 3586 3212 pedes
3619 3158 3794 3198 meos

396 3243 546 3292 mea,
568 3225 654 3282 vel
677 3224 989 3279 afflictione
1012 3240 1189 3295 quam
1212 3224 1400 3295 patior
1420 3224 1476 3279 in
1510 3224 1621 3281 hac
1640 3225 1774 3281 vita.
1809 3227 1877 3280 Et
1906 3225 2034 3280 ideo
2066 3218 2108 3285 C
2146 3251 2174 3277 ‹‹
2210 3229 2265 3283 in
2299 3230 2634 3286 testimonia
2664 3235 2783 3286 tua.
2830 3232 3073 3287 Paratus
3104 3248 3235 3287 sum
3266 3236 3321 3287 et
3350 3247 3463 3286 non
3491 3247 3630 3286 sum
3662 3236 3796 3286 tur-

402 3335 425 3364 ι
449 3314 748 3371 consolata
767 3317 855 3369 est
876 3328 969 3368 me
993 3334 1020 3361 »
1045 3328 1176 3383 spes
1199 3317 1319 3377 tua,
1341 3336 1365 3360 α
1393 3313 1529 3384 quia
1550 3313 1846 3385 eloquium
1870 3320 2037 3368 tuum

391 3402 702 3460 viviﬁcavit
734 3418 845 3467 me,
874 3424 900 3449 ››
933 3402 1073 3472 quia
1098 3406 1156 3454 tu
1185 3402 1502 3469 promisisti
1531 3406 1586 3456 te
1615 3404 1945 3474 adjutorem
1978 3404 2035 3457 in

388 3490 867 3549 tribulationibus
889 3491 1088 3561 ;juxta
1114 3489 1255 3545 illud
1282 3507 1293 3545 :
1321 3514 1347 3537 ‹‹
1380 3490 1589 3546 Fidelis
1614 3492 1768 3547 Deus
1792 3492 1892 3564 qui
1922 3509 2036 3546 non

391 3581 649 3655 patietur
690 3597 791 3635 vos
824 3580 1033 3635 tentari
1069 3595 1250 3650 supra
1280 3578 1337 3633 id
1370 3580 1522 3650 quod
1558 3579 1801 3651 potestis
1844 3582 1889 3651 (I
1916 3580 2059 3636 Cor.“

389 3671 466 3743 χ).
492 3693 519 3721 ››
557 3692 584 3720 ‹‹
608 3668 735 3724 Haec
762 3684 854 3723 me
880 3665 1177 3721 consolata
1198 3671 1286 3721 est
1308 3668 1365 3721 in
1392 3667 1722 3723 humilitate
1744 3685 1891 3723 mea.
1922 3691 1948 3716 ››
1971 3670 2039 3724 Et

392 3772 523 3812 ecce
556 3756 709 3810 unde
740 3753 1044 3810 humilitas
1076 3753 1384 3825 processit,
1436 3754 1574 3825 quia
1602 3756 1824 3825 superbi
1853 3758 2040 3826 inique

386 3846 619 3917 agebant
667 3860 1069 3916 usquequaque.
1117 3843 1364 3916 Superbi
1405 3842 1722 3915 sunt'quos
1755 3862 1868 3900 non
1901 3846 2035 3902 edo-

389 3933 539 3987 muit
556 3934 839 3987 damnum
862 3930 1322 3988 immortalitatis
1344 3937 1400 3987 et
1420 3931 1635 4004 gloriae,
1653 3950 1829 4004 quam
1854 3934 2040 4006 perdi-

393 4021 606 4075 derunt
635 4020 693 4073 in
726 4020 914 4090 primo
948 4025 1205 4091 parente.
1239 4020 1306 4075 Hi
1340 4020 1539 4092 inique
1570 4022 1820 4093 agebant
1854 4040 1865 4078 :
1901 4024 2039 4095 quia

396 4108 539 4180 quid
565 4108 827 4179 iniquius
849 4149 862 4170 ,
896 4125 1073 4179 quam
1104 4109 1270 4163 illum
1316 4110 1448 4165 odio
1478 4110 1689 4166 habere
1721 4129 1895 4183 quem
1931 4113 2041 4168 scit

392 4195 670 4269 diligere?
699 4196 766 4250 Et
800 4212 1206 4267 usquequaque,
1241 4198 1297 4251 id
1330 4203 1419 4253 est
1452 4200 1791 4255 omnimoda
1818 4202 2038 4258 ratione

391 4288 581 4359 inique
608 4286 867 4357 agebant,
900 4284 1043 4357 quia
1073 4301 1185 4339 non
1220 4290 1447 4341 tantum
1473 4304 1588 4342 non
1616 4288 1806 4361 piguit
1836 4307 1898 4345 se
1928 4291 2037 4345 im-

389 4375 517 4448 pios
546 4392 705 4441 esse,
739 4375 840 4430 sed
872 4374 1002 4447 pios
1042 4374 1357 4429 studebant
1408 4376 1593 4431 facere
1633 4377 1865 4450 impios.
1920 4380 2038 4452 Ego

394 4489 414 4514 α
440 4469 636 4519 autem
660 4481 691 4518 a
714 4463 841 4536 lege
870 4470 973 4519 tua
994 4480 1110 4518 non
1135 4462 1440 4534 declinavi,
1469 4486 1489 4515 ι
1525 4466 1623 4519 sed
1655 4488 1683 4514 ‹‹
1710 4483 1936 4523 memor
1954 4468 2035 4524 fui

2150 3340 2176 3366 ‹‹
2214 3318 2409 3385 batus,
2433 3320 2845 3401 ut‘custodiam
2871 3321 3147 3376 mandata
3169 3324 3291 3375 tua.
3316 3319 3507 3376 Fuues
3529 3324 3798 3391 peccato.

2149 3430 2176 3457 ‹‹
2210 3424 2340 3461 rum
2365 3409 2581 3464 circum
2594 3408 2742 3481 plexi
2766 3413 2907 3464 sunt
2928 3426 3041 3479 me,
3060 3413 3116 3464 et
3138 3408 3321 3481 legem
3345 3414 3511 3464 tuam
3529 3426 3651 3464 non
3671 3420 3796 3465 sum

2151 3517 2177 3543 «
2210 3496 2447 3551 oblitus.
2505 3498 2695 3553 Media
2737 3503 2905 3553 nocte
2943 3496 3255 3569 surgebam
3288 3496 3359 3551 ad
3393 3496 3792 3552 conﬁtendum

2149 3610 2175 3635 ‹‹
2208 3586 2313 3640 tibi
2359 3602 2535 3658 super
2570 3586 2793 3657 judicia
2827 3584 3270 3657 justiﬁcationis
3310 3589 3443 3640 tuas.
3502 3586 3792 3656 Particeps

2148 3699 2173 3725 ‹‹
2210 3691 2314 3748 ego
2347 3692 2479 3729 sum
2511 3675 2776 3729 omnium
2804 3675 3138 3729 timentium
3161 3679 3216 3729 te
3246 3680 3305 3729 et
3333 3675 3785 3731 custodientium

2147 3788 2174 3814 «
2210 3764 2487 3818 mandata
2536 3768 2654 3818 tua.
2709 3763 3133 3832 Misericordia,
3166 3763 3443 3833 Domine,
3493 3762 3658 3835 plena
3692 3763 3780 3814 est

2148 3876 2175 3901 ‹‹
2209 3858 2381 3917 terra,
2407 3851 2865 3922 justiﬁcationes
2897 3855 3027 3907 tuas
3058 3852 3200 3907 doce
3232 3869 3346 3907 mc.
3384 3876 3413 3901 ››

2753 3939 3196 3996 ΕΝΝΑΒΒΑΊἸΟ.

2218 4029 2404 4084 Portio
2436 4045 2575 4095 mea,
2606 4029 3009 4094 Domine.Quia
3028 4030 3460 4100 justiﬁcaliones
3487 4028 3792 4103 exquisivi.

2148 4133 2283 4189 ergo
2313 4117 2583 4182 Domine,
2616 4118 2742 4174 doce
2768 4119 3194 4188 justiﬁcationes
3223 4122 3346 4174 tuas
3382 4137 3401 4173 :
3431 4120 3591 4192 quod
3623 4122 3711 4175 est
3735 4116 3802 4174 in

2148 4209 2264 4262 ﬁne
2294 4206 2526 4278 psalmi.
2558 4208 2693 4263 Doce
2725 4208 2853 4263 dico
2887 4214 2949 4262 ut
2980 4224 3213 4280 semper
3239 4207 3299 4262 in
3331 4208 3416 4264 eis
3449 4210 3759 4281 proficiam
3783 4227 3801 4261 :

2148 4301 2203 4351 et
2223 4294 2400 4351 debes
2433 4296 2636 4350 docere
2667 4296 2805 4366 quia
2834 4301 2894 4350 tu
2931 4312 2994 4351 es
3022 4299 3200 4367 portio
3228 4313 3370 4364 mea,
3398 4298 3675 4353 Domine:
3705 4295 3805 4353 alii

2150 4386 2437 4439 mundum
2461 4384 2701 4457 eligant,
2724 4401 2829 4457 ego
2853 4390 2909 4440 te
2943 4385 3087 4440 mihi
3118 4391 3340 4457 partem
3372 4404 3385 4441 :
3416 4392 3477 4441 et
3505 4387 3805 4458 quomodo

2150 4473 2282 4529 hic?
2314 4474 2459 4540 Quia
2478 4474 2620 4539 dixi,
2645 4474 2700 4529 id
2732 4461 2841 4543 est,
2875 4474 3122 4531 firmiter
3153 4476 3330 4531 statui
3362 4477 3518 4547 apud
3554 4493 3675 4542 me,
3707 4493 3804 4532 ou-

379 4553 738 4624 judiciorum
761 4558 997 4607 tuorum
1021 4570 1055 4607 a
1079 4551 1311 4619 saeculo,
1341 4552 1599 4643 Domine,
1628 4576 1655 4604 »
1689 4558 1924 4611 tandem
1948 4558 2036 4612 fu-
2070 4579 2113 4643 ι)
2147 4563 2346 4619 stodire
2391 4565 2562 4632 legem
2605 4573 2775 4619 tuam.
2834 4564 2974 4635 Ejus
3004 4565 3162 4620 enim
3196 4582 3331 4637 pars
3360 4570 3452 4620 est
3481 4565 3806 4630 Dominus,

389 4647 655 4697 turorum
688 4643 745 4696 in
776 4659 914 4698 vasa
946 4642 1073 4710 iraa,
1105 4650 1154 4697 et
1182 4640 1489 4698 consolatus
1517 4660 1642 4697 sum
1671 4643 1731 4697 in
1761 4662 1897 4700 vasa
1928 4645 2037 4701 mi-

390 4729 736 4798 sericordiae,
756 4747 889 4801 qum
913 4732 1133 4786 attendi
1156 4735 1257 4786 tua
1282 4730 1466 4802 gratia
1491 4748 1620 4786 esse
1643 4731 1939 4789 salvanda.
1964 4735 2034 4789 Et

391 4816 530 4890 quia
561 4834 785 4872 memor
817 4818 896 4872 fui
920 4818 1278 4887 judiciorum
1310 4818 1368 4873 in
1401 4836 1539 4873 vasa
1570 4819 1688 4875 irm.
1724 4844 1752 4870 ‹‹
1777 4821 2033 4878 Defectio

389 4905 579 4961 tenuit
604 4922 697 4960 me
722 4922 825 4977 pro
852 4906 1256 4976 peccatoribus
1282 4906 1825 4979 derelinquentibus
1851 4910 2038 4983 legem

394 5000 557 5050 tuam
578 5037 591 5063 ,
630 5017 656 5045 ››
688 4995 743 5050 id
778 5000 868 5050 est
896 4996 1144 5050 taedebat
1177 5013 1270 5051 me
1298 4998 1625 5052 conversari
1660 4998 1810 5055 inter
1840 5017 2039 5072 pecca-

392 5090 567 5140 tores.
605 5088 668 5139 Et
699 5084 839 5156 quia
870 5083 1207 5140 consolatus
1238 5101 1366 5140 sum
1402 5086 1459 5140 in
1491 5086 1709 5143 divitiis
1741 5090 1895 5144 vasis
1926 5089 2038 5145 mi-

392 5174 719 5230 sericordire
752 5172 1091 5245 promissis,
1124 5173 1451 5240 cantabiles,
1483 5174 1540 5229 id
1573 5182 1659 5232 est
1692 5176 2039 5245 laudabiles,

390 5272 549 5319 erant
576 5264 716 5317 mihi
734 5264 1159 5334 justiﬁcationes
1187 5271 1326 5333 tum,
1361 5263 1418 5317 id
1451 5269 1539 5319 est
1569 5265 1800 5338 flagella
1828 5272 1930 5323 tua
1952 5270 2044 5339 ju-

2147 4652 2246 4723 qui
2277 4650 2465 4723 legem
2497 4668 2665 4707 suam
2698 4652 2971 4708 custodit.
3025 4653 3138 4708 Lex
3183 4658 3378 4709 autem
3428 4655 3807 4723 custoditur,

2143 4740 2376 4812 quando
2407 4740 2651 4811 spiritus
2683 4741 3062 4797 viviﬁcandus
3093 4742 3330 4813 adjuvat
3371 4758 3463 4797 me
3494 4759 3572 4797 ne
3604 4743 3803 4799 littera

2149 4828 2394 4885 occidat.
2423 4830 2490 4883 Et
2515 4830 2791 4901 quoniam
2820 4847 2934 4885 non
2960 4836 3049 4885 est
3069 4829 3323 4886 hominis
3356 4836 3420 4885 ut
3442 4847 3549 4903 per
3571 4848 3637 4887 se
3670 4848 3811 4905 pos-

2149 4917 2226 4971 sit
2255 4916 2548 4972 custodire
2578 4916 2765 4988 legem
2802 4918 3061 4989 Domini,
3094 4925 3151 4974 et
3178 4920 3545 4975 invocandus
3577 4926 3675 4977 est
3703 4926 3813 4977 Do-

2152 5007 2369 5061 minus.
2405 5006 2465 5061 Si
2494 5008 2650 5061 enim
2685 5007 2827 5063 fides
2865 5008 3169 5079 impetrat,
3205 5009 3359 5081 quod
3392 5009 3483 5064 lex
3511 5008 3810 5083 imperat;

2151 5094 2305 5166 quod
2330 5093 2439 5149 iste
2464 5095 2770 5151 attendens
2792 5095 2963 5153 dicit:
2991 5121 3017 5147 ‹‹
3049 5097 3402 5170 Deprecatus
3424 5115 3563 5155 sum
3602 5101 3813 5155 faciem

2148 5188 2335 5238 tuam.
2372 5206 2397 5231 ››
2447 5184 2624 5249 Quasi
2656 5184 2811 5240 dicat
2843 5203 2856 5240 :
2912 5185 2985 5241 Ut
3024 5188 3352 5251 custodiam
3382 5186 3580 5261 legem
3611 5195 3811 5254 tuam,

2152 5271 2292 5344 quia
2314 5288 2416 5344 per
2438 5289 2529 5328 me
2556 5290 2670 5329 non
2695 5291 2957 5346 possum,
2994 5299 3021 5325 «
3049 5277 3393 5348 deprecatus
3427 5295 3566 5333 sum
3601 5278 3810 5334 laciem

393 5351 730 5418 stilicantia,
764 5354 824 5407 in
854 5353 968 5408 loco
995 5353 1457 5424 peregrinationis
1486 5370 1661 5411 mea}:
1694 5356 1751 5411 in
1788 5356 1895 5412 hac
1924 5356 2045 5413 vita
2151 5366 2345 5429 tuam,
2382 5383 2408 5410 ν
2462 5361 2518 5416 id
2560 5368 2677 5430 est,
2727 5364 2893 5421 valde
2939 5370 3209 5436 precatus
3259 5383 3390 5422 sum
3442 5367 3808 5438 adjutorium

392 5440 794 5505 videlicet,ubi
823 5441 1072 5514 quisque
1095 5442 1503 5514 peregrinatur
1525 5460 1558 5498 a
1582 5445 1849 5512 Domino,
1866 5451 1922 5501 et
1943 5445 2043 5501 ubi

394 5544 508 5582 non
540 5530 896 5584 cantandum
928 5535 1049 5597 est,
1099 5531 1197 5585 sed
1232 5532 1612 5603 gemendum.
1648 5532 1717 5588 Et
1749 5534 2043 5606 quomodo

340 5674 343 5675 ν
396 5614 543 5673 mihi
558 5616 1015 5687 justiﬂcationes
1035 5623 1146 5674 tua:
1168 5623 1334 5676 erant
1363 5620 1685 5677 cantabiles
1702 5621 1729 5677 ί.)
1760 5622 1905 5688 Quia
1927 5639 2040 5682 me-

2154 5455 2354 5521 tuum,
2410 5454 2467 5505 et
2495 5452 2885 5524 cognitionem
2916 5460 3079 5509 tuam
3137 5457 3197 5510 in
3241 5462 3350 5512 toto
3379 5456 3544 5513 corde
3572 5472 3690 5512 meo
3717 5454 3806 5509 di.

2154 5555 2326 5595 cens:
2360 5538 2615 5595 Miserere
2644 5543 2781 5607 mei,
2834 5542 3156 5614 gradientis
3204 5543 3456 5614 scilicet,
3506 5543 3807 5602 secundum

2148 5629 2428 5703 eloquium
2455 5631 2651 5686 tuum:
2683 5634 2739 5688 et
2769 5630 2946 5689 debes
2977 5631 3262 5707 misereri,
3293 5634 3436 5710 quia
3458 5636 3705 5709 cogitavi,
3738 5630 3813 5693 id
