4024 6192
276 308 385 367 745

1396 304 1901 367 ENAltRA'l‘ION
1916 306 2004 363 BS
2052 305 2124 362 ΙΝ
2174 306 2550 366 PSALMUS.

3552 302 3671 365 ΗΒ

275 444 375 507 est,
405 438 678 510 proposui
712 436 877 505 mihi,
904 441 1017 494 vias
1036 456 1205 507 meas,
1226 440 1429 505 foedas,
1456 445 1519 494 ut
1545 442 1797 495 avertem
1820 453 1912 492 me
1944 439 1993 502 Α
2026 442 2088 491 ut
2111 454 2201 492 me
2226 438 2535 493 delectaret
2557 438 2914 494 bonum.Cui
2942 442 3089 493 Deus
3113 436 3400 509 propitius
3424 435 3672 506 inspirat

275 529 342 583 ab
374 526 489 581 illis
525 543 536 581 :
586 536 637 581 et
664 530 910 582 converti
935 529 1096 599 pedes
1143 545 1320 596 meos,
1368 530 1423 583 id
1456 534 1544 582 est
1573 527 1915 582 afﬂictiones

275 633 461 683 meas,
510 618 571 670 in
600 619 915 672 testimonia
947 626 1068 685 tua,
1122 619 1179 673 id
1212 628 1328 683 est,
1380 619 1439 672 in
1472 618 1593 671 vias
1623 622 1755 671 tuas
1787 614 1914 686 pul-

274 707 478 761 chras:
518 710 573 761 et
594 706 909 771 intantum,
933 708 1086 777 quod
1116 725 1127 763 :
1153 730 1179 756 ‹‹
1204 712 1447 761 Paratus
1471 722 1602 760 sum
1633 731 1657 753 υ
1692 706 1759 759 ad
1788 706 1914 767 hoc,

274 819 298 844 α
326 799 387 848 ut
407 794 730 849 custodiam
756 796 1030 849 mandata
1057 801 1173 858 tua,
1198 802 1253 848 et
1275 812 1386 849 non
1411 812 1544 849 sum
1569 796 1859 861 turbatus,
1888 814 1915 841 »

273 884 326 937 in
349 882 467 938 illis
485 882 963 938 tribulationibus
987 883 1069 938 vel
1097 884 1407 955 pressaris,
1426 900 1558 937 cum
1581 889 1774 937 tamen
1801 898 1914 936 non

274 972 420 1026 desit
448 987 626 1025 causa
660 972 811 1026 unde
842 973 1107 1027 turbarer
1138 990 1150 1026 :
1205 972 1344 1043 quia
1376 994 1403 1020 «
1433 973 1622 1027 Funes
1656 975 1917 1041 peccato-

274 1076 399 1114 rum
428 1060 801 1130 circumplexi
828 1066 967 1114 sunt
992 1076 1103 1114 me.
1138 1084 1163 1107 ››
1202 1062 1387 1115 Funes
1410 1064 1774 1131 peccatorum
1800 1058 1915 1111 im-

272 1149 603 1220 pedimenta
624 1153 762 1203 sunt
781 1148 1177 1215 inimicorum,
1197 1150 1314 1205 sive
1332 1148 1747 1221 Spiritualium,
1763 1148 1918 1201 sicut

271 1238 487 1292 diaboli
519 1242 573 1292 et
605 1237 943 1308 angelorum
978 1240 1145 1308 ejus:
1181 1239 1300 1293 sive
1332 1238 1675 1303 carnalium,
1703 1237 1760 1290 in
1785 1236 1914 1306 qui-

270 1328 380 1382 bus
412 1331 474 1380 ut
505 1327 563 1381 in
597 1326 731 1381 ﬁliis
778 1327 1117 1381 diffidentiae
1150 1333 1423 1398 operatur
1451 1325 1741 1381 diabolus.
1804 1324 1913 1395 Ipsi

271 1416 423 1471 enim
457 1416 724 1486 augendo
756 1421 1057 1486 peccatum
1095 1422 1355 1485 peccato,
1407 1415 1573 1486 quasi
1608 1416 1777 1469 funes
1832 1416 1913 1467 fa-

271 1505 448 1571 ciunt,
482 1508 538 1558 et
569 1508 869 1574 peccatum
904 1521 1075 1557 suum
1111 1504 1263 1558 sicut
1294 1509 1505 1559 restem
1536 1503 1771 1573 longam
1799 1507 1914 1555 tra-

271 1592 445 1659 hunt,
497 1598 553 1647 et
602 1592 733 1646 hinc
766 1599 1003 1648 sanctos
1035 1592 1337 1664 implicare
1368 1599 1680 1656 conantur,
1732 1596 1788 1646 et
1817 1589 1917 1645 ali-

270 1682 500 1752 quando
524 1682 977 1752 permittuntur:
1008 1682 1108 1736 sed
1132 1683 1177 1735 si
1212 1681 1516 1751 implicant
1541 1696 1772 1750 corpus,
1800 1696 1912 1733 non

268 1770 574 1841 implicant
603 1769 884 1837 animam,
919 1771 1071 1841 quod
1104 1770 1159 1823 in
1194 1771 1304 1823 isto
1337 1774 1577 1840 apparet
1607 1768 1705 1838 qui
1734 1767 1912 1821 dicit:

275 1879 295 1906 α
332 1865 532 1930 Legem
566 1862 725 1912 tuam
774 1875 887 1912 non
938 1876 1068 1913 sum
1098 1859 1349 1923 oblitus;
1402 1859 1501 1912 sed
1537 1858 1765 1928 potius:
1810 1856 1914 1911 Me-

267 1948 361 2002 dia
387 1951 540 2002 nocte
566 1948 876 2014 surgebam,
908 1946 963 1999 id
1000 1952 1108 2011 est,
1144 1949 1344 2002 fortior
1376 1947 1606 2013 ﬂebam,
1649 1946 1719 2000 ad
1747 1946 1914 2015 con/i-

270 2036 502 2089 tendum
532 2037 649 2089 tibi.
686 2039 794 2089 Per
827 2036 1074 2090 mediam
1112 2042 1341 2090 noctem
1374 2037 1603 2106 gravior
1632 2035 1918 2105 accipitur

271 2123 660 2193 tribulatio,in
684 2141 800 2191 qua
821 2123 1198 2179 tribulatione
1221 2141 1337 2177 non
1361 2124 1596 2178 afﬂictio
1620 2140 1752 2179 eum
1777 2123 1916 2193 deji-

271 2217 444 2281 ceret,
464 2213 562 2266 sed
590 2213 926 2267 exercitaret
948 2218 1011 2266 ut
1032 2217 1314 2283 surgeret,
1340 2219 1396 2266 et
1418 2213 1489 2267 ad
1514 2213 1911 2267 confitendum

267 2299 477 2354 fortius
508 2303 829 2371 proficeret.
864 2300 941 2355 De
970 2302 1076 2355 hac
1104 2301 1479 2356 tribulatione
1504 2301 1705 2355 Petrus
1730 2300 1872 2354 dixit
1898 2317 1911 2353 :

267 2410 294 2437 ‹‹
328 2388 584 2460 Tempus
634 2394 697 2443 ut
746 2389 985 2460 incipiat
1034 2390 1331 2462 ﬂagellum
1382 2408 1415 2444 a
1464 2390 1637 2445 domo
1689 2390 1911 2445 Domini

265 2478 310 2546 (Ι
341 2478 489 2530 Petr.
525 2478 620 2547 ιν).
659 2500 685 2525 ››
734 2478 800 2531 Et
832 2479 877 2533 si
910 2479 1144 2532 initium
1179 2496 1212 2533 a
1246 2480 1439 2542 uobis,
1475 2480 1608 2549 quis
1644 2479 1774 2532 finis
1805 2479 1915 2533 erit

264 2564 381 2619 illis
411 2564 511 2635 qui
543 2580 656 2619 non
690 2566 969 2621 obediunt
1021 2568 1328 2638 Evangelii»
1350 2568 1377 2620 ‘?
1428 2568 1544 2621 Etsi
1590 2569 1792 2636 justus
1822 2568 1913 2621 vix

263 2651 604 2717 salvabitur,
632 2652 851 2724 impius
880 2660 933 2708 et
957 2660 1222 2725 peccator
1244 2655 1341 2708 ubi
1368 2654 1698 2725 parebunt?
1726 2655 1913 2709 Media

266 2746 429 2796 nocte
460 2741 770 2813 surgebam
806 2744 875 2795 ad
910 2744 1305 2797 confitendum
1338 2742 1463 2807 tibi,
1499 2766 1524 2791 »
1560 2760 1793 2813 semper
1825 2748 1909 2796 at-

261 2831 508 2885 tendens
533 2854 557 2879 ‹‹
581 2831 1449 2900 superjudiciajustiﬂcationis
1475 2836 1605 2897 tua},
1630 2854 1656 2879 ››
1684 2830 1913 2903 ﬂagella

260 2925 364 2973 tua
385 2918 875 2990 quaejustiﬂcant.
906 2920 1239 2975 Notandum
1262 2921 1417 2989 quod
1443 2921 1605 2984 dicit,
1636 2937 1801 2990 super
1820 2921 1907 2987 iu-

259 3008 426 3073 dicia,
461 3007 600 3078 quia
628 3023 763 3061 eum
795 3024 911 3062 non
941 3009 1261 3079 gravabant
1283 3007 1512 3080 ﬂagella
1536 3008 1783 3077 Domini,
1811 3008 1909 3063 sed

258 3096 322 3150 in
345 3096 429 3151 eis
452 3096 771 3151 delectatus
792 3102 903 3163 est,
929 3097 1234 3151 attendens
1258 3098 1396 3167 quia
1428 3120 1454 3146 ‹‹
1483 3097 1736 3169 ﬂagellat
1764 3099 1912 3151 Deus

2026 526 2465 581 delectationem
2496 529 2649 597 boni,
2673 534 2728 582 et
2749 528 2838 583 cui
2864 529 3114 583 donatur
3139 526 3395 581 cbaritas
3421 524 3670 592 Domini,

2028 622 2090 669 ut
2122 633 2222 685 per
2251 616 2590 670 charitatem
2640 618 2833 671 veniat
2876 619 2946 671 ad
2980 616 3343 671 dilectionem
3400 613 3669 685 proximi,

2026 723 2157 760 cum
2184 723 2247 759 eo
2272 711 2416 759 Deus
2442 706 2660 760 bonum
2688 708 2838 761 facit.
2858 708 3001 761 Nam
3029 722 3307 778 magnum
3328 704 3427 759 Dei
3451 705 3672 758 donum

2027 795 2229 861 habet,
2263 811 2435 866 quem
2470 794 2717 849 delectat
2750 796 2991 851 bonum.
3040 796 3185 849 Nam
3220 810 3393 866 quem
3430 792 3678 847 delectat

2027 884 2267 949 bonum,
2302 883 2519 936 bonum
2554 882 2705 952 quod
2743 883 2879 935 facit
2909 900 3024 937 non
3064 882 3196 936 facit
3228 882 3439 935 timore
3470 895 3673 951 pccnaz,

2026 973 2126 1027 sed
2152 971 2625 1040 amorcjustitirc.
2656 971 2837 1033 Quem
2863 986 2993 1025 vero
3018 972 3234 1025 bonum
3264 987 3375 1024 non
3405 970 3673 1036 delectat,

2026 1077 2172 1131 opus
2197 1061 2340 1131 legis
2371 1060 2521 1130 quod
2555 1059 2709 1127 facit,
2739 1060 2875 1113 facit
2900 1060 3105 1114 timore
3130 1077 3329 1131 paena,
3364 1075 3478 1112 non
3514 1072 3672 1111 amo-

2026 1149 2363 1219 rcjustitia).
2398 1149 2541 1203 Cum
2568 1149 2721 1202 Deus
2746 1148 3033 1202 metuitur
3053 1153 3109 1201 et
3131 1165 3243 1202 non
3267 1152 3518 1210 amatur,
3554 1164 3674 1201 ser-

2025 1238 2213 1293 viliter
2242 1238 2333 1301 fit,
2383 1254 2494 1292 non
2531 1236 2848 1291 liberaliter
2881 1255 2893 1291 :
2951 1254 3153 1291 servus
3185 1241 3378 1289 autem
3412 1235 3677 1305 ejicietur

2026 1329 2217 1383 foras:
2252 1327 2407 1381 filius
2433 1326 2490 1379 in
2519 1332 2798 1380 zeternum
2832 1330 3027 1379 manet
3059 1325 3117 1378 in
3151 1325 3344 1391 domo,
3378 1324 3516 1394 quia
3546 1340 3674 1395 per-

2025 1418 2171 1472 fecta
2201 1416 2456 1471 cbaritas
2492 1416 2645 1469 foras
2678 1415 2855 1468 mittit
2884 1414 3154 1467 timorem
3202 1414 3248 1481 (I
3274 1415 3429 1467 Joun.
3465 1414 3562 1482 Vl).
3610 1416 3677 1466 Et

2025 1511 2112 1561 est
2141 1506 2521 1576 mquipollcns
2554 1504 2743 1559 dicere
2774 1505 2925 1573 quod
2961 1501 3145 1557 dicit:
3182 1525 3208 1549 ‹‹
3244 1502 3568 1556 Bonitatem
3602 1504 3676 1556 fe-

2025 1595 2153 1650 cisti
2185 1612 2319 1649 cum
2353 1610 2516 1648 servo
2548 1600 2666 1647 tuo.
2706 1616 2727 1644 ι
2767 1592 2941 1655 Quasi
2977 1592 3196 1645 diceret
3224 1608 3236 1643 :
3279 1590 3357 1644 De
3390 1606 3481 1643 me
3512 1606 3675 1645 servo

2027 1690 2122 1738 tuo
2147 1683 2329 1737 fecisti
2357 1683 2561 1747 ﬁlium,
2595 1687 2652 1736 et
2682 1681 2789 1735 hoc
2816 1680 3115 1734 secundum
3145 1679 3371 1733 verbum
3394 1688 3548 1732 tuum
3569 1720 3581 1742 ,
3616 1678 3673 1731 id

2024 1779 2139 1837 est,
2194 1772 2518 1826 secundum
2554 1770 2975 1840 promissiones
3007 1775 3160 1823 tuas.
3212 1767 3310 1822 Vel
3348 1769 3525 1837 fecisti
3552 1782 3678 1820 cum

2024 1878 2182 1917 servo
2213 1869 2299 1915 tuo
2333 1861 2641 1924 bonitatem,
2677 1876 2839 1913 servo
2876 1865 2972 1912 tuo
3006 1862 3210 1929 agente
3240 1856 3543 1911 secundum
3568 1871 3675 1909 ver-

2027 1953 2155 2004 bum
2178 1960 2355 2013 tuum,
2388 1950 2443 2002 id
2472 1953 2579 2013 est,
2604 1952 2956 2019 praeceptum
2992 1952 3180 2000 tuum.
3224 1969 3242 1993 ι
3275 1945 3597 1999 Bonitatem
3622 1948 3678 1998 et

2025 2040 2397 2111 disciplinam
2430 2044 2486 2092 ct
2511 2038 2814 2091 scientiam
2842 2038 2983 2090 doce
3016 2052 3128 2089 me.
3162 2058 3189 2082 »
3222 2040 3360 2088 Ecce
3387 2034 3484 2104 qui
3513 2033 3676 2104 prius

2024 2130 2329 2184 confessus
2360 2134 2446 2181 est
2478 2127 2789 2181 Dominum
2840 2142 3037 2179 secum
3083 2124 3286 2177 fecisse
3320 2122 3673 2189 bonitatem,

2026 2222 2190 2287 rogat
2216 2218 2305 2270 hic
2329 2216 2521 2270 doceri
2547 2215 2601 2268 in
2632 2214 2910 2268 bonitate.
2944 2212 3007 2265 Et
3034 2228 3213 2282 quare
3238 2211 3365 2278 hoc,
3390 2208 3504 2262 nisi
3537 2208 3677 2279 quia

2024 2306 2081 2360 in
2105 2306 2411 2361 dulcedine
2436 2302 2714 2358 bonitatis
2737 2302 2859 2357 vult
2883 2300 3196 2373 proficere?
3216 2299 3362 2353 Nota
3389 2298 3540 2369 quod
3568 2296 3678 2351 tria

2026 2396 2206 2466 ponit,
2242 2393 2584 2458 bonitatem,
2617 2391 3008 2461 disciplinam,
3043 2388 3369 2444 scientiam.
3401 2387 3547 2441 Nam
3582 2386 3674 2440 cui

2027 2484 2177 2538 Deus
2198 2482 2485 2554 propitius
2509 2480 2757 2551 inspirat
2780 2479 2913 2533 boni
2938 2477 3674 2547 delectationem,profecto

2024 2574 2312 2627 instanter
2336 2587 2500 2625 orare
2524 2570 2713 2634 debet,
2745 2572 3037 2639 quatenus
3064 2566 3120 2619 in
3146 2583 3206 2620 se
3230 2570 3453 2619 tantum
3481 2565 3678 2618 audia-

2024 2667 2120 2715 tur
2151 2661 2391 2720 donum,
2427 2664 2489 2712 ut
2520 2676 2633 2711 non
2670 2657 2857 2711 solum
2893 2671 2995 2726 pro
3032 2654 3133 2708 illo
3157 2658 3492 2708 contemnat
3513 2658 3677 2708 caete-

2024 2766 2117 2803 ras
2149 2748 2558 2803 delectationes
2585 2765 2597 2810 ;
2634 2750 2733 2801 sed
2766 2747 2938 2800 etiam
2974 2760 3077 2815 pro
3107 2743 3205 2797 illo
3231 2743 3524 2813 quaslibet
3546 2759 3673 2812 per-

2023 2839 2168 2892 ferat
2220 2853 2526 2908 pressuras
2575 2840 2631 2889 et
2674 2834 3087 2888 tribulationes
3125 2848 3135 2885 :
3192 2838 3249 2886 et
3288 2831 3372 2885 sic
3403 2830 3675 2885 suavitati

2023 2928 2431 2981 convenienter
2461 2925 2700 2979 additur
2730 2922 3060 2993 disciplina,
3091 2921 3226 2992 quia
3253 2920 3565 2991 disciplina
3588 2923 3677 2974 est

2021 3015 2268 3069 eruditio
2293 3032 2393 3084 per
2417 3012 2745 3068 molestias:
2775 3018 2829 3066 et
2852 3013 2980 3066 ideo
3005 3028 3121 3065 non
3146 3009 3675 3081 quantulaecunque

2022 3104 2315 3165 suavitati,
2350 3102 2437 3155 vel
2470 3100 2737 3155 charitati
2771 3100 3041 3155 addenda
3070 3105 3158 3154 est
3191 3098 3533 3169 disciplina,
3571 3098 3670 3152 sed

262 3207 291 3232 α
315 3200 551 3240 omnem
574 3185 760 3239 ﬁlium
786 3202 958 3255 quem
984 3184 1511 3255 recipit(Prov.1n).
1537 3208 1563 3232 »
1587 3186 1908 3257 Surgebam
1943 3174 1983 3237 (ἶ
2022 3197 2141 3247 tam
2168 3207 2391 3261 magnae
2419 3188 2709 3257 charitati,
2741 3206 2867 3258 quin
2898 3187 3058 3240 nulla
3083 3186 3460 3240 tribulatione
3488 3186 3673 3255 possit

262 3275 335 3328 ad
356 3274 752 3329 confitendum
780 3274 906 3340 tibi,
925 3294 950 3320 ι)
972 3272 1025 3326 id
1048 3278 1449 3338 est,mtantum
1472 3275 1623 3343 quod
1642 3277 1912 3345 particeps

260 3364 454 3417 factus
484 3379 605 3417 sum
633 3364 881 3417 omnium
912 3364 1227 3417 timentium
1258 3372 1306 3416 te
1337 3380 1354 3415 ,ο
1404 3362 1488 3417 sic
1537 3362 1803 3416 videlicet
1842 3363 1911 3416 ti-

261 3452 553 3506 mentium
586 3457 649 3505 ut
680 3451 1016 3506 custodiant
1046 3451 1304 3505 mandata
1350 3455 1460 3504 tua.
1519 3456 1585 3504 Et
1626 3456 1683 3504 ut
1718 3450 1915 3521 plures

259 3541 535 3595 ostendat
565 3556 692 3595 esse
723 3556 975 3610 quorum
1010 3541 1300 3611 particeps
1327 3541 1513 3594 factus
1535 3545 1643 3603 est,
1678 3542 1916 3611 subjun-

258 3628 350 3701 git
376 3646 392 3682 :
423 3652 450 3678 ‹‹
483 3628 879 3684 Misericordia
906 3629 1132 3684 Domini
1159 3628 1331 3699 plena
1364 3634 1451 3683 est
1481 3634 1653 3683 terra.
1681 3652 1708 3678 »
1740 3630 1913 3693 Quasi

256 3718 460 3773 dicat:
496 3717 849 3772 Benedixisti
882 3718 1148 3772 omnium
1180 3718 1510 3773 timentium
1535 3764 1547 3783 ,
1576 3719 1713 3790 quia
1747 3721 1918 3790 plena

254 3812 353 3862 est
382 3811 536 3861 terra
581 3809 981 3876 reparatorum
1014 3823 1116 3877 per
1147 3807 1607 3861 misericordiam
1660 3808 1915 3864 Domini.

256 3895 438 3966 Ergo,
476 3893 733 3963 Domine,
772 3915 799 3942 ‹‹
832 3895 973 3948 doce
1004 3911 1096 3949 me
1119 3896 1574 3964 justiticationes
1609 3901 1758 3955 tuas.
1794 3920 1821 3947 »
1858 3902 1921 3952 ut

256 3999 500 4053 semper
530 3983 589 4036 in
630 3982 841 4037 melius
882 3983 1203 4053 proficiam.

340 4072 517 4126 Tam.
547 4102 615 4111 —
650 4094 676 4119 ‹‹
712 4071 1037 4125 Bonitatem
1073 4071 1256 4126 fecisti
1292 4089 1423 4125 cum
1459 4088 1622 4127 servo
1654 4078 1774 4141 tuo,
1814 4080 1917 4128 Do-

258 4184 291 4211 ‹‹
334 4160 513 4224 mine,
550 4162 872 4215 secundum
904 4162 1146 4215 verbum
1180 4165 1369 4214 tuum.
1397 4162 1715 4215 Bonitatem
1750 4167 1803 4216 et
1831 4163 1918 4216 di-

259 4273 293 4300 ‹‹
334 4247 644 4320 sciplinam
675 4252 731 4302 et
763 4248 1065 4302 scientiam
1099 4248 1239 4302 doce
1271 4265 1392 4317 me,
1444 4248 1583 4319 quia
1625 4251 1919 4304 mandatis

263 4361 291 4387 ι
333 4337 454 4392 tuis
484 4337 723 4393 credidi.
770 4337 1115 4408 Priusquam
1149 4336 1493 4391 humiliarer
1522 4354 1625 4409 ego
1658 4337 1874 4408 deliqui
1904 4356 1915 4392 :

258 4450 294 4476 ‹‹
336 4431 641 4499 propterea
666 4426 964 4496 eloquium
997 4430 1163 4480 tuum
1186 4426 1493 4480 custodivi.
1523 4426 1718 4481 Bonus
1741 4444 1803 4482 es
1834 4432 1917 4497 tu,

2024 3278 2335 3346 exstingui.
2371 3278 2563 3330 Tertia
2596 3277 2829 3345 ponitur
2860 3274 3125 3337 scientia,
3158 3273 3432 3343 quoniam
3468 3274 3514 3326 si
3549 3289 3673 3326 ma-

2025 3367 2389 3440 gnitudinem
2425 3382 2591 3417 suam
2626 3363 2898 3434 praecedit
2930 3363 3198 3428 scientia,
3243 3378 3357 3415 non
3391 3361 3669 3427 aedificat,

2027 3458 2126 3511 sed
2161 3454 2346 3509 inﬂat.
2390 3458 2530 3506 Cum
2565 3469 2699 3521 ergo
2732 3456 2891 3505 tanta
2924 3452 3095 3505 fuerit
3125 3451 3378 3505 cbaritas
3410 3451 3465 3503 in
3501 3450 3668 3504 boni-

2030 3550 2145 3599 tate
2162 3542 2425 3605 suavi,ut
2445 3540 2921 3595 tribulationibus
2938 3557 3083 3610 quas
3106 3540 3342 3593 adhibet
3363 3539 3673 3609 disciplina

2028 3650 2141 3688 non
2168 3632 2350 3703 possit
2374 3630 2629 3699 extingui
2653 3675 2664 3693 ,
2698 3635 2835 3683 tunc
2864 3628 3025 3682 utilis
3057 3632 3144 3682 est
3175 3628 3447 3690 scientia,
3480 3632 3543 3680 ut
3573 3644 3674 3697 per

2028 3723 2327 3777 scientiam
2352 3720 2525 3774 homo
2550 3718 2878 3774 consideret
2909 3716 3048 3788 quid
3082 3717 3276 3779 fuerit,
3301 3721 3357 3769 et
3379 3716 3518 3786 quid
3553 3730 3672 3768 me-

2028 3811 2228 3875 ruerit,
2262 3815 2318 3865 ct
2352 3809 2489 3880 quid
2520 3826 2553 3862 a
2584 3808 2699 3862 Deo
2733 3809 3037 3876 acceperit.
3071 3808 3257 3868 Quare
3290 3808 3441 3859 recto
3474 3802 3676 3857 ordine

2030 3901 2248 3955 dictum
2280 3903 2390 3965 est,
2425 3922 2450 3946 ‹‹
2480 3897 2800 3952 Bonitatem
2828 3901 2883 3949 et
2901 3894 3271 3965 disciplinam
3296 3898 3351 3948 et
3374 3892 3675 3948 scientiam

2029 3989 2169 4043 doce
2193 4005 2303 4042 me.
2330 4010 2357 4035 n
2387 3986 2561 4051 Quasi
2589 3985 2745 4039 dicat
2774 4002 2785 4038 :
2822 3982 2971 4038 Doce
2999 3984 3311 4041 bonitatem.
3336 3982 3677 4054 inspirando

2029 4077 2375 4132 charitatem
2413 4091 2425 4129 :
2477 4076 2617 4129 doce
2647 4074 3030 4143 disciplinam,
3084 4072 3423 4143 inspirando
3456 4072 3679 4143 patien-

2028 4168 2171 4222 tiam
2198 4183 2211 4218 ι
2248 4166 2385 4219 doce
2414 4166 2734 4233 scientiam,
2769 4163 3157 4218 illuminando
3191 4161 3635 4232 intelligentiam
3662 4175 3675 4213 :

2029 4260 2085 4310 et
2115 4255 2233 4308 haec
2266 4253 2463 4308 omnia
2497 4253 2681 4307 facere
2714 4253 2921 4318 debes,
2968 4275 2995 4301 ‹‹
3030 4252 3168 4321 quia
3218 4251 3512 4303 mandatis
3563 4248 3678 4301 tuis

2030 4343 2277 4406 credidi,
2316 4364 2340 4389 υ
2394 4342 2450 4395 id
2483 4346 2596 4409 est,
2649 4341 2767 4395 haec
2818 4340 3016 4395 omnia
3064 4337 3283 4392 credidi
3328 4354 3428 4408 per
3457 4341 3511 4389 te
3552 4349 3695 4388 esse.

2033 4433 2336 4499 mandata,
2383 4430 2512 4484 licet
2548 4430 2886 4484 hominibus
2920 4446 3020 4499 per
3050 4428 3317 4481 homines
3348 4426 3466 4479 sint
3498 4421 3681 4477 admi-

262 4536 295 4565 ‹‹
336 4520 395 4569 et
424 4514 481 4568 in
513 4514 771 4569 bonitate
802 4520 903 4569 tua
932 4515 1072 4569 doce
1113 4530 1234 4581 me,
1277 4515 1732 4585 justiﬂcationes
1764 4521 1918 4571 tuas.
1955 4536 1997 4599 ι)
2034 4522 2297 4576 nistrata.
2323 4520 2390 4573 Et
2415 4519 2556 4589 quid
2585 4534 2732 4589 Opus
2760 4522 2849 4572 est
2877 4523 2939 4570 ut
2971 4516 3249 4569 adhibeas
3282 4512 3677 4583 disciplinam,

257 4625 295 4654 «
334 4601 721 4673 Multiplicata
750 4608 840 4658 est
870 4619 1045 4674 super
1075 4618 1167 4657 me
1198 4603 1477 4674 iniquitas
1508 4605 1919 4675 superborum,

258 4715 294 4742 ‹‹
336 4707 444 4763 ego
475 4695 670 4746 autem
704 4691 762 4745 in
793 4696 913 4746 toto
944 4691 1116 4746 corde
1156 4707 1283 4746 meo
1315 4693 1621 4747 scrutabor
1651 4693 1928 4748 mandata

261 4804 295 4831 ‹‹
335 4785 458 4834 tua.
483 4780 863 4851 Coagulatum
890 4786 979 4835 est
1004 4779 1156 4835 sicut
1178 4780 1265 4835 lac
1286 4797 1382 4836 cor
1403 4798 1603 4836 eorum
1622 4823 1635 4847 ,
1667 4797 1773 4853 ego
1793 4799 1924 4836 vero

265 4893 299 4922 ι(
338 4869 528 4939 legem
561 4875 721 4923 tuam
755 4869 1070 4924 meditatus
1112 4886 1265 4925 sum.
1318 4871 1539 4925 Bonum
1593 4870 1737 4924 mihi
1788 4871 1927 4941 quia

261 4982 299 5009 ‹‹
340 4956 665 5013 humiliasti
722 4974 842 5028 me,
894 4963 958 5012 ut
1007 4959 1229 5013 discam
1271 4958 1724 5029 justiﬂcationes
1771 4963 1923 5014 tuas.

264 5070 301 5097 α
342 5047 571 5102 Bonum
602 5046 747 5102 mihi
778 5046 867 5101 lex
906 5047 1023 5102 oris
1055 5048 1140 5101 tui
1171 5063 1349 5118 super
1380 5047 1565 5102 millia
1594 5048 1721 5101 auri
1753 5052 1809 5103 et
1837 5064 1924 5103 ar-

270 5157 308 5187 ‹‹
342 5135 525 5208 genti.
563 5158 589 5182 ν)

899 5224 1300 5281 ENARRATIO.

356 5336 383 5362 «
419 5312 744 5368 Bonitatem
798 5313 983 5369 fecisti
1028 5330 1160 5368 cum
1207 5330 1369 5367 servo
1419 5318 1549 5378 tuo,
1600 5314 1863 5369 Domine.
1902 5337 1929 5362 »

266 5401 461 5469 Quasi
495 5401 698 5457 dicat:
754 5404 840 5457 Tu
874 5404 1049 5477 debes
1092 5418 1182 5455 me
1231 5402 1436 5457 docere
1476 5404 1931 5471 justiﬂcationes

264 5496 438 5547 tuas.
494 5489 637 5544 Nam
672 5494 732 5543 tu
757 5491 881 5560 jam
914 5492 1088 5561 fecisti
1118 5506 1239 5543 cum
1273 5505 1363 5543 me
1406 5505 1557 5543 servo
1586 5492 1676 5545 tuo
1710 5492 1928 5547 bonita-

254 5584 411 5643 tem,
437 5576 498 5634 id
519 5583 626 5647 est,
656 5579 789 5636 boni
813 5580 1179 5647 suavitatem,
1205 5578 1260 5633 id
1288 5583 1396 5650 est,
1424 5577 1599 5634 talem
1625 5595 1719 5637 me
1742 5580 1927 5638 fecisti

614 5709 869 5768 ΡΑτκοι.
918 5706 1183 5771 CXXXI.

2034 4624 2161 4679 quae
2195 4624 2287 4661 me
2317 4606 2599 4676 corrigat,
2651 4609 2706 4658 et
2736 4605 2941 4657 doceat
2982 4603 3324 4657 suavitatem
3369 4604 3678 4673 prwcepto-

2037 4713 2167 4751 rum
2200 4700 2433 4749 tuorum
2462 4698 2483 4749 ξ’
2521 4694 2663 4757 Quia
2693 4695 3021 4764 priusquam
3052 4690 3404 4761 humiliarer,
3436 4691 3680 4762 deliqui:

2038 4783 2333 4855 praecessit
2354 4783 2506 4837 enim
2536 4781 2813 4835 delictum
2839 4788 2900 4833 ut
2924 4780 3381 4849 subsequeretur
3409 4779 3683 4833 humilia-

2035 4874 2136 4928 tio.
2172 4875 2488 4943 Propterea,
2534 4871 2672 4941 quia
2702 4869 3050 4923 humiliatus
3083 4870 3161 4923 fui
3196 4870 3265 4923 ad
3299 4886 3391 4923 me
3424 4868 3683 4932 rediens,

2038 4963 2312 5032 eloquium
2340 4964 2497 5013 tuum
2524 4958 2819 5023 custodivi,
2869 4959 2920 5012 id
2957 4962 3071 5024 est,
3125 4963 3412 5029 praecepta
3442 4963 3579 5011 tua:
3615 4970 3687 5008 ne

2038 5051 2250 5103 iterum
2274 5048 2636 5102 humiliarer.
2654 5048 2782 5102 Haec
2806 5046 3134 5101 humiliatio
3158 5047 3214 5100 in
3240 5047 3427 5116 primo
3451 5049 3687 5116 parente

2038 5144 2126 5195 est
2156 5137 2512 5207 accipienda,
2550 5137 2605 5189 in
2640 5153 2754 5207 quo
2788 5136 2979 5190 omnis
3008 5135 3267 5189 humana
3300 5139 3507 5187 natura
3534 5131 3691 5187 velut

2041 5229 2097 5282 in
2132 5226 2323 5281 radice
2353 5230 2443 5279 est
2471 5225 2668 5279 vitiata
2704 5241 2716 5278 :
2781 5230 2837 5279 et
2866 5224 3005 5295 quia
3037 5223 3223 5277 noluit
3269 5239 3396 5277 esse
3427 5222 3691 5292 subjecta

2040 5314 2296 5379 veritati,
2332 5314 2597 5384 subjecta
2626 5318 2714 5368 est
2746 5313 2982 5367 vanitati
3027 5328 3039 5367 :
3098 5312 3251 5383 quod
3287 5312 3503 5383 profuit
3535 5309 3691 5365 vasis

2042 5403 2452 5460 misericordize
2473 5402 2742 5473 experiri,
2760 5406 2839 5466 ut,
2857 5402 3081 5470 dejecta
3101 5400 3394 5472 superbia,
3411 5398 3693 5470 diligatur

2042 5493 2397 5557 obedientia,
2443 5496 2497 5545 et
2528 5497 2725 5561 pereat
2758 5507 2869 5545 non
2904 5491 3161 5545 reditura
3190 5490 3444 5544 miseria.
3507 5514 3526 5538 «ι
3564 5487 3690 5542 Elo-

2042 5581 2246 5656 quium
2266 5586 2433 5637 tuum
2456 5580 2773 5636 custodivi:
2797 5602 2824 5630 »
2846 5584 2901 5638 et
2920 5602 2946 5631 «
2966 5585 3049 5649 tu,
3071 5602 3096 5628 ››
3120 5581 3381 5644 Domine,
3398 5602 3425 5632 «
3441 5580 3582 5635 doce
3601 5593 3692 5633 me

3297 5712 3373 5766 24
