4024 6192
369 331 485 389 ’147

933 331 1233 393 REMIGII
1283 329 2036 392 ANTISSIODORENSIS
2081 328 2256 389 OPP.
2303 328 2505 389 PARS
2550 327 2602 390 Ι.
2631 361 2708 374 -
2739 325 3208 390 EXEGETICA.

3655 323 3774 384 748

363 462 813 533 justificationes
834 466 966 518 tuas
989 465 1045 517 in
1077 465 1334 520 bonitate
1359 469 1481 531 tua,
1506 486 1532 514 »
1568 463 1623 517 id
1656 467 1763 528 est,
1801 464 1886 516 fac
1919 478 2012 516 me
2040 461 2094 526 Α
2125 460 2183 514 in
2207 461 2381 515 verba
2401 465 2521 528 tua,
2552 482 2572 511 ι
2610 460 2748 532 quia
2781 482 2808 510 «
2831 459 3093 532 cognovi,
3127 456 3392 524 Domine,
3425 455 3565 527 quia
3594 454 3777 526 aequi-

370 552 668 606 attendere
699 556 761 606 ut
793 554 1082 624 operando
1132 562 1183 608 et
1221 570 1453 625 semper
1496 553 1551 606 in
1597 551 1806 607 melius
1839 551 2012 622 profi-

371 640 574 695 ciendo
606 658 868 713 experiar
899 659 1073 712 quam
1106 643 1305 697 suavia
1328 647 1466 697 sunt
1495 646 1593 696 tua
1621 644 1923 712 praecepta.
1950 641 2017 694 Et

369 733 536 783 tuum
566 736 674 793 est,
708 731 930 800 docere,
964 731 1102 802 quia
1128 735 1187 785 tu
1217 749 1271 784 cs
1302 733 1492 796 bon-us,
1517 732 1573 784 id
1609 735 1715 793 est,
1739 729 2016 784 naturali-

369 821 458 871 ter
489 819 719 872 suavis:
755 824 810 873 et
840 836 986 890 opus
1021 825 1109 874 est
1140 825 1203 875 ut
1235 822 1470 883 doceas,
1505 819 1643 890 quia
1678 841 1697 865 ιι
1730 817 2012 888 multipli-

370 910 499 960 cata
528 910 616 960 est
645 923 819 978 super
852 925 943 962 me
977 909 1258 979 iniquitas
1293 908 1701 979 superborum,
1729 931 1749 958 ››
1790 906 1888 977 qui
1921 923 2016 960 vo-

371 992 501 1047 lunt
526 994 669 1048 mihi
695 996 1056 1052 amarificarc
1077 1003 1178 1053 tua
1204 1001 1504 1068 praecepta.
1533 1019 1560 1046 «
1591 1002 1706 1068 Ego
1730 1000 1924 1050 autem
1957 994 2016 1048 in

368 1085 488 1135 toto
519 1083 690 1137 corde
721 1101 849 1138 meo
881 1087 1188 1140 scrutabor
1217 1087 1494 1140 mandata
1525 1089 1644 1140 tua.
1677 1108 1696 1133 »
1735 1083 1910 1150 Quasi
1937 1084 2018 1138 di-

371 1173 464 1224 cat
492 1187 503 1224 :
548 1172 1073 1244 Quantumcunque
1105 1175 1363 1228 abundet
1392 1173 1446 1227 in
1482 1173 1565 1228 eis
1596 1173 1907 1242 iniquitas,
1958 1172 2014 1227 in

373 1273 466 1312 me
498 1263 688 1314 tamen
723 1278 836 1315 non
872 1262 1092 1316 refrixit
1123 1263 1408 1326 charitas,
1457 1285 1484 1310 ‹‹
1518 1261 1898 1333 Coagulatum
1931 1266 2019 1317 est

374 1345 527 1400 sicut
559 1345 645 1401 lac
676 1365 774 1402 cor
804 1366 1027 1405 eorum.
1069 1373 1089 1400 »
1129 1351 1274 1405 Vere
1309 1349 1696 1419 multiplicata
1727 1353 1816 1402 est
1845 1366 2019 1420 super

375 1451 466 1488 me
500 1435 798 1506 iniquitas.
832 1439 976 1493 Nam
1010 1456 1209 1494 eorum
1239 1457 1337 1493 cor
1359 1439 1694 1494 induratum
1719 1444 1808 1492 est
1830 1438 1885 1491 in
1919 1454 2016 1492 ne-

375 1523 562 1594 quitia
582 1542 707 1595 sua,
729 1527 893 1596 juxta
917 1527 1060 1582 illud
1087 1546 1099 1583 :
1125 1552 1151 1576 «
1187 1529 1524 1582 lnduratum
1549 1532 1637 1581 est
1657 1543 1755 1581 cor
1775 1526 2020 1581 Pharao-

375 1612 468 1669 nis
494 1615 682 1680 (Exod.
707 1633 804 1684 vn,
838 1617 937 1686 1x).
964 1639 989 1666 ››
1024 1638 1050 1666 ‹‹
1077 1619 1191 1689 Ego
1219 1634 1348 1671 vero
1371 1617 1557 1688 legem
1582 1619 1738 1670 tuam
1774 1614 2018 1670 medita-

374 1707 471 1756 tus
493 1719 645 1766 sum,
665 1725 691 1751 »
709 1721 778 1759 ne
799 1704 1009 1759 horum
1030 1706 1298 1776 nequitia:
1322 1705 1734 1760 consentirem.
1751 1726 1777 1753 ‹‹
1797 1703 2018 1758 Bonum

2122 552 2213 604 tas
2229 548 2456 618 judicia
2476 553 2597 618 tua,
2622 572 2649 597 ››
2669 550 2725 603 id
2748 553 2836 605 est
2856 547 3294 618 omniajudicia
3312 550 3416 600 tua
3435 561 3565 600 esse
3586 560 3781 614 azqua,

2126 659 2153 686 «
2187 641 2243 691 et
2273 637 2330 690 in
2364 638 2602 692 veritate
2647 642 2748 692 tua
2778 635 3104 692 humiliasti
3154 652 3247 690 me
3277 658 3304 684 ν
3357 633 3415 688 ἱη
3450 632 3640 705 primo
3674 648 3784 703 pa-

2125 731 2312 780 rente:
2334 725 2472 795 quia
2493 743 2623 780 cum
2649 725 2807 781 nolui
2829 725 2888 779 in
2907 729 3009 780 tua
3031 723 3358 779 obedientia
3379 719 3785 794 permanando

2125 813 2383 884 exaltari,
2411 816 2569 884 juste
2601 831 2687 869 me
2716 803 3064 869 huniiliasti:
3099 816 3284 868 morte
3307 810 3462 866 enim
3495 809 3556 864 in
3590 808 3788 880 primo

2127 907 2362 974 parente
2394 920 2484 958 me
2522 903 2807 958 multasti.
2858 904 2928 957 Et
2959 903 3099 974 quia
3133 902 3196 956 in
3222 917 3356 956 vero
3399 899 3629 970 judicio
3681 902 3787 952 tuo

2127 1009 2218 1047 me
2248 992 2594 1060 humiliasti,
2630 1016 2656 1042 ‹‹
2691 993 2794 1047 fiat
2824 1007 2986 1047 servo
3016 996 3116 1046 tuo
3149 988 3554 1044 misericordia
3582 992 3688 1041 tua
3715 991 3783 1039 ut

2127 1081 2458 1136 consoletur
2488 1098 2609 1145 me,
2659 1105 2685 1130 ‹‹
2719 1081 2776 1135 id
2807 1085 2896 1136 est
2926 1080 3206 1151 recipiam
3233 1094 3339 1150 ego
3373 1093 3577 1133 servus
3607 1079 3786 1140 tuus,

2127 1187 2239 1224 non
2276 1169 2525 1226 libertus
2560 1187 2745 1236 meus,
2771 1187 2872 1242 per
2903 1168 3366 1224 misericordiam
3393 1173 3557 1220 tuam
3581 1181 3791 1220 conso-

2126 1257 2403 1313 lationem
2436 1275 2447 1312 :
2484 1259 2624 1330 quia
2654 1277 2688 1313 a
2716 1263 2771 1313 te
2802 1258 3145 1322 recedendo,
3180 1273 3282 1328 per
3311 1255 3456 1310 iram
3490 1260 3659 1309 tuam
3691 1269 3790 1308 re-

2128 1347 2250 1418 cepi
2274 1347 2725 1402 desolationem:
2752 1351 2809 1401 et
2831 1346 2941 1401 hoc
2971 1346 3037 1400 ﬁt
3073 1365 3095 1392 ι
3122 1345 3445 1400 secundum
3477 1343 3789 1414 eloquium

2129 1441 2319 1500 tuum,
2348 1459 2373 1484 ››
2407 1435 2546 1506 quia
2575 1435 2771 1490 dixisti
2801 1453 2813 1490 :
2851 1458 2878 1484 «
2913 1432 3326 1490 Convertimini
3350 1433 3421 1488 ad
3449 1448 3565 1499 me,
3602 1437 3663 1486 et
3680 1447 3791 1503 ego

2129 1529 2431 1578 convertar
2460 1524 2529 1577 ad
2562 1541 2663 1579 vos
2694 1525 2877 1594 (Zach.
2910 1524 2978 1593 1).
3029 1545 3056 1572 ››
3088 1521 3188 1577 Vel
3220 1520 3558 1577 consoletur
3608 1536 3794 1591 agen-

2129 1619 2246 1667 tem
2281 1637 2307 1662 ‹‹
2342 1614 2664 1668 secundum
2695 1611 2994 1683 eloquium
3027 1616 3218 1666 tuum.
3256 1634 3283 1660 »
3315 1610 3417 1666 Vel
3449 1609 3535 1665 sic
3562 1626 3575 1664 :
3602 1632 3632 1658 «
3667 1609 3797 1663 Fiat

2131 1700 2535 1756 misericordia
2584 1705 2683 1755 tua
2711 1705 2777 1755 ut
2805 1698 3142 1755 consoletur
3170 1715 3263 1754 me
3297 1721 3324 1747 »
3374 1698 3430 1752 in
3468 1698 3706 1761 futuro,
3739 1702 3799 1751 et

376 1789 520 1844 mihi
552 1791 691 1862 quia
723 1792 1045 1847 humiliasti
1080 1811 1190 1847 me.
1229 1817 1256 1840 η
1312 1795 1484 1858 Quasi
1520 1793 1674 1846 dicat
1706 1809 1718 1845 :
1773 1793 1888 1863 Ego
1919 1809 2021 1862 pro
2055 1824 2100 1886 Β
2133 1790 2242 1844 hoc
2285 1790 2666 1886 «secundum
2699 1811 2726 1838 »
2767 1789 3011 1886 verbum
3041 1794 3207 1886 tuum
3230 1785 3651 1886 ,_dando.mibi
3680 1786 3796 1885 im:

377 1878 587 1934 delicto
620 1896 748 1935 meo
795 1881 1140 1935 humiliatus
1188 1899 1348 1944 sum,
1402 1886 1456 1934 et
1489 1881 1595 1935 hoc
1627 1881 1769 1935 mihi
1802 1881 2021 1936 bonum

379 1965 516 2036 quia
538 1983 629 2020 me
652 1967 998 2033 humiliasti,
1017 1976 1077 2022 ut
1099 1971 1157 2022 in
1181 1970 1308 2040 ipsa
1330 1968 1738 2023 humiliatione
1759 1968 2026 2024 videlicet

378 2055 556 2110 dicam
575 2056 999 2126 justiﬁcationes
1029 2067 1172 2124 tuas,
1209 2058 1263 2111 id
1289 2063 1396 2126 est,
1425 2055 1689 2127 experiar
1710 2074 1887 2128 quam
1920 2058 2020 2112 bo-

381 2161 522 2198 num
546 2144 620 2199 sit
643 2161 869 2200 servare
892 2146 1165 2200 mandata
1193 2151 1330 2200 tua:
1368 2147 1494 2217 ipsa
1514 2146 1669 2200 enim
1694 2146 1830 2200 mali
1855 2163 2022 2217 expe-

380 2232 591 2288 rientia
615 2234 810 2288 docuit
835 2250 943 2300 me,
970 2251 1146 2305 quam
1174 2235 1501 2304 jucundum
1530 2235 1607 2290 sit
1629 2235 1738 2289 sub
1770 2240 1869 2289 tua
1901 2251 2024 2289 ma-

381 2338 517 2376 nere
549 2323 900 2378 obedientia.
934 2344 964 2374 ε
989 2324 1212 2379 Bonum
1246 2324 1387 2378 mihi
1417 2323 1504 2378 lex
1535 2323 1650 2379 oris
1683 2324 1788 2378 tui.
1824 2346 1842 2370 ι
1881 2323 2026 2378 Aliis

381 2415 689 2482 argentum
714 2416 770 2465 et
794 2429 1003 2466 aurum
1026 2417 1083 2467 et
1103 2412 1340 2478 similia,
1363 2413 1635 2467 videntur
1656 2413 1842 2467 bona:
1881 2411 2026 2466 mihi

379 2497 473 2552 lex
515 2504 618 2552 tua
657 2500 808 2553 bona
847 2505 934 2554 est
987 2523 1014 2549 «
1049 2518 1224 2572 super
1257 2500 1442 2554 millia
1472 2501 1597 2554 auri
1630 2505 1685 2555 et
1716 2501 1959 2573 argenti.
1998 2523 2024 2546 ››

380 2586 524 2639 Nam
559 2585 690 2655 plus
714 2591 871 2639 amat
893 2586 1146 2642 Charitas
1172 2588 1357 2659 legem
1382 2589 1634 2655 Domini,
1661 2606 1838 2659 quam
1861 2589 2025 2660 cupi-

383 2673 536 2728 ditas
567 2673 724 2728 mille
752 2674 971 2728 talenta
999 2676 1125 2728 auri
1159 2681 1213 2729 et
1243 2677 1490 2747 argenti.

454 2764 608 2818 10TH.
642 2794 708 2801 —
741 2785 768 2812 «
797 2764 1004 2817 Manus
1038 2769 1181 2832 ture,
1221 2765 1488 2828 Domine,
1528 2765 1787 2819 fecerunt
1817 2781 1935 2836 me,
1969 2771 2027 2820 et

381 2877 409 2904 ‹‹
445 2853 880 2925 plasmaverunt
913 2867 1042 2907 me:
1088 2854 1162 2906 da
1194 2853 1336 2906 mihi
1369 2851 1760 2919 intellectum,
1813 2859 1877 2906 ut
1906 2854 2026 2908 dis-

382 2966 410 2992 «
444 2959 571 2996 eam
606 2942 881 2995 mandata
911 2945 1031 2994 tua.
1083 2942 1190 3004 Qui
1224 2941 1431 2995 timent
1461 2946 1546 3006 te,
1578 2941 1858 2996 videbunt
1885 2946 1941 2997 te
1971 2948 2027 2998 et

383 3053 410 3079 ‹‹
445 3029 827 3095 laetabuntur,
863 3028 1000 3100 quia
1031 3029 1088 3083 in
1122 3031 1293 3083 verba
1324 3035 1424 3084 tua
1455 3031 1878 3102 supersperavi.
1915 3033 2024 3087 Co-

385 3142 411 3169 ‹‹
446 3118 638 3190 gnovi,
664 3117 926 3188 Domine,
952 3119 1090 3188 quia
1110 3119 1355 3189 a‘quitas
1378 3119 1605 3189 judicia
1635 3125 1737 3174 tua
1762 3125 1818 3174 et
1841 3120 1898 3174 in
1931 3138 2024 3174 ve-

385 3231 412 3257 «
445 3187 615 3262 ritate
647 3212 746 3261 tua
767 3187 1092 3262 humiliasti
1118 3187 1226 3262 me.
1263 3187 1395 3263 Fiat
1413 3207 1810 3264 misericordia
1833 3215 1932 3264 tua
1963 3213 2025 3265 ut
2055 3187 2096 3253 C

387 3321 418 3347 «
451 3295 784 3352 consoletur
822 3314 944 3365 me,
980 3297 1302 3352 secundum
1337 3298 1634 3369 eloquium
1666 3303 1834 3353 tuum
1869 3316 2031 3354 servo

385 3409 416 3436 «
451 3392 569 3441 tuo.
622 3386 873 3441 Veniant
921 3386 1065 3440 mihi
1115 3386 1520 3442 miserationes
1569 3392 1680 3442 tuae
1711 3392 1769 3442 et
1797 3388 2028 3444 vivam:

393 3497 423 3526 ‹‹
455 3475 592 3546 quia
625 3475 712 3529 lex
759 3480 860 3529 tua
909 3475 1208 3530 meditatio
1258 3493 1388 3530 mea
1434 3481 1540 3531 est.
1591 3478 2035 3532 Confundantur

389 3586 421 3615 «
453 3563 712 3636 superbi,
741 3564 880 3635 quia
909 3564 1127 3633 injuste
1158 3565 1526 3634 iniquitatem
1551 3567 1811 3621 fecerunt
1834 3566 1893 3620 in
1919 3583 2030 3635 me,

387 3675 419 3705 ‹‹
451 3669 555 3725 ego
586 3657 781 3708 autem
832 3653 1142 3708 exercebor
1175 3653 1231 3706 in
1267 3654 1558 3708 mandatis
1597 3654 1734 3708 tuis.
1785 3656 2030 3710 Conver-

389 3764 419 3795 «
450 3747 650 3798 tantur
679 3741 820 3796 mibi
848 3742 1118 3797 timentes
1142 3747 1216 3804 te,
1242 3746 1297 3795 et
1328 3742 1426 3812 qui
1459 3747 1742 3796 noverunt
1769 3743 2031 3798 testimo-

385 3853 414 3880 «
449 3831 546 3885 nia
573 3835 694 3885 tua.
732 3832 856 3886 Fiat
884 3848 984 3886 cor
1014 3846 1209 3885 meum
1243 3829 1683 3885 immaculatum
1717 3830 1774 3884 in
1807 3832 2030 3901 justiﬁ-

387 3942 415 3968 ‹‹
449 3919 778 3974 cationibus
809 3920 947 3986 tuis,
984 3925 1047 3974 ut
1079 3937 1191 3974 non
1229 3920 1573 3974 confundar.
1614 3943 1638 3967 n

1016 4009 1279 4063 ENARRA
1295 4009 1395 4064 T10

459 4115 487 4144 «
520 4094 727 4148 Manus
759 4098 870 4148 tute
903 4096 1164 4150 fecerunt
1195 4113 1308 4161 me,
1340 4102 1396 4152 et
1426 4097 1868 4167 plasmaverunt
1900 4114 2026 4154 me:

385 4184 459 4239 da
480 4182 626 4237 mihi
649 4181 1007 4237 intellectum
1033 4186 1096 4235 ut
1115 4183 1337 4239 discam
1362 4186 1641 4240 mandata
1663 4190 1782 4240 tua.
1803 4207 1830 4235 »
1854 4186 2032 4249 Quasi

385 4273 578 4328 dicat:
617 4271 755 4326 Mihi
781 4271 868 4326 lex
892 4272 1008 4326 oris
1033 4271 1117 4325 tui
1151 4277 1239 4326 est
1270 4275 1509 4339 bonum,
1543 4279 1599 4328 et
1628 4279 1688 4328 tu
1729 4276 1852 4330 «da
1883 4276 2029 4330 mihi

382 4361 744 4417 intellectum
770 4366 834 4416 ut
855 4360 1075 4414 discam
1111 4360 1406 4426 mandata,
1435 4383 1460 4408 ι)
1495 4362 1551 4415 id
1585 4367 1674 4417 est
1695 4365 1945 4418 reforma
1966 4369 2032 4421 ut

382 4467 686 4523 resurgam
712 4450 768 4504 in
792 4449 1213 4505 resurrectione
1234 4449 1442 4521 prima.
1473 4450 1634 4507 Unde
1658 4451 1799 4506 illud
1827 4469 1838 4506 :
1874 4475 1892 4500 α
1922 4453 2027 4507 Re-

2136 1878 2577 1942 mortalitatem,
2608 1895 2786 1949 quam
2819 1878 3008 1948 primo
3041 1876 3267 1932 homini
3295 1875 3596 1948 pollicitus
3625 1890 3710 1939 es,
3745 1875 3796 1930 si

2133 1967 2189 2021 in
2211 1967 2551 2022 obedientia
2574 1967 2949 2038 perstitisset,
2972 1966 3028 2020 in
3055 1983 3172 2038 qua
3201 1981 3357 2020 nunc
3387 1980 3492 2036 ego
3525 1981 3665 2020 sum
3691 1981 3705 2017 :
3739 1969 3797 2019 et

2134 2061 2199 2110 ut
2229 2060 2369 2110 tunc
2400 2072 2492 2110 me
2523 2055 2884 2124 consoletur,
2943 2055 3168 2109 Veniant
3195 2053 3338 2108 mihi
3368 2069 3524 2107 nunc
3554 2053 3794 2107 misera-

2134 2147 2305 2200 tiones
2337 2153 2471 2210 tum,
2506 2144 2562 2198 id
2596 2148 2684 2199 est
2712 2143 3100 2199 exhibitiones
3129 2141 3542 2197 misericordiae
3575 2145 3714 2208 tuae,
3744 2149 3796 2195 et

2134 2236 2314 2289 vivam
2342 2233 2446 2288 tibi
2471 2233 2840 2303 adhaerendo,
2864 2232 2964 2303 qui
2989 2231 3278 2301 moriebar
3299 2248 3332 2285 a
3353 2234 3410 2285 te
3439 2230 3791 2296 recedendo,

2136 2327 2192 2377 et
2223 2322 2396 2377 debes
2427 2322 2643 2388 facere,
2695 2324 2827 2392 quia
2857 2322 2949 2375 (ex
2977 2329 3072 2375 tua
3100 2320 3378 2376 meditatio
3407 2335 3536 2374 mea
3565 2325 3683 2388 est,
3735 2319 3793 2374 id

2135 2415 2243 2476 est,
2277 2411 2337 2465 in
2370 2410 2495 2482 lege
2526 2415 2627 2465 tua
2649 2426 2880 2481 semper
2903 2408 3186 2464 meditor:
3223 2408 3281 2463 in
3312 2407 3440 2480 lege
3465 2412 3571 2463 tua
3594 2408 3792 2464 videli-

2135 2504 2224 2554 cet
2255 2499 2408 2564 ﬁdei,
2433 2517 2558 2571 quae
2587 2515 2687 2569 per
2715 2498 3081 2556 dilectionem
3113 2502 3406 2570 operatur.
3433 2501 3570 2552 Haec
3604 2497 3792 2552 medi-

2135 2588 2276 2642 tatio
2299 2592 2587 2654 tantum'a
2611 2587 2906 2642 mandatis
2927 2591 3034 2656 est,
3059 2591 3125 2642 ut
3150 2603 3265 2642 non
3288 2586 3638 2658 refrigescat
3655 2587 3791 2644 cha-

2137 2677 2299 2732 ritas.
2335 2677 2669 2731 Secundum
2701 2676 2951 2746 priorem
2985 2675 3291 2732 lectionem
3323 2676 3435 2730 erit
3481 2677 3792 2748 expositio.

2137 2789 2164 2816 «
2199 2764 2448 2820 Veniant
2477 2764 2620 2818 inihi
2655 2765 3060 2820 miserationes
3090 2771 3206 2820 tuae
3235 2786 3262 2814 ιν
3296 2765 3367 2820 ad
3400 2764 3529 2832 hoc,
3566 2790 3593 2815 ‹‹
3629 2771 3696 2821 ut
3715 2766 3795 2820 vi-

2134 2870 2263 2908 vam
2290 2869 2302 2906 :
2337 2853 2474 2923 quia
2495 2852 2587 2906 lex
2610 2856 2711 2908 tua
2733 2853 3032 2908 meditatio
3055 2869 3185 2908 mea
3213 2857 3320 2908 est.
3351 2875 3377 2900 η
3413 2854 3531 2925 Ego
3567 2857 3756 2909 vivam
3778 2871 3798 2908 :

2133 2942 2356 3014 superbi
2385 2947 2581 2996 autem
2611 2942 3052 3016 confundantur,
3088 2947 3153 2997 ut
3182 2942 3456 3013 iniquitas
3486 2959 3701 2999 eorum
3738 2945 3796 2999 in

2137 3047 2229 3085 me
2260 3047 2374 3084 non
2408 3030 2710 3102 extinguat
2739 3030 3103 3086 charitatem.
3167 3030 3592 3101 Con/undantur
3621 3031 3761 3087 dico
3783 3075 3798 3098 ,

2135 3123 2265 3191 quia
2297 3121 2518 3190 injuste,
2552 3119 2608 3173 id
2641 3125 2731 3174 est
2757 3120 2884 3175 sine
2915 3136 3119 3190 causa,
3153 3120 3491 3190 iniquitatem
3515 3121 3800 3190 fecerunt

2136 3211 2195 3262 in
2218 3225 2319 3262 me.
2349 3210 2464 3280 Ego
2487 3207 2643 3262 enim
2667 3207 2920 3263 laboravi
2944 3209 3016 3263 ad
3041 3225 3243 3264 eorum
3271 3207 3539 3276 salutem,
3564 3208 3687 3280 ipsi
3715 3209 3796 3265 ad

2143 3313 2331 3351 meam
2363 3297 2702 3368 perniciem.
2725 3299 2842 3370 Ego
2863 3301 3048 3353 autem
3069 3303 3604 3370 quantumcunque
3633 3298 3795 3354 labo-

2142 3386 2432 3442 ravissent
2461 3403 2554 3440 me
2585 3386 2887 3452 devorare,
2935 3387 3230 3442 exercebar
3257 3389 3316 3441 in
3346 3387 3635 3443 mandatis
3661 3392 3790 3444 tuis.

2141 3475 2328 3538 Quare
2355 3483 2739 3530 convertantur
2768 3477 2934 3542 mihi,
2969 3476 3026 3530 id
3059 3481 3174 3543 est,
3209 3475 3587 3532 associentur
3620 3479 3786 3543 mihi,

2144 3565 2395 3618 timentes
2417 3572 2502 3626 te;
2522 3565 2692 3634 juxta
2717 3563 2896 3620 illud:
2929 3564 3032 3628 Qui
3059 3565 3159 3620 Dei
3183 3565 3610 3637 est,jungatur
3629 3565 3782 3634 mihi,

2143 3654 2204 3707 Et
2235 3655 2330 3723 qui
2360 3657 2628 3708 noverunt
2655 3655 2968 3709 testimonia
2999 3658 3114 3708 tua.
3149 3655 3401 3725 Exponit
3430 3657 3701 3711 timentes
3729 3659 3782 3709 te

2145 3746 2207 3795 ut
2241 3742 2507 3796 attendas
2539 3742 2610 3796 de
2641 3759 2755 3813 quo
2786 3742 2995 3798 timore
3025 3747 3178 3814 agat.
3226 3743 3410 3808 Quasi
3446 3744 3594 3798 dicat
3626 3761 3642 3796 :
3687 3740 3772 3796 Illi

2140 3830 2242 3900 qui
2273 3829 2356 3884 sic
2388 3835 2442 3885 te
2472 3830 2710 3896 timent,
2762 3835 2827 3886 ut
2870 3835 3114 3887 noscant
3160 3832 3496 3888 testimonia
3533 3835 3632 3886 tua
3659 3845 3766 3885 non

2140 3923 2368 3973 tantum
2403 3919 2667 3986 scientia,
2701 3921 2801 3975 sed
2834 3920 2971 3986 vita,
3006 3920 3377 3976 associentur
3407 3919 3552 3976 mihi
3582 3937 3596 3974 :
3629 3918 3778 3992 quod

2143 4011 2206 4061 ut
2237 4007 2365 4072 fiat,
2418 4030 2444 4058 ‹‹
2479 4007 2541 4062 In
2567 4009 3090 4078 justiﬁcationibus
3119 4009 3266 4076 tuis,
3325 4010 3429 4065 ﬁat
3469 4027 3570 4065 cor
3597 4024 3790 4064 meum

2141 4095 2616 4168 immaculatum,
2651 4102 2715 4152 ut
2744 4115 2856 4154 non
2889 4099 3216 4154 confundar
3243 4115 3256 4153 :
3297 4121 3324 4148 »
3364 4098 3457 4153 vel
3491 4099 3592 4154 hic
3620 4098 3705 4154 vel
3734 4098 3797 4153 in

2141 4188 2363 4241 futuro.

2213 4274 2386 4329 CAPH.
2419 4305 2487 4314 —
2518 4297 2545 4324 «
2574 4273 2794 4329 Defecit
2822 4275 2881 4330 in
2913 4275 3158 4332 salutari
3193 4280 3291 4332 tuo
3324 4277 3528 4333 anima
3558 4295 3714 4344 mea,
3742 4283 3801 4333 et

2145 4387 2171 4413 «
2201 4364 2255 4418 in
2289 4364 2527 4418 verbum
2559 4367 2726 4418 tuum
2759 4366 3185 4436 supersperavi.
3242 4366 3597 4421 Defecerunt
3645 4367 3798 4422 oculi

2143 4476 2169 4502 ‹‹
2204 4453 2314 4506 mei
2338 4453 2394 4506 in
2417 4451 2718 4522 eloquium
2741 4457 2932 4520 tuum,
2955 4454 3242 4510 dicentes:
3263 4455 3507 4518 Quando
3530 4456 3802 4512 consola-

384 4540 674 4595 novamini
713 4539 923 4611 spiritu
958 4538 1170 4593 mentis
1201 4543 1401 4592 vestrae
1430 4539 1586 4610 (Eph.
1632 4541 1726 4610 ιν).
1762 4542 1831 4594 Et
1861 4546 2027 4595 tuum
2060 4557 2105 4622 ι)
2138 4566 2164 4591 ‹‹
2201 4542 2355 4597 beris
2393 4541 2530 4596 me?
2559 4541 2705 4604 Quia
2735 4543 2923 4597 factus
2955 4560 3086 4598 sum
3118 4544 3275 4599 sicut
3304 4550 3436 4599 uter
3463 4543 3523 4599 in
3558 4548 3800 4616 pruina,

381 4634 471 4684 est
492 4629 822 4695 reformare,
849 4628 986 4699 quia
1006 4645 1206 4682 manus
1236 4637 1366 4693 tum,
1389 4627 1446 4682 id
1482 4633 1570 4683 est
1592 4629 1858 4700 potentiae
1892 4635 2026 4692 tuae,

377 4717 622 4785 fecerunt
649 4733 736 4769 me
766 4716 1089 4770 secundum
1114 4717 1394 4785 animam,
1421 4720 1472 4770 et
1499 4717 1915 4786 plasmaverunt
1936 4733 2023 4772 me

379 4804 704 4860 secundum
736 4821 967 4875 corpus.
1016 4805 1132 4859 llac
1162 4806 1231 4858 de
1262 4822 1440 4859 causa
1470 4805 1646 4860 etiam
1678 4806 2022 4862 reiormabis

377 4909 490 4960 me,
529 4892 684 4963 quia,
720 4909 811 4946 me
843 4894 1175 4962 reformato,
1205 4895 1300 4965 qui
1329 4895 1519 4948 timent
1549 4902 1602 4948 te
1625 4893 1832 4949 timore
1865 4901 2023 4950 casto

372 4982 632 5037 videbunt
653 4997 739 5035 me
770 4981 828 5034 in
857 4986 956 5035 tua
978 4982 1307 5036 obcdientia
1338 4990 1828 5053 perseverantem,
1853 4994 1904 5039 et
1928 4983 2025 5041 (.22-

372 5071 655 5138 tabuntur,
691 5087 820 5125 meo
853 5070 1115 5141 exemplo
1150 5071 1219 5124 ad
1255 5072 1402 5126 bene
1433 5073 1795 5144 operandum
1821 5090 2023 5144 provo-

373 5160 483 5214 cati
511 5176 524 5215 :
557 5164 612 5214 et
645 5160 754 5215 hoc
787 5161 930 5224 ideo,
965 5162 1096 5230 quia
1128 5161 1184 5213 in
1219 5161 1374 5216 verbo
1407 5169 1520 5227 tuo,
1557 5161 1614 5215 id
1647 5167 1736 5216 est
1765 5163 1823 5216 in
1859 5179 2022 5217 man-

373 5249 510 5304 dato
533 5253 632 5303 tuo
659 5250 961 5303 observato
982 5251 1382 5320 suprrsperavi,
1407 5250 1462 5304 id
1491 5255 1578 5303 est
1597 5251 1824 5322 speravi
1848 5267 2026 5322 supra

372 5337 430 5392 id
459 5339 611 5408 quod
637 5337 893 5408 petimus
920 5343 1020 5391 aut
1043 5337 1447 5409 intelligimus.
1475 5339 1650 5403 Quasi
1681 5340 1872 5394 dicat:
1910 5341 2024 5410 Ipsi

373 5443 467 5482 me
489 5427 891 5492 imitabantur,
917 5444 1028 5480 non
1057 5429 1403 5498 inquantum
1428 5445 1533 5500 ego
1556 5445 1722 5484 meus
1743 5446 1897 5495 sum,
1923 5430 2024 5485 sed

372 5515 722 5585 inquantum
747 5515 850 5569 tibi
873 5517 1159 5572 adhazreo.
1186 5517 1349 5573 Unde
1377 5517 1618 5573 Paulus:
1649 5540 1675 5566 ‹‹
1697 5519 2025 5574 Imitatores

376 5602 490 5658 mei
515 5607 716 5671 estote,
735 5603 891 5659 sicut
911 5610 967 5659 et
991 5621 1095 5676 ego
1123 5606 1334 5663 Christi
1361 5607 1404 5679 (ι
1423 5609 1546 5665 Cor.
1567 5608 1665 5678 ιν).
1687 5629 1716 5657 ››
1740 5630 1766 5658 ‹‹
1788 5606 2024 5680 Speravi

2143 4653 2168 4680 ‹‹
2195 4630 2646 4699 justiﬁcationes
2675 4635 2806 4686 tuas
2842 4647 2957 4686 non
2989 4633 3124 4686 sunt
3165 4631 3401 4688 oblitus.
3457 4633 3617 4695 Quot
3663 4640 3802 4688 sunt

2134 4743 2158 4768 α
2194 4719 2317 4773 dies
2340 4719 2489 4774 servi
2517 4719 2624 4790 tui,
2643 4720 2878 4790 quando
2903 4719 3080 4776 facies
3103 4721 3173 4775 de
3191 4721 3693 4793 persequentibus
3709 4737 3804 4778 me

2139 4833 2158 4856 (ι
2187 4807 2477 4878 judicium
2498 4808 2525 4862 ?
2554 4811 2950 4864 Narraverunt
2979 4810 3122 4864 mihi
3154 4809 3344 4881 iniqui
3374 4810 3800 4877 tabulationes,

2135 4920 2161 4946 ‹‹
2196 4897 2294 4952 sed
2331 4913 2443 4951 non
2479 4902 2545 4951 ut
2578 4897 2667 4952 lex
2697 4902 2817 4952 tua.
2851 4897 3064 4952 Omnia
3093 4899 3372 4954 mandata
3403 4903 3506 4954 tua
3538 4901 3801 4956 veritas:

2135 5009 2162 5035 «
2197 4985 2382 5056 iniqui
2416 4986 2704 5057 persecuti
2736 4992 2875 5042 sunt
2906 5004 3027 5054 me,
3072 4987 3286 5058 adjuva
3315 5003 3427 5042 me.
3463 4988 3649 5044 Paulo
3685 4990 3800 5044 mi-

2137 5098 2163 5126 ‹‹
2197 5091 2310 5129 nus
2332 5079 2891 5130 consummaverunt
2914 5092 3007 5131 me
3037 5077 3093 5131 in
3117 5081 3295 5146 terra,
3322 5093 3428 5150 ego
3451 5081 3658 5133 autem
3685 5095 3800 5132 non

2138 5186 2162 5212 ‹.
2197 5161 2481 5233 dereliqui
2515 5163 2789 5218 mandata
2814 5168 2934 5219 tua.
2963 5167 3297 5220 Secundum
3323 5164 3798 5222 misericordiam

2136 5275 2163 5302 «
2197 5257 2361 5307 tuam
2391 5251 2615 5306 vivitica
2660 5269 2784 5316 me,
2840 5258 2897 5307 et
2939 5255 3266 5310 custodiam
3297 5255 3645 5311 testimonia
3674 5255 3796 5311 oris

2139 5363 2165 5390 «
2200 5339 2305 5394 tui.
2341 5363 2366 5389 ›ι

2764 5432 3160 5488 ENARRATIO.

2208 5541 2235 5566 ‹‹
2270 5517 2488 5574 Defecit
2508 5518 2566 5573 in
2593 5517 2839 5574 salutari
2861 5524 2961 5574 tuo
2983 5521 3180 5576 anima
3207 5537 3358 5592 mea,
3380 5527 3438 5576 et
3461 5521 3521 5577 in
3544 5523 3790 5579 verbum

2135 5612 2306 5665 tuum
2338 5607 2762 5682 supersperavi.
2799 5631 2828 5660 »
2859 5608 3036 5678 Quasi
3069 5610 3226 5670 dicat
3256 5629 3274 5668 :
3323 5611 3532 5671 Merito
3564 5611 3658 5671 ﬁet
3685 5626 3798 5673 cor
