4024 6192
256 322 358 382 749

1360 330 1966 393 ENABRATIONES
2013 333 2086 391 IN
2138 335 2517 396 PSALMOS.

3516 338 3635 396 750

251 453 1307 529 meumimmaculatum:quiaanima
1328 463 1535 529 mea,id
1561 468 1647 517 est
1669 463 2217 530 anima-Ationem
2274 465 2491 535 saeculi,
2554 469 2756 519 contra
2810 479 2958 534 quos
3014 462 3160 518 dixit
3236 462 3517 517 Dominus
3575 465 3636 518 in

247 541 371 598 Iitas
399 544 754 614 mea,de/ecit
775 544 835 599 in
861 563 921 601 se
943 547 1133 602 eundo
1155 551 1215 602 in
1238 551 1483 606 salutare
1506 555 1681 618 tuum,
1706 552 1764 605 id
1796 555 1884 605 est

245 630 296 685 in
318 636 476 686 tuam
503 632 885 690 salvationem
909 652 970 691 se
992 638 1301 693 continens
1323 644 1373 694 et
1406 642 1460 694 in
1485 642 1707 695 verbum
1728 650 1881 695 tuum

241 725 634 791 supersperavi,
671 724 943 779 Defectus
977 725 1085 781 iste
1116 745 1231 781 non
1260 734 1349 783 est
1378 729 1559 801 culpa
1592 734 1649 784 et
1678 747 1877 800 pcenae,

239 810 331 863 sed
356 809 668 865 laudabilis
691 817 746 866 et
767 814 1060 884 optabilis:
1080 816 1217 886 quia
1240 834 1343 871 nec
1370 835 1601 889 semper
1622 819 1880 873 defectus

236 898 464 969 ponitur
496 899 554 953 in
588 900 763 965 malo,
800 901 952 957 sicut
1010 921 1112 959 nec
1173 907 1465 977 profectus
1522 908 1879 962 contrarium

236 1003 403 1041 suum
432 1004 662 1059 semper
695 990 929 1060 ponitur
961 991 1016 1045 in
1052 992 1222 1058 bona,
1260 994 1359 1048 sed
1416 996 1772 1066 quandoque
1820 995 1877 1049 in

230 1074 392 1129 malo.
458 1076 594 1130 Inde
649 1077 865 1133 Paulus
915 1080 985 1134 ad
1045 1082 1459 1138 Timotheum:
1512 1105 1539 1133 ‹‹
1575 1083 1873 1139 Novitates

233 1164 534 1219 verborum
580 1171 637 1220 et
685 1166 869 1222 aniles
916 1170 1270 1240 qumstiones
1320 1172 1530 1239 devita,
1566 1172 1879 1242 proﬁciunt

233 1251 383 1306 enim
408 1252 479 1307 ad
515 1252 884 1324 iniquitatem
917 1257 963 1323 (Ι
990 1259 1203 1328 Tim.1v,
1239 1261 1353 1327 Vl);
1394 1282 1413 1307 ι
1452 1264 1506 1314 et
1535 1260 1605 1314 de
1637 1260 1876 1331 quibus-

232 1338 361 1395 dam
395 1340 744 1398 mulieribus
774 1343 955 1399 dixit:
993 1368 1020 1394 ‹‹
1054 1347 1296 1418 Semper
1345 1349 1695 1415 addiscunt;
1728 1354 1783 1403 et
1814 1349 1875 1404 in

230 1429 391 1498 pejus
424 1431 738 1501 proﬁciunt
768 1433 838 1501 (II
874 1435 1003 1488 Tim.
1039 1436 1138 1501 1n).
1179 1460 1205 1483 ››
1237 1436 1331 1491 Sic
1374 1437 1633 1491 defectus
1674 1437 1733 1492 in
1766 1438 1875 1493 hoc

230 1514 353 1572 loco
384 1517 443 1572 in
478 1519 625 1574 bono
657 1522 911 1591 ponitur,
946 1525 1083 1593 quia
1136 1529 1297 1579 notat
1344 1530 1613 1579 sanctum
1645 1525 1870 1580 deside-

228 1605 376 1660 rium
406 1623 419 1662 :
444 1607 502 1661 in
536 1625 652 1678 quo
677 1610 963 1665 desiderio
990 1618 1221 1667 fuerunt
1245 1615 1428 1668 sancti
1454 1619 1587 1669 ante
1609 1615 1871 1670 incarna-

230 1695 445 1751 tionem
478 1698 732 1768 Domini,
768 1705 830 1753 ut
880 1700 978 1756 ille
1020 1703 1225 1772 justus
1266 1704 1496 1758 Simeon
1548 1705 1649 1774 qui
1682 1704 1868 1760 dixit:

1994 552 2337 622 Evangelio:
2412 576 2438 601 ‹‹
2497 552 2909 607 Praedicabitur
2965 552 3075 607 hoc
3127 550 3504 621 Evangelium
3577 551 3635 605 in

1993 640 2263 694 universo
2293 642 2431 694 orbe
2465 647 2785 695 terrarum:
2821 646 2879 695 et
2910 646 3049 695 tunc
3107 640 3217 695 erit
3261 639 3393 694 ﬁnis
3426 639 3636 709 (Matth.

1991 731 2163 799 xxiv).
2204 753 2227 777 ››
2262 752 2288 778 ‹‹
2348 729 2589 792 Quando
2648 730 2825 784 facies
2883 731 2953 785 de
3010 729 3498 801 persequentibus
3542 745 3635 784 me

1983 818 2383 888 judicium?»
2420 817 2579 887 Opus
2610 823 2699 872 est
2759 819 2952 872 enim:
3010 836 3144 873 nam
3205 822 3267 872 ut
3318 834 3411 871 me
3468 818 3639 872 devo-

1992 912 2208 971 carent,
2276 909 2657 960 narraverunt
2732 906 2876 960 mihi
2962 906 3149 978 iniqui
3224 905 3634 973 fabulationes,

1991 996 2090 1050 sed
2115 1012 2229 1050 non
2264 1000 2325 1050 ut
2356 994 2446 1049 lex
2476 1000 2634 1059 tua,»
2660 994 2881 1047 scilicet
2902 995 3225 1049 audiendas
3246 994 3405 1065 ;quia
3436 993 3638 1066 inlege

1989 1088 2092 1139 tua
2122 1102 2235 1139 non
2267 1088 2493 1138 tantum
2530 1098 2621 1136 me
2676 1081 2967 1137 delectant
3021 1083 3215 1149 verba,
3249 1084 3349 1137 sed
3397 1083 3632 1137 veritas.

1990 1177 2135 1227 Nam
2165 1175 2352 1228 omnia
2398 1171 2659 1226 mandatu
2708 1175 2809 1225 tua
2858 1173 3080 1225 veritas.
3115 1176 3182 1225 Et
3239 1171 3379 1241 quia
3407 1170 3633 1225 veritati

1988 1262 2277 1330 consensi,
2312 1263 2494 1331 iniqui
2521 1260 2795 1330 persecuti
2820 1264 2947 1313 sunt
2980 1277 3086 1325 me,
3113 1260 3211 1314 sed
3252 1266 3335 1322 tu,
3372 1260 3632 1325 Domine,

1987 1352 2189 1421 adjuva
2216 1351 2393 1405 me.Et
2425 1366 2573 1420 opus
2598 1353 2687 1403 est
2716 1348 3037 1419 adjutorio:
3070 1348 3207 1418 quia
3234 1347 3345 1418 ipsi
3378 1353 3636 1418 peccato-

1987 1456 2077 1495 res
2124 1445 2649 1495 consummaverunt
2702 1453 2789 1491 me
2847 1439 2907 1490 in
2967 1442 3136 1500 terra,
3172 1442 3227 1490 et
3284 1436 3394 1490 hoc
3450 1437 3635 1491 minus

1982 1530 2168 1599 paulo,
2204 1528 2258 1581 id
2293 1532 2381 1582 est
2413 1527 2665 1581 multum
2717 1543 2944 1596 parum,
2980 1529 3266 1595 quantum
3327 1524 3397 1578 ad
3431 1540 3633 1579 eorum

1984 1616 2497 1679 existimationem,
2532 1615 2685 1685 quod
2718 1615 2788 1669 de
2821 1631 2933 1681 me,
2955 1614 3053 1685 qui
3084 1613 3295 1668 coelum
3329 1618 3386 1667 et
3416 1619 3633 1667 terram

1984 1722 2098 1760 non
2142 1705 2433 1760 fecissem.
2463 1710 2577 1776 Ego
2606 1713 2789 1758 autem
2822 1702 2955 1758 licet
2984 1704 3092 1757 hac
3142 1702 3261 1757 illis
3310 1701 3502 1756 visum
3537 1703 3632 1767 sit,

229 1787 692 1895 ﬂutas
719 1794 891 1895 pptas
922 1791 1164 1889 durabo.
1193 1792 1235 1846 Ο
1265 1793 1313 1847 si
1346 1793 1439 1847 hic
1473 1808 1563 1847 me
1591 1793 1872 1848 invenerit
1906 1832 1951 1895 B
1979 1810 2087 1849 non
2130 1794 2402 1864 dereliqui
2432 1794 2692 1847 mandata
2726 1796 2838 1846 tua.
2864 1792 2934 1845 Et
2963 1796 3027 1845 ut
3058 1808 3169 1845 non
3206 1790 3634 1862 derelinquam,

226 1871 323 1927 illa
345 1876 642 1931 nativitas!
675 1879 733 1931 In
758 1878 865 1933 hoc
886 1878 1059 1935 etiam
1088 1881 1376 1937 desiderio
1410 1882 1648 1937 fuerunt
1669 1899 1873 1938 omnes

229 1962 435 2029 sancti,
471 1969 603 2035 post
634 1965 1093 2022 incarnationem
1135 1975 1533 2040 exspectantes
1566 1971 1869 2026 revelatio-

233 2065 361 2103 nem
394 2052 628 2120 quando
688 2054 971 2110 Dominus
1022 2056 1398 2126 judicaturus
1457 2064 1544 2114 est
1600 2060 1758 2115 vivos
1818 2064 1874 2114 et

228 2142 557 2194 mortuos.»
589 2141 791 2197 Deﬁcit
819 2144 878 2198 in
911 2144 1151 2199 salutari
1187 2151 1286 2201 tuo
1317 2148 1513 2202 anima
1543 2164 1693 2213 mea,
1727 2154 1784 2203 et
1814 2150 1872 2203 in

225 2226 466 2281 verbum
497 2232 665 2284 tuum
690 2234 1118 2303 supersperavi,
1140 2234 1225 2288 nid
1258 2237 1430 2302 est,in
1466 2238 1870 2306 promissioni-

223 2313 336 2367 bus
358 2315 475 2370 tuis
498 2320 723 2389 speravi
748 2338 928 2392 supra
949 2323 1003 2377 id
1030 2324 1183 2393 quod
1210 2326 1466 2395 petimus
1488 2325 1873 2398 autintelligi-

224 2406 521 2469 mus.Quze
539 2408 1088 2477 promissioneshoc
1104 2413 1326 2467 faciunt
1344 2416 1869 2485 utperpatientiam

223 2498 608 2562 exspectetur,
643 2498 798 2567 quod
833 2516 865 2553 a
888 2501 1261 2557 credentibus
1294 2520 1406 2557 non
1440 2503 1873 2573 videtur.Defe-

216 2584 583 2637 ceruntoculi
610 2588 720 2640 mei
743 2586 1141 2651 interiores,id
1178 2596 1286 2660 est,
1312 2592 1458 2645 ratio
1490 2592 1697 2645 animae
1730 2609 1870 2647 meze

220 2685 333 2723 non
368 2675 597 2726 tantum
632 2673 760 2745 ipsa
822 2676 1182 2742 animalitas.
1222 2680 1415 2733 eundo
1476 2682 1535 2733 in
1591 2682 1871 2750 eloquium

216 2761 413 2812 tuum:
439 2760 673 2816 dicentes
695 2764 997 2820 affectione
1042 2767 1335 2821 desiderii.
1372 2768 1601 2835 Quando
1631 2770 1869 2824 consola-

219 2847 365 2900 beris
394 2849 697 2915 me,dando
728 2851 1091 2909 incrementa
1134 2855 1413 2910 virtutum
1442 2857 1469 2909 ?
1494 2856 1650 2911 Felix
1681 2862 1737 2911 et
1759 2858 1868 2912 iste

218 2934 482 2992 defectus
512 2939 981 3012 oculorum,quia
1003 2960 1115 2997 non
1148 2949 1236 2998 est
1264 2945 1501 2999 veniens
1535 2962 1602 2999 ex
1628 2945 1865 3001 inﬁrmi-

217 3026 337 3079 tate
362 3026 562 3092 animi,
598 3029 698 3083 sed
729 3045 796 3084 ex
823 3030 1120 3086 nimietate
1152 3033 1446 3088 desiderii.
1480 3034 1708 3103 Quando
1736 3050 1864 3090 con-

211 3114 481 3169 solaberis
509 3132 614 3186 me,
648 3134 793 3189 opus
828 3124 915 3174 est
953 3121 1109 3175 enim
1160 3127 1215 3176 et
1264 3122 1693 3177 consolatione:
1728 3126 1867 3194 quia

1982 1889 2065 1948 tu,
2101 1884 2365 1953 Domine,
2397 1882 2697 1937 secundum
2744 1880 3177 1935 misericordiam
3224 1884 3375 1934 tuam
3417 1880 3635 1934 mundo

1981 1972 2324 2035 exbibitam,
2356 1974 2575 2041 vivi/ica
2605 1988 2688 2025 me
2723 1970 2999 2024 interiore
3025 1969 3437 2031 viviﬁcatione,
3471 1984 3541 2021 ne
3574 1968 3633 2021 in

1980 2079 2229 2116 vacuum
2262 2062 2509 2131 gratiam
2545 2060 2643 2113 Dei
2668 2058 3034 2129 recipiam,et
3066 2075 3167 2129 per
3198 2062 3253 2112 te
3285 2056 3632 2122 viviﬁcatus,

1980 2152 2279 2206 custodiam
2310 2151 2622 2204 testimonia
2652 2150 2762 2202 oris
2795 2150 2899 2201 tui.

2054 2240 2271 2293 LAMED.
2308 2269 2375 2277 —
2408 2260 2434 2286 ‹‹
2472 2239 2531 2292 In
2565 2242 2865 2305 aeternum,
2889 2235 3153 2303 Domine,
3187 2234 3429 2288 verbum
3464 2238 3631 2286 tuum

1983 2350 2009 2375 ‹‹
2045 2332 2347 2399 permanet
2380 2328 2438 2380 in
2472 2334 2634 2381 coelo.
2672 2326 2733 2379 In
2764 2324 3199 2396 generationem
3232 2320 3629 2393 etgeneratio-

1990 2437 2015 2469 α
2047 2432 2179 2471 nem
2210 2415 2421 2470 veritas
2454 2420 2590 2469 tua:
2626 2414 2883 2467 fundasti
2935 2418 3170 2477 terram,
3206 2417 3261 2465 et
3304 2413 3627 2480 permanet.

1981 2528 2007 2554 ‹‹
2043 2504 2418 2559 Ordinatione
2452 2509 2551 2558 tua
2575 2505 2945 2573 perseverant
2965 2498 3400 2569 dies,quoniam
3432 2498 3632 2553 omnia

1986 2615 2005 2643 ι
2044 2593 2302 2648 serviunt
2333 2591 2585 2645 tibi-Nisi
2609 2591 2763 2661 quod
2798 2590 2883 2643 lex
2906 2594 3006 2642 tua
3033 2587 3335 2642 meditatio
3356 2603 3484 2640 mea
3505 2590 3625 2641 est:

1985 2705 2004 2729 ι
2038 2686 2178 2736 tunc
2212 2684 2353 2735 forte
2384 2679 2691 2749 periissem
2725 2678 2778 2730 in
2824 2675 3157 2731 humilitate
3183 2692 3331 2729 mea.
3370 2676 3431 2729 In
3463 2679 3628 2730 aeter-

1984 2793 2003 2818 ι
2038 2786 2176 2824 num
2210 2785 2324 2823 non
2356 2768 2666 2822 obliviscar
2704 2765 3163 2835 justiﬁcationes
3209 2768 3364 2829 tuas,
3399 2763 3539 2833 quia
3570 2762 3627 2815 in

1977 2881 2005 2907 ‹‹
2036 2857 2181 2930 ipsis
2213 2857 2513 2911 viviﬁcasti
2548 2872 2658 2910 me.
2692 2855 2852 2908 Tuus
2910 2870 3043 2907 sum
3096 2869 3223 2923 ego,
3257 2851 3486 2907 salvum
3536 2867 3629 2906 me

1978 2971 2004 2995 ‹‹
2040 2948 2146 3017 fac,
2181 2947 2458 3019 quoniam
2496 2944 2948 3015 justiﬁcationes
3007 2948 3139 2996 tuas
3189 2940 3496 3011 exquisivi.
3534 2940 3625 2994 Me

1976 3038 2513 3106 «exspectaverunt
2562 3037 2892 3105 peccatores
2940 3035 3005 3085 ut
3058 3030 3367 3100 perderent
3399 3033 3623 3095 me,tc-

1976 3147 2004 3173 ‹‹
2039 3123 2315 3179 stimonia
2335 3121 2704 3177 tuaintellexi
2734 3120 2940 3175 Omnis
2962 3118 3488 3174 consummationis
3504 3116 3619 3170 vidi

208 3202 398 3272 factus
426 3220 549 3259 sum
578 3209 718 3262 sicut
749 3217 869 3263 uter
916 3211 975 3262 in
1025 3212 1255 3279 pruina.
1310 3211 1444 3266 Uter
1499 3216 1588 3265 est
1644 3228 1741 3266 vas
1798 3229 1865 3265 ex
1895 3194 1937 3259 C
1976 3236 2003 3260 ‹‹
2038 3213 2234 3277 ﬁnem,
2266 3210 2450 3265 latum
2484 3210 2829 3264 mandatum
2860 3213 3029 3261 tuum
3063 3206 3261 3260 nimis.
3301 3229 3326 3253 ››

210 3292 372 3347 corio
401 3298 624 3361 sutum,
660 3300 717 3351 et
748 3297 966 3351 factum
999 3302 1199 3369 aptum
1248 3301 1315 3355 ad
1350 3299 1754 3371 excipiendum
1783 3300 1862 3353 vi-

209 3397 358 3435 num
392 3387 450 3437 et
482 3385 899 3440 continendum
928 3403 939 3440 :
969 3387 1067 3441 sed
1095 3387 1151 3440 in
1174 3388 1382 3457 pruina
1413 3388 1866 3458 positum,indu-

206 3473 397 3536 ratur,
432 3476 489 3525 et
518 3472 582 3527 ﬁt
612 3473 816 3528 inutile
847 3491 982 3541 vas;
1017 3474 1100 3529 sic
1148 3480 1203 3530 et
1254 3476 1428 3530 homo
1476 3492 1609 3530 cum
1660 3477 1869 3531 fuisset

204 3574 316 3612 vas
348 3558 572 3614 bonum
605 3562 677 3616 ad
710 3562 1151 3634 suscipiendum
1184 3563 1472 3635 liquorem
1508 3582 1742 3635 purum,
1772 3581 1864 3621 ve-

205 3663 341 3701 ram
374 3648 639 3704 videlicet
669 3650 1102 3718 discretionem,
1138 3654 1448 3708 induratus
1471 3659 1558 3709 est
1584 3657 1865 3709 adversus

207 3735 468 3791 imbrem
500 3740 696 3809 gratiae
734 3739 828 3793 Dci
862 3740 1064 3795 merito
1096 3742 1523 3810 inobedientiae,
1557 3749 1613 3798 et
1644 3743 1867 3797 inutilis

206 3823 445 3879 fac-tus:
497 3827 653 3897 quod
686 3828 847 3892 dicit,
880 3832 1029 3899 Quia
1075 3832 1258 3901 factus
1301 3848 1425 3886 sum
1483 3835 1623 3887 sicut
1653 3837 1775 3887 uter
1810 3835 1869 3887 in

196 3915 462 3984 pruina:
487 3921 544 3970 et
582 3920 774 3971 tamen
816 3923 1097 3987 quantum
1124 3921 1281 3990 potui
1296 3920 1719 3992 justificationes
1749 3932 1868 3976 tuas

202 4019 333 4056 non
361 4019 484 4057 sum
512 4004 730 4059 oblitus.
764 4005 866 4060 Vel
900 4006 1019 4061 sic:
1069 4008 1292 4075 Quando
1351 4011 1715 4064 consolaberis
1760 4027 1865 4076 me,

207 4097 280 4144 ut
318 4090 427 4146 hoc
457 4092 726 4148 videlicet
752 4094 998 4149 mortale
1022 4096 1229 4151 induat
1251 4097 1746 4153 immortalitatem
1775 4115 1787 4151 :
1813 4107 1870 4152 et

204 4179 398 4235 debes
430 4182 635 4247 facere,
671 4182 809 4252 quia
858 4183 1214 4254 inquantum
1274 4185 1454 4256 potui,
1503 4203 1595 4241 me
1656 4188 1725 4240 ad
1760 4186 1867 4241 hoc

202 4268 498 4324 idoneum
533 4270 694 4335 feci,«
731 4273 870 4343 quia
904 4273 1091 4328 factus
1124 4291 1254 4329 sum
1284 4275 1433 4329 sicut
1456 4280 1615 4329 uter»
1643 4274 1869 4346 positus

197 4380 229 4405 ‹‹
271 4356 337 4410 in
374 4358 747 4429 pruina.»VeI
782 4377 884 4431 per
911 4365 1097 4417 utrem
1132 4368 1378 4434 possunt
1405 4363 1588 4418 notari
1612 4364 1870 4419 carnalia

200 4447 640 4519 desideria,per
662 4449 933 4520 pruinam
968 4468 1063 4505 ros
1094 4452 1300 4506 divina:
1332 4453 1660 4524 gratiis,per
1689 4470 1867 4523 quam

2599 3297 2861 3351 ENARRA
2871 3297 2969 3350 T10
2980 3337 2991 3347 .

2048 3412 2073 3437 ‹‹
2110 3388 2171 3444 In
2204 3391 2508 3451 mternum,
2542 3385 2808 3451 Domine,
2840 3384 3083 3437 verbum
3117 3386 3282 3435 tuum
3318 3386 3623 3452 permanet

1976 3478 2031 3531 in
2065 3476 2225 3531 cmlo.
2265 3498 2291 3525 »
2323 3474 2497 3539 Quasi
2525 3474 2679 3529 dicat
2707 3491 2718 3529 :
2756 3476 2789 3527 Α
2822 3477 2877 3527 te
2926 3471 3252 3525 viviﬁcatus
3291 3471 3619 3524 custodiam

1976 3565 2311 3621 testimonia
2342 3563 2460 3618 oris
2488 3562 2731 3632 tui,quze
2763 3577 2933 3615 nemo
2950 3563 3141 3631 potest
3164 3558 3477 3626 custodire,
3508 3557 3620 3612 nisi

1977 3671 2078 3726 per
2108 3659 2269 3707 tuam
2299 3651 2785 3706 vivilicationem:
2850 3650 2987 3719 quia
3045 3663 3149 3702 nec
3200 3645 3388 3717 angeli
3431 3647 3529 3716 qui
3562 3648 3623 3699 in

1976 3742 2187 3813 raetoﬁd
2222 3741 2393 3807 est,in
2426 3741 2572 3812 ipsis
2602 3739 2850 3810 angelis,
2880 3740 3163 3809 permanet
3193 3736 3416 3791 verbum
3444 3739 3619 3804 tuum,

1978 3832 2032 3886 id
2067 3837 2155 3886 est
2188 3836 2537 3902 praeceptum
2571 3834 2760 3895 tuum,
2813 3827 2867 3880 id
2928 3831 3038 3890 est,
3090 3840 3514 3895 usquequaque
3552 3821 3618 3877 ad

1979 3919 2547 3975 consummationem
2596 3915 2794 3971 szeculi
2831 3931 2933 3986 per
2964 3920 3124 3968 tuam
3156 3913 3623 3967 viviﬁcationem.

1979 4009 2047 4062 Et
2076 4025 2191 4061 non
2222 4011 2450 4060 tantum
2478 4022 2578 4077 per
2626 4009 2787 4057 tuam
2838 4003 3281 4057 viviﬁcationem
3328 4003 3630 4072 permanet

1962 4096 2215 4152 \verbum
2250 4101 2417 4149 tuum
2450 4094 2509 4148 in
2565 4092 2728 4157 cmlo,
2776 4094 2872 4147 sed
2928 4093 3102 4146 etiam
3168 4093 3227 4145 in
3276 4091 3629 4159 generatione

1980 4184 2302 4256 pertinente
2325 4184 2394 4237 ad
2430 4184 2639 4255 legem,
2675 4187 2732 4237 et
2781 4182 3153 4253 generatione
3198 4180 3525 4251 pertinente
3556 4178 3628 4232 ad

1979 4273 2249 4345 gratiam,
2283 4277 2585 4343 permanet
2608 4275 2808 4327 veritas
2842 4281 2951 4337 tua,
2977 4271 3116 4340 quia
3142 4274 3202 4323 tu
3232 4268 3484 4339 fundasti
3515 4270 3627 4319 ter—

1978 4380 2121 4426 ram,
2153 4362 2207 4415 id
2243 4365 2351 4424 est,
2386 4360 2700 4414 Ecclesiam
2752 4365 2915 4413 tuam
2962 4359 3018 4411 in
3074 4357 3453 4410 fundamento
3496 4350 3629 4405 fidei

1982 4451 2252 4506 stabilem
2284 4449 2470 4503 fecisti
2501 4465 2511 4502 :
2550 4455 2607 4502 et
2638 4470 2662 4495 ‹‹
2699 4446 3216 4518 permanet,»quia
3248 4466 3274 4491 «
3309 4443 3488 4496 Sedes
3509 4445 3629 4509 tua,

193 4534 569 4591 cohibentur
600 4542 656 4592 et
685 4538 1323 4611 restringunturﬁuida
1344 4541 1537 4596 carnis
1558 4541 1865 4598 desideria.
1902 4560 1946 4625 Ι)
1982 4539 2229 4598 Deus.in
2263 4536 2542 4591 saeculum
2567 4535 2763 4589 seaculi
2797 4534 3180 4604 (Psal.xuv).»
3205 4556 3229 4579 ‹‹
3254 4530 3634 4585 Ordinatione

190 4624 395 4687 Quasi
433 4625 623 4680 dicat:
659 4626 973 4699 Obtorpuit
1004 4629 1061 4683 in
1097 4646 1189 4684 me
1221 4630 1407 4685 fervor
1436 4629 1871 4701 cupiditatis,ut
1902 4619 1937 4625 ”
1984 4634 2084 4683 tua
2114 4630 2487 4699 perseverant
2516 4624 2659 4693 dies,
2694 4646 2721 4673 »
2748 4623 2803 4677 id
2836 4627 2943 4686 est,
2970 4637 3173 4676 omnes
3206 4637 3305 4691 qu1
3333 4619 3445 4674 dies
3475 4622 3632 4683 sunt,

192 4714 465 4768 ferveret
493 4714 548 4768 in
590 4732 681 4769 me
714 4718 999 4772 memoria
1029 4718 1332 4773 charitatis
1357 4722 1435 4773 :et
1464 4718 1590 4773 ideo
1620 4719 1873 4788 «justiﬁ-
1982 4717 2040 4771 id
2074 4720 2183 4782 est,
2219 4714 2534 4769 illuminati
2567 4730 2579 4767 :
2615 4712 2769 4783 quod
2807 4716 3057 4783 possunt
3105 4724 3491 4780 perseverare,
3524 4707 3635 4761 hoc

198 4802 482 4858 cationes
512 4808 646 4859 tuas
679 4822 793 4859 non
827 4822 957 4860 sum
991 4806 1384 4872 oblitus.Quot
1414 4812 1551 4861 sunt
1582 4808 1705 4861 dies
1723 4807 1871 4862 servi
1991 4807 2056 4859 ﬁt
2084 4810 2188 4859 tua
2218 4803 2599 4875 dispositione
2626 4827 2638 4866 ;
2662 4802 2921 4872 quoniam
2963 4799 3169 4864 omnia,
3204 4798 3259 4853 id
3292 4803 3398 4861 est,
3432 4810 3636 4851 omnes
3700 4864 3703 4875 ’

198 4890 355 4945 tui?
390 4914 417 4938 ››
448 4891 668 4947 Vidcns
700 4893 890 4949 ﬁdelis
920 4896 1119 4950 anima
1168 4896 1385 4950 differri
1420 4895 1877 4950 consolationem
1992 4893 2094 4964 qui
2124 4894 2248 4947 dies
2280 4898 2437 4956 sunt,
2473 4915 2499 4940 ‹‹
2554 4891 2815 4945 serviunt
2846 4888 2972 4942 tibi.
3033 4888 3155 4943 Nisi
3218 4887 3371 4958 quod
3421 4885 3511 4939 lex
3538 4888 3640 4936 tua

203 4996 403 5050 quam
437 4981 707 5052 superius
736 4984 977 5054 rogavit,
1008 4990 1219 5055 optans
1250 4984 1486 5039 dissolvi
1520 4989 1575 5038 et
1598 5000 1723 5038 esse
1745 5001 1877 5039 cum
1992 4980 2294 5037 meditatio
2318 4997 2445 5035 mea
2460 4984 2715 5042 est.tunc
2744 4980 2886 5032 forte
2910 4976 3210 5048 periissem
3234 4977 3287 5028 in
3309 4971 3642 5028 humilitate

204 5067 478 5136 Christo,
514 5068 687 5124 dicit:
725 5071 861 5138 Quot
887 5077 1015 5127 sunt
1044 5073 1162 5128 dies
1192 5076 1337 5129 servi
1367 5076 1468 5139 tui,
1497 5073 1551 5126 id
1582 5079 1671 5127 est
1702 5090 1881 5145 quan-
1992 5069 2402 5125 mea.»Videns
2434 5066 2622 5121 ﬁdelis
2655 5067 2851 5121 anima
2879 5084 2979 5137 per
3010 5081 3182 5136 quem
3208 5070 3357 5118 terra
3380 5064 3468 5115 est
3496 5058 3640 5113 Iibe-

205 5156 325 5211 diu
359 5158 661 5213 durabunt
692 5160 817 5214 dies
842 5162 1450 5233 humiliationis,quos
1479 5162 1587 5217 sibi
1624 5165 1883 5217 fecerunt
1995 5164 2139 5229 rata,
2181 5159 2239 5211 in
2274 5174 2389 5228 quo
2421 5156 2495 5211 sit
2529 5156 2787 5225 fundata,
2824 5173 2926 5226 per
2976 5171 3148 5226 quem
3211 5147 3638 5215 Πωηυῖςάίείῖί

202 5245 375 5301 servi
409 5246 491 5300 tui
522 5262 534 5302 :
568 5251 624 5301 et
650 5265 720 5303 ne
752 5249 876 5304 dies
908 5249 1039 5306 illos
1070 5251 1359 5305 ﬁniendos
1382 5255 1725 5322 putaremus
1748 5257 1881 5306 ante
1991 5249 2108 5320 Ego
2140 5248 2423 5319 periissem
2449 5248 2607 5316 forte,
2640 5244 2697 5298 id
2731 5249 2819 5299 est
2850 5260 2952 5315 pro
3006 5247 3182 5308 certo,
3221 5243 3277 5294 in
3328 5238 3642 5293 humilitate

200 5340 554 5390 extremum
580 5336 893 5406 judicium,
944 5340 1272 5410 subjungit.
1311 5362 1337 5386 ‹‹
1400 5338 1641 5403 Quando
1705 5339 1881 5394 facies
1991 5354 2134 5403 mea,
2168 5336 2223 5390 id
2252 5334 2425 5390 estin
2459 5333 2780 5397 affectione,
2831 5337 2977 5397 tunc,
3029 5331 3083 5385 id
3136 5339 3240 5395 est,
3295 5327 3528 5399 quando
3579 5324 3639 5377 in

200 5425 285 5479 de
313 5426 809 5496 persequentibus
834 5428 1276 5498 mejudicium?
1308 5428 1664 5497 nseparando
1686 5427 1883 5481 videli-
1993 5426 2179 5498 primo
2211 5427 2452 5495 parente
2472 5422 2821 5477 humiliatus
2863 5438 3017 5486 sum,
3050 5422 3164 5474 nisi
3212 5417 3351 5488 quod
3400 5417 3490 5470 lea:
3546 5417 3643 5468 tua

199 5518 309 5569 eet
340 5528 528 5583 grana
550 5528 581 5566 a
614 5512 817 5583 paleis.
844 5516 1101 5571 Fuerunt
1131 5516 1287 5571 enim
1326 5515 1563 5587 quidam
1600 5514 1699 5586 qui
1732 5515 1881 5571 dixe—
1992 5515 2276 5571 meditatio
2306 5527 2430 5566 mea
2459 5516 2557 5581 est,
2582 5511 2673 5565 lex
2706 5511 2838 5565 ﬁdei
2872 5508 3163 5574 videlicet,
3198 5525 3311 5563 non
3346 5505 3476 5560 ﬁdei
3510 5503 3640 5557 ina-

200 5607 364 5662 runt
402 5600 723 5660 Ecclesiam
782 5605 1098 5664 ﬁniendam
1142 5622 1271 5663 esse
1315 5608 1445 5662 ante
1499 5620 1879 5663 consumma-
1991 5605 2103 5676 nis,
2138 5603 2237 5662 sed
2270 5601 2403 5659 ﬁdei
2436 5594 2563 5675 qua:
2599 5616 2697 5675 per
2714 5599 3089 5660 dilectionem
3112 5592 3633 5673 operatur(Gal.v),
