4024 6192
395 372 517 433 Hall

982 371 1283 433 REMIGII
1328 369 2077 433 AN'l‘lSSIODORENSlS
2120 370 2293 431 OPP.
2341 373 2540 433 PARS
2583 372 2634 432 Ι.
2660 406 2741 416 -—
2769 369 3237 433 EXEGETICA.

3672 367 3812 429 ’τδὲ

402 516 513 574 per
540 517 718 574 quam
750 501 1100 574 impetratur
1126 503 1349 575 gratia:
1375 519 1501 574 quae
1532 501 1718 575 gratia
1748 502 1804 557 id
1831 501 1968 557 facit
1988 500 2047 556 in
2077 505 2133 567 Α
2165 504 2303 573 quia
2335 502 2391 556 in
2422 503 2697 559 mandato
2725 502 2955 558 Domini
2993 498 3337 573 temporalia
3372 498 3616 573 premis
3645 516 3813 571 qus:-

407 589 784 647 tribulatione
812 592 1143 663 temporali,
1196 609 1268 648 ne
1315 592 1495 647 miser
1537 592 1710 647 homo
1760 594 1959 662 pereat
1988 589 2048 645 in

401 679 740 736 humilitate
772 680 1023 736 mortali.
1060 680 1162 736 Vel
1190 685 1379 753 potest
1425 680 1509 736 sic
1552 680 1911 737 continuari:
1946 679 2045 735 Se-

402 768 668 824 cundum
690 769 1156 825 misericordiam
1186 774 1353 825 tuam
1397 769 1625 824 viviﬁca
1654 786 1747 825 me
1771 787 1782 824 :
1819 773 1875 824 et
1903 783 2051 839 opus

408 861 518 925 est,
552 857 690 929 quia
714 859 861 928 forte
894 860 1190 931 periissem
1235 862 1292 913 in
1326 859 1637 915 humilitate
1662 875 1786 914 mea
1815 863 1963 923 tunc,
1991 857 2051 912 id

404 950 518 1014 est,
551 947 784 1018 quando
817 971 845 997 «
877 947 1255 1020 paulominus
1284 952 1840 1004 consummaverunt
1868 963 1960 1002 me
1991 946 2048 1000 in

406 1035 704 1098 terra,nisi
728 1036 886 1108 quod
914 1036 1003 1092 lex
1030 1042 1133 1092 tua
1154 1036 1453 1092 meditatio
1479 1054 1609 1093 mea
1638 1040 1763 1092 est:
1801 1040 1899 1091 mat
1921 1035 2050 1090 ideo

414 1144 442 1173 α
465 1122 525 1179 in
558 1128 837 1181 internum
888 1142 1002 1181 non
1054 1124 1364 1181 obliviscar
1401 1125 1857 1197 justiﬁcationes
1896 1129 2049 1193 tuas,

410 1212 553 1287 quia
581 1214 640 1268 in
662 1214 806 1285 ipsis
823 1214 1126 1270 viviﬁcasti
1145 1231 1256 1270 me.
1283 1216 1386 1269 »Εἰ
1416 1216 1554 1286 quia
1585 1219 1647 1270 tu
1682 1231 1775 1270 me
1796 1214 2050 1268 vivifica-

409 1303 741 1370 sti,salvum
758 1319 847 1359 me
874 1310 965 1374 [ac
993 1305 1185 1360 dando
1219 1304 1709 1376 perseverantiam
1739 1321 1752 1359 :
1786 1303 1926 1374 quia
1955 1318 2052 1371 ego

408 1395 538 1447 tuus
565 1392 824 1464 sum,qui
855 1392 1111 1464 primum
1144 1409 1237 1448 me
1261 1408 1391 1449 esse
1421 1392 1677 1458 voluisti,
1709 1397 1765 1447 et
1790 1391 2053 1463 perditus

409 1496 566 1548 sum,
591 1481 719 1552 jam
750 1498 944 1552 quaero
973 1486 1112 1536 tuus
1142 1498 1270 1537 esse
1295 1485 1360 1536 ut
1404 1481 1627 1537 salver:
1670 1483 1934 1553 quoniam
1952 1481 2052 1549 ju-

409 1569 760 1639 stiﬁcationes
787 1578 915 1626 tuas
942 1572 1234 1642 exquisivi,
1268 1587 1401 1625 cum
1432 1575 1626 1625 tamen
1659 1569 1828 1625 multi
1860 1572 2056 1625 essent

413 1658 513 1729 qui
562 1672 649 1712 me
702 1657 985 1730 impedire
1034 1657 1323 1714 volebant.
1381 1659 1526 1713 Nam
1586 1675 1750 1714 mora
1803 1663 1860 1713 et
1912 1657 2055 1712 lima

413 1769 443 1796 «
473 1750 949 1819 exspectaverunt
978 1752 1307 1819 peccatores
1339 1756 1401 1802 ut
1434 1748 1741 1820 perderent
1772 1764 1928 1802 me:«
1949 1763 2053 1818 ego

417 1856 445 1886 ‹‹
474 1835 812 1892 testimonia
840 1840 943 1892 tua
969 1836 1223 1892 intellexi
1252 1854 1264 1892 :
1303 1859 1329 1885 »
1361 1841 1419 1892 et
1449 1860 1475 1885 ‹‹
1504 1836 1621 1891 vidi
1655 1837 1830 1891 finem
1863 1835 2054 1891 omnis

411 1926 969 1981 consummationis:
999 1949 1027 1975 »
1060 1926 1199 1998 quia
1220 1927 1439 1981 bonum
1462 1942 1590 1981 esse
1621 1925 1934 1994 attendi,ut
1955 1941 2056 1996 pro

413 2032 480 2071 su
492 2032 647 2071 mmo
664 2015 816 2071 bono
831 2004 960 2071 sum
970 2032 1132 2070 mum
1152 2021 1377 2086 paterer
1393 2014 2059 2070 laborem.Consumma-

414 2103 592 2161 tionis
625 2103 761 2158 ﬁnis
789 2109 898 2172 est,
932 2104 991 2159 in
1019 2120 1196 2176 regno
1218 2103 1431 2159 Christi
1463 2103 1589 2158 sine
1620 2103 1734 2157 {ine
1781 2103 2053 2175 gaudere.

418 2195 605 2250 Omnis
635 2195 1119 2250 consummationis
1148 2192 1267 2248 vidi
1295 2193 1499 2262 ﬁnem:
1533 2198 1590 2246 et
1640 2191 1747 2246 hoc
1808 2208 1923 2245 non
1958 2207 2062 2263 per

416 2299 531 2355 me,
565 2282 666 2338 sed
690 2282 1123 2354 permandatum
1145 2286 1302 2337 tuum
1329 2283 1497 2337 nimis
1521 2280 1783 2352 latum,id
1816 2285 1925 2347 est,
1959 2296 2061 2351 per

416 2372 765 2429 cbaritatem
796 2376 961 2428 tuam
990 2371 1156 2427 valde
1213 2376 1534 2436 extensam,
1569 2370 1707 2443 quia
1767 2386 1956 2442 usque
1987 2371 2059 2425 ad

417 2460 691 2532 inimicos
720 2460 1050 2534 diligendos
1080 2461 1428 2516 extenditur.
1462 2460 1563 2515 Vel
1597 2460 1677 2515 sic
1706 2476 1718 2513 :
1759 2459 1878 2514 Vidi
1903 2476 2060 2514 man-

417 2548 608 2604 datum
636 2553 793 2603 tuum
837 2551 1006 2604 nimis
1044 2550 1237 2615 latum,
1271 2550 1327 2603 id
1367 2555 1475 2619 est,
1509 2549 1849 2604 charitatem
1897 2554 2061 2602 tuam

418 2652 604 2706 usque
633 2637 705 2692 ad
735 2636 1006 2691 inimicos
1030 2640 1351 2704 extensam,
1383 2653 1512 2691 esse
1540 2637 1705 2705 ﬁnem
1734 2639 1910 2691 omnis
1940 2653 2063 2691 con-

418 2725 826 2791 summationis,
859 2724 917 2778 id
977 2728 1085 2789 est,
1116 2724 1298 2779 totius
1356 2724 1766 2796 perfectionis;
1833 2724 1971 2795 quia
2000 2725 2059 2780 in

418 2815 701 2872 charitate
721 2814 935 2886 pendet
972 2817 1094 2868 tota
1136 2812 1226 2867 lex
1247 2818 1304 2868 et
1335 2814 1628 2885 propheta:
1660 2813 1866 2883 (Matth.
1899 2814 2060 2885 xxul,

421 2904 549 2961 sine
578 2920 697 2975 qua
723 2902 889 2958 irrita
917 2906 1007 2957 est
1036 2902 1384 2957 universitas
1414 2902 1868 2969 benefactorum,
1893 2903 2063 2974 juxta

419 2990 767 3064 Apostolum
798 2991 1124 3046 dicentem:
1157 3013 1184 3040 (ι
1208 2990 1268 3046 Si
1298 2990 1588 3045 tradidero
1620 3007 1831 3063 corpus
1862 3007 2061 3046 meum

417 3078 502 3133 ita
526 3080 592 3133 ut
621 3078 879 3144 ardeam,
913 3076 1257 3131 charitatem
1289 3081 1486 3132 autem
1518 3095 1632 3133 non
1669 3077 1939 3146 habeam,
1974 3078 2060 3133 ni-

419 3166 502 3223 hil
533 3166 677 3223 mihi
709 3166 947 3239 prodest
970 3166 1015 3237 (Ι
1048 3166 1168 3222 Cor.
1203 3165 1346 3237 xm).
1384 3189 1412 3217 ››

2160 592 2545 656 sierunt,cum
2576 590 2662 646 illi
2684 593 2756 647 ad
2786 595 2998 646 aeterna
3014 590 3353 656 tendebant,
3385 588 3545 644 velut
3563 588 3677 644 iste
3708 590 3815 662 qui

2160 681 2338 736 dicit:
2375 704 2402 730 ‹‹
2436 682 2622 752 Super
2643 680 2912 736 inimicos
2938 696 3098 735 meos
3135 680 3482 752 prudentem
3506 695 3601 734 me
3622 678 3819 734 fecisti

2163 770 2437 825 mandato
2467 775 2587 836 tuo,
2622 791 2649 818 »
2671 769 2728 824 id
2763 774 2851 825 est
2907 772 3191 841 praecepto
3222 771 3361 824 tuo:
3395 772 3450 823 et
3494 767 3607 823 hoc
3659 767 3815 835 ideo,

2160 860 2291 929 quia
2319 860 2379 913 in
2405 863 2679 915 aziernum
2712 859 2855 913 mihi
2898 866 2976 913 est
3021 862 3378 930 praeceptum
3408 862 3579 912 tuum
3608 874 3815 913 suave.

2162 955 2241 1001 Ac
2272 947 2320 1002 si
2355 947 2543 1001 dicat:
2572 948 2703 1002 Ideo
2736 948 2793 1001 in
2830 947 3121 1002 mandatis
3152 947 3272 1001 tuis
3302 945 3655 1018 prudentior
3679 963 3816 1002 sum

2161 1053 2337 1108 quam
2370 1036 2590 1091 inimici
2617 1035 2725 1091 mei
2755 1054 2767 1091 :
2798 1036 2935 1107 quia
2962 1035 3073 1106 ipsi
3098 1034 3535 1107 quaesieruntin
3556 1036 3648 1091 eis
3669 1040 3821 1093 tem-

2160 1123 2401 1197 poralia,
2430 1129 2487 1180 et
2516 1142 2621 1197 ego
2652 1129 2884 1180 aeterna.
2915 1126 3029 1197 Ipsi
3060 1125 3303 1180 dicunt:
3337 1125 3501 1191 Quod
3535 1125 3728 1180 intrat
3756 1126 3817 1180 in

2159 1214 2591 1285 os,coinquinat
2609 1214 2930 1269 hominem.
2964 1215 3082 1288 Ego
3105 1213 3399 1279 dico,Non
3434 1215 3597 1284 quod
3632 1213 3819 1270 intrat

2159 1303 2216 1357 in
2244 1320 2329 1373 os,
2363 1303 2704 1374 coinquinat
2752 1302 3050 1359 hominem
3078 1320 3092 1357 :
3127 1303 3221 1359 sed
3263 1302 3654 1376 cogitationes
3686 1320 3818 1375 qua;

2160 1396 2373 1447 exeunt
2402 1392 2473 1446 de
2502 1393 2693 1460 corde,
2725 1408 2792 1445 ea
2821 1391 3204 1463 coinquinant
3240 1390 3541 1447 hominem
3574 1391 3807 1463 (Matth.

2160 1480 2272 1551 xv).
2304 1479 2477 1551 Super
2506 1496 2693 1535 omnes
2717 1481 2964 1536 ducentes
2992 1496 3079 1535 me
3108 1481 3380 1547 intellexi,
3400 1480 3459 1535 id
3491 1486 3606 1547 est,
3642 1498 3822 1554 super

2162 1569 2296 1624 illos
2326 1570 2426 1640 qui
2450 1569 2752 1639 jactabant
2783 1585 2846 1624 se
2893 1585 3023 1624 esse
3054 1569 3387 1641 magistros,
3419 1575 3479 1624 et
3506 1569 3658 1642 legis
3692 1586 3822 1626 esse

2164 1658 2449 1721 doctores,
2496 1656 2783 1713 intellexi:
2817 1658 2888 1712 de
2946 1658 3162 1729 quibus
3221 1657 3442 1713 dictum
3494 1664 3612 1726 est,
3660 1681 3689 1709 ι(
3724 1662 3821 1717 Ve

2161 1746 2325 1800 vobis
2352 1746 2452 1817 qui
2474 1746 2701 1801 habetis
2723 1745 2939 1801 clavem
2977 1746 3254 1808 scientiae,
3288 1764 3477 1819 neque
3493 1764 3601 1803 vos
3634 1748 3819 1803 intra-

2164 1834 2459 1906 tis,neque
2489 1834 2634 1890 alios
2657 1835 2875 1890 intrare
2902 1835 3240 1906 permittitis
3271 1837 3543 1909 (Luc.x1),
3578 1859 3606 1885 ››
3642 1854 3823 1909 super

2167 1939 2313 1994 quos
2332 1923 2607 1991 intellexi,
2639 1926 2774 1996 quia
2808 1925 3115 1980 testimonia
3144 1929 3237 1979 tua
3258 1925 3542 1981 meditatio
3572 1943 3701 1982 mea
3724 1931 3819 1994 est,

2164 2012 2503 2084 Antiquitus
2519 2013 2675 2067 enim
2699 2013 2920 2068 dictum
2944 2013 3308 2087 est:«Diliges
3331 2015 3595 2071 amicum
3622 2000 3815 2082 tuum,

2166 2106 2223 2156 et
2252 2101 2383 2156 odio
2414 2101 2657 2156 habebis
2687 2100 2994 2157 inimicum
3025 2110 3194 2157 tuum
3238 2103 3430 2175 (Levii.
3457 2109 3602 2176 xu).
3634 2123 3661 2154 ι
3700 2104 3822 2159 Tua

2168 2195 2361 2245 autem
2392 2190 2728 2244 testimonia
2756 2197 2895 2245 sunt
2924 2206 2937 2244 :
2963 2190 3228 2263 «Diligite
3259 2190 3532 2248 inimicos
3563 2198 3818 2260 vestros,

2170 2278 2489 2334 benefacite
2518 2279 2610 2334 his
2640 2279 2739 2351 qui
2774 2279 3022 2334 oderunt
3051 2296 3149 2335 vos
3183 2279 3389 2350 (Matth.
3420 2281 3500 2352 v).
3533 2302 3562 2333 ι
3604 2282 3670 2337 In
3693 2284 3819 2355 qui-

2169 2368 2281 2422 bus
2312 2367 2667 2422 testimoniis
2689 2384 2921 2440 semper
2950 2368 3059 2423 fuit
3089 2370 3389 2425 meditatio
3432 2386 3588 2442 mea,
3622 2374 3680 2427 et
3716 2371 3819 2427 hoc

2168 2473 2334 2528 super
2351 2472 2522 2522 senes,
2556 2459 2685 2527 quia
2716 2457 2975 2513 mandata
3002 2463 3098 2513 tua
3127 2460 3379 2530 quaesivi,
3414 2463 3735 2532 quaerendo
3765 2462 3818 2517 in

2170 2545 2254 2600 eis
2287 2545 2649 2617 spiritualem
2683 2545 3281 2619 inlelligentiam,non
3305 2549 3667 2605 attendendo
3699 2566 3819 2607 car-

2170 2635 2361 2689 nalem
2386 2635 2887 2691 observantiam.N
2894 2652 2987 2690 am
3009 2636 3075 2690 ab
3096 2637 3248 2691 omni
3276 2639 3369 2692 via
3390 2638 3541 2693 mala
3559 2639 3824 2710 prohibui

2166 2725 2329 2795 pedes
2351 2740 2519 2795 meos,
2552 2725 2610 2779 id
2643 2729 2733 2779 est
2753 2724 3088 2780 affectiones
3111 2741 3294 2796 meas,
3316 2725 3389 2780 ad
3414 2725 3525 2782 hoc
3554 2727 3824 2784 videlicet

2171 2817 2233 2867 ut
2259 2813 2560 2868 custodiam
2587 2813 2845 2869 mandata
2878 2823 2994 2869 tua.
3027 2814 3096 2869 Et
3125 2815 3263 2885 quia
3308 2832 3426 2870 non
3477 2816 3704 2871 sufﬁcit
3731 2816 3824 2873 de—

2172 2901 2387 2957 clinare
2419 2919 2452 2955 a
2482 2901 2635 2956 malo
2669 2903 2780 2957 nisi
2811 2908 3090 2974 sequatur
3116 2903 3362 2971 bonum,
3395 2905 3823 2979 subjungitur:

2170 2993 2210 3045 Α
2233 2990 2462 3061 judiciis
2489 2992 2755 3063 tuis,quze
2787 2996 2849 3046 tu
2883 2991 3153 3058 fecisti,et
3184 2991 3268 3047 sic
3308 2992 3562 3048 docuisti
3594 3011 3709 3050 non
3742 2995 3830 3051 de-

2170 3081 2399 3148 clinavi,
2423 3081 2555 3151 quia
2585 3085 2644 3134 tu
2669 3081 2837 3151 legem
2865 3082 3100 3152 posuisti
3128 3080 3290 3152 mihi,
3310 3084 3373 3136 ut
3401 3080 3504 3152 qui
3535 3081 3599 3137 in
3631 3083 3826 3140 ﬁnem

2171 3172 2579 3242 perseveraret,
2639 3168 2732 3224 hic
2787 3170 2983 3224 salvus
3040 3174 3195 3225 esset
3244 3168 3443 3243 (Matth.
3490 3186 3548 3238 x,
3609 3172 3830 3245 xxxv):

496 3256 657 3312 MEM.
688 3286 756 3297 -
790 3279 815 3306 ιε
848 3254 1147 3319 Quomodo
1179 3254 1351 3310 dilexi
1386 3256 1574 3328 legem
1605 3255 2064 3325 tuam,Domine?
2094 3244 2137 3310 C
2172 3263 2229 3314 et
2259 3257 2396 3330 quia
2424 3263 2486 3312 tu
2518 3256 2784 3330 posuisti,
2818 3258 2946 3313 ideo
2975 3274 3140 3329 quam
3182 3258 3373 3314 dulcia
3398 3263 3526 3315 sunt
3556 3244 3823 3330 {crucibus

421 3367 452 3397 ‹‹
481 3349 607 3402 tota
636 3346 729 3401 die
759 3345 1060 3401 meditatio
1092 3361 1219 3400 mea
1251 3349 1357 3400 est.
1379 3345 1566 3417 Super
1601 3344 1872 3403 inimicos
1903 3362 2063 3402 meos

424 3456 454 3485 «
479 3434 826 3507 prudentem
856 3449 952 3488 me
984 3433 1168 3488 fecisti
1201 3433 1477 3488 mandato
1505 3437 1628 3505 tuo,
1652 3434 1789 3506 quia
1818 3434 1876 3488 in
1904 3438 2064 3490 aeter-

306 3568 323 3575 -
421 3545 452 3574 ‹‹
475 3540 621 3578 num
649 3521 794 3577 mihi
839 3527 948 3578 est.
993 3522 1181 3593 Super
1200 3538 1404 3578 omnes
1425 3522 1697 3579 docentes
1749 3540 1841 3578 me
1888 3522 2061 3578 intel-

422 3634 451 3663 ‹‹
484 3611 764 3685 lexi,quia
791 3611 1129 3668 testimonia
1145 3617 1247 3667 tua
1267 3611 1568 3667 meditatio
1601 3628 1730 3667 mea
1759 3614 1950 3669 est.Su
1960 3630 2064 3685 per

420 3725 449 3752 «
478 3718 648 3759 senes
677 3700 952 3772 intellexi,
1002 3700 1141 3772 quia
1188 3702 1467 3756 mandata
1520 3706 1622 3755 tua
1679 3702 1936 3772 quaasivi.
1980 3703 2060 3758 Ab

419 3813 449 3861 ᾳ
481 3791 641 3848 omni
669 3791 764 3846 via
809 3789 965 3846 mala
993 3789 1265 3863 prohibui
1317 3790 1492 3861 pedes
1536 3806 1718 3855 meos,
1754 3795 1818 3844 ut
1867 3795 2060 3847 custo-

426 3901 454 3932 ιι
482 3880 640 3935 diam
670 3880 849 3935 verba
876 3882 1045 3935 tua.A
1070 3880 1312 3951 judiciis
1332 3879 1450 3934 tuis
1473 3895 1587 3933 non
1611 3877 2062 3950 declinavi,quia

424 3990 454 4018 «
480 3973 547 4023 tu
578 3968 766 4040 legem
824 3968 1071 4039 posuisti
1108 3969 1272 4024 mihi.
1306 3970 1490 4034 Quam
1543 3966 1738 4023 dulcia
1794 3968 2061 4025 faucibus

421 4078 451 4107 ‹‹
484 4055 631 4111 meis
659 4055 891 4126 eloquia
918 4061 1022 4111 tua
1051 4074 1227 4128 super
1255 4057 1370 4113 mel
1396 4057 1481 4113 ori
1505 4074 1633 4112 meo
1659 4057 1736 4111 lA
1770 4058 2062 4113 mandatis

420 4168 449 4196 ‹‹
480 4145 603 4200 tuis
632 4143 909 4215 intellexi,
943 4149 1243 4216 propterea
1297 4146 1446 4202 odivi
1495 4162 1729 4202 omnem
1783 4146 2063 4202 viamini-

419 4256 449 4286 ‹‹
481 4232 743 4306 quitatis.
779 4254 809 4283 η

1038 4323 1302 4377 ENARRA
1314 4323 1436 4379 T10.

491 4435 519 4463 «
550 4411 851 4479 Quomodo
883 4410 1058 4468 dilexi
1091 4410 1278 4484 legem
1307 4417 1470 4468 tuam
1502 4414 1746 4469 Domine
1769 4415 1939 4470 itota
1969 4415 2061 4471 die

418 4502 719 4560 meditatio
750 4518 881 4559 mea
910 4506 1036 4570 est;
1065 4524 1093 4552 »
1124 4502 1291 4574 quasi
1334 4502 1525 4558 dicat:
1559 4504 1705 4570 Quia
1732 4505 2063 4560 mandatum

417 4602 572 4649 tuum
600 4592 770 4650 valde
812 4596 902 4648 est
946 4592 1139 4663 latum,
1173 4591 1304 4647 ideo
1360 4591 1535 4647 dilexi
1581 4594 1751 4663 legem
1806 4598 1960 4649 tuam
1993 4609 2059 4649 eo
2095 4613 2137 4677 D

417 4684 590 4738 modo
622 4697 737 4753 quo
768 4680 1065 4753 diligenda
1095 4684 1200 4737 est.
1238 4680 1382 4738 Nam
1416 4685 1525 4737 tota
1560 4683 1667 4749 die,
1703 4683 1762 4737 id
1795 4686 1883 4738 est
1911 4683 2057 4739 assi-

416 4769 834 4837 due,meditalio
870 4786 993 4825 mea
1021 4779 1115 4826 est.
1137 4770 1259 4826 Tali
1287 4770 1662 4826 meditatione
1692 4777 2060 4844 expugnatur

416 4855 728 4928 cupiditas,
750 4873 875 4928 quis
893 4873 1044 4928 saepe
1069 4856 1350 4913 faciendis
1373 4857 1516 4929 legis
1533 4858 1901 4928 jussionibus
1920 4876 2053 4915 con-

414 4944 680 5002 tradicit:
707 4944 847 5017 quia
866 4950 1062 5000 autem
1082 4950 1206 5000 tota
1234 4946 1326 5002 die
1357 4947 1676 5002 meditatur
1704 4947 1763 5003 in
1795 4947 1920 5021 lege
1946 4949 2055 5004 Do-

415 5036 582 5103 mini,
615 5051 848 5092 omnem
899 5033 1136 5105 expellit
1181 5053 1215 5090 a
1259 5053 1321 5091 se
1365 5036 1765 5108 cupiditatem.
1800 5061 1828 5087 «
1870 5039 2058 5110 Super

413 5125 686 5182 inimicos
718 5140 877 5181 meos
907 5124 1251 5197 prudentem
1285 5142 1378 5180 me
1410 5126 1596 5181 fecisti
1625 5127 1900 5182 mandato
1930 5133 2053 5196 tuo,

413 5215 552 5287 quia
579 5215 639 5270 in
670 5218 951 5271 aeternum
986 5213 1126 5269 mihi
1160 5218 1268 5269 est.
1308 5237 1329 5262 ι
1366 5214 1539 5278 Quasi
1585 5216 1774 5271 dicat:
1812 5216 1941 5272 Ideo
1969 5217 2054 5272 di-

412 5304 528 5360 lexi
556 5306 727 5376 legem
753 5303 1074 5375 tuam,quia
1105 5303 1163 5357 in
1196 5303 1325 5375 ipsa
1353 5302 1477 5376 lege
1506 5306 1685 5374 fecisti
1712 5322 1798 5361 me
1809 5308 2055 5377 prurien-

410 5408 518 5449 tem
545 5409 714 5465 super
737 5393 995 5449 inimicos
1024 5409 1186 5447 meos.
1223 5392 1450 5448 Inimici
1481 5395 1717 5449 fuerunt
1746 5394 2059 5451 carnaliter

407 5481 594 5553 legem
630 5480 1041 5554 intelligentes,
1075 5480 1191 5537 illis
1223 5481 1321 5553 qui
1355 5481 1741 5553 spiritualiter
1768 5482 2056 5556 legcmin-

407 5569 779 5639 tellexerunt,
811 5569 967 5625 velut
998 5570 1098 5624 ﬁlii
1126 5570 1417 5643 Agar,qui
1448 5571 1510 5625 in
1535 5572 1873 5628 servitutem
1904 5572 2055 5630 ﬁlios

413 5659 759 5735 generantes
796 5655 1020 5713 inimici
1069 5659 1305 5713 fuerunt
1360 5657 1498 5715 filiis
1552 5664 1704 5715 Sara
1758 5659 1901 5731 (Gal.
1934 5662 2050 5734 iv):

2170 3350 2305 3402 meis
2328 3348 2543 3418 eloquia
2573 3355 2691 3414 tua,
2723 3346 2990 3402 lancibus
3031 3347 3300 3403 videlicet
3347 3347 3569 3414 cordis,
3602 3353 3662 3406 et
3710 3366 3823 3406 non

2170 3440 2402 3491 tantum
2434 3435 2628 3491 dulcia
2657 3440 2796 3491 sunt
2822 3435 2966 3490 mihi
2999 3436 3069 3491 ad
3121 3436 3574 3494 aediﬁcationem
3610 3455 3820 3507 meam,

2172 3526 2271 3580 sed
2304 3525 2478 3579 etiam
2501 3526 2587 3579 ori
2614 3540 2731 3580 meo
2753 3528 2894 3580 sunt
2924 3524 3300 3595 dulciasuper
3328 3528 3536 3594 mel,ut
3565 3534 3818 3584 eructem

2172 3614 2271 3668 illa
2300 3614 2371 3668 ad
2404 3612 2843 3669 aediﬁcationem
2894 3614 3335 3686 proximorum:
3372 3617 3515 3688 quia
3567 3617 3697 3688 plus
3723 3631 3817 3691 me

2171 3702 2417 3757 delectat
2453 3702 2703 3772 proximi
2734 3702 3057 3770 aedificatio,
3091 3719 3271 3774 quam
3303 3703 3421 3760 alia
3449 3708 3808 3761 terrenarum

2171 3806 2365 3845 rerum
2384 3789 2630 3845 dulcedo
2656 3794 2734 3845 :et
2761 3790 2870 3846 hoc
2900 3808 2932 3846 α
2961 3791 3242 3847 mundatis
3261 3795 3377 3848 tuis
3397 3792 3807 3847 intellexiJian-

2171 3879 2305 3933 data
2336 3878 2435 3934 Dei
2460 3877 2754 3951 intelligit,
2783 3880 2922 3951 quia
2950 3897 3018 3935 ea
3044 3880 3105 3935 in
3137 3898 3309 3953 opere
3342 3879 3611 3937 ostendit.
3639 3879 3801 3936 Unde

2169 3966 2312 4021 illud
2340 3967 2538 4039 :Cupis
2558 3968 2905 4038 sapientiam
2925 3968 3125 4025 ?serva
3153 3968 3417 4026 mandata
3447 3968 3817 4044 (Matthaux).

2171 4056 2251 4111 Ad
2276 4056 2625 4129 sapientiam
2643 4056 2800 4112 enim
2823 4059 3157 4130 pervenitur
3172 4058 3542 4115 occultorum
3566 4077 3672 4133 per
3689 4060 3828 4116 obe-

2172 4144 2450 4200 dientiam
2483 4146 2915 4202 mandatorum.
2951 4147 3019 4202 Et
3046 4146 3190 4203 illud
3219 4166 3232 4203 :
3279 4148 3385 4213 Qui
3447 4150 3695 4222 apponit
3724 4165 3823 4207 sa-

2170 4233 2471 4306 pientiam,
2501 4236 2739 4307 apponit
2795 4235 3054 4291 dolorem
3107 4237 3300 4309 (Eccle.
3334 4236 3395 4308 ι).
3437 4242 3487 4291 Α
3519 4237 3825 4305 mandatis

2171 4323 2288 4377 tuis
2319 4322 2945 4396 intellexi,«propterea
2974 4324 3126 4381 odivi
3159 4342 3396 4382 omnem
3416 4326 3583 4383 viam
3615 4324 3831 4400 iniqnip

2169 4413 2328 4477 tatis,
2364 4435 2391 4461 »
2425 4413 2565 4484 quia
2592 4411 2791 4468 nullus
2821 4414 3073 4484 perfecte
3121 4424 3280 4471 amat
3308 4415 3694 4483 charitatem,
3726 4414 3831 4489 qui

2170 4516 2287 4555 non
2318 4500 2493 4557 habet
2512 4502 2643 4557 odio
2672 4501 3064 4575 iniquitatem.

2242 4637 2393 4693 NUN.
2417 4668 2486 4678 -
2518 4659 2547 4686 ‹‹
2575 4641 2836 4693 Lucerna
2857 4637 3103 4709 pedibus
3125 4637 3271 4696 meis
3292 4639 3547 4699 verbum
3568 4645 3837 4709 tuum,et

2174 4748 2203 4777 ί(
2234 4726 2432 4782 lumen
2466 4725 2690 4783 semitis
2722 4726 2889 4782 meis.
2920 4726 3122 4783 Juravi
3179 4734 3236 4783 et
3293 4729 3473 4786 statui
3523 4732 3839 4788 custodire

2169 4839 2196 4867 ‹‹
2211 4814 3195 4887 judiciajustitiaatute.Humiliatus
3211 4833 3345 4875 sum
3362 4834 3833 4892 usquequaque,

2170 4927 2191 4955 α
2230 4905 2468 4961 Domine
2494 4923 2506 4961 :
2532 4904 2758 4960 vivifica
2779 4921 2872 4960 me
2891 4907 3217 4962 secundum
3239 4907 3483 4964 verbum
3504 4910 3837 4966 tuum.Vo—

2166 5018 2193 5044 ‹‹
2228 4994 2484 5050 luntaria
2538 4994 2655 5049 oris
2711 4994 2825 5049 mei
2884 4994 3251 5066 beneplacita
3306 4997 3417 5064 fac,
3466 4999 3839 5064 Domine,et

2169 5106 2195 5133 ‹‹
2219 5082 2446 5154 judicia
2464 5088 2568 5139 tua
2588 5084 2727 5140 doce
2749 5100 2862 5139 me.
2883 5084 3095 5141 Anima
3114 5101 3244 5141 mea
3265 5085 3325 5141 in
3358 5085 3647 5145 manibus
3679 5088 3836 5145 meis

2166 5194 2194 5221 ‹‹
2227 5176 2540 5244 semper,et
2560 5171 2745 5245 legem
2759 5177 2920 5228 tuam
2942 5190 3057 5228 non
3082 5190 3217 5230 sum
3238 5173 3835 5234 oblitus.Posuerunt

2166 5282 2194 5312 ‹‹
2228 5265 2558 5333 peccatores
2583 5260 2859 5333 laqueum
2885 5262 3115 5332 mihi,et
3134 5262 3206 5319 de
3227 5263 3527 5321 mandatis
3548 5265 3675 5322 tuis
3711 5282 3832 5321 non

2166 5374 2194 5400 «
2227 5351 2430 5407 erravi.
2471 5351 2811 5406 Haereditate
2864 5351 3147 5423 acquisivi
3204 5353 3553 5411 testimonia
3599 5360 3711 5410 tua
3767 5355 3829 5410 in

2166 5464 2192 5488 ‹‹
2227 5444 2532 5507 aeternum,
2567 5440 2705 5510 quia
2729 5439 3040 5495 exsultatio
3072 5440 3266 5498 cordis
3301 5442 3418 5498 mei
3454 5447 3618 5499 sunt.
3645 5441 3827 5499 India

2168 5550 2195 5579 ‹‹
2228 5528 2360 5585 navi
2388 5545 2487 5584 cor
2516 5545 2713 5585 meum
2744 5529 2815 5584 ad
2842 5529 3140 5589 faciendas
3179 5531 3643 5600 iustiﬁcationes
3681 5537 3826 5589 tuas

2170 5640 2191 5669 ι
2226 5618 2287 5675 in
2312 5622 2614 5687 aeternum,
2648 5624 2883 5692 propter
2912 5618 3379 5679 retributionem.
3416 5643 3441 5681 ι
