4024 6192
225 373 342 438 7M

1343 369 1948 438 ENAR-RA'I‘IONES
1991 368 2069 465 In
2120 369 2498 433 PSALMOS.

3499 368 3618 430 '76!
3651 375 3656 378 ’

225 515 401 582 tuum,
429 508 486 566 id
509 514 620 578 est,
644 511 967 568 secundum
987 510 1139 583 quod
1163 515 1224 565 tu
1241 512 1468 583 justum
1489 509 1738 580 judicas,
1759 507 1867 562 sci-
1896 506 1950 571 Α
1981 529 2007 554 ‹‹
2043 506 2404 576 Principium
2426 506 2733 562 verborum
2747 505 2982 560 tuorum
3002 499 3236 566 veritas,
3252 499 3310 554 in
3335 505 3620 554 aeternum

221 599 358 656 licet
379 601 705 656 secundum
728 602 1002 657 meritum
1029 601 1202 657 etiam
1228 617 1424 655 meum
1449 599 1664 667 vivifica
1682 615 1784 664 me,
1809 597 1866 651 id

219 697 328 756 est,
363 691 450 744 t'ac
483 706 576 746 me
605 691 898 746 custodire
930 691 1208 745 mandata
1245 695 1366 752 tua.
1417 690 1570 760 quod
1605 691 1693 742 est
1723 687 1866 742 mihi

216 779 354 834 vita.
374 778 473 834 Vel
491 780 634 835 audi
652 796 839 836 vocem
859 797 1035 835 meam
1059 780 1381 834 secundum
1409 776 1867 833 misericordiam

217 874 382 924 tuam
403 867 498 924 hic
522 869 582 923 in
607 869 899 941 praesenti,
925 886 996 924 ne
1015 869 1305 934 deﬁciam,
1329 873 1387 922 et
1406 868 1466 922 in
1495 868 1870 937 futurojusto

206 957 436 1028 judicio
487 959 705 1029 viviﬁca
759 975 861 1025 me,
905 959 1101 1012 dando
1153 958 1294 1012 mihi
1341 957 1520 1012 vitam
1569 961 1866 1010 aeternam.

215 1048 825 1117 Appropinquaverunt
850 1051 1229 1118 persequentes
1277 1064 1382 1101 me.
1434 1047 1500 1101 Et
1521 1047 1752 1116 justum
1783 1048 1873 1099 est

217 1141 286 1190 ut
329 1151 424 1190 me
476 1136 1047 1208 appropinquantem
1085 1137 1355 1206 justitiaa,
1407 1135 1698 1190 viviﬁces:
1732 1133 1872 1204 quia

221 1247 252 1274 α
287 1230 705 1295 persequentes
736 1242 827 1280 me
859 1222 1812 1296 appropinquaveruntiniquitati.
1841 1244 1868 1270 ››

216 1317 369 1368 Sunt
382 1315 624 1384 quidam
637 1313 697 1368 in
720 1313 1050 1384 iniquitate,
1067 1315 1165 1368 sed
1193 1315 1382 1386 magis
1402 1313 1708 1385 magisque
1721 1328 1870 1366 sem-

217 1418 323 1473 per
352 1402 847 1474 appropinquant,
881 1403 981 1458 sed
1013 1420 1049 1456 a
1073 1404 1189 1471 lege
1211 1412 1306 1458 tua
1339 1403 1500 1473 longe
1529 1400 1873 1456 ﬁunt.Licet

216 1491 336 1545 ista
355 1491 666 1561 conjuncta
687 1491 824 1558 sint,
847 1496 1042 1547 tamen
1065 1492 1223 1547 aliud
1246 1497 1335 1548 est
1356 1510 1391 1547 a
1422 1491 1549 1563 lege
1585 1491 1684 1545 Dei
1708 1489 1872 1545 elon-

215 1578 367 1651 gari,
401 1578 560 1634 aliud
591 1584 678 1635 est
710 1579 1028 1652 iniquitati,
1063 1581 1555 1653 appropinquare.
1585 1581 1687 1634 Est
1714 1579 1870 1634 enim

215 1667 694 1740 appropinquare
757 1669 1075 1741 iniquitati,
1117 1671 1256 1725 vitia
1303 1670 1568 1742 diligere,
1617 1672 1674 1723 et
1723 1668 1873 1722 mala

1978 618 2005 645 ‹‹
2040 596 2236 650 omnia
2256 595 2481 664 judicia
2503 595 2746 666 justitiae
2784 598 2915 649 tuae.
2952 615 2980 641 ››

2599 684 2996 740 ENARRATIO.

2049 775 2129 830 Ne
2149 775 2443 829 videretur
2464 774 2573 829 iste
2595 774 2782 828 fidelis
2804 791 2870 827 ex
2892 772 3224 844 arrogantia
3251 771 3390 826 talia
3412 770 3620 826 merita

1978 863 2372 936 proposuisse,
2395 880 2528 918 cum
2547 863 2725 918 dicit:
2761 885 2788 912 ‹‹
2813 861 3080 930 clamavi,
3119 860 3368 933 praeveni
3398 860 3456 914 in
3491 877 3618 914 ma—

1978 954 2232 1020 turitate,
2268 956 2670 1024 prevenerunt
2700 951 2850 1005 oculi
2879 952 3014 1018 mei,
3051 974 3077 1000 ››
3100 950 3407 1022 subjungit
3431 949 3620 1004 humi-

1979 1042 2226 1106 litatem,
2251 1059 2378 1113 quie
2410 1045 2584 1112 caput
2614 1045 2670 1096 et
2702 1040 2862 1112 origo
2885 1045 2941 1095 et
2961 1041 3096 1094 ﬁnis
3117 1046 3204 1096 est
3225 1041 3490 1094 omnium
3514 1040 3620 1094 vir-

1981 1136 2195 1194 tutum,
2229 1137 2283 1186 et
2324 1130 2588 1202 singulas
2634 1131 2943 1184 conﬁrmat
3019 1131 3181 1184 Sicut
3230 1130 3387 1184 enim
3419 1145 3624 1185 omnes

1981 1238 2191 1277 sensus
2212 1221 2410 1292 vigent
2433 1236 2500 1274 ex
2516 1219 2725 1291 capite,
2750 1236 2864 1289 quo
2887 1219 3099 1282 oblato,
3127 1235 3339 1290 corpus
3361 1223 3626 1273 remanet

1980 1314 2222 1366 truncus
2254 1311 2381 1365 sine
2413 1310 2669 1371 nomine,
2703 1309 2782 1362 ita
2813 1325 3017 1363 omnes
3048 1307 3290 1362 virtutes
3334 1307 3530 1380 vigent
3558 1325 3627 1362 ex

1981 1399 2331 1465 humilitate,
2365 1416 2481 1470 qua
2510 1397 2762 1462 sublata,
2809 1401 3026 1451 caetera:
3060 1412 3164 1450 nec
3209 1397 3454 1451 virtutes
3484 1401 3625 1451 sunt

1982 1489 2372 1544 nominandae.
2400 1489 2513 1543 Iste
2535 1488 2934 1542 conformatus
2956 1485 3128 1556 capiti
3144 1486 3295 1555 quod
3317 1486 3376 1539 in
3393 1485 3625 1539 humili-

1980 1583 2097 1634 tate
2128 1579 2440 1650 prcecessit,
2485 1583 2541 1631 et
2585 1576 2771 1647 legem
2821 1575 3010 1647 ipsius
3059 1573 3412 1628 humilitatis
3443 1575 3623 1639 dedit,

1983 1673 2108 1723 orat
2137 1672 2202 1721 ut
2233 1666 2515 1722 Dominus
2547 1682 2681 1720 eum
2713 1664 2918 1736 eripiat
2957 1681 2990 1719 a
3020 1663 3527 1734 persequentibus,
3552 1680 3624 1719 ne

212 1773 407 1829 agere.
445 1763 631 1829 Longe
660 1775 795 1814 vero
828 1775 862 1812 a
895 1758 1019 1831 lege
1069 1759 1169 1814 Dei
1220 1759 1362 1825 ﬁeri,
1415 1765 1504 1815 est
1543 1759 1788 1813 virtutes
1817 1762 1874 1812 et
1982 1755 2306 1813 consimilis
2335 1756 2420 1812 eis
2447 1755 2769 1810 efficiatur:
2803 1758 2859 1808 et
2889 1758 2956 1808 ut
2984 1754 3043 1807 in
3078 1753 3270 1808 futuro
3301 1753 3625 1807 secundum

220 1846 380 1902 bona
409 1863 584 1917 opera
618 1846 932 1918 negligere.
985 1847 1085 1902 Vel
1131 1849 1526 1904 necessarium
1579 1851 1666 1902 est
1696 1850 1761 1900 ut
1781 1862 1874 1900 me
1904 1881 1950 1944 B
1985 1845 2436 1918 promissionem
2467 1861 2637 1899 suam
2657 1843 2907 1899 viviﬁcet
2927 1859 3082 1906 eum,
3107 1841 3414 1913 praetendit
3435 1840 3623 1914 ipsam

209 1934 646 2007 vivifices,quia
668 1956 690 1982 κ
710 1943 1128 2007 persequentes
1148 1954 1239 1992 me
1253 1937 1874 2009 appropinquaverunt
1904 1934 1948 1944 ”
1985 1935 2402 2001 humilitatem,
2437 1934 2520 1988 sic
2549 1934 2752 1988 dicens
2778 1950 2790 1988 :

213 2022 537 2094 iniquitati,
571 2047 599 2074 »
635 2024 692 2078 id
723 2028 832 2088 est,
881 2025 1140 2088 volentes
1189 2043 1279 2081 me
1329 2027 1439 2082 sibi
1481 2027 1870 2088 conformare,
2066 2023 2193 2078 Vide
2223 2024 2592 2078 humilitatem
2619 2039 2817 2077 meam.
2867 2022 3130 2089 Domine,
3161 2019 3290 2074 vide
3333 2019 3633 2075 humilita-

216 2113 628 2183 persequendo
653 2113 844 2185 magis
865 2114 1171 2186 magisque
1195 2115 1670 2186 appropinquant
1690 2114 1877 2169 defor-
1985 2116 2102 2168 tem
2137 2130 2326 2168 meam
2361 2113 2430 2168 ad
2465 2113 2592 2178 hoc,
2627 2118 2691 2166 ut
2722 2114 2987 2182 respectu
3033 2109 3193 2165 illius
3231 2108 3446 2180 eripias
3477 2125 3568 2163 me
3598 2125 3632 2162 a

1989 2202 2511 2274 persequentibus;
2545 2201 2685 2272 quia
2731 2199 3270 2271 appropinquantes
3315 2197 3631 2267 iniquitati,

1999 2291 2201 2347 volunt
2231 2308 2324 2345 me
2354 2291 2716 2346 conformare
2745 2289 2855 2345 sibi
2881 2306 2893 2342 :
2947 2293 3004 2343 et
3031 2288 3160 2342 ideo
3189 2289 3338 2357 eripe
3369 2303 3473 2351 me,
3508 2287 3637 2356 quia

1992 2381 2159 2450 legem
2190 2383 2350 2434 tuam
2380 2396 2488 2434 non
2517 2396 2637 2433 sum
2661 2379 2884 2446 oblitus,
2909 2377 2964 2431 id
2987 2380 3094 2446 est,
3118 2375 3307 2446 ipsam
3333 2373 3632 2430 humilita-

1987 2473 2126 2530 tem,
2162 2485 2335 2539 quam
2369 2473 2429 2522 tu
2463 2472 2519 2522 et
2548 2467 2738 2522 verbis
2771 2465 3116 2537 praecepisti,
3166 2464 3404 2518 dicens:
3443 2463 3634 2517 Discite

1988 2575 2022 2613 a
2049 2575 2154 2626 me,
2187 2559 2316 2629 quia
2353 2559 2506 2612 mitis
2555 2573 2675 2611 sum
2718 2559 2765 2610 et
2814 2555 3041 2609 humilis
3083 2552 3239 2608 corde
3271 2551 3474 2621 (Matth.
3507 2551 3588 2621 x1)
3617 2566 3628 2603 :

219 2199 417 2254 mitati
439 2205 497 2255 et
519 2201 797 2267 tenebris,
822 2207 879 2257 et
903 2202 1075 2274 longe
1098 2203 1249 2258 fiunt
1287 2221 1320 2258 a
1338 2203 1464 2275 lege
1483 2211 1586 2258 tua
1614 2220 1626 2257 :
1651 2203 1873 2257 dictum

217 2303 256 2340 a
291 2287 685 2344 similitudine
714 2290 992 2361 alicujus,
1023 2293 1120 2362 qui
1149 2297 1370 2364 quanto
1403 2292 1592 2363 magis
1621 2293 1877 2348 tenebris

215 2377 746 2448 appropinquaret,
801 2383 965 2434 tanto
1013 2381 1202 2453 magis
1262 2381 1632 2454 elongaretur
1663 2399 1696 2435 a
1725 2380 1873 2437 luce.

213 2464 409 2534 Prope
436 2481 492 2519 es
523 2470 603 2530 tu,
634 2469 890 2523 Domine.
935 2469 1005 2522 Et
1025 2485 1096 2523 ne
1114 2469 1329 2541 aliquis
1353 2475 1584 2541 putaret
1602 2486 1702 2525 eos
1725 2470 1879 2541 quia

212 2551 349 2623 lege
380 2551 482 2606 Dei
515 2552 890 2626 longetiunt,
936 2559 1114 2612 etiam
1146 2559 1194 2613 si
1237 2559 1541 2630 paeniteret
1570 2575 1690 2624 eos,
1722 2575 1878 2613 nun-

212 2657 402 2712 quam
425 2643 694 2711 possead
716 2643 1034 2700 Dominum
1063 2647 1294 2716 reverti,
1335 2647 1511 2702 dicit:
1534 2648 1615 2701 Ex
1635 2663 1700 2702 eo
1721 2648 1877 2718 quod

211 2733 364 2784 sunt
380 2731 926 2802 appropinquantes
939 2733 1255 2805 iniquitati,
1272 2752 1386 2790 non
1403 2735 1624 2790 habent
1642 2751 1881 2790 excusa-

206 2816 444 2872 tionem
498 2819 668 2889 quasi
723 2836 839 2875 non
887 2828 1128 2892 possent
1176 2823 1394 2878 habere
1447 2824 1795 2895 adjutorem,
1831 2823 1881 2877 si

211 2905 444 2961 vellent
473 2907 781 2978 respicere,
811 2909 953 2980 quia
979 2913 1059 2978 tu,
1095 2913 1347 2977 Domine,
1377 2927 1542 2984 prope
1570 2929 1646 2980 es,
1678 2911 1734 2964 id
1768 2917 1877 2976 est,

210 2994 564 3051 misericors
616 3012 679 3051 es
711 3004 768 3052 et
788 3014 1007 3068 pronus
1038 2999 1110 3053 ad
1143 3000 1604 3057 subveniendum
1632 3019 1643 3056 :
1667 3005 1725 3055 et
1745 3017 1878 3055 cum

204 3088 283 3138 tu
319 3099 498 3155 prepe
531 3085 637 3150 sis,
674 3091 730 3140 et
762 3085 844 3140 illi
876 3104 991 3141 non
1021 3094 1454 3153 convertantur,
1491 3107 1606 3144 non
1646 3094 1735 3144 est
1773 3089 1878 3144 tibi

206 3172 668 3244 imputandum,
692 3190 826 3229 cum
851 3191 1035 3230 omnes
1050 3179 1152 3232 viae
1172 3182 1281 3232 tum
1301 3179 1664 3246 sintveritas,
1690 3177 1747 3231 id
1770 3182 1878 3244 est,
1921 3247 1932 3249 _
1993 3194 2085 3231 me
2107 3177 2207 3248 qui
2232 3194 2438 3232 servus
2460 3183 2596 3231 tuus
2619 3194 2749 3232 sum
2776 3177 2868 3231 hic
2891 3177 3195 3249 flagellari,
3239 3177 3553 3246 nejudicer
3570 3177 3630 3230 in

205 3266 280 3317 et.
322 3261 504 3330 justas
531 3261 651 3316 sint
691 3263 917 3333 judicia
960 3269 1148 3320 tua'et
1178 3283 1331 3329 vera,
1362 3266 1421 3320 in
1455 3283 1521 3321 eo
1554 3268 1679 3337 ipso
1711 3266 1868 3336 quod
1904 3247 1945 3312 C
1983 3247 2200 3320 futuro.
2230 3266 2374 3320 Nam
2406 3282 2521 3318 non
2557 3265 2702 3319 servi
2741 3265 2827 3318 tui
2877 3247 2994 3318 hic“
3018 3265 3310 3331 florentes,
3347 3264 3402 3316 in
3438 3265 3631 3317 futuro

205 3347 364 3405 illos
384 3366 656 3405 excaecas.
695 3350 798 3406 Vel
819 3351 902 3406 ita
921 3352 1028 3406 hac
1065 3353 1299 3423 fiducia,
1341 3360 1406 3408 ut
1445 3354 1651 3408 audias
1680 3369 1880 3407 vocem
1990 3353 2467 3423 suntjudicandi.
2495 3353 2629 3406 Plus
2660 3353 2818 3416 dicit,
2838 3353 3037 3420 judico
3057 3351 3353 3422 judicium,
3379 3367 3554 3422 quam
3579 3351 3627 3405 si

212 3455 424 3494 meam
451 3456 552 3494 oro
578 3457 591 3493 :
628 3440 768 3510 quia
794 3445 856 3495 tu
873 3457 930 3495 es
956 3457 1127 3512 prope
1156 3442 1434 3497 omnibus
1473 3441 1881 3496 invocantibus
1988 3441 2225 3506 diceret,
2255 3443 2361 3494 Fac
2382 3441 2683 3509 iudicium.
2712 3440 2877 3494 Multi
2899 3441 3055 3494 enim
3080 3439 3626 3509 faciuntjudicium,

211 3533 300 3584 te.
328 3529 402 3582 Et
423 3527 553 3583 ideo
575 3529 777 3594 etiam,
803 3530 943 3600 quia
961 3546 1148 3585 omnes
1167 3533 1268 3586 viae
1294 3535 1426 3598 tum,
1464 3531 1518 3584 id
1544 3536 1653 3599 est,
1684 3530 1882 3584 omnia
1989 3530 2088 3601 qui
2120 3529 2227 3584 hoc
2258 3530 2412 3600 quod
2437 3529 2822 3599 judicandum
2857 3533 2946 3583 est
2974 3534 3392 3599 exsequuntur,
3427 3533 3482 3583 et
3513 3546 3629 3584 non

208 3622 521 3690 praecepta
565 3622 690 3682 tua,
722 3623 863 3673 sunt
890 3621 1112 3690 veritas,
1153 3620 1211 3673 id
1252 3625 1358 3687 est,
1385 3621 1567 3690 justa.
1599 3621 1762 3674 initio
1790 3635 1878 3674 co-
1981 3619 2268 3688 judicant.
2294 3621 2356 3673 Et
2385 3618 2591 3673 redime
2617 3635 2703 3672 me
2725 3617 2945 3672 scilicet
2968 3636 3000 3672 a
3023 3619 3218 3672 futura
3237 3618 3629 3673 damnatione.

205 3707 411 3777 gnavi.
464 3706 598 3760 Ideo
647 3706 824 3761 etiam
874 3724 974 3762 oro
1023 3712 1089 3762 ut
1127 3707 1335 3763 audias
1364 3724 1561 3764 vocem
1595 3724 1785 3762 meam
1816 3712 1879 3761 ut
1989 3707 2054 3762 Et
2084 3725 2200 3762 non
2229 3707 2727 3779 tantueredime
2772 3723 2884 3775 me,
2935 3707 3034 3761 sed
3076 3705 3250 3760 etiam
3281 3708 3499 3775 viviﬁca
3525 3723 3631 3773 me,

205 3794 566 3852 custodiam
587 3795 864 3849 mandata
877 3801 998 3861 tua,
1013 3798 1144 3868 quia
1156 3797 1490 3869 fundastiea
1507 3799 1875 3863 maternum,
1989 3797 2046 3851 id
2071 3805 2177 3864 est,
2203 3798 2376 3852 vitam
2402 3803 2675 3852 aeternam
2701 3797 2774 3850 da
2789 3795 2930 3849 mihi
2951 3795 3271 3850 secundum
3294 3795 3632 3865 promissio-

199 3882 264 3938 id
288 3887 410 3947 est,
433 3881 515 3935 illi
539 3881 634 3936 cui
659 3882 953 3938 stabiliter
975 3884 1239 3939 fundasti
1263 3901 1332 3940 ea
1352 3891 1408 3940 et
1430 3885 1661 3953 dedisti,
1684 3884 1880 3940 valent
1989 3903 2120 3942 nem
2144 3892 2328 3941 tuam.
2366 3893 2546 3955 Longe
2575 3904 2608 3940 α
2637 3885 3006 3956 peccatoribus
3034 3884 3204 3939 salus.
3240 3885 3454 3938 Revera
3485 3884 3628 3938 vivi—

201 3972 285 4026 ad
313 3969 727 4026 aeternitatem.
760 3972 924 4036 Quod
949 3989 1019 4027 ex
1049 3973 1314 4044 Opposita
1353 3974 1590 4045 cognovi
1623 3975 1695 4028 de
1726 3976 1877 4029 testi-
1989 3975 2186 4030 ﬁcacis
2219 3992 2311 4030 me
2341 3981 2396 4029 et
2427 3975 2675 4030 salutem
2711 3973 2854 4028 mihi
2887 3973 3076 4038 dabis,
3111 3989 3284 4043 quem
3308 3971 3632 4027 tribulatio-

201 4060 430 4115 mom'is
460 4061 593 4126 tuis,
625 4059 781 4115 datis
802 4060 966 4116 initio
990 4062 1196 4132 primis
1219 4063 1560 4134 parentibus
1581 4063 1638 4116 in
1662 4063 1878 4133 quibus
1990 4064 2167 4118 nibus
2197 4064 2502 4134 castigare,
2538 4062 2798 4134 dignaris
2824 4081 2835 4128 ;
2861 4063 2958 4116 sed
2987 4079 3019 4117 a
3042 4061 3441 4133 peccatoribus
3463 4061 3633 4133 longe

1989 2653 2046 2702 et
2061 2646 2324 2718 exemplo
2347 2643 2677 2714 ostendisti,
2702 2643 2936 2713 quando
2958 2647 3011 2696 te
3035 2639 3358 2695 bumiliasti
3381 2639 3450 2694 ad
3475 2655 3630 2693 mor-

1987 2739 2125 2800 tem,
2149 2739 2205 2789 et
2227 2751 2529 2806 nunquam
2554 2731 2847 2788 tradidisti
2887 2728 3180 2786 oblivioni.
3224 2729 3292 2782 Et
3314 2744 3384 2782 ne
3404 2728 3632 2782 videre-

1988 2829 2084 2877 tur
2103 2839 2268 2878 orare
2289 2823 2370 2877 ita
2388 2822 2556 2894 eripi,
2579 2828 2643 2876 ut
2666 2820 2828 2875 nullo
2850 2819 3021 2874 modo
3043 2817 3299 2890 amplius
3314 2820 3630 2889 pateretur,

1991 2912 2228 2984 exponit
2277 2914 2393 2966 ita:
2443 2911 2648 2969 Judica
2693 2911 2960 2981 iudicium
3007 2926 3207 2964 meum.
3259 2907 3382 2963 Non
3417 2921 3516 2962 oro
3546 2905 3632 2960 sic

1989 3000 2153 3072 eripi,
2181 3005 2245 3054 ut
2266 3000 2411 3054 nihil
2435 3001 2642 3071 patiar,
2669 2999 3080 3071 potiusjudica
3099 2999 3196 3053 hic
3217 2996 3633 3069 talejudicium

1991 3089 2145 3159 quod
2179 3090 2256 3143 sit
2281 3105 2482 3154 meum,
2519 3090 2573 3143 id
2607 3096 2716 3158 est,
2751 3088 2893 3143 mihi
2928 3089 3294 3157 conveniens,
3332 3087 3390 3142 id
3413 3092 3518 3154 est,
3546 3088 3633 3142 fac

209 4165 350 4204 non
370 4153 543 4202 erunt
573 4149 842 4215 fundata,
866 4150 1008 4220 quia
1033 4167 1148 4205 non
1189 4157 1328 4206 sunt
1366 4151 1654 4206 custodita
1676 4152 1748 4206 ab
1769 4152 1874 4206 eis.

208 4238 368 4294 Ideo
389 4236 643 4308 cognovi
673 4254 745 4292 ex
772 4238 902 4303 hoc,
938 4239 1079 4310 quia
1106 4238 1238 4294 illos
1287 4240 1346 4294 in
1396 4240 1610 4310 quibus
1637 4239 1879 4295 fundata

204 4329 390 4391 sunt,
418 4325 476 4379 id
496 4329 606 4391 est,
629 4343 665 4382 a
689 4326 909 4397 quibus
931 4328 1180 4382 ﬁrmiter
1200 4328 1630 4394 custodiuntur,
1655 4329 1880 4384 ducunt

203 4415 290 4470 ad
326 4413 518 4468 vitam
545 4418 847 4471 aeternam.
893 4416 1039 4470 Nam
1072 4416 1121 4471 si
1173 4415 1346 4487 primi
1397 4421 1664 4488 parentes
1694 4417 1876 4472 nostri
1986 4418 2331 4474 dilexerunt.
2359 4419 2868 4475 Misericordimuée
2886 4419 3096 4481 multm,
3127 4419 3377 4470 Domine.
3403 4415 3483 4468 Ne
3502 4415 3634 4485 quis

199 4505 465 4575 propter
497 4503 1032 4574 transgressionem
1061 4505 1132 4559 ab
1163 4504 1391 4559 internis
1421 4505 1776 4559 devenerunt
1803 4507 1876 4561 ad
1986 4512 2253 4578 peccator
2277 4507 2562 4578 desperet,
2589 4508 2726 4576 quia
2757 4507 2977 4559 dictum
3009 4510 3117 4572 est,
3150 4506 3356 4571 longea
3375 4506 3628 4574 peccato-

200 4589 598 4660 temporalia,
622 4607 731 4646 nos
756 4597 993 4663 propter
1013 4593 1444 4648 observantiam
1466 4594 1876 4650 mandatorum
1909 4607 1954 4670 D
1989 4598 2144 4652 ribus
2173 4597 2343 4665 salus,
2378 4595 2685 4665 subiungit
2708 4611 2721 4648 :
2755 4595 2798 4648 Ο
2819 4595 3068 4657 Domine.
3100 4592 3495 4648 misericordiae
3523 4601 3635 4648 tua?

201 4679 350 4748 Dei,
381 4695 416 4732 a
443 4679 874 4751 temporalibus
902 4681 1344 4736 sublevabimur
1374 4682 1444 4735 ad
1477 4686 1710 4738 aeterna.
1987 4688 2177 4742 multa:
2204 4693 2352 4754 sunt,
2385 4684 2442 4738 id
2475 4690 2582 4744 est,
2608 4681 2962 4752 multiplices
2985 4679 3234 4735 converti
3259 4679 3586 4736 volentibus
3612 4699 3624 4736 :

285 4767 499 4823 «Ras.
534 4798 602 4809 —-
632 4768 1202 4825 V-idehumilitatem
1235 4786 1426 4825 meam
1475 4776 1532 4824 et
1578 4771 1735 4843 eripe
1765 4789 1876 4844 me,
1989 4780 2047 4830 et
2068 4776 2218 4839 ideo,
2245 4774 2458 4842 viviﬁca
2487 4789 2577 4826 me
2605 4771 2906 4825 secundum
2928 4769 3202 4840 judicium
3233 4774 3408 4835 tuum,
3440 4769 3496 4823 id
3520 4775 3627 4836 est,

195 4879 232 4906 ‹‹
273 4856 430 4927 quia
459 4854 650 4928 legem
681 4861 848 4914 tuam
878 4875 993 4913 non
1028 4875 1160 4913 sum
1193 4857 1428 4914 oblitus.
1482 4859 1690 4914 Judica
1713 4862 1879 4930 judi-
1992 4864 2314 4919 secundum
2343 4862 2448 4916 hoc
2463 4858 3209 4932 quodjustejudtcasillum
3232 4858 3634 4928 cssejudican-

197 4969 232 4996 α
278 4945 752 5001 ciummeumet
768 4946 990 5001 redime
1012 4964 1124 5014 me,
1149 4951 1385 5018 propter
1400 4945 1695 5018 eloquium
1712 4952 1876 5003 tuum
1990 4953 2154 5014 dum,
2180 4951 2335 5022 quia
2359 4951 2608 5020 pueritia
2627 4948 2710 5003 vel
2730 4950 2800 5002 ab
2820 4948 3203 5003 adolescentia
3223 4949 3280 5001 in
3302 4946 3634 5001 humilitate

196 5057 232 5084 ‹‹
277 5033 518 5088 viviﬁca
571 5050 683 5090 me.
742 5034 937 5106 Longe
985 5053 1019 5090 a
1068 5036 1471 5109 peccatoribus
1525 5035 1706 5106 salus,
1743 5039 1880 5108 quia
1990 5046 2046 5094 et
2067 5039 2200 5094 aliis
2223 5038 2512 5110 praedictis
2536 5042 2878 5109 perseveret.
2923 5039 3082 5093 Multi
3111 5040 3208 5108 qui
3235 5039 3637 5107 persequuntur

197 5145 232 5171 ‹‹
265 5120 744 5191 justitlcationes
779 5129 912 5179 tuas
943 5140 1062 5180 non
1105 5124 1524 5195 exquisierunt.
1556 5125 1878 5182 Misericor-
1987 5145 2093 5199 me,
2135 5133 2184 5182 et
2215 5128 2482 5181 tribulam
2510 5143 2612 5180 me.
2650 5127 2885 5180 Viviﬁra
2917 5143 3008 5180 me
3055 5125 3228 5180 etiam
3262 5129 3498 5196 propter
3526 5124 3633 5208 hoc

202 5231 239 5262 α
277 5209 1690 5284 diutummultae,Domine,secundumjudicium
1710 5221 1877 5272 tuum
1990 5217 2130 5289 quia
2157 5233 2269 5270 non
2297 5215 2569 5270 declinavi
2606 5233 2636 5269 a
2672 5217 2994 5270 testimoniis
3021 5216 3148 5277 tuis,
3173 5231 3303 5267 cum
3338 5212 3505 5266 multi
3541 5229 3632 5267 me
3696 5266 3701 5270 _

205 5323 232 5348 ι
274 5298 662 5356 Vistiliae-me.
695 5300 868 5357 Multi
916 5304 1018 5373 qui
1072 5307 1506 5373 persequuntur
1553 5297 1648 5357 me
1674 5309 1732 5358 et
1769 5305 1874 5358 tri-
1990 5310 2499 5378 persequerentur,
2531 5320 2662 5358 cum
2698 5304 2965 5375 fugerent
2995 5304 3063 5357 de
3090 5303 3318 5356 civitate
3348 5303 3403 5355 in
3438 5300 3632 5355 civita—

201 5411 236 5439 ‹‹
265 5387 632 5455 lant-.mc,a-.
668 5390 1188 5446 testimoniistuis
1238 5406 1362 5444 non.
1410 5390 1712 5445 declinavi.
1745 5392 1874 5447 Vidi
1989 5400 2127 5460 tem,
2163 5399 2218 5448 et
2248 5391 2596 5447 tribularent
2645 5392 2974 5463 atﬂigendo.
3036 5393 3158 5446 Vidi
3185 5393 3630 5461 praevaricantes,

194 5501 230 5528 ‹‹
273 5477 843 5548 pravaricantes,et
881 5480 1276 5543 tabescebam,
1325 5477 1464 5549 quia
1499 5477 1750 5549 eloquia
1777 5486 1877 5537 tua
1988 5488 2045 5537 et
2091 5483 2220 5536 ideo
2270 5481 2352 5534 fui
2399 5481 2719 5551 persistens
2770 5481 2826 5533 in
2876 5479 3228 5534 testimoniis
3279 5479 3434 5534 tuis:
3476 5479 3632 5549 quod

196 5588 231 5615 ‹‹
272 5580 407 5620 non
459 5568 884 5624 custodierunt.
937 5569 1082 5624 Vide
1138 5567 1416 5638 quoniam
1461 5568 1740 5623 mandata
1776 5575 1879 5626 tua
1989 5571 2165 5626 etiam
2197 5569 2343 5642 ipsis
2373 5569 2858 5640 persequentibus
2889 5575 2943 5623 et
2973 5568 3392 5623 tribulantibus
3424 5567 3633 5622 condo-

193 5678 228 5703 «
273 5650 796 5728 dilexLAmeine,
824 5655 1334 5714 inmisericordia
1361 5661 1464 5711 tua
1509 5655 1732 5713 viviﬁca
1763 5675 1874 5716 me.
1989 5659 2072 5716 lui
2094 5677 2160 5714 ex
2182 5657 2509 5714 dilectione.
2535 5658 2604 5712 Et
2625 5657 2734 5714 hoc
2753 5663 2843 5714 est
2861 5658 3016 5730 quod
3057 5658 3216 5714 dicit.
3261 5655 3395 5713 Vidi
3417 5671 3630 5730 praeva-

1987 4158 2076 4208 est
2099 4153 2210 4207 ista
2234 4152 2414 4218 salus,
2443 4169 2590 4223 quos
2631 4150 2879 4224 negligis
2918 4168 3021 4222 pro
3044 4151 3294 4222 peccatis
3317 4151 3440 4206 suis
3466 4169 3478 4206 ε
3502 4153 3635 4221 quia

1987 4241 2401 4310 iustiﬁcationes
2458 4251 2596 4307 tuas,
2657 4241 2713 4296 id
2774 4245 2880 4309 est,
2939 4239 3346 4295 tribulationes
3395 4241 3630 4294 easdem

1987 4331 2204 4402 quibus
2234 4330 2692 4400 tuosjustit'icas,
2724 4347 2834 4384 non
2863 4331 3257 4400 exquisierunt,
3294 4329 3348 4381 id
3372 4332 3478 4395 est,
3513 4343 3628 4380 non
