4024 6192
369 339 488 406 ’763
933 344 1231 408 REMIGII
1279 341 2028 407 ANTISSIODORENSIS
2074 342 2245 405 OPP.
2292 344 2489 405 PARS
2536 345 2581 406 l.
2618 379 2693 392 -—
2722 341 3183 409 EXEGETICA.
3640 341 3782 408 πει

368 479 627 544 ricantes,
660 477 716 534 id
749 483 858 542 est,
911 479 1266 535 consideravi
1318 484 1373 534 et
1422 479 1675 535 intellexi
1708 479 2006 535 miseriam
2042 479 2093 542 Α
2122 479 2380 535 hominis
2409 482 2710 536 erubescet
2735 480 2882 552 (Luc.
2918 482 3011 551 1x).
3048 502 3076 529 ››
3107 479 3193 534 Ab
3214 478 3308 534 his
3331 477 3524 535 verbis
3545 476 3765 534 talibus

369 573 806 640 persecutorum
841 586 1124 639 meorum,
1157 569 1302 641 legis
1341 574 1451 625 tuae
1482 575 2005 640 transgressorum,
2121 569 2414 624 intantum
2449 569 2782 625 formidavit
2810 587 2908 624 cor
2929 586 3146 636 meum,
3171 574 3236 622 ut
3254 568 3560 640 praesentis
3581 584 3765 638 pinnas

368 663 426 712 et
455 675 522 712 ex
570 659 1075 714 commiseratione
1126 660 1420 727 contabui,
1473 676 1584 713 non
1637 665 1871 730 prepter
1901 657 2008 711 hoc
2119 658 2491 713 formidinem
2525 659 2760 713 omnino
2807 657 3139 729 expelleret.
3179 659 3426 714 Laetabor
3456 673 3552 724 ego
3597 673 3769 726 super

369 747 506 817 quia
555 749 840 818 persecuti
894 754 1032 803 sunt
1088 766 1198 815 me,
1250 750 1350 804 sed
1407 773 1425 797 «
1477 749 1616 820 quia
1646 747 1875 818 eloquia
1906 750 2008 800 tua
2117 748 2333 817 eloquia
2360 756 2473 802 tua.
2498 748 2884 803 Considerans
2905 764 3039 818 ergo
3067 752 3413 818 praesentem
3435 744 3771 800 tribulatio-

368 852 483 889 non
514 837 936 890 custodierunt.
970 838 1114 892 Vide
1153 839 1430 908 quoniam
1483 838 1760 892 mandata
1790 842 1890 891 tua
1920 835 2005 888 di-
2119 852 2250 891 nem
2275 835 2457 891 levem
2480 840 2536 890 et
2558 836 3297 906 momentaneam,etquasi
3318 833 3618 906 pronibilo
3633 851 3766 888 eam

369 923 499 979 lexi.
533 947 561 974 »
587 926 653 979 Et
674 928 824 996 quod
851 944 965 980 non
991 927 1296 993 declinavi,
1319 932 1375 981 te
1415 927 1598 981 habeo
1638 932 1843 981 testem
1874 944 1885 993 ;
1918 932 2002 992 tu,
2118 931 2415 995 reputans,
2440 925 2508 980 ad
2533 925 3021 996 comparationem
3048 925 3255 979 futurae
3289 923 3763 978 damnationisin

367 1012 630 1083 Domine,
655 1013 780 1068 vide
801 1014 940 1085 quia
960 1015 1157 1069 omnia
1177 1015 1356 1081 vides,
1382 1014 1658 1086 quoniam
1681 1032 1795 1069 non
1815 1014 2004 1069 solum
2116 1013 2274 1068 omni
2292 1012 2690 1083 persecutione
2708 1018 2987 1068 constans
3005 1013 3322 1084 permansi.
3342 1012 3553 1067 Etideo
3567 1013 3763 1067 adhuc

368 1118 402 1155 a
425 1102 776 1157 testimoniis
797 1103 914 1157 tuis
939 1121 1048 1158 non
1073 1103 1376 1170 declinavi,
1402 1106 1500 1158 sed
1533 1103 1708 1159 etiam
1731 1104 2004 1158 mandata
2117 1101 2860 1174 mortalisettragilislzetor
2885 1107 2942 1157 et
2967 1104 3359 1173 iamborsuper
3385 1102 3606 1172 eloquia-
3635 1111 3766 1170 tua,

371 1195 473 1245 tua
495 1190 667 1244 dilexi
696 1209 708 1258 ;
735 1193 887 1262 quod
914 1192 1098 1246 multo
1138 1195 1330 1262 majus
1369 1199 1472 1247 est.
1519 1193 1587 1246 Et
1623 1193 2004 1263 quiameritis
2117 1191 2171 1244 id
2195 1196 2302 1256 est,
2329 1197 2614 1246 contuens
2638 1190 3059 1262 promissiones
3100 1196 3235 1245 tuas
3276 1190 3495 1262 quibus
3521 1189 3764 1244 dixisti:

368 1279 513 1334 meis
535 1280 884 1350 supradictis
909 1282 977 1335 ad
1002 1281 1108 1335 hoc
1131 1299 1242 1335 non
1268 1282 1516 1350 sufﬁcio,
1538 1283 1870 1336 utviviﬁces
1889 1299 1999 1346 me,
2115 1303 2140 1329 ‹‹
2177 1279 2333 1335 Beati
2357 1281 2453 1351 qui
2479 1280 2936 1351 persecutienem
2973 1279 3280 1350 patiuntur
3321 1283 3559 1350 propter
3582 1280 3765 1348 justi-

365 1374 449 1436 tu,
487 1372 736 1433 Domine,
770 1369 1231 1424 consideratione
1265 1370 1673 1425 misericordia:
1705 1377 1836 1437 tuae,
1861 1372 2001 1425 vivi-
2111 1369 2252 1423 tiam
2289 1370 2499 1440 (Matth.
2532 1371 2609 1440 v).
2644 1390 2670 1418 ››
2707 1369 2772 1423 Et
2800 1385 2812 1422 :
2846 1371 3004 1423 Beati
3049 1371 3205 1423 eritis
3249 1385 3375 1422 cum
3427 1383 3517 1422 vos
3546 1368 3770 1422 oderint

365 1459 467 1527 ﬁca
506 1475 591 1512 me
621 1458 735 1514 vita
767 1465 997 1514 aeterna.
1051 1461 1400 1530 Principium
1437 1461 1722 1514 verborum
1755 1466 1998 1513 tuorum.
2112 1458 2354 1512 homines
2375 1459 2523 1528 (Luc.
2549 1458 2649 1528 v1),
2671 1463 2779 1511 etc.
2806 1458 2992 1528 Super
3010 1457 3156 1512 tales
3179 1457 3602 1528 promissiones
3624 1475 3768 1512 con-

364 1546 495 1601 Ideo
527 1558 720 1601 autem
753 1547 924 1602 dilexi
958 1549 1232 1602 mandata
1259 1553 1381 1613 tua,
1436 1549 1575 1618 quia
1621 1565 1734 1602 non
1769 1553 2003 1619 propter
2112 1551 2285 1601 tuens
2302 1547 2490 1618 egoad
2506 1545 2951 1602 similitudinem
2969 1545 3332 1616 alicujusqui
3366 1561 3642 1617 magnam
3666 1562 3768 1616 pe-

364 1635 671 1690 ulilitatem
695 1642 852 1690 tuam
878 1654 944 1690 ea
970 1637 1089 1691 ﬁeri
1111 1637 1456 1708 praecepisti,
1483 1639 1582 1692 sed
1617 1641 1868 1708 propter,
1893 1638 2000 1691 hoc
2111 1637 2344 1690 cuniam
2369 1636 2675 1690 invenerit.
2699 1635 2796 1690 Vel
2819 1635 2911 1689 his
2927 1651 3093 1706 super
3107 1636 3322 1706 eloquia
3336 1637 3436 1689 tua
3454 1635 3764 1700 fundatus,

362 1726 501 1796 quia
520 1728 859 1796 principium
879 1727 1164 1781 verbomm
1183 1735 1426 1790 tuorum,
1449 1727 1504 1780 id
1529 1731 1636 1788 est,
1661 1725 2001 1798 principalis
2111 1727 2336 1780 laetabor
2355 1725 2414 1779 in
2438 1726 2655 1789 futuro,
2681 1729 2877 1796 utpote
2898 1727 2996 1796 qui
3033 1726 3245 1779 invenit
3265 1725 3437 1795 spolia
3473 1725 3681 1786 multa,
3705 1725 3763 1778 id

361 1818 419 1868 et
440 1830 674 1868 summa
697 1815 936 1869 intentio
961 1815 1223 1885 ipsorum
1251 1815 1659 1869 mandatorum
1680 1817 1997 1885 estveritas,
2033 1850 2078 1913 Β
2110 1819 2218 1878 est,
2251 1813 2633 1886 multiplicem
2666 1812 2913 1885 gloriam
2937 1813 3099 1885 regni
3123 1813 3375 1868 caelestis
3400 1831 3412 1868 :
3441 1814 3600 1884 quod
3627 1820 3764 1884 apte

362 1903 415 1956 id
440 1905 727 1972 cst,justa
750 1908 1035 1975 praecepta
1055 1904 1192 1958 data
1231 1909 1371 1958 sunt
1407 1908 1542 1959 ate.
1573 1903 1685 1957 Alii
1727 1921 1796 1958 ea
1816 1903 2004 1960 solent
2033 1901 2077 1913 υ
2113 1901 2367 1974 spolium
2398 1902 2634 1972 dicitur,
2667 1905 2806 1973 quia
2835 1903 2889 1956 vi
2919 1903 3175 1972 quadam
3207 1902 3532 1970 acquiritur
3557 1904 3762 1972 :juxta

359 1991 665 2062 injungere
685 1993 866 2047 servis
894 1992 1018 2045 suis
1050 1997 1354 2062 praecepta,
1388 2009 1515 2062 quae
1539 1992 1609 2046 ad
1633 2008 1800 2046 suam
1829 1993 2003 2063 respi-
2110 1991 2277 2046 illud.
2317 2014 2337 2040 ι
2375 1991 2640 2062 Regnum
2672 1990 2950 2046 caelorum
2982 1990 3100 2046 vim
3155 1991 3393 2062 patitur,
3426 1996 3485 2046 et
3517 1991 3763 2045 violenti

360 2080 522 2134 ciunt
547 2079 880 2134 utilitatem.
913 2080 1066 2134 Deus
1087 2096 1219 2134 vero
1242 2096 1309 2134 ea
1330 2079 1608 2151 injungit,
1643 2097 1769 2151 qua:
1795 2080 2002 2136 facien-
2113 2080 2350 2152 rapiunt
2382 2079 2526 2136 illud
2563 2079 2775 2151 (Matth.
2808 2080 2910 2150 x1).
2943 2080 3074 2135 Ideo
3115 2085 3308 2134 autem
3329 2079 3494 2148 dicit,
3518 2081 3760 2147 invenit,

359 2168 519 2223 tibus
542 2175 678 2222 sunt
702 2167 912 2236 utilita,
937 2185 1052 2224 non
1075 2167 1998 2242 sibi:inaeternumomniajudicia,
2112 2169 2251 2240 quia
2281 2167 2512 2223 nullum
2546 2168 2824 2224 meritum
2873 2169 2945 2223 ad
2991 2167 3154 2222 illam
3201 2167 3450 2240 gloriam
3483 2169 3761 2224 sufficere

351 2257 597 2326 justitia?
619 2265 750 2325 tuae,
774 2257 832 2311 id
858 2261 963 2326 est,
998 2257 1198 2312 omnia
1227 2263 1511 2329 praecepta
1559 2262 1660 2312 tua
1691 2275 1817 2330 quae
1843 2261 2002 2328 juste
2112 2264 2322 2330 potest,
2347 2257 2460 2312 nisi
2481 2256 2534 2312 ei
2554 2257 2725 2312 detur
2743 2256 2940 2310 divina
2974 2256 3370 2312 miseratione.
3402 2258 3764 2327 Iniquitate»!

360 2345 482 2400 ﬁeri
514 2345 744 2416 judicas
768 2346 932 2414 jnsta
954 2350 1130 2401 sunt:
1155 2352 1211 2401 et
1239 2347 1368 2418 ipsa
1404 2345 1676 2402 similiter
1700 2347 2003 2402 observata
2111 2347 2231 2402 odio
2260 2347 2448 2401 habui.
2497 2346 2662 2402 Nunc
2711 2345 3040 2400 ostenditur
3074 2345 3326 2416 qualiter
3354 2343 3458 2400 illa
3488 2346 3768 2416 praedicta

358 2434 580 2488 ducunt
613 2435 671 2488 in
708 2435 1110 2491 aeternitatem.
2111 2435 2225 2491 sibi
2265 2435 2385 2490 sint
2414 2435 2723 2489 medicina.
2764 2434 2848 2488 Ad
2893 2433 3002 2488 hoc
3043 2432 3194 2488 valet
3231 2433 3379 2488 mihi
3408 2435 3763 2504 persecutio,

433 2523 554 2576 ειη.
589 2554 656 2560 —-
689 2544 715 2571 «
751 2523 1048 2593 Principes
1081 2527 1369 2595 persecuti
1393 2531 1532 2579 sunt
1552 2543 1646 2580 me
1667 2525 1868 2595 gratis,
1893 2529 1949 2580 et
1969 2542 2002 2578 a
2111 2525 2264 2596 quod
2289 2523 2568 2595 perillam
2590 2524 2933 2595 castigatus,
2950 2524 3077 2593 jam
3117 2521 3247 2578 odio
3268 2522 3458 2578 habeo
3481 2522 3762 2593 iniquita-

358 2631 385 2657 «
419 2609 612 2662 verbis
625 2610 742 2663 tuis
758 2611 1200 2665 formidavitcor
1213 2614 1700 2668 meum.Laetabor
1710 2630 1815 2684 ego
1829 2630 1895 2668 su
1905 2630 2002 2682 per
2109 2617 2227 2669 tem
2245 2630 2345 2680 pro
2359 2629 2475 2684 qua
2488 2611 2911 2682 castigabar.Et
2925 2610 3763 2682 plusdicitetiamAbominatus

357 2719 384 2746 «
422 2696 789 2768 eloquiatua,
813 2699 1078 2770 sicutqui
1105 2699 1524 2770 invenitspolia
1554 2700 1757 2756 multa.
1778 2703 1998 2774 Iniqui-
2107 2718 2250 2767 sum,
2271 2702 2410 2769 quia
2432 2701 2576 2756 mihi
2599 2701 2850 2756 nefanda
2871 2699 2996 2755 visa
3013 2704 3121 2755 est.
3145 2700 3216 2754 Et
3235 2715 3350 2754 non
3377 2705 3611 2754 tantum
3635 2702 3759 2755 odio

361 2808 388 2836 ‹‹
420 2789 596 2841 tatem
623 2786 753 2842 odio
771 2787 946 2842 habui
967 2788 1408 2842 etabominatus
1426 2788 1784 2861 sum,legem
1805 2794 1999 2845 autem
2108 2791 2280 2845 habui
2306 2792 2678 2860 iniquitatem.
2709 2790 2809 2845 sed
2853 2790 3028 2844 etiam
3080 2789 3258 2857 legem
3289 2797 3442 2844 tuam
3468 2789 3669 2859 dilexi,
3701 2789 3758 2842 id

363 2899 384 2923 ι
423 2880 587 2930 tuam
611 2875 804 2931 dilexi.
827 2877 1049 2946 Septies
1070 2876 1128 2931 in
1152 2875 1243 2932 die
1284 2876 1517 2930 laudem
1558 2877 1673 2931 dixi
1696 2878 1803 2932 tibi
1825 2895 2002 2948 super
2108 2883 2214 2940 est.
2241 2877 2547 2933 dilectione
2576 2895 2704 2934 eam
2744 2877 3044 2950 complevi.
3074 2877 3283 2949 Septies
3316 2879 3377 2932 in
3406 2878 3515 2932 die.
3550 2878 3624 2932 Et
3651 2893 3757 2950 ego

359 2986 386 3013 «
412 2963 894 3034 judiciajustitiae
916 2969 1048 3018 tum.
1075 2965 1188 3019 Pax
1209 2964 1395 3019 multa
1415 2964 1998 3039 diligentibuslegem
2106 2967 2188 3022 ita
2209 2971 2446 3022 curatus
2469 2967 2528 3021 in
2556 2967 2974 3039 persecutione,
3000 2970 3066 3021 ut
3093 2967 3458 3036 iniquitatem
3483 2965 3623 3020 odio
3649 2965 3756 3020 ha-

359 3076 386 3104 ‹‹
421 3059 610 3120 tuam,
643 3059 699 3107 et
729 3069 843 3108 non
874 3058 962 3108 est
999 3053 1116 3108 illis
1165 3055 1527 3110 scandalum.
1578 3056 1997 3127 Exspectabam
2109 3056 2359 3121 buerim,
2389 3060 2444 3111 et
2466 3055 2652 3128 legem
2680 3061 2845 3110 tuam
2868 3053 3188 3121 dilexerim,
3230 3056 3350 3109 dixi
3376 3054 3473 3108 tibi
3501 3053 3747 3118 lawtem,

361 3164 387 3191 α
421 3140 679 3196 salutare
711 3145 900 3207 tuum,
933 3141 1196 3207 Domine,
1246 3148 1303 3198 et
1348 3144 1620 3199 mandata
1665 3150 1768 3200 tua
1798 3145 1994 3200 dilexi.
2035 3209 2069 3218 Α
2110 3145 2167 3200 id
2193 3151 2300 3214 est,
2325 3145 2634 3218 hymnum,
2655 3145 2845 3215 septies
2876 3146 2937 3199 in
2965 3144 3072 3213 die,
3109 3144 3167 3198 id
3205 3148 3311 3214 est,
3334 3148 3453 3198 tota
3468 3141 3577 3196 bac
3603 3141 3744 3208 vita,

358 3252 386 3278 «
420 3230 742 3284 Custodivit
764 3229 960 3284 anima
980 3247 1109 3286 mea
1134 3232 1471 3288 testimonia
1491 3239 1614 3296 tua,
1633 3238 1690 3288 et
1710 3233 1911 3290 dilexit
1932 3252 1999 3291 ea
2029 3209 2071 3275 (ἶ
2110 3252 2238 3306 quae
2259 3239 2482 3307 septem
2506 3233 2733 3289 dierum
2756 3249 3000 3288 numero
3022 3232 3269 3288 volvitur
3284 3249 3297 3286 :
3312 3231 3396 3287 vel
3415 3248 3516 3302 per
3529 3235 3752 3301 septem

362 3339 382 3367 ι
415 3317 806 3374 vehementer.
839 3319 1067 3373 Servavi
1103 3320 1379 3374 mandata
1421 3325 1544 3387 tua,
1576 3326 1632 3376 et
1660 3322 1999 3378 testimonia
2106 3325 2280 3379 horas
2304 3340 2451 3395 quas
2478 3322 2638 3377 omni
2660 3323 2755 3377 die
2785 3323 3173 3377 celebramus.
3225 3320 3323 3376 Vel
3367 3321 3443 3375 ita
3474 3337 3489 3374 :
3518 3325 3629 3391 Ego
3649 3336 3757 3390 po-

357 3429 384 3455 ‹‹
419 3411 540 3476 tua,
575 3408 714 3477 quia
743 3424 949 3462 omnes
978 3407 1081 3462 vite
1114 3425 1253 3463 meze
1287 3410 1345 3463 in
1377 3413 1691 3480 conspectu
1726 3416 1843 3466 tuo.
1881 3434 1908 3460 »
2107 3412 2257 3468 situs
2280 3413 2338 3466 in
2369 3411 2478 3477 die,
2513 3411 2570 3465 id
2602 3415 2709 3480 est,
2734 3410 2793 3464 in
2816 3408 2946 3465 luce
2966 3408 3272 3478 virtutum,
3293 3410 3519 3480 septies,
3553 3409 3608 3463 id
3639 3414 3749 3475 est,

1001 3552 1020 3562 γ,
2109 3517 2210 3574 per
2229 3500 2373 3572 septi
2384 3500 2628 3554 formem
2652 3498 2901 3571 gratiam
2925 3498 3179 3570 Spiritus
3197 3497 3387 3552 sancti
3401 3497 3623 3553 tandem
3634 3497 3749 3551 dixi

971 3549 1380 3606 hNARRATm'
2107 3590 2226 3655 tibi,
2257 3594 2542 3644 contuens
2569 3603 2731 3659 super
2752 3586 2970 3659 judicia
3008 3589 3240 3651 iustitia
3265 3595 3394 3656 tum,
3420 3587 3477 3641 id
3511 3591 3614 3652 est,
3651 3586 3737 3640 in-

426 3673 652 3730 Vulnus
683 3675 912 3741 animae,
943 3678 1245 3745 peccatum
1277 3681 1383 3730 est.
1423 3675 1534 3730 Iste
1563 3675 1742 3747 igitur
1772 3678 1872 3749 qui
1908 3678 1998 3734 hic
2104 3677 2540 3749 telligensjusto
2546 3675 2771 3747 judicio
2786 3680 2886 3731 tuo
2907 3674 3734 3748 mebicﬂagellari.Pa.zmulta

357 3763 497 3835 agit,
523 3762 918 3834 intelligithoc
936 3763 1088 3833 quod
1105 3761 1273 3817 multi
1295 3770 1728 3834 persequuntur
1743 3771 1800 3819 et
1823 3767 1975 3822 tribu
2106 3767 2457 3837 diligentibus
2487 3766 2661 3834 legem
2697 3771 2871 3820 tuam.
2908 3765 3082 3831 Quasi
3129 3764 3346 3837 aliquis
3376 3765 3610 3820 diceret:
3636 3761 3723 3815 Tu

356 3853 481 3908 lant
511 3869 668 3917 eum,
694 3853 806 3907 sibi
828 3868 956 3907 esse
979 3853 1146 3923 quasi
1171 3851 1557 3922 emplastrum
1581 3853 1652 3907 ad
1675 3855 1999 3910 curandum
2107 3856 2254 3911 dicis
2274 3859 2330 3910 te
2358 3853 2547 3926 legem
2579 3854 2808 3909 Domini
2859 3853 3155 3919 dilexisse,
3205 3854 3308 3908 sed
3363 3854 3472 3909 hoc
3499 3867 3607 3907 non
3628 3851 3728 3904 im-

358 3939 573 3995 vulnus
605 3940 833 4005 animae,
869 3940 1008 4011 quia
1038 3941 1174 3996 licet
1203 3941 1262 3995 in
1292 3945 1519 3996 tantum
1549 3941 1830 3998 virtutum
1860 3961 2000 4000 con—
2108 3942 3226 4017 pune:quiamultisperturbationibus
3243 3939 3741 4016 agitaris,nullam

361 4027 654 4083 scenderit
677 4043 889 4090 arcem,
913 4028 1274 4100 recognoscit
1292 4033 1486 4084 tamen
1511 4047 1574 4086 se
1597 4047 1708 4086 non
1732 4047 1861 4087 esse
1876 4033 2002 4089 sine
2108 4032 2330 4087 habens
2353 4048 2576 4103 pacem.
2595 4033 2678 4086 Ad
2701 4031 2812 4086 hoc
2835 4031 3146 4102 respondet
3169 4048 3182 4086 :
3222 4031 3348 4086 Non
3369 4035 3604 4086 tantum
3622 4029 3749 4084 ideo

362 4115 638 4187 peccatis,
674 4131 800 4184 qua
833 4117 1303 4185 persecutoribus
1353 4117 1410 4172 in
1444 4135 1509 4172 eo
1555 4125 1896 4191 purgantur.
1933 4123 2004 4176 Et
2111 4137 2242 4177 sum
2267 4118 2916 4192 sinepace,quiamulta
2931 4136 3039 4192 pax
3059 4117 3755 4192 estdiligentibuslegem

362 4207 706 4275 praesentem
722 4201 1161 4257 tribulationem
1177 4203 1439 4259 dicitsibi
1455 4211 1673 4262 tantam
1691 4225 1814 4275 esse
1827 4211 2004 4264 medi-
2110 4214 2292 4264 tuam.
2317 4208 2524 4264 Anima
2543 4224 2745 4263 eorum
2771 4207 2863 4263 hic
2885 4209 3013 4279 jam
3040 4213 3130 4264 est
3157 4209 3219 4263 in
3241 4207 3535 4280 paradiso.
3577 4207 3765 4263 Multa

361 4293 576 4362 cinam,
611 4296 676 4348 ut
704 4295 970 4363 respectu
1003 4291 1209 4346 futura:
1233 4295 1551 4364 pcenaajam
1583 4313 1696 4352 non
1733 4299 2006 4354 formidet
2113 4298 2350 4370 quidem
2374 4312 2482 4367 pax
2502 4302 2590 4350 est
2611 4297 2716 4366 eis,
2740 4297 2841 4352 sed
2864 4314 2980 4352 non
3001 4297 3362 4363 omnimoda,
3379 4313 3510 4368 quae
3533 4301 3770 4353 tantum

366 4382 667 4446 instantia,
701 4381 800 4437 sed
845 4381 1040 4452 potius
1087 4380 1314 4436 letatur
1343 4382 1412 4436 de
1466 4386 1849 4455 promissione
1879 4387 2004 4454 Dei,
2111 4387 2224 4442 erit
2245 4387 2304 4440 in
2331 4385 2543 4440 futuro.
2569 4385 2678 4440 Sed
2706 4385 2754 4440 si
2777 4384 3093 4456 aliquando
3141 4390 3281 4440 sunt
3315 4385 3376 4440 in
3407 4385 3661 4441 tristitia
3681 4385 3772 4440 hic

365 4488 491 4542 qua:
522 4488 624 4542 per
653 4471 858 4525 dentes
889 4469 1277 4541 signiﬁcatur.
2115 4475 2373 4544 interim,
2408 4489 2518 4528 non
2549 4472 2659 4527 erit
2685 4473 2770 4527 eis
2799 4472 2858 4527 in
2887 4473 3228 4539 scandalum,
3260 4473 3320 4529 id
3349 4478 3461 4541 est,
3496 4474 3560 4528 in
3595 4473 3776 4529 otian-

438 4560 720 4631 Principes
730 4561 1001 4630 persecuti
1018 4563 1150 4614 sunt
1167 4576 1271 4614 me.
1293 4559 1460 4614 Multi
1479 4567 2014 4632 persequunturme
2044 4573 2088 4636 Ι)
2125 4565 2349 4618 sionem
2373 4562 2614 4633 peccati,
2651 4565 2716 4616 ut
2745 4577 2848 4634 per
2867 4563 3265 4618 suborientem
3297 4561 3611 4617 tristitiam
3635 4579 3775 4634 pec-

365 4655 422 4702 et
441 4648 849 4713 tribulantme,
867 4665 979 4701 non
1003 4647 1459 4718 qualescunque,
1477 4649 1698 4718 sedipsi
1714 4649 2009 4722 principes
2119 4655 2250 4708 cent
2271 4650 2607 4722 aliquando.
2628 4649 2862 4720 Vellnon
2877 4660 2956 4707 est
2974 4651 3339 4722 scandalum,
3368 4654 3434 4705 ut
3454 4666 3557 4720 pro
3575 4651 3783 4722 aliqua

367 4736 565 4791 saeculi
591 4752 602 4789 :
635 4736 789 4806 quod
815 4735 959 4790 mihi
989 4742 1078 4791 est
1125 4751 1301 4807 super
1339 4735 1576 4800 vulnus,
1616 4737 1673 4791 id
1695 4743 1802 4802 est,
1826 4741 2011 4795 medi-
2123 4738 3133 4796 tribulationeerubescantconﬁtcri
3164 4740 3466 4796 Christum
3497 4740 3780 4796 cruciﬁx-

367 4829 724 4880 camentum.
752 4828 818 4878 Et
846 4824 954 4880 hoc
978 4826 1425 4894 feceruntgratzs
1445 4824 1497 4878 id
1516 4829 1602 4880 est
1621 4826 1857 4893 frustra,
1876 4829 2014 4899 quia
2123 4845 2245 4895 um,
2261 4828 2361 4882 sed
2377 4827 2432 4882 in
2450 4827 2731 4898 patientia
2743 4835 3131 4900 perseverant.
3151 4829 3786 4901 Exspectabamsaluta-

368 4930 481 4968 non
509 4918 826 4984 potuerunt
847 4929 940 4969 me
961 4913 1284 4968 deﬂectere.
1317 4912 1416 4967 Vel
1455 4916 1650 4983 gratis,
1675 4914 1730 4968 id
1753 4922 1863 4984 est,
1890 4918 2013 4974 sine
2119 4933 2180 4973 re
2192 4918 2609 4973 tuumDomine.
2626 4917 2693 4970 Et
2710 4918 2848 4988 quia
2866 4917 3038 4974 dilexi
3052 4918 3238 4989 legem
3251 4917 3780 4983 tuam,oDomine,

364 5017 566 5066 causa,
592 5001 701 5057 hoc
725 5007 835 5067 est,
859 5003 987 5058 sine
1010 5001 1178 5072 culpa
1203 5018 1215 5055 :
1241 5002 1380 5072 quia
1417 5002 1548 5057 licet
1586 5002 1819 5074 vulnus,
1845 5006 1902 5062 id
1925 5012 2014 5062 est
2122 5022 2225 5077 per
2254 5006 2361 5061 hoc
2391 5006 2770 5076 exspectabam
2795 5007 3045 5062 salutare
3073 5015 3248 5074 tuum,
3278 5005 3335 5060 id
3366 5009 3475 5071 est,
3499 5005 3783 5062 salvatio-

364 5090 628 5162 culpam,
653 5091 897 5147 habeam
923 5094 1131 5146 contra
1155 5094 1355 5156 Deum,
1382 5108 1507 5162 quae
1547 5097 1789 5149 sanatur
1809 5112 2011 5151 eorum
2123 5110 2256 5150 nem
2279 5110 2456 5166 quam
2480 5092 2647 5148 dabis
2669 5092 2726 5148 in
2751 5093 2948 5150 futuro
2971 5094 3347 5167 diligentibus
3367 5093 3560 5166 legem
3584 5099 3776 5151 tuam.

364 5179 788 5251 persecutione,
820 5184 1016 5236 tamen
1051 5185 1340 5252 quantum
1392 5181 1459 5234 ad
1512 5179 1642 5236 illos
1688 5183 1814 5239 sine
1844 5183 2014 5255 culpa
2121 5183 2190 5238 Et
2221 5185 2456 5254 propter
2484 5197 2649 5252 spem
2691 5181 2855 5237 illam
2905 5199 3062 5239 novas
3105 5182 3273 5254 legis,
3323 5187 3624 5254 praecepta
3652 5199 3779 5255 quae

365 5285 522 5332 sum,
555 5268 623 5322 Et
653 5268 791 5322 dum
829 5275 1057 5339 paterer
1099 5273 1155 5323 et
1205 5268 1579 5323 formidarem
1631 5286 1832 5341 pcenas
1866 5288 2012 5344 prae-
2124 5270 2502 5342 superaddita
2537 5274 2677 5324 sunt
2715 5272 3017 5343 praeceptis
3037 5271 3264 5326 Veteris
3285 5271 3686 5340 Testamenti,
3711 5286 3781 5326 ex

365 5361 579 5411 sentes.
612 5372 706 5411 cor
732 5372 915 5410 meum
964 5359 1290 5428 formidavit
1336 5374 1370 5411 a
1411 5357 1588 5412 verbis
1614 5361 1766 5426 tuis,-
1797 5359 2015 5431 quibus
2124 5359 2433 5415 dilectione
2457 5358 2779 5414 observavi.
2825 5359 3122 5420 Custodivit
3149 5361 3340 5414 anima
3362 5375 3508 5415 mea.
3533 5359 3653 5417 Pro
3683 5375 3785 5415 ea-

366 5445 613 5498 dicitur:
639 5467 666 5493 «
705 5445 844 5500 Eum
882 5448 1074 5517 potius
1104 5448 1322 5510 timete,
1358 5445 1457 5517 qui
1491 5452 1681 5518 potest
1710 5464 1921 5520 corpus
1951 5453 2009 5504 et
2125 5449 2258 5503 dem
2281 5447 2456 5503 etiam
2476 5463 2580 5515 spe
2600 5445 2797 5502 anima
2819 5464 2948 5503 mea
2970 5446 3284 5503 custodivit
3309 5449 3640 5505 testimonia
3666 5457 3773 5511 tu,

367 5532 626 5585 animam
660 5536 901 5602 perdere
924 5535 980 5588 in
1021 5535 1348 5605 gehennam
1371 5535 1588 5606 (illalth.
1621 5537 1698 5606 χ).
1733 5537 1804 5592 Et
1834 5537 2012 5594 alibi:
2125 5535 2183 5590 id
2211 5541 2319 5604 est,
2359 5534 2569 5592 veteris
2609 5534 2754 5607 legis
2776 5542 3082 5608 praecepta,
3103 5552 3231 5607 quae
3263 5535 3661 5592 testiﬁcantur
3677 5551 3772 5590 no-

371 5638 398 5664 ι(
432 5617 539 5678 Qui
565 5634 653 5672 me
681 5620 980 5676 erubuerit
1000 5625 1057 5676 et
1091 5637 1394 5677 sermones
1434 5639 1617 5689 meos,
1657 5623 1816 5682 hunc
1837 5625 2016 5683 Filius
2124 5639 2280 5684 vam.
2313 5628 2378 5682 Et
2407 5625 2551 5681 dicit
2577 5623 2838 5682 animam
2869 5641 3040 5682 suam
3057 5641 3126 5682 ea
3147 5625 3494 5696 custodisse,
3519 5625 3670 5696 quia
3689 5640 3776 5680 ωε
