4024 6192
365 352 492 416 76⁸1·

973 359 1274 425 REMIGII
1321 359 2071 426 ANTISSIODORENSIS
2117 359 2289 423 OPP.
2338 362 2536 426 PARS
2580 360 2629 425 Ι.
2664 393 2742 409 -
2771 360 3238 428 EXEGETIGA.

3649 359 3777 425 768

367 490 524 546 cunti
548 491 737 562 (Exod.
763 511 891 560 xxx,
921 495 1085 550 Hebr.
1126 499 1224 564 1x).
1268 496 1573 568 Templum
1611 496 1751 551 illud
1795 503 1881 550 est
1913 497 2012 550 Ec-
2048 495 2096 560 Α
2128 498 2403 552 canticum
2431 498 2724 567 graduum,
2751 498 2804 553 id
2827 503 2934 564 est,
2958 515 3113 554 unus
3134 498 3204 554 de
3228 495 3775 568 multisgradibus:

366 579 564 645 olesia,
589 580 645 634 in
670 598 785 653 qua
808 599 1012 638 omnes
1037 584 1234 640 ﬁdeles
1255 591 1393 641 sunt
1419 587 1744 642 secundum
1771 585 1902 640 ﬁdei
1929 603 2015 640 sa-

366 675 682 726 cramenta.
707 672 933 726 Gradus
957 672 1036 726 illi
1061 673 1302 729 virtutes
1325 680 1480 738 sunt,
1511 692 1611 747 per
1631 691 1778 746 quas
1803 674 2011 729 animae

365 758 568 814 ﬁdeles
589 761 915 815 ascendunt
936 767 991 816 et
1015 769 1428 832 promoventur
1450 765 1519 818 ad
1567 780 1702 818 vera
1725 768 1928 818 sancta
1952 762 2009 817 in

363 846 601 902 domum
636 865 749 903 non
781 850 1198 918 manufactam,
1235 858 1561 908 manentem
1596 853 1653 906 in
1691 852 1871 919 ccelis,
1909 851 2008 905 ubi

368 937 646 992 Dominus
673 937 847 993 Jesus
872 939 991 1008 jam
1044 940 1362 996 collocatus
1410 948 1497 997 est
1546 942 1604 996 in
1656 943 1888 996 dextera
1915 941 2010 996 Dei

367 1025 549 1080 Patris
577 1040 588 1079 :
618 1044 731 1097 quo
755 1027 914 1082 solus
937 1028 1192 1092 intravit,
1217 1030 1495 1101 quoniam
1535 1030 1890 1102 singularem
1917 1047 2010 1085 su-

361 1113 759 1170 blimationem
775 1117 1647 1189 accepit,singulariterexaltari
1667 1119 2006 1190 promeruit.

363 1202 506 1259 Illuc
547 1203 722 1260 etiam
765 1207 1081 1262 multitudo
1121 1208 1382 1262 ﬁdelium
1428 1225 1531 1279 per
1550 1209 1654 1263 hos
1677 1208 2007 1279 quindecim

361 1295 584 1364 gradus
616 1295 902 1359 ascendit,
947 1297 1224 1367 quoniam
1271 1303 1489 1368 quanto
1541 1298 1925 1367 promotiores
1955 1302 2010 1350 et

361 1382 595 1438 altiores
611 1383 668 1437 in
684 1384 1002 1440 virtutibus
1015 1390 1172 1451 sunt,
1188 1391 1349 1440 tanto
1365 1403 1632 1456 supernae
1661 1385 1855 1457 patriae.
1868 1385 2005 1438 vici-

359 1472 730 1527 nioressunt:
755 1478 914 1528 tanto
931 1475 1118 1546 magis
1133 1477 1203 1529 ad
1219 1477 1427 1530 Sancta
1441 1481 1776 1530 sanctorum
1803 1492 1914 1529 non
1929 1473 2007 1529 lo-

357 1563 533 1617 cosed
558 1562 944 1618 similitudine
967 1563 1092 1617 vitae
1109 1565 1412 1619 accedunt.
1439 1563 2009 1630 Quindenariuscon-

356 1656 474 1707 stat
492 1668 560 1707 ex
581 1652 877 1707 octonurio
900 1658 956 1707 et
978 1654 1325 1723 septenario.
1351 1654 1459 1709 Sed
1489 1671 1588 1724 per
1608 1652 2004 1725 septenarium

355 1739 702 1811 intelligitur
724 1741 901 1796 Vetus
927 1742 1391 1807 Testamentum,
1428 1749 1663 1813 propter
1683 1742 2003 1798 Sabbatum

2123 587 2221 656 qui
2246 586 2373 641 ideo
2398 587 2673 642 dicuntur
2691 590 2923 656 cantica,
2970 588 3253 660 quoniam
3293 587 3497 642 omnia
3517 584 3618 641 illa
3647 602 3780 656 qua

2123 676 2182 730 in
2211 675 2302 731 his
2328 677 2568 747 psalmis
2591 677 2990 748 designantur,
3016 681 3284 748 spectant
3305 678 3376 731 ad
3403 678 3660 731 futuram
3684 692 3779 730 re-

2124 766 2609 832 munerationem,
2637 765 2735 820 ubi
2760 766 2957 820 laetitia
2979 766 3251 835 perennis
3292 771 3400 821 est.
3441 766 3607 829 Quod
3641 781 3780 819 vero

2122 853 2424 926 pluraliter
2454 855 2594 908 dicit
2634 855 2928 925 gradu-um,
2980 855 3248 925 designat
3279 853 3778 925 multiplicitatem

2120 943 2402 998 virtutum
2437 949 2494 998 et
2513 945 2987 1013 conjunctionem
3015 949 3074 998 et
3094 943 3533 1012 cohaerentiam,
3559 959 3782 1014 quous-

2121 1049 2231 1103 que
2285 1032 2655 1104 perveniatur
2697 1034 2766 1087 ad
2811 1036 3014 1088 sancta
3046 1036 3408 1098 sanctorum,
3439 1032 3514 1086 ad
3545 1038 3778 1086 aeternas

2119 1121 2312 1193 gloriae
2334 1137 2602 1192 regnum.
2631 1121 2716 1175 Illi
2739 1121 3390 1193 igiturﬁdelesquorum
3410 1123 3779 1176 conversatio

2119 1211 2177 1264 in
2203 1209 2360 1265 caelis
2387 1215 2475 1265 est
2496 1211 2666 1279 (Phil.
2703 1212 2808 1280 nl),
2842 1211 2941 1280 qui
2969 1210 3096 1280 jam
3137 1214 3529 1280 pervenerunt
3566 1210 3639 1264 ad
3673 1227 3776 1264 su-

2119 1315 2386 1370 premum
2411 1299 2682 1370 gradum,
2713 1297 3116 1353 ascensussui
3152 1298 3371 1369 gradus
3391 1302 3452 1352 et
3484 1297 3775 1352 virtutum

2118 1388 2544 1459 promotionem
2578 1387 2708 1441 aliis
2739 1386 2834 1441 hic
2885 1387 3164 1455 referunt,
3213 1391 3280 1440 ut
3327 1402 3426 1441 eos
3473 1385 3533 1439 in
3569 1402 3776 1441 ascen-

2117 1477 2306 1532 dendo
2337 1480 2675 1547 sequantur,
2720 1482 2776 1530 et
2822 1493 2920 1531 eos
2961 1476 3016 1529 in
3068 1475 3430 1546 promotione
3481 1475 3776 1530 virtutum

2117 1565 2440 1631 imitentur,
2457 1565 2639 1619 donec
2662 1563 2806 1618 illud
2825 1564 2880 1617 in
2896 1565 2980 1618 eis
2993 1563 3308 1634 impleatur
3321 1563 3478 1631 quod
3496 1565 3778 1632 superius

2118 1653 2331 1708 dicitur
2356 1671 2368 1708 :
2398 1676 2426 1701 ‹‹
2463 1653 2633 1707 Ibunt
2663 1652 2734 1706 de
2765 1652 2974 1706 virtute
3014 1652 3072 1705 in
3107 1651 3419 1705 virtutem“.
3473 1652 3777 1706 videbitur

2117 1742 2270 1798 Deus
2328 1742 2578 1796 Deorum
2629 1741 2689 1794 in
2737 1741 2871 1794 Sion
2925 1741 3038 1810 (Ps.
3091 1740 3345 1806 Lxxxm).
3380 1760 3408 1786 ››
3451 1739 3780 1794 Sciendum

356 1828 426 1884 de
466 1830 635 1899 cujus
661 1829 1060 1885 observatione
1093 1836 1448 1902 praeceptum
1498 1836 1582 1886 est
1632 1831 1691 1885 in
1722 1831 1866 1902 lege.
1901 1829 2000 1886 Vel
2035 1869 2084 1932 Β
2117 1835 2310 1886 autem
2337 1831 2488 1901 quod
2514 1829 2827 1900 aliquando
2851 1828 2916 1882 ﬁt
2936 1827 3155 1899 gradus
3181 1828 3250 1882 de
3271 1827 3486 1882 virtute
3509 1827 3572 1882 in
3597 1827 3775 1882 aliam

355 1933 456 1988 per
485 1922 729 1989 septem,
764 1919 1024 1973 mundus
1054 1918 1164 1974 iste
1197 1925 1384 1990 potest
1414 1919 1618 1990 accipi,
1651 1920 1752 1990 qui
1776 1923 2001 1990 septem

356 2006 565 2061 diebus
586 2005 837 2060 volvitur
857 2024 891 2060 a
913 2007 1196 2079 principio
1217 2009 1328 2063 sui.
1378 2010 1445 2063 Et
1483 2010 1760 2080 quoniam
1803 2009 2000 2064 obser-

352 2096 548 2150 vantia
567 2095 790 2150 Veteris
814 2097 1168 2151 Testamenti
1195 2098 1265 2152 ad
1299 2097 1682 2168 temporalem
1723 2101 1780 2152 et
1809 2102 2001 2152 trans-

353 2184 586 2239 itoriam
636 2186 1167 2242 remunerationem
1203 2188 1517 2258 spectabat,
1566 2204 1669 2258 pro
1697 2187 2000 2257 sospitate,

354 2291 457 2347 pro
489 2275 876 2330 diuturnitate
907 2274 1056 2340 vitae,
1110 2293 1211 2347 pro
1256 2275 1690 2347 multiplicitate
1720 2275 1997 2340 ﬁliorum,

353 2379 460 2434 pro
504 2363 749 2419 victoria
796 2369 852 2419 et
901 2382 1002 2436 pro
1053 2363 1184 2422 aliis
1231 2365 1654 2436 temporalibus
1703 2365 1895 2434 ﬁebat,
1929 2366 2000 2420 ad

354 2453 754 2523 septenarium
789 2455 859 2508 ad
893 2470 959 2508 ea
990 2472 1116 2525 quae
1151 2454 1345 2509 seaculi
1397 2455 1576 2526 hujus
1609 2460 1766 2521 sunt,
1800 2455 2002 2508 Testa-

355 2545 618 2595 mentum
637 2541 819 2596 Vetus
839 2543 1183 2612 pertinebat.
1208 2545 1271 2597 Et
1291 2545 1419 2598 ideo
1438 2544 1642 2597 merito
1661 2559 1762 2614 per
1778 2547 2001 2614 septem

355 2627 657 2696 accipitur.
674 2629 782 2682 Per
793 2630 1158 2685 octonarium
1173 2648 1304 2686 vero
1318 2632 1542 2686 Novum
1559 2632 1999 2686 Testamentum

360 2713 728 2784 signiﬁcatur
750 2722 984 2787 propter
1005 2723 1263 2772 octavam
1286 2719 1439 2773 diem
1482 2719 1538 2772 in
1579 2735 1696 2789 qua
1718 2718 2002 2773 Dominus

357 2807 557 2859 noster
577 2806 914 2870 resurrexit,
939 2806 1037 2860 ubi
1063 2807 1171 2861 fuit
1192 2806 1543 2878 principium
1562 2811 1619 2860 et
1637 2807 2000 2861 conﬁrmatio

357 2891 496 2948 Novi
517 2895 894 2950 Testamenti.
933 2895 1038 2961 Qui
1080 2895 1207 2950 ideo
1247 2896 1462 2950 dicitur
1497 2895 1886 2951 resurrexisse
1908 2895 2001 2949 die

357 2986 579 3050 octava,
613 2999 730 3038 non
765 2985 990 3054 prima:
1025 2985 1166 3055 quia
1195 3001 1308 3038 non
1342 2984 1594 3038 surrexit
1625 2984 1696 3037 ad
1737 2983 1845 3037 hos
1875 2983 2000 3038 dies

361 3074 462 3144 qui
484 3073 912 3144 volvunturper
925 3074 1320 3144 septenarium
1339 3089 1670 3137 numerum,
1691 3073 1789 3127 sed
1806 3073 2000 3144 potius

357 3163 420 3216 in
441 3165 653 3217 aeterna
676 3167 730 3217 et
752 3161 1126 3217 indefectibili
1170 3162 1313 3216 vita:
1339 3161 1397 3216 in
1437 3151 1760 3216 aeternitate
1782 3161 2002 3217 scilicet

2118 1919 2414 1985 virtutem,
2443 1918 2757 1989 aliquando
2780 1918 2837 1972 in
2860 1918 3064 1972 eadem
3085 1915 3302 1971 virtute
3340 1916 3735 1970 fundamento
3758 1936 3774 1972 ι

2116 2009 2252 2080 quia
2283 2009 2340 2062 in
2374 2023 2728 2078 unaquaque
2758 2011 2815 2061 et
2843 2006 3033 2078 magis
3083 2009 3139 2061 et
3182 2005 3380 2060 minus
3412 2005 3652 2060 remissi
3685 2005 3772 2060 vel

2113 2098 2326 2153 intensi
2351 2114 2480 2152 esse
2502 2112 2840 2167 possumus.
2868 2095 3098 2149 Primus
3122 2093 3340 2165 gradus
3363 2099 3455 2148 est
3467 2094 3656 2147 oratio
3669 2110 3773 2164 pro

2116 2186 2243 2242 ﬁdei
2272 2186 2671 2250 fundamento,
2697 2183 2794 2255 qui
2834 2182 2968 2237 talis
3003 2198 3130 2237 esse
3167 2181 3418 2247 videtur,
3462 2181 3636 2236 utilli
3669 2183 3770 2253 qui

2104 2276 2229 2347 jam
2254 2279 2394 2329 sunt
2416 2274 2474 2328 in
2499 2272 2739 2344 templo,
2766 2273 2823 2326 in
2849 2270 3104 2326 Ecclesia
3126 2270 3222 2326 Dei
3249 2285 3352 2341 per
3375 2269 3579 2338 ﬁdem,
3601 2276 3772 2325 orent

2112 2364 2222 2420 sibi
2249 2364 2374 2418 dari
2400 2361 2668 2417 notitiam
2694 2361 3130 2432 Scripturarum
3153 2363 3208 2414 et
3229 2360 3610 2414 autoritatem
3634 2377 3768 2414 san-

2111 2459 2337 2508 ctorum
2359 2452 2618 2516 Patrum,
2644 2448 3225 2505 et'con-ﬁrmationem
3265 2448 3399 2504 ﬁdei
3422 2465 3544 2503 suae
3567 2454 3770 2504 contra

2111 2541 2417 2611 perﬁdiam
2433 2539 2909 2610 blasphemorum
2925 2536 3504 2608 etimpugnationem
3544 2537 3770 2592 hereti-

2110 2647 2332 2686 corum.

2182 2719 2262 2773 Ad
2291 2719 2584 2772 Dominum
2613 2733 2737 2771 cum
2765 2716 3070 2770 tribularer
3094 2715 3355 2770 clamavi.
3386 2714 3533 2770 Cum
3563 2716 3764 2769 anxia-

2110 2823 2202 2862 rer
2213 2806 2573 2878 blasphemis
2587 2803 3118 2861 verbisinﬁdelium
3131 2803 3278 2858 etim
3287 2805 3651 2876 pugnatione
3663 2803 3764 2859 be-

2111 2894 2552 2965 reticorum,qui
2570 2894 2712 2948 mihi
2727 2909 2921 2949 veram
2937 2893 3112 2948 ﬁdem
3127 2891 3764 2948 moliebanturexcute—

2111 3000 2190 3052 re,
2210 2983 2450 3038 clamavi
2467 2982 2537 3036 ad
2557 2983 2853 3037 Dominum
2871 2981 2972 3051 qni
2991 2996 3084 3036 me
3106 2984 3336 3052 poterat
3354 2980 3758 3036 corroborare:

2109 3077 2167 3127 et
2189 3088 2302 3128 non
2327 3088 2459 3127 sum
2486 3072 2825 3136 frustratus,
2859 3071 2998 3141 quia
3027 3069 3314 3124 exaudivit
3327 3085 3426 3124 me.
3459 3069 3581 3123 Hoc
3610 3068 3757 3123 dicit

2110 3161 2366 3232 quadam
2391 3159 2827 3230 anticipatione,
2853 3165 2918 3214 ut
2940 3159 3236 3214 auditores
3253 3158 3432 3229 magis
3448 3156 3653 3211 incitet
3673 3157 3752 3211 ad

358 3255 416 3306 et
436 3250 495 3306 in
515 3255 716 3306 octava
737 3251 850 3316 die,
875 3267 1004 3322 quis
1027 3255 1158 3322 post
1193 3249 1506 3304 transitum
1540 3250 1748 3305 horum
1772 3254 1996 3320 septem
2029 3235 2078 3300 Ο
2110 3249 2509 3314 clamandum,
2535 3264 2600 3302 ac
2615 3248 2671 3302 si
2693 3248 2850 3302 dicat
2873 3265 2886 3304 :
2911 3251 3056 3302 Cum
3079 3245 3422 3318 hujusmodi
3451 3244 3755 3301 tribulatio

358 3340 586 3396 dierum
609 3343 698 3395 est
721 3339 938 3404 futura,
965 3356 1092 3410 quae
1113 3356 1229 3395 non
1253 3341 1364 3394 erit
1394 3337 1509 3393 alia
1549 3339 1660 3394 nisi
1683 3337 1997 3394 aeternitas.

355 3428 456 3485 Vel
484 3429 612 3482 ideo
656 3445 756 3499 per
802 3429 1167 3484 octonarium
1219 3443 1529 3482 numerum
1578 3431 1767 3498 potest
1814 3427 1999 3498 accipi

355 3519 580 3574 Novum
602 3519 1064 3581 Testamentum,
1088 3517 1366 3588 quoniam
1408 3516 1600 3571 omnis
1622 3515 1786 3571 labor
1805 3522 2002 3572 noster

356 3611 412 3662 et
432 3606 626 3661 omnis
647 3605 902 3678 operatio
925 3610 1121 3661 nostra
1162 3606 1334 3669 bona,
1371 3605 1593 3661 scilicet
1629 3606 1769 3660 Novi
1801 3606 1999 3660 Testa-

359 3695 544 3750 menti
566 3695 956 3763 observantia,
982 3695 1050 3748 ad
1076 3698 1334 3749 octavam
1359 3699 1415 3748 et
1451 3694 1708 3749 futuram
1731 3710 1998 3749 remune-

357 3784 644 3840 rationem
669 3788 910 3855 spectat.
937 3782 1241 3839 Exsecutio
1264 3782 1444 3854 igitur
1464 3783 1874 3838 mandatorum
1897 3783 2003 3836 Ve-

355 3874 496 3930 teris
519 3872 742 3928 scilicet
765 3877 822 3926 et
842 3872 1004 3936 Novi,
1028 3888 1130 3943 per
1150 3870 1484 3943 quindecim
1502 3872 1720 3943 gradus
1737 3870 2004 3942 designa-

356 3965 474 4023 tur,
510 3977 613 4032 per
645 3977 792 4031 quos
825 3961 893 4014 ad
927 3977 1061 4016 vera
1091 3965 1294 4016 sancta
1323 3965 1660 4016 sanctorum
1693 3960 1902 4014 animai
1934 3961 2000 4014 ﬁ-

359 4048 475 4103 deli
502 4049 676 4102 datur
700 4064 998 4103 ascensus.
1025 4049 1132 4103 Per
1152 4054 1372 4120 septem
1396 4049 1570 4104 etiam
1599 4049 2004 4120 perveniemus

356 4137 429 4191 ad
453 4140 599 4203 octo,
629 4135 904 4206 quoniam
933 4151 1033 4206 per
1052 4137 1249 4191 omnia
1274 4137 1425 4192 bona
1461 4143 1658 4192 nostra
1680 4154 1850 4208 opera
1874 4155 2000 4208 quae

359 4226 508 4280 ﬁunt
529 4224 586 4278 in
611 4225 720 4279 hac
738 4223 1042 4294 temporali
1067 4224 1204 4290 vita,
1241 4225 1642 4296 perveniemus
1678 4227 1910 4281 tandem
1929 4226 2000 4280 ad

359 4319 620 4370 octavam
637 4313 790 4368 diem
802 4313 875 4380 ,id
892 4317 1000 4377 est,
1012 4313 1081 4367 ad
1097 4312 1350 4368 caelestis
1365 4315 1561 4384 patrie
1577 4316 2001 4385 perennitatem

354 4404 584 4460 Gradus
616 4403 770 4473 apud
805 4417 910 4457 nos
940 4406 1059 4456 tam
1093 4402 1439 4457 descensum
1483 4420 1657 4474 quam
1689 4420 2001 4459 ascensum

357 4493 688 4565 signiﬁcat:
715 4492 844 4546 ideo
864 4508 966 4562 per
979 4491 1226 4563 gradum
1247 4507 1360 4546 non
1380 4491 1662 4546 debemus
1681 4492 2003 4564 intelligere

2109 3339 2415 3410 ingruerit,
2440 3336 2702 3408 exemplo
2727 3352 2856 3391 meo
2895 3336 3166 3402 clamate,
3198 3341 3255 3391 et
3277 3335 3566 3391 Dominus
3585 3351 3757 3390 exau-

2109 3427 2228 3483 diet
2248 3444 2375 3482 vos:
2393 3427 2644 3490 Domine,
2667 3426 2844 3480 libera
2861 3427 3110 3480 animam
3135 3441 3333 3481 meam.
3348 3423 3610 3481 Clamavi
3624 3441 3758 3496 ergo

2108 3517 2192 3572 ita
2213 3516 2451 3571 dicens:
2478 3514 2517 3570 0
2546 3516 2900 3586 Domine,qui
2922 3517 3114 3585 potens
3147 3531 3226 3580 es,
3266 3514 3536 3569 animam
3571 3529 3752 3569 meum

2108 3605 2170 3660 in
2193 3603 2540 3660 rectitudine
2578 3602 2713 3657 ﬁdei
2751 3602 3118 3667 existentem,
3162 3607 3217 3657 et
3267 3618 3373 3674 per
3401 3602 3540 3657 ﬁdei
3570 3617 3750 3656 sacra-

2110 3697 2373 3748 mentum
2389 3694 2517 3763 jam
2538 3691 2848 3761 viventem,
2873 3689 3058 3747 libera
3075 3708 3126 3746 a~
3141 3691 3309 3746 labiis
3325 3692 3559 3761 iniqui},
3572 3691 3624 3744 id
3637 3695 3738 3756 est,

2110 3799 2144 3838 a
2166 3781 2529 3852 blasphemis
2553 3779 2744 3836 verbis
2757 3780 3134 3851 perﬁdorum,
3151 3777 3734 3850 quimanifesteﬁdem

2111 3875 2274 3926 tuam
2303 3869 2676 3940 impugnant.
2699 3869 2766 3923 Et
2794 3886 2830 3924 a
2859 3870 3052 3939 lingua
3088 3869 3296 3933 dolosa,
3346 3869 3407 3923 id
3438 3873 3543 3938 est,
3569 3882 3736 3922 aver-

2112 3959 2202 4015 bis
2225 3957 2654 4023 haereticorum,
2678 3974 2750 4012 ne
2770 3956 2998 4013 occulto
3037 3973 3241 4013 eorum
3271 3973 3498 4013 veneno
3520 3956 3747 4022 inﬁciet,

2110 4047 2207 4118 qui
2241 4047 2427 4102 multa
2455 4064 2590 4102 vera
2619 4051 2676 4101 et
2704 4046 2874 4101 utilia
2914 4045 3152 4103 falsitati
3195 4047 3580 4110 interserunt,
3602 4050 3753 4100 uteo

2111 4136 2340 4195 facilius
2359 4136 2674 4206 decipiant.
2701 4135 2842 4204 Quid
2863 4135 3021 4192 detur
3054 4134 3173 4190 tibi.
3198 4137 3528 4205 Antequam
3553 4134 3762 4189 clama-

2110 4243 2254 4293 rem,
2315 4229 2630 4296 antequam
2690 4225 3002 4279 Dominum
3060 4228 3122 4279 ut
3178 4223 3452 4278 liberaret
3508 4238 3760 4285 orarem,

2111 4315 2193 4370 ita
2222 4331 2452 4370 mecum
2501 4312 2875 4368 deliberando
2925 4312 3272 4377 meditabar,
3323 4311 3764 4384 admiranspeo

2113 4402 2280 4458 riculi
2314 4401 2800 4474 magnitudinem,
2834 4401 3157 4457 et‘dicens:
3190 4401 3236 4456 Ο
3270 4406 3354 4465 tu,
3386 4401 3596 4456 anima
3617 4417 3765 4465 mea,

2113 4492 2245 4564 quid
2263 4491 2420 4547 detur
2438 4491 2537 4546 tibi
2558 4490 2629 4544 ad
2649 4491 2902 4558 linguam
2921 4488 3185 4553 dolosam,
3228 4489 3284 4544 id
3307 4493 3415 4553 est,
3444 4505 3582 4560 quae
3605 4506 3770 4545 arma

357 4582 834 4646 descensu-m,sed
854 4580 1789 4636 solummodoascensum.Psalmi
1807 4587 2004 4636 autem
2035 4602 2081 4666 Π
2113 4580 2340 4653 possint
2358 4579 2463 4635 tibi
2487 4579 2610 4634 dari
2637 4579 2706 4634 ad
2731 4579 3152 4634 devincendam
3170 4577 3438 4650 linguam
3459 4576 3770 4634 dolosam?

357 4670 455 4726 isti
477 4671 578 4740 qui
602 4670 878 4741 dicuntur
913 4673 1129 4725 cantica
1157 4670 1451 4740 graduum,
1493 4676 1550 4724 et
1587 4675 1726 4724 sunt
1755 4669 2003 4740 quinde-

359 4759 618 4822 cim,non
647 4759 717 4812 ad
743 4758 1127 4814 imitationem
1146 4758 1380 4814 illorum
1403 4759 1691 4830 graduum
1711 4759 1810 4829 qui
1841 4764 2006 4814 erant

361 4848 421 4903 in
444 4845 664 4917 templo
686 4846 1013 4902 Salomonis
1037 4849 1172 4903 facti
1195 4853 1352 4916 sunt,
1377 4863 1510 4902 cum
1525 4846 1703 4902 David
1723 4847 1893 4920 longe
1910 4865 2008 4902 an-

361 4944 417 4992 te
443 4935 630 4995 ﬁlium
658 4937 1036 5006 przecesserit,
1063 4935 1284 5008 hosque
1325 4935 1582 5008 psalmos
1614 4934 1766 4990 sicut
1786 4941 1842 4990 et
1861 4935 2006 4992 alios

361 5026 418 5081 in
439 5025 609 5082 laude
632 5025 724 5080 Dei
745 5025 1163 5080 decantaverit:
1184 5025 1282 5080 sed
1301 5025 1518 5096 gradus
1536 5023 1618 5078 illi
1635 5041 1737 5096 per
1752 5024 2008 5082 Salomo-

364 5131 495 5171 nem
535 5115 604 5168 ad
653 5113 1040 5167 imitationem
1080 5114 1416 5168 earumdem
1459 5112 1763 5182 virtutum,
1789 5131 1914 5185 quas
1945 5114 2004 5168 in

364 5203 726 5277 psalmorum
779 5201 1025 5256 istorum
1079 5216 1321 5256 numero
1379 5201 1781 5272 designantur,
1832 5203 2007 5272 positi

365 5298 523 5354 sunt,
549 5291 687 5362 quia
709 5291 863 5346 idem
889 5290 1132 5361 spiritus
1154 5289 1254 5360 qui
1278 5290 1452 5345 David
1487 5290 1684 5344 docuit
1722 5290 1828 5346 hos
1851 5291 2003 5362 psal-

367 5399 492 5438 mos
516 5381 572 5435 in
598 5379 876 5450 mysterio
902 5379 1246 5451 angelorum
1267 5379 1810 5446 decantare,docuit
1839 5385 1896 5434 et
1914 5385 2010 5436 Sa-

362 5474 656 5528 lomonem
688 5468 1005 5539 quamdam
1036 5485 1229 5524 rerum
1262 5468 1788 5540 praeﬁgurationem
1802 5471 2004 5526 eadem

363 5557 640 5628 mysteria
662 5556 720 5610 in
745 5557 916 5611 domo
942 5557 1057 5625 Dei,
1081 5573 1208 5628 quae
1226 5560 1315 5612 est
1333 5556 1608 5624 Ecclesia,
1631 5559 2004 5628 postmodum

365 5646 592 5718 agenda
620 5649 1087 5714 praemonstrare.
1123 5645 1389 5704 Psalmus
1416 5651 1610 5700 autem
1656 5645 1764 5700 iste
1794 5648 2008 5704 dicitur

2111 4673 2207 4724 aut
2229 4669 2279 4723 si
2301 4685 2414 4722 non
2437 4668 2574 4722 data
2594 4666 2700 4722 tibi
2725 4667 2941 4722 fuerint
2960 4666 3178 4738 quibus
3202 4665 3393 4737 possis
3415 4681 3548 4722 eam
3573 4667 3772 4722 devin-

2117 4773 2266 4820 cere,
2305 4756 2512 4812 saltem
2552 4757 2703 4826 quid,
2728 4755 2786 4810 id
2809 4760 2921 4822 est,
2961 4756 3118 4826 quod
3157 4755 3574 4827 tegimentum,
3598 4771 3772 4828 appo-

2114 4853 2284 4901 natur
2303 4845 2404 4900 tibi
2425 4861 2496 4899 ne
2515 4843 2985 4900 occidaris‘lldeo
3008 4848 3202 4900 autem
3225 4843 3435 4915 quaerit
3457 4845 3768 4900 munimen

2115 4933 2593 5004 contralinguam
2606 4931 2868 4988 dolosam
2882 4931 3773 5003 haereticorum,quiamqjusest

2114 5023 2193 5079 ibi
2227 5021 2572 5095 periculum,
2607 5025 2664 5076 et
2687 5022 2879 5091 major
2911 5019 3232 5076 difﬁcultas
3256 5020 3638 5090 defendendi,
3673 5019 3768 5076 ubi

2115 5111 2316 5168 dolose
2326 5112 2542 5182 agitur,
2567 5127 2748 5181 quam
2765 5110 2863 5164 ubi
2881 5109 3341 5180 manifestequis
3354 5109 3764 5182 impugnatur.

2116 5201 2349 5271 Sagittae
2386 5201 2640 5270 potentis.
2682 5200 2827 5255 Cum
2878 5199 3220 5270 hujusmod-i
3266 5214 3444 5254 arma
3463 5198 3612 5254 mihi
3648 5197 3770 5254 dari

2114 5290 2360 5361 possint,
2387 5287 2726 5360 excogitavi,
2751 5286 2974 5344 scilicet
2993 5289 3206 5359 sagitta:
3227 5289 3466 5359 petentis
3481 5292 3690 5354 acuta,
3711 5286 3766 5341 id

2114 5383 2222 5446 est,
2241 5376 2539 5435 sententiae
2553 5393 2729 5434 sacrae
2743 5376 3054 5448 Scripturae
3080 5382 3138 5432 et
3166 5376 3420 5449 cognitio
3448 5377 3760 5432 verborum

2116 5469 2239 5535 Dei,
2263 5484 2391 5538 quas
2413 5471 2553 5522 sunt
2573 5470 2744 5521 acuta
2767 5470 2824 5521 et
2844 5466 2916 5520 ad
2945 5464 3414 5536 transﬁgendum
3454 5464 3759 5521 θοι-ἀαίηὶ-

2116 5560 2402 5616 micorum
2425 5557 2686 5612 efﬁcacia
2709 5575 2722 5625 ;
2749 5560 2806 5611 et
2825 5573 2942 5612 non
2964 5560 3194 5611 tantum
3218 5558 3486 5626 respectu
3509 5553 3609 5610 sui
3629 5569 3758 5610 acu.

2120 5653 2195 5716 ta,
2227 5648 2327 5703 sed
2361 5646 2538 5704 etiam
2568 5646 2720 5712 ideo,-
2771 5646 2910 5717 quia
2960 5650 3100 5702 sunt
3134 5646 3392 5717 palantis,
3437 5643 3500 5702 id
3544 5648 3661 5713 est,
3691 5643 3767 5701 ab.
