4024 6192
249 316 362 376 773
1376 307 1901 396 ENARRA'I‘IONl

2025 305 2104 370 IN
2149 307 2530 374 PSALMOS.
3533 315 3652 376 774

243 455 470 519 propter
487 448 690 518 fratres
713 462 880 515 meos,
907 445 1126 503 scilicet
1147 447 1292 502 alios
1317 447 1515 501 lideles
1542 446 1736 499 minus
1765 463 1880 514 ξιοξΓ-
1921 449 1969 508 Α
2006 451 2092 496 rut
2127 445 2178 497 in
2219 464 2460 515 regnum
2496 445 2756 502 liberatis
2787 462 2926 502 sues.
2977 444 3234 500 Miserere
3279 449 3488 510 nostri,
3546 449 3644 502 Do-

249 536 460 599 tectos,
509 541 562 590 et
607 538 884 606 proximos
912 551 1085 600 meos,
1136 535 1194 589 id
1226 539 1314 590 est
1344 534 1533 604 magis
1578 534 1890 604 perfectos,

249 629 456 679 mutua
486 624 768 679 charitate
799 641 890 679 me
919 624 1258 695 diligentes.
1293 628 1351 678 et
1381 623 1702 677 imitatores
1735 637 1892 675 meos

248 713 307 767 in
341 713 493 767 bono
519 717 745 784 prepter
769 713 986 768 domum
1019 713 1258 766 Domini.
1293 711 1561 766 Ostendit
1593 727 1770 781 quare
1799 711 1892 764 Je-

246 800 502 856 rusalem
526 789 678 855 bona
697 800 1009 872 quasierit,
1035 799 1254 855 scilicet
1277 800 1417 870 quia
1439 800 1649 853 domus
1663 798 1894 854 Domini

246 894 354 944 est.
408 890 485 943 Ac
516 889 564 944 si
597 889 786 944 dicat:
820 891 1050 960 Pr0pter
1076 888 1300 943 domum
1343 889 1566 942 Domini
1595 887 1691 942 Dei
1720 889 1896 942 nostri

246 977 675 1047 aedificandam,
708 977 764 1032 id
796 983 886 1033 est
916 982 1152 1050 propter
1183 977 1383 1032 fideles
1415 992 1482 1032 ex
1515 977 1730 1047 quibus
1759 993 1893 1031 con-

247 1067 501 1124 struitur
523 1067 734 1122 domus
759 1067 1006 1134 Domini,
1029 1071 1086 1122 et
1106 1066 1163 1121 in
1193 1066 1410 1138 quibus
1440 1065 1565 1137 ipse
1586 1065 1894 1130 inhabitat,

249 1157 486 1228 quaesivi
512 1156 616 1211 tibi
648 1156 814 1221 bona,
845 1172 878 1210 ο
901 1153 1253 1220 Jerusalem,
1279 1155 1337 1210 id
1367 1160 1457 1210 est
1484 1155 1770 1210 adducere
1793 1153 1895 1208 tibi

248 1246 404 1300 cives
434 1243 690 1299 laboravi
716 1263 728 1300 :
765 1244 919 1299 unde
948 1244 1230 1316 gaudium
1261 1244 1420 1298 ﬁeret
1454 1248 1895 1316 augmentatum

248 1334 326 1388 ad
357 1333 640 1388 honorem
671 1332 1116 1405 magniﬁcentia:
1148 1337 1292 1397 tuae,
1346 1333 1500 1403 quod
1534 1333 1752 1387 bonum
1786 1337 1893 1387 est.

776 1439 1112 1495 PSALMUS
1154 1439 1366 1494 CXXII.

692 1528 1046 1566 CANTICUM
1085 1527 1454 1566 GRADUUM.
1795 1562 1812 1574 ,

327 1620 355 1649 ι(
386 1600 472 1654 Ad
495 1603 551 1655 te
568 1599 748 1654 levavi
766 1599 966 1655 oculos
988 1599 1282 1670 meos,qui
1305 1599 1362 1653 in
1380 1599 1614 1654 habitas
1635 1599 1694 1653 in
1714 1599 1894 1654 cmlis.

257 1708 281 1736 π
319 1689 458 1744 Ecce
514 1689 668 1744 sicut
722 1688 875 1743 oculi
905 1705 1201 1744 servorum
1234 1688 1294 1742 in
1326 1688 1600 1742 manibus
1631 1688 1897 1743 domino-

247 1799 278 1826 «
314 1793 444 1831 rum
500 1793 788 1832 suorum:
841 1776 994 1832 sicut
1041 1777 1194 1831 oculi
1244 1776 1470 1832 ancillas
1520 1777 1577 1830 in
1624 1778 1897 1832 manibus
1934 1809 1979 1873 Β

254 1887 284 1913 ‹‹
317 1865 567 1921 dominae
600 1883 740 1936 suae,
775 1865 855 1919 ita
884 1865 1034 1921 oculi
1069 1865 1251 1920 nostri
1282 1866 1352 1920 ad
1376 1865 1690 1920 Dominum
1717 1866 1900 1920 Deum

264 1977 295 2003 ‹‹
329 1959 598 2009 nostrum
620 1954 802 2008 donec
825 1953 1172 2009 misereatur
1190 1953 1673 2010 nostri.Miserere
1697 1955 1902 2021 nostri,

259 2064 289 2091 «
323 2042 594 2107 Domine,
623 2043 900 2098 miserere
957 2042 1162 2109 nostri,
1195 2043 1333 2114 quia
1391 2042 1641 2098 multum
1701 2044 1908 2115 repleti

261 2152 294 2179 ‹‹
326 2147 533 2185 sumus
547 2130 1089 2201 despectione.0uia
1102 2130 1355 2186 multum
1374 2131 1593 2203 repleta
1608 2137 1696 2187 est
1711 2133 1865 2187 anim
1877 2150 1910 2188 a

259 2238 285 2266 ι
324 2223 539 2285 nostra,
561 2219 940 2290 opprobrium
964 2219 1400 2275 abundantibus
1425 2226 1479 2275 et
1501 2220 1792 2292 despectio
1816 2239 1909 2276 su-

255 2329 290 2356 «
326 2307 541 2377 perbis.
578 2329 605 2356 ››

879 2397 1275 2453 ENARRATIO.

327 2489 467 2540 Post
487 2486 848 2541 certudinem
873 2502 1008 2557 spes
1035 2487 1303 2557 sequitur
1326 2488 1545 2559 gradus
1572 2493 1636 2542 ut
1665 2505 1908 2560 speran-

247 2579 344 2629 tes
367 2589 429 2628 se
447 2574 748 2644 pervenire
766 2575 824 2628 in
847 2573 1139 2629 caelestem
1153 2575 1728 2641 Jerusalem,oculus
1754 2595 1910 2633 men-

244 2663 332 2717 tis
356 2679 504 2734 quos
527 2662 690 2733 prius
714 2663 784 2717 ad
811 2668 1043 2718 montes
1075 2664 1430 2731 levaverant,
1465 2666 1535 2720 ad
1569 2666 1766 2736 ipsum
1801 2672 1908 2721 Do-

244 2751 486 2806 minum
537 2754 594 2805 et
641 2752 712 2806 ad
767 2751 1092 2807 voluntates
1147 2752 1299 2823 regis
1344 2754 1610 2824 ejusdem
1655 2755 1910 2810 civitatis

243 2840 634 2912 complendas
654 2839 930 2912 dirigant.
959 2840 1124 2896 Unde
1155 2840 1264 2895 iste
1295 2840 1483 2896 fidelis
1514 2843 1625 2898 sub
1658 2859 1911 2914 persona

242 2929 523 2986 omnium
551 2928 799 3000 loquens
830 2929 1125 2997 fidelium,
1180 2935 1244 2984 ut
1291 2932 1562 2986 ostendat
1601 2931 1657 2986 in
1705 2934 1906 2989 eodem

244 3019 446 3091 gradu
479 3034 634 3086 esse,
669 3018 811 3073 dicit
834 3035 847 3074 :

328 3108 407 3163 Ad
437 3115 486 3163 te
517 3109 698 3163 levavi
726 3108 906 3163 oculos
942 3124 1121 3175 meos,
1172 3110 1267 3179 qui
1307 3108 1521 3164 habitas
1553 3113 1608 3164 in
1641 3112 1810 3166 castis.
1865 3112 1907 3167 Ο

2000 533 2168 585 mine.
2203 532 2272 586 Et
2297 533 2372 586 ita
2399 534 2596 600 facias,
2621 535 2884 602 Domine,
2918 536 3179 589 miserere
3210 535 3426 588 nes-tri:
3457 551 3645 604 quan-

2003 621 2192 691 doque
2225 622 2488 677 ducendo
2520 624 2578 677 in
2619 625 2968 679 libertatem.
3030 625 3096 678 Et
3138 623 3345 694 repetit
3390 625 3651 678 miserere

2002 711 2192 774 nostri,
2218 710 2356 779 quia
2380 727 2490 764 non
2515 712 2734 765 sufﬁcit
2756 711 2932 766 semel
2958 712 3146 766 dicere
3170 712 3323 783 quod
3351 711 3523 765 nimis
3557 712 3650 766 de-

2004 798 2222 852 siderat
2243 799 2488 853 evenire:
2516 801 2582 853 Et
2605 817 2838 855 necesse
2865 807 2927 854 ut
2956 801 3308 867 miserearis,
3341 802 3473 871 quia
3504 801 3649 855 mul-

2002 890 2119 939 tum
2147 904 2335 941 sumus
2369 887 2752 958 despicabiles
2779 891 2932 960 apud
2957 889 3221 944 ho'mincs
3246 890 3344 961 qui
3371 907 3475 944 nos
3498 890 3648 943 ludi-

2005 975 2130 1029 brio
2180 974 2398 1029 habent
2441 981 2496 1028 et
2540 976 2835 1045 despectui
2866 995 2878 1031 :
2913 980 3045 1047 quia
3073 979 3309 1033 multum
3339 980 3541 1048 repleta
3573 986 3651 1034 est

2002 1066 2195 1119 anima
2224 1073 2434 1120 nostra.
2470 1064 2593 1118 Non
2628 1070 2852 1118 tantum
2877 1067 3200 1120 secundum
3224 1084 3434 1137 corpus
3456 1067 3650 1137 despi-

2006 1151 2249 1207 cabiles:
2271 1153 2372 1208 sed
2393 1152 2588 1207 anima
2608 1157 2806 1207 nostra
2829 1155 3080 1208 multum
3107 1155 3324 1226 repleta
3342 1160 3430 1209 est
3451 1156 3651 1226 despe-

2007 1240 2213 1305 ctione,
2231 1241 2368 1311 quia
2391 1258 2496 1296 nos
2517 1239 2727 1295 stultos
2750 1247 2806 1294 et
2831 1241 3069 1297 insanos
3095 1249 3386 1314 reputant.
3406 1245 3653 1315 Exponit

2007 1329 2298 1400 quomodo
2331 1330 2451 1384 sint
2481 1331 2776 1401 despectui
2811 1347 2823 1383 :
2876 1330 2956 1384 ita
3002 1332 3221 1386 scilicet
3269 1334 3422 1402 quod
3458 1334 3662 1388 anima.

2008 1423 2206 1472 nostra
2223 1419 2581 1489 opprobrium
2601 1424 2690 1472 est
2715 1419 3142 1486 abundantibus,
3176 1419 3230 1474 id
3256 1426 3364 1487 est,
3398 1420 3650 1492 locuple-

2006 1508 2164 1561 tibus
2196 1495 2372 1576 hujus
2403 1507 2619 1572 sasculi,
2651 1524 2784 1562 cum
2809 1508 3067 1562 viderent
3098 1525 3209 1562 non
3245 1526 3566 1580 pauperes:
3601 1514 3651 1564 ct

2006 1596 2266 1667 despectio
2313 1597 2591 1666 superbis,
2645 1597 2743 1667 qui
2797 1613 2900 1650 nos
2950 1613 3052 1667 pro
3095 1597 3424 1652 humilitate
3458 1603 3657 1652 nostra

2009 1688 2509 1755 contempserunt.

2534 1773 2856 1828 PSALMUS
2895 1774 3127 1830 CXXIII.

2459 1878 2811 1917 CANTICUM
2851 1879 3214 1918 GRADUUM.

2092 1974 2118 1999 (ι
2150 1950 2273 2004 Nisi
2307 1949 2444 2020 quia
2477 1950 2754 2005 Dominus
2786 1956 2909 2006 erat
2953 1952 3009 2005 in
3047 1952 3244 2019 nobis,
3299 1953 3470 2007 dicat.
3504 1971 3659 2008 nunc

2023 2063 2042 2087 «
2082 2037 2278 2105 Israel,
2311 2037 2422 2092 nisi
2447 2040 2584 2110 quia
2618 2038 2901 2093 Dominus
2926 2045 3050 2094 erat
3081 2041 3139 2094 in
3172 2041 3359 2095 nobis.
3393 2041 3536 2095 Cum
3569 2059 3660 2096 ex-

2019 2153 2044 2176 ‹‹
2082 2133 2387 2200 surgerent
2407 2127 2676 2183 homines
2702 2128 2758 2182 in
2785 2146 2910 2194 nos,
2931 2129 3074 2183 lorte
3096 2129 3252 2183 vivos
3274 2129 3663 2200 deglutissent

2019 2239 2045 2265 ‹‹
2082 2233 2208 2270 nos.
2235 2219 2375 2270 Cum
2406 2216 2754 2271 irasceretur
2776 2217 2935 2271 furor
2955 2233 3156 2271 eorum
3183 2218 3238 2270 in
3266 2235 3390 2280 nos.
3417 2217 3661 2271 forsitan

2025 2329 2043 2353 α
2082 2322 2236 2375 aqua
2275 2305 2676 2360 absorbuisset
2727 2322 2849 2360 nos.
2902 2307 3238 2360 Torrentem
3291 2306 3664 2376 pertransivit

2020 2415 2047 2442 ‹‹
2083 2394 2281 2447 anima
2303 2398 2527 2448 nostra:
2555 2393 2797 2448 forsitan
2820 2396 3231 2464 pertransisset
3251 2394 3448 2448 anima
3464 2400 3664 2449 nostra

2021 2505 2046 2530 ‹‹
2081 2498 2293 2552 aquam
2329 2480 2772 2536 intolerabilem.
2823 2483 3165 2536 Benedictus
3195 2482 3509 2551 Dominus,
3563 2483 3662 2554 qui

2019 2598 2046 2619 «κ
2082 2588 2195 2625 non
2212 2571 2370 2625 dedit
2389 2587 2494 2624 nos
2511 2570 2568 2624 in
2583 2569 2909 2641 captionem
2927 2570 3198 2625 dentibus
3213 2587 3435 2625 eorum.
3454 2572 3665 2626 Anima

2020 2681 2048 2709 ‹‹
2084 2663 2283 2713 nostra
2314 2659 2465 2713 sicut
2509 2675 2710 2728 passer
2755 2663 2952 2730 erepta
2989 2664 3079 2713 est
3109 2661 3178 2713 de
3209 2658 3415 2730 laqueo
3445 2677 3664 2714 venan-

2020 2771 2045 2796 ‹‹
2081 2747 2249 2801 tium.
2266 2748 2533 2816 Laqueus
2551 2748 2835 2802 contritus
2853 2751 2961 2818 est,
2977 2752 3033 2802 et.
3056 2765 3159 2802 nos
3183 2746 3412 2803 liberati
3431 2765 3661 2804 sumus.

2019 2859 2047 2884 ‹‹
2081 2836 2452 2904 Adjutorium
2476 2841 2742 2890 nostrum
2765 2836 2823 2890 in
2849 2836 3084 2891 nomine
3117 2836 3369 2907 Domini,
3400 2837 3498 2908 qui
3529 2837 3666 2892 fecit

2019 2948 2045 2972 ‹‹
2081 2924 2290 2979 οωὶυω
2323 2929 2379 2979 et
2410 2929 2642 2979 terram.
2681 2948 2702 2976 ι

2642 3014 2905 3068 ENARRA
2917 3013 3039 3068 T10.

2090 3102 2192 3156 Hic
2224 3103 2435 3157 iterum
2468 3101 2728 3174 loquitur
2774 3103 2975 3158 eadem
3021 3103 3334 3163 multitudo
3368 3104 3660 3172 fidelium,

242 3197 524 3261 Domine,
541 3196 642 3268 qui
664 3197 820 3269 regis
836 3202 892 3251 et
913 3196 1206 3251 inhabitas
1225 3197 1486 3253 ccelestes
1509 3205 1805 3255 creaturas
1821 3200 1910 3256 vel
1941 3176 1982 3240 C
2024 3209 2137 3245 ηοῐι
2153 3191 2278 3260 jam
2302 3191 2630 3261 exemplum
2653 3208 2984 3263 Ρτοροηθηδ
3010 3192 3162 3246 Sient
3183 3210 3380 3264 supra,
3398 3195 3497 3248 sed
3522 3198 3663 3250 Sim-

244 3291 500 3341 sanctos
531 3285 819 3351 homines,
855 3289 956 3340 tua
989 3285 1176 3356 gratia
1207 3285 1404 3351 cmlos,
1440 3291 1503 3340 ut
1533 3287 1603 3341 ad
1634 3304 1833 3358 pacem
1857 3293 1914 3344 et

245 3373 737 3447 supercmlestem
769 3374 1190 3430 habitationem
1222 3374 1611 3444 pervenirem,
1644 3377 1717 3430 ad
1747 3381 1797 3432 te
1829 3376 1909 3432 le-

244 3463 396 3520 vavi
415 3464 600 3520 oculos
623 3478 785 3528 meos,
815 3463 872 3516 id
897 3467 986 3517 est
1011 3462 1294 3517 rationem
1320 3462 1532 3518 mentis
1559 3480 1699 3518 meae
1718 3470 1774 3520 et
1793 3483 1912 3520 om-

247 3569 366 3609 nes
388 3552 721 3608 affectiones
752 3567 914 3606 meas
936 3568 970 3606 a
991 3550 1413 3622 temporalibus
1443 3552 1772 3624 phantasiis
1803 3554 1909 3609 hu-

236 3643 354 3713 jus
390 3641 626 3707 mundi,
677 3641 748 3696 ad
780 3639 1095 3711 explendas
1125 3639 1453 3696 voluntates
1496 3646 1628 3697 tuas
1661 3643 1905 3698 intendi.

241 3733 393 3788 Ecce
413 3733 555 3785 sicut
575 3731 726 3784 oculi
753 3745 1056 3784 servorum.
1091 3729 1260 3784 Modo
1293 3729 1702 3802 singulariter,
1736 3733 1908 3788 modo

241 3819 566 3893 pluraliter
595 3822 778 3890 agunt
807 3818 902 3874 isti
934 3819 1394 3874 conscendentes
1420 3837 1431 3875 :
1465 3825 1522 3874 et
1552 3819 1750 3891 plures
1773 3826 1912 3878 sunt

238 3915 304 3966 et
340 3925 549 3964 unum.
603 3907 832 3973 Plures,
883 3908 1204 3962 secundum
1248 3925 1629 3978 personarum
1664 3911 1903 3967 diversi-

237 4002 481 4054 tatem:
534 4012 756 4060 unum,
803 3996 1130 4050 secundum
1182 3996 1355 4051 fidem
1403 4001 1460 4052 et
1507 3997 1902 4055 dilectionem.

239 4088 402 4142 Vere
433 4087 614 4141 oculos
651 4100 796 4140 meos
829 4085 1010 4139 levavi
1036 4084 1106 4138 ad
1135 4090 1217 4149 te,
1271 4083 1410 4155 quia
1437 4101 1584 4152 ecce,
1638 4085 1694 4140 id
1728 4093 1817 4142 est
1843 4087 1902 4142 in

237 4174 529 4248 praesenti
561 4172 648 4227 vel
681 4175 738 4228 in
773 4172 1114 4238 manifesto,
1147 4173 1290 4226 oculi
1318 4175 1497 4228 nostri
1511 4213 1524 4235 ,
1576 4174 1902 4246 interiores,

239 4268 337 4320 ita
371 4268 512 4318 sunt
541 4261 716 4318 erecti
744 4262 814 4316 ad
843 4263 1131 4316 Dominum
1162 4265 1336 4316 Deum
1358 4266 1626 4327 nostrum,
1647 4279 1906 4336 eousque

237 4355 423 4411 donec
434 4349 1030 4416 misereaturnostri,id
1049 4350 1329 4404 estdonec
1345 4366 1452 4406 nos
1465 4351 1536 4405 ab
1548 4350 1656 4406 hac
1669 4352 1905 4408 miseria

239 4441 522 4499 absolvat
552 4439 748 4496 szeculi
785 4438 1117 4511 praesentis,
1151 4444 1208 4494 et
1247 4439 1418 4493 faciat
1448 4440 1812 4509 recumbere,
1847 4448 1904 4497 et

2023 3279 2249 3350 pliciter
2298 3279 2620 3333 admonens
2671 3285 2751 3352 ut.
2783 3285 3092 3350 postquam
3146 3280 3357 3350 aliquis
3395 3283 3463 3334 ad
3499 3300 3662 3351 spem

2021 3367 2442 3432 conscenderit,
2499 3373 2555 3421 et
2585 3366 2970 3438 completione
3011 3369 3420 3422 mandatorum
3457 3370 3550 3424 Dei
3584 3371 3665 3424 ita

2021 3460 2296 3509 constans
2349 3454 2664 3520 exstiterit,
2717 3460 2781 3508 ut
2820 3454 2954 3509 inde
2988 3471 3099 3509 non
3131 3455 3315 3526 possit
3349 3456 3660 3525 dimoveri,

2019 3544 2151 3598 licet
2169 3543 2336 3598 multi
2362 3543 2480 3598 sint
2501 3544 2844 3598 devocantes
2863 3561 2994 3598 eum
3012 3544 3660 3616 corrosicnibus,ipsam

2020 3633 2410 3688 constantiam
2461 3632 2706 3687 Domino
2758 3633 3042 3698 ascribat,
3097 3650 3210 3688 n0n
3260 3633 3479 3688 viribus
3511 3635 3658 3690 suis.

2019 3722 2304 3778 Memores
2332 3722 2517 3776 sancti
2549 3722 2913 3776 confessores
2943 3721 3184 3787 Christi,
3219 3724 3371 3793 quod
3407 3723 3662 3793 pericula

2018 3811 2260 3866 Domino
2300 3811 2614 3866 miserante
2650 3810 2809 3865 velut
2839 3811 3120 3882 impetum
3156 3812 3429 3866 torrentis
3461 3828 3662 3866 evase-

2017 3901 2152 3966 rint,
2187 3901 2440 3955 fatentur
2461 3917 2522 3956 se
2545 3899 2670 3954 sola
2701 3900 2797 3954 Dei
2830 3898 3230 3955 misericordia
3251 3901 3320 3954 de
3349 3906 3429 3955 tot
3450 3918 3658 3956 terum-

2017 3990 2108 4044 nis
2138 3989 2446 4053 liberatos,
2477 3995 2533 4043 et
2563 3989 2807 4043 dicunt:

2085 4080 2212 4133 Nisi
2244 4081 2377 4149 quia
2405 4079 2670 4132 Dominus
2700 4081 2817 4132 erat
2848 4080 2906 4132 in
2945 4078 3119 4134 nobis.
3175 4078 3519 4151 Quicunque
3572 4084 3662 4135 est

2014 4169 2202 4233 Israel,
2238 4168 2293 4221 id
2327 4173 2434 4232 est,
2470 4167 2672 4222 videns
2707 4170 2906 4235 Deum,
2943 4169 3019 4223 ita
3052 4173 3113 4224 ut
3143 4170 3217 4224 sit
3250 4176 3555 4240 promotus
3586 4171 3657 4224 ad

2014 4257 2261 4328 patriam
2289 4257 2399 4310 lide
2426 4262 2482 4310 et
2501 4259 2869 4314 exsecutione
2893 4259 3302 4314 mandatorum
3337 4259 3458 4323 Dei,
3490 4259 3656 4324 dicat,

2015 4346 2071 4400 id
2097 4350 2205 4410 est,
2230 4344 2440 4416 cogitet
2459 4353 2516 4401 et
2539 4347 2823 4419 intelligat
2846 4349 2998 4419 apud
3027 4365 3088 4402 se
3107 4364 3274 4412 nunc,
3301 4348 3358 4401 id
3386 4353 3476 4401 est
3505 4346 3655 4400 indi-

2013 4433 2157 4490 late:
2188 4435 2315 4504 quia
2339 4435 2450 4488 nisi
2467 4436 2728 4489 Dominus
2745 4441 2898 4489 esset
2920 4437 2974 4488 in
2997 4435 3152 4489 nobis
3175 4436 3511 4505 gubernans
3529 4450 3655 4502 nos,

236 4531 550 4587 transiens
600 4528 894 4584 ministret
940 4527 1108 4583 nobis
1143 4545 1154 4582 :
1209 4530 1286 4582 ita
1341 4527 1500 4594 dico,
1563 4535 1702 4584 sunt
1751 4531 1902 4586 oculi
1938 4543 1980 4606 D
2013 4529 2068 4580 et
2098 4525 2432 4579 confortans
2462 4523 2520 4577 in
2546 4522 2987 4594 impugnatione
3009 4527 3066 4576 et
3091 4522 3310 4577 lumine
3342 4539 3448 4576 suo
3479 4523 3656 4576 ratio-

237 4620 443 4677 nostri
488 4621 558 4675 ad
608 4618 920 4674 Dominum
963 4617 1196 4687 directi,
1245 4619 1384 4672 sicut
1411 4616 1564 4672 oculi
1589 4635 1899 4684 servorum,

235 4707 624 4782 speculantes
653 4707 919 4779 diligenti
950 4706 1294 4768 attentione,
1348 4708 1404 4761 in
1436 4709 1690 4762 manibus
1720 4709 1901 4764 domi-

236 4814 456 4854 norum
503 4814 746 4854 suorum.
802 4796 1029 4850 Dictum
1082 4813 1114 4849 a
1165 4794 1554 4850 similitudine
1601 4813 1900 4853 servorum

238 4886 789 4958 disciplinatorum,
814 4885 915 4956 qui
942 4901 1155 4956 magna
1175 4883 1478 4956 diligentia
1507 4885 1822 4956 inspiciunt
1846 4889 1902 4942 in

237 4992 470 5032 manus
500 4975 899 5037 dominorum,
933 4979 997 5028 ut
1025 4989 1159 5028 cum
1191 4972 1359 5045 signa
1389 4973 1655 5028 dederint
1679 4974 1903 5048 aliquid

240 5064 500 5138 agendi,
556 5082 691 5120 mox
739 5065 1155 5134 obsequantur.
1210 5062 1361 5117 Sicut
1412 5064 1558 5117 oculi
1586 5065 1812 5122 (11:011ch
1844 5068 1904 5119 in

239 5156 513 5211 manibus
543 5154 782 5210 dominae
826 5167 961 5208 suae.
1012 5153 1144 5206 Ideo
1176 5151 1340 5223 ponit
1369 5151 1640 5222 ancillas,
1675 5154 1814 5224 quia
1843 5154 1900 5208 in

239 5243 380 5301 illis
429 5249 518 5299 est
564 5244 754 5314 major
801 5240 1102 5312 diligentia
1139 5244 1196 5294 et
1234 5239 1428 5294 cultus
1468 5258 1605 5314 erga
1634 5243 1902 5298 dominas

242 5351 424 5399 suas,
446 5349 622 5404 quam
643 5333 701 5386 in
733 5331 935 5386 servis.
963 5331 1046 5384 Ita
1066 5327 1218 5384 oculi
1242 5329 1426 5382 nostri
1457 5331 1526 5384 ad
1560 5330 1900 5402 hujusmodi

237 5438 562 5480 servorum
609 5421 696 5476 vel
745 5419 1092 5476 ancillarum
1143 5417 1384 5471 modum
1440 5418 1632 5473 omnis
1677 5420 1902 5475 aﬂ‘ectio

233 5516 458 5569 nostra
469 5511 539 5566 ad
553 5527 723 5582 exseq
736 5510 952 5565 vendas
967 5506 1295 5562 voluntates
1308 5505 1540 5560 Domini
1554 5508 1898 5576 estintenta,

230 5603 439 5670 donec
456 5619 489 5660 a
504 5600 804 5676 praesentis
821 5613 994 5658 onere
1011 5593 1307 5658 servitutis
1329 5593 1630 5653 absolutos
1652 5598 1900 5656 transfe-

2013 4630 2144 4668 nem
2171 4618 2429 4666 nostram
2458 4611 2863 4676 illuminando,
2895 4614 3148 4665 mentem
3172 4617 3429 4664 nostram
3462 4626 3654 4665 corro-

2012 4703 2174 4757 boret
2203 4719 2327 4756 cum
2357 4701 2622 4769 homines,
2655 4700 2979 4754 secundum
3005 4716 3238 4756 carnem
3263 4698 3652 4768 ambulantes,

2011 4794 2374 4861 exsurgerent
2421 4792 2477 4845 in
2528 4806 2656 4857 nos,
2707 4788 2938 4844 blandis
2986 4794 3042 4844 et
3089 4789 3434 4860 deccptoriis
3467 4789 3655 4844 verbis

2012 4880 2362 4951 deglutissent
2388 4895 2484 4934 nos
2505 4880 2674 4946 vivos,
2706 4877 2763 4932 id
2789 4882 2896 4944 est,
2923 4879 3390 4949 incorporassent
3417 4895 3520 4932 nos
3543 4878 3653 4932 sibi

2012 4971 2330 5041 prudentes
2347 4973 2402 5024 et
2419 4968 2670 5022 scientes
2687 4985 2699 5022 :
2716 4967 2853 5037 quia
2871 4968 3137 5038 quamvis
3155 4967 3439 5021 sciremus
3452 4983 3654 5020 eorum

2012 5065 2230 5114 sci-tam
2275 5073 2402 5112 esse
2447 5055 2893 5125 exsecrabilem,
2946 5062 3142 5110 tamen
3192 5055 3655 5109 consentircmus

2013 5146 2130 5200 illis
2149 5164 2159 5200 :
2181 5146 2334 5216 quod
2353 5145 2711 5217 contingeret
2727 5146 2872 5199 sicut
2899 5145 2994 5199 illa
3018 5162 3108 5198 res
3130 5161 3253 5215 qua
3279 5150 3424 5214 forte
3442 5143 3655 5210 evenit,

2012 5235 2068 5290 id
2101 5239 2216 5303 est,
2251 5239 2467 5288 temere
2497 5239 2553 5288 et
2582 5233 2903 5304 improvide
2938 5239 3225 5303 quantum
3259 5232 3329 5286 ab
3361 5231 3650 5285 homines.

2012 5325 2167 5380 Licet
2185 5322 2340 5378 enim
2359 5339 2624 5377 essemus
2646 5323 3189 5393 prudentes,tamen
3215 5338 3324 5375 non
3347 5337 3654 5390 possemus

2011 5414 2179 5469 nobis
2210 5412 2536 5484 providere:
2564 5429 2686 5466 cum
2712 5413 3037 5466 irasceretur
3059 5415 3221 5481 furor
3243 5426 3432 5464 eorum
3458 5411 3517 5464 in
3534 5425 3650 5464 nos.

2011 5505 2082 5557 Et
2111 5504 2224 5556 nisi
2271 5502 2528 5556 Dominus
2576 5506 2732 5555 esset
2779 5503 2839 5554 in
2869 5500 3052 5566 nobis,
3101 5515 3231 5553 cum
3264 5497 3375 5570 ipsi
3407 5497 3653 5554 interius

2014 5593 2271 5650 furentes
2321 5590 2710 5648 irascerentur
2756 5589 3010 5650 exterius
3049 5589 3357 5647 adversum
3391 5603 3495 5650 nos
3525 5603 3647 5649 cor-
