4024 6192
398 328 516 386 ’7⁸75

394 456 730 512 rosionibus
778 458 834 510 et
883 452 1188 509 maledicis
1227 455 1449 521 verbis,
1498 456 1767 525 forsitan,
1816 454 1873 509 id
1923 458 2044 522 est,
2081 458 2132 521 Α

397 549 461 600 ut
502 543 671 599 nobis
719 543 978 608 videtur,
1033 559 1177 614 aqua
1225 545 1593 611 absprbuisset
1640 560 1768 610 nos,
1816 544 1873 598 id
1922 547 2041 614 est,

394 632 483 688 vel
541 633 651 704 ipsi
710 632 1043 686 diffluentes
1101 632 1342 687 diversis
1400 632 1917 704 concupiscentiis,
1989 635 2047 685 et

396 721 779 777 dissolventes
854 720 1029 788 alios,
1110 722 1195 775 vel
1263 721 1648 777 detractiones
1715 728 1771 776 et
1838 736 2044 791 aspera

394 826 592 866 eorum
616 810 812 873 verba,
836 826 963 880 quae
986 814 1150 887 erant
1172 810 1340 880 quasi
1367 826 1521 881 aqua
1541 809 1810 873 violenta,
1829 808 2044 881 quibus

395 897 774 954 stabilitatem
800 897 1013 952 mentis
1041 903 1248 952 nostra
1272 898 1733 969 submergerent,
1759 901 1816 951 et
1836 898 2042 968 pedem

394 992 659 1043 nostrum
676 985 1112 1055 labefactarent,
1128 1002 1261 1040 cum
1285 1003 1388 1041 nos
1404 987 1463 1040 in
1487 986 1758 1057 nequitia!
1777 1003 1894 1041 suae
1914 1001 2044 1041 con-

392 1090 632 1130 sensum
664 1075 1061 1129 devocassent.
1099 1079 1417 1129 Torrentem
1443 1075 1823 1145 pertransivit.
1849 1075 2043 1140 Quan-

390 1168 517 1217 tum
539 1163 598 1217 in
623 1162 811 1229 nobis,
836 1179 951 1216 non
976 1163 1374 1234 potuissemus
1398 1163 1736 1229 subsistere,
1764 1164 1887 1229 sed,
1911 1165 2043 1235 quia

393 1253 658 1307 Dominus
682 1256 799 1307 erat
826 1253 883 1306 in
912 1251 1087 1316 nobis,
1120 1253 1309 1305 anima
1338 1259 1544 1315 nostra,
1578 1252 1649 1306 de
1685 1252 1855 1322 cujus
1887 1252 2042 1322 peri-

392 1340 521 1395 culo
553 1342 862 1412 agebatur,
894 1348 1182 1395 torrentem
1217 1341 1606 1411 pertransivit,
1640 1340 1696 1394 id
1731 1344 1847 1405 est,
1881 1341 2043 1413 ipsos

392 1428 623 1485 dolosos
646 1433 702 1484 et
722 1428 1063 1484 maledictos
1085 1429 1457 1483 vehementer
1486 1429 1777 1483 instantes
1806 1429 2037 1495 invasit,

390 1519 520 1573 dico
553 1518 685 1588 quia
716 1521 1111 1589 pertransivit,
1141 1523 1198 1572 et
1228 1518 1336 1572 hoc
1368 1518 1636 1589 forsitan,
1687 1519 1852 1590 quia,
1902 1523 2040 1590 puto

386 1608 788 1680 pertransisset.
823 1606 1152 1661 Dubitative
1183 1606 1385 1661 dicunt
1417 1610 1651 1677 propter
1684 1606 2039 1679 magnitudi-

390 1712 523 1750 nem
545 1694 785 1767 periculi
804 1696 968 1766 quasi
989 1695 1176 1750 adhuc
1196 1695 1750 1751 timentes.Forsitan
1770 1704 2043 1767 pertrans-

392 1787 536 1839 isset.
573 1785 640 1839 Et
669 1789 733 1839 ut
760 1784 1141 1855 pertran’sisset
1172 1786 1361 1838 anima
1392 1790 1577 1839 nostra
1606 1801 1805 1856 aquam
1836 1786 2037 1839 intole-
2072 1826 2118 1891 Β

388 1874 623 1928 rabilem
651 1880 939 1944 quantum
962 1873 1030 1927 ad
1056 1873 1204 1927 vires
1227 1878 1479 1937 nostras,
1504 1873 1560 1927 id
1585 1878 1693 1936 est,
1718 1873 2031 1945 impugna-

388 1968 609 2017 tionem
640 1978 842 2017 eorum
872 1961 1270 2016 intendentem
1304 1962 1666 2032 demergere,
1698 1978 1876 2032 quam
1912 1978 2037 2032 pro-

392 2052 535 2123 priis
563 2051 788 2105 viribus
820 2051 1066 2105 tolerare
1098 2066 1211 2105 non
1243 2050 1679 2120 sufficerernns,
1729 2050 2039 2106 benedictus

392 2143 670 2197 Dominus.
723 2140 818 2207 Et,
853 2139 924 2194 de
954 2155 1020 2194 eo
1053 2138 1205 2210 quod
1236 2140 1429 2194 anima
1457 2148 1641 2194 nostra
1680 2141 2045 2211 pertransivit

391 2230 544 2301 illos,
595 2230 673 2284 sit
724 2230 993 2284 Dominus
1044 2229 1377 2298 benedictus,
1418 2228 1475 2283 id
1509 2232 1616 2299 est,
1660 2228 1953 2301 gloriosus
1983 2233 2041 2283 et

390 2319 704 2389 exaltatus,
760 2319 855 2390 qui
898 2334 1007 2373 non
1047 2318 1193 2372 dedit
1229 2333 1326 2373 nos
1356 2320 1417 2373 in
1446 2320 1758 2390 captionem
1786 2319 2039 2373 dentibus

389 2424 605 2475 eorum,
652 2408 704 2462 id
741 2413 860 2475 est,
895 2408 995 2478 qui
1030 2425 1142 2462 non
1178 2407 1446 2479 permisit
1476 2424 1583 2462 nos
1613 2407 1936 2463 corrosioni
1982 2410 2040 2461 et

390 2496 729 2553 detractioni
762 2512 962 2550 eorum
995 2499 1397 2551 succumbere.
1439 2496 1644 2550 Anima
1674 2500 1866 2550 nostra
1897 2496 2039 2549 sicut

385 2600 594 2655 passer.
635 2584 759 2636 Non
790 2588 1017 2637 tantum
1052 2583 1442 2638 corrosionem
1475 2599 1676 2638 eorum
1710 2584 2034 2652 evasimus,

391 2672 491 2726 sed
524 2672 715 2725 animo
746 2675 965 2735 nostra,
998 2675 1169 2724 cauta
1196 2673 1335 2723 sicut
1362 2687 1551 2739 passer
1579 2672 1678 2741 qui
1712 2676 1769 2726 et
1798 2672 2038 2741 laqueos

391 2764 446 2815 et
462 2758 707 2819 aliarum
728 2758 920 2813 avium
939 2758 1241 2812 incursum
1260 2758 1672 2828 ell'ugit,erepta
1685 2759 1835 2813 estde
1848 2759 2038 2828 laqueo

392 2850 742 2916 venantium,
776 2846 833 2901 id
864 2851 983 2913 est,
1016 2846 1086 2901 de
1116 2845 1266 2900 dolis
1300 2851 1356 2901 et
1387 2845 1805 2902 blandimentis
1836 2864 2038 2902 eorum

394 2939 493 3010 qui
528 2954 633 2992 nos
665 2936 1047 2992 venabantur.
1104 2934 1276 2989 Nulla
1318 2935 1472 2989 enim
1507 2935 1626 2989 avis
1656 2941 1745 2990 est
1773 2934 2038 2990 callidior

393 3042 628 3098 passere
649 3026 720 3079 ad
744 3023 1084 3079 devitandos
1106 3023 1368 3094 laqueos.
1391 3025 1473 3078 Ad
1498 3026 1667 3094 cujus
1699 3024 2038 3080 similitudi-

392 3131 526 3170 nem
547 3115 741 3169 anima
764 3116 968 3180 nostra,
993 3111 1204 3167 callida
1227 3117 1283 3166 et
1307 3118 1478 3167 cauta
1499 3112 1770 3181 existens,
1797 3113 2037 3186 laqueos

979 319 1282 385 REMIGII
1324 312 2082 392 ANTISSIODORENSIS
2130 318 2300 383 OPP.
2353 321 2550 382 PARS
2596 319 2642 380 Ι.
2675 354 2751 364 —
2779 315 3243 379 EXEGETIGA.

3688 305 3817 376 7‘16

2784 448 3177 505 ENARRATIO.

2223 542 2544 613 Postquam
2580 540 2674 596 isti
2707 539 3160 595 conscendentes
3190 552 3303 592 non
3336 535 3484 601 sibi',
3540 536 3643 591 sed
3696 538 3814 592 Deo

2154 631 2308 701 quod
2335 629 2602 703 deglutiti
2624 634 2680 684 et
2703 627 2959 698 absorpti
2982 643 3098 682 non
3131 630 3289 692 sunt,
3323 626 3678 691 attribuunt,
3706 626 3812 680 ad-

2156 720 2267 773 huc
2298 718 2545 775 ulterius
2577 720 3012 790 promoventur,
3045 716 3268 770 scilicet
3298 715 3372 770 ad
3399 717 3811 786 contemptum

2153 808 2661 879 temporalium,ut
2676 805 2760 862 sic
2776 805 3016 861 omnino
3028 803 3602 874 conﬁdentiamque-'3
3617 802 3812 858 adhuc

2154 898 2367 953 certior
2388 901 2475 952 est
2499 912 2674 967 quam
2699 911 2851 966 spes,
2879 896 3097 965 ponant
3115 893 3176 946 in
3200 892 3453 947 Domino
3484 896 3543 947 et
3572 892 3658 946 sic
3682 906 3817 947 con-

2152 987 2400 1041 versatio
2414 1001 2615 1041 eorum
2635 984 2692 1038 in
2708 981 3126 1038 Jerusalem.Et
3143 982 3200 1035 in
3219 980 3327 1036 hoc
3344 979 3813 1036 instruuntalids

2154 1075 2415 1145 exemplo
2429 1072 2973 1145 suo,promittentes
2984 1070 3069 1127 eis
3081 1070 3234 1125 hanc
3250 1069 3567 1125 utilitatem
3581 1070 3721 1125 inde
3734 1086 3821 1126 ve-

2153 1164 2277 1219 nire
2294 1164 2447 1235 quod
2468 1170 2523 1217 et
2539 1162 2785 1217 interius
2802 1165 2859 1216 et
2875 1160 3127 1216 exterius
3148 1158 3492 1214 muniantur
3502 1159 3561 1213 di
3571 1159 3811 1215 vinitus.

2225 1252 2330 1320 Qui
2348 1251 2628 1321 conﬁdunt
2644 1251 2704 1305 in
2721 1251 2967 1305 Domino.
2984 1248 3327 1320 Quicunque
3351 1252 3493 1303 sunt
3515 1247 3603 1302 illi
3626 1248 3731 1319 qui
3754 1248 3813 1304 in

2152 1341 2398 1396 Domino
2417 1341 2801 1406 conﬁdunt,et
2817 1338 2915 1410 qui
2937 1354 3101 1409 spem
3120 1337 3464 1393 etfiduci‘am
3484 1337 3545 1391 in
3560 1336 3813 1394 Domino

2152 1435 2402 1501 ponunt,
2426 1446 2539 1485 non
2562 1428 2621 1483 in
2648 1428 2870 1483 divitiis
2892 1436 2943 1482 et
2966 1426 3292 1493 nobilitate,
3317 1427 3417 1481 sed
3443 1426 3502 1480 in
3541 1427 3813 1494 Domino,

2152 1519 2551 1574 omnimodam
2586 1516 2804 1572 habent
2834 1516 3271 1571 conﬁdentiam.
3300 1515 3369 1570 Et
3387 1516 3489 1586 qui
3520 1516 3739 1571 habitat
3758 1518 3811 1571 in

2150 1608 2484 1673 Jerusalem,
2541 1606 2597 1659 id
2628 1609 2745 1671 est,
2795 1605 2965 1674 cujus
3010 1603 3372 1658 conversatio
3410 1602 3472 1658 in
3524 1601 3701 1659 caelis
3731 1609 3815 1659 est

2152 1697 2324 1765 (Phil.
2361 1696 2469 1766 ιιι),
2503 1693 2702 1750 nullus
2734 1692 2936 1748 talium
2966 1692 3394 1748 commovebitur
3420 1694 3479 1746 in
3503 1695 3808 1758 turnum,

2152 1788 2677 1855 quantumcunque
2708 1782 3117 1854 impugnetur;
3169 1781 3309 1836 sicut
3337 1788 3497 1836 matrs
3530 1782 3707 1847 Sion,
3750 1781 3809 1835 id

2152 1878 2261 1940 est,
2284 1872 2550 1927 Christus
2573 1872 2673 1942 qui
2696 1876 2785 1926 est
2808 1870 3086 1927 fortitudo
3108 1872 3164 1924 et
3186 1869 3475 1942 refugium
3512 1869 3806 1939 Ecclesiae,

2147 1963 2346 2016 futura
2391 1959 2751 2032 speculantis
2782 1965 2840 2014 et
2872 1959 3181 2032 praesentia
3213 1959 3659 2031 postponentis,
3700 1970 3808 2014 non

2148 2050 2605 2105 commovebitur
2638 2048 2696 2104 in
2726 2053 3028 2104 eternum.
3061 2048 3262 2104 Montes
3291 2050 3351 2103 in
3378 2049 3625 2103 circuitu
3653 2051 3799 2120 ejus.

2148 2138 2281 2193 Ideo
2315 2155 2427 2193 non
2463 2136 2945 2202 commovebitur,
2980 2136 3118 2208 quia
3161 2146 3385 2205 montes,
3427 2137 3486 2191 id
3519 2140 3629 2203 est,
3664 2154 3803 2209 apo-

2148 2226 2281 2282 stoli
2310 2230 2449 2282 sunt
2468 2227 2526 2281 in
2548 2226 2797 2282 circuitu
2819 2226 2971 2296 ejus,
2997 2225 3330 2281 munientes
3355 2241 3487 2280 eam
3508 2230 3637 2280 tum
3664 2242 3807 2297 prie-

2149 2316 2462 2383 dicatione,
2493 2326 2619 2370 tum
2653 2316 2938 2386 exemplo,
2984 2320 3109 2369 tum
3142 2314 3316 2370 etiam
3351 2313 3802 2370 interventione.

2147 2405 2375 2460 Dictum
2395 2422 2429 2459 a
2445 2403 2831 2459 similitudine
2853 2402 3106 2474 alicujus
3127 2402 3379 2458 civitatis
3396 2402 3554 2457 inter
3575 2409 3804 2459 montes

2149 2495 2294 2562 sitae,
2317 2494 2408 2549 cui
2431 2509 2548 2549 non
2573 2492 2737 2548 facile
2761 2493 2946 2564 possit
2965 2491 3227 2547 assultus
3249 2491 3395 2548 ﬁeri.
3422 2492 3495 2547 Et
3517 2508 3638 2547 non
3672 2497 3799 2547 tan-

2146 2588 2274 2638 tum
2298 2588 2525 2653 montes,
2561 2583 2661 2638 sed
2695 2582 2818 2653 ipse
2839 2582 3100 2637 Dominus
3123 2585 3210 2637 est
3231 2583 3291 2635 in
3313 2582 3576 2648 circuitu,
3613 2582 3675 2635 in
3710 2582 3802 2637 de-

2149 2673 2411 2727 fensione
2435 2672 2625 2743 populi
2642 2673 2752 2726 sui.
2770 2672 2837 2725 Et
2861 2671 2921 2725 in
2944 2670 3053 2725 hoc
3076 2670 3490 2742 perseverabit,
3512 2669 3803 2742 incipiens

2146 2776 2216 2815 ex
2243 2761 2340 2813 hoc
2387 2760 2628 2815 instanti
2660 2774 2810 2814 num:
2843 2769 2895 2814 et
2937 2775 3105 2831 usque
3135 2758 3194 2813 in
3227 2759 3403 2813 finem
3432 2758 3597 2824 vita,
3639 2760 3803 2830 juxta

2147 2847 2289 2902 illud
2319 2865 2331 2901 :
2364 2849 2499 2903 Ecce
2516 2865 2615 2917 ego
2649 2849 2919 2904 vobiscum
2947 2865 3070 2903 sum
3091 2848 3345 2903 omnibus
3365 2847 3561 2903 diebus
3592 2848 3801 2917 (Matth.

2148 2936 2364 3006 XXVIII).
2417 2937 2558 3004 Quia
2601 2953 2709 2992 non
2761 2938 3033 3008 relinquet
3065 2938 3328 2993 Dominus
3370 2936 3588 3007 virgam
3617 2938 3805 3007 pecca-

2150 3035 2349 3080 torum.
2400 3024 2546 3079 Vere
2574 3041 2686 3080 non
2726 3026 3180 3090 commovebitur,
3236 3027 3369 3095 quia
3396 3027 3665 3080 Dominus
3693 3036 3806 3079 non

2149 3115 2425 3185 relinquet
2453 3116 2684 3184 virgam,
2714 3113 2771 3168 id
2802 3120 2892 3168 est
2920 3118 3215 3186 sceptrum
3240 3118 3297 3167 et
3320 3112 3641 3167 dominium
3663 3129 3798 3184 pec-

392 3203 503 3259 sibi
526 3206 759 3275 paratos
784 3200 1078 3274 sapienter
1102 3201 1411 3267 transiens,
1436 3200 1553 3256 alta
1570 3206 1626 3256 et
1645 3206 1861 3257 aeterna
1883 3219 2040 3258 men-
2071 3189 2112 3254 C
2149 3210 2395 3258 catorum
2416 3219 2584 3275 super
2600 3207 2820 3269 sortem,
2853 3202 2904 3256 id
2941 3209 3029 3258 est
3059 3218 3238 3274 super
3264 3200 3599 3257 electionem
3604 3205 3801 3273 justo-

391 3293 468 3347 tis
499 3290 810 3355 celeritate,
832 3295 889 3346 et
908 3288 1201 3361 spirituali
1226 3290 1450 3344 ratione
1471 3307 1703 3362 semper
1729 3296 2032 3363 appetens,

390 3387 575 3453 erepta
603 3390 681 3436 est
710 3381 781 3435 de
812 3379 1089 3450 captiosis
1114 3384 1170 3434 et
1198 3380 1546 3451 deceptoriis
1579 3381 1790 3445 verbis,
1815 3382 2033 3452 quibus

391 3487 497 3526 nos
538 3470 853 3540 illaqueare
882 3473 938 3523 et
966 3468 1302 3523 subvertere
1352 3467 1789 3524 moliebantur:
1841 3476 1892 3525 et
1936 3487 2036 3527 nos

388 3559 518 3614 ideo
549 3559 731 3630 erepti
758 3573 965 3624 sumus,
1000 3556 1276 3629 quoniam
1309 3556 1535 3629 laqueus
1556 3558 1915 3629 deceptionis
1939 3575 2032 3615 eo-

391 3664 521 3703 rum
553 3650 820 3704 conlritus
849 3650 954 3714 est,
1006 3652 1064 3701 et
1101 3645 1369 3701 inefﬁcax
1416 3646 1604 3700 factus
1652 3653 1768 3717 est,
1819 3648 1874 3702 id
1916 3652 2033 3717 est,

390 3738 599 3793 amodo
621 3736 872 3792 cessabit
895 3734 1196 3791 maledicis
1217 3740 1272 3789 et
1294 3734 1515 3790 dolosis
1534 3735 1722 3790 verbis
1746 3735 1913 3791 nobis
1936 3737 2035 3792 ad-

388 3827 625 3883 versari.
656 3825 1004 3896 Adjutorium
1034 3826 1297 3878 nostrum.
1342 3823 1437 3893 Et,
1471 3823 1625 3895 quod
1656 3823 1771 3879 tale
1801 3824 2035 3895 adjuto-

390 3914 542 3968 rium
575 3914 911 3978 habuimus,
944 3930 1057 3967 non
1082 3917 1205 3968 erat
1223 3929 1291 3967 ex
1315 3911 1540 3966 meritis
1571 3912 1807 3979 nostris,
1843 3914 1941 3968 sed
1977 3915 2035 3968 in

389 4003 611 4056 nomine
639 4002 888 4065 Domini,
919 4000 976 4055 id
1008 4004 1125 4065 est,
1174 4000 1232 4054 in
1285 3999 1686 4055 misericordia
1716 4001 1843 4070 ejus
1876 4002 2035 4056 unde

391 4089 517 4160 ipse
540 4093 632 4143 est
650 4088 1101 4160 gloriﬁcandus;
1133 4090 1357 4144 Domini
1378 4089 1528 4155 dico,
1555 4089 1650 4159 qui
1679 4090 1823 4145 bene
1846 4093 2037 4162 potuit

392 4194 499 4233 nos
524 4178 821 4248 adjuvare,
848 4176 986 4248 quia
1010 4175 1136 4247 ipse
1162 4179 1289 4248 fecit
1309 4178 1504 4232 caelum
1524 4181 1575 4234 et
1592 4181 1817 4250 terram,
1843 4180 1899 4234 id
1922 4183 2035 4247 est,

390 4272 446 4323 et
467 4267 597 4322 illos
618 4266 718 4339 qui
745 4267 870 4337 jam
904 4266 1285 4321 ascendentes
1308 4266 1365 4320 in
1397 4283 1739 4338 supremum
1763 4268 2033 4341 gradum,

388 4356 513 4412 εωΙὶ
535 4355 669 4412 facti
692 4360 847 4423 sunt,
862 4361 919 4411 et
941 4353 1072 4409 illos
1090 4354 1212 4426 qui,
1228 4354 1483 4410 minores
1501 4355 1692 4411 adhuc
1709 4357 1766 4410 in
1788 4373 2033 4413 ascensu

389 4445 586 4519 positi,
621 4445 871 4501 necdum
902 4442 1141 4499 omnino
1173 4442 1389 4498 terreni
1421 4459 1549 4499 esse
1579 4444 1898 4501 desierunt.

912 4587 1238 4644 PSALMUS
1276 4586 1509 4642 CXXIV.

830 4693 1176 4732 CANTICUM
1216 4691 1588 4732 GRADUUM.

463 4822 491 4851 ‹‹
524 4800 629 4865 Qui
655 4801 957 4856 confidunt
981 4801 1040 4855 in
1067 4800 1330 4868 Domino,
1357 4799 1507 4855 sicut
1534 4816 1703 4855 mons
1721 4800 1891 4857 Sion:
1919 4818 2032 4857 non

390 4915 413 4939 ι
450 4889 914 4947 commovebitur
940 4889 999 4943 in
1026 4894 1303 4944 aeternum
1338 4890 1436 4959 qui
1468 4888 1695 4943 habitat
1719 4888 1777 4942 in
1799 4890 2034 4946 Jerusa-

378 5004 416 5031 «
450 4980 586 5037 lem.
617 4983 839 5034 Montes
873 4978 931 5032 in
963 4978 1208 5033 circuitu
1241 4978 1399 5049 ejus,
1433 4981 1490 5032 et
1522 4977 1801 5033 Dominus
1832 4979 1892 5035 in
1923 4980 2034 5035 cir-

390 5093 416 5120 ‹‹
451 5070 609 5125 cuitu
630 5068 828 5142 populi
853 5066 965 5134 sui,
982 5083 1051 5122 ex
1066 5065 1175 5122 hoc
1198 5084 1353 5122 nunc
1369 5072 1425 5121 et
1446 5083 1630 5139 usque
1651 5067 1709 5122 in
1731 5068 2032 5124 saeculum.

388 5182 416 5210 ‹‹
448 5159 593 5224 Quia
622 5176 736 5214 non
770 5157 1059 5229 relinquet
1089 5155 1377 5211 Dominus
1408 5156 1632 5228 virgam
1666 5162 2035 5228 peccatorum

392 5272 413 5298 ι
451 5265 628 5321 super
645 5252 862 5303 sortem
877 5250 1199 5317 justorum,
1225 5249 1289 5300 ut
1310 5260 1425 5300 non
1454 5246 1770 5302 extendant
1785 5247 1935 5317 justi
1964 5248 2036 5303 ad

388 5360 415 5387 ‹‹
450 5337 821 5409 iniquitatem
855 5353 1065 5391 manus
1098 5352 1256 5391 suas.
1286 5334 1555 5402 Benefac,
1578 5335 1841 5403 Domine,
1868 5336 2038 5393 bonis

394 5448 421 5481 ιι
450 5431 507 5482 et
537 5426 709 5482 rectis
731 5426 923 5482 corde.
948 5424 1319 5480 Declinantes
1342 5428 1536 5478 autem
1558 5422 1617 5478 in
1650 5422 2039 5496 obligationes

388 5537 417 5566 «
448 5515 698 5570 adducet
726 5514 1008 5571 Dominus
1038 5530 1174 5569 cum
1203 5512 1580 5586 operantibus
1612 5511 1979 5586 iniquitatem
2023 5534 2036 5571 :

394 5625 416 5654 ι
450 5618 563 5677 pax
591 5619 767 5677 super
797 5602 997 5663 Israel.
1033 5624 1062 5654 ››

2143 3298 2290 3357 rum,
2323 3309 2499 3364 super
2528 3293 2688 3364 ipsos
2719 3291 2943 3347 scilicet
2962 3292 3161 3361 justas
3183 3291 3283 3362 qui
3313 3295 3453 3346 sunt
3481 3288 3645 3346 electi
3672 3291 3796 3358 Dei,

2143 3381 2252 3436 hoc
2275 3386 2363 3436 est
2387 3397 2500 3436 non
2525 3382 2778 3452 patietur
2806 3379 2937 3435 illos
2971 3379 3127 3435 ultra
3154 3379 3304 3435 vires
3328 3395 3478 3435 suas
3510 3379 3796 3448 laborare,

2145 3468 2629 3541 sicutApostolus
2660 3469 2742 3524 ait
2766 3485 2778 3523 :
2803 3491 2830 3517 «
2857 3467 3069 3524 Fidelis
3089 3469 3243 3524 Deus
3265 3468 3364 3539 qui
3396 3485 3517 3523 non
3547 3469 3796 3541 patietur

2141 3576 2245 3614 vos
2274 3559 2481 3614 tentari
2516 3574 2693 3630 supra
2751 3557 2807 3612 id
2843 3557 2996 3629 quod
3049 3557 3295 3628 potestis
3339 3558 3385 3629 (1
3411 3557 3537 3614 Cor.
3570 3559 3642 3628 κ).
3670 3581 3698 3605 ιο
3728 3558 3794 3612 Et

2144 3647 2286 3703 adeo
2300 3664 2413 3702 non
2429 3646 3015 3717 derelinquetvirgam
3028 3649 3377 3717 peccatorum
3395 3663 3463 3701 su
3471 3662 3571 3719 per
3573 3649 3786 3716 justas,

2143 3745 2204 3791 ut
2229 3737 2391 3806 iusti,
2443 3751 2559 3791 non
2592 3735 2721 3790 dico
2753 3750 2867 3790 non
2900 3739 3172 3806 peccent,
3219 3736 3323 3791 sed
3367 3752 3473 3791 non
3497 3726 3783 3789 (dentiant

2142 3840 2359 3895 manus,
2386 3824 2442 3878 id
2469 3828 2556 3879 est
2575 3823 2908 3879 affectiones
2926 3836 3051 3879 suas
3073 3823 3142 3878 ad
3163 3826 3529 3895 iniquitatem,
3556 3826 3615 3876 ut
3642 3820 3773 3876 nul-

2143 3912 2262 3968 lam
2282 3912 2537 3968 habeant
2558 3911 2915 3968 voluntatem
2946 3912 3243 3984 peccandi.
3278 3914 3520 3983 Benefac
3546 3911 3781 3968 Domine.

2142 4002 2309 4057 Nunc
2330 4000 2401 4056 ad
2434 4000 2881 4056 instructionem
2908 4001 3265 4071 auditorum,
3299 4017 3452 4072 quos
3482 4001 3543 4057 in
3571 4000 3796 4057 confor-

2147 4091 2347 4145 mitate
2361 4090 2453 4145 sui
2472 4094 2822 4146 ascensu‘ros
2838 4089 3107 4157 invitant,
3125 4089 3453 4146 orationem
3468 4090 3801 4160 effundunt,

2146 4183 2209 4235 ut
2227 4177 2418 4251 etipsi
2451 4196 2553 4251 per
2578 4178 2900 4234 orationem
2933 4179 3353 4245 conscendant,
3388 4179 3470 4257 ita
3498 4179 3805 4235 dicentes:

2147 4274 2198 4326 0
2224 4269 2481 4334 Domine,
2521 4267 2744 4338 benefac
2772 4267 2955 4337 bonis,
2997 4267 3055 4321 id
3088 4273 3176 4323 est
3203 4268 3353 4323 bene
3380 4269 3805 4339 operantibus,

2145 4361 2210 4411 ut
2241 4360 2630 4428 perseverent,
2674 4361 2724 4411 et
2753 4360 2915 4411 rectis
2944 4355 3119 4424 corde,
3152 4356 3210 4411 id
3240 4361 3331 4412 est
3360 4356 3806 4425 innocentibus,

2146 4449 2210 4500 ut
2250 4445 2334 4499 sic
2383 4449 2784 4516 permaneant.
2838 4444 3178 4501 Declinantes
3221 4449 3422 4500 autem.
3478 4445 3555 4501 Et
3610 4459 3811 4502 revera

2066 4552 2114 4616 D
2144 4533 2463 4590 benefaciet
2513 4533 2797 4589 Dominus
2850 4534 3040 4589 bonis.
3100 4535 3444 4589 Declinantes
3507 4543 3710 4591 autem
3753 4537 3811 4589 in

2143 4623 2526 4693 obtigationes,
2574 4621 2634 4677 id
2665 4626 2754 4678 est
2791 4622 2852 4677 in
2882 4626 3147 4694 peccata,
3197 4623 3414 4695 quibus
3465 4621 3815 4697 obligantur

2142 4711 2411 4767 homines
2440 4709 2617 4766 veluti
2647 4716 2879 4781 catena,
2923 4710 3041 4780 vel,
3083 4729 3145 4767 in
3174 4712 3572 4783 obligations,
3634 4714 3696 4769 id
3730 4716 3816 4769 est

2143 4800 2558 4873 persuasiones
2629 4805 2999 4871 peccatorum
3054 4800 3285 4856 adducet
3345 4801 3630 4858 Dominus
3694 4814 3814 4857 cum

2143 4888 2494 4961 operantibus
2516 4889 2886 4959 iniquitatem,
2908 4888 2967 4944 id
2997 4892 3086 4944 est
3117 4890 3322 4945 eadem
3355 4906 3530 4961 paena
3564 4891 3817 4946 damna-

2145 4980 2233 5035 bit
2262 4977 2394 5033 illos
2425 4993 2543 5048 qua
2570 4977 2867 5049 operarios
2897 4976 3245 5049 iniquitatis,
3269 4978 3327 5033 id
3359 4983 3449 5033 est
3476 4993 3703 5035 eorum
3725 4980 3817 5034 de-

2145 5075 2462 5125 vocatores.
2486 5066 2588 5123 Ille
2619 5066 2841 5123 scilicet
2867 5068 3146 5124 Dominus
3168 5069 3341 5124 faciet
3372 5068 3495 5123 haec
3517 5070 3662 5141 qui,
3698 5069 3815 5126 exi-

2148 5162 2307 5214 stens
2333 5173 2452 5227 pax
2477 5171 2640 5223 super
2669 5158 2866 5227 Israel,
2916 5162 3132 5213 aeterna
3170 5158 3368 5229 quiete
3396 5156 3815 5214 remanet-abit

2145 5246 2407 5302 videntes
2437 5261 2522 5313 se,
2567 5249 2624 5301 et
2653 5261 2817 5317 spem
2850 5263 3016 5302 suam
3051 5246 3108 5301 in
3140 5262 3208 5302 eo
3240 5250 3550 5317 ponentes.

2681 5333 3005 5391 PSALMUS
3044 5334 3254 5390 CXXV.

2590 5439 2943 5479 CANTICUM
2978 5438 3350 5480 GRADUUM.

2222 5535 2249 5561 «
2274 5512 2337 5568 In
2360 5512 2749 5567 convertendo
2763 5511 3047 5569 Dominus
3064 5513 3461 5585 captivitatem
3479 5512 3659 5583 Sion,
3676 5510 3805 5569 facii

2151 5618 2359 5663 sumus
2378 5600 2533 5659 sicut
2551 5599 2855 5660 consolati.
2879 5602 3042 5661 Tunc
3072 5600 3357 5679 repletam
3378 5607 3472 5663 est
3494 5603 3729 5680 gaudio
3744 5610 3813 5661 os
