4024 6192
294 313 403 372 777

1415 314 1516 375 EN
1523 314 2025 376 ARRATIONES
2068 314 2149 375 IN
2195 316 2575 378 PSALMOS.

3578 325 3700 386 7’78

294 466 319 494 «
348 446 700 510 nostrum,et
715 442 915 516 lingua
934 448 1133 500 nostra
1150 444 1938 503 exsultatione.Tuncdicent
1965 448 2019 512 Α
2050 448 2295 503 Domine.
2330 449 2682 504 Convertunt
2711 464 2773 503 se
2804 448 2875 503 ad
2907 448 3249 514 orationem,
3281 453 3346 504 ut
3376 453 3700 521 quemlibet

293 554 318 582 «
348 531 501 587 inter
515 538 746 604 gentes:
767 533 1157 605 Magniﬁcavit
1172 534 1457 591 Dominus
1470 537 1657 591 facere
1674 555 1808 592 cum
1827 536 1929 592 eis.

294 644 319 670 «
349 621 740 694 Magniﬁcavit
760 622 1046 678 Dominus
1068 624 1254 679 facere
1288 625 1630 693 nobiscum;
1667 627 1801 681 facti
1834 643 1930 681 su-

294 732 319 760 «
349 726 483 766 mus
507 711 783 767 laetantes.
812 715 1106 783 Converte,
1130 713 1396 781 Domine,
1419 715 1811 786 captivitatem
1838 732 1934 770 no-

300 820 324 853 ι
350 804 560 867 stram,
612 800 766 856 sicut
797 805 1025 856 torrens
1056 802 1115 857 in
1149 806 1369 857 austro.
1412 803 1517 866 Qui
1550 803 1844 859 seminant
1874 804 1930 858 in

299 908 320 937 ι
349 888 645 961 lacrymis,
678 890 737 944 in
768 891 1154 946 exsultatione
1186 895 1425 946 metent.
1450 892 1669 947 Euntes
1693 892 1855 948 ibant
1877 897 1934 947 et

292 1000 318 1027 ‹‹
352 978 586 1044 ﬂebant,
602 978 898 1034 mittentes
920 978 1146 1035 semina
1162 979 1606 1035 sua.Venientes
1624 985 1819 1035 autem
1844 997 1932 1036 ve-

294 1089 321 1118 ι(
350 1067 655 1123 nientcum
669 1067 1371 1140 exsultatione,portantes
1386 1069 1718 1141 manipulos
1732 1086 1925 1125 suos.»

866 1158 1305 1213 ENNARRATIO.

356 1247 490 1302 Post
520 1245 917 1318 contemplum
966 1245 1377 1319 temporalium
1419 1247 1612 1302 adhuc
1642 1245 1814 1302 altior
1843 1252 1933 1302 est

288 1336 525 1408 gradus,
556 1339 619 1389 ut
638 1335 814 1389 etiam
840 1338 973 1407 post
1004 1334 1359 1407 captivitatis
1392 1334 1827 1391 conversionem
1860 1335 1930 1391 1i-

266 1424 488 1489 ,berum
521 1427 576 1478 et
596 1423 929 1493 jucundum
964 1424 1040 1477 sit
1068 1425 1153 1479 eis
1183 1424 1329 1480 bene
1359 1441 1547 1497 agere.
1574 1423 1745 1479 Multi
1774 1423 1930 1479 enim

286 1515 424 1567 sunt
452 1512 651 1567 omnia
696 1510 1041 1584 temporalia
1087 1516 1501 1584 postponentes
1532 1518 1587 1567 et
1616 1514 1763 1569 bene
1794 1528 1927 1585 cpe-

285 1602 479 1654 rantes
507 1599 722 1671 quibus
746 1604 940 1655 tamen
974 1617 1085 1653 non
1120 1605 1207 1654 est
1230 1600 1562 1670 jucundum
1596 1606 1651 1655 et
1682 1599 1931 1655 delecta-

284 1686 395 1743 bile
426 1688 573 1743 bene
602 1704 790 1760 agere,
816 1688 956 1759 quia
985 1688 1270 1753 fortassis,
1297 1688 1343 1742 si
1379 1705 1548 1759 paena
1578 1692 1633 1743 et
1659 1704 1933 1743 remune-

282 1777 424 1832 ratio
455 1793 569 1831 non
601 1781 971 1848 sequeretur,
1012 1794 1046 1831 a
1076 1777 1220 1832 bene
1252 1777 1475 1848 agendo
1513 1782 1830 1832 cessarent.
1866 1777 1927 1832 In

283 1864 634 1935 quibusdam
656 1882 788 1921 vero
817 1864 948 1921 istis
981 1865 1261 1938 gradibus
1292 1882 1354 1920 se
1385 1870 1614 1937 ponunt
1644 1866 1699 1920 in
1733 1882 1926 1921 exem-

282 1954 465 2025 plum,
482 1954 537 2009 in
558 1954 913 2025 quibusdam
933 1954 1279 2026 simpliciter
1299 1954 1705 2019 adhortantur,
1726 1955 1783 2009 in
1804 1953 1931 2026 qui-

279 2043 387 2098 bus
419 2049 734 2114 utrumque
765 2043 987 2098 faciunt
1015 2042 1075 2097 hi
1107 2044 1584 2098 conscendentes.

351 2135 414 2185 In
446 2131 796 2187 convertenda
826 2133 1118 2201 Dominus,
1168 2131 1225 2186 id
1260 2135 1347 2186 est
1377 2132 1517 2187 dum
1564 2134 1928 2187 converteret

276 2220 562 2275 Dominus
581 2222 948 2292 captivitatem
973 2220 1123 2285 Sion,
1158 2220 1215 2275 id
1242 2224 1331 2275 est
1354 2220 1695 2276 servitutem
1718 2220 1923 2287 nostri,

276 2306 401 2377 qui,
418 2308 580 2379 prius
605 2309 675 2363 ad
701 2309 942 2363 modum
966 2308 1545 2380 captivorum,coacti
1568 2313 1623 2364 et
1640 2326 1705 2364 ex
1729 2325 1926 2364 neces-

272 2395 448 2451 sitate
463 2397 811 2453 servivimus
828 2397 887 2452 in
910 2397 1235 2453 libertatem
1254 2402 1311 2453 et
1317 2399 1341 2467 j
1354 2398 1645 2452 ucundam
1665 2397 1929 2453 volunta-

266 2488 407 2540 tem.
440 2485 634 2541 Nostri
666 2485 814 2550 dico,
847 2486 1279 2557 speculantium
1316 2487 1539 2553 futura,
1571 2489 1707 2557 facti
1736 2504 1927 2542 sum-us

262 2575 407 2628 sicut
435 2574 716 2629 consolati.
750 2574 1064 2645 Captivitas
1096 2575 1233 2630 Sion
1268 2575 1407 2645 fuit,
1458 2577 1695 2647 quando
1728 2575 1924 2631 Eccle-

263 2663 414 2717 siam
442 2662 537 2717 Dei
560 2679 687 2733 qua:
714 2662 992 2733 primitus
1017 2663 1074 2717 in
1106 2664 1306 2734 paucis
1329 2669 1453 2718 erat
1478 2669 1920 2734 persecutorum

265 2751 572 2822 premebat
599 2750 905 2821 iniquitas.
927 2752 1036 2806 Sed
1061 2767 1340 2807 conversa
1360 2758 1448 2806 est
1480 2751 1536 2805 in
1560 2751 1914 2817 libertatem,

265 2840 501 2910 quando
533 2855 635 2911 per
663 2839 871 2894 divinae
903 2839 1316 2894 misericordiae
1367 2844 1694 2910 respectum
1741 2840 1914 2895 etiam

264 2929 380 2999 ipsi
406 2928 700 3000 principes
726 2932 1072 2999 receperunt
1102 2928 1295 2995 fidem,
1322 2928 1567 3000 jamque
1598 2928 1766 2983 licuit
1794 2945 1919 2984 cre-

166 3024 175 3031 '
266 3017 545 3071 dentibus
577 3017 758 3072 libere
789 3017 1015 3072 Christo
1046 3017 1317 3072 exhibere
1348 3018 1708 3072 servitutem.
1738 3018 1919 3089 Cujus

267 3105 625 3178 captivitatis
657 3105 953 3162 conversio
984 3111 1102 3160 tam
1135 3106 1433 3177 jucundos
1463 3110 1520 3161 et
1549 3105 1919 3161 delectabiles

2043 537 2452 591 ascendentem
2512 538 2890 592 exbortentur
2944 537 3002 591 in
3040 536 3331 609 idipsum,
3383 539 3692 597 dicentes:

2041 626 2086 679 Ο
2122 626 2373 689 Domine,
2405 633 2657 682 converte
2685 629 3055 698 captivitatem
3088 632 3338 684 nostram
3370 629 3427 683 in
3460 628 3696 686 liberta-

2040 717 2178 768 tem.
2205 714 2284 767 Ne
2309 712 2523 784 aliquis
2557 718 2786 785 putaret
2815 716 2965 770 hanc
2993 716 3343 787 captivitatis
3368 718 3693 775 conversio-

2042 818 2173 857 nem
2224 803 2306 856 ita
2352 802 2562 857 factam
2615 808 2679 857 ut
2727 821 2840 858 non
2887 808 3084 875 posset
3114 804 3337 860 intendi
3370 811 3425 861 et
3466 807 3689 878 augeri,

2043 890 2223 945 addit.
2258 890 2534 955 Quamvis
2562 890 2829 947 dicamus
2862 893 3014 963 quod
3038 895 3218 962 facere
3240 902 3417 962 tuum,
3442 897 3689 964 Domine,

2039 979 2318 1033 nobiscum
2349 979 2845 1050 magniﬁcaberis,
2899 986 3095 1036 tamen
3128 999 3394 1049 oramus,
3440 992 3692 1041 converte

2042 1067 2231 1139 magis
2264 1073 2320 1123 et
2350 1070 2537 1140 magis
2566 1070 2941 1138 captivitatem
2970 1080 3217 1125 nostram
3244 1072 3302 1127 in
3336 1073 3686 1141 libertatem,

2042 1156 2181 1227 quia
2199 1155 2460 1227 quandiu
2484 1156 2541 1210 in
2559 1156 2669 1210 hac
2689 1156 2808 1211 vita
2828 1158 3231 1229 subsistimus,
3248 1177 3479 1232 semper
3501 1164 3690 1235 magis

2041 1253 2098 1299 et
2122 1246 2310 1317 magis
2334 1246 2389 1300 in
2425 1244 2755 1301 libertatem
2779 1247 3036 1302 converti
3065 1247 3400 1320 indigemus
3425 1268 3437 1306 :
3473 1252 3692 1308 liberta-

2042 1342 2143 1389 tem
2166 1336 2314 1401 dico,
2340 1336 2684 1390 existentem
2706 1345 2845 1390 sicut
2865 1342 3080 1391 torrens
3102 1340 3161 1391 in
3180 1347 3384 1394 austro.
3408 1340 3693 1412 Tempore

2042 1423 2237 1479 ﬂantis
2261 1425 2443 1479 austri
2472 1424 2690 1496 glacies
2720 1430 2777 1479 et
2807 1426 2904 1479 nix
2936 1425 3243 1481 resolvitur
3264 1427 3321 1481 in
3349 1432 3690 1493 torrentem,

2041 1513 2180 1584 quia
2212 1515 2410 1568 omnia
2442 1513 2671 1584 repellit
2701 1514 2993 1568 obstantia
3035 1532 3047 1567 :
3099 1515 3177 1569 ita
3210 1520 3266 1569 et
3297 1517 3473 1570 corda
3504 1518 3693 1573 calore

2041 1602 2226 1657 sancti
2253 1602 2508 1674 Spiritus
2533 1603 2728 1657 afflatu
2750 1602 3121 1657 resolvuntur
3146 1621 3178 1657 a
3208 1603 3391 1674 glacie
3414 1605 3689 1661 vitiorum

2040 1690 2100 1744 in
2134 1689 2461 1745 libertatem
2510 1690 2649 1761 quia
2680 1691 2877 1744 omnia
2907 1691 3085 1760 hujus
3117 1692 3313 1747 saeculi
3359 1694 3691 1764 propellens

2040 1774 2480 1851 impedimenta,
2506 1779 2556 1832 vi
2586 1778 2839 1833 maxima
2860 1780 2976 1833 ruit
2997 1781 3066 1833 ad
3094 1781 3360 1851 patriam.
3387 1782 3562 1845 Quasi
3587 1781 3690 1836 ali-

2040 1868 2173 1939 quis
2204 1868 2457 1923 diceret:
2490 1868 2575 1921 Tu
2607 1884 2739 1922 oras
2772 1866 3100 1922 libertatem
3134 1885 3250 1938 qua
3280 1868 3565 1940 plurimas
3590 1888 3687 1942 pa-

2038 1956 2200 2012 tieris
2232 1955 2678 2011 tribulationes:
2714 1957 2819 2025 vel,
2858 1956 3048 2027 qualis
3082 1962 3171 2011 est
3200 1956 3303 2012 illa
3334 1957 3591 2029 libertas,
3626 1959 3684 2014 in

2039 2062 2154 2116 qua
2184 2049 2269 2100 tot
2297 2044 2706 2100 tribulationes
2736 2045 3039 2100 sustines?
3071 2046 3155 2098 Ad
3188 2045 3297 2100 hoc
3329 2048 3646 2117 respondes
3677 2064 3689 2102 :

2037 2136 2171 2201 Quae
2191 2151 2331 2189 cura
2347 2134 2374 2187 ?
2399 2134 2455 2189 Si
2477 2134 2761 2189 seminem
2781 2135 2840 2187 in
2863 2134 3145 2204 lacrymis,
3166 2134 3221 2187 in
3243 2135 3454 2205 gaudio
3476 2140 3691 2190 metam

2038 2224 2176 2294 quia
2206 2239 2439 2288 omnes,
2490 2224 2586 2294 qui
2615 2224 2890 2277 seminant
2922 2223 2978 2276 in
3012 2221 3318 2293 lacrymis,
3370 2222 3428 2277 id
3472 2228 3559 2277 est
3590 2224 3691 2294 qui

2036 2316 2352 2383 operantur
2368 2312 2514 2366 bene
2533 2311 2590 2365 in
2615 2310 3114 2377 tribulationibus,
3132 2311 3342 2365 facient
3360 2327 3612 2367 messem
3631 2314 3692 2367 in

2037 2401 2427 2466 exsultatione,
2469 2399 2526 2454 id
2558 2406 2649 2454 est
2679 2400 2932 2453 fructum
2962 2400 3127 2454 bona}
3159 2399 3514 2471 operationis
3545 2401 3689 2455 reci-

2036 2488 2197 2555 pient
2227 2505 2330 2559 pro
2362 2505 2427 2543 eo
2474 2488 2623 2556 quod
2680 2487 2774 2541 hic
2814 2487 3244 2541 laboraverunt.
3280 2492 3481 2543 Euntes
3513 2488 3687 2543 ibant.

2034 2578 2104 2631 Et
2122 2582 2185 2632 ut
2203 2578 2562 2632 seminemus
2581 2576 2637 2630 in
2658 2576 2953 2647 lacrymis,
2968 2575 3255 2630 habemus
3274 2576 3686 2632 auctoritatem

2034 2665 2093 2719 in
2121 2664 2614 2728 antecessoribus,
2647 2664 2704 2717 id
2737 2670 2825 2718 est
2854 2663 2911 2717 in
2948 2663 3168 2718 sanctis
3195 2664 3549 2736 martyribus
3581 2666 3683 2736 qui

2033 2753 2272 2807 fuerunt
2292 2757 2496 2807 euntes
2520 2752 2590 2807 ad
2618 2756 2889 2808 mortem.
2913 2752 2981 2805 Et
3003 2752 3357 2807 determinat
3390 2754 3685 2824 quomodo

2029 2845 2257 2895 euntes:
2302 2842 2459 2895 Ibant
2487 2846 2539 2895 et
2566 2842 2799 2911 ﬂebant,
2843 2840 2949 2895 hoc
2982 2845 3069 2895 est
3098 2843 3375 2896 mittentes
3406 2842 3467 2896 in
3498 2840 3684 2914 lacry-

2033 2928 2144 2984 mis
2172 2930 2382 2984 semina
2408 2947 2530 2999 sua,
2562 2930 2619 2984 id
2652 2934 2739 2985 est
2771 2930 2954 2985 bonas
2985 2930 3369 3001 operationes.
3410 2932 3688 2985 Venientes

2030 3027 2232 3074 autem.
2268 3021 2352 3073 Ita
2384 3019 2617 3073 fuerunt
2645 3028 2831 3073 euntes
2860 3019 2930 3072 ad
2967 3023 3212 3073 mortem
3232 3064 3245 3085 ,
3293 3024 3357 3073 ut
3387 3020 3647 3075 diximus
3667 3061 3681 3085 ,

2030 3108 2150 3174 sed,
2176 3109 2457 3162 venientes
2479 3108 2548 3161 de
2572 3112 2756 3162 morte
2780 3108 2848 3161 ad
2875 3108 3073 3177 vitam,
3107 3110 3321 3163 venient
3352 3126 3467 3163 non
3497 3108 3685 3178 quali-

266 3195 529 3250 reddidit
558 3195 871 3265 plurimos,
923 3199 984 3248 ut
1005 3195 1132 3264 jam
1164 3195 1331 3266 quasi
1365 3211 1434 3250 ex
1463 3194 1642 3250 libero
1675 3194 1916 3249 arbitrio
1947 3180 1990 3246 C
2030 3202 2379 3265 tercunque,
2434 3196 2535 3249 sed
2581 3212 2708 3250 cum
2739 3196 3109 3249 exsultatione
3152 3202 3354 3250 contra
3384 3196 3491 3249 hoc
3524 3198 3678 3266 quod

264 3284 421 3340 bene
441 3283 669 3355 operari
690 3283 1135 3338 delectarentur.
1160 3284 1229 3338 Et
1253 3282 1382 3354 ipsa
1404 3282 1655 3337 tristitiaa
1678 3281 1923 3337 remotio

265 3373 367 3428 hic
400 3372 615 3427 dicitur
644 3371 986 3427 consolatio.
1038 3371 1202 3427 Unde
1230 3371 1326 3426 hic
1358 3371 1611 3425 dicitur:
1646 3371 1801 3424 Facti
1828 3387 1921 3425 su-

262 3479 393 3517 mus
422 3462 564 3515 sicut
585 3461 875 3530 consolati,
905 3458 1061 3530 quia,
1092 3464 1546 3530 quantacunque
1568 3457 1662 3512 hic
1686 3456 1762 3513 sit
1783 3474 1924 3512 con—

264 3550 502 3616 solatio,
537 3555 627 3605 est
659 3548 826 3621 quasi
856 3548 1066 3603 umbra
1088 3552 1144 3603 et
1170 3547 1434 3619 quaedam
1461 3550 1692 3601 tantum
1716 3546 1925 3601 simili-

269 3639 421 3693 tudo
470 3640 678 3693 futurze
723 3635 1182 3693 consolationis:
1236 3638 1377 3691 Tunc
1406 3637 1678 3707 repletum
1707 3640 1807 3690 est.
1860 3635 1927 3689 Et

270 3744 393 3783 non
421 3726 613 3782 solum
636 3725 856 3782 similes
874 3727 1011 3797 facti
1033 3742 1221 3780 sumus
1242 3723 1559 3780 consolatis
1585 3725 1641 3779 in
1664 3723 1765 3779 illa
1785 3741 1920 3779 con-

263 3814 537 3872 versione
568 3814 918 3886 captivitatis
950 3813 1009 3868 in
1042 3813 1393 3879 libertatem,
1428 3814 1525 3869 sed
1558 3813 1731 3869 etiam
1762 3819 1922 3880 tunc,

263 3905 327 3960 id
362 3910 456 3961 est
484 3905 688 3960 eodem
720 3908 981 3974 tempore
1012 3901 1427 3969 conversionis,
1460 3918 1516 3957 os
1536 3905 1784 3957 nostrum
1810 3901 1921 3956 sci»

266 3995 413 4049 licet
438 3992 687 4049 interius
718 3991 1002 4065 repletum
1034 3998 1112 4046 est
1136 3993 1374 4062 gaudio.
1423 3993 1487 4046 Et
1519 3993 1715 4061 lingua
1747 3991 1921 4045 etiam

270 4091 469 4138 nostra
490 4081 759 4137 exteriori
786 4081 1153 4137 exsultatione
1173 4079 1317 4134 illud
1348 4079 1533 4136 celare
1564 4096 1677 4134 non
1714 4080 1926 4150 potuit.

272 4174 427 4227 Tunc
456 4170 639 4226 dicent
669 4173 816 4226 inter
844 4174 1051 4243 gentes.
1102 4169 1210 4223 Sed
1246 4168 1383 4223 mali
1418 4185 1531 4222 non
1564 4172 1925 4239 cognoscunt

265 4264 501 4316 tantam
522 4259 848 4315 libertatem
875 4264 931 4314 et
955 4257 1201 4331 gratiam
1222 4257 1316 4313 hic
1343 4256 1510 4312 nobis
1536 4272 1664 4311 esse
1687 4271 1923 4311 conces-

260 4366 427 4406 sam.
451 4348 562 4404 Sed
591 4356 737 4414 tunc,
760 4348 819 4403 id
841 4351 928 4402 est
949 4346 1007 4401 in
1034 4347 1229 4401 futuro
1252 4346 1353 4401 ubi
1380 4362 1493 4400 non
1518 4348 1791 4416 poterunt
1811 4344 1924 4398 dis-

263 4438 577 4505 simulare,
601 4438 781 4499 dicent
804 4439 944 4492 inter
960 4441 1171 4507 gentes,
1203 4436 1259 4489 id
1283 4440 1370 4491 est
1389 4433 1501 4506 ipsi
1532 4434 1631 4505 qui
1659 4433 1753 4488 hic
1783 4449 1923 4505 gen-

260 4526 461 4584 tiliter
487 4528 773 4598 vixerunt,
807 4527 926 4582 sive
956 4524 1093 4581 mali
1128 4523 1462 4592 Christiani,
1496 4523 1616 4578 sive
1647 4539 1759 4577 non
1795 4538 1921 4577 cre-
1952 4542 1998 4606 D

262 4617 503 4671 dentes.
534 4615 636 4671 Vel
668 4615 840 4671 etiam
876 4615 991 4682 hic,
1026 4613 1205 4686 aliqui
1236 4614 1382 4667 inter
1410 4617 1614 4681 gentes,
1647 4611 1919 4667 conside-

262 4708 479 4760 rantes
509 4704 849 4775 religionem
880 4705 938 4758 in
974 4702 1186 4776 populo
1218 4701 1548 4757 Christiano
1590 4701 1819 4769 ﬂorere,
1871 4704 1929 4755 et

267 4793 513 4849 diversa
534 4793 855 4865 gratiarum
880 4794 1034 4847 bona
1055 4792 1111 4845 in
1135 4791 1355 4846 sanctis
1377 4791 1695 4854 abundare,
1715 4789 1894 4844 dicent
1910 4808 1927 4843 :

264 4882 403 4939 Nos
432 4881 563 4937 illos
596 4881 932 4953 putavimus
957 4880 1196 4934 insanos
1227 4880 1376 4950 (Scip.
1410 4879 1495 4949 ν),
1528 4878 1630 4933 sed
1664 4878 1929 4932 Dominus

270 4972 661 5041 magniﬁcavit
689 4985 863 5025 suum
893 4976 1071 5039 facere
1102 4984 1223 5022 cum
1251 4968 1346 5021 eis.
1382 4968 1533 5020 Bene
1566 4965 1700 5019 facit
1730 4965 1931 5020 Domi-

269 5076 404 5116 nus
435 5076 565 5114 cum
589 5058 734 5126 suis,
768 5062 984 5130 quanto
1016 5064 1075 5111 ut
1110 5056 1253 5110 bene
1276 5059 1590 5125 operentur
1610 5054 1806 5123 efﬁcit,
1832 5054 1931 5109 sed

268 5148 630 5219 magnificat
661 5153 796 5202 tunc
828 5162 1001 5201 suum
1030 5147 1209 5216 facere
1238 5160 1361 5199 cum
1391 5145 1498 5209 eis,
1524 5142 1757 5213 quando
1788 5143 1934 5199 bene

268 5236 515 5309 operari
540 5236 717 5291 efficit
737 5236 820 5291 eis
842 5234 1173 5305 jucundum
1196 5236 1251 5286 et
1271 5237 1657 5302 spontaneum
1686 5231 1933 5301 Magniﬁ-

266 5328 434 5382 cavit
481 5327 758 5380 Dominus.
811 5324 904 5378 Sic
935 5322 1161 5377 dicetur
1190 5322 1331 5375 inter
1367 5328 1567 5389 gentes.
1622 5319 1691 5373 Et
1740 5336 1938 5375 revera

262 5416 555 5473 Dominus
584 5414 956 5484 magniﬁcavit
999 5426 1174 5465 suum
1204 5410 1383 5478 facere
1412 5408 1699 5461 nobiscum
1730 5424 1937 5478 quem-

270 5503 616 5561 admodum
648 5501 731 5556 illi
764 5501 987 5566 dicunt,
1019 5499 1162 5568 facti
1186 5513 1373 5551 sumus
1405 5496 1843 5564 sicutlaztantes,
1880 5498 1937 5552 id

266 5597 377 5653 est
401 5608 468 5649 ex
490 5591 689 5649 laetitia
705 5588 936 5647 Domini
958 5586 1322 5663 complemus
1346 5586 1641 5642 mandata.
1661 5584 1937 5658 Converte,

621 5719 883 5783 PATROL.
930 5716 1195 5781 CXXXI.

2035 3281 2129 3336 hic
2181 3282 2428 3346 ﬂebant,
2478 3287 2754 3351 portantes
2796 3283 3108 3353 manipulos
3138 3299 3289 3348 suos,
3334 3283 3392 3337 id
3425 3289 3511 3337 est
3542 3284 3686 3339 reci-

2036 3369 2261 3441 pientes
2293 3370 2820 3424 remunerationem
2853 3372 3142 3425 bonorum
3174 3387 3439 3441 operum.

2556 3474 2887 3530 PSALMUS
2929 3475 3164 3532 CXXVI.

2389 3561 2675 3602 CANTICUM
2715 3563 2905 3601 GRADU
2916 3564 2948 3601 U
2958 3564 2999 3601 M
3041 3564 3303 3602 SALOMON
3314 3590 3325 3601 .

2105 3659 2133 3685 ‹‹
2166 3635 2288 3691 Nisi
2316 3636 2596 3691 Dominus
2620 3635 2988 3690 aediﬁcaverit
3009 3636 3271 3700 domum,
3290 3636 3349 3690 in
3370 3653 3581 3691 vanum
3608 3637 3685 3693 la-

2035 3748 2061 3774 ‹‹
2096 3726 2451 3780 boraverunt
2468 3724 2566 3797 qui
2587 3724 2876 3779 aedificant
2893 3742 3041 3779 eam.
3057 3724 3177 3780 Nisi
3194 3724 3479 3779 Dominus
3496 3730 3688 3781 custo-

2034 3838 2059 3863 ‹‹
2095 3814 2267 3869 dierit
2297 3815 2615 3880 civitatem,
2648 3815 2866 3868 frustra
2892 3813 3094 3885 vigilat
3117 3813 3211 3884 qui
3246 3814 3502 3869 custodit
3529 3831 3681 3869 eam.

2034 3926 2060 3953 ‹‹
2096 3907 2327 3959 Vanum
2360 3908 2447 3959 est
2474 3903 2638 3958 vobis
2679 3908 2812 3956 ante
2861 3901 3050 3957 lucem
3092 3917 3329 3973 surgere
3363 3918 3375 3955 :
3429 3902 3680 3975 surgite,

2036 4013 2063 4041 ‹‹
2092 3996 2405 4062 postquam
2424 3990 2817 4061 sederitis,qui
2836 3990 3200 4046 manducetis
3216 4008 3425 4063 panem
3440 3990 3676 4048 doloris.

2034 4102 2060 4129 ‹‹
2095 4084 2234 4134 Cum
2261 4080 2485 4135 dederit
2507 4078 2732 4133 dilectis
2755 4079 2879 4133 suis
2901 4097 3196 4148 somnum,
3219 4097 3349 4136 ecce
3372 4080 3679 4135 bzereditas

2033 4192 2061 4217 ‹‹
2101 4169 2347 4238 Domini,
2366 4168 2498 4235 ﬁlii;
2520 4184 2761 4235 merces,
2780 4170 3005 4227 fructus
3024 4170 3258 4224 ventris.
3275 4170 3438 4225 Sicut
3454 4169 3676 4239 sagittae

2034 4280 2060 4307 ‹‹
2096 4257 2154 4311 in
2179 4274 2356 4311 manu
2384 4257 2660 4328 potentis,
2697 4257 2777 4311 ita
2800 4258 2899 4312 ﬁlii
2927 4275 3326 4313 excussorum.
3354 4259 3565 4311 Beatus
3592 4256 3680 4309 vir

2034 4369 2060 4395 ‹‹
2097 4346 2195 4416 qui
2227 4344 2490 4416 implevit
2510 4346 2867 4400 desiderium
2900 4362 3073 4400 suum
3107 4363 3174 4400 ex
3206 4346 3371 4417 ipsis,
3393 4362 3507 4399 non
3540 4361 3678 4399 con-

2036 4456 2062 4484 «
2098 4434 2375 4488 fundetur
2408 4450 2542 4487 cum
2594 4433 2863 4504 loquetur
2896 4433 3151 4488 inimicis
3182 4433 3308 4488 suis
3340 4433 3395 4486 in
3429 4438 3614 4504 porta.
3654 4453 3681 4480 »

2108 4588 2111 4593 ν
2610 4521 3059 4577 ENNARRATIO.

2106 4611 2264 4666 Istud
2288 4612 2558 4666 canticum
2579 4610 2853 4679 graduum
2882 4615 2967 4665 est
2994 4608 3510 4664 commonitorium
3536 4609 3685 4666 Salo-

2037 4702 2235 4765 monis,
2258 4700 2312 4754 id
2340 4704 2429 4755 est
2450 4706 2875 4769 repraesentans
2896 4700 2967 4753 ad
2994 4698 3336 4752 memoriam
3360 4714 3597 4754 causam
3622 4698 3689 4753 il-

2040 4789 2173 4843 lius.
2198 4788 2471 4843 Salomon
2494 4788 2647 4842 enim
2671 4791 2845 4841 tantae
2871 4786 2979 4841 fuit
3001 4785 3404 4847 sublimitatis,
3426 4792 3489 4842 ut
3510 4787 3687 4858 Spiri-

2039 4882 2135 4930 tus
2194 4881 2434 4931 sanctus
2482 4893 2583 4947 per
2630 4892 2694 4929 os
2736 4876 2862 4945 ejus
2894 4874 3251 4946 loqueretur,
3300 4880 3356 4929 et
3402 4874 3687 4944 templum

2042 4964 2271 5020 Domini
2331 4964 2641 5018 aedificaret
2698 4964 2757 5018 in
2820 4963 3107 5034 sapientia
3164 4980 3369 5017 omnes
3421 4961 3691 5016 homines

2043 5053 2427 5125 prmeellens:
2485 5057 2539 5106 et
2588 5056 2781 5106 tamen
2833 5052 3037 5106 cecidit
3095 5055 3151 5105 et
3207 5067 3324 5104 non
3372 5050 3692 5120 quomodo-

2045 5158 2310 5213 cunque,
2384 5141 2485 5195 sed
2563 5141 2621 5194 in
2697 5140 3109 5194 idololatriam.
3183 5140 3345 5203 Quod
3422 5140 3699 5193 admonet

2046 5249 2149 5304 per
2223 5230 2471 5285 istorum
2551 5247 2677 5300 quae
2745 5229 2838 5283 hic
2915 5233 3171 5299 aguntur
3236 5227 3697 5282 exhortationem

2046 5319 2386 5393 quemlibet,
2436 5322 2499 5371 ut
2530 5317 2663 5372 licet
2692 5323 2822 5388 post
2853 5320 3252 5386 contemptum
3287 5314 3699 5386 temporalium

2048 5411 2342 5465 intantum
2367 5405 2742 5474 conscendat,
2760 5410 2823 5459 ut
2846 5422 2913 5460 ex
2931 5404 3241 5459 dilectione
3262 5404 3408 5458 bene
3429 5408 3703 5474 operetur

2049 5498 2187 5569 (Gal.
2214 5497 2289 5566 v),
2325 5511 2438 5549 non
2471 5498 2666 5548 tamen
2700 5498 3019 5563 praesumat
3050 5491 3171 5547 ullo
3205 5492 3379 5546 modo
3411 5492 3469 5545 in
3503 5508 3565 5546 se
3588 5490 3703 5546 sibi

2050 5583 2386 5661 promittere
2416 5582 2819 5649 securitatem,
2868 5581 2981 5641 nisi
3014 5581 3342 5638 sessionem
3375 5580 3538 5652 prius
3570 5596 3700 5655 per-

3309 5708 3385 5771 25
