4024 6192
437 338 557 437 ’1-19

1008 376 1312 437 REMIGII
1356 376 2105 438 ANTISSIODORENSIS
2153 375 2325 437 OPP.
2375 375 2571 435 PARS
2619 375 2665 435 l.
2700 408 2776 418 —
2812 370 3279 434 EXEGETICA.

3720 356 3848 435 τά)

439 507 608 579 gerit,
642 506 700 562 id
731 510 839 577 est,
873 506 983 563 nisi
1016 505 1411 564 humilitatem
1457 526 1625 565 suam
1658 509 1729 564 ad
1762 525 2079 581 congruam
2114 511 2169 574 Α
2200 507 2329 579 ipsa
2350 506 2516 578 quies
2538 510 2593 563 et
2615 503 3172 576 remuneratio,quia
3197 508 3723 578 quantumcunque
3743 506 3851 562 dif-

441 597 617 652 ﬁnem
642 596 998 668 perduxerit,
1017 612 1151 652 cum
1173 597 1460 670 prmeipue
1480 599 1567 654 vir
1588 602 1759 653 tanta:
1782 597 2085 671 dignitatis

438 690 495 742 et
526 684 825 758 sapientia:
856 685 938 740 sic
970 684 1353 742 criminaliter
1382 686 1682 743 corruerit.
1727 687 1858 742 Ideo
1889 689 2085 741 autem

436 774 533 830 hic
560 774 617 828 in
643 777 842 829 octavo
863 774 1049 847 gradu
1071 775 1263 847 agitur
1290 777 1360 832 de
1386 777 1717 845 securitate,
1747 775 1886 847 quia
1916 792 2085 831 secu-

437 863 580 919 ritas
608 862 771 918 nulla
790 867 880 919 est
906 863 1249 935 priusquam
1276 864 1685 936 perveniantur
1705 866 1773 920 ad
1799 869 2082 921 octavam.

506 953 633 1007 Nisi
664 953 920 1007 Dominus
957 952 1314 1023 aediﬁcaverit
1342 954 1589 1009 domum.
1622 954 1825 1024 Iidem,
1875 954 1978 1025 qui
2027 957 2086 1008 et

437 1057 635 1113 supra,
667 1040 994 1112 loquuntur
1022 1040 1117 1098 hic
1146 1042 1215 1097 ad
1250 1042 1696 1098 inetructionem
1724 1041 2081 1109 auditorum,

437 1145 503 1184 ac
524 1127 573 1184 si
590 1129 813 1185 dicant:
835 1129 1149 1203 Postquam
1169 1131 1331 1199 adeo,
1351 1134 1416 1186 ut
1436 1131 1656 1187 dictum
1679 1135 1787 1199 est,
1804 1147 2081 1186 conscen-

437 1218 662 1285 deritis,
688 1215 866 1273 nolite
892 1235 1242 1290 praesumere
1272 1220 1343 1275 de
1374 1219 1647 1277 custodia
1675 1223 1883 1287 vestra,
1912 1219 2081 1291 quasi

434 1323 535 1362 vos
556 1306 795 1379 possitis
816 1308 1112 1363 custodire
1130 1308 1347 1364 bonum
1371 1309 1527 1380 quod
1551 1309 1609 1363 in
1635 1308 1801 1364 vobis
1818 1311 1925 1376 est,
1946 1324 2080 1363 cum

435 1411 539 1451 nec
560 1394 725 1467 prius
742 1394 888 1451 illud
910 1397 1136 1468 operari
1155 1397 1428 1468 possetis,
1443 1397 1555 1453 nisi
1574 1398 1727 1453 Deus
1745 1401 2084 1469 operaretur

433 1483 494 1540 in
525 1483 720 1553 vobis,
763 1486 901 1557 quia
926 1487 1040 1539 nisi
1068 1486 1329 1542 Dominus
1356 1487 1715 1557 aediﬁcaverit
1740 1486 1989 1557 domum,
2022 1487 2078 1542 id

432 1577 543 1639 est,
570 1572 697 1645 ipse
719 1573 909 1645 primo
933 1574 1187 1646 aliquem
1212 1576 1617 1631 constituisset
1638 1574 1749 1631 sibi
1775 1574 2078 1630 habitacu-

431 1660 575 1730 lum,
601 1666 657 1716 et
683 1661 941 1717 animam
966 1662 1176 1734 ipsius,
1206 1680 1331 1735 quae
1356 1664 1567 1719 domus
1597 1664 1696 1719 Dei
1729 1681 1856 1720 esse
1888 1664 2078 1733 debet,

431 1767 535 1822 per
555 1750 722 1806 initia
743 1751 1032 1807 bonorum
1054 1768 1295 1823 operum
1320 1753 1685 1820 aediﬁcasset,
1702 1754 1919 1807 frustra
1940 1753 2082 1808 labo-

430 1843 692 1896 raverunt
722 1841 817 1912 qui
859 1840 1135 1911 aediﬁcant
1163 1857 1304 1914 eam,
1338 1841 1395 1896 id
1428 1847 1515 1898 est
1546 1842 1797 1914 bonum,
1830 1842 1939 1897 hoc
1970 1848 2077 1913 est,

432 1928 649 1986 frustra
680 1930 1047 1986 laborassent
1078 1933 1133 1986 et
1168 1932 1387 2002 praelati
1439 1931 1820 2003 przedicantes
1851 1937 1907 1987 et
1938 1933 2077 1988 sub-

425 2019 567 2090 jecti
625 2019 981 2075 obedientes.
1040 2021 1223 2090 Neque
1276 2021 1373 2091 qui
1423 2020 1641 2091 plantat
1696 2024 1775 2075 est
1830 2021 2075 2092 aliquid,

430 2124 605 2181 neque
633 2109 729 2180 qui
758 2109 927 2179 rigat,
960 2108 1053 2163 sed
1077 2110 1174 2180 qui
1201 2111 1601 2163 incrementum
1618 2108 1710 2163 dat
1741 2109 1789 2179 (Ι
1821 2110 1940 2165 Cor.
1970 2110 2075 2179 ιιι).

428 2198 552 2254 Nisi
581 2197 842 2253 Dominus
887 2195 1200 2253 custodierit
1242 2199 1538 2253 civitatem.
1595 2201 1911 2270 Postquam
1945 2216 2079 2253 vero

429 2285 695 2342 aediﬁcati
725 2286 982 2356 fueritis,
1035 2292 1092 2344 et
1121 2286 1565 2344 multitudinem
1593 2288 1878 2342 virtutum
1912 2287 2079 2359 quasi

432 2374 695 2432 concives
733 2377 1245 2450 congregaveritis,
1278 2376 1481 2447 nolite,
1516 2380 1580 2431 ut
1610 2376 1831 2431 dictum
1866 2380 1975 2443 est,
2009 2377 2080 2432 de

429 2464 643 2519 harum
674 2466 943 2520 custodia
970 2465 1030 2520 in
1060 2465 1226 2521 vobis
1256 2480 1637 2537 praesumere,
1674 2465 1814 2537 quia
1842 2466 1954 2521 nisi
1982 2467 2079 2522 Do-

430 2554 617 2607 minus
647 2552 960 2607 custodierit
986 2555 1285 2619 civitatem,
1319 2553 1376 2609 id
1408 2557 1525 2621 est,
1559 2553 1839 2624 animam,
1873 2554 1931 2609 in
1963 2571 2080 2625 qua

431 2639 675 2695 virtutes
707 2640 866 2695 velut
893 2640 1048 2695 cives
1079 2642 1480 2706 continentur,
1511 2644 1731 2712 frustra
1758 2644 1951 2714 vigilat
1982 2647 2079 2713 qui

428 2729 666 2786 custodit
684 2746 826 2796 eam,
858 2728 916 2784 id
940 2733 1048 2796 est,
1074 2730 1133 2783 in
1159 2746 1374 2784 vanum
1399 2728 1682 2785 sollicitus
1704 2736 1792 2785 est
1816 2735 1872 2785 et
1893 2731 2077 2786 curio-

429 2836 533 2875 sus
555 2819 653 2892 qui
680 2817 930 2874 intendit
949 2834 1077 2873 eam
1101 2816 1393 2873 custodire
1424 2834 1531 2888 ope
1561 2834 1688 2883 sua,
1723 2816 1841 2872 sive
1868 2817 2074 2889 praedi-

430 2912 611 2979 cator,
637 2907 759 2964 sive
779 2907 1149 2979 prmdicatus.
1184 2908 1393 2963 Vanum
1411 2910 1489 2961 est
1512 2905 1677 2961 vobis.
1703 2905 1774 2961 Et
1794 2906 2073 2977 quoniam

432 2998 637 3053 civitas
659 3013 775 3052 non
799 3000 991 3068 potest
1015 2993 1296 3050 custodiri
1348 2995 1459 3049 nisi
1487 3011 1519 3049 a
1544 2995 1807 3066 Domino,
1831 3012 1966 3068 ergo
1984 3013 2075 3051 va-

428 3106 566 3144 num
588 3095 666 3143 est
689 3085 850 3141 vobis
869 3100 1113 3154 surgere,
1135 3084 1193 3139 id
1215 3088 1325 3150 est,
1352 3085 1725 3139 securitatem
1756 3085 1918 3140 vobis
1939 3102 2071 3157 pro-

429 3179 660 3234 mittere
684 3184 810 3231 ante
830 3175 1025 3242 lucem,
1054 3174 1111 3229 id
1134 3177 1243 3241 est,
1267 3177 1401 3229 ante
1424 3171 1779 3229 luculentam
1806 3179 1863 3229 et
1888 3175 2072 3230 omni-

2201 598 2441 663 feratur,
2456 600 2653 653 tamen
2677 600 2961 667 quantum
2986 594 3056 650 ad
3080 594 3188 650 hoc
3212 595 3367 667 quod
3393 599 3596 667 postea
3618 612 3732 652 non
3755 612 3854 652 va-

2195 685 2463 753 riabitur,
2508 687 2633 756 jam
2685 683 2994 740 dicendum
3027 685 3114 738 cst
3147 699 3161 739 :
3210 698 3357 750 ecce,
3388 684 3559 755 quia,
3585 683 3694 740 etsi
3728 686 3848 741 sint

2195 778 2430 829 centum
2458 774 2543 829 vel
2568 773 2727 829 mille
2751 772 2913 840 anni,
2944 773 3056 827 cito
3093 776 3285 828 tamen
3308 772 3420 828 erit
3440 773 3513 828 ad
3538 788 3846 845 compara-

2195 862 2412 919 tionem
2434 863 2790 918 zeternitatis.
2827 862 2960 917 Cum
2981 877 3115 933 ergo
3146 861 3360 917 dederit
3391 862 3674 919 Dominus
3706 862 3849 919 dite-

2192 954 2293 1007 ctis
2316 953 2436 1008 suis
2456 952 2725 1018 somnum,
2742 952 2799 1006 id
2822 955 2932 1018 est,
2949 951 3208 1022 requiem
3234 955 3367 1022 post
3388 949 3569 1022 hujus
3590 951 3725 1007 vita:
3746 952 3851 1008 mi-

2194 1041 2406 1106 serias,
2460 1057 2576 1096 ecce
2604 1039 2899 1097 hazreditas
2926 1039 3149 1095 Domini
3177 1038 3377 1095 statim
3409 1040 3748 1111 apparebit,
3790 1045 3848 1097 et

2193 1128 2314 1185 haec
2336 1129 2623 1185 hazreditas
2647 1145 2761 1183 non
2787 1128 3213 1200 qualiscunque
3236 1127 3345 1183 erit
3364 1128 3467 1186 sed
3491 1145 3705 1186 merces
3718 1131 3845 1200 ﬁlii,

2193 1219 2247 1272 id
2282 1223 2393 1286 est,
2426 1219 2562 1274 talis
2592 1219 2701 1274 erit
2732 1218 3126 1273 remuneratio
3159 1235 3264 1273 suo
3297 1219 3500 1284 modo,
3535 1218 3733 1291 qualis
3759 1225 3847 1275 est

2192 1307 2353 1363 illius
2375 1307 2474 1379 qui
2497 1306 2727 1379 proprie
2748 1305 2927 1362 Filius
2950 1304 3306 1373 dicitur,boc
3323 1310 3430 1376 est,
3445 1307 3721 1363 eamdem
3743 1325 3845 1364 suo

2194 1396 2366 1452 modo
2385 1395 2887 1452 immortalitatem
2905 1402 2961 1451 et
2982 1395 3522 1466 impassibilitatem
3541 1395 3847 1453 habebunt

2193 1503 2369 1558 quam
2393 1484 2574 1540 Filius
2596 1485 2712 1553 Dei,
2734 1501 2912 1556 quam
2940 1489 3135 1540 tamen
3158 1501 3260 1556 per
3279 1483 3475 1557 ipsum
3500 1484 3715 1542 Filium
3743 1486 3846 1542 hac

2192 1575 2431 1630 bebunt.
2456 1574 2525 1629 Et
2550 1572 2658 1630 hoc
2679 1572 3025 1645 intelligitur
3056 1573 3155 1628 ubi
3178 1573 3609 1630 determinatur
3633 1576 3705 1631 de
3733 1592 3843 1648 quo

2190 1663 2311 1719 ﬁlio
2343 1663 2591 1718 dicatur.
2646 1664 2781 1718 Filii
2808 1662 2968 1730 dico,
3010 1662 3229 1735 fructus
3258 1665 3495 1734 ventris,
3528 1663 3590 1718 id
3624 1670 3744 1732 est,
3775 1664 3845 1720 il-

2189 1750 2304 1807 lius
2335 1751 2457 1806 Filii
2489 1752 2589 1823 qui
2621 1751 2904 1806 dicendus
2933 1754 3023 1831 est
3054 1751 3264 1807 merito
3311 1753 3538 1807 fructus
3589 1752 3840 1821 ventris,

2188 1840 2246 1895 id
2278 1846 2392 1909 est,
2445 1841 2789 1896 fructuosus
2818 1845 3020 1911 partus
3054 1840 3204 1897 uteri
3236 1840 3541 1913 virginalis
3562 1883 3578 1908 ,
3629 1859 3700 1898 ex
3731 1860 3843 1915 qua

2189 1929 2481 1984 maximus
2513 1930 2777 2000 provenit
2808 1931 3060 1995 fructus,
3093 1930 3437 1985 et'maxima
3468 1928 3703 1985 utilitas
3736 1931 3841 1987 hu-

2189 2035 2361 2073 mano
2383 2019 2600 2090 generi.
2621 2017 2909 2073 Hilarius:
2938 2037 2958 2065 α
2975 2018 3317 2074 Ostenditur
3337 2019 3576 2090 quando
3595 2019 3841 2077 debeant

2188 2124 2425 2180 surgere
2450 2106 2547 2179 qui
2570 2107 2734 2178 prius
2751 2105 2906 2179 jussi
2929 2113 3068 2162 sunt
3089 2108 3308 2177 sedere,
3329 2106 3429 2162 illo
3453 2106 3679 2164 scilicet
3702 2115 3843 2165 tem-

2189 2213 2325 2269 pore
2357 2212 2489 2251 cum
2521 2194 2723 2251 ﬁdeles
2754 2195 3160 2267 suspiciuntur
3190 2196 3249 2251 in
3282 2197 3579 2269 requiem,
3622 2199 3839 2270 quibus

2189 2300 2348 2339 mors
2368 2300 2609 2340 somnus
2628 2288 2717 2340 est
2737 2288 2793 2340 et
2814 2301 3019 2340 secura
3040 2284 3329 2357 pausatio.
3350 2308 3377 2334 ››
3397 2287 3528 2341 Ecce
3548 2287 3838 2344 hereditas

2188 2373 2438 2440 Domini,
2470 2372 2612 2445 ﬁlii,
2645 2372 2868 2428 scilicet
2913 2372 3212 2441 Ecclesiae,
3245 2390 3313 2429 ex
3344 2388 3499 2446 aqua
3528 2379 3590 2430 et
3618 2375 3835 2448 Spiritu

2188 2465 2390 2517 sancto
2420 2460 2772 2535 regenerati,
2822 2466 2881 2517 et
2922 2462 3018 2517 isti
3049 2463 3159 2533 ﬁlii
3187 2468 3325 2518 sunt
3371 2479 3584 2519 mrces
3632 2466 3837 2535 fructu

2186 2553 2420 2618 ventris,
2455 2550 2513 2605 id
2544 2555 2661 2619 est,
2694 2551 2874 2607 uteris
2903 2551 3206 2623 virginalis
3235 2556 3460 2624 partus.
3510 2552 3716 2609 Merces
3756 2560 3836 2609 est

2187 2640 2379 2695 omnis
2410 2639 2537 2710 ejus
2570 2639 2891 2706 Izan'editas,
2942 2640 3040 2713 qui
3082 2657 3394 2714 resurgens
3428 2641 3503 2696 ‘in
3556 2642 3830 2698 caelorum

2185 2728 2616 2800 possessionem
2648 2727 2922 2795 mittitur,
2950 2734 3007 2784 et
3027 2734 3243 2785 aeterna
3264 2747 3399 2785 cum
3432 2731 3687 2787 Domino
3709 2732 3831 2787 feli-

2184 2816 2355 2871 citate
2376 2816 2670 2887 gaudebit.
2695 2815 2914 2873 Merces
2937 2816 3091 2873 enim
3116 2818 3473 2874 humanitati
3501 2821 3729 2875 reddita
3744 2821 3829 2875 di-

2183 2904 2354 2967 citur,
2380 2902 2450 2959 de
2476 2921 2593 2975 qua
2617 2910 2673 2960 et
2694 2905 2989 2963 secundus
3012 2905 3274 2980 psalmus
3299 2908 3413 2963 ait:
3446 2908 3673 2965 Postuta
3694 2927 3725 2963 a
3749 2926 3829 2965 me

2181 3000 2232 3048 et
2258 2991 2399 3048 dabo
2428 2994 2529 3049 tibi
2551 2997 2734 3063 gentes
2763 2995 3129 3051 hmreditatem
3159 3003 3331 3051 tuam.
3368 2997 3656 3053 Caeterum
3688 3000 3824 3054 divi-

2181 3083 2336 3139 nitas
2356 3083 2484 3155 ejus
2509 3083 2654 3138 nihil
2681 3084 2902 3157 accepit
2925 3084 3078 3140 unde
3101 3090 3400 3142 cresceret.
3421 3089 3585 3142 Sicut
3600 3091 3827 3158 sagittae

2181 3173 2239 3228 in
2260 3190 2431 3228 manu
2448 3171 2896 3244 potentis.Quoni
2906 3190 2998 3228 am
3020 3173 3290 3245 superius
3311 3173 3595 3229 dixeratin
3618 3189 3829 3231 vanum

425 3267 538 3323 bus
562 3265 941 3337 conspicuam
973 3261 1501 3318 remunerationem
1531 3279 1658 3333 quae
1689 3262 1800 3318 erit
1828 3262 1884 3318 in
1919 3280 2072 3320 com-
2102 3242 2144 3312 C
2181 3262 2535 3318 aediﬁcantes
2555 3260 2818 3317 laborare
2838 3266 2895 3317 et
2914 3262 3310 3319 custodientes
3327 3264 3533 3334 frustra
3550 3263 3827 3336 vigilare,

423 3356 587 3411 muni
633 3352 1078 3410 resurrectione.
1127 3351 1197 3407 Et
1229 3367 1300 3406 ne
1331 3350 1465 3424 quis
1495 3354 1726 3422 putaret
1757 3352 1912 3424 quod
1945 3353 2064 3410 haec

421 3444 665 3515 dejectio
716 3458 949 3513 semper
976 3440 1211 3496 deberet
1241 3457 1477 3496 manere
1493 3460 1531 3506 ,δ
1559 3440 1722 3496 addit
1755 3457 1768 3496 :
1819 3441 2059 3513 Surgite,

413 3542 701 3605 postquam
716 3532 986 3601 sederitis,
1010 3529 1067 3584 id
1090 3534 1198 3595 est,
1223 3534 1364 3585 tunc
1385 3528 1576 3585 securi
1595 3534 1797 3597 estote,
1826 3532 2060 3602 quando

416 3623 535 3679 haec
564 3622 749 3679 sessio
778 3625 835 3677 et
866 3619 1113 3692 dejectio
1143 3623 1334 3674 vestra
1364 3618 1584 3674 scilicet
1630 3618 1956 3676 mortalitas
2004 3625 2060 3676 et

411 3712 772 3786 passibilitas
797 3714 1031 3784 peracta
1051 3708 1243 3764 fuerit.
1272 3709 1340 3762 Et
1364 3712 1558 3763 tamen
1583 3724 1695 3762 non
1717 3708 1860 3763 dicit
1882 3714 1947 3764 ut
1967 3709 2056 3765 vel

408 3809 549 3858 tunc
568 3802 798 3874 possint
816 3816 945 3855 esse
965 3796 1156 3854 securi
1179 3796 1293 3852 nisi
1311 3795 1586 3852 custoditi
1610 3812 1644 3850 a
1659 3795 1926 3853 Domino.
1946 3799 2054 3854 Sed

409 3890 511 3946 illa
539 3890 806 3945 custodia
835 3888 1005 3960 longe
1036 3886 1311 3943 differens
1340 3884 1449 3940 erit
1478 3886 1550 3939 ab
1584 3883 1726 3951 ista,
1776 3885 2050 3956 quoniam

408 3979 490 4035 ita
520 3978 847 4034 conﬁrmati
866 3981 1005 4032 tunc
1036 3980 1208 4032 erunt
1228 3979 1292 4030 ut
1314 3991 1428 4029 non
1455 3973 1531 4029 sit
1560 3973 1643 4029 eis
1672 3971 1943 4030 voluntas
1964 3974 2052 4031 vel

413 4067 771 4124 desiderium
790 4064 1065 4137 peccandi
1096 4065 1250 4121 sicut
1270 4080 1375 4119 nec
1397 4061 1639 4135 angelis.
1666 4062 1826 4130 Quod
1855 4069 2049 4121 autem

408 4158 594 4231 ponit,
623 4156 851 4224 surgite,
873 4156 1163 4224 postquam
1180 4152 1454 4219 sederitis,
1478 4152 1694 4208 dicitur
1718 4170 1751 4207 a
1779 4154 2051 4209 similitu-

406 4245 543 4303 dine
570 4244 985 4301 damnatorum
1011 4241 1111 4313 qui
1140 4241 1198 4295 in
1224 4241 1414 4295 medio
1437 4241 1946 4312 placitojubentur
1966 4260 2050 4298 se-

404 4336 540 4391 dere
569 4334 628 4389 in
660 4338 836 4401 terra,
869 4332 1053 4387 donec
1084 4331 1155 4386 de
1184 4327 1318 4383 aliis
1342 4329 1517 4385 etiam
1546 4330 1718 4385 detur
1736 4331 2046 4405 sententia,

402 4429 467 4480 ut
496 4420 769 4479 similiter
797 4421 1168 4476 damnentur.
1212 4419 1375 4475 Tunc
1406 4418 1555 4485 dico,
1588 4421 1813 4488 surgite,
1849 4420 1905 4474 id
1937 4426 2046 4490 est,

399 4512 587 4569 securi
617 4515 821 4575 estote,
853 4527 956 4565 vos
987 4508 1209 4565 scilicet
1232 4508 1327 4579 qui
1346 4507 1695 4563 manducatis
1722 4525 1919 4579 panem
1950 4510 2043 4565 do-

2174 3370 2244 3408 ne
2268 3351 2673 3423 praedicatores
2702 3352 2939 3408 omnino
2970 3353 3233 3426 depressi
3262 3358 3320 3409 et
3339 3352 3488 3409 nihil
3511 3353 3709 3411 valere
3739 3356 3825 3412 vi-

2170 3442 2502 3514 deantur,et
2520 3440 2824 3496 dissolutis
2844 3443 3119 3498 manibus
3138 3442 3319 3514 tepidi
3336 3442 3825 3512 elﬁciantur,con-

2170 3530 2393 3586 solatur
2419 3546 2518 3585 eos
2549 3529 2629 3585 ita
2657 3547 2670 3586 :
2723 3531 2997 3594 Quamvis
3029 3531 3274 3587 dixerim
3325 3549 3546 3588 vanum
3574 3538 3653 3591 est
3683 3536 3821 3591 vobis

2167 3627 2293 3674 ante
2325 3621 2501 3673 lucem
2527 3635 2749 3688 surgere
2777 3620 2887 3689 ﬁlii
2929 3624 3125 3676 tamen
3158 3637 3545 3690 ercussorum,
3594 3625 3654 3680 id
3702 3628 3817 3690 est,

2165 3708 2565 3779 expeditorum
2586 3708 2655 3762 ad
2673 3708 3047 3764 excutiendas
3069 3709 3321 3782 prredas,
3336 3710 3447 3767 hoc
3466 3716 3570 3775 est,
3585 3717 3815 3783 aposto-

2163 3796 2353 3871 loruﬂm
2403 3795 2759 3867 imitatores,
2819 3799 2898 3852 ita
2938 3798 3077 3852 sicut
3103 3799 3324 3869 sagittae
3355 3804 3483 3855 sunt
3510 3798 3712 3869 positae
3740 3801 3801 3854 in

2161 3902 2331 3940 manu
2344 3886 2597 3956 potentis,
2613 3886 2897 3940 subaudis
2916 3885 3223 3959 sagittarii,
3241 3888 3382 3960 quia
3401 3887 3475 3943 ibi
3492 3893 3627 3943 sunt
3646 3886 3797 3942 mul-

2161 3978 2288 4029 tum
2310 3973 2594 4030 efﬁcaces.
2624 3975 2976 4031 Excussores
3008 3976 3238 4048 proprie
3269 3977 3549 4033 dicuntur
3578 3977 3675 4050 qui
3706 3993 3807 4033 cu-

2161 4063 2423 4118 stodiunt
2443 4063 2597 4119 circa
2619 4063 2858 4119 castella
2874 4064 2945 4119 ad
2964 4064 3189 4136 praedas
3207 4064 3633 4133 liberandas,et
3645 4080 3814 4123 excu-

2160 4152 2316 4207 tiend
2327 4151 2496 4208 as.Ita
2509 4152 2914 4224 praedicatores
2928 4154 3229 4209 constituti
3246 4158 3383 4209 sunt
3396 4156 3471 4210 ad
3486 4157 3571 4211 eri
3581 4155 3815 4228 piendas

2158 4240 2385 4298 animas
2408 4259 2441 4297 a
2456 4244 2738 4313 potestate
2760 4240 2975 4297 diaboli
2998 4260 3124 4316 qua
3144 4243 3214 4299 ab
3237 4260 3302 4298 eo
3325 4248 3471 4299 sunt
3488 4246 3810 4318 captivate.

2156 4329 2280 4398 Vel,
2297 4347 2634 4386 excussores
2658 4334 2797 4386 sunt
2811 4330 3179 4387 trituratores
3191 4333 3565 4389 frumentum
3586 4334 3811 4407 a'paleis

2155 4419 2529 4474 excutientes.
2544 4419 2706 4482 Quod
2726 4417 2999 4475 similiter
3015 4419 3262 4476 refertur
3277 4422 3347 4475 ad
3371 4423 3809 4493 praedicatores.

2152 4509 2356 4562 Beatus
2388 4510 2473 4562 vir
2504 4510 2597 4579 qui
2622 4508 2872 4577 implevit
2892 4509 3231 4565 desiderium
3250 4526 3411 4565 suum
3432 4529 3509 4566 ea:
3539 4515 3697 4584 ipsis.
3728 4514 3809 4577 Et,

397 4602 551 4657 loris.
602 4603 681 4655 Ac
712 4600 761 4655 si
793 4599 948 4654 dicat
978 4615 992 4654 :
1044 4598 1157 4654 Nec
1187 4601 1327 4652 tunc
1357 4598 1634 4653 omnibus
1672 4598 2042 4655 securitatem
2077 4613 2120 4676 ί)
2152 4597 2291 4667 quia
2314 4597 2422 4665 ﬁlii
2441 4614 2790 4653 arcussorum
2818 4607 2953 4653 sunt
2973 4601 3114 4654 sicut
3130 4601 3337 4670 sagitta
3359 4602 3422 4654 in
3442 4618 3625 4657 manu
3649 4603 3808 4675 periti

396 4689 702 4761 promitto,
755 4689 855 4743 sed
888 4687 1051 4743 vobis
1084 4693 1310 4742 tantum
1344 4689 1442 4758 qui
1470 4686 1816 4745 manducetis
1847 4704 2043 4757 panem

300 4779 315 4795 ’
394 4778 615 4843 doloris,
648 4777 702 4832 id
735 4782 842 4845 est,
878 4776 1093 4855 quibus
1124 4777 1239 4832 ista
1271 4792 1527 4847 praesens
1558 4779 1615 4830 et
1644 4775 1920 4831 continua
1944 4777 2039 4832 tri-

388 4866 636 4933 bulatio,
653 4870 920 4938 respectu
943 4882 1351 4936 supernorum,
1370 4864 1733 4920 delectationi
1763 4869 1852 4919 est
1872 4871 1927 4919 et
1950 4883 2037 4923 re-

2153 4685 2459 4757 sagittarii,
2485 4686 2636 4741 beati
2662 4691 2815 4742 sunt.
2846 4688 2911 4742 Et
2933 4705 3046 4743 non
3072 4693 3301 4744 tantum
3328 4689 3439 4761 ipsi
3465 4698 3615 4747 sunt
3640 4691 3805 4759 beati,

2150 4775 2249 4829 sed
2263 4774 2435 4830 etiam
2454 4775 3201 4850 beatusestvirquisquequi
3216 4780 3428 4834 bonam
3442 4779 3807 4836 voluntatem

2147 4868 2485 4936 conceptam
2498 4882 2564 4920 ex
2580 4864 2805 4937 ipsis,id
2821 4867 3803 4939 est,excmplisetdoctrinaeorum,

2145 4951 2348 5025 implet
2361 4954 2683 5009 secundum
2697 4955 3190 5027 operationem.Et
3207 4956 3356 5011 hanc
3372 4957 3802 5016 beatitudinem

2143 5043 2397 5097 ostendit
2426 5059 2494 5098 ex
2523 5047 2706 5114 parte,
2740 5046 2880 5115 quia
2908 5062 3022 5099 non
3050 5045 3423 5118 confundetur
3449 5046 3576 5103 ullo
3611 5050 3800 5118 modo,

390 4954 627 5011 fectioni
676 4952 836 5010 velut
887 4954 1057 5024 panis
1087 4954 1185 5025 qui
1219 4954 1532 5008 continuus
1563 4959 1654 5009 est
1684 4953 1865 5009 cibus.
1900 4958 2035 5011 Cum

385 5045 599 5102 dederit
629 5044 840 5100 dilectis
868 5043 985 5097 suis
1015 5057 1285 5098 somnum.
1336 5044 1405 5097 Et
1433 5043 1602 5115 quasi
1638 5059 1738 5113 pro
1768 5050 2035 5116 expecta-

387 5135 564 5191 tionis
591 5132 975 5189 diuturnitate
999 5130 1233 5186 solliciti
1255 5131 1534 5187 dicerent.
1569 5132 1638 5187 Et
1667 5133 1902 5203 quando
1927 5134 2036 5189 erit
2140 5147 2266 5186 cum
2294 5132 2541 5202 loquetur
2562 5134 2806 5189 inimicis
2826 5135 2962 5203 suis,
2995 5133 3052 5189 id
3086 5140 3195 5201 est,
3228 5134 3531 5193 haereticis
3552 5138 3648 5194 vel
3680 5155 3801 5211 per-

383 5230 448 5281 ut
478 5228 711 5297 peracta
740 5221 1000 5279 sessione
1031 5221 1327 5293 possimus
1359 5220 1645 5293 surgere?
1689 5221 1815 5276 ait:
1871 5223 2032 5278 Tunc
2141 5221 2538 5291 secutoribus,
2589 5221 2928 5294 cmterisque
2981 5224 3091 5279 Deo
3149 5225 3698 5283 contradicentibus
3745 5229 3797 5282 in

378 5331 505 5370 cum
533 5314 746 5370 dilectis
773 5314 912 5378 suis,
948 5310 1005 5365 id
1029 5313 1138 5381 est,
1172 5311 1244 5365 ad
1276 5310 1453 5365 vitam
1487 5311 1910 5382 praeordinatis,
1937 5311 2028 5367 de-
2134 5317 2313 5380 porta,
2347 5310 2403 5363 id
2432 5318 2536 5381 est,
2563 5309 2621 5365 in
2654 5310 2923 5382 publico:
2960 5312 3179 5367 dictum
3203 5331 3237 5368 a
3262 5312 3664 5371 similitudine
3682 5316 3793 5370 foro

373 5403 513 5458 derit
529 5418 803 5469 somnum,
830 5401 887 5455 id
913 5407 1022 5467 est,
1045 5404 1325 5455 aeternam
1351 5400 1626 5471 quietem.
1652 5401 1720 5455 Et
1740 5399 1841 5454 illa
1862 5399 2028 5471 quies
2140 5398 2214 5454 tis
2229 5397 2432 5454 militis
2448 5399 2547 5472 qui
2563 5401 2838 5455 audacter
2852 5402 2921 5455 ad
2939 5405 3136 5472 portas
3152 5401 3532 5459 inimicorum
3547 5405 3788 5465 veniret,

374 5507 490 5547 non
521 5490 810 5555 differtur,
841 5490 941 5545 sed
972 5505 1112 5557 ecce,
1146 5489 1205 5544 id
1236 5493 1349 5557 est,
1383 5488 1442 5544 in
1476 5488 1738 5562 proximo
1769 5492 1827 5545 et
1855 5488 2026 5562 quasi
2136 5491 2194 5543 et
2221 5486 2301 5543 ibi
2332 5486 2669 5561 loqueretur
2698 5505 2829 5545 cum
2864 5488 2968 5546 eis.
3001 5488 3106 5544 Vel
3139 5491 3198 5545 in
3225 5496 3421 5563 porta,
3472 5493 3532 5548 id
3563 5498 3676 5558 est,
3723 5488 3782 5545 in

373 5578 435 5634 in
466 5578 798 5648 manifesto,
834 5577 1059 5636 scilicet
1087 5581 1177 5635 est
1204 5577 1499 5637 hereditas
1541 5578 1783 5647 Domini,
1813 5576 1872 5634 id
1905 5580 2021 5650 est,
2133 5575 2362 5634 Christo
2385 5575 2499 5652 ipsi
2521 5594 2785 5648 manens,
2806 5582 2950 5635 etea
2970 5593 3097 5654 quas
3121 5577 3497 5640 Christisunt
3518 5580 3778 5658 loquens.
