4024 6192
175 463 194 483 ο
241 370 353 433 781
1363 372 1515 432 ENA
1529 370 1968 433 RRATIONES

758 502 1081 558 PSALMUS
1121 503 1375 559 CXXVII.
1920 507 1973 572 A

740 590 1030 629 CANTICUM
1074 592 1261 631 GRADU
1271 592 1355 630 ΗΜ
1365 618 1378 629 .

316 685 344 713 ‹‹
379 661 538 718 Beati
560 678 763 718 omnes
781 664 879 735 qui
904 663 1112 719 timent
1128 665 1573 737 Dominum,qui
1588 663 1894 720 ambulant

246 775 274 802 «
316 752 376 806 in
407 751 517 807 viis
547 752 956 822 ejus.Labores
988 770 1271 809 manuum
1298 758 1531 808 tuarum
1558 753 1695 824 quia
1727 769 1891 808 man-

245 865 272 891 ‹‹
306 840 573 906 ducabis,
617 841 821 896 beatus
880 858 963 908 es,
997 847 1051 897 et
1083 842 1227 897 bene
1260 842 1364 897 tibi
1421 842 1550 897 erit.
1585 841 1736 897 Uxor
1790 847 1893 895 tua

246 954 274 980 ‹‹
308 930 460 985 sicut
489 930 620 985 vitis
651 930 958 986 abundans
988 930 1045 984 in
1080 930 1361 987 lateribus
1388 931 1597 985 domus
1623 928 1894 984 tuml’ilii

246 1042 274 1070 ‹‹
308 1020 388 1073 tui
415 1019 566 1074 sicut
594 1018 830 1074 novellae
863 1019 1235 1090 olivarum,in
1266 1020 1513 1074 circuitu
1542 1037 1756 1074 mensae
1782 1024 1893 1073 tua:

249 1129 277 1160 σι
308 1108 450 1163 Ecce
482 1108 566 1161 sic
598 1108 974 1163 benedicetur
1004 1108 1199 1175 homo,
1226 1109 1327 1179 qui
1377 1108 1545 1163 timet
1576 1108 1891 1163 Dominum

246 1221 273 1247 α
310 1196 618 1251 Benedicat
644 1197 751 1250 tibi
784 1196 1068 1253 Dominus
1117 1214 1185 1252 ex
1235 1199 1395 1261 Sion,
1430 1201 1487 1253 et
1514 1197 1713 1252 videas
1745 1197 1897 1251 bona

246 1310 275 1335 ‹‹
303 1285 628 1341 Jerusalem
660 1285 937 1341 omnibus
978 1286 1188 1342 diebus
1237 1286 1364 1341 vitae
1396 1290 1528 1341 tuae.
1568 1286 1638 1340 Et
1694 1284 1895 1340 videas

245 1396 275 1425 ‹‹
310 1373 463 1430 ﬁlios
494 1373 749 1429 ﬁliorum
780 1377 1040 1443 tuorum,
1072 1391 1274 1447 pacem
1307 1391 1485 1447 super
1516 1374 1709 1430 Israel.
1748 1396 1775 1424 ››

842 1481 1015 1536 ΕΝΝΑ
1026 1482 1156 1536 RRA
1170 1482 1290 1536 T10.
1340 1468 1347 1479 ‘

321 1570 539 1626 Iterum
554 1568 639 1624 illi
653 1567 988 1641 ﬁdeles,qui
1002 1574 1460 1643 etsupra,agunt
1474 1586 1607 1626 cum
1621 1568 1739 1625 illis
1754 1585 1901 1641 quos

244 1662 669 1729 promoverunt
682 1659 754 1713 ad
772 1658 929 1713 hunc
944 1659 1125 1730 gradu
1140 1675 1193 1712 m
1215 1663 1277 1713 ut
1292 1675 1595 1730 nunquam
1611 1657 1723 1713 sibi
1741 1674 1899 1712 secu-

245 1746 481 1802 ritatem
511 1746 878 1820 promittant,
911 1747 1169 1818 quandiu
1206 1751 1343 1802 sunt
1372 1747 1430 1802 in
1460 1747 1568 1802 hac
1592 1749 1711 1802 vita
1732 1751 1789 1802 et
1803 1763 1897 1801 ex-

245 1835 789 1892 hortanturillosad
814 1836 1079 1891 altiorem
1094 1834 1898 1909 gradum,scilicettimere,id
1931 1870 1978 1935 Β

245 1925 532 1980 estDeum
551 1924 890 1997 diligere.Et
909 1925 1031 1980 haec
1044 1925 1277 1981 dilectio
1296 1943 1411 1981 non
1430 1925 1741 1982 debetesse
1756 1924 1900 1980 otio-

244 2031 335 2083 sa,
352 2015 448 2069 sed
475 2013 847 2069 ambulentin
870 2013 1076 2069 viis.Et
1094 2013 1298 2069 dicunt
1321 2018 1608 2085 quantum
1632 2013 1765 2085 quis
1795 2029 1899 2085 per

242 2102 371 2158 haec
400 2108 793 2173 consequatur
820 2102 1332 2169 beatitudinem,et
1362 2103 1549 2171 hic,et
1580 2102 1639 2157 in
1675 2104 1892 2157 futuro.

325 2193 480 2246 Beati
506 2208 692 2247 omnes
720 2194 815 2262 qui
845 2194 1042 2247 timcnt
1071 2193 1491 2264 Dominum,qui
1511 2191 1807 2247 ambulant
1836 2191 1897 2245 in

240 2281 356 2334 viis
376 2280 511 2351 ejus.
534 2279 750 2336 Omnes
780 2282 879 2352 qui
912 2280 1123 2335 timent
1150 2280 1465 2335 Dominum
1485 2296 1618 2335 vero
1650 2283 1707 2334 et
1737 2283 1896 2335 casto

232 2367 347 2421 tim
358 2385 615 2434 ore,vera
626 2368 847 2424 scilicet
862 2368 1169 2424 dilectione
1184 2369 1656 2441 supradictorum
1671 2384 1899 2440 respec-

226 2460 303 2512 tu
332 2456 772 2528 beneficiorum,
796 2462 855 2513 et
884 2457 965 2513 ita
986 2461 1051 2512 ut
1079 2458 1198 2512 sint
1218 2458 1588 2513 ambulantes
1602 2461 1659 2512 et
1676 2473 1737 2513 se
1762 2473 1896 2528 pro-

233 2549 546 2601 moventes
578 2546 635 2600 in
669 2546 972 2618 praeceptis
1003 2547 1302 2618 ejus,beati
1330 2551 1488 2602 sunt.
1512 2546 1746 2601 Labores
1774 2563 1895 2600 ma-

224 2650 413 2690 nuum
443 2643 683 2690 tuarum.
718 2635 932 2690 Probat
960 2652 1058 2690 eos
1089 2653 1217 2691 esse
1251 2634 1638 2708 beatos,quia,
1672 2640 1732 2689 tu
1768 2634 1897 2706 qui-

222 2723 326 2778 vis
357 2740 411 2779 es
444 2725 633 2779 beatus
662 2724 932 2796 praesenti
978 2724 1363 2788 beatitudine,
1397 2727 1459 2779 Et
1517 2725 1651 2779 bene
1699 2726 1803 2779 tibi
1833 2724 1893 2777 in

227 2814 441 2867 futura
473 2812 828 2868 beatitudine
858 2814 961 2867 erit
978 2812 1111 2883 q’uia
1132 2812 1350 2867 labores
1372 2830 1637 2867 manuum
1665 2817 1893 2868 tuarum

223 2902 628 2971 manducabis,
664 2902 735 2956 id‘
772 2907 880 2969 est,
926 2901 1293 2957 delectationi
1344 2901 1451 2956 tibi
1512 2906 1683 2956 erunt
1738 2902 1892 2957 bona

225 3008 420 3063 opera
450 3008 573 3063 quae
606 2991 697 3045 hic
727 2989 1028 3057 laborasti,
1061 2990 1168 3046 hoc
1201 2996 1308 3061 est,
1338 2990 1658 3062 perfrueris
1691 3008 1888 3046 remu-

226 3080 543 3136 neratione
573 3079 861 3137 bonorum
882 3079 1212 3151 operum,in
1236 3079 1561 3151 quibushic
1584 3079 1886 3135 studiosus

227 3170 471 3225 eras.Et
499 3169 654 3224 sicut
684 3184 887 3224 omnes
910 3167 995 3222 illi
1025 3168 1124 3239 qui
1156 3167 1366 3224 timent
1386 3167 1885 3231 Dominum.beati

225 3263 406 3326 sunt,
439 3258 522 3313 ita
552 3262 609 3314 et
631 3262 694 3313 tu
728 3256 996 3330 quilibet,
1021 3273 1195 3329 quem
1217 3255 1584 3323 admoneo,si
1615 3256 1889 3311 timueris
1927 3241 1969 3308 C

223 3347 453 3402 beatus
480 3364 562 3402 es.
600 3348 746 3403 Uxor
772 3348 870 3400 tua
897 3347 1044 3401 sicut
1068 3347 1213 3401 vilis.
1232 3344 1478 3417 Exponit
1509 3345 1804 3416 quomodo
1835 3344 1892 3399 in

222 3433 517 3510 praesenti
547 3436 625 3490 sit
653 3434 905 3506 quisque
938 3435 1163 3499 beatus,
1190 3432 1272 3488 ita
1320 3432 1543 3490 scilicet
1590 3432 1731 3505 quia
1753 3449 1897 3489 uxor

226 3534 358 3591 tua,
397 3525 452 3579 id
485 3527 592 3595 est,
628 3522 984 3580 sensualitas
1042 3527 1143 3577 tua
1202 3538 1377 3594 quam
1436 3522 1662 3577 ratione
1720 3523 1895 3577 mari-

225 3618 430 3670 tatam
464 3613 611 3668 bene
643 3612 949 3684 subegisti,
981 3612 1090 3667 erit
1119 3612 1260 3668 sicut
1292 3612 1421 3665 vilis
1437 3610 1723 3666 abundans
1746 3610 1896 3666 mul-

228 3702 557 3776 tiplicitate
583 3702 869 3758 bonorum
903 3718 1144 3773 operum
1165 3703 1223 3756 in
1246 3701 1509 3756 ultoribus
1537 3702 1731 3757 domus
1762 3705 1895 3767 luce.

228 3792 299 3847 id
333 3795 446 3857 est,
483 3791 540 3846 in
573 3791 850 3845 omnibus
895 3789 1174 3845 membris
1219 3790 1602 3846 exterioribus
1636 3790 1897 3862 corporis

229 3883 353 3949 tui,
386 3882 527 3935 sicut
556 3882 679 3935 vilis
700 3881 875 3951 juxta
905 3880 1148 3934 domum
1202 3879 1464 3951 plantata
1508 3880 1814 3935 fecundior
1845 3882 1902 3935 et

231 3967 648 4027 abundantior
676 3974 763 4024 est
792 3968 1015 4023 caeteris
1072 3968 1211 4023 alibi
1270 3967 1569 4040 plantatis.
1631 3969 1762 4023 Filii
1818 3969 1903 4023 tui

230 4061 397 4115 sicut
424 4058 655 4114 novellae
682 4056 1327 4113 olivarum.Secundum
1356 4058 1465 4113 hoc
1495 4058 1670 4112 etiam
1695 4058 1902 4113 beatus

231 4152 341 4208 est
370 4146 432 4201 in
467 4147 758 4219 praesenti,
793 4146 932 4218 quia
957 4146 1067 4217 ﬁlii
1086 4147 1190 4213 tui,
1224 4146 1280 4201 id
1313 4150 1402 4201 est
1431 4162 1607 4217 opera
1635 4150 1737 4202 tua
1766 4150 1906 4201 sunt

231 4234 648 4293 excrescentia
676 4233 736 4290 in
757 4238 1099 4307 perpetuam
1132 4251 1355 4307 pacem,
1376 4236 1519 4290 sicut
1538 4235 1771 4291 novella:
1799 4235 1902 4289 oli-

232 4342 455 4383 varum
486 4329 754 4380 crescunt
784 4324 841 4378 in
876 4325 1191 4395 perfectam
1224 4322 1436 4378 olivam
1468 4340 1570 4395 per
1588 4340 1767 4394 quam
1794 4340 1906 4395 pax

232 4414 604 4486 designatur
623 4414 756 4468 Filii
768 4412 1008 4480 tui,dico
1024 4413 1341 4469 exislentes
1364 4416 1423 4467 in
1437 4414 1680 4467 circuitu
1701 4427 1908 4469 mensa:

231 4511 394 4574 tua,
427 4502 485 4557 id
516 4506 626 4569 est,
657 4502 1017 4574 inrespectu
1049 4501 1261 4557 Christi
1296 4502 1397 4573 qui
1453 4507 1542 4558 est
1590 4518 1814 4565 mensa.
1848 4501 1906 4556 id

231 4598 366 4659 est,
405 4591 638 4647 refectio
670 4592 878 4646 anima:
911 4595 1143 4658 nostrae,
1178 4592 1400 4645 dictum
1434 4608 1467 4646 a
1516 4589 1909 4646 similitudine
1940 4609 1986 4674 Ι)

232 4682 519 4749 alicujus
550 4680 731 4752 patris
746 4697 985 4735 uxorem
1018 4679 1193 4735 fetam
1221 4679 1621 4751 habentis,qui
1656 4679 1907 4735 multum

233 4773 326 4827 de
367 4768 507 4823 ﬁliis
538 4758 804 4825 mensam
860 4786 1028 4824 suam
1087 4769 1609 4824 circumstantibus
1666 4768 1913 4823 laetatur.

232 4861 402 4915 Ecce
427 4859 509 4913 sic
559 4857 909 4913 benedicatur
966 4858 1165 4912 homo..
1229 4857 1500 4929 Exposita
1552 4856 1915 4911 beatitudine

235 4964 449 5022 quam
472 4951 908 5017 consequentur
934 4946 1208 5001 timentes
1257 4947 1590 5012 Dominum,
1626 4945 1867 5016 apponit
1900 4961 1912 4999 :

236 5041 403 5094 Ecce
439 5038 518 5090 sic
543 5036 913 5102 benedicetur,
948 5036 1005 5089 id
1037 5040 1125 5091 est
1156 5039 1266 5101 est,
1301 5035 1401 5090 tali
1432 5034 1834 5089 benedictione
1862 5037 1920 5089 et

231 5125 634 5184 beatitudine
655 5125 1088 5181 beatificabitur
1110 5129 1165 5179 et
1187 5123 1604 5179 sublimabitur
1629 5124 1803 5178 homo
1826 5125 1922 5194 qui

232 5218 427 5271 timet
454 5215 766 5279 Dominum,
802 5214 857 5268 id
889 5217 997 5279 est,
1030 5213 1131 5284 qui
1162 5211 1354 5284 diligit
1392 5212 1922 5268 Dominum.Ethoc

227 5320 416 5369 ecce,
449 5303 504 5357 id
534 5309 644 5369 est,
678 5303 735 5357 in
769 5302 1057 5375 praesenti.
1094 5309 1173 5357 Ac
1206 5302 1253 5355 si
1283 5302 1439 5355 dicat
1473 5319 1485 5355 ε
1520 5303 1819 5372 Proposita
1836 5305 1926 5355 est

228 5391 438 5450 vobis
498 5393 823 5463 beatitudo,
859 5396 1026 5446 modo
1084 5392 1271 5445 videte
1321 5407 1392 5444 an
1436 5391 1627 5444 velitis
1658 5391 1927 5444 amittere

226 5486 506 5540 tantum
543 5483 761 5536 bonum
799 5481 950 5552 quod
977 5480 1219 5552 potestis
1250 5479 1464 5534 habere
1491 5495 1593 5550 pro
1622 5478 1929 5534 dilectione

226 5574 413 5632 Ideo
446 5571 715 5643 proponit
742 5569 825 5626 eis
856 5568 1277 5626 beatitudinem
1311 5572 1374 5622 ut
1405 5568 1593 5639 magis
1624 5568 1926 5623 alliciatad

220 5658 970 5723 dilectionem.Benedieal
1001 5659 1105 5717 tibi
1158 5659 1455 5716 Dominus.
1502 5657 1675 5715 Facta
1704 5656 1927 5715 exhor-

2015 372 2093 432 IN
2141 373 2529 434 PSALMOS.
3535 377 3655 436 782

2002 504 2241 572 tationc,
2268 505 2487 560 faciunt
2523 504 2845 560 orationem
2884 503 3013 560 ita:
3068 502 3329 559 Diximus
3380 504 3523 576 quia
3568 509 3647 561 sic

1999 593 2339 648 bencdicitur
2368 593 2524 648 homo
2556 599 2617 649 ut
2649 593 2868 650 dictum
2902 599 3010 650 est.
3042 597 3109 648 Et
3139 597 3203 648 ut
3232 593 3313 649 ita
3333 593 3452 663 fiat,
3488 594 3653 649 bene-

2000 683 2149 738 dicat
2176 683 2280 737 tibi
2308 684 2589 749 Dominus,
2622 683 2679 737 id
2710 689 2818 749 est,
2840 683 3117 739 sublimet
3146 688 3201 738 te
3225 682 3649 756 multiplcando

2001 776 2058 825 et
2088 772 2444 825 intendendo
2476 772 2533 825 in
2566 776 2621 826 te
2644 773 2795 827 bona
2825 789 3021 844 opera.
3080 773 3150 827 Et
3181 772 3288 827 hoc
3320 790 3388 827 ex
3420 772 3657 844 eo,quia

2003 866 2065 915 tu
2090 862 2214 930 jam
2249 877 2310 915 es
2340 860 2554 925 Sion,id
2589 864 2676 915 est
2696 861 3008 933 speculans
3036 866 3093 917 et
3123 863 3430 917 attendens
3460 862 3657 917 futura

2005 954 2060 1006 et
2093 967 2205 1004 non
2239 954 2401 1020 potes
2419 949 2699 1003 custodiri
2734 952 3003 1021 perte.Et
3032 950 3327 1006 hocmodo
3352 951 3657 1008 benedicat
3722 1004 3731 1011 κ

2004 1043 2080 1107 te,
2115 1042 2171 1093 ut
2204 1038 2387 1093 videas
2419 1040 2562 1093 bona
2590 1040 2916 1108 Jerusalem,
2975 1038 3034 1093 id
3095 1045 3206 1107 est,
3249 1045 3314 1095 ut
3338 1040 3656 1112 experieris

2007 1144 2073 1182 ea
2094 1128 2248 1183 bona
2277 1145 2404 1199 quae
2438 1127 2732 1198 pertinent
2761 1129 2832 1182 ad
2866 1127 3161 1183 caelestem
3191 1128 3659 1201 Jerusalem,sei-

2007 1214 2143 1271 licet
2172 1216 2324 1271 bona
2354 1233 2529 1287 opera
2557 1216 2809 1271 omnibus
2862 1216 3050 1272 diebus
3110 1219 3231 1272 vitae
3288 1223 3421 1285 tum,
3454 1217 3514 1274 id
3545 1222 3658 1286 est,

2008 1305 2276 1377 quandiu
2302 1305 2534 1362 vixeris.
2568 1306 2628 1359 Et
2659 1305 2844 1360 videas
2867 1305 3030 1375 ﬁlios,
3091 1306 3159 1360 Et
3217 1307 3391 1361 modo
3451 1310 3507 1363 te
3554 1308 3656 1364 be-

2011 1393 2237 1448 nedicat
2261 1397 2325 1448 ut
2356 1392 2673 1464 experieris
2706 1391 2858 1449 ﬁlios
2907 1394 3156 1463 ﬁliorum
3182 1396 3422 1462 tuorum,
3456 1395 3512 1450 id
3546 1400 3657 1466 est,

2010 1481 2541 1537 remunerationem
2568 1483 2858 1537 bonorum
2882 1498 3123 1553 operum
3146 1482 3413 1539 videlicet
3444 1484 3656 1557 imper-

2008 1570 2363 1628 turbabilem
2393 1587 2581 1640 pacem
2602 1571 2731 1626 dico
2748 1587 2911 1642 super
2938 1572 3128 1635 Israel,
3145 1570 3366 1627 scilicet
3396 1573 3656 1631 futuram

2009 1660 2098 1716 vel
2129 1660 2468 1715 tendentem
2502 1676 2677 1732 super
2710 1659 2969 1725 lsrael,id
3002 1661 3492 1731 est,excedentem
3519 1662 3659 1718 ﬁde-

2011 1748 2096 1804 les
2112 1749 2379 1820 Dei,quia
2392 1765 2505 1804 non
2524 1754 2771 1821 possunt
2786 1766 2914 1805 eam
2932 1749 3154 1806 viribus
3172 1749 3297 1806 suis
3315 1750 3656 1821 promereri.

2512 1855 2839 1911 I’SALMUS
2872 1856 3155 1912 CXXVIII.

2516 1944 2804 1983 CANTICUM
2844 1944 3149 1984 GRADUUM.

2081 2037 2109 2064 «
2142 2019 2302 2087 Saepe
2334 2020 2813 2088 expugnaverunt
2842 2033 2935 2071 me
2963 2018 3318 2086 ajuventute
3348 2018 3661 2086 mea,dicat

2009 2128 2037 2155 «
2071 2121 2227 2160 nunc
2262 2104 2456 2159 Israel.
2490 2110 2649 2177 Saepe
2670 2111 3150 2177 expugnaverunt
3170 2122 3263 2162 me
3294 2124 3327 2162 a
3348 2107 3660 2176 juventute

2011 2214 2038 2243 «
2070 2208 2221 2248 mea:
2256 2194 2471 2249 etenim
2507 2211 2621 2249 non
2652 2198 2971 2265 potuerunt
3000 2193 3165 2250 mihi.
3185 2196 3377 2267 Supra
3407 2196 3650 2251 dorsum

2011 2304 2039 2332 ‹‹
2070 2298 2268 2337 meum
2302 2281 2731 2338 fabricaverunt
2761 2287 3117 2353 peccatores,
3169 2282 3666 2355 prolongaverunt

2008 2394 2037 2421 «
2070 2371 2442 2443 iniquitatem
2475 2388 2663 2427 suam.
2699 2371 2984 2427 Dominus
3005 2371 3210 2441 justus
3259 2372 3514 2427 concidit
3543 2388 3664 2428 cer-

2007 2484 2036 2510 ‹‹
2070 2462 2223 2516 vices
2253 2465 2649 2533 peccatorum,
2685 2460 3119 2515 confundantur
3165 2464 3221 2515 et
3250 2464 3663 2517 convertantur

2007 2571 2035 2599 ‹‹
2072 2553 2393 2604 retrorsum
2423 2565 2627 2604 omnes
2660 2548 2759 2620 qui
2799 2549 3051 2604 oderunt
3110 2549 3267 2603 Sion.
3304 2548 3471 2603 Fiant
3512 2549 3665 2605 sicut

2006 2661 2034 2689 ‹‹
2068 2639 2264 2692 fenum
2299 2642 2585 2692 tectorum
2612 2638 2787 2708 quod,
2822 2637 3170 2708 priusquam
3204 2635 3505 2706 avellatur,
3528 2654 3660 2693 exa-

2008 2748 2035 2776 ‹‹
2067 2727 2293 2781 ruit.De
2325 2743 2439 2797 quo
2456 2743 2570 2781 non
2592 2725 2856 2797 implevit
2880 2742 3122 2780 manum
3146 2742 3316 2781 suam
3341 2727 3441 2797 qui
3466 2727 3655 2797 metit,

2004 2839 2031 2865 «
2064 2820 2119 2871 et
2150 2815 2347 2870 sinum
2371 2832 2544 2870 suum
2560 2813 3342 2887 quimanipuloscolligit.Et
3357 2831 3472 2870 non
3503 2815 3662 2870 dixe-

2008 2928 2028 2952 α
2066 2908 2206 2959 runt
2237 2904 2335 2976 qui
2372 2904 2745 2976 praeteribant
2775 2921 2787 2959 ;
2824 2902 3153 2958 Benedictio
3204 2903 3432 2958 Domini
3480 2919 3659 2977 super

2002 3016 2030 3043 ‹‹
2062 3010 2183 3060 vos,
2215 2993 2622 3049 benediximus
2652 2993 2816 3047 vobis
2848 2993 2906 3047 in
2938 2992 3174 3048 nomine
3204 2993 3456 3048 Domini.
3491 3016 3520 3042 »

2602 3080 2777 3135 ENNA
2786 3082 2885 3135 RR.
2895 3081 2911 3134 l
2920 3080 3019 3135 T10
3028 3122 3040 3134 .

2070 3168 2390 3240 Postquam
2422 3167 2517 3223 isti
2548 3168 3007 3224 conscendentes
3056 3172 3195 3223 sunt
3226 3185 3292 3224 eo
3324 3169 3497 3225 modo
3530 3187 3645 3242 quo

2007 3256 2123 3311 dixi
2147 3256 2459 3311 Dominum
2484 3256 3000 3323 timentes,debent
3021 3272 3083 3311 se
3111 3256 3195 3310 ita
3209 3262 3647 3328 contemperare

2005 3350 2088 3411 ut,
2122 3344 2182 3398 in
2216 3344 2545 3398 constantia
2572 3343 2993 3414 tribulationis,
3035 3343 3263 3416 possint
3293 3345 3484 3400 dicere
3514 3346 3654 3416 quia

2006 3432 2076 3487 ab
2108 3431 2597 3503 impugnantibus
2620 3447 2735 3485 non
2759 3431 2878 3486 sint
2900 3432 3255 3503 superati.Et
3286 3432 3413 3488 ideo
3444 3432 3653 3488 ivitant

2007 3520 2152 3575 alios
2183 3524 2248 3574 ut
2278 3519 2370 3574 sui
2394 3518 2657 3591 exemplo
2675 3520 2821 3574 bene
2847 3521 3318 3592 operentur,et,si
3351 3521 3652 3579 tribulatio

2007 3610 2091 3665 eis
2122 3609 2255 3663 inde
2286 3608 2590 3680 ingruerit,
2624 3625 2739 3663 non
2780 3608 3076 3666 deficiant.
3137 3611 3322 3675 Quam
3377 3616 3654 3666 constan-

2006 3701 2148 3754 tiam
2184 3698 2276 3753 bic
2306 3698 2525 3769 gradus
2557 3697 2898 3769 exsequitur
2929 3716 2941 3752 ε

2080 3788 2228 3859 Saepe
2256 3797 2713 3861 expugnaverunt
2737 3804 2839 3842 me.
2882 3786 3226 3858 Quicunque
3257 3792 3345 3843 est
3373 3789 3564 3856 Israel,
3597 3787 3655 3844 id

2009 3883 2118 3947 est,
2154 3878 2251 3949 qui
2284 3878 2577 3932 intantum
2608 3877 2949 3932 conscendit
2973 3880 3037 3931 ut
3056 3877 3229 3931 corde
3257 3876 3448 3932 videat
3472 3878 3656 3933 Deum

2010 3968 2152 4021 dicat
2174 3965 2393 4020 nuncid
2430 3970 2518 4020 est
2548 3966 2606 4019 in
2640 3964 2901 4036 proximo
2942 3980 3002 4019 se
3055 3964 3137 4018 ita
3167 3964 3395 4020 affectet
3422 3969 3478 4020 et
3508 3982 3658 4038 pra:-

2012 4059 2174 4127 paret
2202 4060 2266 4109 ut
2296 4053 2483 4125 possit
2511 4053 2702 4108 dicere
2734 4071 2746 4108 :
2780 4057 2943 4123 Saepe
2973 4055 3518 4125 e.1:pugnavcrunt,id
3550 4061 3658 4125 est,

2012 4143 2505 4215 impugnaverunt
2531 4157 2621 4196 me
2638 4140 2953 4197 adversarii
2978 4142 3189 4198 mei.Et
3209 4142 3330 4199 haec
3347 4143 3658 4216 impugna-

2011 4231 2092 4286 tio
2124 4230 2409 4302 processit
2440 4246 2471 4283 a
2492 4230 2719 4301 juventa
2752 4246 2891 4299 mea,
2924 4229 2982 4284 id
3042 4234 3150 4299 est,
3186 4247 3253 4288 ex
3301 4248 3367 4286 eo
3399 4236 3662 4303 tempore

2014 4337 2083 4375 ex
2112 4337 2226 4391 quo
2256 4318 2570 4375 innovatus
2602 4335 2733 4375 sum
2791 4320 2876 4375 vel
2938 4324 3174 4392 propter
3229 4319 3662 4375 innovationem

2018 4425 2204 4462 meam
2224 4407 2463 4479 impugn
2474 4424 2644 4463 averu
2655 4411 2718 4462 nt
2732 4408 3003 4479 me.Sa2pe
3013 4405 3665 4478 expugnaveruntQuod

2018 4496 2299 4567 repetitur
2326 4496 2396 4550 ad
2430 4496 2934 4551 conﬁrmationem
2982 4495 3323 4551 assertionis
3384 4496 3467 4550 fit.
3517 4495 3669 4566 Saepe

2016 4589 2471 4656 expugnaverunt
2502 4601 2587 4639 mc
2615 4602 2649 4638 a
2679 4585 2971 4656 juvenlutc
3026 4600 3167 4638 mea.
3231 4584 3298 4637 Et
3332 4583 3462 4638 ideo
3496 4600 3667 4655 saepe,

2020 4675 2157 4747 quia
2188 4690 2297 4730 non
2321 4678 2620 4745 potuerunt
2648 4675 2793 4728 mihi
2825 4672 3154 4744 praevalere.
3191 4672 3249 4727 Si
3300 4673 3456 4727 enim
3491 4671 3672 4729 semel

2024 4769 2478 4837 expugnassent,
2513 4781 2625 4818 non
2660 4764 2916 4819 secundo
2957 4762 3043 4817 vel
3098 4762 3269 4817 tertio
3326 4762 3672 4835 impugnas—

2026 4859 2174 4908 sent.
2206 4856 2383 4925 Supra
2416 4854 2639 4909 dorsum
2668 4868 2849 4907 meum
2895 4852 3310 4922 fabricaverunt
3348 4863 3674 4923 peccatores.

2027 4942 2384 4997 Delerminat
2413 4942 2707 5013 quomodo
2748 4945 3203 5013 expugnassent.
3234 4943 3473 4997 Dorsum
3498 4957 3678 4996 meum

2030 5032 2211 5086 (edem
2235 5032 2343 5085 sibi
2378 5032 2640 5085 fecerunt
2671 5030 3118 5103 ﬂagellando.1n
3152 5048 3268 5101 qua
3301 5030 3680 5086 fabricatione

2027 5121 2487 5192 prolongaverunt
2514 5120 2571 5174 id
2602 5125 2708 5187 est,
2742 5120 3111 5175 adduxerunt
3140 5122 3497 5191 iniquitatem
3524 5136 3682 5175 suam

2034 5214 2168 5264 etex
2186 5208 2450 5280 opposito
2474 5209 2767 5279 justitiam
2794 5209 3176 5273 meam.Quod
3211 5210 3352 5264 dicit
3373 5209 3441 5264 ad
3476 5224 3681 5264 conso-

2036 5298 2306 5353 lationem
2343 5299 2680 5353 auditorum
2715 5316 2785 5353 ne
2820 5297 2935 5352 illis
2962 5297 3209 5352 molesta
3256 5299 3332 5353 sit
3362 5297 3681 5365 tribulatio,

2038 5404 2171 5442 cum
2196 5388 2432 5458 justitia
2464 5405 2572 5442 sua
2602 5388 2735 5442 inde
2764 5391 3007 5442 crescat.
3045 5388 3307 5443 Dominus
3349 5388 3525 5455 iustus
3555 5402 3683 5441 con-

2040 5477 2192 5533 cidit.
2226 5477 2340 5547 Ipsi
2372 5477 2615 5548 inquam
2649 5477 3037 5532 extenderunt
3091 5477 3462 5549 iniquitatem
3495 5492 3684 5542 suam,

2041 5582 2143 5638 pro
2176 5582 2289 5637 quo
2321 5566 2627 5631 Dominus,
2660 5566 2759 5639 qui
2794 5567 2999 5635 justus
3026 5571 3113 5621 est
3136 5564 3606 5639 judex,concidit,
3630 5564 3689 5619 id

2042 5655 2485 5728 est,confringet
2514 5656 2831 5727 cervices,id
2855 5659 2963 5727 est,
2980 5655 3319 5732 superbiam
3341 5662 3693 5733 peccatorum
