4024 6192
267 341 385 407 ’185

1390 338 1996 402 ENARRATIONES
2043 340 2120 401 IN
2174 341 2554 444 PSALMOS.

3556 338 3679 403 786

257 477 554 550 jejunare,
576 473 834 548 vigilare,
852 472 933 531 ita
954 473 1120 548 fides,
1145 490 1306 548 spes,
1354 474 1632 538 charitas,
1682 473 1915 546 proprie
1943 473 1998 541 Α
2026 477 2153 530 tum
2186 474 2386 534 differo
2411 479 2482 534 ab
2504 477 2637 536 aliis
2661 479 2762 553 qui
2786 481 2925 539 sunt
2945 474 3275 552 superiores
3298 480 3391 532 me
3413 473 3473 532 in
3495 475 3677 536 virtu-

263 566 543 622 dicuntur
555 552 1068 637 animaeSperavit,
1088 565 1550 637 inquam,anima
1562 581 1704 627 mea,
1724 565 1913 619 nonin

264 654 548 728 quolibet,
592 655 694 709 sed
742 655 801 708 in
844 655 1094 718 Domino,
1136 654 1194 709 id
1218 660 1326 721 est,
1356 655 1417 709 in
1452 653 1916 709 consideratione

262 742 702 815 omnipotentiae
735 744 884 814 ejus.
919 744 955 797 A
988 742 1237 799 custodia
1282 746 1578 799 matutina.
1620 742 1752 806 Quae
1780 758 1915 813 spes

265 832 376 887 fuit
396 830 681 903 incipiens
702 849 735 886 ιι
766 832 1011 887 custodia
1041 835 1343 899 matutina,
1371 833 1427 887 id
1452 837 1559 899 est,
1603 849 1635 886 a
1655 836 1918 903 tempore

263 920 716 976 illuminationis
738 922 823 976 vel
850 922 1254 978 consensionis
1269 938 1429 990 mete,
1454 921 1562 975 hoc
1586 925 1695 989 est,
1711 937 1743 975 a
1759 920 1912 991 prin-

262 1011 414 1082 cipio
447 1010 776 1066 sanctitatis
808 1028 968 1079 meae,
1002 1015 1059 1065 et
1088 1011 1171 1066 ita
1209 1010 1600 1083 perseverabit
1646 1024 1815 1080 usque
1845 1007 1915 1062 ad

260 1104 499 1163 noctem,
548 1099 606 1154 id
657 1106 765 1165 est,
826 1100 896 1154 ad
949 1105 1217 1156 mortem.
1248 1100 1370 1167 Vel,
1404 1099 1557 1156 sicut
1585 1099 1645 1153 in
1680 1098 1911 1153 Hebraeo

260 1188 532 1248 habetur.
557 1205 591 1244 a
610 1188 808 1261 vigilia
832 1190 1123 1245 matutina
1148 1206 1334 1262 usque
1357 1190 1423 1243 ad
1454 1187 1693 1260 vigilam
1720 1192 1911 1267 matu-

256 1278 446 1333 tinam
472 1294 486 1333 :
512 1277 568 1331 id
592 1282 700 1347 est,
725 1279 797 1332 ab
821 1278 1133 1351 incipiente
1156 1280 1251 1334 hic
1274 1278 1702 1334 illuminatione
1726 1291 1913 1347 perse-

256 1367 514 1421 verando
537 1383 725 1437 usque
746 1368 816 1422 ad
844 1383 1042 1422 verum
1068 1367 1425 1423 matutinum
1444 1367 1600 1439 quod
1618 1365 1913 1437 posthanc

256 1453 439 1507 vitam
457 1452 694 1524 incipiet
706 1453 1094 1510 lucescere.Et
1107 1455 1373 1527 sicutego
1388 1472 1556 1527 spero
1570 1455 1628 1508 in
1643 1452 1909 1521 Domino,

260 1542 349 1597 sic
370 1542 565 1597 omnis
585 1544 755 1598 Israel
783 1547 957 1614 speret
986 1546 1043 1598 in
1080 1546 1335 1599 Domino.
1382 1546 1532 1616 Quia
1560 1542 1705 1614 apud
1736 1543 1913 1597 Domi-

258 1647 415 1685 num.
450 1631 517 1685 Et
547 1631 756 1686 merito
786 1632 977 1688 omnis
1009 1634 1196 1699 Israel,
1245 1633 1303 1688 id
1350 1637 1459 1701 est,
1492 1631 1689 1688 omnis
1720 1630 1910 1686 ﬁdelis

258 1718 523 1791 sperabit
553 1722 612 1775 in
645 1722 895 1793 Domino,
945 1724 1078 1794 quia
1127 1723 1273 1794 apud
1319 1723 1519 1794 ipsum
1576 1727 1662 1777 est
1691 1721 1907 1775 miseri-

2023 564 2203 639 tibus.
2227 566 2424 622 Ethoc
2448 569 2576 624 ideo
2602 570 2728 638 feci,
2761 569 2900 643 quia
2941 571 3106 624 erant
3143 584 3308 641 super
3343 583 3449 635 me,
3474 567 3530 623 id
3563 574 3671 641 est,

2023 654 2275 727 desuper
2306 656 2449 711 mihi
2483 657 2698 713 collatae
2731 663 2868 716 sunt
2900 676 2935 714 a
2968 657 3231 714 Domino.
3264 656 3463 713 Si'non
3492 658 3675 714 humi-

2025 743 2156 799 liter
2195 746 2519 813 sentiebam,
2567 750 2711 801 sicut
2757 749 3083 807 obluctatus.
3137 746 3307 805 Modo
3357 748 3520 819 ponit
3549 764 3675 803 sese

2025 834 2134 887 sub
2185 834 2484 889 devotione
2536 836 2814 906 quadam.
2867 837 2929 893 Si
2977 853 3088 891 non
3135 837 3427 892 humiliter
3470 839 3672 892 sentie-

2025 924 2168 989 bam,
2202 924 2259 977 id
2284 929 2390 991 est,
2426 924 2473 979 si
2507 941 2623 978 non
2674 942 2907 999 semper
2937 926 2996 981 in
3044 926 3374 983 humilitate
3406 943 3499 981 me
3533 943 3670 982 con-

2022 1011 2282 1067 tinebam
2318 1017 2448 1084 post
2479 1030 2682 1068 omnes
2713 1016 2934 1086 gradus
2972 1016 3360 1088 supradictas,
3393 1017 3489 1071 sed
3516 1017 3671 1071 emat-

2022 1104 2137 1156 tavi
2164 1103 2409 1157 animam
2434 1120 2613 1158 meam
2644 1105 3058 1175 superbiendo,
3090 1110 3232 1160 tunc
3260 1109 3337 1160 ita
3367 1105 3564 1161 veniat
3592 1123 3671 1160 re-

2022 1192 2250 1246 tributio
2279 1193 2334 1246 in
2370 1192 2629 1246 animam
2664 1209 2878 1263 meam,
2908 1193 3129 1249 scilicet
3172 1199 3238 1249 ut
3264 1211 3494 1265 peream
3526 1198 3669 1251 sicut

2023 1280 2238 1350 periret
2271 1297 2416 1352 puer
2443 1282 2778 1348 ablactatus,
2814 1283 2956 1354 quia
3001 1281 3194 1337 adhuc
3244 1284 3479 1340 deberet
3506 1301 3672 1356 super

2023 1373 2267 1423 matrem
2302 1387 2467 1425 suam
2502 1370 2880 1439 incumbere;
2914 1371 2964 1425 si
2988 1375 3271 1438 remotus,
3295 1388 3410 1426 non
3434 1378 3665 1429 susten-

2022 1461 2245 1512 taretur
2264 1463 2365 1513 aut
2388 1459 2593 1514 matris
2617 1466 2720 1515 aut
2750 1459 2992 1515 alterius
3031 1476 3157 1531 ope.
3207 1460 3339 1515 Ideo
3361 1460 3498 1516 facit
3516 1461 3669 1517 hanc

2020 1546 2407 1618 devotionem,
2442 1554 2508 1603 ut
2528 1566 2630 1620 per
2658 1549 3059 1621 paenitentiam
3085 1565 3262 1631 quam
3285 1548 3396 1604 sibi
3420 1550 3670 1621 imperat

2020 1635 2316 1704 adjutores
2367 1654 2401 1691 a
2451 1638 2727 1709 superbia
2773 1642 3084 1693 removeat.
3138 1638 3329 1709 Speret
3357 1639 3549 1695 Israel.
3603 1640 3671 1693 Et

2021 1723 2355 1796 quicunque
2386 1730 2476 1781 est
2525 1727 2721 1794 Israel,
2773 1728 2857 1782 sic
2902 1732 3076 1799 speret
3126 1729 3185 1781 in
3236 1728 3486 1793 Domino,
3518 1727 3675 1782 sicut

258 1808 471 1878 cordia,
498 1809 557 1864 id
579 1813 687 1875 est,
710 1809 836 1882 ipse
858 1810 1204 1867 naturaliter
1240 1816 1326 1868 est
1367 1811 1718 1867 misericors.
1744 1811 1805 1864 Et
1836 1825 1908 1863 ne
1943 1844 1989 1908 B
2019 1829 2125 1885 ego
2155 1814 2444 1869 humiliter
2472 1815 2729 1870 sentiens
2760 1815 2987 1887 speravi
3018 1815 3105 1870 vel
3147 1816 3298 1871 sicut
3326 1832 3432 1887 ego
3457 1816 3521 1870 in
3549 1832 3668 1870 ma-

259 1898 399 1969 quis
419 1899 686 1971 desperet
722 1899 1098 1955 multitudine
1136 1901 1377 1973 peccati,
1411 1901 1559 1975 agnud
1589 1900 1904 1955 Dominum

254 1991 349 2042 est
367 1989 583 2058 copiosa
611 1988 933 2060 redemptio,
952 1994 1072 2045 tam
1095 1989 1466 2063 originalium
1501 2006 1679 2062 quam
1703 1993 1901 2044 actua-

252 2073 406 2129 lium
440 2075 777 2146 criminum,
802 2083 920 2132 tam
944 2079 1340 2134 criminalium
1365 2095 1541 2150 quam
1563 2077 1901 2134 venialium.

252 2162 364 2219 Vel
380 2166 594 2236 copiosa
604 2165 921 2238 redemptio,
937 2173 1058 2223 tam
1071 2168 1336 2241 gentium
1351 2184 1525 2240 quam
1542 2168 1572 2223 J
1582 2167 1813 2222 udaaoru
1824 2183 1879 2221 m
1890 2208 1904 2232 ,

252 2254 327 2306 Et
355 2255 469 2323 ipse
487 2253 736 2310 redimet.
759 2255 863 2311 Hic
884 2259 1097 2328 capiosa
1119 2261 1206 2312 est
1225 2257 1371 2328 apud
1392 2256 1559 2312 illum
1582 2256 1903 2325 redemptio,

249 2342 402 2414 quia
424 2344 684 2414 quotidie
705 2350 942 2417 peccata
962 2346 1228 2401 dimittit.
1255 2351 1317 2401 Et
1338 2347 1397 2401 in
1411 2346 1776 2401 futuroidem
1789 2347 1907 2417 ipse

245 2430 497 2486 redimet
527 2432 704 2488 Israel
758 2450 829 2488 ex
879 2435 1131 2490 omnibus
1178 2436 1566 2507 iniquitatibus
1604 2435 1723 2506 ejus
1769 2434 1909 2505 quia

249 2518 463 2575 nullus
493 2521 733 2576 omnino
766 2522 893 2577 sine
924 2522 1155 2578 macula
1174 2524 1245 2579 de
1260 2523 1368 2578 hoc
1390 2523 1611 2579 mundo
1633 2522 1910 2578 transibit

250 2609 364 2680 qui
396 2608 454 2662 in
488 2606 780 2664 oblatione
811 2610 1082 2666 sacrificii
1131 2616 1189 2666 et
1233 2612 1597 2667 orationibus
1651 2612 1909 2683 indigeat

247 2694 502 2752 absolvi.

785 2786 1121 2844 PSALMUS
1161 2786 1377 2843 CXXX.

703 2892 1068 2932 CANTICUM
1110 2890 1460 2933 GRADUUM.

334 2983 363 3011 ‹‹
395 2961 658 3029 Domine,
683 2980 797 3019 non
828 2968 919 3019 est
965 2964 1284 3022 exaltatum
1338 2982 1437 3021 cor
1478 2982 1695 3033 meum,
1721 2983 1909 3038 neque

244 3072 281 3101 «ι
318 3049 456 3106 elati
478 3056 617 3107 sunt
634 3050 1142 3125 oculimei.Neque
1162 3054 1456 3109 ambulavi
1479 3055 1535 3109 in
1561 3055 1911 3125 magnis,ne-

240 3163 275 3190 «ι
321 3156 434 3211 que
464 3139 524 3194 in
553 3140 924 3198 mirabilibus
954 3158 1132 3213 super
1160 3158 1274 3197 me.
1329 3144 1384 3197 Si
1440 3159 1556 3197 non
1602 3142 1907 3198 humiliter

2014 1904 2140 1973 gnis
2166 1906 2215 1957 et
2244 1904 2595 1959 mirabilibus
2624 1921 2740 1959 non
2765 1904 3058 1976 superbivi
3084 1920 3096 1958 :
3123 1904 3205 1960 sic
3237 1905 3429 1960 omnis
3450 1903 3551 1976 qui
3577 1908 3667 1960 est

2012 1992 2194 2047 Israel
2246 1993 2388 2047 dum
2448 1992 2507 2048 in
2565 1994 2785 2049 talibus
2841 1998 2949 2061 est,
2993 2010 3108 2049 non
3163 1992 3462 2065 superbiat
3493 1998 3548 2047 et
3579 1993 3664 2049 sic

2011 2086 2187 2152 speret
2216 2084 2274 2136 in
2311 2084 2568 2152 Domino,
2600 2080 2887 2154 incipiens
2915 2098 2984 2137 ex
3023 2081 3124 2137 hoc
3167 2098 3332 2147 nunc,
3383 2081 3442 2134 id
3473 2085 3658 2135 estex

2000 2170 2282 2240 praesenti
2312 2188 2480 2240 nunc,
2514 2176 2565 2227 et
2595 2175 2924 2244 perseveret
2954 2186 3122 2242 usque
3164 2172 3223 2224 in
3253 2169 3545 2227 saeculum.

2530 2318 2656 2369 PSA
2672 2313 2853 2369 LMUS
2902 2312 3137 2368 CXXXI.

2458 2420 2811 2458 CANTICUM
2850 2418 3209 2458 GRADUUM.

2092 2530 2120 2559 ‹‹
2149 2509 2458 2579 Memento,
2486 2511 2747 2577 Domine,
2770 2509 2973 2580 David,
3003 2513 3060 2563 et
3104 2509 3299 2564 omnis
3321 2512 3661 2564 mansuetu-

2024 2618 2051 2650 α
2080 2597 2236 2652 dinis
2257 2599 2405 2669 ejus.
2431 2599 2831 2669 Sicutjuravit
2854 2598 3119 2661 Domino,
3146 2601 3344 2652 votum
3367 2597 3521 2652 vovit
3553 2599 3665 2652 Deo

2017 2709 2045 2735 «
2077 2686 2275 2740 Jacob.
2301 2686 2359 2741 Si
2381 2686 2660 2743 introiere
2682 2688 2742 2741 in
2779 2685 3224 2743 tabernaculum
3267 2687 3478 2741 domus
3500 2701 3664 2753 mere,

2018 2797 2047 2824 ‹‹
2078 2774 2126 2829 si
2149 2776 2464 2830 ascendere
2488 2776 2547 2830 in
2572 2775 2787 2831 lectum
2814 2776 2979 2831 strati
3028 2775 3162 2831 mei.
3187 2774 3245 2831 Si
3269 2775 3478 2831 dedero
3509 2790 3666 2830 som-

2019 2886 2047 2914 «
2080 2880 2220 2918 num
2246 2864 2429 2920 oculis
2451 2865 2600 2919 meis
2617 2870 2673 2920 et
2688 2864 2982 2937 palpebris
2997 2864 3144 2920 meis
3158 2862 3663 2929 dormitationem;

2021 2972 2049 3001 «
2081 2956 2137 3006 et
2184 2952 2444 3024 requiem
2494 2954 2861 3024 temporibus
2919 2953 3088 3020 meis,
3140 2954 3323 3008 donec
3371 2951 3665 3008 inveniam

2021 3059 2049 3088 ‹‹
2080 3038 2274 3095 locum
2316 3041 2582 3109 Domino,
2617 3042 3066 3097 tabernaculum
3120 3042 3236 3097 Deo
3288 3041 3490 3098 Jacob.
3522 3042 3667 3097 Ecce

2022 3149 2050 3176 «
2081 3129 2415 3184 audivimus
2463 3146 2589 3184 eam
2643 3130 2701 3184 in
2742 3130 3016 3202 prrata,
3068 3131 3402 3186 invenimus
3444 3146 3572 3186 eam
3603 3129 3665 3185 in

245 3252 272 3279 ι
321 3208 670 3301 gentiam“),
731 3231 832 3286 sed
893 3208 1136 3286 θχθιίενί
1192 3231 1449 3286 animum
1499 3248 1711 3286 meum,
1744 3232 1906 3287 Sicut
1936 3208 1979 3273 C
2018 3239 2047 3266 «
2081 3216 2305 3287 campis
2336 3218 2521 3271 Silvae.
2552 3219 2932 3273 Introihimus
2966 3221 3024 3272 in
3049 3217 3492 3273 tabernaculum
3515 3218 3664 3287 ejus,

241 3340 277 3369 α
322 3317 650 3375 ablactatus
676 3324 765 3374 est
794 3336 971 3391 super
996 3324 1180 3376 matre
1224 3336 1351 3384 sua,
1400 3320 1482 3374 ita
1513 3319 1819 3375 retributio
1851 3319 1910 3373 in

238 3429 275 3457 «
318 3406 523 3461 anima
540 3423 691 3463 mea.
714 3408 917 3479 Speret
940 3408 1114 3463 Israel
1149 3408 1209 3462 in
1231 3408 1502 3478 Domino,
1521 3424 1594 3466 ex
1609 3407 1723 3472 hoc
1754 3423 1912 3463 nunc

242 3518 278 3545 ‹‹
315 3499 381 3551 et
409 3512 597 3567 usque
627 3496 688 3551 in
728 3496 1028 3552 saeculum.
1066 3518 1094 3545 ι)

886 3587 1156 3642 ENARRA
1168 3584 1292 3645 T10.

330 3674 399 3727 In
435 3671 544 3729 hoc
569 3672 796 3745 psalmo
826 3674 1027 3731 ﬁdeles
1048 3674 1167 3730 alta
1204 3676 1658 3732 conscendentes
1696 3675 1912 3730 iterum

244 3778 408 3818 suos
428 3762 745 3819 admonent
767 3768 1080 3821 sectatores
1104 3768 1187 3835 ut,
1212 3765 1352 3820 dum
1372 3782 1438 3821 eo
1458 3782 1644 3837 usque
1662 3764 1913 3837 promoti

246 3850 490 3905 fuerint
509 3852 665 3922 quod
688 3852 759 3907 ad
783 3852 1097 3908 Dominum
1120 3870 1224 3925 pro
1243 3854 1568 3909 constantia
1590 3853 1913 3909 tribulatio-

254 3938 365 3994 nis
399 3936 649 3995 clament
679 3940 870 3996 adhuc
909 3941 981 3996 ad
1033 3941 1241 3997 altiora
1288 3942 1706 4003 conscendant.
1754 3942 1912 3997 vide-

249 4027 410 4083 licet
430 4032 496 4084 ut
517 4044 651 4084 cum
675 4029 931 4084 exauditi
954 4030 1172 4085 fuerint
1190 4029 1251 4084 in
1273 4030 1383 4085 hac
1403 4046 1483 4097 re,
1518 4047 1631 4086 non
1657 4029 1911 4102 glorien-

242 4122 365 4171 tur
387 4115 447 4170 in
470 4118 800 4189 semetipsis
822 4118 1172 4174 reﬂectendo
1194 4118 1392 4174 oculos
1414 4135 1553 4174 suos
1576 4119 1647 4173 ad
1669 4118 1911 4174 virtutes

248 4221 415 4261 suas
446 4207 601 4261 unde
623 4212 863 4277 possent
884 4207 1208 4278 superbire,
1232 4208 1356 4275 sed,
1380 4206 1761 4262 ascendentes
1788 4223 1915 4278 gra-

243 4296 414 4351 dum
446 4294 801 4351 humilitatis
832 4295 959 4367 ipsa
980 4295 1275 4367 magnalia
1296 4312 1423 4367 qua:
1444 4296 1503 4350 in
1529 4312 1591 4351 se
1612 4300 1769 4363 sunt,
1794 4312 1911 4351 non

238 4401 399 4450 sua,
431 4384 534 4439 sed
565 4384 665 4439 Dei
691 4390 1047 4455 cognoscant
1076 4399 1227 4450 esse,
1252 4383 1335 4439 ita
1363 4384 1640 4441 dicentes.

336 4475 566 4529 Domine
594 4488 704 4528 non
732 4476 810 4529 est
860 4473 1167 4529 exaltatum
1212 4489 1305 4528 cor
1348 4490 1551 4529 meum.
1587 4473 1630 4529 Ο
1663 4475 1909 4544 Domine,

2022 3327 2051 3353 α
2084 3305 2462 3360 adorabimus
2512 3306 2569 3359 in
2624 3305 2750 3360 loco
2808 3306 2908 3359 ubi
2966 3310 3255 3361 steterunt
3301 3306 3477 3376 pedes
3515 3307 3665 3375 ejus.

2022 3413 2051 3442 «
2085 3394 2290 3465 Surge,
2317 3393 2580 3461 Domine,
2605 3394 2663 3448 in
2690 3393 2950 3465 requiem
2973 3398 3161 3463 tuam,
3200 3399 3260 3447 tu
3297 3398 3353 3448 et
3373 3409 3507 3448 arca
3529 3410 3671 3448 san-

2023 3499 2051 3527 ‹‹
2067 3479 2439 3535 ctiﬁcationis
2454 3480 2931 3535 tum.Sacerdotes
2945 3480 3029 3536 tui
3044 3480 3394 3552 induanturj
3404 3480 3669 3536 ustitiam

2025 3588 2054 3617 «
2085 3572 2142 3621 et
2180 3568 2366 3622 sancti
2406 3567 2492 3623 tui
2543 3568 2855 3623 exsultent.
2908 3570 3150 3640 Propter
3208 3568 3386 3623 David
3436 3585 3669 3624 servum

2023 3677 2051 3705 ‹‹
2086 3661 2277 3725 tuum,
2302 3674 2418 3711 non
2441 3662 2667 3712 avertas
2690 3656 2893 3713 faciem
2920 3656 3124 3713 Christi
3150 3657 3256 3712 tui.
3300 3656 3528 3711 Juravit
3557 3656 3670 3714 Do-

2024 3765 2052 3793 ‹‹
2087 3746 2284 3800 minus
2305 3746 2484 3801 David
2508 3745 2831 3814 veritatem,
2855 3751 2912 3801 et
2950 3762 3066 3801 non
3108 3745 3489 3801 frustrabitur
3516 3760 3667 3814 eam,

2027 3854 2050 3884 ι
2086 3834 2156 3888 de
2178 3835 2370 3890 fructu
2392 3836 2612 3891 ventris
2632 3835 2716 3889 tui
2744 3852 2956 3906 ponam
2979 3850 3157 3907 super
3178 3834 3372 3889 sedem
3396 3838 3581 3889 tuam.
3610 3832 3670 3889 Si

2023 3944 2051 3973 ‹‹
2084 3925 2470 3979 custodierint
2490 3924 2595 3978 filii
2618 3924 2704 4001 tui
2726 3928 3142 3979 testamentum
3169 3939 3385 3990 meum,
3427 3928 3484 3979 et
3502 3923 3667 3979 testi-

2024 4032 2053 4062 ‹‹
2085 4013 2284 4066 monia
2313 4028 2442 4068 mea
2471 4012 2593 4067 haec
2623 4030 2751 4083 quae
2781 4012 2999 4068 docebo
3048 4030 3167 4082 eos,
3219 4018 3279 4068 et
3325 4012 3429 4068 filii
3463 4029 3667 4068 eorum

2024 4121 2052 4150 ‹‹
2085 4116 2272 4171 usque
2302 4100 2362 4155 in
2395 4101 2674 4156 sazculum
2707 4101 2995 4156 sedebunt
3025 4118 3201 4174 super
3249 4103 3446 4158 sedem
3478 4107 3665 4158 tuam.

2022 4210 2051 4239 «
2083 4189 2368 4253 Quoniam
2392 4188 2566 4260 elegit
2588 4189 2876 4246 Dominus
2896 4191 3057 4261 Sion,
3099 4191 3274 4263 elegit
3311 4207 3439 4246 eam
3472 4190 3532 4245 in
3563 4190 3667 4244 ha-

2029 4298 2049 4327 ι
2084 4277 2426 4331 bitationem
2450 4277 2583 4332 sibi.
2610 4278 2738 4333 Ilaec
2764 4280 2993 4349 requies
3018 4296 3138 4333 mea
3170 4279 3227 4332 in
3253 4277 3533 4333 saeculum
3561 4293 3668 4332 saa-

2022 4388 2049 4415 «
2084 4365 2225 4429 culi,
2258 4365 2352 4420 hic
2378 4366 2655 4421 habitabo
2704 4368 2982 4437 quoniam
3032 4365 3178 4437 elegi
3231 4382 3381 4419 eam.
3414 4364 3667 4419 Viduam

2022 4478 2048 4505 ‹‹
2085 4454 2213 4524 ejus
2236 4454 2586 4509 benedicens
2616 4455 2983 4517 benedicam,
3031 4468 3316 4524 pauperes
3344 4453 3474 4523 ejus
3504 4457 3664 4507 satu-

229 4566 398 4635 post
441 4562 728 4618 beneﬁcia
773 4566 877 4617 tua
924 4563 1281 4634 supradicta,
1335 4578 1428 4617 εον
1474 4577 1657 4618 meum
1692 4582 1807 4618 mm
1835 4538 1912 4619 es;
1944 4576 1989 4640 Β
2028 4564 2055 4596 α
2085 4544 2226 4597 rabo
2251 4542 2887 4640 panibussacerdotes
2908 4538 3670 4640 ejusninduams‘alutarnet

176 4653 189 4657 ’
228 4649 591 4719 exaltatum,
634 4651 690 4705 id
740 4655 850 4718 est,
898 4651 958 4706 in
1009 4654 1204 4706 mente
1250 4668 1383 4707 mea
1429 4668 1543 4706 non
1592 4652 1907 4723 superbivi,

2022 4655 2050 4684 ‹‹
2084 4632 2273 4689 sancti
2305 4632 2434 4701 ejus
2466 4630 2851 4686 exsultatione
2868 4629 3266 4685 exsultabunt.
3293 4627 3436 4684 Illuc
3456 4629 3668 4702 produ-

2020 4744 2050 4772 «
2076 4738 2200 4777 eam
2222 4736 2403 4776 cornu
2433 4719 2637 4783 David,
2679 4719 2874 4791 paravi
2915 4717 3217 4774 lucernam
3257 4718 3483 4774 Christo
3514 4735 3662 4774 meo.

2023 4834 2051 4861 α
2085 4810 2357 4866 Inimicos
2398 4810 2528 4879 ejus
2557 4807 2799 4863 induam
2854 4807 3215 4875 confusione,
3262 4824 3440 4880 super
3467 4808 3664 4879 ipsum

2019 4922 2047 4950 «
2085 4905 2282 4955 autem
2316 4897 2600 4953 efﬂorebit
2629 4895 3010 4951 sanctificatio
3041 4912 3189 4953 mea.
3228 4919 3250 4945 ι

2644 5004 2777 5059 ΕΝΑ
2788 5002 3042 5060 RRATIO.

2094 5093 2377 5150 Fidelium
2402 5093 2572 5149 multi
2583 5093 2721 5149 tudo
2739 5097 3051 5165 postquam
3070 5092 3129 5147 in
3148 5094 3378 5146 tantum
3398 5107 3669 5147 conscen-

2023 5184 2128 5254 dit,
2164 5187 2227 5238 ut
2257 5182 2416 5237 nullo
2462 5183 2635 5237 modo
2686 5182 2988 5254 superbiat
3034 5178 3375 5248 virtutibus,
3425 5184 3549 5235 orat
3575 5180 3671 5235 hic

2025 5274 2202 5328 vitam
2234 5270 2612 5344 apostolicam
2655 5272 2881 5327 scilicet
2921 5275 2986 5325 ut
3025 5269 3179 5324 vivat
3217 5270 3274 5323 in
3313 5269 3587 5325 societate
3616 5273 3673 5325 et

2027 5361 2337 5417 concordia
2368 5362 2610 5415 fratrum
2646 5377 2760 5414 non
2797 5360 2908 5415 sub
2941 5376 3045 5414 suo
3070 5359 3225 5428 jure,
3260 5358 3359 5414 sed
3394 5357 3504 5413 sub
3534 5356 3673 5412 alte-

2026 5453 2147 5506 rius
2178 5454 2483 5521 potestate.
2513 5450 2599 5513 Et,
2632 5449 2772 5518 quia
2817 5447 2996 5502 nullis
3030 5447 3255 5503 meritis
3287 5446 3410 5502 suis
3441 5449 3671 5517 reputat

2025 5557 2086 5596 se
2117 5539 2258 5593 illud
2295 5554 2464 5608 posse
2494 5537 2792 5608 consequi,
2824 5536 2959 5592 licet
2989 5541 3218 5591 tantum
3244 5535 3667 5602 conscenderit,

2026 5633 2261 5703 propter
2304 5627 2505 5693 David,
2556 5627 2614 5682 id
2664 5632 2771 5697 est,
2824 5632 3061 5699 propter
3107 5624 3400 5681 Christum
3450 5629 3507 5681 et
3535 5625 3664 5696 ejus

229 4755 441 4811 neque
469 4740 604 4796 elati
630 4748 764 4795 sunt
799 4741 947 4796 oculi
972 4742 1103 4807 mei,
1147 4740 1207 4795 id
1259 4745 1367 4811 est,
1418 4739 1640 4797 nullam
1688 4741 1905 4796 extrin-

228 4845 441 4886 secus
492 4827 829 4900 superbiam
891 4828 1141 4899 ostendi,
1192 4845 1319 4901 quaa
1365 4828 1617 4884 maxime
1667 4829 1910 4885 nutibus

225 4923 311 4977 et
349 4916 603 4973 elatione
628 4916 931 4973 oculorum
964 4917 1441 4990 deprehenditur.
1484 4918 1668 4987 Neque
1715 4918 1910 4972 ambu-

227 5007 382 5066 lavi
408 5008 472 5063 in
528 5008 765 5079 magnis.
827 5007 954 5062 Non
1011 5010 1241 5062 tantum
1272 5023 1389 5063 non
1446 5005 1761 5078 superbivi,
1807 5006 1909 5062 sed

225 5098 444 5156 etiam
477 5096 537 5151 in
568 5096 663 5152 his
693 5096 753 5151 in
785 5095 1000 5167 quibus
1030 5095 1402 5151 solummodo
1449 5096 1611 5151 locus
1658 5095 1907 5167 videtur,

224 5185 488 5245 scilicet
508 5189 566 5241 in
596 5187 815 5257 magnis
834 5189 890 5240 et
907 5184 1281 5252 mirabilibus,
1315 5185 1415 5241 sed
1455 5202 1569 5241 non
1592 5186 1652 5240 in
1674 5202 1767 5240 me
1787 5185 1909 5258 glo-

212 5275 493 5345 riando,
518 5281 582 5330 ut
602 5289 1005 5331 conservarem
1027 5272 1419 5329 humilitatem
1444 5291 1657 5343 meam,
1675 5276 1785 5330 hoc
1800 5282 1909 5339 est,

213 5370 308 5425 in
342 5364 664 5419 virtutibus
686 5367 1023 5435 provectum
1047 5362 1250 5429 habui,
1276 5380 1402 5434 qua:
1442 5368 1609 5417 erant
1636 5369 1753 5418 tam
1785 5379 1910 5417 ma-

208 5470 392 5532 gna:
414 5457 478 5508 ut
496 5457 694 5508 essent
714 5452 890 5508 etiam
915 5450 1237 5518 mirabiles,
1271 5451 1370 5505 sed
1415 5467 1529 5505 non
1551 5450 1635 5506 ita
1657 5455 1721 5505 ut
1750 5452 1910 5523 ipsas

210 5546 517 5605 virtutes
547 5543 929 5607 attenderem,
962 5540 1207 5595 dicendo
1237 5540 1392 5611 apud
1438 5555 1569 5596 me:
1620 5546 1910 5611 quatenus

208 5651 317 5701 au
328 5646 425 5700 m,
439 5647 614 5703 quam
626 5629 918 5704 gloriosus
932 5647 1087 5701 sum,
1102 5628 1203 5685 sed
1218 5628 1405 5701 magis
1419 5627 1684 5685 dicebam
1702 5646 1714 5685 :
1731 5646 1912 5701 quan-
