4018 6200
363 390 479 450 787

928 389 1231 451 REMIGII
1275 387 2035 453 ANTISSIODOBENSIS
2080 392 2254 453 OPP.
2301 389 2500 453 PARS
2542 384 2594 452 l.
2625 425 2701 436 —
2739 390 3207 453 EXEGETICA.

3650 389 3778 454 788

367 522 762 580 obedientiam
795 528 920 580 orat
951 524 1179 579 Patrem
1212 540 1469 596 surgere,
1505 524 1561 579 id
1595 532 1702 596 est,
1738 524 1845 581 hoc
1873 524 2014 578 efﬂi-
2043 527 2098 591 Α
2132 526 2490 581 bernaculum
2521 527 2659 598 ejus,
2691 526 2747 580 id
2779 530 2886 591 est,
2913 526 2972 580 in
3018 523 3227 587 militia
3278 525 3407 597 ejus
3457 529 3526 578 ut
3557 527 3790 580 stemus

369 629 517 670 cere.
552 618 619 668 Et
649 613 742 668 hic
774 615 993 685 gradus
1024 615 1380 669 desiderium
1426 615 1658 669 dicitur.

443 703 719 769 Memento,
773 704 1015 771 Domine,
1070 704 1263 773 David,
1318 720 1349 757 o
1399 705 1623 758 Domine
1672 708 1859 765 Pater,
1907 720 2017 759 me-

373 802 550 848 mento
574 791 632 846 in
655 791 822 847 nobis
852 793 1041 857 David,
1068 792 1123 847 id
1152 796 1258 858 est,
1285 792 1497 847 Christi
1529 792 1775 847 viriliter
1796 793 2021 864 agentis

373 899 477 954 per
505 880 720 937 omnia.
750 883 810 936 Et
849 883 1026 936 omnis
1068 882 1501 936 mansuetudinis
1536 884 1671 953 ejus,
1701 883 1758 936 id
1782 890 1888 948 est,
1928 899 2025 955 pa-

374 971 589 1026 tientim
612 976 667 1026 et
688 970 1029 1025 obedientise
1050 972 1198 1042 ejus,
1214 973 1353 1025 sicut
1356 971 1573 1040 juravit
1592 974 2022 1031 Domino;man-

374 1060 680 1116 suetudinis
709 1062 847 1131 ejus,
878 1059 1026 1127 dico,
1059 1069 1353 1126 memento,
1386 1061 1464 1115 ita
1497 1078 1598 1132 per
1638 1062 1835 1115 omnia
1864 1062 2026 1116 exhi-

377 1150 513 1205 bitas
534 1150 688 1206 sicut
711 1150 835 1221 ipse
862 1148 1040 1203 Filius
1066 1150 1165 1204 Dei
1194 1150 1309 1204 Deo
1354 1150 1507 1207 Patri
1535 1152 1772 1221 juravit,
1822 1150 1879 1204 id
1914 1156 2023 1218 est,

370 1239 757 1310 jurejurando
790 1239 1173 1293 confirmavit.
1208 1239 1278 1293 Et
1316 1240 1468 1294 sicut
1514 1248 1699 1294 votum
1744 1241 1891 1295 vovit
1922 1242 2027 1295 Deo

378 1330 562 1394 Iacob,
595 1328 652 1382 id
685 1332 793 1394 est,
826 1327 1203 1395 luctantium,
1253 1328 1389 1399 quia
1440 1334 1497 1383 et
1544 1329 1668 1399 ipse
1699 1330 2026 1384 secundum

381 1416 705 1471 humanam
739 1421 1010 1472 naturam
1043 1416 1273 1470 luctans
1305 1422 1447 1473 erat.
1479 1418 1708 1484 Jurare,
1741 1424 1798 1473 et
1824 1423 2028 1474 votum

381 1521 605 1569 vovere,
642 1522 758 1560 non
788 1505 979 1560 verbis
1009 1505 1127 1573 hic,
1159 1507 1258 1561 sed
1292 1506 1391 1561 Dei
1444 1508 1615 1563 firma
1645 1508 2030 1579 dispositione

385 1594 686 1665 accipitur,
720 1594 938 1649 dictum
976 1611 1009 1650 υ.
1041 1594 1430 1651 similitudine
1468 1595 1774 1651 hominum
1808 1597 2029 1669 aliquid

380 1683 711 1754 jurantium
737 1687 793 1737 et
818 1683 1064 1738 ﬁrmiter
1084 1685 1438 1738 voventium.
1465 1685 1525 1739 Si
1545 1687 1835 1741 introiero.
1861 1686 1921 1739 Si
1940 1686 2030 1740 de-

387 1770 514 1827 dero
540 1788 790 1827 somnum
818 1773 988 1827 oculis
1018 1780 1069 1828 et
1102 1789 1343 1843 requiem
1391 1774 1720 1844 temporibus
1748 1777 1905 1830 meis.
1937 1776 2032 1830 Ju-

388 1862 562 1927 ravit,
584 1861 666 1915 ita
685 1860 884 1917 dicens
906 1879 919 1915 :
946 1860 1007 1916 Si
1034 1864 1302 1917 introiere
1326 1864 1385 1916 in
1409 1864 1824 1919 tabernaculum
1843 1866 2036 1920 domus

390 1965 552 2019 meae,
584 1949 642 2005 id
667 1954 775 2020 est,
801 1951 859 2005 in
881 1950 1299 2006 habitationem
1325 1952 1651 2007 mansionis
1698 1970 1857 2020 meai,
1883 1957 1947 2008 ut
1969 1969 2037 2007 ex

394 2039 774 2094 delectatione
806 2040 1032 2111 corpori
1066 2056 1193 2094 meo
1226 2039 1591 2111 acquiescam
1623 2041 1683 2095 in
1715 2041 1930 2113 aliquo.
1970 2043 2037 2096 Et

390 2130 441 2183 si
467 2128 758 2184 escendero
790 2130 847 2182 in
881 2130 1075 2183 lectum
1105 2131 1274 2184 strati
1300 2130 1426 2184 mei.
1476 2131 1544 2184 Et
1590 2132 1639 2185 si
1667 2130 1863 2185 dedero
1891 2147 2036 2186 som-

390 2235 527 2273 num
558 2219 734 2274 oculis
781 2219 940 2283 meis,
996 2219 1149 2289 quod
1200 2219 1397 2273 minus
1447 2224 1537 2275 est
1579 2236 1756 2291 quam
1788 2224 2038 2276 stratum

392 2309 729 2363 ascendere.
765 2308 829 2362 Et
870 2307 1155 2379 palpebris
1209 2310 1344 2365 meis
1374 2309 1834 2377 dormitationem,
1871 2314 1921 2365 et
1951 2326 2038 2365 re-

392 2400 575 2468 quiem
605 2398 942 2469 temporibus
969 2399 1141 2453 meis:
1175 2399 1329 2470 quod
1380 2399 1446 2453 ﬁt
1495 2401 1730 2471 quando
1778 2404 2043 2471 tempora

392 2490 713 2556 gravantur
744 2487 816 2539 ad
849 2502 1147 2542 somnum.
1185 2488 1302 2542 Hoc
1336 2487 1496 2543 nullo
1550 2489 1722 2543 modo
1770 2490 2041 2559 quievero

394 2577 495 2626 aut
525 2588 824 2626 cessavere
855 2572 1019 2627 donec
1052 2578 1334 2629 inveniam
1367 2577 1543 2630 locum
1572 2578 1818 2643 Domino,
1852 2577 1909 2631 id
1932 2582 2040 2645 est,

394 2658 542 2714 tales
572 2659 630 2713 in
660 2659 875 2730 quibus
908 2662 1192 2717 Dominus
1222 2663 1433 2718 habeat
1484 2666 1667 2718 locum
1715 2670 1772 2720 et
1800 2668 2044 2736 requiem

399 2763 590 2815 suam,
617 2752 675 2804 et
703 2748 871 2804 donec
899 2750 1181 2805 inveniam
1213 2740 1632 2807 tabernaculum
1663 2753 1719 2807 id
1758 2758 1865 2821 est,
1892 2752 2044 2808 mili-

401 2840 592 2894 tantes
623 2839 726 2894 Deo
757 2839 941 2916 Iacob,
976 2838 1033 2894 id
1063 2843 1171 2909 est,
1205 2839 1560 2896 luctatorum
1593 2842 1895 2910 subaudis,
1930 2860 2046 2898 non

405 2942 501 2983 ero
532 2926 859 2998 promissor
886 2944 1079 2993 verax,
1112 2928 1195 2983 vel
1246 2927 1462 3001 aliquid
1518 2930 1859 3001 hujusmodi
1892 2934 2045 3009 quod

404 3015 579 3087 digne
612 3015 798 3087 possit
829 3016 1165 3073 subaudire.

476 3104 638 3168 Quod
693 3104 857 3170 dicit,
901 3108 953 3161 si
1002 3108 1263 3164 introiero
1316 3109 1377 3163 in
1408 3111 1826 3166 tabernaculum
1854 3112 2050 3168 domus

408 3207 568 3264 meae,
603 3193 823 3249 dictum
849 3199 944 3273 est
973 3212 1007 3250 a
1035 3195 1422 3254 similitudine
1451 3197 1659 3254 militis
1691 3200 1941 3273 alicujus
1972 3200 2052 3255 ita

2132 612 2464 683 adorantes,
2497 614 2554 668 id
2588 618 2694 683 est;
2727 619 3068 669 venerantes
3099 630 3231 669 eum
3265 614 3483 678 inloco,
3511 612 3568 667 id
3589 619 3703 678 est,
3726 614 3783 668 in

2135 718 2200 756 eo
2232 706 2386 757 statu
2421 704 2518 757 ubi
2553 707 2814 758 steterunt
2852 703 3013 775 pedes
3059 706 3199 774 ejus,
3255 703 3312 757 id
3362 707 3473 769 est,
3508 702 3779 774 apostoli.

2133 791 2311 854 Quasi
2336 791 2511 859 dicat,
2539 790 2596 846 in
2627 791 3028 847 conformitate
3051 790 3785 863 apostolorum,utunani-

2134 894 2258 933 mes
2280 880 2469 935 simus
2486 881 2804 952 voluntate,
2827 881 2886 935 in
2907 898 3021 952 qua
3042 880 3152 952 ipsi
3174 880 3420 934 ﬁrmiter
3444 896 3785 951 persevera-

2135 973 2342 1023 verunt
2375 972 2511 1039 (Act.
2549 975 2631 1037 ιι).
2666 971 2735 1024 Et
2765 972 2835 1025 ad
2869 970 2977 1024 hoc
3026 970 3395 1040 ador-abimus,
3436 969 3495 1023 id
3540 973 3652 1035 est,
3686 985 3790 1040 per

2137 1059 2458 1114 orationem
2494 1077 2599 1115 nos
2630 1061 2687 1114 id
2723 1061 2975 1115 facturos
3002 1059 3424 1132 disposuimus.
3459 1059 3651 1129 Surge,
3689 1064 3790 1114 Do—

2134 1151 2302 1203 mine.
2328 1148 2443 1204 Nos
2466 1148 2836 1220 disponimus
2858 1148 3099 1203 introire
3122 1148 3179 1202 in
3204 1147 3588 1219 apostolicam
3610 1147 3789 1201 vitam

2136 1241 2193 1291 et
2224 1237 2484 1292 adorare.
2542 1238 2608 1291 Et
2662 1242 2726 1291 ut
2772 1237 3070 1308 possimus
3114 1235 3375 1306 introire,
3425 1241 3488 1289 tu
3530 1235 3788 1301 Domine,

2138 1342 2332 1395 surge,
2361 1326 2418 1381 id
2445 1332 2554 1396 est,
2580 1332 2785 1398 potens
2808 1342 3022 1397 appare
3042 1326 3233 1380 eundo
3255 1326 3317 1379 in
3344 1325 3591 1396 requiem
3618 1332 3792 1391 tuam,

2139 1414 2403 1469 faciendo
2439 1432 2544 1470 nos
2576 1414 2743 1482 tales,
2773 1414 2830 1468 in
2858 1414 3074 1485 quibus
3098 1415 3432 1486 requiescas
3452 1420 3505 1468 et
3536 1413 3791 1468 delecta-

2140 1503 2316 1558 beris.
2342 1505 2412 1559 Et
2433 1508 2575 1559 tunc
2595 1508 2650 1559 te
2673 1509 2970 1576 surgente,
2996 1508 3200 1575 surgat
3227 1508 3281 1557 et
3309 1519 3438 1557 arca
3466 1502 3791 1570 sanctiﬁca-

2142 1592 2307 1647 tionis
2325 1595 2457 1662 tuw,
2484 1593 2542 1647 id
2564 1598 2674 1660 est,
2698 1610 2803 1648 nos
2825 1592 2945 1664 qui,
2971 1591 3314 1647 sanetiﬁcati
3338 1599 3391 1647 et
3413 1590 3706 1662 puriﬁcati
3732 1591 3791 1644 in

2142 1681 2493 1752 baptismate
2522 1698 2731 1737 sumus
2763 1698 2894 1737 arca
2922 1686 3043 1750 tua,
3086 1685 3387 1753 portantes
3421 1681 3483 1735 in
3506 1679 3673 1734 nobis
3702 1684 3791 1734 ta-

2142 1770 2460 1826 bernacula
2486 1775 2995 1839 testamentorum,
3024 1771 3081 1825 id
3115 1774 3221 1841 est,
3257 1775 3548 1842 praecepta
3569 1769 3792 1824 Veteris

2145 1864 2201 1914 et
2220 1860 2360 1915 Novi
2383 1861 2761 1927 Testamenti,
2786 1864 2842 1916 et
2863 1878 3098 1928 manna,
3142 1860 3201 1914 id
3233 1863 3341 1928 est,
3384 1858 3687 1914 Christum
3712 1858 3792 1912 ci-

2146 1949 2287 2004 bum
2310 1950 2651 2022 angelorum
2675 1958 2730 2006 et
2751 1965 2961 2023 panem
2983 1949 3111 2004 vitae
3132 1953 3189 2004 et
3209 1946 3570 2011 intellectus,
3599 1954 3656 2003 et
3677 1946 3788 2002 vir-

2147 2053 2280 2109 gam
2303 2041 2513 2108 Aaron,
2532 2039 2589 2094 id
2609 2045 2715 2111 est,
2731 2039 3214 2112 gubernationem
3229 2042 3491 2093 nostram
3505 2037 3797 2109 ipsorum,

2147 2127 2205 2182 in
2231 2144 2345 2198 qua
2367 2128 2743 2205 dominamur
2775 2127 2994 2183 illicitis
3033 2127 3309 2183 motibus.
3352 2125 3673 2181 Sacerdotes
3696 2127 3798 2179 tui.

2150 2216 2321 2271 Modo
2341 2218 2577 2288 exponit
2599 2218 2891 2288 quomodo
2914 2220 3079 2271 orent
3116 2221 3180 2270 ut
3214 2218 3484 2287 surgant,
3507 2230 3653 2270 arca
3681 2231 3802 2268 san.

2149 2306 2519 2376 ctiﬁcationis,
2556 2307 2639 2360 sic
2672 2305 2909 2374 scilicet,
2953 2305 3223 2373 Domine,
3271 2309 3337 2358 ut
3380 2303 3701 2359 sacerdotes
3728 2305 3805 2358 tui

2151 2395 2455 2451 induantur
2472 2397 2773 2467 justitiam,
2796 2395 2853 2450 id
2882 2400 2993 2462 est,
3012 2411 3118 2449 nos
3146 2393 3243 2465 qui
3266 2409 3477 2448 sumus
3497 2393 3699 2464 regale
3724 2408 3802 2447 sa-

2151 2485 2451 2540 cerdotium
2482 2485 2530 2556 (I
2560 2490 2703 2540 Pctr.
2738 2488 2822 2554 ιι),
2852 2501 2960 2539 nos
2984 2484 3146 2556 ipsos
3168 2481 3548 2538 immolantes
3571 2483 3631 2536 in
3657 2482 3805 2537 bona

2154 2573 2341 2629 simus
2365 2574 2718 2646 operatione.
2743 2575 2809 2629 Et
2836 2576 3016 2629 sancti
3042 2575 3126 2629 tui
3153 2571 3448 2639 exsultent,
3482 2571 3540 2626 id
3567 2580 3675 2636 est,
3700 2587 3801 2625 nos

2154 2662 2264 2733 ipsi
2285 2679 2387 2734 per
2402 2669 2457 2718 te
2471 2663 2837 2734 sanctificati,
2865 2662 3186 2719 secundum
3205 2663 3521 2734 puritatem
3535 2661 3806 2715 innocen-

2155 2750 2246 2805 tia:
2274 2752 2461 2806 simus
2482 2751 2860 2807 exsultantes.
2885 2754 3117 2823 Propter
3150 2750 3339 2805 David.
3365 2750 3432 2804 Et
3451 2750 3565 2804 hoc
3584 2749 3803 2805 nostris

2157 2841 2382 2895 meritis
2404 2857 2516 2895 non
2541 2858 2798 2909 oramus,
2833 2841 2924 2896 sed
2954 2839 3149 2913 potius
3175 2843 3396 2911 propter
3426 2839 3603 2894 David
3631 2854 3803 2909 quem

2158 2928 2429 2997 dilexisti,
2463 2930 2563 3001 qui
2595 2934 2684 2985 est
2713 2944 2913 2985 servus
2956 2934 3115 3000 tuus,
3166 2928 3269 2983 tibi
3313 2943 3417 3000 per
3447 2926 3649 2983 omnia
3672 2928 3807 2982 obe-

2157 3018 2326 3073 diens
2349 3034 2363 3073 :
2388 3023 2521 3090 post
2540 3019 2753 3074 bonam
2776 3018 3172 3091 operationem
3199 3021 3258 3073 et
3279 3016 3674 3072 innocentiam
3700 3032 3808 3071 non

2158 3112 2372 3163 avertas
2400 3110 2601 3179 faciem
2629 3108 2826 3165 christi
2872 3109 2977 3174 tui,
3020 3108 3080 3162 id
3132 3110 3241 3173 est,
3294 3104 3729 3178 speciositatem
3759 3111 3817 3160 et

2163 3196 2679 3268 pulchritudinem,
2704 3197 2761 3252 id
2786 3201 2893 3269 est,
2921 3194 3389 3252 conformitatem
3411 3195 3534 3266 ejus
3557 3210 3593 3247 ε
3611 3194 3811 3250 nobis.

407 3281 598 3337 devoti
628 3299 767 3355 erga
798 3271 1103 3339 deminum
1136 3302 1311 3341 suum
1362 3292 1427 3342 ut
1473 3305 1779 3359 nunquam
1810 3269 2050 3346 domum
2082 3269 2124 3335 Ο
2165 3287 2233 3343 Et
2255 3287 2363 3342 hoc
2382 3287 2853 3358 propteripsum,
2896 3286 3049 3341 sicut
3071 3285 3344 3357 superius
3368 3283 3534 3350 dixit,
3560 3283 3819 3339 Memento

407 3386 577 3427 suam
611 3371 830 3427 intrare
858 3371 1014 3441 velit,
1050 3374 1234 3429 donec
1264 3391 1367 3447 per
1386 3374 1840 3433 destructionem
1867 3379 2060 3434 inimi-

408 3475 608 3515 corum
642 3460 714 3516 ad
745 3460 1104 3517 voluntatem
1138 3463 1360 3518 domini
1393 3465 1485 3519 sui
1518 3465 1746 3520 militet.
1772 3467 1930 3529 Quod
1956 3484 2057 3522 au-

409 3552 528 3603 tem
561 3549 722 3613 dicit,
757 3550 817 3604 in
850 3551 1053 3605 lectum
1082 3554 1263 3617 strati,
1317 3553 1517 3607 lectum
1558 3552 1654 3609 hic
1698 3555 1839 3609 dicit
1870 3556 2059 3627 ipsam

408 3636 695 3709 lecticam,
724 3642 974 3695 stratum
1001 3656 1157 3709 vero,
1185 3642 1338 3712 quod
1363 3643 1615 3714 desuper
1631 3645 1886 3715 ponitur,
1909 3644 2063 3700 sicut

410 3726 673 3794 culcitra,
721 3727 1010 3799 pulvinar,
1052 3735 1107 3784 et
1147 3734 1374 3785 caatera.
1419 3732 1553 3786 Ecce
1583 3732 1892 3788 audivimus
1918 3750 2058 3789 eam.

412 3815 530 3873 Hoc
560 3816 783 3871 dictum
842 3821 951 3888 est,
1012 3819 1222 3888 iuravit
1274 3818 1464 3888 David,
1523 3818 1579 3873 id
1639 3825 1747 3888 est,
1782 3821 2064 3877 Dominus

410 3904 605 3972 Jesus,
630 3909 688 3959 et
709 3904 862 3960 sicut
878 3906 1173 3978 promisit,
1193 3924 1323 3963 ecce
1341 3908 1701 3980 completum
1722 3909 1988 3966 videmus
2004 3911 2063 3965 in

414 3992 687 4063 praesenti
720 3998 777 4047 et
824 3994 884 4049 in
935 3996 1271 4065 manifesto,
1323 3998 1458 4069 quia
1488 3999 1807 4053 audivimus
1833 4016 1972 4065 eam,
2005 3999 2062 4055 id

418 4081 753 4146 est,sedem
777 4081 866 4136 ve‘.
886 4083 1228 4155 Ecclesium,
1255 4104 1430 4158 quam
1462 4089 1626 4160 prius
1668 4088 1948 4160 praedixit,
1982 4087 2066 4145 lo-

419 4184 553 4224 cum
579 4171 637 4225 in
661 4168 930 4241 Ephrata,
953 4170 1013 4225 id
1035 4177 1145 4236 est,
1169 4173 1228 4227 in
1249 4175 1492 4230 Judaico
1531 4176 1744 4249 populo
1773 4194 1947 4249 quem
1972 4178 2068 4233 hic

418 4256 825 4331 intelligimus,
860 4261 987 4314 tum
1020 4277 1123 4331 per
1153 4260 1343 4317 locum
1378 4264 1475 4333 qui
1508 4269 1595 4320 est
1627 4265 1684 4319 in
1707 4266 1927 4335 Judaia,
1954 4267 2068 4323 alio

417 4347 656 4404 nomine
679 4348 902 4403 dictum
928 4347 1246 4417 Bethleem,
1271 4355 1394 4405 tum
1430 4357 1666 4424 propter
1703 4356 1958 4412 nominis
1978 4356 2067 4412 in~

356 4452 367 4457 ‘
416 4436 917 4510 terpretationem.
950 4436 1207 4510 Ephrata
1236 4439 1393 4495 enim
1434 4439 1852 4514 interpretatur
1879 4461 2069 4516 specu-

418 4526 556 4581 lum.
587 4527 747 4592 Quod
772 4526 919 4581 bene
940 4527 1160 4583 Judaiis
1181 4530 1445 4585 convenit
1468 4531 1564 4600 qui
1610 4534 1717 4587 sub
1755 4533 1965 4588 umbra
1984 4534 2069 4589 le-

2168 3376 2611 3432 mansuetudinis
2638 3378 2755 3449 ejus
2776 3377 2995 3448 juravit
3023 3376 3287 3431 Dominus
3317 3374 3494 3427 David
3513 3376 3817 3429 veritatem.

2170 3466 2345 3531 Quasi
2370 3465 2582 3537 aliquis
2605 3465 2847 3520 diceret:
2865 3467 2987 3530 Qua
3006 3462 3221 3518 fiducia
3242 3462 3423 3517 audes
3446 3463 3818 3518 conformita-

2174 3559 2287 3610 tem
2314 3554 2525 3609 Christi
2551 3571 2717 3609 orare
2737 3555 2765 3608 ?
2789 3555 2867 3607 Ea
2890 3552 3134 3617 scilicet,
3161 3552 3298 3623 quia
3348 3550 3637 3606 Dominus
3662 3552 3817 3606 Pater

2165 3643 2406 3715 juravit,
2428 3643 2486 3697 id
2510 3646 2620 3708 est,
2645 3643 2891 3697 firmiter
2910 3641 3201 3714 disposuit
3221 3640 3309 3695 vel
3329 3640 3601 3712 promisit
3619 3640 3811 3708 David,

2172 3731 2230 3785 id
2254 3735 2363 3799 est,
2390 3731 2633 3786 Domino
2656 3731 2796 3787 Jesu
2819 3730 3049 3787 Christo
3076 3729 3192 3785 tilio
3217 3729 3369 3801 ejus,
3408 3729 3720 3791 veritatem,
3750 3727 3804 3779 id

2175 3825 2281 3887 est,
2317 3820 2441 3891 ipse
2472 3819 2667 3891 ipsum
2699 3821 2800 3892 qui
2827 3825 2915 3876 est
2943 3818 3191 3875 Veritas.
3234 3820 3303 3873 Et
3330 3834 3427 3874 non
3457 3815 3802 3887 frustrabitur

2176 3925 2317 3979 eam,
2352 3909 2408 3963 id
2443 3913 2551 3979 est,
2579 3926 2695 3964 non
2728 3910 2979 3981 decipiet
3004 3925 3136 3964 eum
3168 3908 3227 3962 in
3261 3906 3371 3963 hac
3394 3904 3806 3979 promissione:

2176 3998 2247 4052 Et
2271 3997 2410 4068 quid
2436 3997 2705 4068 juravit‘?
2736 4000 2809 4054 De
2836 3997 3025 4072 fructu
3070 3998 3277 4052 ventris
3321 3997 3407 4051 tui
3431 4009 3634 4067 ponam
3660 4008 3817 4064 super

2176 4086 2353 4143 sedem
2388 4096 2560 4155 tuam,
2586 4088 2639 4141 id
2666 4088 3111 4158 est,-quosdam,
3135 4102 3204 4141 ex
3224 4085 3318 4141 his
3344 4101 3494 4156 quos
3522 4080 3823 4156 generabis

2178 4176 2239 4231 in
2264 4178 2397 4245 ﬁde,
2424 4177 2634 4232 faciam
2657 4177 2859 4231 eadem
2899 4175 3259 4232 beatitudine
3289 4171 3760 4229 immortalitatis
3778 4176 3829 4225 et

2179 4265 2692 4336 impassibibitatis
2717 4266 2773 4320 in
2797 4281 2974 4338 regno
2997 4269 3095 4320 tuo
3111 4268 3305 4319 tecum
3323 4262 3572 4335 perfrui.
3594 4262 3715 4317 Hoc
3734 4260 3831 4315 Da-

2176 4354 2271 4410 vid
2290 4354 2647 4427 promissum
2667 4359 2755 4410 est
2771 4356 2840 4410 de
2857 4354 3085 4410 Christo
3103 4353 3429 4408 secundum
3446 4368 3714 4418 carnem,
3730 4349 3832 4404 hoc

2180 4443 2405 4499 Christo
2441 4444 2511 4499 de
2535 4443 2804 4498 ﬁdelibus
2826 4444 3150 4498 secundum
3175 4441 3469 4513 spiritum.
3496 4441 3563 4496 Si
3577 4439 3834 4496 custodie-

2179 4534 2298 4587 rint
2327 4533 2455 4603 ﬁlii.
2489 4534 2653 4587 Tunc
2684 4532 2909 4589 scilicet
2940 4531 3045 4586 lilii
3072 4533 3155 4587 tui
3181 4531 3442 4587 sedebant
3468 4546 3646 4601 super
3662 4530 3834 4585 sedem

419 4615 509 4686 gis
532 4616 700 4686 quasi
725 4632 827 4687 per
848 4616 1151 4689 speculum
1177 4618 1236 4672 in
1259 4617 1565 4690 aenigmate
1588 4621 2068 4693 contemplaban-
2102 4638 2147 4703 Β
2179 4625 2356 4688 tuam,
2388 4622 2437 4676 si
2464 4620 2821 4676 custodierint
2849 4624 3231 4676 testamentum
3261 4635 3461 4689 meum,
3498 4619 3558 4672 id
3592 4623 3707 4683 est,
3740 4634 3833 4689 pa-

420 4708 516 4757 tur
538 4720 663 4774 quae
688 4721 845 4760 nunc
872 4705 1014 4761 facio
1038 4707 1107 4761 ad
1132 4707 1337 4763 faciem
1378 4709 1653 4763 videntur
1684 4711 1732 4780 (Ι
1761 4711 1883 4766 Cor.
1916 4714 2066 4782 χιιι).

423 4791 490 4846 Et
513 4792 667 4862 quod
692 4793 925 4861 dicitur,
950 4796 1275 4852 audivimus
1296 4814 1413 4852 eam
1436 4799 1494 4851 in.
1519 4798 1786 4868 [ip/irata,
1816 4799 1899 4854 illi
1921 4802 2073 4872 parti

422 4880 764 4935 attribuitur
794 4899 921 4953 quae
952 4882 1047 4939 hic
1079 4901 1147 4940 ex
1176 4885 1453 4957 gentibus
1486 4885 1761 4957 loquitur.
1813 4890 1883 4944 Et
1912 4891 2068 4962 quod

424 4971 711 5042 sequitur,
745 4973 1061 5029 invenimus
1100 4991 1226 5029 eum
1272 4977 1333 5030 in
1378 4977 1585 5047 campis
1632 4976 1818 5043 Silvae,
1850 4979 2071 5036 Judaeis

425 5059 762 5116 ascribitur.
799 5065 881 5115 Ac
904 5061 954 5116 si
978 5061 1379 5118 dicantJudmi
1407 5083 1419 5120 :
1453 5066 1557 5120 Nos
1588 5067 1898 5123 invenimus
1927 5085 2068 5139 eam,

425 5148 481 5202 id
507 5153 615 5217 est,
650 5149 964 5205 Ecelesiam
996 5151 1172 5207 etiam
1205 5155 1263 5207 in
1301 5158 1512 5226 campis
1560 5155 1746 5223 Silvae,
1780 5157 1837 5212 id
1870 5162 1975 5222 est,
2010 5159 2068 5212 in

426 5236 517 5295 his
542 5239 642 5309 qui
665 5238 815 5294 silva
834 5239 1091 5313 fuerunt,
1116 5242 1215 5297 sed
1244 5243 1370 5312 jam
1412 5243 1546 5297 facti
1589 5250 1729 5299 sunt
1767 5248 1977 5318 campi,
2012 5247 2070 5301 id

426 5331 533 5394 est,
566 5328 871 5383 fructiferi.
903 5329 1057 5398 Eam,
1093 5347 1206 5386 non
1240 5337 1329 5387 est
1357 5332 1663 5388 relativum
1715 5335 1784 5388 ad
1812 5336 2070 5406 aliquam

429 5432 620 5471 vocem
647 5434 775 5487 quae
793 5417 852 5472 in
872 5418 1020 5475 libro
1034 5420 1119 5475 sit
1136 5421 1345 5492 posita,
1365 5424 1464 5477 sed
1489 5423 1558 5477 ad
1580 5423 2069 5495 signiﬁcationem

425 5503 557 5569 loci,
580 5507 933 5561 introibimus
965 5510 1023 5563 in
1046 5511 1478 5566 tabernaculum.
1504 5512 1671 5566 Modo
1694 5518 1991 5584 exponunt
2012 5514 2070 5567 in

427 5608 545 5661 qua
574 5610 633 5647 re
664 5600 850 5661 orent,
885 5601 951 5651 ut
996 5600 1330 5653 meminerit
1380 5601 1553 5655 David
1605 5602 1662 5655 in
1714 5602 1818 5670 eis,
1851 5602 2072 5657 scilicet

428 5678 563 5745 quia
583 5682 957 5750 introibimus,
987 5686 1045 5740 id
1070 5692 1176 5754 est,
1219 5687 1459 5743 introire
1480 5688 1884 5758 disposuimus
1906 5692 1967 5745 in
1996 5699 2071 5746 ta-

2181 4716 2339 4766 ctum
2366 4711 2426 4764 in
2448 4710 2742 4781 baptismo
2765 4710 2909 4765 mihi
2932 4709 3314 4782 promissum,
3333 4715 3384 4763 et
3402 4707 3752 4771 testimonia,
3779 4705 3833 4759 id

2181 4803 2271 4855 est
2302 4803 2583 4870 praecepta
2618 4815 2761 4867 mea,
2813 4799 2931 4854 haec
2974 4796 3194 4853 scilicet
3239 4811 3359 4867 qua:
3405 4795 3609 4851 docebo
3641 4812 3750 4863 eos,
3778 4794 3832 4847 id

2182 4893 2291 4956 est,
2319 4904 2445 4960 quae
2469 4903 2573 4957 ego
2598 4886 2904 4959 injungam
2939 4887 3042 4941 eis.
3077 4887 3146 4941 Et
3176 4902 3291 4940 non
3322 4890 3563 4940 tantum
3595 4885 3711 4955 ﬁlii
3737 4884 3831 4941 tui.

2181 4978 2238 5033 id
2272 4982 2378 5045 est,
2416 4975 2663 5048 apostoli
2689 4980 2745 5031 et
2779 4976 2970 5031 caeteri
3021 4974 3324 5047 primitivi,
3376 4974 3479 5030 sed
3522 4973 3706 5029 etiam
3735 4972 3835 5043 ﬁlii

2181 5084 2389 5133 eorum,
2414 5060 2482 5121 id
2509 5070 2614 5121 est:
2640 5065 2965 5120 imitatores
2991 5079 3192 5119 eorum
3216 5063 3481 5119 sedebant
3507 5080 3681 5135 super
3694 5079 3832 5117 eam.

2180 5156 2301 5210 dem
2331 5156 2508 5211 sedem
2537 5170 2706 5228 usque
2752 5157 2813 5209 in
2859 5154 3142 5220 arculum,
3193 5152 3252 5207 id
3303 5157 3413 5218 est,
3463 5151 3829 5208 seternaliter.

2186 5243 2378 5299 Aliter.
2413 5244 2705 5308 Quosdam
2739 5260 2807 5297 ex
2849 5241 3203 5313 regeneratis
3249 5241 3349 5314 qui
3408 5246 3585 5297 erunt
3611 5239 3733 5313 ﬁlii
3754 5238 3831 5293 tui

2180 5334 2392 5390 faciam
2425 5349 2611 5406 reges,
2646 5332 2702 5386 id
2736 5337 2844 5397 est,
2878 5331 3103 5404 seipsos
3128 5335 3183 5385 et
3208 5329 3353 5385 alios
3377 5334 3672 5403 regentes.
3697 5326 3828 5383 Etsi

2182 5422 2674 5495 perseveraverint
2720 5421 2779 5476 in
2829 5420 3131 5492 praeceptis
3182 5418 3328 5476 meis
3378 5420 3653 5492 ﬁliosque
3694 5430 3825 5472 suos

2181 5528 2547 5583 perseverare
2580 5510 2838 5575 fecerint,
2872 5509 2984 5580 ipsi
3018 5513 3073 5563 et
3103 5509 3206 5563 tilii
3240 5525 3443 5563 eorum
3470 5509 3565 5563 hic
3600 5510 3816 5563 etaeter»

2179 5601 2393 5656 naliter
2420 5601 2674 5657 sedebant
2703 5616 2869 5671 super
2899 5598 3077 5653 sedem
3107 5606 3279 5666 tuam,
3310 5598 3408 5653 hic
3453 5613 3515 5653 se
3548 5597 3699 5671 ipsos
3727 5606 3821 5647 re-

2180 5695 2405 5762 gentes,
2436 5691 2495 5745 in
2525 5691 2722 5747 futuro
2755 5691 3197 5761 conregnantes.
3232 5688 3505 5756 Quoniam
3531 5686 3694 5759 elegit
3724 5682 3831 5738 Do-
