4018 6200
252 364 369 427 ’197

1382 372 1991 435 ENABBATIONES
2036 373 2113 434 IN
2145 374 2542 469 .PSALMOS.

3559 372 3678 438 798

254 499 314 555 id
338 501 647 568 est,adhuc
664 502 861 561 minus
885 504 1219 573 scientes,et
1234 512 1425 563 tamen
1449 525 1680 565 omnem
1699 525 1913 580 magna
1942 508 1995 574 Α
2023 511 2204 563 nostri
2248 512 2303 563 in
2359 511 2672 567 humilitate
2712 513 2921 578 nostra,
2955 506 3133 565 nullis
3182 504 3404 562 meritis
3457 506 3643 563 nostri

255 589 573 648 luminaria
606 594 949 651 existentes:
973 601 1036 651 ut
1066 599 1127 651 in
1156 602 1473 669 potestatem
1504 601 1694 663 noctis,
1718 602 1913 653 essent

254 685 522 750 potentes
552 681 880 739 historialis
903 685 1160 741 scientia:
1191 691 1246 741 et
1276 687 1509 742 illarum
1539 705 1756 753 rerum,
1783 704 1909 758 quae

258 768 553 840 pertinent
578 772 648 825 ad
682 772 856 827 finem
894 792 906 829 :
942 792 1067 845 qua:
1094 776 1339 831 scientia
1362 794 1471 830 nox
1494 777 1728 843 dicitur,
1753 794 1909 831 com-

259 864 464 930 parata
513 861 582 915 ad
653 863 1051 933 perfectiorem
1102 864 1432 920 scientiam.
1491 868 1596 933 Qui
1642 868 1913 937 percussit

257 949 573 1018 Egyptum.
606 950 673 1004 Et
697 968 798 1023 per
818 951 1000 1007 solem
1032 958 1087 1007 et
1111 952 1311 1008 lunam
1337 955 1621 1009 destruxit
1644 956 1913 1009 tenebras

258 1036 603 1109 ignorantiae
648 1046 704 1094 et
751 1041 1003 1111 perfidia:
1054 1042 1109 1096 in
1144 1043 1237 1098 his
1282 1044 1574 1115 quierant
1623 1045 1912 1099 mundum

261 1131 530 1182 amantes
566 1146 578 1182 :
610 1129 696 1184 vel
730 1130 981 1185 actualia
1005 1138 1260 1202 peccata,
1282 1150 1409 1204 quae
1434 1133 1702 1205 affligunt
1722 1133 1912 1188 homi-

258 1231 363 1271 nes
392 1215 452 1271 in
486 1218 866 1285 conscientia,
897 1237 1020 1275 cum
1053 1224 1432 1293 primogenitis
1473 1239 1680 1290 eorum,
1713 1222 1769 1277 id
1802 1228 1910 1289 est,

260 1316 395 1360 eum
423 1306 810 1378 originalibns
843 1309 1115 1380 peccatis.
1142 1313 1248 1380 Qui
1268 1313 1457 1368 eduxit
1478 1314 1669 1368 Israel.
1700 1312 1913 1368 Deletis

263 1394 536 1465 peccatis,
572 1395 770 1451 fideles
803 1398 1000 1452 eduxit
1032 1399 1102 1455 de
1133 1401 1320 1456 medio
1358 1402 1623 1473 ipsorum
1652 1407 1913 1473 peccato-

258 1498 390 1537 rum
420 1484 507 1538 vel
538 1485 607 1539 de
633 1502 829 1541 massa
860 1488 1218 1559 perditorum
1256 1508 1268 1544 :
1305 1492 1402 1545 ubi
1433 1492 1609 1546 datur
1639 1490 1913 1564 intelligi.

259 1573 413 1643 quod
446 1572 523 1627 ibi
558 1576 847 1645 quosdam
880 1577 1307 1650 dereliquisset.
1342 1580 1467 1635 Non
1498 1581 1652 1635 enim
1687 1598 1912 1649 omnes,

259 1662 359 1716 sed
392 1664 681 1733 quosdam
704 1667 1030 1738 assumpsit
1052 1669 1110 1722 in
1141 1685 1316 1723 manu
1338 1672 1562 1740 potenti.
1588 1671 1798 1726 Eduxit
1818 1687 1915 1725 eos

260 1751 318 1804 in
343 1767 518 1805 manu
563 1754 796 1822 patenti,
845 1754 901 1809 id
935 1759 1044 1821 est,
1076 1756 1135 1811 in
1167 1759 1575 1830 cooperatione
1621 1758 1832 1828 valida,
1866 1751 1920 1815 et

265 1840 485 1895 brachio
512 1843 741 1907 excelso,
773 1842 830 1897 id
862 1850 970 1908 est,
994 1845 1053 1899 in
1088 1846 1424 1902 fortitudine
1456 1849 1914 1919 superemincnti
1950 1883 1996 1947 Β

262 1945 467 1984 omnes
521 1929 685 1986 alios.
724 1933 832 1999 Qui
858 1934 1050 1988 divisit
1078 1951 1234 1989 mare
1284 1936 1548 1991 Rubrum.
1581 1937 1661 1991 Nc
1711 1953 1916 1992 omnes

262 2016 346 2071 illi
369 2018 470 2089 qui
501 2019 768 2075 exierunt
786 2022 1117 2094 .Egyptum,
1143 2029 1199 2079 et
1221 2025 1280 2079 in
1305 2026 1518 2097 quibus
1537 2031 1676 2081 sunt
1698 2027 1912 2098 primo-

264 2108 461 2178 genita
492 2108 810 2177 destructa,
845 2112 985 2165 certi
1018 2113 1134 2167 sint
1163 2114 1235 2167 de
1264 2114 1452 2169 salute
1482 2116 1704 2186 absque
1736 2115 1916 2171 bono-

267 2211 398 2248 rum
431 2211 669 2266 operum
694 2199 1083 2271 exsecutione,
1116 2202 1349 2273 exponit
1371 2205 1663 2274 quomodo
1685 2221 1919 2276 percus-

266 2282 344 2335 sit
372 2284 703 2356 Egyptum,
738 2286 820 2342 ila
851 2288 1091 2361 scilicet,
1116 2290 1253 2361 quia
1273 2291 1475 2346 divisit
1497 2310 1655 2347 mare
1684 2296 1745 2348 in
1775 2295 1917 2349 divi-

263 2371 464 2437 siones,
496 2373 553 2427 id
587 2379 695 2442 est,
722 2371 1153 2434 sacramentum
1176 2380 1550 2451 baptismatis
1572 2381 1702 2438 aliis
1732 2384 1801 2437 ad
1822 2401 1919 2439 sa-

264 2456 471 2525 lutem,
506 2460 638 2516 aliis
670 2465 959 2519 concessit
990 2467 1060 2521 ad
1094 2468 1553 2524 damnationem.
1587 2470 1646 2525 Si
1680 2471 1923 2527 dixisset

266 2547 658 2619 solummodo,
692 2551 901 2619 divisit,
939 2559 1164 2611 tantum
1198 2556 1256 2611 in
1300 2559 1445 2614 duas
1478 2567 1667 2630 partes
1697 2561 1919 2634 accipe-

266 2651 490 2691 remus.
514 2639 617 2693 Sed
653 2656 786 2694 cum
821 2642 984 2712 dixit,
1010 2645 1205 2700 Divisit
1231 2663 1385 2701 mare
1414 2650 1660 2703 Rubrum
1690 2652 1745 2703 in
1777 2650 1921 2705 divi-

260 2727 470 2790 siones,
516 2727 906 2800 intelligimus
937 2732 1296 2803 multiplices
1343 2735 1658 2791 divisiones
1692 2740 1870 2792 t'actas
1904 2755 1916 2794 :

260 2813 408 2884 quia
437 2815 581 2887 ipsis
607 2817 781 2875 etiam
811 2820 1163 2875 damnandis
1180 2823 1473 2893 baptisma
1504 2824 1707 2879 multis
1732 2827 1920 2881 modis

259 2908 357 2958 est
389 2904 447 2958 in
503 2905 961 2979 damnationem,
994 2909 1126 2966 aliis
1165 2927 1267 2982 per
1312 2911 1600 2979 haeresim,
1634 2914 1765 2968 aliis
1820 2933 1923 2987 per

260 2992 646 3061 adulterium,
679 2995 808 3053 aliis
840 3015 942 3069 per
969 2998 1370 3055 homicidium.
1420 3002 1484 3056 Et
1514 3004 1714 3058 eodem
1750 3006 1921 3059 modo

259 3080 332 3136 in
356 3083 622 3154 opposito
649 3086 972 3156 poterimus
993 3088 1188 3145 videre
1207 3089 1263 3145 in
1290 3091 1604 3148 salvandis.
1638 3096 1703 3147 Et
1733 3095 1923 3148 eduxit

265 3173 472 3228 Israel.
509 3172 643 3229 Illos
671 3175 771 3245 qui
801 3176 1037 3233 fuerunt
1076 3179 1253 3234 Israel
1289 3180 1570 3245 innovati,
1600 3182 1800 3237 eduxit
1825 3200 1925 3254 per

2021 599 2502 669 prmcedentibus,
2539 601 2638 655 sed
2675 600 2728 654 in
2764 597 3098 653 humilitate
3138 602 3194 652 et
3224 596 3541 665 deiectione
3571 613 3673 651 no-

2021 691 2141 741 stra
2172 687 2449 742 misertus
2498 693 2585 743 est
2618 688 2821 744 nostri.
2856 689 2919 743 Et
2952 688 3180 741 redemit
3208 702 3326 751 nos,
3358 684 3418 740 id
3448 689 3555 755 est,
3590 685 3674 740 ita

2021 792 2244 830 memor
2292 777 2401 830 fuit
2448 777 2653 840 nostri,
2688 783 2752 832 ut
2801 777 3107 832 redimeret
3157 793 3262 831 nos
3312 776 3378 830 ab
3428 775 3672 829 inimicis

2019 866 2239 932 nostris,
2280 882 2313 920 a
2359 866 2576 935 quibus
2608 866 2760 937 capti
2813 867 3173 921 tenebamur.
3224 866 3330 933 Qui
3370 864 3461 919 dat
3490 881 3671 919 escam

2021 956 2172 1009 omni
2190 957 2371 1011 carni.
2388 955 2520 1010 Ideo
2543 956 2718 1010 etiam
2744 954 3104 1010 confitemini
3126 954 3231 1026 illi,
3248 954 3386 1026 quia
3404 954 3667 1025 prmtium

2020 1044 2166 1098 illud
2199 1045 2349 1112 quod
2384 1046 2542 1099 dedit
2596 1061 2698 1115 pro
2744 1046 3145 1116 redemptione
3195 1050 3418 1109 nostra,
3452 1042 3673 1099 scilicet

2023 1149 2234 1205 corpus
2256 1134 2559 1204 suum,dat
2579 1134 2853 1188 omnibus
2877 1133 3285 1204 redemptis,ut
3305 1138 3669 1188 sacramento

2023 1222 2282 1293 corporis
2331 1222 2421 1278 sui
2475 1223 2829 1277 reficiantur.
2880 1222 3226 1292 Conﬁtcmini
3263 1227 3368 1277 Deo
3416 1222 3556 1289 carli,
3610 1224 3674 1275 ut

2016 1313 2151 1382 jure
2195 1312 2420 1367 debetis
2452 1311 2713 1367 confiteri
2748 1328 2761 1365 ε
2796 1310 2934 1381 quia
2964 1310 3117 1366 Deus
3167 1316 3257 1365 est
3287 1328 3399 1365 non
3441 1314 3668 1365 tantum

2023 1401 2285 1471 deorum,
2318 1406 2381 1456 ut
2409 1400 2548 1466 dixi,
2582 1400 2681 1456 sed
2713 1399 2887 1455 etiam
2920 1399 3068 1465 caeli,
3103 1399 3159 1453 id
3208 1404 3317 1464 est,
3348 1398 3669 1454 caelestium

2025 1495 2446 1545 creaturarum.
2485 1491 2842 1561 Conﬁtemini
2869 1490 3104 1544 Domino
3134 1488 3501 1543 dominorum.
3535 1486 3673 1543 Post

2024 1584 2365 1635 enumerata
2395 1580 2674 1635 beneficia
2701 1579 2908 1651 repetit
2928 1577 3199 1649 superius
3226 1577 3439 1631 dictam
3471 1576 3673 1633 exhor-

2024 1668 2326 1723 tationem.
2354 1669 2526 1736 Quasi
2560 1668 2715 1723 dicat
2742 1686 2753 1723 :
2780 1668 2923 1740 Ergo
2956 1684 3058 1739 pro
3086 1664 3424 1737 hujusmoali
3458 1664 3673 1720 benefi-

2026 1757 2131 1811 ciis
2168 1757 2509 1827 conﬁtemini
2544 1759 2797 1825 Domino,
2831 1757 3092 1827 quoniam
3134 1756 3193 1809 in
3223 1757 3489 1810 aeternum
3516 1755 3676 1808 mise-

2026 1847 2267 1901 ricordia
2298 1848 2434 1919 ejus.

2524 1934 2853 1991 PSALMUS
2893 1932 3175 1989 CXXXVI.

2454 2042 2714 2080 PSALMUS
2757 2042 2922 2079 DAVID
2961 2039 3238 2078 JEREML’E.

2100 2138 2127 2163 ‹‹
2162 2116 2350 2187 Super
2379 2115 2625 2169 flumina
2655 2112 2964 2185 Babylonis
2996 2110 3113 2166 illic
3142 2110 3404 2165 sedimus
3436 2112 3491 2163 et
3516 2107 3678 2163 flevi-

2030 2226 2057 2253 ‹‹
2093 2221 2246 2270 mus,
2281 2220 2413 2258 cum
2462 2204 2923 2269 recordaremur,
2975 2201 3134 2256 Sion.
3183 2200 3245 2253 In
3297 2197 3573 2254 salicibus
3621 2196 3681 2251 in

2031 2315 2058 2343 «
2095 2276 2285 2348 medio
2335 2294 2481 2363 ejus,
2529 2292 2950 2364 suspendimus
2996 2306 3216 2360 organa
3262 2291 3482 2342 nostra.
3536 2284 3681 2349 Quia

2031 2407 2059 2433 ‹‹
2093 2382 2209 2437 illic
2240 2381 2740 2453 interrogaverunt
2788 2397 2914 2444 nos,
2948 2378 3047 2452 qui
3102 2375 3358 2450 captivos
3389 2375 3683 2430 duxerunt

2031 2494 2057 2521 ‹‹
2095 2488 2224 2536 nos,
2257 2472 2430 2526 verba
2473 2470 2829 2525 cantionum.
2866 2469 2936 2523 Et
2988 2467 3087 2538 qui
3132 2466 3503 2521 abduxerunt
3549 2480 3676 2527 nos,

2032 2582 2059 2609 «
2092 2559 2386 2631 Hymnum
2406 2562 2632 2613 cantate
2661 2557 2829 2612 nobis
2852 2557 2922 2610 de
2941 2554 3182 2610 canticis
3204 2554 3363 2608 Sion.
3380 2551 3681 2615 Quomodo

2037 2668 2059 2696 ι
2096 2647 2466 2703 cantabimus
2497 2646 2787 2702 canticum
2825 2644 3047 2699 Domini
3080 2645 3139 2698 in
3171 2649 3323 2698 terra
3356 2639 3587 2697 aliena?
3620 2639 3680 2695 Si

2033 2761 2060 2788 ‹‹
2094 2736 2314 2791 oblitus
2372 2738 2533 2791 fuero
2598 2735 2705 2801 tui,
2751 2734 3099 2800 Jerusalem,
3156 2730 3434 2787 oblivioni
3508 2730 3680 2784 detur

2033 2849 2061 2877 ‹‹
2094 2826 2327 2880 dextera
2350 2842 2497 2880 mea.
2523 2824 2831 2879 Adhaereat
2852 2822 3053 2894 lingua
3070 2838 3199 2876 mea
3221 2819 3489 2876 faucibus
3511 2818 3681 2889 meis,

2034 2938 2061 2965 ‹‹
2093 2915 2141 2970 si
2165 2932 2277 2969 non
2300 2914 2618 2969 meminero
2640 2912 2744 2967 tui.
2768 2912 2824 2967 Si
2845 2928 2951 2965 non
2981 2926 3336 2983 proposuero
3359 2906 3683 2964 Jerusalem

2033 3026 2060 3055 ‹‹
2089 3005 2147 3058 in
2180 3003 2469 3076 principio
2518 3002 2726 3057 laetitia:
2760 3019 2921 3057 meae.
2964 3001 3183 3056 Memor
3236 3002 3381 3066 esto,
3414 2996 3681 3063 Domine,

2032 3116 2059 3142 ‹‹
2095 3093 2349 3148 filiorum
2404 3093 2607 3159 Edoni,
2639 3090 2699 3145 in
2750 3091 2842 3146 die
2890 3089 3237 3145 Jerusalem.
3272 3087 3379 3151 Qui
3431 3086 3680 3142 dicunt:

2036 3204 2063 3232 ‹‹
2094 3181 2414 3246 Exinanite,
2447 3180 2761 3245 exinanite,
2811 3195 2995 3249 usque
3039 3179 3109 3233 ad
3141 3177 3590 3231 fundamentum
3623 3173 3683 3228 in

260 3261 512 3316 medium
537 3264 675 3333 θέω,
707 3263 765 3318 id
799 3269 905 3332 est,
942 3267 1141 3333 maris,
1176 3268 1286 3323 hoc
1315 3274 1422 3336 est,
1456 3270 1526 3323 de
1557 3271 1749 3326 medio
1781 3252 1922 3343 bap-
1954 3252 1997 3317 C
2036 3292 2064 3319 ‹‹
2100 3286 2187 3323 ea.
2220 3268 2364 3323 Filia
2394 3268 2706 3336 Babylonis
2738 3266 2953 3322 misera
2984 3284 2996 3320 :
3031 3266 3238 3320 beatus
3271 3264 3370 3335 qui
3404 3262 3685 3317 retribuet

258 3349 525 3406 tismatis
558 3352 804 3408 extraxit
834 3354 979 3409 alios
1013 3357 1081 3410 ab
1116 3356 1267 3427 aliis,
1302 3357 1615 3413 salvandos
1646 3358 1865 3414 scilicet
1895 3378 1928 3414 a

261 3439 729 3505 damnandis,ut
750 3448 948 3497 essent
977 3443 1296 3499 dissimiles
1320 3446 1584 3501 moribus
1606 3451 1663 3501 et
1690 3447 1807 3502 vita
1834 3448 1926 3503 his

258 3529 370 3600 qui
403 3536 815 3585 remanserunt
835 3531 892 3586 in
917 3537 1173 3604 Eeypto.
1199 3536 1272 3589 Et
1298 3536 1535 3589 ercussit
1562 3536 1922 3604 Pharaonem,

258 3617 325 3672 id
359 3622 469 3685 est,
488 3620 694 3691 iugum
726 3625 783 3674 et
812 3621 1141 3677 dominium
1169 3623 1404 3693 diaboli,
1428 3628 1479 3679 et
1510 3625 1766 3679 virtutem
1786 3627 1925 3697 ejus,

258 3706 327 3761 id
384 3712 492 3772 est,
529 3713 764 3780 peccata
814 3726 941 3781 quze
973 3716 1111 3765 sunt
1140 3712 1328 3767 virtus
1371 3718 1427 3767 et
1470 3718 1726 3785 potestas
1776 3715 1925 3785 ejus,

262 3796 531 3851 excussit
577 3798 649 3852 ab
699 3798 875 3854 Israel
926 3800 985 3853 in
1031 3801 1343 3872 baptismo.
1375 3805 1487 3872 Qui
1534 3803 1783 3859 traduxit
1823 3821 1924 3876 po-

267 3886 473 3959 putum
518 3901 699 3941 suum.
738 3909 765 3935 ››
796 3888 863 3943 Et
891 3906 1006 3943 non
1058 3894 1287 3945 tantum
1320 3892 1696 3963 insequentes
1727 3894 1926 3949 hostes

262 3974 354 4029 ibi
387 3974 723 4043 submersit,
748 3977 851 4031 sed
881 3977 1059 4032 etiam
1086 3994 1189 4049 per
1216 3979 1489 4034 desertum
1518 3981 1696 4053 hujus
1730 3982 1925 4037 saeculi

264 4065 653 4136 postmodum
686 4066 946 4120 traduxit
967 4083 1065 4121 eos
1086 4068 1145 4121 in
1174 4070 1483 4125 securitate
1508 4075 1708 4125 contra
1730 4088 1927 4126 occar-

262 4156 469 4209 rentes
516 4153 733 4210 hostes.
769 4156 876 4223 Qui
916 4158 1185 4226 percussit
1231 4174 1380 4227 reges
1425 4175 1673 4227 magnos,
1706 4159 1762 4214 id
1816 4164 1923 4231 est,

265 4257 410 4297 cum
460 4241 673 4297 iterum
723 4247 854 4316 post
912 4244 1207 4316 baptisma
1256 4246 1628 4318 insurgerent
1675 4248 1813 4303 vitia
1860 4265 1927 4304 ex

267 4347 458 4404 prava
514 4332 959 4403 consuetudine,
1021 4334 1312 4405 percussit
1360 4333 1797 4391 multitudinem
1850 4338 1927 4391 vi-

263 4420 491 4476 tiorum
528 4438 655 4492 qua:
696 4421 837 4476 vitia
869 4426 1007 4477 sunt
1045 4424 1222 4479 fortes
1254 4429 1310 4479 et
1340 4424 1717 4496 przevalentes
1740 4442 1927 4498 reges,

268 4509 348 4565 de
380 4510 596 4581 quibus
638 4510 817 4565 dicit:
850 4513 916 4566 Et
941 4514 1212 4583 percussit
1244 4530 1391 4582 reges
1418 4515 1607 4584 fortes,
1644 4514 1700 4569 id
1732 4521 1839 4586 est,
1872 4519 1929 4569 et

2037 3381 2063 3407 ‹‹
2096 3356 2203 3411 tibi
2238 3356 2676 3411 retributionem
2709 3360 2893 3426 tuam,
2928 3370 3105 3424 quam
3139 3349 3460 3406 retribuisti
3492 3350 3681 3404 nobis.

2038 3468 2065 3495 ‹‹
2098 3447 2331 3515 Beatus,
2366 3444 2465 3515 qui
2518 3443 2741 3499 tenebit
2791 3448 2847 3497 et
2878 3442 3075 3497 allidet
3123 3439 3397 3512 parvulos
3445 3455 3583 3494 suos
3615 3437 3687 3493 ad

2036 3558 2064 3586 «
2098 3539 2345 3608 petram.
2372 3554 2399 3583 ››

2653 3619 3056 3676 ENARRATIO.

2110 3713 2222 3769 Iste
2244 3711 2508 3785 psalmus
2527 3711 2868 3767 attribuitur
2894 3708 3167 3765 fidelibus
3190 3706 3482 3779 perfectis,
3510 3722 3687 3777 agen-

2034 3804 2193 3858 tibus
2225 3802 2315 3857 hic
2348 3806 2584 3874 propter
2627 3800 2963 3870 Jeremiam,
3000 3798 3053 3852 id
3088 3801 3197 3867 est,
3221 3797 3393 3869 juxta
3422 3793 3686 3850 Jeremiae

2036 3894 2427 3965 prophetiam,
2461 3892 2570 3947 hoc
2600 3896 2707 3960 est,
2743 3888 3098 3944 habentibus
3128 3886 3399 3942 eumdem
3434 3882 3689 3940 intellec-

2034 3987 2160 4037 tum
2194 3982 2264 4036 de
2295 3981 2625 4052 captivitate
2657 3978 2900 4033 humani
2921 3976 3173 4050 generis,
3202 3991 3375 4047 quem
3407 3972 3688 4030 Jercmias

2036 4071 2309 4140 habebat,
2345 4087 2479 4124 cum
2514 4067 2922 4139 descripsisset
2953 4064 3398 4121 lamentationes
3431 4063 3501 4118 ad
3536 4062 3687 4117 litte-

2037 4176 2160 4214 ram
2184 4159 2253 4214 de
2277 4158 2607 4230 captivitate
2633 4155 2886 4211 ﬁliorum
2911 4154 3085 4211 Israel
3114 4154 3173 4208 in
3195 4151 3503 4225 Babylone.
3528 4150 3689 4205 Sicut

2037 4248 2194 4304 enim
2228 4247 2285 4301 in
2320 4245 2733 4319 negotioillius
2765 4243 3117 4318 captivitatis
3143 4243 3411 4308 habetur,
3440 4240 3690 4309 qualiter

2037 4337 2143 4393 ﬁlii
2168 4336 2341 4391 Israel
2363 4335 2737 4408 septuaginta
2758 4352 2944 4390 annos
2965 4333 3322 4388 deﬂevcrunt
3341 4327 3610 4383 exsilium
3636 4332 3694 4382 et

2038 4426 2419 4497 dejectionem
2454 4443 2622 4480 suam
2654 4425 2711 4479 in
2744 4422 3080 4495 Babylonia,
3114 4425 3170 4473 et
3199 4419 3255 4471 in
3291 4415 3688 4471 recordatione

2034 4514 2331 4571 terrestris
2378 4515 2706 4570 Jerusalem
2757 4510 3154 4583 suspirabant,
3187 4510 3243 4562 et
3290 4503 3625 4560 desistendo
3657 4520 3691 4557 a

266 4597 378 4654 illa
407 4603 641 4670 peccata
663 4601 1201 4673 quatjam'fortitcr
1221 4607 1537 4658 tenuerunt
1564 4603 1795 4676 ligatos,
1827 4604 1926 4659 de-
1957 4623 2003 4687 D
2037 4605 2207 4661 laude
2232 4604 2325 4658 Dei
2351 4619 2570 4675 organa
2584 4619 2690 4657 sua
2715 4595 3279 4687 suspendebantzgita
3301 4595 3357 4648 in
3385 4592 3477 4648 his
3499 4591 3689 4687 verbis

266 4687 431 4743 lavit.
484 4689 656 4745 Sehon
716 4707 896 4760 regem
949 4692 1416 4748 Amorrhzeorum.
1476 4694 1722 4766 Exponit
1778 4710 1925 4765 quos

270 4793 442 4850 reges
494 4780 802 4849 percussit,
838 4778 1060 4835 scilicet
1108 4781 1491 4837 tentationem
1546 4781 1830 4837 calentem
1879 4787 1936 4837 et

269 4866 699 4936 vehementem,
725 4885 851 4941 quze
876 4869 985 4924 fuit
1014 4886 1365 4942 regenerans
1386 4871 1444 4925 in
1470 4871 1933 4927 amaricantibus

271 4956 611 5012 Dominum.
642 4956 712 5012 Et
752 4956 1444 5027 occidii-conclusibnem,
1489 4958 1545 5012 id
1578 4963 1685 5023 est,
1718 4958 1931 5013 malam

275 5045 676 5117 operationem
706 5046 1016 5101 ducentem
1048 5047 1120 5102 ad
1153 5048 1551 5103 confusionem
1587 5052 1933 5119 praesentem

274 5140 334 5189 et
364 5134 656 5189 futuram:
690 5139 743 5189 et
767 5135 916 5190 dedit
939 5140 1145 5191 terram
1168 5153 1356 5192 eorum
1378 5136 1774 5193 haereditatem.
1798 5138 1935 5191 Ter-

276 5240 405 5278 ram
433 5222 597 5279 illam
617 5240 792 5295 quam
820 5241 985 5296 reges
1012 5226 1332 5297 supradicti
1353 5228 1752 5298 possederant,
1774 5227 1933 5298 ipsos

276 5312 551 5368 homines
599 5313 883 5381 carnales,
944 5314 1165 5369 scilicet
1222 5332 1422 5370 eorum
1482 5332 1713 5381 sensus,
1777 5317 1935 5371 dedit

278 5401 654 5458 hmreditatem
701 5404 868 5458 Israel
897 5420 1051 5459 servo
1090 5420 1205 5473 suo,
1238 5406 1292 5459 id
1343 5410 1449 5471 est,
1486 5405 1754 5459 ﬁdelibus
1787 5405 1930 5471 suis,

279 5496 349 5544 ut
367 5491 706 5563 possideant
727 5510 853 5547 eam
870 5494 1004 5562 jure
1030 5494 1216 5548 beato.
1244 5496 1391 5565 Quia
1414 5496 1474 5548 in
1503 5493 1838 5549 humilitate.
1863 5495 1933 5549 Et

283 5580 492 5635 merito
538 5582 762 5637 debetis
810 5581 893 5636 illi
942 5583 1223 5652 conﬁteri,
1264 5588 1393 5638 tum
1437 5583 1565 5637 ideo
1614 5585 1743 5653 quia
1770 5585 1931 5639 mise-

280 5668 524 5726 ricordia
555 5672 671 5742 ejus
694 5674 782 5727 est
812 5688 873 5726 τη
917 5679 1211 5744 aeternum,
1244 5677 1371 5730 tum
1402 5671 1540 5745 quia
1588 5674 1697 5743 fuit
1725 5690 1934 5729 memor

2035 4697 2294 4751 referunt
2324 4692 2526 4749 fideles
2557 4690 2855 4745 miseriam
2905 4695 2961 4743 et
2990 4685 3373 4756 dejectionem
3406 4699 3595 4750 suam,
3630 4681 3689 4736 in

2044 4802 2160 4857 qua
2207 4788 2343 4839 sunt
2389 4787 2512 4838 tota
2559 4780 2667 4834 hac
2718 4779 2836 4833 vita
2884 4794 3013 4848 qua:
3061 4774 3308 4830 volvitur
3359 4771 3688 4845 septenario

2043 4890 2306 4929 numero.
2340 4873 2411 4927 Et
2458 4870 2777 4926 ostendunt
2814 4865 3242 4921 vehementiam
3292 4863 3546 4935 gemitus
3577 4860 3691 4925 sui,

2043 4980 2216 5036 quem
2248 4962 2467 5018 habent
2499 4977 2601 5031 pro
2635 4956 2923 5012 desiderio
2974 4953 3221 5009 caelestis
3250 4949 3697 5036 JerusalemsEt

2043 5034 2151 5106 hoc
2175 5051 2347 5105 modo
2372 5049 2546 5103 verba
2576 5047 2703 5101 vitae
2739 5043 3110 5116 suspendunt
3132 5059 3166 5095 a
3196 5040 3419 5096 civibus
3450 5034 3696 5108 Babylo-

2042 5140 2174 5207 nize,
2208 5155 2353 5209 quos
2405 5137 2678 5209 indignos
2710 5135 2908 5188 vident
2953 5130 3248 5203 agnitione
3278 5125 3437 5182 verbi
3490 5124 3692 5179 divini.

2042 5229 2110 5283 Et
2142 5228 2260 5282 haec
2306 5226 2510 5281 relatio
2544 5228 2606 5279 ﬁt
2636 5226 2709 5279 ad
2766 5221 3211 5277 instructionem
3244 5217 3440 5271 minus
3471 5213 3696 5285 perfec-

2042 5322 2258 5384 torum,
2292 5321 2357 5370 ut
2386 5321 2443 5369 et
2472 5315 2584 5386 ipsi
2618 5311 2912 5368 miseriam
2948 5327 3116 5365 suam
3150 5308 3586 5379 cognoscentes,
3616 5300 3695 5356 si-

2043 5405 2261 5461 militer
2290 5409 2488 5477 agant.

2117 5496 2289 5565 Super
2315 5494 2550 5563 ﬂumina
2574 5491 2895 5562 Babylonis.
2928 5489 3042 5543 Nos
3076 5486 3507 5542 commorantes
3534 5496 3699 5550 super

2039 5585 2279 5654 [lumina
2311 5582 2632 5653 Babylonis,
2667 5580 2722 5633 id
2755 5583 2863 5649 est,
2896 5593 3071 5648 super
3113 5573 3311 5630 studia
3362 5576 3417 5627 et.
3464 5568 3700 5641 negotia

2040 5672 2220 5744 hujus
2251 5669 2471 5737 saeculi,
2503 5673 2559 5725 et
2586 5684 2763 5742 super
2786 5681 2880 5723 res
2907 5663 3277 5738 temporales,
3303 5678 3431 5736 quae
3462 5660 3689 5717 ducunt
