4018 6200
298 270 419 330 799

873 270 1177 335 REMIGII
1222 272 1973 336 ANTISSIODOBENSIS
2017 272 2191 337 OPP.
2239 275 2438 339 PARS
2483 276 2531 338 Ι.
2568 309 2643 323 -
2672 275 3137 339 EXEGETICA.

3540 226 3547 231 ’
3588 274 3712 340 eoo

300 406 358 461 et
387 400 754 479 praecipitant
781 404 1047 464 homines
1074 408 1131 464 in
1163 412 1588 481 confusionem,
1620 415 1701 472 ita
1725 421 1943 484 tamen,
1976 408 2031 474 Α
2059 426 2170 477 Ωυα
2218 411 2473 482 [navibus
2525 412 2679 477 meis.
2737 410 2797 466 1d
2854 414 2962 478 BSt,
3023 408 3225 482 lingua
3280 425 3413 465 mea
3469 406 3720 466 ίοῒθνίοι·

303 499 369 550 ut
400 513 511 551 non
545 513 811 553 essemus
845 498 904 553 in
938 499 1055 556 illis
1089 500 1453 573 ﬂuminibus,
1488 507 1585 561 sed
1623 508 1952 579 superiores

302 586 544 641 sedimus
574 587 712 652 illic,
743 587 799 641 id
833 592 938 655 est,
972 589 1027 643 in
1053 580 1265 663 magna
1293 592 1612 662 deiectione
1632 602 1688 652 et
1719 598 1956 653 miseria

305 674 525 730 fuimus
556 674 614 729 in
649 676 775 747 ipso
798 676 1019 733 scilicet
1050 683 1203 735 statu
1229 681 1288 736 in
1321 700 1435 754 quo
1459 702 1692 740 eramus
1712 686 1955 757 periculi

304 764 619 829 vicinitate,
655 764 787 820 licet
817 768 1146 837 superiores
1176 787 1458 829 essemus.
1494 776 1559 829 Et
1587 777 1861 845 ﬂeuimus,
1894 777 1951 832 id

305 857 414 917 est,
444 870 722 925 magnum
746 855 1002 912 dolorem
1026 857 1360 927 habuimus,
1379 864 1518 918 dum
1541 867 1956 921 recordaremur

302 941 411 1006 tui,
444 941 573 996 Sion
622 960 642 996 :
698 944 838 1015 quia
867 945 973 1011 tui,
1026 964 1057 1000 0
1108 948 1265 1016 Sion,
1299 952 1582 1007 recordati
1634 972 1862 1022 sumus,
1896 957 1953 1011 id

307 1034 414 1098 est,
434 1030 493 1085 in
528 1031 991 1089 consideratione
1013 1035 1330 1095 habuimus
1352 1046 1469 1095 tam
1496 1043 1591 1097 diu
1620 1043 1953 1117 prolongari

309 1118 476 1173 nobis
506 1118 775 1191 gloriam,
808 1140 984 1194 quam
1026 1124 1085 1180 in
1117 1130 1171 1181 te
1205 1144 1411 1184 sumus
1442 1130 1720 1202 habituri,
1757 1134 1809 1187 id
1846 1138 1952 1201 est,

308 1210 369 1263 in
394 1209 659 1264 salicibus
715 1212 861 1266 Tum
913 1214 1042 1269 ideo
1090 1216 1364 1288 ﬂeuimus,
1399 1220 1531 1290 quia
1574 1221 1680 1287 tui,
1716 1239 1747 1276 o
1793 1223 1953 1293 Sion,

308 1296 764 1355 recordabamur
794 1318 806 1354 :
841 1307 965 1357 tum
1000 1304 1139 1375 quia
1189 1306 1341 1361 inter
1389 1307 1595 1364 salices
1646 1311 1886 1375 fuimus,
1925 1330 1959 1368 a

309 1386 526 1457 quibus
558 1392 681 1442 erat
710 1389 956 1444 .verhum
992 1393 1219 1448 Domini
1273 1398 1707 1453 removendum.
1743 1399 1845 1454 Vel
1876 1400 1958 1455 ita

309 1475 682 1531 continuatur
704 1494 716 1531 :
742 1476 865 1534 Non
890 1480 1077 1535 solum
1104 1483 1228 1538 ﬂevi
1240 1486 1401 1556 mus,’
1417 1488 1517 1541 sed
1541 1503 1753 1558 organa
1772 1497 1959 1545 nostra

308 1566 370 1618 in
426 1565 689 1620 salicibus
742 1568 1144 1639 suspendimus,
1210 1573 1265 1627 id
1325 1579 1433 1641 est,
1494 1578 1956 1634 admonitionem

309 1652 558 1709 dulciter
589 1658 645 1709 et
675 1656 1129 1715 misericorditer
1158 1678 1224 1716 ex
1256 1666 1559 1737 praeceptis
1589 1667 1837 1723 diversis
1868 1684 1959 1723 re-

2066 500 2357 556 adhmreat
2388 502 2655 556 faucibus
2695 499 2840 555 meis
2872 499 3266 567 interioribus,
3305 504 3371 553 ut
3400 516 3593 571 neque
3623 500 3722 556 hic

2065 591 2209 646 bene
2251 592 2500 662 cogitem
2549 592 2600 645 si
2626 592 2711 645 tui
2736 607 2850 644 non
2895 591 3214 655 meminero,
3248 589 3306 643 id
3358 595 3470 656 est,
3502 590 3549 645 si
3600 607 3721 645 non

2066 678 2485 735 annuntiavero
2516 680 2607 735 his
2654 679 2868 752 quibus
2914 683 3001 734 est
3030 678 3502 734 annuntiandum
3537 681 3614 734 de
3644 684 3723 734 te.

2063 768 2165 824 Vel
2197 768 2278 823 ita
2326 769 2699 827 continuatur
2729 785 2742 822 :
2774 768 2837 823 Si
2879 766 3089 823 oblitus
3133 770 3289 839 [uero
3342 770 3448 832 tui.
3480 773 3724 824 Jerusa-

2066 859 2192 926 lem,
2242 858 2514 913 oblivioni
2559 858 2722 912 detur
2767 857 2993 912 dextera
3037 873 3178 912 mea.
3210 858 3524 913 Auferatur
3571 858 3724 912 mihi

2066 948 2302 1004 omnino
2369 946 2615 1003 facultas
2673 948 2818 1001 bene
2875 946 3175 1017 operandi,
3234 951 3290 1002 et
3348 963 3463 1003 non
3525 946 3724 1001 solum

2066 1037 2361 1108 operandi,
2418 1037 2520 1091 sed
2568 1036 2742 1091 etiam
2802 1034 3098 1106 loquendi,
3151 1040 3209 1090 et
3255 1035 3366 1090 hoc
3422 1040 3513 1091 est
3563 1036 3724 1107 quod

2067 1127 2334 1199 sequitur
2371 1144 2384 1181 :
2436 1125 2718 1181 Adhaereat
2764 1127 2959 1197 lingua
3011 1142 3133 1181 mea
3179 1125 3433 1196 faucibus
3462 1129 3624 1180 meis.
3655 1126 3729 1180 Et

2065 1216 2187 1271 haec
2241 1216 2530 1271 sententia
2577 1214 2783 1270 melior
2829 1213 3019 1285 priore
3064 1218 3170 1269 est.
3223 1214 3327 1269 Hic
3370 1213 3727 1285 intelligitur

2064 1305 2304 1360 verbum
2333 1303 2431 1358 Dei
2451 1303 2522 1359 ab
2546 1302 2802 1374 indignis
2825 1318 2954 1358 esse
2975 1302 3414 1369 removendum,
3437 1306 3497 1358 et
3526 1303 3725 1374 dignis

2067 1393 2500 1464 proferendum.
2559 1392 2621 1447 Si
2675 1408 2787 1448 non
2839 1406 3186 1464 proposuero.
3248 1390 3318 1445 Et
3373 1394 3513 1445 tunc
3565 1391 3728 1446 detur

2066 1483 2335 1538 oblivioni
2363 1481 2585 1536 dextera
2635 1497 2773 1550 mea,
2805 1497 2836 1535 ο
2864 1481 3194 1544 Jerusalem,
3246 1481 3298 1534 si
3327 1486 3381 1534 te
3427 1495 3541 1534 non
3588 1497 3723 1551 pro-

2063 1587 2294 1642 posuero
2341 1572 2403 1625 in
2448 1571 2731 1641 principio
2770 1570 2987 1626 (miliae
3029 1582 3188 1639 meae,
3217 1568 3273 1622 id
3324 1572 3433 1635 est,
3468 1568 3535 1622 ad
3586 1568 3715 1639 hoc,

2069 1664 2134 1715 ut
2165 1660 2247 1715 sis
2283 1658 2640 1731 principium
2673 1656 2881 1713 laetitia:
2913 1672 3077 1712 meae.
3109 1656 3286 1721 Quasi
3317 1656 3475 1711 dicat
3505 1673 3519 1710 ε
3547 1656 3720 1712 Nulla

313 1748 618 1798 sonantem
670 1746 1090 1815 subtraximus,
1123 1749 1181 1804 in
1233 1753 1694 1810 consideratione
1724 1756 1959 1813 illorum
1990 1780 2037 1845 Β
2069 1756 2158 1804 est
2209 1748 2353 1803 mihi
2385 1747 2446 1802 in
2495 1746 2920 1819 temPOI‘alibUS
2950 1745 3281 1812 delectatio.
3314 1746 3382 1800 ad
3417 1762 3720 1817 compara-

314 1831 411 1902 qui
461 1836 626 1886 erant
673 1835 901 1891 steriles
952 1842 1008 1892 et
1056 1838 1425 1911 infructuosi,
1459 1845 1529 1898 dc
1578 1846 1792 1916 quibus
1840 1852 1963 1902 erat

315 1920 483 1975 nobis
496 1922 1005 1993 desperatio,sicut
1020 1927 1089 1981 de
1104 1928 1292 1982 fructu
1319 1930 1536 1987 salicis.
1572 1937 1638 1986 Et
1658 1933 1714 1988 in
1731 1938 1962 1990 tantum

313 2008 559 2077 steriles,
595 2015 659 2065 ut
689 2017 885 2067 essent
923 2016 981 2069 in
1011 2016 1193 2072 medio
1221 2020 1354 2089 ejus,
1389 2019 1447 2075 id
1486 2026 1594 2092 est,
1629 2022 1961 2095 Babylonis,

313 2114 427 2153 non
472 2098 532 2153 in
586 2104 864 2168 extremo,
921 2104 1018 2158 sed
1072 2104 1128 2160 in
1182 2108 1471 2177 profundo
1520 2109 1860 2180 dejectionis
1910 2115 1967 2167 et

312 2187 674 2245 confusionis
708 2191 872 2262 :jam
918 2197 1084 2248 erant
1130 2195 1187 2249 in
1221 2204 1631 2255 consummata
1681 2200 1963 2272 nequitia,

242 2278 260 2314 ί
314 2281 751 2334 contemnentes
779 2281 904 2350 jam
938 2299 1196 2353 peccare,
1234 2303 1360 2358 qum
1412 2288 1672 2360 nequitia
1703 2289 1864 2344 ducit
1894 2290 1965 2345 ad

314 2370 590 2422 aeternam
638 2368 1060 2428 confusionem.
1095 2374 1164 2428 Et
1194 2375 1333 2446 quia
1363 2377 1445 2432 ita
1492 2383 1857 2448 corruerant,
1885 2379 1969 2433 in-

317 2454 558 2527 dignum
609 2462 732 2510 erat
762 2462 827 2512 ut
872 2459 954 2514 eis
988 2463 1319 2531 prmdicatio
1372 2466 1551 2533 ﬁeret,
1586 2484 1657 2521 ne
1708 2484 1835 2522 eam
1866 2483 1968 2539 pro

317 2543 571 2597 ludibrio
630 2544 930 2601 haberent.
979 2550 1120 2616 Quia
1162 2552 1281 2606 illic
1331 2555 1805 2625 interrogaverunt
1850 2571 1965 2611 nos.

320 2631 496 2697 Quasi
519 2628 734 2702 aliquis
756 2632 1006 2689 diceret:
1037 2637 1226 2699 Quare
1246 2640 1438 2695 dicitis
1459 2658 1561 2697 vos
1592 2644 1970 2715 suspendisse

322 2718 579 2791 organa?
608 2720 859 2776 Erantne
890 2721 1071 2795 aliqui
1104 2732 1426 2797 quaerentes
1467 2746 1684 2802 organa
1705 2732 1827 2786 ?Ad
1862 2730 1970 2786 hoc

319 2808 630 2880 respondet
656 2825 669 2864 :
694 2808 859 2877 Vere,
881 2814 1012 2883 quia
1037 2812 1181 2879 illic,
1215 2816 1271 2871 id
1305 2821 1394 2871 est
1433 2817 1492 2873 in
1539 2818 1850 2891 Babylone,
1882 2819 1970 2874 vel

320 2896 475 2952 inter
498 2897 713 2967 felices,
746 2900 1225 2972 interrogaverunt
1254 2922 1352 2960 nos
1404 2908 1502 2978 qui
1529 2910 1767 2979 captivos
1795 2908 1971 2964 duxe-

320 2988 452 3039 runt
496 3002 612 3055 nos,
646 2986 704 3041 id
754 2992 863 3057 est,
916 2990 1155 3062 maligni
1217 2994 1479 3066 spiritus,
1525 2997 1625 3068 qui
1675 2997 1734 3051 in
1784 2996 1971 3070 primo

323 3077 563 3146 parente
629 3092 735 3131 nos
794 3078 1242 3149 captivaverant,
1304 3090 1653 3157 rogaverunt
1710 3104 1812 3142 nos
1871 3102 1974 3158 per

2070 1838 2286 1893 tionem
2312 1836 2471 1891 illius
2503 1853 2680 1907 quam
2705 1837 2763 1890 in
2795 1839 2850 1891 te
2872 1835 3077 1891 habeo.
3104 1835 3452 1890 Memoresto.
3488 1839 3557 1888 Et
3585 1835 3727 1906 quia

2072 1942 2177 1999 ego
2218 1942 2333 1980 non
2384 1924 2695 1981 obliviscar
2726 1924 2831 1991 tui,
2862 1940 2895 1979 o
2937 1922 3286 1991 Jerusalem,
3318 1929 3376 1978 et
3403 1928 3459 1978 te
3514 1940 3725 1995 ponam

2073 2032 2374 2071 summum
2405 2013 2616 2069 laetitiae
2671 2030 2833 2079 meae,
2867 2012 3086 2069 multas
3128 2013 3315 2085 patiar
3342 2012 3665 2068 anxietateo
3692 2029 3730 2068 a

2074 2103 2210 2159 ﬁliis
2240 2104 2444 2170 Edom,
2477 2103 2534 2157 id
2580 2108 2687 2169 est,
2723 2120 2756 2158 a
2786 2101 2922 2157 ﬁliis
2970 2103 3146 2168 Esau,
3177 2101 3275 2172 qui
3325 2100 3525 2157 edulio
3557 2100 3728 2155 lentis

2074 2210 2109 2249 a
2140 2194 2315 2249 fratre
2338 2210 2441 2264 pro
2474 2191 2880 2265 primogenitis
2911 2197 3168 2263 accepto,
3201 2191 3394 2247 dictus
3428 2195 3524 2246 est
3546 2191 3727 2245 Edom

2076 2282 2226 2355 (Gen.
2267 2282 2467 2353 xxvn),
2498 2281 2557 2336 id
2603 2285 2692 2336 est
2739 2280 3118 2347 sanguineus.
3168 2280 3349 2351 Cujus
3393 2279 3500 2334 ﬁlii
3556 2279 3727 2335 etiam

2075 2370 2458 2427 historialiter
2523 2369 2777 2425 multum
2840 2368 3242 2441 impediebant
3307 2368 3462 2424 ﬁlios
3534 2367 3726 2436 Israel,

2075 2478 2147 2516 ne
2200 2460 2617 2516 rezediﬁcarcnt
2665 2457 3035 2514 Jerusalem:
3068 2458 3225 2530 quod
3274 2458 3386 2513 fuit
3433 2458 3620 2529 hujus
3650 2456 3729 2512 rei

2078 2548 2551 2622 signiﬁcativum.
2613 2548 2682 2602 Et
2754 2552 2838 2617 tu,
2898 2548 3145 2613 Domine,
3205 2563 3413 2602 memor
3480 2552 3593 2602 esto
3664 2549 3730 2616 ﬁ-

2080 2639 2283 2693 liorum
2329 2638 2516 2692 Edom.
2552 2641 2620 2691 Et
2675 2653 2985 2692 remunera
3034 2653 3141 2692 nos
3178 2653 3284 2707 pro
3336 2636 3726 2691 tribulationi-

2080 2727 2190 2781 bus
2240 2743 2387 2797 quas
2442 2725 2700 2796 patimur
2750 2742 2784 2780 a
2834 2725 3175 2798 sanguineis
3231 2725 3623 2796 Babylonicis,
3674 2727 3732 2779 in

2079 2814 2168 2869 die
2221 2814 2543 2880 Jerusalem,
2612 2831 2729 2887 qua
2794 2813 3050 2886 plenarie
3106 2814 3495 2870 aediﬁcabitur
3567 2814 3733 2869 Jeru-

2081 2903 2263 2958 salem
2285 2918 2538 2974 superna
2555 2919 2624 2959 ex
2645 2903 2833 2959 nobis.
2853 2902 3095 2963 Illorum
3110 2903 3239 2958 dico
3254 2902 3513 2958 ﬁliorum
3530 2904 3731 2974 Edom,

2081 2994 2177 3063 qui
2203 2992 2392 3046 dicunt
2441 2991 2821 3056 exhortando,
2853 2991 2999 3048 alter
3026 2992 3097 3047 ad
3141 2992 3392 3047 alterum
3418 3009 3432 3045 :
3465 2994 3737 3048 Exinani-

2078 3089 2151 3146 te,
2182 3082 2485 3146 exinanito,
2520 3081 2578 3135 id
2611 3086 2717 3149 est,
2753 3085 3026 3137 evacuate
3069 3080 3359 3153 quidquid
3412 3081 3467 3136 in
3498 3096 3567 3135 ea
3591 3080 3730 3135 boni

322 3161 552 3234 salices,
584 3163 641 3217 id
673 3168 782 3229 est,
807 3183 908 3239 per
934 3169 1236 3226 ministros
1268 3189 1405 3228 suos
1438 3174 1774 3246 organizare
1801 3174 1972 3231 verba
2003 3158 2045 3224 (ἶ
2082 3174 2172 3226 est
2218 3173 2276 3225 et
2328 3169 2581 3238 virtutiS,
2630 3186 2799 3242 usque
2842 3170 2915 3226 ad
2958 3170 3392 3242 fundamentum
3436 3172 3490 3224 in
3552 3186 3643 3237 ea,
3668 3168 3731 3225 id

319 3251 658 3321 cantionum,
684 3254 741 3309 id
761 3260 869 3322 est,
896 3256 1105 3313 divinas
1126 3260 1543 3319 modulationis
1566 3280 1885 3321 sermones.
1909 3266 1973 3319 Et

323 3342 420 3413 qui
446 3341 795 3399 abduxerunt
821 3362 940 3417 nos,
959 3346 1016 3401 id
1049 3352 1158 3415 est,
1184 3366 1218 3403 a
1248 3350 1364 3407 Deo
1392 3354 1659 3408 recedere
1690 3355 1970 3425 fecerunt,

323 3428 409 3483 illi
442 3430 590 3485 tales
628 3432 987 3503 quaesierunt
1017 3454 1050 3492 a
1078 3438 1250 3495 nobis
1291 3441 1468 3496 verba
1518 3443 1875 3508 cantionum,
1908 3448 1974 3498 ut

326 3517 812 3577 annuntiaremus
842 3522 912 3578 de
942 3525 1059 3580 vita
1094 3531 1328 3592 aeterna,
1361 3529 1431 3584 de
1463 3530 1556 3586 die
1579 3531 1812 3602 judicii,
1845 3548 1972 3603 quae

328 3610 466 3660 sunt
492 3608 669 3663 verba
698 3609 1119 3684 delectationis,
1152 3633 1269 3672 non
1301 3622 1588 3690 quantum
1618 3620 1689 3675 ad
1721 3637 1841 3690 eos,
1872 3621 1974 3675 sed

327 3700 617 3766 quantum
648 3698 718 3753 ad
740 3717 865 3769 nos,
891 3703 990 3772 qui
1015 3703 1074 3757 in
1106 3704 1191 3758 eis
1214 3722 1509 3761 summam
1533 3707 1974 3764 delectationem

328 3784 636 3842 habemus.
672 3788 802 3843 Haec
831 3805 968 3861 ergo
999 3791 1361 3862 qumsierunt
1391 3810 1425 3848 a
1451 3794 1640 3856 nobis.
1674 3795 1755 3850 ita
1784 3796 1977 3851 dicen-

327 3877 416 3929 tes
451 3891 463 3929 :
501 3877 724 3931 Cantate
750 3880 908 3933 nobis
939 3884 1241 3951 Hymnum,
1274 3880 1334 3937 id
1374 3886 1482 3948 est,
1515 3882 1599 3938 vel
1633 3900 1817 3939 unum
1853 3902 1976 3940 car-

332 3979 487 4029 men,
521 3965 593 4019 de
616 3966 842 4020 canticis
878 3967 1027 4035 Sion,
1063 3968 1119 4024 id
1153 3974 1260 4037 est,
1290 3971 1361 4026 de
1409 3972 1622 4028 divinis
1654 3974 1975 4047 praeceptis,

332 4067 459 4123 quas
483 4050 773 4122 pertinent
793 4055 864 4108 ad
892 4055 1184 4113 caelestem
1203 4059 1528 4117 Jerusalem
1556 4080 1663 4119 :an
1694 4062 1771 4117 ibi
1805 4064 1979 4119 debe-

333 4157 468 4196 mus
497 4140 710 4195 haberc
747 4150 974 4208 uxores,
1009 4143 1180 4214 ﬁlios,
1212 4165 1407 4217 canes,
1441 4156 1497 4207 et
1526 4156 1729 4208 cetera
1771 4152 1978 4225 hujus-

333 4229 540 4285 modi?
572 4229 842 4297 Quomodo
885 4235 1248 4292 cantabimus.
1293 4239 1393 4296 His
1440 4241 1660 4297 talibus
1711 4242 1983 4298 dedimus

335 4335 705 4391 responsum.
767 4321 1060 4391 Quomodo,
1120 4325 1179 4380 id
1252 4333 1364 4396 est,
1423 4346 1536 4401 qua
1611 4331 1832 4387 ratione
1899 4330 1983 4387 vel

333 4409 583 4464 utilitate
621 4412 966 4467 cantabimus
1008 4417 1303 4489 canticum,
1337 4417 1396 4473 id
1427 4423 1515 4475 est
1542 4426 1849 4493 pracepta,
1879 4421 1984 4476 Do-

2082 3263 2189 3327 est,
2225 3262 2288 3313 ut
2320 3275 2424 3314 nec
2452 3259 2598 3314 ﬁdes
2628 3263 2928 3315 remaneat
2958 3260 3017 3314 in
3048 3258 3319 3314 ﬁdelibus
3350 3259 3504 3329 ejus,
3536 3258 3597 3313 id
3626 3263 3734 3325 est,

2079 3347 2430 3402 Jerusalem.
2496 3349 2640 3403 Filia
2714 3348 3014 3421 Babylonis
3078 3350 3298 3403 misera.
3362 3349 3432 3403 Et
3501 3364 3575 3402 ne
3628 3347 3735 3403 hoc

2083 3437 2237 3509 quod
2270 3436 2411 3490 dicit
2442 3454 2454 3491 :
2492 3443 2707 3492 Memor
2734 3441 2878 3505 esto,
2930 3436 3193 3506 Domine,
3238 3436 3494 3493 filiorum
3528 3437 3731 3503 Edom,

2082 3525 2352 3579 videatur
2395 3542 2572 3580 causa
2613 3524 3029 3581 malevolentia:
3073 3525 3322 3595 dictum,
3348 3526 3523 3581 vertit
3569 3542 3633 3580 se
3662 3526 3736 3580 ad

2082 3613 2241 3685 ipsos
2272 3613 2382 3669 sub
2412 3629 2660 3685 persona
2692 3613 2823 3670 ﬁlice
2857 3613 3185 3687 Babylonis,
3209 3630 3425 3687 eosque
3451 3613 3727 3669 feminino

2083 3718 2293 3776 genere
2322 3701 2505 3774 ponit,
2538 3706 2773 3774 propter
2812 3703 3212 3760 inﬁrmitatem
3255 3719 3465 3769 eorum,
3493 3706 3550 3756 et
3578 3701 3718 3773 quia

2085 3791 2450 3846 fornicantur
2481 3791 2553 3846 ab
2577 3808 2792 3863 sponso
2814 3796 2869 3847 et
2899 3792 3109 3849 marito
3143 3809 3251 3847 suo
3271 3792 3510 3849 Christo.
3539 3790 3581 3845 Ο
3602 3791 3721 3861 ﬁlia

2086 3880 2383 3951 Babylonis
2427 3882 2650 3944 misera,
2683 3881 2739 3935 id
2792 3885 2898 3949 est,
2951 3899 2984 3937 ο
3030 3898 3134 3938 vos
3183 3886 3584 3954 persecutores
3627 3879 3732 3934 filii

2090 3970 2299 4026 Eodem
2325 3969 2884 4041 sanguinolenti.vos
2906 3972 3127 4042 putatis
3147 3988 3249 4027 vos
3264 3972 3443 4026 fortes
3462 3974 3522 4026 et
3538 3971 3740 4024 beatos

2087 4061 2146 4115 in
2171 4058 2571 4132 persecutione
2591 4063 2802 4125 vestra,
2818 4059 2920 4114 sed
2945 4059 3141 4117 miseri
3158 4060 3328 4128 estis;
3353 4059 3497 4131 quia
3513 4059 3743 4113 animus

2085 4153 2309 4204 vestras
2339 4148 2397 4203 in
2432 4164 2496 4204 eo
2543 4148 2861 4215 occidistis,
2895 4152 2953 4203 et
2997 4148 3282 4204 dissolute
3309 4154 3367 4204 et
3410 4147 3746 4204 effeminate

2090 4238 2283 4311 agitis,
2331 4237 2593 4309 nihilque
2643 4235 2935 4293 virilitatis
2980 4237 3040 4292 in
3072 4238 3239 4293 vobis
3268 4242 3377 4304 est,
3409 4237 3554 4309 quia
3584 4236 3746 4292 omni

2092 4344 2277 4400 pravae
2330 4325 2688 4399 suggestioni
2718 4325 2922 4382 ceditis
2954 4343 2967 4382 :
3003 4327 3102 4381 sed
3154 4326 3251 4383 ille
3300 4328 3489 4382 beatus
3534 4330 3626 4382 est
3654 4326 3751 4399 qui

2090 4417 2361 4473 retribuet
2387 4416 2492 4471 tibi
2518 4412 2935 4471 retributionem
2961 4419 3136 4485 tuam,
3155 4416 3213 4471 id
3236 4420 3345 4483 est,
3366 4414 3551 4471 talem
3584 4433 3749 4488 quam

334 4502 481 4556 mini
502 4502 563 4556 in
593 4509 743 4556 terra
762 4502 950 4558 aliena
970 4508 996 4558 .9
1011 4504 1066 4559 id
1088 4509 1196 4574 est,
1220 4506 1279 4561 in
1302 4508 1764 4565 consideratione
1784 4509 1981 4580 vestri,
2018 4525 2061 4589 ι)
2093 4506 2412 4562 retribuisti
2424 4505 2578 4560 nobis
2600 4521 2619 4558 :
2643 4508 2702 4559 tu
2728 4504 2873 4560 bene
2895 4505 3255 4560 merentibus
3273 4503 3444 4561 nobis
3467 4503 3627 4559 ﬁlios
3648 4522 3750 4560 an-

337 4590 439 4661 qui
468 4591 610 4645 estis
631 4594 786 4646 terra
805 4590 1013 4663 aliena,
1043 4611 1156 4651 non
1180 4601 1315 4669 apta
1336 4597 1485 4653 ferre
1511 4598 1764 4654 fructum
1787 4597 1985 4653 Domi-

338 4679 461 4734 no?
487 4681 567 4733 Ac
598 4679 647 4734 si
676 4680 936 4737 dicerent
967 4701 980 4738 :
1015 4684 1234 4742 Salices
1269 4686 1430 4753 estis,
1463 4691 1519 4741 et
1551 4687 1805 4742 fructum
1840 4687 1985 4743 ferre

339 4786 456 4825 non
487 4771 732 4842 potestis
758 4789 769 4827 :
803 4772 932 4829 ideo
954 4791 1067 4829 non
1101 4775 1471 4832 cantabimus
1488 4776 1671 4831 vobis.
1691 4775 1753 4831 Si
1780 4774 1985 4832 oblitus

332 4863 508 4933 luero.
545 4860 691 4927 Quia
721 4861 990 4918 dixerunt
1020 4881 1080 4920 se
1111 4881 1145 4919 a
1174 4864 1452 4921 salicibus
1484 4882 1702 4937 organa
1732 4882 1983 4938 suspen-

335 4950 514 5020 disse,
550 4968 620 5006 ne
671 4952 817 5007 forte
869 4954 1182 5008 credantur
1217 4954 1392 5009 etiam
1445 4953 1677 5010 abonis
1728 4954 1981 5025 siluisse,

333 5039 503 5097 dicit:
522 5041 674 5097 Licet
695 5042 914 5099 talibus
937 5043 1274 5099 subtraham
1293 5044 1748 5100 admonitionem
1769 5062 1981 5114 meam,

334 5135 529 5187 tamen
572 5134 623 5188 si
663 5133 864 5188 oblitus
907 5135 1069 5207 fuero
1110 5135 1213 5201 tui,
1256 5150 1289 5188 ο
1338 5134 1656 5201 Jerusalem,
1688 5133 1745 5188 id
1794 5138 1903 5204 est,
1934 5133 1983 5191 si

334 5238 450 5277 non
483 5222 672 5278 dicam
704 5240 831 5295 quae
876 5228 1016 5280 sunt
1044 5224 1291 5279 dicenda
1317 5228 1373 5279 et
1401 5223 1773 5295 praedicanda
1803 5223 1875 5278 de
1905 5227 1982 5289 te,

333 5313 579 5381 dextera,
611 5313 669 5368 id
714 5321 822 5379 est,
858 5314 1009 5369 bona
1038 5314 1315 5386 operatio,
1346 5330 1467 5369 mea
1494 5312 1652 5368 detur
1691 5313 1982 5376 oblivioni,

335 5401 391 5457 id
420 5407 509 5457 est
537 5401 594 5456 in
632 5404 827 5458 futuro
858 5402 935 5458 sit
964 5403 1406 5469 irremunerata,
1428 5400 1515 5458 vel
1548 5402 1805 5462 nesciam
1836 5402 1985 5457 bene

336 5492 584 5562 operari.
618 5490 905 5549 Adhaereat
936 5493 1145 5565 lingua.
1180 5493 1247 5548 Et
1292 5510 1404 5548 non
1434 5496 1665 5547 tantum
1700 5492 1755 5546 in
1791 5492 1983 5546 futuro

337 5577 527 5653 priver
557 5582 1044 5648 remuneratione,
1093 5584 1195 5637 sed
1226 5580 1321 5637 hic
1350 5581 1525 5638 etiam
1567 5580 1843 5638 adhaereat
1873 5581 1985 5636 lin-

2096 4597 2245 4651 ferre
2276 4593 2611 4650 moliebaris
2645 4611 2657 4650 :
2688 4594 2895 4649 beatus
2926 4592 3022 4650 ille
3053 4594 3150 4665 qui
3181 4593 3288 4649 tibi
3321 4592 3472 4649 male
3495 4593 3751 4650 merenti

2094 4685 2247 4741 ﬁlios
2274 4689 2409 4740 tuos
2440 4682 2768 4752 abstulerit,
2791 4698 2863 4739 ne
2894 4682 3131 4739 omnino
3160 4686 3401 4753 pereant
3426 4701 3440 4738 ε
3466 4684 3566 4739 itte
3595 4683 3749 4750 dico,

2095 4775 2339 4831 studens
2358 4777 2416 4829 te
2446 4772 2763 4843 exinanire,
2789 4772 2846 4827 id
2874 4775 2981 4841 est,
3004 4771 3065 4827 in
3093 4789 3160 4828 eo
3190 4773 3344 4844 quod
3374 4769 3534 4828 male.
3559 4788 3625 4828 es
3651 4772 3749 4831 ἀρ’

2094 4868 2337 4920 struere.
2361 4865 2556 4919 Beatus
2587 4864 2685 4933 qui
2713 4862 2931 4917 tenebit.
2954 4861 3205 4934 Exponit
3225 4863 3296 4917 de
3325 4878 3445 4933 qua
3472 4862 3635 4917 dicat
3659 4876 3748 4916 re-

2091 4953 2430 5010 tributione.
2463 4954 2662 5009 Beatus
2708 4952 2802 5024 qui
2842 4952 3122 5022 parvulos,
3162 4951 3222 5006 id
3269 4955 3378 5017 est,
3409 4949 3565 5006 ﬁlios
3611 4955 3748 5006 tuos

2094 5045 2235 5100 dum
2276 5043 2467 5099 adhuc
2516 5043 2691 5098 rudes
2722 5044 2883 5106 sunt,
2915 5044 2971 5097 et
3001 5057 3135 5096 cum
3184 5040 3436 5097 converti
3469 5042 3746 5113 possunt,

2091 5134 2297 5190 tenebit
2327 5150 2398 5188 ne
2422 5131 2527 5187 tibi
2550 5131 2955 5188 consentiant:
2985 5139 3038 5187 et
3052 5129 3243 5185 allidet
3273 5146 3374 5185 eos
3400 5130 3480 5185 ad
3510 5134 3740 5202 petram,

2090 5220 2150 5276 id
2183 5224 2288 5288 est,
2312 5220 2383 5275 ad
2415 5218 2708 5275 Christum
2741 5235 2840 5275 eos
2866 5219 3201 5291 conjunget,
3234 5219 3373 5291 quia
3403 5234 3507 5290 pro
3539 5233 3743 5274 eorum

2093 5309 2467 5366 conversione
2490 5308 2816 5365 mercedem
2839 5306 3100 5380 accipiet.
3124 5306 3342 5363 Aliter:
3367 5306 3511 5362 Caro
3546 5311 3743 5362 nostra

2094 5415 2207 5455 non
2240 5399 2559 5471 incongrue
2610 5394 2895 5469 accipitur
2922 5396 3044 5451 ﬁlia
3090 5395 3420 5469 Babylonis,
3449 5412 3579 5468 quas
3629 5395 3736 5451 sibi

2093 5488 2518 5544 consentientes
2531 5487 2588 5542 in
2604 5487 2919 5542 maximam
2936 5484 3336 5542 'confusionem
3353 5484 3611 5540 deducit.
3631 5483 3731 5539 Cu-

2085 5578 2187 5652 jus
2246 5577 2752 5652 concupiscentias
2782 5575 3118 5652 quicunque
3146 5573 3552 5648 restringenda
3609 5587 3729 5631 eam
