4018 6200
262 356 376 419 SOI

1376 352 1983 414 ENARRATIONES
2027 352 2105 414 IN
2153 356 2544 420 PSALMOS.

3557 370 3673 426 802

266 489 560 554 afﬂixerit,
592 487 981 560 parvulosque
1010 487 1137 558 ejus
1171 487 1462 559 cogitatus
1509 488 1577 542 ad
1611 486 1907 541 Christum
1941 494 1995 557 Α
2024 490 2141 540 tem
2175 486 2432 545 humano
2463 492 2661 563 generi
2691 490 3030 558 exhibuisti,
3054 492 3510 548 misericorditer
3555 512 3671 550 1m-

268 579 532 644 alliserit,
559 578 817 648 nejuxta
838 576 1249 631 delectationes
1281 594 1420 631 suas
1442 576 1499 630 in
1534 592 1709 648 opera
1738 591 1915 647 prava

270 667 629 732 convaleant,
654 667 857 722 beatus
880 665 1328 738 praedicabitur:
1371 665 1509 737 quia
1529 670 1752 720 zeternze
1782 665 1915 719 bea-

270 756 541 813 titudinis
570 754 1039 811 remuneratione
1082 754 1415 809 donabitur.

756 861 1079 918 PSALMUS
1118 859 1427 916 CXXXVII.

784 949 1048 988 PSALMUS
1080 949 1190 986 IPSI
1222 949 1411 987 DAVID.

347 1048 374 1074 «
409 1023 740 1079 Conﬁtebor
782 1020 912 1089 tibi,
964 1021 1229 1088 Domine,
1281 1021 1339 1076 in
1388 1025 1509 1075 toto
1558 1019 1729 1074 corde
1772 1033 1922 1081 meo,

276 1138 305 1165 «
336 1113 618 1185 quoniam
649 1111 863 1168 audisti
898 1110 1097 1166 omnia
1123 1111 1301 1165 verba
1348 1110 1468 1165 oris
1516 1109 1649 1164 mei.
1688 1108 1750 1162 In
1782 1123 1923 1161 con-

281 1225 309 1253 ‹‹
341 1205 542 1274 spectu
578 1199 921 1272 angelorum
952 1198 1201 1271 psallam
1244 1198 1373 1267 tibi,
1407 1196 1657 1253 adorabo
1680 1196 1752 1251 ad
1780 1201 1923 1250 tem-

282 1313 311 1341 «
345 1289 508 1362 plum
540 1293 808 1344 sanctum
840 1293 1030 1356 tuum,
1073 1292 1129 1342 et
1176 1287 1497 1342 conﬁtebor
1550 1283 1771 1341 nomini
1800 1287 1923 1338 tuo.

280 1403 308 1429 «
343 1378 531 1450 Super
560 1376 964 1432 misericordia
991 1381 1097 1431 tua
1127 1381 1185 1431 et
1208 1376 1447 1431 veritate
1493 1381 1614 1444 tua,
1648 1372 1927 1446 quoniam

285 1489 314 1518 «
349 1465 736 1538 magniﬁcasti
769 1481 944 1536 super
974 1481 1145 1521 omne
1176 1481 1387 1520 nomen
1429 1468 1700 1520 sanctum
1731 1466 1927 1516 tuum.

283 1579 313 1607 ‹‹
348 1557 409 1611 In
432 1570 796 1626 quaecunque
818 1554 912 1609 die
932 1553 1269 1610 invocavero
1292 1558 1366 1623 te,
1392 1552 1601 1608 exaudi
1625 1568 1717 1606 me
1747 1568 1760 1607 :
1784 1548 1932 1605 mul-

286 1668 314 1696 ‹‹
346 1643 642 1716 tiplicabis
671 1642 729 1697 in
764 1643 962 1698 anima
1009 1658 1141 1698 mea
1180 1643 1480 1697 virtutem.
1535 1641 1935 1696 Conﬁteantur
1972 1654 1977 1661 ί

292 1759 315 1785 ι
350 1734 475 1799 tibi,
499 1733 761 1801 Domine,
812 1749 1017 1787 omnes
1041 1749 1205 1805 reges
1243 1736 1430 1799 terrae,
1456 1731 1597 1803 quia
1625 1729 1937 1785 audierunt

2026 574 2236 647 piendo
2260 580 2413 649 quod
2446 580 3144 651 promisisti.thuoniam
3177 598 3456 654 magnum
3480 588 3671 638 osten-

2029 664 2167 719 disti
2212 664 2266 719 in
2307 668 2597 723 evidentia
2643 670 3086 725 resurrectionis
3144 679 3417 735 sanctum,
3469 671 3526 726 id
3566 677 3676 744 est,

2029 752 2349 825 gloriosum
2378 773 2590 812 nomen
2608 766 2761 811 tuum
2792 775 2955 829 super
2972 776 3130 815 omne
3153 776 3354 815 nomen
3375 761 3675 832 quodcun-

2033 859 2145 913 que
2175 843 2533 911 nominatur,
2568 846 2688 900 sive
2720 846 2821 913 dii,
2877 847 2998 903 sive
3031 848 3245 919 angeli,
3278 852 3338 903 in
3358 866 3679 922 quacunque

2032 930 2139 986 die.
2165 932 2235 986 Et
2265 932 2403 1003 quia
2434 940 2637 1004 potens
2671 934 2856 989 factus
2888 950 2950 991 es
2980 935 3038 989 in
3068 938 3513 1007 resurrectione,
3546 936 3669 1006 oro,

2032 1020 2243 1075 exaudi
2264 1038 2349 1075 me
2378 1020 2435 1075 in
2468 1038 2817 1092 quacunque
2847 1023 2939 1079 die
2971 1027 3293 1081 invocavero
3322 1036 3393 1093 te,
3454 1027 3511 1081 id
3565 1032 3676 1100 est,

2037 1109 2096 1163 in
2130 1109 2289 1166 omni
2321 1115 2581 1181 tempore
2613 1112 2893 1167 orationis
2927 1119 3162 1169 meae.Et
3181 1116 3358 1171 debes
3380 1116 3675 1187 exaudire,

2038 1197 2342 1269 quiaillud
2365 1199 2563 1266 orabo,
2625 1206 2688 1253 ut
2720 1199 3073 1272 multiplices
3125 1205 3404 1269 virtutem,
3454 1222 3570 1260 non
3620 1206 3681 1262 in

2038 1303 2274 1358 corpore
2305 1303 2454 1352 meo,
2479 1288 2576 1342 sed
2606 1288 2667 1342 in
2707 1290 2898 1344 ani-ma
2954 1306 3096 1345 mea.
3156 1294 3238 1346 Ac
3283 1293 3331 1347 si
3382 1294 3572 1350 dicat:
3605 1298 3685 1351 Tu

2039 1380 2245 1446 potens
2279 1393 2341 1430 es
2371 1376 2729 1442 exaudire,et
2758 1377 2868 1432 hoc
2886 1394 3121 1449 oro,pro
3152 1379 3525 1451 quibusjure
3545 1400 3680 1440 sum

2040 1464 2461 1520 exaudiendus.
2497 1465 2868 1535 Con/iteantur
2895 1467 3455 1536 tibi,Domine.Modo
3488 1477 3683 1528 osten-

2041 1554 2127 1608 dit
2156 1554 2539 1609 intentionem
2564 1555 2982 1622 suam,scilicet
3026 1556 3096 1611 ad
3132 1557 3286 1628 quod
3349 1561 3687 1630 supradicta

2044 1642 2715 1714 prazmisisset,videlicet
2737 1648 2799 1698 ut
2828 1643 2936 1699 hoc
2986 1644 3248 1717 exemplo
3299 1647 3690 1705 conﬁteantur

2043 1731 2415 1801 tibi,Domine
2440 1736 2599 1799 Jesu,
2647 1748 2830 1787 omnes
2886 1749 3036 1803 reges
3093 1743 3272 1801 terras,
3302 1733 3359 1789 id
3416 1740 3523 1802 est,
3568 1754 3690 1793 ma-

293 1844 322 1874 ‹‹
353 1822 553 1879 omnia
570 1822 743 1877 verba
764 1821 882 1877 oris
914 1822 1021 1876 tui.
1066 1822 1134 1875 Et
1174 1826 1408 1876 cantent
1447 1821 1505 1874 in
1546 1819 1653 1875 viis
1679 1816 1932 1888 Domini,
1970 1866 2018 1931 Β
2039 1821 2200 1891 jores
2232 1821 2290 1875 in
2325 1821 2565 1885 mundo,
2589 1838 2704 1876 non
2734 1820 3121 1892 despicientes
3162 1823 3212 1877 ei
3244 1824 3416 1879 subdi
3450 1827 3551 1896 qui
3582 1827 3692 1882 bu-

370 1930 373 1931 ,
420 1930 425 1931 ,
478 1913 625 1931 78-..-
694 1927 897 1931 .u___4-
965 1914 1047 1931 4-1
1111 1909 1281 1931 ._I___3_
1351 1909 1580 1931 n--_:_.:
1653 1907 1934 1931 n-_-_:.......
2053 1908 2207 1931 -Αέὶέ-
2243 1909 2506 1931 --.λη-.--ἷι
2538 1909 2600 1931 ΠΛ
2637 1909 2680 1931 -2
2716 1926 2877 1931 _-..--
2908 1915 3041 1931 L____
3088 1909 3262 1931 ___-1L_
3293 1928 3340 1931 _-
3370 1930 3373 1931 ,
3398 1913 3443 1931 _'
3575 1915 3586 1926 σ

292 1937 320 1963 ‹‹
356 1913 633 1985 quoniam
693 1927 908 1983 magna
961 1914 1051 1966 est
1106 1909 1291 1983 gloria
1351 1909 1603 1965 Domini.
1653 1907 1938 1973 Quoniam

299 2026 319 2052 ι
352 2001 614 2057 excelsus
644 1999 930 2055 Dominus
972 2003 1029 2054 et
1072 1998 1320 2053 humilia
1366 1998 1620 2070 respicit,
1671 2002 1727 2053 et
1758 1995 1876 2051 alta
1912 2013 1945 2050 a

301 2115 329 2141 (ι
361 2090 535 2161 longe
554 2089 869 2159 cognoscit.
895 2089 953 2142 Si
981 2086 1353 2142 ambulavero
1377 2088 1435 2142 in
1470 2088 1659 2142 medio
1691 2084 1943 2141 tribula-

304 2202 331 2228 ‹‹
374 2177 573 2247 tionis,
594 2175 913 2231 viviﬁcabis
937 2192 1030 2231 me
1057 2193 1069 2231 :
1095 2180 1152 2230 et
1182 2192 1358 2247 super
1395 2175 1544 2231 iram
1566 2174 1942 2229 inimicorum

306 2289 334 2318 ‹‹
369 2282 631 2321 meorum
662 2264 969 2321 extendisti
1005 2280 1247 2319 manum
1271 2268 1456 2331 tuam,
1498 2269 1556 2319 et
1595 2262 1819 2318 salvum
1854 2278 1947 2316 me

302 2376 331 2403 ‹‹
368 2355 504 2410 fecit
523 2354 757 2409 dextera
776 2359 896 2408 tua.
925 2351 1206 2408 Dominus
1248 2353 1530 2408 retribuet
1550 2370 1652 2424 pro
1676 2368 1768 2407 me
1794 2368 1808 2406 ε
1834 2351 1943 2406 Do-

303 2467 332 2495 ‹‹
368 2444 547 2512 mine,
580 2442 980 2497 misericordia
1013 2445 1117 2497 tua
1165 2442 1223 2497 in
1273 2442 1574 2509 saeculum,
1622 2458 1796 2513 opera
1823 2457 1946 2495 ma-

301 2556 328 2583 ‹‹
362 2547 547 2587 nuum
577 2536 815 2587 tuarum
846 2547 918 2586 ne
948 2530 1255 2601 despicias.
1290 2553 1319 2580 υ

918 2620 1182 2675 ENARRA
1193 2620 1316 2679 T10.

377 2711 493 2766 Iste
512 2709 755 2781 psalmus
792 2709 1206 2764 attribuendus
1246 2712 1335 2764 est
1366 2710 1478 2777 ipsi
1505 2708 1716 2770 David;
1747 2708 1805 2763 id
1839 2712 1948 2776 est,

308 2799 555 2856 Domino
575 2799 709 2853 Jesu
734 2797 979 2864 Christo,
1005 2813 1119 2852 non
1144 2798 1299 2868 quod
1322 2797 1448 2868 ipse
1482 2797 1757 2868 loquatur
1779 2797 1838 2851 in
1861 2813 1948 2865 eo,

303 2888 409 2945 sed
445 2887 600 2959 quod
632 2884 871 2958 perfecti
902 2884 1002 2957 qui
1033 2885 1127 2941 hic
1158 2884 1503 2958 loquuntur,
1542 2886 1806 2958 dirigunt
1831 2903 1950 2941 ser-

305 2993 517 3033 mones
546 2992 685 3030 suos
732 2976 803 3029 ad
852 2975 1072 3046 ipsum,
1124 2980 1515 3047 proponentes
1564 2993 1625 3031 se
1657 2974 1955 3048 exemplar

304 3067 512 3122 minus
543 3063 831 3136 perfectis,
866 3068 929 3117 ut
970 3063 1233 3135 exemplo
1280 3064 1370 3119 sui
1433 3064 1817 3120 conﬁteantur
1840 3064 1953 3120 Do-

306 3152 474 3209 mino
498 3156 619 3208 tota
643 3150 965 3215 affectione,
997 3154 1055 3205 et
1108 3150 1254 3204 bene
1300 3154 1616 3222 cperentur
1664 3167 1731 3205 ea
1760 3151 1952 3205 inten-

305 3243 493 3308 tione,
521 3245 586 3295 ut
616 3237 759 3295 nihil
786 3237 946 3292 aliud
978 3242 1239 3309 quaerant
1266 3255 1445 3309 quam
1477 3238 1809 3293 Dominum.

388 3331 691 3401 Conﬁtebor
719 3328 839 3397 tibi,
872 3328 1115 3381 Domine.
1153 3327 1196 3381 Ο
1246 3325 1511 3397 Domine,
1554 3326 1661 3381 Fili
1705 3328 1823 3396 Dei,
1857 3326 1958 3398 qui

308 3419 619 3493 aequaliter
649 3416 931 3473 Dominus
980 3432 1041 3471 es
1086 3431 1221 3470 cum
1268 3416 1452 3480 Patre,
1502 3416 1655 3486 quod
1705 3415 1857 3470 valet
1887 3415 1958 3470 ad

308 3509 452 3565 ﬁdei
485 3505 987 3563 conﬁrmationem
1016 3521 1028 3558 :
1063 3504 1167 3559 tibi
1200 3504 1519 3559 conﬁtebor
1548 3506 1607 3559 in
1653 3509 1761 3560 toto
1806 3504 1963 3559 corde

306 3615 462 3665 meo,
493 3596 549 3652 id
583 3601 692 3662 est,
724 3599 844 3651 tota
882 3593 1096 3649 mentis
1135 3592 1438 3648 affectione
1487 3598 1543 3647 te
1591 3592 1861 3648 laudabo.
1894 3594 1964 3648 Et

311 3687 550 3755 merito,
582 3686 844 3756 quoniam
894 3683 1184 3739 exaudisti
1233 3683 1559 3738 orationem
1604 3700 1794 3739 meam
1826 3699 1963 3738 voce

314 3775 633 3849 prolatam.
658 3773 818 3838 Quod
842 3772 975 3844 plus
995 3777 1273 3844 estquam
1288 3771 1834 3827 sideterminaretin
1850 3789 1965 3844 qua

314 3882 384 3922 re
404 3864 570 3919 illum
598 3862 927 3929 exaudiret;
952 3861 1089 3933 quia
1111 3861 1555 3933 potestintelligi
1571 3861 1967 3933 quodcunque

318 3957 575 4026 rogaret.
653 3953 715 4006 In
787 3959 1065 4021 conspectu
1136 3950 1485 4021 angelorum."
1553 3951 1679 4005 Non
1736 3955 1964 4006 tantum

318 4042 627 4100 devotione
647 4040 898 4096 laudabo
923 4044 975 4094 te
1022 4039 1123 4094 sed
1146 4040 1320 4094 etiam
1339 4040 1595 4110 psallam,
1618 4038 1677 4093 id
1698 4046 1806 4107 est,
1824 4042 1968 4096 bene

320 4132 630 4205 operabor,
654 4131 777 4197 tibi,
802 4130 859 4184 id
888 4133 994 4195 est,
1019 4129 1090 4183 ad
1114 4127 1361 4201 gloriam
1384 4132 1570 4197 tuam,
1604 4129 1664 4182 in
1684 4137 1970 4199 conspectu

317 4224 671 4294 angelorum,
694 4221 751 4274 id
782 4224 889 4290 est,
916 4235 983 4274 ea
1007 4218 1325 4273 intentione
1346 4235 1463 4290 qua
1485 4217 1698 4289 angeli,
1722 4219 1823 4289 qui
1848 4218 1971 4274 sola

322 4310 657 4380 dilectione,
681 4326 796 4364 non
821 4308 1027 4364 timore
1050 4312 1107 4364 te
1129 4307 1394 4362 laudant.
1420 4305 1520 4361 Vel
1547 4306 1672 4361 ideo
1696 4312 1749 4362 te
1771 4305 1966 4377 laudo,

325 4401 643 4458 uttandem
659 4400 771 4455 sim
786 4396 1082 4469 positusin
1098 4395 1359 4468 angelica
1371 4396 1514 4451 visio
1525 4396 1972 4459 ne,utmanifes-

321 4498 386 4547 te
400 4504 749 4561 cognoscam
770 4492 826 4543 et
838 4487 1063 4541 videam
1081 4491 1133 4540 te
1150 4485 1290 4540 facie
1305 4485 1374 4539 ad
1392 4484 1596 4540 faciem
1616 4484 1767 4539 sicut
1781 4484 1972 4557 angeli

2053 1908 2208 1964 milis
2241 1909 2605 1981 apparuit.Et
2635 1909 2680 1964 si
2716 1915 3044 1981 reges,tunc
3087 1909 3269 1966 multo
3292 1913 3479 1983 magis
3511 1915 3694 1971 mino-

2053 2015 2142 2053 res
2165 1998 2373 2053 debent
2395 1997 2442 2052 ei
2464 1997 2849 2054 conﬁteri.Vel
2874 2003 2936 2052 ut
2956 1998 3221 2057 dicamus
3243 2000 3313 2055 de
3343 2002 3705 2074 signiﬁcatis

2053 2086 2313 2157 regibus,
2346 2102 2517 2158 reges,
2550 2086 2607 2140 id
2639 2091 2747 2154 est,
2782 2102 2987 2142 omnes
3018 2087 3466 2144 scnsualitatem
3524 2109 3694 2148 suam

2053 2181 2477 2247 regentes,meo
2500 2174 2791 2247 provocati
2840 2174 3126 2247 exemplo,
3160 2178 3521 2246 conﬁteantur
3575 2183 3698 2252 tibi,

2054 2263 2111 2318 id
2146 2264 2501 2329 est,laudent
2529 2263 2751 2334 te,quia
2780 2263 3064 2319 Dominus
3096 2280 3177 2319 es.
3212 2270 3278 2319 Et
3306 2268 3378 2321 ab
3412 2266 3520 2323 hac
3558 2285 3700 2325 con-

2061 2353 2309 2407 fessione
2338 2369 2453 2407 non
2484 2357 2758 2423 poterunt
2788 2369 2849 2415 se
2878 2356 3310 2424 excusare,quia
3333 2355 3459 2426 jam
3503 2359 3703 2415 omnia

2056 2442 2223 2497 verba
2252 2444 2362 2497 oris
2390 2442 2475 2496 tui
2513 2441 2896 2510 audierunt,id
2919 2446 3091 2511 est,le
3121 2441 3249 2514 ipso
3300 2444 3540 2502 docente
3570 2463 3701 2517 per-

2058 2533 2339 2601 ceperunt
2362 2545 2727 2600 quaecunque
2759 2529 2829 2583 ad
2856 2529 3030 2584 ﬁdem
3060 2535 3117 2584 et
3147 2530 3219 2584 ad
3274 2549 3465 2587 mores
3523 2536 3700 2605 perti-

2060 2618 2257 2673 nentia
2288 2616 2630 2689 praecepisti.
2662 2618 2730 2672 Et
2760 2616 2887 2672 ideo
2920 2634 3033 2672 non
3090 2623 3181 2673 est
3233 2636 3466 2677 necesse
3506 2628 3570 2678 ut
3625 2625 3698 2680 ad

2060 2707 2175 2762 ista
2207 2707 2483 2762 discenda
2519 2723 2624 2778 ego
2656 2722 2755 2761 eos
2785 2705 3071 2761 exhorter.
3130 2709 3194 2763 Et
3219 2717 3436 2765 cantent
3471 2713 3530 2767 in
3594 2715 3696 2769 viis

2060 2797 2361 2863 Domini,et
2390 2812 2503 2850 non
2534 2800 2763 2850 tantum
2794 2796 3200 2864 conﬁteantur,
3233 2800 3334 2853 sed
3394 2800 3570 2856 etiam
3627 2803 3701 2859 ad

2061 2885 2169 2940 hoc
2202 2890 2652 2958 promoveantur
2708 2889 2774 2939 ut
2827 2888 3064 2953 cantent,
3099 2886 3156 2940 id
3197 2893 3395 2955 est,ut
3448 2889 3702 2947 delecta-

2060 2973 2278 3029 tionem
2307 2973 2643 3039 habeant,in
2674 2974 2776 3028 viis
2824 2974 3061 3040 Domini,
3087 2974 3143 3028 id
3176 2980 3282 3041 est,
3313 2976 3366 3032 in
3403 2980 3708 3052 praeceptis

2063 3064 2280 3135 quibus
2301 3062 2420 3116 itur
2438 3062 2508 3116 ad
2533 3061 3046 3141 Dominumwellin
3079 3062 3291 3134 quibus
3321 3066 3446 3138 ipse
3469 3085 3714 3139 praeces-

2065 3150 2323 3221 sit,quod
2358 3154 2584 3204 tantum
2617 3150 3005 3221 perfectorum
3037 3156 3144 3207 est.
3169 3154 3236 3207 Et
3268 3155 3471 3210 merito
3502 3157 3716 3213 debent

1989 3230 2032 3296 C
2071 3237 2331 3292 conﬁteri
2367 3237 2608 3291 Domino
2638 3242 2695 3292 et
2725 3242 2979 3305 cantare,
3002 3242 3263 3311 quoniam
3291 3244 3489 3312 gloria,
3517 3244 3575 3298 id
3626 3250 3716 3301 est

2070 3324 2483 3393 remuneratio,
2517 3341 2695 3395 quam
2726 3324 2888 3379 dabit
2916 3327 3331 3384 conﬁtentibus
3378 3335 3436 3384 et
3476 3337 3716 3388 cantan-

2069 3414 2230 3468 tibus
2259 3413 2318 3467 in
2352 3413 2572 3477 futuro,
2603 3430 2808 3484 magna
2836 3416 2961 3469 erit.
2994 3415 3266 3483 Quoniam
3295 3419 3540 3476 excelsus
3603 3426 3715 3478 Do-

2070 3505 2406 3558 minus.Non
2437 3506 2524 3556 est
2546 3502 2875 3557 timendum
2910 3520 3098 3575 neque
3120 3505 3556 3564 formidandum
3588 3529 3720 3583 pro-

2073 3596 2202 3665 pter
2230 3592 2337 3646 hoc
2368 3608 2516 3663 opus
2548 3591 2822 3657 arduum,
2850 3591 2990 3663 quia
3011 3595 3275 3649 Dominus
3314 3599 3565 3655 emcelsus
3616 3604 3723 3671 est,

2072 3682 2131 3737 id
2164 3685 2251 3737 est
2270 3680 2739 3751 omnipotens,ad
2769 3681 3169 3751 adjuvandum
3193 3688 3494 3755 potens.Et
3514 3703 3721 3758 quem-

2074 3770 2388 3828 admodum
2420 3774 2505 3825 est
2524 3774 2751 3841 potens,
2802 3769 2976 3825 etiam
3008 3773 3248 3842 respicit,
3279 3772 3338 3828 id
3397 3779 3507 3843 est,
3547 3776 3718 3846 adju-

2078 3864 2176 3917 vat
2206 3858 2525 3926 humilia,id
2558 3863 2664 3925 est,
2688 3856 2819 3913 illos
2841 3859 2942 3929 qui
2974 3860 3044 3914 de
3066 3876 3130 3916 se
3164 3878 3279 3916 non
3331 3871 3719 3937 praesumunt,

2076 3955 2131 4006 et
2161 3967 2336 4005 suum
2367 3946 2648 4003 auxilium
2677 3946 2977 4003 humiliter
3006 3948 3338 4022 implorant.
3370 3953 3433 4009 Et
3459 3956 3599 4022 alta,
3654 3955 3713 4013 id

2077 4037 2475 4109 est,superbos
2498 4035 2597 4107 qui
2628 4036 2697 4090 de
2727 4053 2789 4091 se
2829 4044 3286 4108 praesumuntur,
3336 4058 3372 4096 a
3420 4043 3575 4116 longe
3626 4061 3716 4101 co-

2077 4129 2304 4199 gnoscit,
2336 4125 2392 4179 id
2441 4128 2548 4196 est,
2600 4125 2928 4181 considerat
2980 4144 3095 4183 non
3150 4128 3296 4199 loco,
3326 4132 3427 4186 sed
3484 4133 3717 4189 subtra-

2080 4217 2270 4273 ctione
2302 4213 2519 4287 gratiae.
2553 4218 2633 4268 Ac
2655 4212 2704 4270 si
2736 4215 2925 4270 dicat:
2958 4216 3112 4273 Licet
3141 4219 3263 4290 ipse
3313 4220 3390 4275 sit
3453 4220 3608 4275 altus
3663 4226 3721 4277 et

2080 4302 2779 4370 excelsus,misericordia
2819 4304 2946 4373 eius
3003 4322 3181 4377 prope
3236 4311 3325 4362 est
3372 4307 3720 4377 humilibus,

2081 4394 2182 4450 sed
2204 4392 2374 4463 longe
2394 4397 2617 4447 remota
2642 4391 2713 4447 ab
2737 4391 2830 4446 his
2853 4391 2953 4463 qui
2979 4409 3041 4448 se
3072 4393 3347 4449 exaltant.
3379 4394 3442 4450 Si
3466 4397 3722 4452 ambula-

2082 4499 2224 4538 vero.
2258 4480 2425 4536 Modo
2458 4480 2665 4535 asserit
2695 4481 2850 4551 quod
2881 4482 3225 4549 enuntiavit,
3271 4489 3615 4564 convertens
3663 4502 3726 4541 se

322 4586 387 4635 te
407 4578 625 4645 vident,
646 4576 732 4632 vel
755 4574 1148 4646 itaoperabor,
1171 4572 1974 4645 sicutquisempervideorab
2006 4594 2051 4659 Β
2085 4573 2154 4627 ad
2188 4568 3124 4659 Dominum,quadamgaffectione
3170 4571 3408 4628 dicens:
3455 4574 3602 4630 Vere
3661 4580 3727 4631 tu

326 4666 577 4739 angelis,
599 4681 859 4737 perquos
880 4662 983 4717 tibi
1004 4661 1265 4735 quotidie
1305 4678 1432 4716 mea
1464 4662 1613 4717 facta
1635 4663 1975 4718 renuntian-

325 4763 451 4814 tur.
484 4755 748 4824 Adorabo,
772 4754 830 4807 id
853 4758 962 4819 est,
988 4750 1364 4824 singulariter
1384 4750 1632 4823 dirigam
1668 4752 1977 4823 petitiones

329 4862 500 4901 meas
520 4845 590 4899 ad
616 4849 696 4909 te,
720 4843 963 4897 tendens
977 4841 1057 4896 ad
1078 4840 1207 4910 hoc,
1234 4844 1297 4894 ut
1319 4838 1429 4893 sim
1453 4840 1716 4911 templum
1731 4844 1980 4895 sanctum

325 4937 515 4998 tuum,
547 4932 602 4987 id
636 4936 743 5001 est,
776 4929 887 4985 tale
939 4928 1225 5001 templum
1278 4928 1434 4999 quod
1483 4932 1540 4983 te
1588 4929 1665 4983 sit
1713 4928 1978 5001 dignum,

328 5021 424 5078 vel
456 5023 526 5077 ad
560 5022 855 5077 hominem
890 5037 923 5074 a
952 5023 1006 5073 te
1038 5022 1432 5089 assumptum,
1459 5016 1557 5089 qui
1581 5021 1670 5071 est
1690 5015 1979 5089 templum

329 5116 396 5168 et
412 5109 817 5166 habitaculum
841 5108 1183 5163 divinitatis.
1208 5108 1276 5161 Et
1300 5124 1413 5161 non
1448 5112 1677 5161 tantum
1703 5106 1979 5174 adorabo,

328 5201 439 5255 sed
463 5199 641 5255 etiam
663 5197 959 5254 conﬁtebor
988 5197 1222 5265 nomini,
1264 5198 1355 5251 tuo
1386 5196 1540 5266 quod
1564 5201 1653 5250 est
1674 5195 1978 5262 Dominus,

323 5289 394 5345 id
419 5294 508 5344 est
527 5288 776 5343 laudabo
812 5290 866 5342 te
908 5302 1042 5341 voce
1080 5289 1137 5339 et
1162 5299 1352 5354 opere.
1404 5285 1577 5356 Super
1604 5284 1982 5339 misericordia

325 5389 457 5435 tua.
489 5377 754 5433 Ostendit
784 5393 909 5447 quae
941 5375 1021 5431 sit
1050 5372 1450 5429 misericordia
1476 5372 1807 5428 conﬁtendi.
1841 5373 1983 5428 Con-

324 5467 511 5524 ﬁteor
541 5472 734 5523 autem
769 5464 885 5532 hic,
927 5466 1186 5520 continet
1235 5463 1433 5517 omnia
1480 5461 1837 5533 supradicta,
1870 5462 1982 5517 sci—

321 5556 477 5613 licet
531 5556 813 5625 conﬁteri,
873 5554 1141 5628 psallere,
1195 5552 1455 5607 adorare.
1519 5550 1846 5621 Conﬁtebor,
1888 5552 1981 5607 in-

330 5661 523 5722 quam
554 5646 656 5705 tibi
683 5661 861 5720 super
889 5644 1017 5717 hoc,
1046 5643 1186 5719 quia
1216 5639 1676 5701 misericordiam
1699 5643 1757 5700 et
1776 5641 1984 5701 verita-

2086 4659 2329 4732 respicis
2354 4656 2620 4724 humilia,
2657 4657 2811 4728 quod
2843 4656 2901 4712 in
2936 4674 3028 4713 me
3061 4660 3291 4730 probari
3325 4667 3513 4734 potest
3545 4681 3557 4719 :
3593 4664 3732 4736 quia

2089 4750 2136 4805 si
2171 4749 2541 4812 ambulavero,
2586 4745 2643 4800 id
2675 4751 2782 4812 est,
2830 4763 3267 4816 perseveravero
3327 4753 3385 4806 in
3440 4752 3637 4818 medio,
3670 4753 3729 4808 id

2088 4843 2193 4903 est,
2230 4838 2286 4891 in
2320 4836 2606 4909 profundo
2626 4835 3003 4891 tribulationis
3023 4837 3378 4896 vehementis
3399 4846 3465 4896 et
3479 4858 3730 4912 magnae,

2088 4926 2390 4997 viviﬁcabis
2422 4942 2523 4989 me,
2557 4924 2611 4978 id
2665 4928 2771 4990 est,
2826 4926 3133 4982 renovabis
3193 4945 3287 4983 me
3336 4929 3394 4984 in
3448 4928 3730 4999 interiori,

2092 5008 2612 5087 quantdmcunque
2629 5013 2874 5067 exterior
2901 5013 3076 5070 homo
3100 5017 3602 5088 corrumpatur.Et
3624 5015 3733 5071 hoc

2091 5105 2284 5177 ipsum
2321 5103 2473 5174 quod
2505 5118 2963 5172 perseveravero,
2997 5122 3112 5159 non
3143 5122 3211 5159 ex
3233 5122 3326 5160 me
3356 5105 3481 5177 erit,
3516 5105 3618 5160 sed
3666 5121 3736 5160 ex

2093 5197 2355 5264 respectu
2406 5190 2814 5245 misericordiae
2846 5195 2977 5259 tuae,
3005 5192 3065 5247 id
3121 5198 3230 5264 cst,
3284 5201 3340 5249 te
3386 5194 3732 5261 viviﬁcante,

2092 5287 2270 5337 et-mc
2292 5277 2575 5333 humilem
2609 5278 3048 5349 respiciente.Et
3078 5299 3194 5337 non
3226 5287 3457 5337 tantum
3490 5282 3537 5338 si
3593 5280 3734 5336 vivi-

2092 5369 2295 5426 ﬁcabis
2326 5371 2513 5437 me,ut
2544 5384 2656 5421 non
2690 5368 2967 5424 deﬁciens
2999 5370 3209 5442 aequali
3243 5389 3421 5427 manu
3453 5372 3525 5427 de
3543 5386 3739 5442 pugna

2094 5460 2380 5525 recedam,
2415 5455 2515 5511 sed
2547 5454 2722 5510 etiam
2782 5473 3007 5513 manum
3039 5459 3239 5514 auxilii
3296 5460 3382 5515 tui
3437 5459 3736 5516 extendens

2091 5564 2254 5621 super
2283 5548 2427 5603 iram
2461 5545 2810 5599 inimicorum
2872 5563 3114 5604 meorum
3173 5553 3237 5605 ut
3292 5566 3395 5623 per
3450 5548 3739 5609 auxilium

2090 5644 2145 5698 tr
2163 5654 2262 5697 um
2318 5635 2551 5695 vincam
2582 5632 2855 5694 inimicos
2886 5652 3069 5698 meos.
3100 5641 3176 5702 Et
3229 5639 3447 5701 salvum
3498 5654 3586 5701 me
3609 5640 3743 5720 feeit
