4018 6200
339 336 459 398 803

906 330 1208 392 BEMIGII
1254 325 2005 390 ANTISSIODORENSIS
2050 326 2221 387 OPP.
2269 326 2466 386 PARS
2513 325 2563 385 l.
2598 357 2671 370 —
2703 321 3172 385 EXEGETICA.

3625 323 3756 384 804

342 469 570 523 dertera
603 470 717 532 tua,
750 465 807 519 id
841 467 949 530 est,
1010 464 1246 517 tandem
1299 479 1400 534 pro
1458 461 1790 516 extensione
1852 475 1979 512 ma-
2012 462 2065 525 Α
2096 483 2122 509 ‹‹
2157 464 2214 513 et
2244 459 2388 514 scito
2419 475 2517 513 cor
2565 474 2796 512 meum:
2842 457 3138 527 interroga
3189 470 3301 520 me,
3351 457 3412 510 et
3454 469 3745 526 cognosce

342 574 455 612 nus
480 557 695 611 salvum
720 570 805 607 me
822 553 991 625 faciet
1019 551 1249 606 dextera
1287 559 1419 615 tua;
1464 550 1521 605 id
1578 553 1684 613 est,
1734 549 1993 620 potentia

342 650 463 701 tua.
489 646 751 700 Dominus
782 641 1232 697 retribuet.Modo
1263 640 1400 694 facit
1458 638 1839 693 assertionem
1894 638 1993 692 de-

342 734 456 789 alia
484 739 660 804 parte.
689 731 832 786 Vere
865 730 984 785 alta
1029 733 1341 801 cognoscet
1399 728 1702 793 Dominus,
1765 726 1822 779 id
1884 730 1990 794 est,

339 821 728 877 considerabit
749 821 819 875 ad
849 817 1343 890 puniendum,qui
1374 833 1507 870 cum
1538 832 1626 869 me
1650 815 1877 869 salvum
1914 814 1986 867 fe'

343 912 483 967 cerit
504 910 837 966 collocando
865 909 922 961 in
964 908 1217 972 dextera,
1252 908 1375 977 ipse
1408 905 1684 960 Dominus
1736 904 1995 959 retribuet

340 1016 441 1072 pro
468 1016 550 1054 me
572 997 715 1069 ipsis
748 996 1004 1051 inimicis
1035 1002 1092 1051 et
1124 994 1595 1067 persecutoribus
1623 991 1855 1058 meis,id
1884 996 1992 1058 est,

343 1088 505 1143 dabit
534 1087 616 1143 eis
646 1102 877 1158 poenam
914 1090 1147 1157 propter
1169 1084 1397 1151 me,hoc
1428 1087 1534 1147 est,
1557 1082 1741 1136 vicem
1779 1097 1987 1146 meam,

342 1177 481 1249 quia
505 1192 609 1247 ego
636 1175 795 1230 nolui
829 1173 1254 1254 vindicare,sed
1315 1170 1640 1243 exspectavi
1695 1186 1828 1224 eum
1891 1170 1991 1241 qui

342 1267 487 1320 dixit
510 1281 524 1320 :
545 1264 1023 1319 mihivindictam
1050 1268 1106 1317 et
1138 1278 1243 1334 ego
1272 1260 1986 1331 retribuam(Deat.xxx11).

340 1356 511 1410 Modo
553 1353 687 1407 facit
715 1352 1035 1409 orationem
1067 1352 1137 1406 de
1168 1351 1259 1405 his
1309 1368 1436 1423 quae
1496 1348 1767 1421 superius
1822 1346 1986 1415 dixit,

340 1444 422 1499 ita
453 1444 695 1498 dicens:
729 1443 980 1509 Domine,
1015 1441 1167 1495 sicut
1224 1439 1599 1494 misericordia
1643 1447 1736 1493 tua
1793 1441 1882 1493 est
1930 1439 1989 1491 in

340 1534 620 1597 necatum,
653 1530 710 1584 id
744 1529 997 1600 est,quia
1027 1533 1089 1583 tu
1132 1546 1193 1584 es
1226 1528 1560 1582 misericors
1622 1524 1986 1594 naturaliter,

342 1622 422 1675 ita
474 1632 637 1692 apem
695 1635 969 1673 manuum
1025 1629 1247 1673 tuarum
1311 1633 1381 1671 ne
1439 1617 1704 1685 despicias
1768 1613 1824 1668 id
1878 1617 1986 1681 est,

342 1710 562 1764 bonum
594 1725 740 1783 opus
763 1708 917 1778 quod
959 1706 1017 1761 in
1042 1723 1133 1761 me
1163 1706 1457 1777 incepisti,
1487 1707 1730 1760 deiicere
1764 1720 1835 1757 ne
1866 1720 1989 1774 per-

345 1798 674 1867 mittas,sed
709 1796 877 1852 bonis
900 1795 1201 1868 principiis
1233 1797 1306 1849 da
1337 1794 1608 1849 meliores
1639 1794 1848 1860 exitus,
1904 1793 1986 1847 fa-

346 1886 504 1942 ciens
538 1902 628 1941 me
659 1901 1021 1956 perseverare
1051 1886 1109 1938 in
1151 1884 1318 1938 bonis
1367 1883 1661 1954 operibus,
1707 1899 1830 1953 quae
1891 1886 1989 1935 tua

345 1978 504 2045 sunt,
541 1991 653 2029 non
680 1973 1001 2035 ωειλ.ουοά
1026 1973 1135 2027 hac
1167 1973 1380 2027 fiducia
1410 1989 1529 2039 oro,
1568 1971 1705 2042 quia
1752 1971 1985 2025 miseri-

346 2064 541 2120 cordia
569 2068 671 2118 tua
694 2066 782 2119 est
812 2064 869 2118 in
910 2062 1171 2118 sazculum
1202 2078 1604 2133 permansura.

808 2250 1142 2307 PSALMUS
1193 2249 1525 2305 CXXXVIII.
1563 2254 1573 2263 ”

780 2376 839 2414 IN
871 2376 1047 2414 FINEM
1079 2375 1331 2413 PSALMUS
1362 2374 1555 2414 DAVID.

415 2535 443 2562 «
475 2510 739 2581 Domine,
774 2510 1034 2581 probasti
1068 2525 1160 2563 me
1190 2513 1247 2563 et
1276 2506 1601 2579 cognovisti
1636 2521 1727 2559 me
1772 2508 1831 2557 tu
1896 2520 1988 2557 co-

349 2624 376 2649 ‹‹
412 2597 660 2671 gnovisti
747 2597 1067 2651 sessionem
1139 2612 1328 2650 meam
1387 2600 1443 2649 et
1500 2591 1987 2648 resurrectionem

349 2711 377 2738 «
403 2704 613 2743 meam.
650 2684 986 2740 Intellexisti
1034 2684 1411 2753 cogitationes
1472 2697 1633 2736 meas
1694 2682 1765 2734 de
1796 2680 1989 2750 longe,

350 2800 378 2826 ‹‹
410 2776 679 2832 semitam
705 2790 890 2829 meam
922 2778 978 2827 et
1011 2772 1334 2825 funiculum
1372 2787 1562 2825 meum
1606 2767 1985 2839 investigasti.

348 2886 375 2913 α
411 2865 703 2919 Etomnes
731 2861 854 2915 vias
889 2859 1548 2931 measprazvidisti,quia
1578 2874 1691 2912 non
1727 2860 1816 2911 est
1863 2871 1985 2909 ser-

345 2973 371 2999 ‹‹
408 2967 501 3004 mo
533 2951 590 3003 iu
651 2949 855 3019 lingua
905 2964 1054 3002 mea.
1106 2953 1245 3002 Ecce
1307 2946 1573 3007 Domine,
1627 2951 1713 3009 tu,
1776 2961 1987 3017 cogno-

354 3060 382 3087 ‹‹
442 3037 576 3091 visti
626 3036 823 3092 omnia
880 3034 1199 3091 novissima
1246 3038 1302 3090 et
1342 3035 1601 3106 antiqua,
1656 3039 1718 3088 tu
1772 3035 1986 3089 forma-

352 3148 380 3178 ‹‹
407 3125 480 3181 sti
515 3141 626 3193 me,
658 3129 710 3181 et
744 3125 991 3197 posuisti
1014 3140 1190 3196 super
1222 3141 1313 3179 me
1345 3141 1583 3179 manum
1610 3129 1789 3178 tuam.
1815 3123 1986 3179 Mira-

2107 572 2133 599 ‹‹
2166 548 2405 603 semitas
2439 565 2616 603 meas.
2651 548 2719 601 Et
2764 546 2892 600 vide
2942 544 2991 600 si
3039 544 3129 599 via
3179 544 3517 615 iniquitatis
3565 543 3626 599 in
3661 560 3763 600 me

2106 657 2134 684 «
2168 642 2274 704 est,
2309 642 2364 691 et
2391 636 2577 691 de'luc
2607 653 2696 690 me
2728 635 2787 689 in
2818 634 2908 689 via
2952 639 3186 688 aeterna.
3222 654 3249 681 ››

2724 776 2987 832 ENARRA
2998 776 3119 830 T10.

2176 905 2483 958 Tractatus
2508 902 2616 957 iste
2651 901 2990 956 attribuitur
3029 898 3205 971 capiti
3239 903 3436 955 nostro
3467 915 3604 954 vero
3644 900 3759 956 Da-

2102 992 2217 1058 vid,
2245 992 2403 1047 eunti
2427 995 2481 1046 in
2504 993 2669 1062 ﬁnem
2689 990 2745 1044 id
2768 996 2877 1055 est,
2902 990 2961 1044 in
2988 989 3763 1060 consummationemjusti-

2101 1080 2193 1134 tia:
2217 1086 2274 1135 et
2296 1081 2569 1147 scientiae,
2597 1080 2687 1134 cui
2711 1085 2903 1134 tamen
2940 1078 3082 1133 nihil
3110 1079 3293 1133 defuit
3315 1079 3372 1134 in
3400 1079 3760 1151 perfectione

2099 1168 2404 1236 virtutum,
2431 1170 2530 1224 sed
2555 1186 2622 1224 ea
2644 1168 2962 1224 intentione
3004 1167 3098 1222 hic
3119 1167 3401 1239 loquitur,
3430 1172 3495 1222 ut
3517 1168 3759 1224 audito-

2105 1275 2193 1313 res
2224 1260 2351 1329 ejus
2385 1257 2647 1329 exemplo
2682 1257 2992 1328 provocati,
3045 1257 3322 1312 studeant
3369 1256 3486 1312 sibi
3514 1257 3763 1312 confor-

2102 1348 2249 1401 mari
2274 1364 2287 1401 ε
2315 1348 2453 1419 quia
2474 1348 2580 1402 etsi
2605 1347 2768 1419 prius
2808 1346 3240 1417 quodammodo
3282 1350 3558 1416 poterunt
3578 1362 3756 1402 excu-

2101 1436 2239 1507 sari,
2258 1436 2467 1491 amodo
2489 1436 2720 1507 penitus
2744 1441 2915 1490 erunt
2932 1435 3383 1503 inexcusabiles,
3409 1434 3458 1490 si
3484 1452 3603 1491 non
3626 1438 3760 1492 obe-

2100 1524 2333 1589 dierint,
2360 1542 2490 1579 cum
2512 1525 2827 1596 perfectum
2849 1524 3145 1595 exemplar
3178 1524 3431 1595 justitim
3454 1529 3513 1579 et
3536 1527 3755 1581 sancti-

2099 1613 2237 1668 tatis
2268 1614 2325 1668 in
2360 1615 2485 1685 ipso
2516 1614 2769 1668 habeant
2800 1613 3079 1684 positum.

2170 1705 2414 1769 Domine,
2446 1704 2693 1775 probasti
2712 1719 2811 1757 me.
2846 1704 2888 1757 Ο
2912 1702 3157 1758 Domine
3180 1706 3372 1770 Pater,
3394 1708 3459 1757 tu
3480 1704 3750 1773 probasti

2101 1809 2205 1857 me,
2241 1793 2294 1846 id
2329 1798 2435 1855 est,
2461 1793 2669 1847 misisti
2696 1809 2787 1847 me
2808 1792 2866 1846 in
2890 1791 3306 1863 experientiam
3332 1794 3744 1850 mandatorum

2099 1887 2355 1952 tuorum,
2380 1882 2488 1937 hoc
2522 1886 2629 1951 est,
2672 1881 2855 1935 fecisti
2906 1898 2999 1935 me
3040 1882 3317 1937 mandata
3355 1888 3459 1937 tua
3481 1884 3756 1955 experiri,

2097 1974 2146 2023 et
2176 1972 2471 2040 cognovisti
2496 1986 2601 2040 me,
2634 1969 2691 2024 id
2716 1975 2822 2034 est,
2846 1970 3100 2024 dilexisti
3134 1986 3227 2025 me
3252 1988 3263 2025 :
3299 1971 3440 2042 quia
3470 1972 3753 2028 mandata

2099 2063 2199 2114 tua
2228 2059 2470 2130 explevi.
2505 2060 2571 2113 Et
2610 2076 2949 2131 quanquam
2974 2059 3279 2115 dilexisses
3316 2065 3373 2115 et
3397 2060 3639 2133 diligas,
3662 2067 3747 2116 ta-

2102 2165 2233 2203 men
2250 2152 2311 2202 tu
2333 2164 2648 2222 cognosces
2678 2150 2966 2203 sessionem
2995 2165 3194 2214 meam,
3239 2149 3296 2204 id
3344 2153 3454 2216 est,
3494 2148 3745 2221 placebit

2102 2254 2193 2291 uie
2225 2236 2536 2291 humiliare
2568 2237 2627 2291 in
2661 2236 2954 2307 passione,
2986 2242 3043 2292 et
3068 2237 3151 2292 sic
3181 2237 3251 2292 ad
3280 2236 3533 2308 gloriam
3557 2255 3745 2294 resur-

2100 2326 2372 2381 rectionis
2406 2326 2722 2398 pervenire.
2772 2325 2873 2380 Vel
2926 2328 3092 2397 quasi
3141 2325 3355 2398 aliquis
3399 2327 3744 2384 diceret:Si

2101 2415 2388 2486 cognovit,
2422 2431 2524 2469 cur
2554 2414 2738 2469 occidi
2796 2414 3107 2486 permisit?
3137 2415 3254 2469 ait:
3305 2415 3391 2469 Tu
3421 2419 3745 2487 cognovisti,

2102 2504 2159 2557 id
2189 2510 2295 2571 est,
2331 2503 2438 2558 etsi
2469 2503 2615 2558 alios
2647 2503 2841 2569 lateat,
2876 2509 2935 2559 tu
2969 2504 3085 2559 scis
3135 2508 3331 2558 tamen
3371 2504 3445 2559 ad
3481 2505 3627 2576 quid
3664 2523 3751 2562 me

2103 2593 2219 2662 pati
2242 2593 2474 2647 voluisti
2498 2596 2554 2647 et
2575 2608 2895 2665 resurgere,
2922 2593 3255 2647 intellexisti
3273 2595 3659 2662 cogitationes.
3686 2595 3747 2649 Et

2101 2699 2214 2735 non
2240 2688 2467 2737 tantum
2495 2680 2750 2753 probasti
2776 2698 2867 2736 me
2890 2682 2946 2735 in
2971 2681 3273 2753 praeceptis
3293 2682 3626 2753 completis,
3652 2684 3748 2738 sed

2100 2774 2157 2824 et
2177 2770 2559 2841 cogitationes
2589 2786 2739 2825 meas
2771 2769 3129 2836 intellexisti,
3162 2770 3216 2824 id
3249 2775 3356 2833 est,
3404 2770 3557 2826 tales
3587 2777 3750 2827 erant

2100 2875 2224 2929 quze
2247 2858 2433 2930 dignae
2458 2863 2654 2913 essent
2675 2864 2773 2913 tuo
2796 2858 3114 2929 intellectu,
3149 2864 3206 2913 et
3247 2858 3354 2914 hoc
3375 2860 3451 2915 de
3478 2860 3660 2931 longe,
3691 2862 3746 2916 id

2098 2951 2204 3013 est,
2240 2947 2309 3001 ab
2344 2948 2575 3002 exordio
2622 2949 2753 3003 vita:
2805 2964 2967 3003 mea.
3021 2949 3273 3004 Semitas
3327 2966 3512 3014 meas,
3549 2951 3608 3005 id
3639 2956 3747 3019 est,

2098 3036 2311 3091 arduas
2342 3040 2399 3091 et
2427 3035 2754 3109 singulares
2794 3039 3039 3093 virtutes
3094 3054 3253 3093 meas
3280 3054 3292 3092 :
3326 3042 3376 3093 et
3404 3040 3742 3107 funiculum,

2096 3124 2154 3178 id
2177 3129 2283 3191 est,
2309 3130 2552 3181 mortem
2582 3125 2937 3181 haereditatis
2957 3143 3116 3192 meae,
3137 3126 3357 3182 scilicet
3369 3127 3615 3183 salutem
3632 3128 3739 3183 hu-

352 3237 380 3266 ‹‹
412 3214 547 3270 bilis
582 3215 732 3270 facta
761 3219 850 3271 est
870 3214 1115 3269 scientia
1142 3218 1243 3269 tua
1273 3230 1341 3269 ex
1374 3230 1464 3268 me
1499 3231 1511 3269 :
1546 3213 1868 3269 confortata
1897 3216 1987 3268 est
2017 3199 2059 3265 C
2098 3214 2257 3268 mani
2288 3214 2539 3286 generis,
2573 3231 2699 3285 quae
2733 3220 2821 3270 est
2847 3215 3153 3271 haereditas
3186 3232 3335 3285 mea,
3370 3219 3739 3288 investigasti,

353 3325 377 3355 ι
406 3309 461 3360 et
486 3322 603 3360 non
638 3309 835 3376 potero
867 3305 939 3359 ad
970 3304 1245 3366 eam.Quo
1268 3303 1363 3359 ibo
1396 3319 1427 3357 a
1461 3302 1667 3374 spiritu
1727 3306 1825 3357 tuo
1848 3302 1874 3356 ?
1933 3306 1991 3357 et

348 3418 375 3445 ‹‹
403 3411 518 3466 quo
552 3411 585 3449 a
611 3394 753 3449 facie
785 3398 886 3448 tua
918 3393 1136 3464 fugiam
1167 3393 1195 3447 ?
1216 3393 1270 3447 Si
1305 3393 1620 3447 ascendere
1651 3392 1712 3446 in
1752 3391 1985 3463 cmlum,

350 3506 377 3533 ‹‹
405 3487 466 3538 tu
492 3483 608 3537 illic
630 3500 689 3537 es
725 3483 801 3538 :si
863 3482 1214 3537 descendere
1264 3482 1322 3536 in
1372 3481 1691 3544 infernum,
1730 3480 1889 3535 ades.
1930 3481 1987 3535 Si

350 3595 377 3623 ‹‹
409 3588 714 3643 sumpsero
737 3588 960 3642 pennas
991 3588 1153 3625 meas
1185 3569 1523 3635 diluculo,et
1554 3569 1987 3624 habitavero'in

349 3660 678 3716 «extremis
714 3660 1151 3715 mariszetenim
1175 3659 1312 3714 illuc
1346 3675 1555 3713 manus
1591 3664 1691 3713 tua
1742 3659 1988 3713 deducet

347 3772 375 3801 ‹‹
408 3766 519 3817 me,
554 3754 610 3805 et
658 3750 879 3805 tenebit
927 3764 1020 3804 me
1069 3751 1303 3804 dextera
1359 3753 1480 3802 tua.
1510 3747 1576 3801 Et
1633 3748 1793 3802 dixi:
1857 3748 1989 3801 For-

343 3859 373 3890 «
405 3840 556 3895 sitan
588 3840 838 3894 tenebras
869 3837 1298 3893 conculcabunt
1328 3854 1439 3904 me,
1497 3841 1554 3891 et
1605 3853 1715 3890 nox
1769 3835 1986 3890 illumi-

344 3928 550 3982 «natio
582 3944 710 3982 mea
739 3927 796 3981 in
849 3927 1071 3982 deliciis
1132 3928 1298 3982 meis.
1361 3926 1508 3990 Quia
1565 3926 1812 3979 lenebrze
1871 3943 1985 3980 non

344 4037 372 4065 «
408 4015 883 4069 obscurabuntur
914 4032 947 4070 a
1004 4020 1059 4070 te
1115 4020 1171 4072 et
1225 4032 1339 4070 nox
1385 4015 1538 4071 sicut
1595 4014 1721 4069 dies
1767 4013 1987 4069 illumi-

345 4124 374 4151 ‹‹
405 4101 641 4156 nabitur
674 4102 865 4157 :sicut
894 4104 1143 4157 tenebrae
1202 4106 1351 4173 eius,
1383 4103 1465 4159 ita
1495 4108 1551 4159 et
1589 4102 1787 4157 lumen
1835 4103 1983 4173 ejus.

346 4211 374 4241 «
399 4189 540 4254 Quia
562 4195 624 4244 tu
660 4189 968 4261 possedisti
996 4208 1161 4246 renes
1220 4208 1399 4258 meos,
1426 4190 1739 4263 suscepisti
1794 4208 1885 4246 me
1916 4193 1987 4247 de

350 4299 370 4326 ι
394 4284 558 4352 utero
592 4278 798 4334 matris
829 4278 1332 4334 mete.Conlitebor
1353 4279 1478 4344 tibi,
1512 4280 1790 4351 quoniam
1827 4281 1990 4335 terri-

348 4390 376 4420 ‹‹
399 4367 592 4422 biliter
614 4367 1026 4439 magniﬁcatus
1058 4383 1141 4433 es,
1175 4367 1465 4422 mirabilia
1523 4385 1696 4439 opera
1754 4374 1873 4439 tua,
1931 4374 1989 4425 et

350 4477 375 4509 α
398 4458 594 4512 anima
624 4473 754 4512 mea
776 4456 1077 4528 cognoscit
1108 4457 1282 4512 nimis
1313 4474 1324 4510 :
1360 4473 1476 4513 non
1514 4462 1600 4513 est
1631 4457 1984 4513 occultatum

2098 3302 2154 3357 id
2187 3308 2293 3366 est,
2329 3320 2422 3358 me
2449 3302 2799 3375 investigare
2830 3298 3040 3374 feeisti,
3074 3309 3138 3359 ut
3184 3305 3332 3360 nihil
3361 3305 3447 3361 ibi
3478 3307 3745 3363 attende-

2098 3409 2218 3447 rem
2252 3392 2363 3446 nisi
2394 3392 2816 3465 reparationem
2851 3393 3095 3449 humani
3141 3394 3392 3466 generis.
3446 3395 3685 3451 Dictum
3714 3413 3749 3451 a

2098 3480 2482 3536 similitudine
2526 3482 2783 3536 viatoris.
2837 3482 2972 3553 quia
3021 3486 3152 3553 post
3208 3482 3472 3539 laborem
3521 3484 3747 3540 itineris

2099 3569 2305 3640 qurerit
2327 3570 2609 3640 requiem.
2634 3569 2796 3625 Unde
2815 3570 3063 3625 habetur
3086 3572 3142 3625 in
3168 3572 3408 3627 Hebraeo
3437 3590 3451 3629 :
3506 3576 3746 3629 Accuba-

2097 3660 2304 3713 tionem
2324 3676 2502 3712 meam
2523 3660 2882 3729 investigasti,
2916 3659 2973 3714 id
3006 3665 3113 3723 est,
3147 3660 3403 3731 quietem
3438 3662 3736 3716 immorta-

2099 3747 2340 3801 talitatis
2371 3751 2425 3801 et
2469 3747 2963 3817 impassibilitatis
3014 3766 3105 3804 me
3152 3748 3489 3822 investigare
3519 3748 3721 3804 fecisti.

2097 3842 2138 3889 A
2174 3835 2478 3907 principio,
2514 3836 2778 3906 inquam,
2811 3853 2880 3891 ex
2917 3853 3032 3908 quo
3082 3838 3188 3902 fui,
3239 3839 3381 3893 talia
3428 3854 3515 3893 me
3542 3834 3726 3892 fecisti

2098 3924 2367 3995 cogitare,
2403 3941 2529 3996 quas
2562 3924 2740 3996 digna
2768 3931 2965 3980 essent
3010 3930 3110 3981 tuo
3163 3926 3485 3982 intellectu.
3523 3927 3593 3981 Et
3618 3942 3736 3981 non

2097 4012 2287 4068 solum
2311 4029 2652 4068 communes
2675 4013 2920 4069 virtutes
2946 4031 3072 4085 quae
3096 4020 3236 4070 sunt
3253 4016 3314 4070 in
3334 4014 3624 4087 pluribus,
3641 4014 3743 4071 sed

2097 4101 2272 4157 etiam
2306 4100 2634 4173 singulares
2666 4119 2793 4174 qua:
2824 4108 2963 4158 sunt
2994 4103 3053 4158 in
3102 4104 3308 4175 paucis
3362 4110 3428 4159 ut
3456 4105 3745 4178 virginem

2097 4207 2245 4260 esse,
2271 4194 2328 4245 et
2356 4190 2701 4262 temporalia
2729 4195 3097 4263 postponere,
3131 4192 3390 4264 solisque
3421 4193 3642 4249 divinis
3668 4194 3750 4248 in-

2096 4279 2375 4351 vigilare:
2410 4284 2465 4334 et
2494 4296 2673 4350 supra
2705 4279 2921 4345 omnia,
2956 4280 3365 4338 dimissionem
3387 4281 3747 4339 hereditatis

2100 4384 2261 4432 mea),
2298 4384 2421 4437 qua:
2455 4371 2542 4422 est
2572 4367 2628 4421 in
2661 4366 2984 4424 salvatione
3015 4368 3347 4437 hominum,
3383 4370 3443 4425 in
3488 4387 3584 4426 me
3606 4373 3752 4425 inue-

2096 4458 2331 4524 stigasti,
2358 4455 2414 4509 id
2441 4461 2547 4526 est,
2581 4474 2653 4511 an
2686 4457 2758 4511 de
2790 4455 2879 4511 his
2925 4457 3209 4513 sollicitus
3258 4475 3449 4514 essem
3480 4459 3751 4515 conside-

342 4569 369 4597 «
403 4564 468 4602 os
501 4563 695 4602 meum
730 4563 763 4601 a
798 4552 852 4601 te
885 4548 1038 4617 quod
1074 4547 1260 4602 fecisti
1284 4547 1340 4601 in
1375 4545 1679 4612 occulto,et
1713 4549 1986 4603 substan-
2019 4567 2064 4629 D
2098 4546 2257 4600 rasti.
2292 4546 2355 4600 Et
2385 4562 2565 4601 omnes
2586 4548 2702 4600 vias
2734 4563 2884 4601 meas
2910 4548 3251 4618 praevidisti.
3289 4548 3497 4603 Adhuc
3532 4548 3751 4620 aliquis

350 4657 371 4685 ι
406 4635 486 4689 tia
510 4652 637 4690 mea
667 4636 725 4689 in
750 4635 1125 4692 inferioribus
1156 4636 1757 4708 terrteJmperfectum
1791 4654 1986 4693 meum

343 4744 375 4774 ι(
405 4724 673 4778 viderunt
702 4724 849 4779 oculi
884 4726 966 4779 tui
994 4744 1005 4780 ε
1032 4731 1086 4780 et
1116 4726 1174 4779 in
1197 4725 1344 4781 libro
1367 4731 1466 4780 tuo
1494 4743 1699 4781 omnes
1731 4727 1986 4781 scriben-

349 4828 373 4861 ι
408 4816 538 4867 tur:
572 4812 697 4867 dies
721 4813 1211 4882 formabuntur,et
1242 4831 1412 4870 nemo
1436 4815 1492 4868 in
1519 4813 1770 4869 εἰς.Μίᾕὶ
1795 4818 1987 4869 autem

343 4921 372 4953 a
404 4901 581 4957 nimis
605 4902 972 4957 honorificati
997 4909 1134 4958 sunt
1157 4905 1329 4959 amici
1355 4902 1829 4971 tui,Deus:nimis
1851 4920 1986 4958 con-

348 5012 367 5039 κ
405 4991 652 5045 fortatus
684 4995 775 5046 est
801 4991 1163 5062 principatus
1194 5009 1415 5047 eorum.
1441 4992 1835 5048 Dinumerabo
1866 5009 1984 5062 eos,

345 5101 373 5129 ‹‹
406 5084 463 5135 et
492 5096 919 5151 superarenam
957 5079 1543 5152 multiplicabuntur:
1580 5080 1899 5146 exsurrexi,
1933 5084 1990 5135 et

343 5189 371 5217 «
402 5168 592 5223 adhuc
626 5187 758 5224 sum
789 5175 1003 5224 tecum.
1035 5170 1093 5225 Si
1127 5169 1427 5240 occideris,
1464 5175 1633 5236 Deus,
1660 5174 1988 5241 peccatores

340 5277 372 5308 ς(
398 5257 506 5311 viri
537 5259 919 5331 sanguinum,
945 5259 1229 5313 declinato
1261 5277 1293 5313 a
1325 5276 1435 5314 me.
1487 5260 1631 5324 Quia
1675 5259 1870 5313 dicitis
1928 5259 1986 5312 in

343 5369 370 5397 ‹‹
406 5348 753 5418 cogitatione
793 5366 805 5403 :
841 5349 1141 5420 Accipient
1172 5348 1230 5404 in
1262 5349 1514 5403 vanitate
1533 5349 1792 5404 civitates
1825 5366 1983 5403 suas.

340 5458 367 5484 ‹‹
391 5434 592 5491 Nonne
622 5437 722 5508 qui
744 5438 997 5492 oderunt
1025 5442 1099 5509 te,
1137 5438 1402 5505 Domine,
1438 5438 1695 5501 oderam,
1721 5445 1777 5493 et
1808 5454 1987 5509 super

343 5542 372 5574 «
402 5522 669 5580 inimicos
700 5532 833 5582 tuos
864 5527 1233 5582 tabescebam
1254 5526 1544 5583 ?Perfecto
1569 5527 1701 5583 odio
1745 5528 1983 5583 oderam

339 5609 555 5691 «illos,
579 5612 802 5672 inimici
834 5616 969 5676 facti
999 5621 1141 5673 sunt
1192 5615 1358 5673 mihi.
1418 5616 1604 5675 Proba
1651 5633 1764 5691 me,
1810 5618 1981 5691 Deus,

2100 4634 2385 4690 intensius
2404 4634 2543 4689 dicit
2564 4636 2633 4689 ad
2658 4636 3225 4692 commendationem
3252 4637 3361 4692 sui.
3386 4638 3539 4700 Quid
3556 4638 3749 4693 dicam

2099 4723 2473 4795 singulariter
2494 4723 2874 4795 cogitationes
2898 4730 2953 4779 et
2975 4726 3215 4780 semitas
3236 4726 3261 4779 ?
3282 4726 3482 4782 Potius
3504 4743 3749 4799 genera-

2098 4812 2230 4867 liter
2250 4813 2463 4882 dicam,
2495 4829 2677 4868 omnes
2708 4816 2823 4869 vias
2844 4815 3181 4885 prtevidisti,
3212 4815 3269 4869 id
3293 4819 3401 4881 est,
3431 4817 3751 4887 praevidere

2100 4919 2191 4957 me
2225 4902 2409 4957 fecisti
2442 4908 2499 4959 et
2529 4902 2658 4957 Ideo
2709 4903 3133 4959 rationabiliter
3181 4908 3239 4959 et
3282 4904 3428 4959 bene
3479 4904 3751 4976 disposui

2099 4992 2362 5048 incedere
2388 5010 2487 5063 per
2508 4991 2659 5048 illas.
2686 4992 2752 5046 Et
2776 5010 2844 5047 ne
2881 4992 3094 5065 aliquis
3135 4997 3478 5063 arroganter
3502 4994 3627 5050 haec
3657 4994 3749 5049 di-

2097 5086 2191 5135 cta
2212 5081 2501 5153 opinetur,
2525 5099 2637 5136 non
2662 5083 2815 5153 quod
2841 5082 2917 5137 sit
2937 5082 2997 5137 in
3035 5099 3116 5149 re,
3156 5083 3311 5138 dicit.
3352 5082 3485 5139 Ideo
3524 5084 3641 5139 ista
3670 5083 3749 5138 sic

2098 5169 2275 5224 libere
2303 5170 2633 5241 pronuntio,
2660 5174 2792 5242 quia
2823 5188 2935 5225 non
2976 5181 3052 5227 est
3075 5188 3252 5227 sermo
3286 5176 3515 5227 tantum
3549 5176 3607 5228 in
3639 5175 3748 5228 lin-

2093 5276 2205 5330 gua
2236 5276 2375 5327 mea,
2406 5261 2503 5315 sed
2553 5278 2621 5314 ex
2664 5260 2900 5315 veritate
2947 5259 3174 5331 loquar,
3221 5266 3277 5316 et
3324 5262 3395 5316 ad
3430 5261 3746 5317 utilitatem

2097 5353 2152 5403 et
2183 5348 2625 5403 instructionem
2676 5349 3032 5404 auditorum.
3084 5352 3236 5414 Ecce,
3279 5352 3535 5416 Domine,
3573 5360 3629 5405 tu
3660 5365 3742 5406 ω·

2094 5440 2351 5507 gnovisti.
2389 5438 2513 5493 Dixi
2545 5439 2683 5511 quia
2712 5456 2817 5494 non
2849 5447 2929 5495 est
2954 5456 3127 5495 sermo
3162 5440 3216 5494 id
3264 5444 3353 5496 est
3400 5438 3655 5505 fallacia,
3686 5441 3741 5494 is

2096 5528 2287 5599 lingua
2313 5544 2456 5583 mea.
2489 5533 2552 5583 Et
2574 5545 2704 5584 ecce
2729 5528 2787 5583 in
2816 5529 3123 5585 manifesto
3163 5534 3252 5584 est
3293 5529 3419 5595 tibi,
3454 5529 3511 5584 id
3534 5534 3627 5585 est
3646 5544 3737 5583 co-

2093 5634 2219 5675 ram
2236 5621 2291 5675 te
2314 5617 2422 5676 hoc
2442 5619 2597 5692 quod
2623 5617 2856 5693 loquor,
2888 5618 2987 5694 qui
3029 5635 3144 5678 non
3189 5622 3355 5699 potes
3394 5617 3539 5690 falli,
3564 5624 3635 5677 et'
3651 5617 3733 5675 cui
