4018 6200
258 349 382 410 805

1384 334 1992 405 ENARRATIONES
2041 340 2115 404 1N
2164 332 2547 408 PSALMOS.

3549 351 3669 412 806

261 496 379 535 non
408 481 501 535 est
529 476 764 534 mentiri
799 494 812 534 :
844 476 982 549 quia
1010 478 1076 530 tu
1106 476 1408 547 cognovisti
1435 490 1641 543 omnia,
1672 476 1907 530 novissi-
1941 478 1995 544 Α
2022 478 2241 531 tero.Et
2270 476 2320 531 si
2348 475 2610 534 localiter
2639 477 2709 532 ad
2732 477 3013 548 infernum
3045 466 3567 543 descendero,utvel
3590 482 3667 537 ibi

210 590 217 601 ·
260 586 375 639 ma,
408 568 468 623 id
501 573 593 623 est
620 567 1159 640 preterita,quanto
1191 564 1379 637 magis
1409 563 1913 637 praesentia?Pro-

266 658 429 724 busti,
459 656 703 729 inquam
733 672 841 724 me,
875 665 928 711 et
977 654 1295 726 praevidisti
1349 656 1470 709 vias
1525 669 1676 709 meas
1721 658 1778 708 et
1815 669 1918 725 per

265 748 423 805 hanc
451 746 856 818 probationem
886 749 945 800 et
981 744 1387 817 praevisionem
1438 745 1691 814 formasti
1723 752 1824 808 me,
1858 743 1917 797 id

269 842 361 893 est
391 836 715 913 formesum
738 839 797 890 et
828 835 1161 907 speciosum
1194 849 1289 889 me
1318 832 1527 897 fecisti;
1548 837 1603 888 et
1635 837 1766 903 post
1787 847 1917 903 spe-

270 925 601 982 ciositatem
632 923 780 979 mihi
811 922 1081 978 collatam
1113 938 1240 990 quae
1272 926 1361 976 est
1376 922 1671 992 profectus
1704 920 1919 991 perfec-

272 1014 506 1081 ctionis,
537 1015 776 1083 posuisti
803 1028 965 1084 super
994 1027 1081 1067 me
1108 1027 1360 1077 manum,
1388 1010 1447 1065 id
1478 1013 1567 1065 est
1617 1009 1924 1081 protectio-

274 1120 409 1161 nem
443 1110 615 1167 tuam,
648 1102 757 1158 hoc
814 1106 922 1169 est,
984 1116 1351 1172 perseverare
1403 1114 1495 1153 me
1549 1097 1734 1153 fecisti
1764 1098 1824 1152 in
1855 1114 1924 1153 ea

276 1191 922 1266 speciositate,idem,in
955 1189 1249 1263 praedictis
1279 1188 1616 1244 virtutibus.
1644 1185 1925 1243 Mirabilis

266 1287 427 1357 facta
453 1290 534 1337 est
560 1283 794 1337 scientia
822 1289 936 1336 tua.
969 1278 1284 1350 Hucusque
1314 1277 1725 1349 perfectionem
1749 1275 1926 1348 justi-

276 1372 372 1428 tiaa
403 1387 530 1443 quae
562 1370 673 1425 fuit
700 1369 760 1424 in
793 1384 880 1435 eo,
934 1367 1366 1423 commendavit
1411 1383 1424 1421 :
1475 1370 1533 1421 et
1582 1366 1721 1437 quia
1752 1365 1926 1438 plena

278 1459 585 1517 beatitudo
617 1458 879 1515 nondum
911 1460 1065 1513 esset
1093 1455 1156 1511 in
1176 1472 1242 1511 eo
1273 1454 1388 1510 nisi
1412 1454 1726 1526 perfectam
1759 1454 1931 1509 habe-

282 1553 372 1606 ret
398 1548 773 1620 sapientiam,
807 1545 947 1601 dicit
1003 1543 1177 1600 etiam
1214 1542 1534 1616 plenariam
1564 1542 1626 1597 in
1657 1559 1720 1598 se
1751 1542 1930 1598 fuisse

282 1637 766 1711 sapientiam,per
793 1634 903 1690 hoc
933 1634 1089 1706 quod
1116 1632 1260 1688 dicit
1291 1648 1303 1685 :
1334 1633 1580 1687 Scientia
1610 1636 1727 1697 tua,
1750 1647 1925 1701 quam

282 1726 541 1799 inspiras
572 1724 864 1792 ﬁdelibus,
898 1723 985 1778 vel
1018 1739 1134 1794 qua
1161 1726 1225 1776 tu
1258 1720 1392 1776 sciri
1425 1719 1660 1792 poteris,
1692 1720 1931 1774 mirabi-

285 1818 377 1886 lis,
409 1815 468 1871 id
499 1817 606 1885 est,
639 1814 816 1885 digna
846 1811 1233 1867 admiratione
1263 1814 1321 1864 et
1351 1808 1754 1864 desiderabilis
1785 1810 1931 1878 facta

285 1909 365 1960 est
392 1903 546 1971 aliis,
575 1920 645 1958 ea:
674 1918 788 1968 me,
813 1917 940 1973 quae
973 1917 1074 1973 per
1104 1900 1362 1979 primum
1411 1904 1711 1970 parentem
1742 1914 1872 1953 eam
1900 1916 1933 1952 a

286 2011 350 2050 se
382 1992 736 2063 rejicientem
765 1990 935 2061 quasi
964 1988 1317 2053 vilem,facta
1346 1992 1433 2043 est
1457 1985 1933 2058 contemptibilis:

290 2082 435 2153 quia
456 2082 598 2135 dum
618 2095 725 2151 ego
747 2079 807 2132 in
829 2094 897 2133 ea
917 2092 1377 2148 perseverassem
1395 2080 1451 2130 et
1471 2074 1727 2147 plenarie
1746 2076 1938 2147 ipsam

302 2168 652 2241 sapientiam
709 2167 1062 2233 docuissem,
1123 2182 1248 2237 quas
1293 2166 1455 2238 prius
1486 2165 1655 2236 quasi
1688 2180 1779 2220 res
1808 2163 1941 2218 vilis

278 2255 1016 2324 asstimabatur,mirabilis
1035 2258 1094 2310 et
1124 2254 1379 2326 pretiosa
1400 2253 1694 2324 nimisque
1717 2252 1942 2308 deside-

298 2344 511 2401 rabilis
539 2346 610 2400 ab
642 2344 983 2401 hominibus
1010 2342 1548 2416 reputabatur.Quaa
1580 2343 1823 2397 scientia
1843 2356 1946 2413 per

295 2435 439 2489 Adae
469 2434 926 2490 inobedientiam
958 2431 1261 2489 debilitata
1289 2431 1349 2485 in
1378 2431 1743 2497 hominibus,
1771 2431 1853 2486 ita
1885 2435 1948 2485 ut

295 2538 542 2595 parvam
564 2522 663 2576 Dei
694 2522 1084 2594 cognitionem
1116 2518 1528 2592 haberent,per
1556 2519 1946 2576 obedientiam

298 2627 495 2667 meam
524 2613 860 2681 confertam,
890 2609 947 2665 id
967 2613 1056 2665 est
1070 2609 1461 2674 corroborata,
1479 2618 1556 2664 est
1577 2609 1635 2663 in
1670 2606 1949 2664 membris

299 2700 453 2757 meis
486 2703 580 2756 :et
603 2699 793 2772 magis
823 2699 1128 2771 magisque
1159 2698 1309 2752 facta
1338 2702 1427 2752 est
1456 2698 1815 2753 roborata.Et
1835 2714 1949 2754 non

296 2798 488 2862 potero
514 2789 585 2844 ad
612 2804 735 2844 eam
764 2786 1154 2861 repellendam
1188 2803 1222 2841 a
1250 2802 1362 2855 me,
1407 2786 1636 2842 etiamsi
1693 2786 1949 2853 voluero,

296 2879 364 2935 id
396 2882 625 2944 est,non
656 2877 886 2933 invenio
917 2892 1087 2949 posse
1116 2891 1183 2929 ex
1214 2874 1394 2930 libero
1424 2874 1684 2942 arbitrio,
1726 2880 1791 2930 ut
1820 2891 1948 2930 eam

302 2986 343 3026 a
385 2984 478 3023 me
534 2966 816 3040 repellam
863 2982 971 3021 nec
999 2966 1211 3021 abutar
1254 2964 1477 3019 viribus
1507 2963 1672 3019 liberi
1705 2964 1951 3031 arbitrii,

302 3060 588 3129 reputans
621 3071 711 3111 me
743 3059 1037 3128 potentem
1069 3054 1139 3110 ad
1195 3053 1589 3125 repellendam
1622 3069 1771 3123 eam,
1803 3054 1957 3110 sicut

300 3147 496 3202 Adam
527 3147 586 3201 in
616 3161 682 3201 eo
715 3149 1008 3216 potentem
1042 3160 1104 3199 se
1134 3143 1268 3199 fecit
1296 3159 1398 3214 per
1426 3142 1535 3197 hoc
1566 3143 1810 3198 credens
1832 3143 1953 3199 dei-

300 3235 494 3292 ficari.
526 3213 751 3289 Aliter—z
788 3235 857 3289 Et
885 3249 1224 3305 quanquam
1272 3213 1392 3285 haec
1437 3231 1681 3286 scientia
1708 3248 1814 3302 per
1863 3247 1955 3287 me
1988 3213 2031 3279 C

304 3324 444 3380 aliis
474 3323 553 3379 sit
580 3325 735 3379 facta
782 3321 1089 3389 mirabilis,
1139 3326 1335 3376 tamen
1365 3335 1474 3375 non
1502 3327 1686 3389 potero
1713 3320 1785 3374 ad
1813 3334 1954 3391 eam,

302 3414 371 3469 id
400 3417 725 3485 est,reputo
755 3428 851 3467 me
881 3428 993 3466 non
1024 3410 1410 3465 sufficientem
1435 3410 1505 3464 ad
1538 3425 1665 3464 eam
1699 3409 1961 3464 obtinen-

304 3506 452 3560 dam
482 3518 690 3575 perme
705 3502 1031 3558 secundum
1062 3499 1461 3554 inﬁrmitatem
1484 3499 1753 3553 humanae
1784 3503 1957 3552 natu-

301 3610 389 3649 ra;
419 3592 534 3648 nisi
564 3597 621 3647 te
650 3590 1031 3646 custodiente.
1068 3589 1127 3644 In
1161 3588 1270 3644 hoc
1330 3588 1645 3644 maximam
1676 3587 1958 3643 membris

306 3680 639 3756 praescribit
666 3679 1159 3749 humilitatem,ne
1188 3683 1535 3735 evanescant
1563 3678 1622 3732 in
1659 3677 1957 3750 cogitatio-

307 3771 492 3826 nibus
525 3769 725 3839 suis,si
756 3768 1007 3840 promoti
1034 3767 1249 3823 fuerint
1265 3768 1335 3821 ad
1363 3767 1621 3839 aliquam
1655 3766 1953 3823 scientiam

306 3875 451 3916 cum
481 3857 578 3915 ille
607 3859 667 3913 in
698 3872 800 3929 quo
854 3865 982 3913 sunt
1027 3872 1210 3913 omnes
1269 3856 1515 3911 thesauri
1567 3858 1853 3928 sapientiae
1909 3860 1959 3911 et

307 3950 563 4005 scientia?
591 3947 855 4003 recondit:
886 3946 1022 4018 (Col.
1056 3947 1141 4017 ii),
1172 3946 1421 4000 fateatur
1480 3961 1543 4001 se
1570 3945 1952 4017 impotentem

309 4040 391 4095 ab
422 4036 799 4093 obtinendam
830 4051 979 4091 eam.
1015 4036 1127 4103 Quo
1158 4035 1246 4090 ibo
1274 4052 1310 4090 a
1336 4036 1535 4106 spiritu
1565 4044 1654 4090 tuo
1675 4035 1703 4087 δῖ
1733 4036 1954 4089 Etcum

307 4134 380 4183 tu
416 4143 510 4183 me
542 4128 622 4181 ita
651 4125 968 4181 formasses
1016 4124 1346 4195 speciosum
1380 4124 1440 4178 in
1472 4123 1803 4179 innocentia
1835 4140 1955 4179 mo-

310 4219 538 4283 rum,et
566 4231 701 4271 cum
724 4214 805 4269 ita
838 4229 930 4269 me
960 4212 1357 4268 illuminasses
1390 4213 1737 4284 perfectione
1763 4213 1960 4284 cogni-

309 4304 498 4361 tionis
518 4309 577 4359 et
604 4303 877 4370 scientiae,
911 4302 958 4357 si
994 4303 1165 4357 modo
1190 4319 1224 4357 a
1254 4306 1309 4357 te
1339 4317 1653 4370 recessero,
1685 4318 1791 4371 quo
1824 4302 1909 4356 ibo
1929 4318 1963 4356 a

309 4394 521 4466 spiritu
544 4393 719 4459 tuo,id
739 4392 925 4458 est,ad
947 4406 1120 4463 quem
1146 4390 1327 4446 alium
1352 4406 1446 4446 me
1467 4391 1725 4446 conferre
1743 4396 1962 4462 potero,

314 4482 478 4538 unde
508 4480 652 4536 mihi
687 4481 857 4536 detur
884 4479 1020 4534 talis
1054 4478 1323 4535 formatio
1354 4479 1607 4550 talisque
1632 4478 1916 4551 sapientia
1936 4479 1964 4533 ?

2024 566 2369 632 abscondar,
2426 583 2497 622 ne
2528 571 2587 621 tu
2624 584 2719 622 me
2773 567 2855 621 ibi
2887 566 3117 639 punias,
3170 566 3249 621 ibi
3282 567 3475 623 aderis
3506 576 3667 640 pote-

2025 659 2235 710 statem
2270 659 2432 710 tuam
2466 671 2758 711 exercens.
2794 655 2852 711 Si
2897 671 3178 727 sumpsero
3231 672 3444 727 pennas
3500 673 3666 713 meas.

2026 745 2140 800 Nec
2170 744 2227 798 in
2260 744 2367 799 hoc
2398 761 2637 817 possum
2666 744 2916 817 effugere
2939 747 3309 819 praesentiam
3340 747 3672 818 tuam,quia

2027 835 2079 889 si
2108 849 2386 905 sumpsero
2411 850 2622 904 pennas
2646 834 2877 899 meas,id
2910 839 3019 898 est,
3042 835 3328 906 agilitates
3359 836 3669 903 virtutum,

2032 923 2248 996 quibus
2280 922 2493 993 aliquis
2542 920 2726 977 evolat
2750 924 2804 976 in
2841 922 3088 989 ccelum;
3123 941 3228 996 ego
3261 925 3413 992 dico,
3445 926 3670 996 positus

2034 1015 2093 1068 in
2159 1012 2424 1077 diluculo,
2460 1011 2646 1079 idest,
2700 1012 2757 1065 in
2818 1011 3182 1082 primordiali
3236 1013 3668 1070 illuminatione

2034 1100 2513 1166 conversationis,
2545 1098 2877 1155 desistendo
2925 1116 3053 1156 esse
3096 1101 3391 1171 animalis,
3445 1108 3498 1158 et
3525 1105 3678 1160 habi-

2036 1194 2219 1246 tavere
2258 1192 2318 1244 in
2355 1190 2619 1244 extremis
2672 1190 2864 1258 maris,
2918 1187 2975 1242 id
3033 1191 3143 1256 est,
3203 1207 3366 1261 spem
3432 1208 3500 1246 ex
3555 1197 3676 1249 toto

2037 1295 2248 1352 ponam
2282 1279 2341 1333 in
2373 1281 2629 1333 extremo
2663 1276 2863 1343 maris,
2897 1277 3117 1333 scilicet
3145 1278 3204 1333 in
3236 1285 3404 1351 portu
3436 1287 3493 1335 et
3520 1288 3678 1338 tran-

2038 1367 2325 1439 quillitate
2357 1367 2565 1421 futurae
2623 1366 2771 1433 vitae,
2807 1382 2933 1436 qua:
2991 1371 3081 1421 est
3129 1370 3468 1424 extremitas
3500 1370 3679 1442 hujus

2040 1454 2321 1511 mundani
2353 1456 2535 1510 maris
2565 1454 2890 1525 aestuantis,
2942 1459 2999 1509 tu
3032 1455 3155 1510 illic
3182 1472 3257 1512 es.
3292 1462 3437 1513 Nam
3482 1476 3680 1516 manus

2040 1552 2136 1601 tua
2163 1545 2300 1599 illuc
2328 1544 2551 1599 deducet
2594 1559 2700 1608 me,
2760 1542 2818 1597 id
2869 1547 2975 1609 est,
3020 1545 3280 1616 operatio
3337 1547 3421 1600 tui
3481 1549 3681 1604 auxilii

2042 1634 2112 1688 ad
2145 1634 2252 1688 hoc
2286 1649 2378 1687 me
2435 1633 2700 1698 deducet,
2737 1636 2799 1686 ut
2827 1630 3082 1686 diluculo
3135 1648 3359 1704 pennas
3420 1652 3684 1709 sumam,

2041 1728 2097 1779 et
2151 1722 2302 1777 hanc
2333 1738 2498 1793 spem
2533 1720 2802 1786 habeam,
2835 1726 2893 1775 et
2935 1738 3048 1776 non
3091 1721 3280 1777 solum
3313 1723 3559 1780 deducet
3590 1743 3684 1782 me

2042 1812 2113 1867 ad
2161 1811 2270 1866 hoc
2301 1810 2558 1882 operatio
2588 1815 2709 1881 tua,
2760 1811 2859 1863 sed
2893 1810 3071 1864 etiam
3124 1813 3324 1866 tenebit
3353 1830 3437 1868 me
3462 1813 3687 1870 dextera

2044 1910 2157 1967 tua,
2194 1901 2249 1954 id
2282 1904 2369 1955 est
2397 1899 2799 1955 misericordia
2824 1904 2925 1953 tua
2957 1900 3129 1954 faciet
3179 1917 3270 1956 me
3302 1903 3379 1957 ibi
3414 1921 3683 1974 perseve-

2046 1990 2319 2047 rare.llac
2351 1993 2547 2043 autem
2581 1988 2883 2043 occasione
2912 1988 2970 2042 in
3005 1988 3096 2043 bis
3117 1991 3310 2045 verbis
3342 1992 3413 2045 ab
3446 2010 3510 2048 eo
3537 1992 3690 2062 loco,

2048 2096 2150 2151 quo
2172 2081 2259 2133 ibo
2289 2096 2322 2133 a
2350 2079 2552 2149 spiritu
2578 2074 2929 2143 tuo,videtur
2958 2077 3206 2151 aliarum
3238 2096 3517 2152 personas
3550 2084 3608 2137 in
3633 2100 3695 2139 se

2048 2160 2517 2231 transtulissemt
2547 2167 2865 2237 perfectum
2899 2166 3192 2238 exemplar
3212 2168 3477 2241 justitize,
3511 2172 3697 2227 scien-

2053 2256 2145 2313 tia:
2177 2261 2234 2311 et
2262 2254 2614 2310 humilitatis
2646 2270 2708 2309 se
2739 2253 2857 2309 illis
2888 2255 3192 2310 ostendat:
3218 2262 3282 2311 ut
3310 2274 3444 2312 cum
3477 2258 3574 2315 ille
3593 2262 3694 2332 qui

2054 2349 2229 2400 natus
2251 2343 2566 2399 eratalium
2582 2341 3039 2398 illuminatorem
3054 2342 3424 2401 formatorem
3441 2347 3698 2406 invenire

2054 2433 2139 2490 vel
2174 2448 2394 2506 pcenas,
2427 2433 2478 2487 si
2510 2449 2543 2487 a
2575 2432 2690 2487 Deo
2744 2433 3067 2503 recesserit,
3100 2433 3350 2506 effugere
3410 2450 3524 2492 non
3558 2456 3698 2510 pos-

2057 2524 2153 2591 sit,
2196 2522 2382 2577 multo
2452 2521 2651 2576 minus
2702 2520 2799 2575 alii
2866 2539 2926 2577 se
2990 2522 3098 2576 hoc
3141 2523 3326 2579 facere
3366 2542 3536 2596 posse
3575 2546 3697 2585 cre-

2058 2613 2218 2666 dant.
2276 2616 2339 2667 Et
2384 2610 2524 2678 dixi,
2576 2611 2811 2680 forsitan
2841 2611 3097 2666 tenebrae.
3134 2613 3216 2665 Ad
3247 2611 3695 2675 instructionem

2059 2700 2459 2755 membrorum
2493 2715 2733 2754 suorum
2752 2698 3113 2770 loquitur,ne
3144 2701 3498 2773 eifugiant,si
3520 2723 3700 2777 quan-

2063 2790 2136 2844 do
2168 2788 2462 2860 patientur
2484 2788 2968 2860 persecutionem,
3000 2788 3134 2843 licet
3166 2806 3256 2845 me
3281 2792 3359 2846 ita
3377 2792 3699 2852 formosum

2061 2883 2117 2933 et
2147 2878 2424 2933 scientem
2457 2878 2715 2944 fecisses,
2774 2882 2967 2933 tamen
3026 2877 3162 2950 dixi,
3202 2879 3259 2933 id
3290 2885 3397 2949 est,
3450 2883 3705 2941 intellexi

2063 2971 2117 3023 et
2146 2966 2261 3021 vidi
2296 2966 2449 3037 quod
2481 2966 2632 3033 ideo,
2666 2966 2805 3038 quia
2837 2983 2928 3023 me
2986 2966 3069 3023 ita
3095 2969 3406 3041 decorasti,
3445 2974 3704 3044 tenebrae,

2065 3056 2120 3110 id
2157 3059 2264 3121 est,
2297 3055 2507 3120 Judaei,
2555 3055 2655 3126 qui
2696 3060 2835 3111 sunt
2890 3058 3205 3123 tenebrosi,
3266 3065 3324 3115 et
3379 3064 3706 3119 secundum

2069 3143 2471 3199 infidelitatem
2519 3149 2576 3199 et
2621 3150 2856 3216 peccata
2909 3146 3285 3203 adversantes
3318 3149 3454 3219 luci,
3487 3154 3708 3208 concul-

2068 3233 2269 3287 cabuat
2299 3249 2403 3298 me,
2438 3233 2495 3286 id
2525 3236 2633 3300 est,
2668 3234 2892 3288 dabunt
2922 3250 3014 3289 me
3069 3236 3129 3289 in
3183 3242 3430 3292 mortem
3466 3257 3478 3293 :
3514 3245 3571 3296 et
3600 3241 3709 3296 hoc

2066 3322 2324 3391 forsitan,
2376 3320 2434 3374 id
2488 3325 2595 3389 est,
2629 3325 2789 3375 motu
2824 3322 3152 3387 temerario,
3185 3323 3347 3379 nulla
3384 3329 3710 3397 provisione

2069 3409 2332 3465 rationis.
2366 3409 2525 3472 Quod
2560 3426 2672 3464 non
2706 3410 2769 3463 fit
2813 3409 3117 3477 inutiliter,
3177 3414 3316 3482 quia
3345 3432 3448 3486 per
3478 3416 3585 3472 hoc
3618 3418 3714 3491 ip-

2069 3514 2201 3553 sum
2235 3499 2389 3569 quod
2422 3514 2513 3552 me
2544 3498 2602 3552 in
2636 3502 2881 3553 mortem
2920 3501 3288 3567 dabunt,non
3322 3507 3549 3560 tantum
3583 3507 3705 3576 alii,

2068 3588 2169 3643 sed
2202 3588 2373 3643 etiam
2406 3603 2535 3654 nox,
2572 3587 2627 3642 id
2662 3586 2887 3659 est,ipsi
2912 3588 3100 3643 Judaei
3133 3590 3233 3661 qui
3266 3597 3405 3647 sunt
3435 3598 3710 3666 tenebrae,

2071 3681 2243 3732 erunt
2272 3677 2613 3733 illuminatio
2669 3693 2811 3742 mea,
2865 3677 2920 3733 id
2964 3683 3071 3744 est,
3130 3679 3444 3737 illuminati
3504 3702 3537 3739 a
3592 3702 3705 3753 me,

2068 3766 2376 3821 existentes
2433 3766 2496 3821 in
2553 3766 2764 3821 deliciis
2820 3768 2973 3832 meis,
3030 3767 3088 3822 id
3148 3773 3256 3833 est,
3289 3770 3442 3826 inter
3470 3770 3600 3828 illos
3647 3774 3709 3831 in

2069 3855 2284 3927 quibus
2316 3871 2419 3929 ego
2447 3855 2717 3911 delector.
2752 3855 2814 3911 In
2847 3856 3082 3912 Hebraeo
3112 3857 3381 3926 habetur,
3415 3860 3536 3918 Nox
3566 3881 3711 3936 quo-

2071 3960 2183 4016 que
2224 3945 2324 3999 lux
2379 3944 2489 3999 erit
2542 3961 2737 4000 coram
2799 3961 2911 4002 me.
2975 3946 3117 4014 Quia
3153 3950 3397 4007 tenebrae
3451 3968 3561 4007 mm
3617 3953 3709 4009 ob-

2069 4034 2456 4089 scurabuntur.
2497 4033 2636 4089 Vere
2680 4034 3019 4090 illuminatio
3070 4053 3191 4091 mea
3238 4044 3429 4099 erunt.
3490 4041 3544 4097 id
3601 4046 3710 4110 est,

2073 4139 2105 4178 a
2137 4138 2230 4177 me
2259 4121 2773 4187 illuminabuntur,
2826 4123 2962 4195 quia
2992 4127 3249 4194 tenebrae,
3294 4127 3351 4183 id
3385 4135 3474 4185 est
3499 4131 3710 4199 Judaei,

2071 4228 2182 4267 non
2229 4211 2668 4266 obscurabuntur
2689 4229 2725 4267 a
2756 4220 2825 4281 te,
2860 4213 2915 4267 id
2960 4220 3067 4282 est,
3102 4219 3165 4270 tu
3198 4216 3560 4273 illuminabis
3592 4236 3711 4275 eos.

2072 4301 2143 4356 Et
2172 4300 2311 4372 quia
2338 4305 2401 4355 tu
2461 4317 2559 4355 eos
2612 4300 2999 4367 illuminabis,
3059 4319 3163 4375 ego
3216 4304 3579 4373 illuminabo,
3615 4306 3715 4377 qui

2075 4389 2213 4445 olim
2241 4392 2407 4444 erant
2437 4388 2709 4457 tenebras,
2742 4390 2801 4445 id
2850 4392 3376 4461 est,justojudicio
3404 4398 3503 4448 tuo
3538 4411 3715 4449 excae-

2076 4479 2208 4534 cati.
2244 4480 2323 4533 Ac
2354 4477 2400 4532 si
2434 4477 2631 4533 dicat:
2670 4479 2796 4533 Mea
2848 4484 2935 4533 est
2991 4479 3364 4546 illuminatio,
3398 4482 3537 4552 quia
3574 4488 3715 4551 tua;

311 4574 386 4628 Et
415 4587 518 4641 quo
549 4588 583 4625 a
610 4572 752 4641 facie
782 4573 879 4624 tua
906 4570 1124 4639 fugiam
1146 4568 1174 4624 ?
1207 4570 1267 4624 In
1302 4585 1416 4640 quo
1449 4568 1573 4623 loco
1604 4566 1831 4622 latitare
1863 4584 1966 4640 ρο·
1998 4582 2041 4646 D
2076 4566 2351 4639 quoniam
2385 4582 2490 4636 ego
2516 4571 2574 4621 et
2602 4571 2663 4620 tu
2690 4583 2872 4620 unum
2903 4583 3110 4621 sumus
3141 4569 3318 4639 (Joan.
3350 4569 3721 4639 x),subaudis

313 4667 465 4727 tero,
499 4665 563 4714 ut
607 4659 880 4732 effugiam
914 4675 1113 4731 poenas
1144 4675 1246 4730 pro
1278 4658 1601 4713 recessione
1630 4656 1775 4711 mihi
1807 4657 1966 4712 debi-

318 4756 438 4817 tas,
472 4750 519 4804 si
551 4754 664 4805 ate
691 4749 959 4803 recedere
1015 4747 1246 4803 voluero
1268 4748 1296 4802 ‘?
1324 4748 1626 4819 Nusquam
1676 4746 1968 4801 inveniam

321 4838 506 4895 talem
537 4838 1015 4904 illuminatorem,
1048 4853 1154 4892 nec
1212 4836 1508 4908 sapientiae
1542 4836 1821 4891 datorem.
1858 4835 1969 4890 Sed

322 4944 521 5000 neque
552 4945 765 4983 manus
797 4932 928 4983 tuas
958 4927 1210 4998 effugere
1240 4930 1441 4999 potero
1477 4943 1489 4980 :
1524 4926 1664 4997 quia
1694 4941 1882 4995 neque
1911 4923 1971 4977 in

324 5016 496 5084 coelo,
530 5032 722 5089 neque
753 5017 814 5072 in
845 5016 1092 5080 inferno,
1118 5031 1307 5085 neque
1338 5014 1395 5068 in
1427 5013 1618 5069 medio
1647 5011 1975 5068 latebraelo-

322 5122 465 5162 cum
497 5105 748 5161 invenio.
781 5105 849 5159 Et
878 5104 988 5159 hoc
1018 5108 1105 5158 est
1153 5104 1307 5175 quod
1361 5103 1663 5174 sequitur:
1696 5101 1759 5157 Si
1784 5118 1974 5157 ascen-

319 5196 457 5251 dero
487 5197 547 5251 in
576 5195 788 5251 coelum.
816 5192 876 5248 Si
909 5192 1032 5247 fieri
1065 5196 1262 5262 posset
1292 5195 1358 5245 ut
1382 5192 1607 5262 absque
1634 5195 1691 5246 te
1745 5206 1970 5263 possem

320 5285 389 5339 in
422 5283 634 5339 coelum
660 5282 991 5344 ascendere,
1025 5284 1090 5333 ut
1116 5279 1203 5334 vel
1238 5296 1270 5333 a
1300 5280 1635 5334 coelestibus
1693 5284 1976 5334 creaturis

320 5372 538 5428 vellem
569 5372 698 5427 sine
726 5376 782 5425 te
812 5366 1157 5433 illuminari,
1190 5369 1276 5421 vel
1308 5372 1372 5421 ut
1400 5367 1479 5421 ibi
1512 5383 1743 5438 possem
1767 5384 1801 5421 a
1834 5367 1977 5424 facie

317 5466 435 5517 tua
470 5458 839 5520 abscondi,tu
868 5455 990 5511 illic
1016 5471 1091 5521 es,
1114 5454 1458 5509 illuminans
1489 5471 1667 5526 super
1695 5455 1977 5512 ccelestes.

321 5552 453 5607 Hoc
483 5547 639 5604 enim
671 5546 826 5617 quod
858 5545 970 5617 ipsi
999 5543 1241 5599 luminis
1272 5542 1491 5599 habent
1516 5547 1581 5598 tu
1613 5560 1693 5600 es.
1753 5545 1823 5600 Et
1849 5545 1978 5602 ideo

280 5670 297 5675 -
318 5633 388 5702 hi
423 5654 457 5697 a
483 5640 541 5696 te
570 5634 859 5705 ivero,nec
881 5632 1335 5705 illuminari,nec
1359 5632 1639 5692 abscondi
1660 5633 1732 5693 ab
1762 5633 1847 5694 eis
1875 5651 1978 5713 po-

2077 4658 2137 4711 in
2170 4655 2695 4711 substantia.Modo
2717 4656 2971 4710 ostendit
2991 4661 3207 4727 quanta
3230 4658 3339 4712 erit
3369 4657 3721 4715 illuminatio

2079 4762 2301 4813 eorum,
2335 4745 2418 4798 ita
2451 4761 2462 4798 :
2498 4746 2562 4798 Et
2591 4759 2701 4798 nox
2728 4745 2868 4798 sicut
2900 4745 3020 4799 dies
3062 4745 3493 4817 illuminabitur,
3529 4748 3584 4803 id
3612 4753 3721 4813 est,

2080 4835 2243 4907 prius
2274 4835 2584 4890 existentes
2606 4833 3374 4904 tenebrzeﬁlluminabuntur
3393 4839 3463 4892 ad
3481 4839 3720 4892 modum

2081 4923 2479 4995 apostolorum
2512 4923 2599 4977 vel
2651 4923 2709 4976 in
2771 4922 3218 4979 similitudinem
3248 4925 3529 4981 claritatis
3563 4925 3675 4981 diei
3709 4944 3722 4980 :

2080 5015 2222 5067 sicut
2253 5013 2494 5069 tenebrae
2524 5012 2659 5082 ejus,
2692 5011 2751 5066 id
2783 5016 2871 5067 est
2902 5011 3107 5079 noctis,
3168 5014 3245 5067 ita
3294 5023 3344 5068 et
3374 5015 3557 5069 lumen
3587 5014 3726 5084 ejus,

2085 5100 2193 5155 hoc
2226 5104 2336 5167 est,
2370 5098 2619 5154 multum
2650 5105 2979 5171 peccatores
3012 5118 3073 5156 se
3104 5118 3232 5156 esse
3264 5108 3678 5173 recognoscent
3711 5119 3724 5157 :

2084 5194 2140 5243 et
2168 5189 2225 5243 in
2259 5194 2547 5259 quantum
2580 5205 2640 5243 se
2673 5190 2923 5260 peccatis
2952 5191 3249 5246 excaecatis
3289 5195 3726 5263 recognoscent,

2086 5277 2143 5331 in
2177 5282 2405 5332 tantum
2438 5276 2948 5335 illuminabuntur.
2983 5280 3123 5347 Quia
3153 5287 3211 5334 tu
3234 5280 3727 5350 possedisti.Quasi

2087 5364 2301 5437 aliquis
2329 5365 2544 5420 diceret
2568 5383 2579 5419 :
2602 5366 2786 5428 Quare
2806 5384 2907 5438 per
2928 5373 3173 5423 mortem
3199 5373 3359 5423 tuam
3385 5371 3579 5440 potius
3600 5368 3731 5424 illu-

2088 5453 2332 5509 minatio
2364 5455 2551 5509 noctis
2584 5456 2699 5520 ﬁet,
2763 5472 2939 5527 quam
3001 5474 3098 5529 per
3138 5463 3385 5513 mortem
3429 5458 3671 5515 alterius
3700 5458 3729 5515 ‘I

2088 5544 2174 5599 Ad
2216 5542 2325 5600 hoc
2365 5545 2676 5615 respondet
2740 5560 2753 5599 :
2820 5544 2967 5609 Quia
3018 5548 3273 5621 princeps
3324 5546 3489 5623 hujus
3536 5547 3732 5607 mundi

2089 5634 2151 5693 in
2188 5648 2273 5692 me
2308 5648 2420 5692 non
2456 5632 2615 5694 habet
2659 5634 2961 5711 quidquam
3014 5636 3193 5710 (Joan.
3252 5638 3389 5709 xiv),
3451 5636 3607 5715 quod
3666 5637 3727 5703 in
