4018 6200
415 324 528 382 8H
986 319 1285 380 REMIGII
1331 316 2082 379 ANTISSIODORENSIS
2128 316 2300 376 OPP.
2346 315 2548 377 PARS
2591 316 2641 376 Ι.
2669 347 2745 361 -
2774 311 3244 376 EXEGETICA.
3695 315 3835 375 812

414 455 549 509 licet
579 468 753 524 quem
785 451 1056 523 superius
1079 451 1297 505 malum
1319 451 1617 506 hominem
1640 449 1804 514 dixit,
1833 464 1903 503 ne
1929 447 2051 502 efﬁ-
2082 448 2133 514 Α
2167 463 2366 503 eorum
2400 452 2456 504 et
2483 448 2861 519 magistratus
2897 446 3191 517 dilatetur,
3216 447 3272 500 et
3300 445 3438 500 inde
3469 444 3829 517 glorientur.

416 543 814 597 ciarimitator
835 540 1036 596 talium
1063 541 1117 592 in
1142 539 1422 610 pravitate
1441 539 1588 594 vitea.
1625 560 1653 588 ‹‹
1677 536 1845 607 Eripe
1873 553 1963 591 me
1987 536 2056 590 ab
2172 537 2233 590 In
2280 554 2345 592 eo
2400 542 2593 593 autem
2642 537 2795 608 quod
2847 534 3006 602 dicit,
3059 551 3171 590 non
3221 534 3413 590 tradas
3452 535 3829 592 desiderium

413 632 752 687 hominibus
772 629 1010 700 iniquis,
1041 650 1066 676 ››
1098 628 1170 683 ab
1192 627 1307 682 illis
1329 627 1572 693 eisdem,
1595 642 1666 680 ne
1688 625 2054 697 acquiescam
2168 630 2448 693 meum,et
2471 643 2538 682 ne
2557 627 2903 696 derelinquas
2922 641 3027 689 me,
3043 624 3291 680 liberum
3316 623 3629 680 arbitrium
3653 631 3827 682 notat

411 721 708 776 sententia:
753 735 977 774 corum.
1031 719 1141 785 Qui
1177 719 1548 785 cogitaverunt
1579 715 1955 785 supplantare.
1991 715 2056 769 Et
2165 731 2295 769 cum
2328 715 2534 787 gratia.
2567 717 2646 770 Ac
2681 715 2730 770 si
2762 714 2951 768 dicat:
2986 714 3103 785 Ego
3135 713 3462 768 secundum
3496 713 3821 770 arbitrium

410 810 662 865 multum
684 824 919 864 necesse
940 813 1030 862 est
1055 811 1115 861 ut
1141 823 1231 861 me
1252 806 1465 877 eripias
1487 805 1558 860 ab
1580 803 1698 858 illis
1721 803 1819 874 qui
1842 803 2052 875 cogita-
2163 808 2357 875 persto
2389 805 2445 858 in
2478 820 2694 876 pugna,
2727 809 2789 859 tu
2823 803 3147 858 secundum
3176 803 3423 874 gratiam
3459 819 3532 858 ne
3562 802 3822 858 derelin-

409 904 618 955 verunt
646 899 1019 969 supplantare.
1051 896 1108 951 id
1133 900 1221 950 est
1243 893 1620 966 praecipitare,
1645 908 1860 962 gressus
1879 908 2047 960 meos,
2163 910 2309 964 quas
2341 910 2451 949 me.
2488 894 2660 964 Caput
2686 893 2968 948 circuitus.
3003 893 3163 964 Opus
3193 897 3283 948 est
3312 897 3377 948 ut
3407 909 3524 947 non
3558 893 3815 949 derelin-

410 988 467 1041 id
501 992 608 1053 est,
661 987 1065 1042 rectitudinem
1113 985 1244 1038 ﬁdei
1276 1000 1393 1054 qua
1421 983 1786 1038 incedebam.
1835 982 1904 1036 Et
1934 998 2048 1037 non
2159 998 2327 1053 quas,
2359 983 2498 1054 quia
2527 983 2586 1038 in
2617 982 2727 1037 hoc
2754 981 3005 1036 maxime
3031 981 3361 1037 timendum
3388 988 3502 1049 est,
3528 984 3818 1056 ambages

404 1081 634 1132 tantum
664 1076 774 1131 hoc
803 1075 1219 1147 cogitaverunt,
1244 1074 1344 1128 sed
1367 1071 1542 1127 etiam
1576 1072 1858 1128 absconse
1880 1087 2046 1141 para-
2157 1071 2623 1142 disputationum
2655 1087 2844 1126 eorum
2873 1070 3165 1141 operirent
3191 1074 3388 1143 caput,
3422 1071 3480 1126 id
3513 1076 3627 1137 est,
3655 1089 3817 1127 sum-

403 1170 613 1221 verunt
636 1164 889 1236 laqueum
909 1163 1068 1229 mihi,
1095 1163 1150 1217 id
1176 1165 1284 1226 est,
1304 1160 1506 1215 multis
1528 1161 1675 1215 bene
1695 1164 1752 1215 et
1774 1157 1995 1214 utiliter
2014 1176 2048 1214 a
2157 1176 2314 1214 mam
2335 1161 2580 1216 errroris
2601 1176 2825 1227 eorum,
2850 1163 2916 1214 ut
2935 1161 3026 1213 vix
3049 1158 3264 1230 aliquis
3293 1160 3482 1232 possit
3507 1161 3674 1232 ipsos
3697 1161 3814 1216 cir-

407 1272 500 1310 me
529 1254 717 1320 dictis,
749 1253 1028 1308 insidiose
1060 1251 1396 1322 quaerebant
1424 1248 1750 1320 captionem
1776 1266 1788 1304 :
1825 1249 1962 1319 quia
1990 1252 2048 1302 et
2155 1247 3809 1322 cuituspenetrare.Dictumestasimilitudineserpentis,

400 1345 514 1416 ipsi
533 1343 775 1414 superbi,
799 1342 951 1412 quod
985 1341 1282 1412 proprium
1306 1342 1393 1394 est
1417 1337 2044 1401 haereticorum,multa
2155 1337 2252 1408 qui
2284 1338 2486 1394 multis
2516 1338 2690 1410 spiris
2721 1338 2906 1409 operit
2936 1341 3129 1409 caput,
3165 1337 3221 1391 in
3255 1353 3368 1409 quo
3400 1338 3518 1394 vita
3551 1356 3663 1394 sua
3693 1345 3807 1408 est,

398 1435 544 1490 bene
586 1438 642 1487 et
690 1430 932 1494 utiliter,
983 1433 1039 1485 et
1086 1427 1507 1484 rationabiliter
1553 1427 1936 1498 exponebant,
1991 1431 2044 1481 et
2154 1445 2224 1482 ne
2256 1427 2420 1483 facile
2452 1427 2637 1499 possit
2683 1426 2976 1482 vulnerari
3007 1427 3064 1480 in
3097 1428 3304 1498 capite.
3366 1428 3578 1483 Eodem
3631 1429 3804 1484 modo

397 1523 714 1594 quamdam
748 1519 1088 1591 religionem
1120 1517 1434 1586 habebant,
1462 1520 1525 1570 ut
1554 1533 1619 1571 eo
1647 1513 1875 1570 facilius
1909 1532 2040 1587 pos-
2153 1516 2406 1572 heretici
2458 1516 2776 1572 sententias
2825 1516 3102 1571 muniunt
3149 1517 3395 1572 diversis
3446 1518 3798 1589 rationibus,

395 1617 525 1668 sent
547 1610 893 1683 persuadere
915 1608 1252 1663 falsitatem.
1280 1607 1345 1660 Et
1370 1608 1530 1676 funes
1559 1603 1939 1660 extenderunt.
1973 1605 2042 1659 Et
2151 1623 2222 1662 ne
2253 1606 2480 1678 possint
2508 1605 2861 1671 labefactari,
2896 1610 2961 1660 ut
2989 1605 3143 1661 vivat
3174 1606 3414 1662 haeresis
3455 1623 3678 1662 eorum.
3732 1612 3801 1663 Et

395 1707 459 1757 ut
488 1701 715 1755 facilius
746 1698 1129 1770 illaquearent
1156 1699 1340 1766 funes,
1363 1695 1420 1749 id
1453 1698 1561 1761 est,
1586 1694 1785 1748 ﬁrmas
1817 1698 1874 1748 et
1903 1693 2040 1749 vali-
2152 1695 2390 1767 exponit
2420 1695 2574 1766 quod
2623 1695 2768 1750 dixit
2797 1711 2810 1749 :
2863 1696 3046 1750 Labor
3093 1695 3368 1751 labiorum
3416 1698 3670 1767 ipsorum,
3730 1696 3794 1751 id

393 1789 670 1844 dissimas
701 1785 1257 1859 argumentationes,
1281 1800 1426 1855 quas
1448 1799 1618 1837 nemo
1649 1788 1845 1853 posset
1874 1800 2033 1838 rum-
2073 1824 2113 1859 η
2148 1790 2254 1850 est,
2313 1785 2489 1840 verba
2535 1801 2664 1856 qua:
2713 1801 2846 1839 cum
2896 1783 3081 1839 multo
3128 1784 3327 1840 labore
3386 1785 3790 1853 adinveniunt,

392 1894 526 1951 pere
549 1878 675 1932 sine
695 1877 884 1949 gratia
907 1875 1002 1929 Dei
1024 1873 1330 1944 adjutrice,
1354 1876 1736 1930 contexerant
1758 1876 1816 1926 et
1835 1876 2035 1926 exten-
2068 1871 2114 1888 "
2146 1877 2371 1946 operiet,
2422 1873 2479 1928 id
2538 1877 2646 1943 est,
2698 1871 3015 1928 occultabit
3059 1889 3166 1929 eos.
3221 1873 3429 1928 Cadent
3478 1891 3650 1945 super
3707 1891 3795 1930 eos

393 1969 606 2022 derunt
635 1966 705 2022 ad
736 1965 864 2031 hoc,
914 1969 980 2020 ut
1020 1961 1163 2016 mihi
1194 1965 1390 2016 essent
1418 1963 1479 2014 in
1513 1959 1790 2030 laqueum,
1840 1961 1897 2014 id
1947 1963 2037 2016 est
2143 1965 2428 2018 carbones.
2460 1963 2564 2018 Hic
2593 1963 2850 2018 ostendit
2878 1978 2940 2017 se
2972 1979 3087 2018 non
3119 1979 3188 2018 ex
3220 1963 3548 2019 diffidentia
3575 1979 3792 2030 orasse,

389 2056 810 2128 deceptionem.
846 2054 914 2108 Et
946 2051 1098 2106 unde
1131 2049 1383 2106 maxime
1412 2048 1658 2104 timendi
1683 2052 1840 2119 sunt,
1863 2051 2033 2121 juxta
2143 2053 2243 2108 sed
2275 2053 2346 2108 ad
2379 2051 2854 2107 informationem
2905 2051 3174 2106 aliorum.
3203 2051 3393 2120 Oravi,
3426 2052 3700 2122 inquam,
3731 2058 3794 2108 ut

387 2146 584 2212 iter,id
609 2150 714 2211 est,
734 2145 902 2214 juxta
921 2139 1324 2196 auctoritatem
1347 2137 1782 2209 Scripturarum
1805 2144 2030 2193 sancta—
2141 2157 2261 2195 non
2295 2139 2645 2196 exaltentur.
2679 2141 2748 2194 Et
2779 2140 2860 2194 ita
2889 2140 3016 2194 erit.
3052 2139 3223 2210 Super
3265 2141 3558 2211 quosdam
3589 2156 3788 2196 eorum

384 2253 538 2302 rum,
585 2235 887 2306 posuerunt
932 2230 1074 2286 mihi
1109 2227 1450 2293 scandalum,
1499 2226 1558 2280 id
1589 2231 1677 2281 est
1706 2227 2028 2283 olfendicu-
2135 2229 2327 2285 cadent
2361 2229 2619 2285 carbones
2649 2228 2815 2300 igniti
2847 2228 3204 2294 desolatorii,
3236 2229 3293 2284 id
3323 2232 3431 2299 est,
3464 2231 3782 2286 auctoritas

382 2325 506 2381 lum
534 2343 546 2380 :
582 2325 754 2379 modo
785 2323 856 2377 de
886 2318 1236 2392 Evangeliis,
1260 2317 1432 2372 modo
1455 2317 1524 2371 de
1545 2316 1825 2388 epistolis,
1851 2318 2024 2374 modo
2135 2319 2533 2390 apostolorum
2564 2323 3022 2390 caeterorumque
3053 2318 3354 2373 doctorum
3388 2334 3609 2390 magno
3641 2335 3776 2390 quo-

381 2416 450 2470 de
481 2414 843 2484 reliquorum
889 2412 1126 2465 Patrum
1158 2406 1395 2479 scriptis
1427 2404 1691 2478 exempla
1721 2407 2022 2476 ducentes,
2133 2409 2266 2463 dam
2301 2409 2552 2480 pondere
2583 2407 2874 2480 opprimet
2918 2423 3038 2474 eos,
3089 2410 3154 2461 ut
3183 2424 3298 2462 non
3330 2407 3592 2463 habeant
3622 2409 3770 2480 quod

377 2509 436 2558 et
464 2503 577 2557 alio
607 2518 783 2556 sensu
832 2502 1206 2569 exponentes.
1261 2503 1342 2550 Ac
1372 2495 1419 2551 si
1452 2496 1607 2550 dicat
1638 2512 1649 2549 :
1700 2496 1848 2550 Tum
1893 2496 2020 2552 ideo
2130 2500 2331 2552 contra
2350 2497 2786 2568 hiscant,juxta
2807 2495 2988 2551 illud:
3024 2518 3052 2546 «
3089 2496 3293 2551 Omnis
3315 2496 3601 2568 iniquitas
3621 2497 3773 2570 oppi-

379 2594 518 2644 sunt
536 2588 802 2656 timendi,
826 2587 963 2656 quia
985 2588 1151 2640 funes
1173 2585 1498 2638 extendunt
1523 2601 1534 2637 :
1557 2588 1682 2637 tum
1707 2583 1857 2650 ideo,
1882 2585 2020 2655 quia
2128 2585 2274 2642 labit
2299 2605 2364 2642 os
2395 2604 2569 2642 suum
2602 2587 2713 2657 (Ps.
2749 2585 2884 2657 ενι).
2915 2607 2942 2634 ››
2976 2585 3042 2640 Et
3071 2603 3184 2640 non
3214 2589 3443 2640 tantum
3475 2586 3566 2642 sic
3585 2587 3770 2659 oppri-

377 2694 528 2748 siepe
555 2675 796 2731 turbant
825 2674 1248 2728 auctoritatem.
1297 2673 1364 2726 Et
1391 2672 1536 2727 bene
1566 2672 1798 2740 dicitur,
1848 2676 2019 2729 Juxta
2128 2680 2380 2744 mentur,
2408 2677 2508 2732 sed
2532 2676 2707 2731 etiam
2732 2675 2955 2746 dejicies
2973 2690 3058 2731 eos
3079 2692 3112 2730 a
3135 2675 3413 2746 superbia
3437 2692 3567 2746 sua,
3594 2676 3768 2748 proji-

375 2771 524 2824 viam
545 2787 564 2822 .·
596 2764 734 2836 quia
765 2779 953 2835 neque
982 2762 1221 2817 omnino
1252 2766 1392 2814 sunt
1420 2760 1480 2814 in
1513 2760 1626 2826 via,
1678 2778 1866 2833 neque
1896 2779 2018 2819 om-
2125 2765 2330 2820 ciendo
2362 2767 2422 2819 in
2452 2767 2652 2835 ignem,
2699 2769 2764 2820 ut
2794 2765 3033 2820 ﬂamma
3063 2765 3314 2836 Spiritus
3345 2765 3538 2819 sancti
3571 2781 3767 2820 accen-

376 2858 514 2912 nino
548 2856 829 2912 recedunt
856 2853 927 2906 ab
958 2868 1026 2906 ea
1057 2867 1070 2904 :
1123 2849 1249 2904 ideo
1280 2849 1477 2903 minus
1508 2849 1692 2902 caveri
1743 2856 2013 2920 possunt.
2127 2853 2342 2908 dantur
2380 2859 2437 2908 et
2475 2853 2902 2910 illuminentur.
2959 2854 3028 2907 Et
3075 2853 3211 2924 quia
3260 2852 3677 2925 opprimentur
3720 2859 3774 2910 et

375 2948 507 3003 Diaei
536 2946 782 3000 Domino.
816 2939 1108 2997 Convertit
1139 2955 1200 2993 se
1230 2938 1301 2992 ad
1333 2938 1650 3005 auditores,
1685 2955 2016 3010 proponens
2126 2942 2674 3009 inflammabuntur,
2700 2942 2945 2998 ulterius
2973 2963 2994 2990 ι
3021 2958 3135 2997 non
3159 2942 3492 2997 subsistant
3515 2944 3574 2998 in
3601 2944 3767 2999 mise-

375 3053 438 3092 se
466 3033 797 3104 exemplum
846 3030 985 3094 illis,
1030 3033 1086 3084 et
1115 3028 1352 3083 dicens:
1386 3026 1453 3080 Et
1484 3043 1617 3082 cum
1640 3028 1811 3097 juxta
1840 3035 1894 3085 te
1925 3049 2018 3088 me
2125 3032 2249 3102 riis,
2288 3053 2314 3080 ››
2346 3031 2403 3086 id
2435 3036 2542 3099 est,
2575 3032 2635 3088 in
2666 3032 2962 3088 erroribus
2994 3030 3136 3087 suis.
3172 3031 3263 3086 Vir
3293 3032 3607 3100 linguosus.
3639 3033 3771 3095 Qui-

373 3125 808 3196 impugnarent,
842 3136 957 3174 non
1005 3135 1136 3174 sum
1170 3117 1426 3172 confisus
1458 3115 1516 3168 in
1547 3117 1834 3186 sapientia
1863 3136 2014 3189 mea,
2063 3194 2090 3196 __
2127 3122 2260 3177 dam
2291 3120 2526 3176 illorum
2559 3121 2659 3193 qui
2682 3137 2742 3176 se
2769 3119 3102 3186 humiliant,
3130 3119 3651 3191 illuminabuntur,
3674 3123 3767 3177 sed

372 3194 480 3270 nec
506 3194 565 3268 in
595 3211 817 3266 Viribus
851 3209 1014 3278 meis,
1048 3223 1154 3262 nec
1183 3211 1518 3261 extraneum
1553 3205 1790 3276 (μιωείνὶ
1823 3215 2014 3281 patro-
2049 3194 2092 3260 C
2129 3212 2216 3265 vir
2248 3208 2558 3280 linguosus,
2587 3209 2644 3263 id
2678 3209 2892 3280 est,qui
2926 3209 2984 3262 in
3018 3207 3369 3279 loquacitate
3401 3226 3513 3264 sua
3546 3226 3766 3281 perma-

374 3321 538 3370 num,
566 3303 667 3357 sed
699 3298 915 3356 contuli
941 3314 1032 3353 me
1055 3297 1124 3352 ad
1150 3295 1487 3358 Dominum,
1511 3298 1566 3349 et
1587 3295 1704 3350 dixi
1728 3300 1848 3352 tam
1874 3316 2015 3356 voce
2123 3304 2221 3356 net
2249 3304 2306 3354 et
2333 3299 2628 3370 superbia,
2673 3314 2957 3354 errrorem
3003 3314 3176 3353 suum
3207 3297 3524 3353 defendere
3555 3299 3767 3368 nitens,

370 3391 656 3458 interiori,
710 3405 885 3460 quam
933 3404 1070 3442 voce
1119 3383 1386 3441 exteriori
1421 3401 1433 3439 :
1484 3384 1527 3439 Ο
1564 3386 1822 3458 Domine,
1875 3391 2014 3445 Deus
2123 3405 2230 3444 non
2259 3389 2528 3459 dirigetur
2553 3387 2726 3444 etiam
2759 3389 2819 3443 in
2848 3396 3020 3454 terra,
3057 3386 3154 3441 ubi
3185 3385 3350 3442 locus
3379 3392 3473 3442 est
3506 3389 3772 3444 directio-

369 3499 540 3552 meus,
592 3481 647 3534 id
689 3483 797 3546 est,
849 3479 1082 3533 Creator
1115 3492 1278 3531 meus
1305 3490 1359 3530 es
1387 3477 1486 3528 tu:
1520 3474 1672 3529 sicut
1704 3493 1815 3530 non
1851 3479 2011 3548 potui
2122 3478 2250 3534 nis:
2283 3479 2384 3534 sed
2407 3495 2637 3549 semper
2654 3481 2913 3532 tortuose
2935 3476 3150 3531 incedit
3178 3476 3441 3532 cadendo
3472 3477 3548 3533 de
3575 3495 3769 3534 errore

368 3571 688 3626 subsistere
717 3568 774 3622 in
808 3567 998 3638 prima
1027 3564 1316 3620 creatione
1347 3562 1459 3617 nisi
1493 3579 1594 3635 per
1641 3569 1718 3632 te,
1769 3565 1848 3620 ita
1894 3584 2009 3622 non
2117 3569 2177 3624 in
2199 3584 2474 3624 errorem.
2502 3566 2743 3620 «Virum
2768 3566 3053 3636 injustum
3079 3563 3235 3620 mala
3255 3565 3490 3636 capient
3509 3567 3568 3621 in
3592 3567 3768 3623 inter-

368 3676 613 3735 possum
663 3657 943 3713 custodiri
993 3653 1108 3709 nisi
1157 3670 1258 3725 per
1305 3657 1379 3707 te.
1433 3657 1498 3706 Et
1525 3652 1654 3708 ideo
1686 3655 1893 3709 exaudi
1917 3673 2009 3712 υο-
2120 3660 2225 3724 itu,
2258 3681 2285 3707 »
2320 3657 2377 3712 id
2409 3661 2518 3724 est,
2549 3674 2664 3711 non
2696 3660 2925 3710 tantum
2950 3671 3121 3726 poena
3142 3654 3191 3709 ei
3217 3656 3508 3725 continget
3531 3655 3589 3708 in
3612 3673 3762 3726 prae-

367 3769 483 3808 cem
510 3748 908 3821 deprecationis
937 3758 1095 3809 mese,
1145 3743 1204 3797 id
1253 3746 1362 3807 est,
1412 3745 1611 3796 confer
1659 3743 1802 3797 mihi
1851 3747 2006 3815 quod
2118 3746 2288 3812 senti,
2310 3747 2410 3801 sed
2432 3746 2608 3800 etiam
2632 3746 2696 3800 in
2718 3745 2968 3813 interitu,
2987 3744 3045 3798 id
3067 3747 3178 3809 est,
3198 3759 3334 3798 cum
3354 3741 3694 3797 dissolvetur
3712 3761 3749 3799 a

366 3841 636 3911 designat
662 3854 770 3892 vox
818 3851 948 3890 mea
995 3832 1409 3904 deprecatoria.
1462 3832 1706 3899 Domine,
1762 3833 2006 3904 Domine,
2119 3851 2378 3906 corpore,
2428 3838 2568 3888 tunc
2613 3831 3110 3905 comprehendent
3157 3848 3294 3887 eum
3344 3829 3504 3896 male,
3538 3829 3596 3884 id
3625 3837 3742 3898 est,

363 3930 557 3980 virtus.
612 3926 777 3979 Modo
824 3922 1059 3994 exponit
1098 3937 1224 3992 qua:
1257 3920 1333 3976 sit
1361 3919 1711 3991 deprecatio,
1762 3923 2006 3996 Domine,
2116 3930 2256 3980 tunc
2278 3923 2534 3995 primum
2555 3922 2838 3994 incipient
2858 3938 3038 3993 pinna:
3062 3925 3309 3991 aeternas,
3336 3937 3480 3993 quas
3495 3919 3591 3977 hic
3610 3938 3757 3993 quo-

364 4016 637 4074 Do-mine;
671 4029 922 4083 quorum
953 4010 1203 4066 alterum
1235 4013 1323 4064 est
1352 4009 1724 4079 adjectivum,
1758 4010 2006 4068 alterum
2117 4013 2429 4070 dammodo
2452 4012 2619 4084 fugit.
2654 4012 2759 4067 Hic
2788 4011 2999 4067 incutit
3027 4015 3308 4066 terrorem
3341 4011 3492 4082 aliis,
3526 4027 3599 4067 ne
3627 4029 3763 4068 con-

367 4103 694 4176 prOprium.
737 4103 816 4154 Ac
848 4099 895 4153 si
928 4100 1118 4154 dicat:
1151 4100 1258 4168 Tu,
1291 4100 1555 4166 Domine,
1589 4099 1687 4170 qui
1722 4100 2006 4160 Dominus
2115 4103 2439 4158 formentur
2487 4101 2794 4156 haereticis.
2849 4101 3092 4173 Cognovi
3137 4102 3270 4172 quia
3309 4102 3474 4171 faciet
3503 4102 3764 4158 Dominus

365 4209 428 4248 es
456 4207 609 4258 vere,
643 4195 728 4260 tu,
756 4188 906 4258 dico,
943 4191 1112 4242 virtus
1142 4203 1271 4241 mea
1299 4187 1359 4241 in
1388 4188 1851 4260 impugnatione,
1877 4209 2003 4262 quae
2119 4215 2140 4243 α
2167 4193 2368 4246 Virum
2392 4192 2678 4261 injustum
2703 4189 2854 4244 mala
2873 4189 3170 4260 capient,»
3193 4189 3248 4244 id
3268 4195 3380 4258 est,
3399 4190 3761 4259 haereticum,

361 4283 547 4337 virtus
569 4286 658 4336 est
676 4277 931 4334 effectrix
953 4274 1160 4331 salutis
1183 4291 1322 4329 meae
1344 4275 1403 4329 in
1430 4277 1644 4332 futuro.
1679 4279 1838 4344 Quod
1871 4278 2004 4336 inde
2113 4282 2268 4353 quod
2293 4281 2412 4336 scio
2433 4297 2501 4336 ex
2522 4280 2651 4347 hoc,
2684 4279 2822 4350 quia
2851 4279 3091 4350 cognovi
3126 4279 3279 4350 quod
3311 4302 3340 4328 «
3365 4278 3544 4335 faciet
3567 4281 3764 4338 Domi-

358 4374 658 4446 probatur,
692 4369 831 4440 quia
855 4367 1136 4421 hactenus
1167 4364 1312 4418 mihi
1343 4364 1530 4436 posito
1562 4367 1621 4420 in
1649 4367 1739 4422 die
1767 4369 1915 4439 belli,
1944 4370 2002 4424 id
2111 4369 2526 4441 nusjudicium
2552 4369 2763 4440 inopis,
2788 4389 2814 4418 »
2846 4368 2902 4422 id
2927 4372 3035 4438 est,
3059 4369 3458 4424 remunerabit
3481 4369 3540 4424 in
3566 4371 3760 4426 futuro

357 4467 464 4528 est,
498 4458 941 4532 impugnatione
972 4454 1394 4521 haereticorum,
1422 4454 1785 4527 obumbrasti,
1811 4457 1867 4511 id
1891 4463 2000 4526 est,
2109 4459 2365 4514 hum;les
2419 4475 2577 4527 suos,
2627 4463 2684 4513 et
2729 4473 3013 4529 pauperes
3059 4457 3399 4524 vindicabit,
3458 4460 3757 4530 puniendo

355 4549 860 4606 obumbrationem
893 4550 950 4602 et
981 4543 1348 4617 refrigerium
1395 4543 1540 4599 mihi
1572 4545 1779 4615 fecisti,
1835 4553 2074 4628 superD
2108 4551 2506 4618 persecutores
2559 4545 2660 4616 qui
2713 4561 2814 4601 eos
2869 4547 3384 4617 impugnaverunt.
3448 4545 3570 4603 Hoc
3631 4549 3757 4605 ideo

353 4649 514 4711 caput
543 4654 746 4707 meum,
783 4637 836 4690 id
871 4640 976 4704 est,
1011 4651 1188 4706 super
1218 4639 1472 4689 mentem
1505 4651 1717 4700 meam,
1752 4651 1823 4689 ne
1853 4635 1992 4690 defl-
2105 4637 2414 4708 repetitum
2463 4639 2573 4702 est,
2625 4639 2688 4689 ut
2737 4634 3080 4690 ostendatur
3127 4635 3267 4707 quia
3324 4652 3454 4692 vere
3517 4642 3762 4710 prOpter

355 4745 544 4783 cerem
576 4728 635 4781 in
666 4730 807 4780 aestu
841 4722 1254 4779 tribulationis.
1296 4723 1404 4792 Tu,
1439 4722 1568 4776 dico
1602 4723 1846 4790 Domine,
1881 4740 1996 4779 non
2107 4742 2392 4798 pauperes
2421 4725 2720 4797 patientur
2749 4741 2969 4796 pcenas.
3009 4727 3389 4782 Verrunt—amen
3411 4727 3577 4797 justi.
3609 4730 3670 4784 In
3690 4745 3756 4784 eo

353 4817 538 4875 tradas
569 4813 920 4870 desiderium
956 4830 1152 4870 meum
1193 4813 1485 4884 peccatori,
1535 4810 1593 4865 id
1625 4815 1713 4866 est
1743 4812 1992 4882 diabolo,
2109 4815 2263 4887 quod
2294 4814 2457 4886 ponit
2486 4814 2824 4880 vindictam,
2877 4813 3340 4887 subintelligitur
3386 4816 3756 4890 impugnatio

350 4907 436 4964 vel
468 4903 774 4967 haereticis,
808 4902 1090 4956 subaudis
1121 4901 1180 4955 in
1213 4906 1578 4972 potestatem,
1628 4905 1689 4954 ut
1735 4917 1849 4956 non
1895 4918 1995 4957 ac-
2104 4920 2450 4977 pauperum.
2484 4904 2567 4958 Ad
2600 4903 2709 4958 hoc
2738 4903 2974 4973 respicit
3003 4903 3146 4958 illud
3181 4909 3576 4974 verumtamen,
3627 4909 3707 4962 ita
3737 4927 3754 4961 :

349 4996 645 5070 quiescam
671 4992 774 5046 eis.
800 4989 1162 5045 Desiderium
1186 4990 1400 5061 quippe
1422 5007 1617 5044 meum
1643 4994 1748 5060 est,
1775 4995 1838 5044 ut
1858 5007 1991 5062 per-
2100 4993 2234 5048 licet
2255 4993 2402 5064 justi
2432 4991 2855 5063 impugnantur
2875 4995 2934 5046 et
2955 4991 3295 5063 puniantur,
3327 4998 3526 5050 tamen
3564 5018 3594 5045 α
3619 5013 3754 5052 con-

346 5080 1038 5142 sevcreminsinceritate
1059 5078 1190 5132 ﬁdei
1218 5095 1287 5132 ne
1310 5083 1989 5150 corrumpantursensus
2101 5084 2422 5139 fitebuntur
2468 5080 2690 5137 nomini
2739 5085 2926 5144 tuo,»
2976 5081 3032 5136 id
3083 5086 3191 5148 est,
3249 5082 3652 5142 indesinenter
3695 5090 3754 5141 te

342 5175 478 5245 mei,
511 5174 663 5228 sicut
692 5168 950 5240 corrupti
982 5171 1119 5222 sunt
1151 5183 1360 5221 sensus
1392 5169 1537 5236 Eva},
1584 5169 1816 5240 quando
1849 5186 1985 5224 con-
2098 5171 2457 5225 laudabunt:
2489 5175 2546 5226 et
2576 5171 2704 5225 ideo
2737 5170 2971 5224 tandem
3002 5170 3060 5224 in
3095 5171 3288 5226 futuro
3334 5195 3360 5220 «
3397 5171 3751 5230 habitabunt

340 5264 524 5320 sensit
573 5261 850 5333 serpenti.
904 5260 971 5313 Et
1014 5273 1248 5312 necesse
1279 5261 1368 5311 est
1399 5261 1462 5311 ut
1492 5274 1584 5312 me
1617 5275 1733 5312 non
1764 5259 1982 5325 tradas,
2096 5277 2229 5314 cum
2253 5259 2416 5314 vultu
2442 5265 2563 5329 tuo,
2593 5281 2618 5308 ››
2651 5259 2707 5313 id
2743 5263 2849 5326 est,
2885 5259 2942 5312 in
2979 5259 3287 5330 praesentia
3309 5264 3409 5316 tua
3439 5277 3747 5333 permane-

337 5355 472 5425 quia
501 5353 885 5420 cogitaverunt
911 5351 1103 5403 contra
1135 5363 1238 5412 me,
1277 5347 1329 5401 id
1365 5350 1470 5413 est,
1507 5347 1576 5401 ad
1611 5347 1718 5402 hoc
1751 5352 1816 5402 ut
1845 5363 1982 5402 con-
2095 5349 2280 5403 bunt:
2316 5348 2402 5402 vel
2434 5365 2569 5402 cum
2601 5347 2741 5403 Filio
2773 5352 2895 5413 tuo,
2931 5347 3029 5419 qui
3060 5353 3148 5404 est
3176 5348 3370 5422 imago
3402 5350 3602 5407 vultus
3637 5351 3740 5405 tui.

337 5440 499 5497 trarii
522 5439 664 5493 mihi
688 5442 902 5493 essent.
930 5438 1061 5491 Ideo
1089 5436 1252 5508 ponit
1283 5436 1659 5507 praeteritum,
1686 5441 1751 5490 ut
1774 5437 1982 5492 innuat
2089 5438 2290 5507 Aliter,
2323 5436 2492 5508 quasi
2524 5436 2736 5509 aliquis
2767 5436 3020 5492 diceret:
3055 5437 3220 5494 Unde
3252 5440 3366 5495 scis
3397 5439 3537 5511 quia
3591 5464 3619 5490 ι(
3650 5442 3741 5494 vi-

341 5530 475 5601 quia
501 5529 625 5598 jam
657 5528 1019 5598 inceperunt,
1072 5530 1128 5580 et
1157 5526 1348 5580 adhuc
1381 5526 1438 5579 in
1470 5542 1536 5579 eo
1567 5529 1744 5581 stant.
1777 5529 1857 5581 Ne
1884 5527 1979 5582 de-
2089 5544 2218 5582 rum
2244 5528 2530 5598 injustum
2556 5526 2709 5581 mala
2731 5526 3003 5598 capient?
3026 5550 3046 5576 η
3073 5527 3206 5583 Ait:
3230 5527 3377 5591 Quia
3400 5552 3426 5579 «
3457 5530 3734 5585 Dominus

340 5619 623 5689 relinquas
649 5632 758 5687 me,
779 5631 848 5672 ne
875 5617 1016 5686 forte
1043 5615 1382 5685 exaltentur,
1405 5615 1462 5671 id
1486 5619 1594 5682 est,
1617 5631 1689 5672 ne
1717 5615 1981 5676 doctrina
2088 5615 2184 5672 hic
2205 5615 2377 5674 faciet
2388 5615 2682 5690 judicium
2705 5615 2921 5692 inopis,
2944 5641 2966 5672 ι
2993 5616 3051 5674 id
3075 5621 3182 5687 est,
3203 5617 3611 5693 justojudicio
3630 5633 3729 5681 suo
