4018 6200
223 351 338 408 813
1341 346 1948 409 ENARRATIONES

226 478 319 533 hic
347 477 601 550 ﬂagellat
639 493 812 549 quem
842 478 1097 548 recipiat.
1129 478 1194 533 Et
1210 479 1514 536 vindictam
1540 495 1864 551 pauperum,
1896 480 1950 544 Α

230 566 514 622 subaudis
546 566 734 630 faciet,
759 566 815 619 id
848 570 955 632 est,
981 567 1035 620 in
1072 584 1358 638 pauperes
1391 586 1529 623 suos
1560 569 1654 622 hic
1684 568 1870 621 vindi-

228 656 383 711 cabit
412 654 697 726 quidquid
744 653 1113 726 deliquerint.
1148 656 1268 710 Etsi
1324 659 1495 712 modo
1543 674 1656 712 non
1691 654 1875 728 parcit

228 744 373 815 suis,
406 744 589 799 multo
613 744 810 799 minus
836 744 893 798 in
921 746 1115 799 futuro
1139 750 1333 816 parcet
1363 747 1618 817 injustis.
1645 746 1755 801 Sed
1788 750 1872 800 ta-

230 850 364 888 men
387 834 527 904 justi
546 849 578 887 a
600 832 769 888 laude
789 837 890 888 tua
920 851 1034 888 non
1059 834 1365 904 desistent,
1386 835 1515 889 licet
1535 852 1631 889 eos
1652 834 1872 905 judicio

227 929 331 978 tuo
366 921 593 994 punias.
627 922 691 975 Et
723 921 850 977 ideo
881 922 1115 977 tandem
1138 923 1195 976 in
1230 924 1427 978 futuro
1466 947 1485 971 α
1522 924 1875 978 habitabunt

229 1027 361 1066 cum
412 1009 575 1065 vultu
622 1015 746 1077 tuo,
778 1034 805 1061 »
842 1010 898 1065 id
956 1017 1063 1077 est,
1105 1028 1239 1067 cum
1292 1012 1434 1068 Filio
1482 1017 1602 1081 tuo,
1638 1013 1735 1084 qui
1786 1017 1876 1067 est

228 1101 422 1172 imago
454 1105 575 1166 tua,
608 1100 677 1155 de
730 1101 944 1171 quibus
974 1100 1100 1173 ipse
1143 1102 1286 1155 dixit
1319 1120 1331 1157 :
1369 1126 1395 1151 ‹‹
1429 1107 1616 1173 Pater,
1652 1101 1778 1157 volo
1810 1106 1877 1157 ut

226 1191 325 1245 ubi
350 1207 483 1244 sum
510 1206 635 1262 ego,
660 1190 740 1244 ibi
764 1189 840 1245 sit
860 1195 913 1245 et
936 1190 1205 1245 minister
1224 1208 1390 1246 meus
1413 1193 1593 1261 (Joan.
1617 1193 1873 1262 x11,17).»

800 1297 1122 1352 PSALMUS
1154 1297 1305 1352 CXL.

751 1385 1065 1424 PSALMUS
1107 1386 1339 1425 DAVID.

299 1479 327 1511 α
358 1458 617 1528 Domine,
653 1457 898 1513 clamavi
944 1459 1015 1513 ad
1066 1463 1139 1528 te,
1174 1459 1381 1513 exaudi
1437 1475 1527 1514 me
1578 1476 1591 1514 :
1640 1458 1878 1514 intende

219 1572 249 1597 ‹‹
283 1548 405 1603 voci
442 1562 582 1602 mea:
614 1563 747 1601 cum
780 1546 1107 1602 clamavero
1141 1547 1211 1601 ad
1257 1552 1331 1602 te.
1370 1548 1663 1619 Dirigatur
1695 1547 1876 1602 oratio

214 1660 245 1686 ‹‹
282 1653 413 1691 mea
460 1636 609 1691 sicut
662 1635 963 1690 incensum
1011 1636 1067 1689 in
1121 1641 1437 1707 conspectu
1477 1643 1601 1703 tuo,
1636 1635 1877 1691 elevatio

217 1748 248 1775 ‹‹
284 1741 567 1780 manuum
590 1741 852 1780 mearum
877 1724 1227 1780 sacriﬁcium
1248 1726 1673 1797 vespertinum.
1703 1725 1875 1791 Pone,

214 1839 244 1865 ‹‹
282 1815 545 1886 Domine,
579 1813 906 1870 custodiam
956 1815 1041 1869 ori
1083 1831 1232 1880 meo,
1268 1818 1325 1869 et
1373 1814 1590 1870 ostium
1625 1814 1874 1869 circum-
1908 1855 1952 1918 Β

226 1926 259 1955 ‹‹
287 1904 513 1959 stantiae
552 1904 726 1958 labiis
775 1904 940 1958 meis.
977 1903 1102 1959 Non
1152 1903 1408 1959 declines
1440 1921 1538 1960 cor
1586 1921 1780 1959 meum
1816 1904 1873 1958 in

227 2017 251 2043 ι
284 1994 458 2049 verba
508 1992 765 2062 malitia,
816 1993 889 2047 ad
938 1994 1303 2047 excusandas
1365 1993 1766 2049 excusationes
1814 1994 1873 2047 in

226 2105 259 2132 ‹‹
292 2082 717 2153 peccatis.Cum
735 2080 1074 2135 hominibus
1089 2081 1462 2152 operantibus
1478 2083 1871 2153 iniquitatem,

224 2193 261 2221 ‹‹
294 2176 351 2225 et
383 2187 495 2225 non
544 2170 986 2225 communicabo
1018 2187 1149 2224 cum
1201 2169 1397 2225 electis
1428 2188 1649 2227 eorum.
1684 2171 1873 2227 Corri-

228 2282 264 2308 ‹‹
298 2259 419 2329 piet
451 2259 764 2329 mejustus
792 2259 853 2312 in
886 2258 1371 2322 misericordia,et
1400 2259 1871 2331 increpabitme:

213 2371 249 2398 ‹‹
290 2347 485 2402 oleum
536 2352 731 2402 autem
785 2346 1103 2419 peccatoris
1155 2365 1269 2403 non
1323 2348 1652 2419 impinguet
1701 2354 1876 2420 caput

214 2460 242 2486 α
286 2452 505 2491 meum.
539 2438 825 2501 Quoniam
850 2437 1041 2491 adhuc
1067 2441 1123 2491 et
1143 2437 1326 2492 oratio
1353 2454 1481 2492 mea
1514 2438 1571 2491 in
1600 2436 1871 2510 benepla-

210 2548 247 2575 ‹‹
284 2524 414 2580 citis
468 2541 692 2589 eorum,
726 2526 984 2597 absorpti
1017 2531 1156 2580 sunt
1196 2526 1389 2596 juncti
1443 2532 1616 2598 petrae
1642 2528 1874 2597 judices

206 2638 238 2663 ‹‹
282 2630 503 2669 eorum.
538 2613 793 2667 Audient
822 2613 996 2667 verba
1027 2630 1155 2668 mea
1204 2614 1482 2684 quoniam
1532 2620 1868 2686 potuerunt,

206 2725 243 2754 σι
283 2703 436 2757 sicut
483 2702 808 2757 crassitudo
855 2706 1020 2757 terra:
1050 2706 1256 2773 erupta
1309 2712 1396 2757 est
1426 2720 1603 2774 super
1633 2707 1869 2759 terram.

210 2816 247 2842 ‹‹
287 2791 581 2863 Dissipata
602 2797 885 2847 suntossa
900 2795 1099 2844 nostra
1120 2790 1621 2856 secusinfernum,
1638 2792 1776 2862 quia
1800 2793 1871 2847 ad

214 2903 255 2932 ‹‹
290 2887 365 2946 te,
393 2880 655 2948 Domine,
676 2880 937 2949 Domine,
968 2878 1117 2933 oculi
1142 2880 1253 2934 mei
1283 2898 1294 2934 :
1321 2880 1378 2934 in
1402 2884 1457 2934 te
1481 2880 1729 2951 speravi,
1757 2898 1871 2936 non

217 2991 258 3021 ι(
289 2971 518 3025 auferas
540 2968 797 3024 animam
813 2968 1277 3023 meam.Custodi
1303 2985 1438 3024 mea
1460 2969 1669 3040 laqueo
1697 2987 1871 3040 quem

220 3084 248 3109 α
289 3064 623 3115 statueruut
655 3058 818 3125 mihi,
850 3062 905 3113 et
947 3074 980 3112 a
1009 3056 1303 3112 scandalis
1357 3059 1727 3130 operantium
1758 3060 1870 3114 ini-

212 3174 248 3198 ‹‹
288 3149 589 3219 quitatem.
623 3148 841 3202 Cadent
887 3146 947 3203 in
996 3146 1273 3201 retiaculo
1323 3147 1450 3216 ejus
1500 3152 1867 3218 peccatores;

209 3261 247 3290 ‹‹
282 3236 661 3310 singulariter
690 3252 824 3291 sum
856 3252 961 3306 ego
992 3236 1173 3290 donec
1202 3239 1525 3291 transeam.
1568 3259 1595 3283 »

848 3324 1251 3380 ENARRATIO.

290 3415 567 3472 Psalmus
596 3414 774 3469 David
798 3418 886 3468 est
916 3413 1045 3478 iste,
1078 3413 1136 3467 id
1168 3417 1275 3481 est,
1312 3413 1701 3484 perfectorum
1735 3414 1875 3469 ﬁde-

208 3506 395 3570 lium,
428 3504 527 3576 qui
557 3503 650 3558 hic
678 3508 846 3558 erant
875 3518 1108 3557 omnem
1142 3501 1554 3573 perfectionem
1588 3503 1734 3573 vita,
1760 3503 1874 3558 sci-

207 3596 359 3650 licet
388 3599 450 3648 ut
482 3592 670 3665 primo
698 3592 868 3646 detur
887 3591 971 3647 eis
998 3608 1161 3647 orare
1187 3591 1341 3662 quod
1366 3591 1653 3646 orandum
1685 3596 1793 3659 est,
1819 3595 1876 3646 et

206 3702 287 3741 ea
318 3681 639 3737 intentione
658 3697 774 3752 qua
795 3684 1057 3752 oportet:
1093 3685 1151 3735 et
1182 3680 1391 3735 deinde
1412 3680 1581 3735 detur
1609 3680 1692 3734 eis
1725 3680 1873 3735 bene

207 3771 475 3845 operari,
502 3772 582 3825 ita
613 3776 675 3825 ut
704 3770 865 3841 digni
895 3769 1016 3825 sint
1046 3769 1433 3838 exauditione,
1468 3775 1523 3825 et
1555 3770 1698 3825 adeo
1732 3769 1874 3824 {iant

209 3859 642 3930 consummati,
678 3864 870 3914 utnec
893 3863 1131 3930 peccent
1154 3859 1211 3913 in
1243 3858 1481 3931 lingua;
1516 3864 1617 3913 aut
1648 3859 1695 3914 si
1730 3859 1875 3914 forte

203 3950 607 4024 peccaverint,
624 3965 739 4003 non
775 3952 1053 4003 excusent
1078 3965 1090 4005 :
1116 3947 1189 4001 ad
1212 3952 1558 4016 extremum,
1576 3953 1641 4003 ut
1662 3948 1873 4003 conﬁr-

207 4042 466 4095 mentur
496 4036 553 4091 in
584 4036 1083 4092 tribulationibus.

294 4128 546 4196 Domine,
578 4127 813 4180 clamavi
842 4124 912 4180 ad
944 4129 1011 4180 te.
1039 4124 1081 4179 Ο
1105 4124 1370 4193 Domine,
1403 4124 1501 4196 qui
1524 4141 1585 4179 es
1608 4125 1874 4197 omnipo-

201 4220 450 4285 tens,et
472 4215 601 4270 ideo
629 4220 790 4287 potes
811 4215 1118 4269 exaudire:
1142 4214 1398 4280 clamavi,
1420 4213 1477 4268 id
1511 4218 1600 4268 est
1626 4220 1715 4269 est
1739 4231 1871 4269 cum

195 4305 549 4364 intentione
579 4304 902 4360 devotionis
932 4303 1109 4370 oravi,
1145 4304 1461 4374 respiciens
1499 4303 1575 4358 ad
1606 4311 1654 4359 te
1686 4303 1785 4375 qui
1814 4321 1875 4359 es

198 4395 598 4453 misericors:
633 4398 689 4449 et
718 4394 854 4465 quia
883 4397 1067 4465 potes,
1100 4393 1294 4447 confer
1324 4392 1475 4463 quod
1507 4409 1626 4447 oro.
1652 4397 1719 4447 Et
1740 4392 1878 4464 quia

196 4500 533 4555 nunquam
565 4487 652 4539 est
681 4481 1107 4538 consummatio
1132 4482 1187 4536 in
1221 4482 1331 4537 hac
1362 4482 1499 4548 vita,
1529 4484 1785 4548 clamavi,
1820 4487 1878 4537 et

193 4574 419 4631 adhuc
450 4572 730 4628 clamabo.
769 4572 836 4627 Et
866 4587 990 4626 cum
1020 4574 1323 4626 clamavcro
1355 4571 1432 4626 ad
1463 4580 1529 4640 te,
1555 4572 1875 4643 respiciens
1909 4590 1954 4653 Β

196 4663 452 4720 intende
481 4663 595 4717 voci
617 4661 845 4729 mcaz,id
876 4661 1295 4731 est,intensum
1324 4660 1408 4715 fac
1440 4660 1497 4714 in
1521 4660 1877 4715 exhibitione

192 4752 408 4823 hujus
442 4751 542 4823 rei,
577 4767 752 4820 quam
785 4749 1117 4821 designabit
1146 4767 1251 4805 vox
1286 4765 1414 4803 mea
1444 4748 1564 4804 sive
1612 4750 1877 4817 interior,

193 4844 351 4898 sive
401 4839 667 4895 exterior.
707 4840 995 4909 Dirigatur
1042 4840 1216 4894 oratio
1254 4854 1395 4894 mea.
1439 4839 1603 4893 Modo
1647 4838 1882 4909 exponit

191 4930 373 5004 quid
399 4929 627 4996 clamet,
657 4928 899 4995 scilicet,
924 4927 1111 4982 hocin
1135 4928 1341 4998 primis
1370 4945 1490 4995 oro,
1517 4932 1579 4981 ut
1599 4928 1881 4997 dirigatur

189 5020 407 5078 oratio
436 5035 579 5089 mea,
611 5017 669 5073 id
701 5022 791 5073 est
821 5017 1043 5073 directa
1069 5016 1372 5071 habeatur.
1406 5020 1468 5069 Et
1499 5015 1635 5087 quia
1660 5016 1882 5071 directa

185 5113 429 5185 posset
457 5106 655 5162 haberi
688 5112 974 5179 quantum
999 5107 1069 5160 ad
1104 5105 1389 5173 homines,
1427 5105 1646 5171 subdit,
1672 5107 1732 5160 in
1753 5122 1879 5160 con-

179 5206 410 5272 spectu
438 5201 549 5266 tuo,
576 5197 631 5251 id
662 5201 769 5267 est,
793 5196 853 5250 in
885 5193 1249 5265 beneplacito
1282 5201 1402 5259 tuo,
1437 5198 1500 5249 ut
1533 5195 1633 5250 tibi
1670 5194 1883 5265 placita

178 5289 534 5354 habeatur,
568 5291 633 5339 ut
678 5285 776 5339 illa
822 5302 981 5339 orem
1018 5300 1142 5353 qua:
1176 5285 1398 5337 oranda
1450 5289 1609 5338 sunt.
1648 5285 1713 5337 Et
1745 5283 1883 5353 quia

180 5378 424 5437 adhuc
456 5380 654 5447 posset
686 5390 849 5429 orare
882 5390 1007 5442 quae
1040 5376 1239 5425 essent
1269 5372 1506 5439 oranda,
1533 5373 1631 5425 sed
1669 5389 1781 5425 non
1818 5388 1883 5425 ea

182 5466 554 5527 intentione
584 5480 701 5533 qua
731 5462 984 5525 deberet,
1019 5458 1295 5529 quoniam
1334 5459 1499 5513 multi
1535 5459 1641 5513 hoc
1673 5477 1880 5531 super-

180 5553 429 5617 biendi
465 5566 641 5607 causa
665 5553 851 5615 orant,
873 5548 1063 5602 adhuc
1086 5547 1433 5602 determinat
1466 5566 1478 5603 :
1512 5550 1661 5603 Sicut
1695 5551 1881 5604 incen-

177 5660 373 5712 sum,
409 5647 473 5698 ut
502 5639 632 5714 ipsa
660 5636 843 5694 oratio
892 5637 994 5694 ﬁat
1033 5652 1209 5693 causa
1261 5654 1674 5711 supernorum,
1707 5639 1763 5695 id
1797 5643 1886 5699 est

1908 3221 1949 3286 C

1991 345 2070 406 IN
2117 348 2501 411 PSALMOS.
3513 352 3630 417 8M

1981 481 2723 544 zeternorum,sicutfumus
2752 479 2975 535 incensi
2998 481 3183 535 tendit
3208 482 3276 536 ad
3303 485 3629 554 superiora.

1984 567 2100 621 Hoc
2132 572 2218 621 est
2247 567 2458 633 dicere,
2495 587 2606 624 non
2652 572 2882 623 tantum
2916 569 3094 624 facias
3128 587 3235 626 nos
3282 588 3447 625 orare
3477 576 3633 642 quod

1983 658 2267 711 orandum
2302 662 2407 725 est,
2441 658 2536 711 sed
2573 659 2746 713 etiam
2778 660 2930 714 bona
2964 659 3304 727 intentione,
3332 661 3387 715 id
3414 667 3520 725 est,
3548 679 3634 717 re-

1983 750 2181 816 spectu
2216 751 2585 817 aeternorum,
2612 752 2675 801 ut
2706 748 2753 801 si
2788 765 2887 819 pro
2921 748 3201 820 sospitate
3225 750 3632 815 oramus,ideo

1983 835 2083 888 fiat
2114 840 2176 887 ut
2208 834 2418 888 melius
2450 834 2795 891 insistamus
2817 838 3180 893 orationibus
3211 844 3267 893 et
3299 839 3431 894 aliis
3464 840 3631 895 bonis

1983 924 2230 978 actibus.
2261 924 2317 978 El
2346 940 2457 978 non
2491 928 2719 978 tantum
2744 927 2927 981 oratio
2949 927 3253 999 dirigatur,
3280 930 3378 983 sed
3409 931 3635 986 elevatio

1982 1029 2251 1067 manuum
2279 1030 2547 1079 mearum,
2576 1014 2630 1067 id
2663 1018 2771 1078 est,
2804 1015 2967 1069 bona:
3001 1018 3358 1087 operationis
3383 1036 3542 1089 mea},
3560 1019 3639 1074 sit

1981 1102 2317 1171 sacriﬁcium
2336 1104 2722 1172 vespertinum,
2740 1103 2847 1158 hoc
2868 1109 2973 1175 est,
2993 1122 3104 1160 non
3136 1110 3363 1161 tantum
3388 1107 3461 1162 sit
3485 1124 3638 1163 com-

1984 1188 2160 1261 pletio
2207 1190 2472 1245 rnatuniti
2531 1190 2822 1258 sacriﬁcii,
2857 1192 2913 1246 id
2959 1198 3046 1247 est
3076 1195 3284 1249 veteris
3337 1195 3503 1267 legis,
3536 1197 3638 1251 sed

1984 1279 2159 1334 etiam
2196 1297 2377 1349 novre,
2410 1296 2536 1351 qua:
2570 1281 2901 1350 observata,
2936 1287 3023 1336 est
3054 1283 3429 1350 sacrificium,
3462 1286 3518 1339 id
3552 1291 3644 1342 est

1986 1366 2221 1438 placens
2254 1368 2389 1424 Deo.
2413 1367 2574 1423 Sicut
2607 1373 2803 1423 autem
2838 1374 2970 1441 post
3002 1387 3207 1425 novam
3238 1389 3353 1427 non
3376 1374 3646 1445 sequitur

1987 1457 2101 1512 alia
2131 1456 2239 1525 lex,
2276 1458 2358 1513 sic
2392 1462 2521 1529 post
2550 1474 2857 1529 vesperum
2892 1476 3008 1513 non
3059 1460 3327 1530 sequitur
3356 1463 3471 1517 alia
3500 1463 3645 1519 hora

1987 1546 2099 1601 dici
2121 1565 2132 1601 :
2153 1546 2277 1602 ideo
2294 1564 2408 1602 non
2438 1547 2995 1619 ponitniatutinum.
3021 1549 3129 1602 Sed
3156 1550 3422 1620 ponendo
3437 1568 3643 1624 vespe-

1988 1653 2140 1704 rum,
2166 1636 2265 1690 dat
2297 1635 2541 1707 intelligi
2566 1635 2709 1690 illud
2734 1636 3103 1706 praecessisse
3126 1654 3229 1709 per
3263 1640 3433 1709 cujus
3456 1644 3642 1695 solam

1987 1724 2433 1795 completionem
2470 1741 2638 1779 nemo
2689 1730 2879 1794 potest
2928 1725 3160 1780 salvari.
3194 1728 3362 1792 Pone,
3395 1729 3641 1799 Domine,

1988 1813 2309 1869 custodiam.
2330 1814 2393 1867 Et
2415 1830 2601 1884 usque
2623 1830 2709 1879 eo,
2726 1814 2992 1879 Domine,
3012 1832 3283 1886 promove
3305 1833 3397 1871 me
3414 1816 3471 1871 in
3505 1834 3640 1873 con-

1986 1920 2051 1959 su
2063 1903 2462 1967 mmationem,
2481 1907 2543 1957 ut
2574 1920 2754 1974 ponas
2773 1903 3075 1958 custodiam
3102 1907 3188 1960 ori
3206 1922 3343 1974 meo,
3368 1910 3432 1962 ut
3455 1906 3638 1962 sciam

1987 1993 2219 2063 quando
2241 1997 2296 2047 et
2318 1992 2620 2062 quibussit
2642 1991 3022 2062 loquendum.
3041 1995 3275 2064 quando
3294 2011 3427 2049 vero
3451 1999 3645 2050 tacen-

1987 2082 2147 2136 dum.
2175 2085 2239 2135 Et
2262 2098 2332 2135 ne
2354 2080 2566 2150 aliquis
2584 2084 2957 2152 putareteum
2978 2081 3059 2135 ita
3072 2098 3255 2152 orare,
3276 2084 3628 2148 custodiam,

1987 2174 2051 2225 ut
2106 2186 2411 2241 nunquam
2484 2170 2719 2224 deberet
2791 2169 2973 2241 loqui,
3035 2172 3403 2225 determinat.
3474 2171 3629 2226 Pone

1984 2261 2189 2315 ostium
2214 2259 2377 2314 labiis
2394 2260 2549 2324 meis,
2565 2258 2620 2311 id
2648 2263 2756 2328 est,
2773 2259 2996 2330 inspira
3009 2259 3150 2313 mihi
3169 2258 3327 2314 illam
3348 2260 3463 2314 vim
3488 2259 3633 2314 inte-

1984 2350 2129 2415 rius,
2154 2353 2217 2402 ut
2240 2365 2351 2402 non
2368 2364 2599 2419 semper
2620 2348 2935 2419 aperiatur,
2954 2365 3057 2403 nec
3083 2365 3313 2419 semper
3327 2347 3634 2403 claudatur

1985 2455 2048 2493 os
2081 2454 2299 2506 meum,
2319 2438 2469 2491 sicut
2493 2437 2706 2491 ostium
2732 2438 2800 2491 ad
2827 2437 2935 2491 hoc
2953 2437 3121 2492 estin
3146 2438 3338 2505 domo,
3365 2441 3430 2492 ut
3460 2438 3634 2493 vicis-

1985 2527 2094 2581 sim
2131 2525 2424 2597 aperiatur
2474 2530 2529 2580 ct
2576 2526 2901 2580 claudatur.
2938 2527 3004 2580 Et
3058 2543 3169 2580 non
3222 2527 3632 2598 qualecunque

1984 2616 2222 2682 ostium,
2259 2616 2358 2669 sed
2393 2614 2607 2669 ostium
2638 2616 3086 2680 circumstantiae,
3121 2614 3176 2668 id
3211 2619 3298 2669 est
3331 2616 3485 2685 quod
3517 2616 3634 2669 eir-

1984 2720 2355 2773 cumquaque
2387 2702 2615 2757 muniat
2644 2718 2847 2757 omnes
2876 2719 3087 2757 sensus
3109 2704 3390 2774 corporis,
3428 2708 3492 2757 ut
3517 2720 3633 2758 non

1982 2809 2213 2864 peccem
2246 2791 2303 2845 in
2334 2791 2435 2846 eis.
2473 2815 2498 2841 ‹‹
2531 2791 2656 2846 Non
2691 2790 2943 2846 declines
2983 2808 3083 2846 cor
3115 2808 3327 2847 meum.
3370 2814 3397 2842 ››
3430 2794 3490 2846 ln
3524 2792 3633 2847 hoc

1983 2881 2156 2936 etiam
2191 2880 2397 2936 exaudi
2433 2897 2546 2943 me,
2572 2886 2635 2935 ut
2668 2898 2779 2936 non
2815 2897 3045 2952 peccem
3078 2883 3134 2936 in
3168 2880 3539 2952 cogitatione.
3570 2886 3636 2936 Et

1983 2971 2091 3025 hoc
2121 2974 2209 3025 est
2239 2970 2392 3039 quod
2428 2969 2601 3023 dicit:
2629 2970 2753 3024 Non
2786 2975 3015 3024 tantum
3049 2985 3186 3040 pone
3217 2970 3519 3025 custodiam
3549 2972 3634 3026 ori

1982 3074 2120 3126 meo,
2152 3059 2251 3113 sed
2281 3059 2329 3113 si
2361 3059 2667 3128 contigerit
2700 3076 2789 3112 me
2820 3075 3077 3129 peccare,
3111 3060 3263 3129 quod
3303 3060 3631 3115 humanum

1984 3152 2092 3216 est,
2115 3164 2222 3202 non
2246 3146 2508 3212 declines,
2532 3147 2587 3200 id
2604 3151 2712 3214 est,
2734 3165 2845 3201 non
2866 3149 3171 3219 permittas
3186 3148 3632 3216 humiliari,cor,

1988 3236 2045 3290 id
2084 3240 2172 3290 est
2217 3240 2470 3289 mentem
2504 3251 2715 3304 meam,
2750 3251 2815 3289 eo
2868 3252 3055 3305 usque
3104 3240 3169 3288 ut
3212 3236 3526 3290 descendat
3576 3238 3638 3290 in

1984 3324 2143 3379 verba
2162 3324 2417 3392 malitiae,
2444 3323 2499 3375 id
2524 3327 2631 3392 est,
2657 3339 2770 3375 non
2798 3327 3026 3376 tantum
3046 3322 3200 3376 absit
3223 3340 3255 3376 a
3285 3340 3375 3377 me
3399 3322 3637 3389 locutio,

1983 3414 2082 3468 sed
2116 3412 2288 3466 etiam
2316 3428 2429 3466 non
2464 3410 2687 3481 placeat
2718 3410 2859 3464 mihi
2893 3411 3215 3466 secundum
3247 3411 3637 3483 cognitionem

1983 3518 2174 3556 sermo
2225 3498 2650 3554 malitiosorum
2702 3499 3031 3566 hominum,
3068 3516 3183 3570 quo
3224 3516 3284 3554 se
3334 3504 3635 3568 excusant,

1985 3593 2219 3661 peccata
2249 3606 2355 3643 sua
2375 3588 2459 3643 vel
2496 3587 2629 3642 fatis
2656 3587 3024 3659 imputando,
3056 3588 3143 3643 vel
3174 3588 3504 3644 inﬁrmitati
3528 3589 3636 3644 hu-

1985 3696 2169 3733 manae
2192 3676 2716 3741 conditionis.Quze
2739 3677 3009 3731 videntur
3031 3678 3203 3731 verba
3223 3678 3635 3747 justiﬁcantia,

1983 3785 2117 3823 cum
2152 3784 2346 3823 revera
2378 3768 2495 3822 sint
2528 3766 2782 3821 malitiae.
2820 3766 2939 3821 Etsi
2979 3766 3288 3838 contigerit
3320 3766 3636 3837 aliquando

1985 3862 2049 3912 ut
2076 3874 2167 3913 me
2196 3873 2489 3922 excusem,
2516 3880 2543 3905 ‹‹
2578 3873 2694 3911 non
2727 3855 2983 3911 declines
3018 3872 3115 3909 cor
3138 3872 3333 3910 meum
3368 3856 3440 3910 ad
3472 3871 3642 3911 excu-

1985 3948 2201 4003 sandas
2227 3945 2650 4013 excusationes,
2672 3946 2783 4000 mei
2816 3945 2987 4017 positi
3018 3944 3075 3998 in
3101 3946 3375 4016 peccatis,
3396 3945 3498 4000 »ίά
3528 3948 3635 4012 est,

1986 4053 2098 4091 non
2116 4034 2419 4107 permittas
2436 4050 2527 4088 me
2543 4034 2853 4088 defendere
2868 4035 3301 4090 excusationem
3321 4036 3638 4090 adductam

1986 4126 2104 4181 sive
2126 4125 2185 4177 in
2201 4140 2311 4187 me,
2334 4124 2453 4178 sive
2476 4123 2533 4176 in
2559 4122 2709 4191 aliis,
2726 4139 2827 4178 nec
2846 4140 3103 4179 asserere
3118 4141 3209 4179 me
3232 4125 3376 4179 bene
3399 4124 3637 4179 dixisse.

1987 4239 2013 4265 (ι
2048 4219 2189 4268 Cum
2223 4213 2564 4267 hominibus
2597 4212 2996 4285 operantibus.
3027 4236 3053 4261 »
3084 4214 3247 4278 Quod
3271 4214 3314 4268 si
3352 4213 3495 4268 mihi
3531 4213 3640 4267 hoc

1987 4301 2367 4366 concesseris,
2402 4306 2468 4355 ut
2500 4302 2784 4373 dirigatur
2805 4304 2988 4358 oratio
3022 4320 3171 4368 mea,
3205 4307 3262 4356 et
3294 4302 3370 4355 sit
3399 4300 3641 4355 elevatio

1988 4407 2271 4448 manuum
2324 4407 2585 4444 mearum
2639 4391 2989 4445 sacriﬁcium
3041 4389 3439 4460 vespertinum
3478 4405 3488 4441 :
3526 4404 3640 4441 non

1987 4481 2419 4545 communicabo,
2446 4480 2500 4533 id
2535 4486 2643 4544 est,
2672 4480 2893 4534 nullam
2919 4478 3509 4535 communicationem
3532 4476 3643 4530 ha-

1988 4572 2155 4637 bebo,
2178 4587 2301 4625 cum
2324 4569 2635 4624 hominibus
2654 4570 3009 4638 operantibus
3028 4568 3372 4637 iniquitatem
3403 4583 3421 4619 :
3448 4569 3504 4619 et
3525 4580 3640 4618 non

1989 4666 2218 4716 tantum
2253 4660 2379 4714 dico
2411 4658 2479 4712 de
2500 4656 2969 4720 minoribus,scd
3004 4655 3181 4711 etiam
3203 4671 3312 4710 non.
3341 4655 3643 4709 communi-

1988 4750 2119 4805 cabo
2148 4766 2273 4803 cum
2322 4749 2503 4803 electis
2551 4762 2758 4815 eorum,
2794 4746 2949 4815 quod
3001 4745 3195 4814 majus
3247 4747 3352 4799 est.
3389 4743 3641 4798 Facilius

1989 4840 2144 4894 enim
2179 4837 2542 4893 consentitur
2572 4834 2733 4889 diviti
2765 4850 2940 4905 quam
2972 4832 3233 4905 pauperi.
3256 4832 3437 4887 Aliter
3465 4832 3645 4909 conti-

1991 4933 2207 4983 nuatur
2238 4944 2249 4980 ε
2285 4929 2405 4981 Non
2434 4926 2670 4979 declines
2700 4939 2791 4977 cor
2822 4939 3029 4992 meum,
3063 4925 3128 4976 ut
3156 4938 3429 4977 excusem
3463 4937 3555 4974 me
3584 4920 3642 4973 in

1991 5015 2243 5089 peccatis
2268 5014 2420 5069 sicut
2440 5014 2917 5068 solentexcusare
2931 5017 3235 5082 operantes
3251 5010 3642 5080 iniquitatem.

1991 5106 2151 5171 Quod
2178 5105 2223 5159 si
2250 5105 2355 5158 hoc
2380 5102 2601 5164 feceris,
2629 5118 2741 5156 non
2766 5100 2992 5155 habebo
3024 5100 3493 5154 communionem
3519 5113 3647 5151 cum

1990 5194 2199 5260 electis,
2225 5192 2279 5245 id
2315 5196 2422 5260 est,
2448 5188 2697 5261 praelatis
2714 5194 2768 5243 et
2800 5189 3107 5260 praecipuis
3129 5204 3352 5243 eorum.
3381 5186 3647 5256 Corripiet

1991 5300 2095 5337 me.
2120 5280 2241 5335 Etsi
2275 5297 2389 5334 non
2426 5278 2813 5333 declinaveris
2847 5296 2945 5333 cor
2967 5293 3164 5332 meum
3189 5277 3245 5330 in
3278 5276 3454 5329 verba
3486 5272 3650 5328 mali-

1993 5372 2104 5441 tiae,
2143 5374 2203 5424 ut
2234 5385 2346 5422 non
2369 5383 2600 5437 peccem
2626 5367 2954 5435 cogitando,
2981 5382 3085 5420 nec
3107 5365 3163 5418 in
3188 5363 3437 5435 peccatis
3470 5379 3641 5418 excu-

1994 5460 2177 5515 sando
2197 5460 2477 5528 sequatur
2507 5455 2613 5509 hoc
2639 5457 2876 5525 bonum,
2904 5456 3053 5525 quod
3087 5452 3301 5524 aliquis
3322 5454 3505 5523 justus
3530 5467 3644 5505 cor-

1992 5550 2156 5620 ripiet.
2186 5564 2275 5601 me
2305 5543 2698 5599 ecclesiastica
2723 5544 3053 5617 disciplina,
3084 5541 3565 5613 scilicetjejuniis
3592 5544 3649 5594 et

1993 5636 2348 5713 quandoque
2396 5632 2734 5691 verberibus
2762 5651 2773 5692 :
2806 5638 2863 5690 et
2909 5633 3036 5691 ideo
3076 5633 3335 5707 corripiet
3363 5647 3471 5698 me,
3504 5629 3644 5705 quia
