4018 6200
398 318 516 376 815

961 311 1262 372 REMIGII
1308 309 2059 371 ANTISSIODORENSIS
2106 309 2280 370 OPP.
2325 309 2528 371 PARS
2572 309 2623 370 Ι.
2653 342 2729 353 -
2759 307 3229 371 EXEGETICA.

3611 310 3617 317 ’
3682 307 3819 369 816

400 464 503 518 ego
538 460 629 500 me
660 443 897 499 omnino
928 443 1231 499 disaccuso
1253 460 1264 497 :
1287 451 1335 498 et
1364 443 1667 514 increpabit
1689 459 1774 498 me
1804 442 2040 498 monitis
2069 443 2123 509 Α
2154 450 2221 511 te,
2243 459 2357 497 non
2389 442 2458 497 ad
2483 441 2849 515 temporalia,
2871 457 2978 497 nec
3003 442 3074 497 ad
3108 436 3501 513 patroCinium
3538 438 3811 497 alterius.

398 540 454 591 et
479 534 780 601 doctrinis,
813 538 870 588 et
899 533 1006 587 hoc
1038 534 1092 587 in
1122 532 1519 601 misericordia,
1555 532 1694 605 quia
1736 548 1840 604 ego
1871 531 2041 587 intel-

398 624 514 695 ligo
556 622 1008 678 misericorditer
1042 622 1183 677 ﬁeri.
1219 622 1378 684 Quod
1431 638 1544 676 non
1579 637 1832 693 agerem,
1865 621 1915 675 si
1948 637 2042 675 me

398 729 671 769 excusare
719 711 944 767 vellem.
977 710 1290 782 Correptio,
1324 709 1589 782 inquam,
1610 710 1757 781 justi
1791 709 2042 782 placebit

396 802 564 869 mihi,
596 807 653 857 et
689 800 1013 872 intelligam
1062 816 1187 855 eam
1222 815 1349 855 esse
1400 799 1858 855 misericordiam
1893 817 1904 854 :
1939 798 2040 854 sed

394 892 594 958 oleum,
620 888 675 943 id
700 893 805 953 est,
831 887 1087 944 adulatio
1104 890 1398 959 peccatoris
1419 904 1530 944 non
1550 891 1855 960 impinguet
1881 896 2044 960 caput

393 996 594 1046 meum,
628 979 684 1032 id
716 982 824 1043 est,
851 994 965 1033 non
996 976 1242 1032 delectet
1284 982 1540 1032 mentem
1591 993 1805 1043 meam,
1839 977 1895 1031 id
1928 980 2037 1048 est,

392 1069 619 1123 utinam
650 1085 765 1122 non
799 1066 1146 1138 impinguet.
1180 1066 1248 1120 Et
1277 1065 1386 1120 hoc
1430 1067 1557 1121 ideo
1588 1067 1733 1121 dicit
1762 1067 2039 1139 optando,

392 1156 531 1229 quia
562 1155 732 1211 multi
762 1155 936 1211 etiam
960 1155 1095 1210 boni
1126 1153 1463 1210 adulatione
1495 1154 1780 1210 malorum
1805 1155 2040 1211 subver-

392 1250 617 1302 tuntur.
641 1244 942 1300 Etidcirco
959 1248 1196 1316 propter
1225 1242 1634 1299 difﬁcultatem
1658 1242 1898 1316 periculi
1922 1260 2038 1299 non

392 1336 557 1408 ponit
577 1334 719 1389 illud
752 1333 1127 1401 enuntiative,
1152 1333 1252 1388 sed
1276 1333 1514 1388 orando.
1542 1334 1817 1401 Quoniam
1840 1332 2035 1388 adhuc.

392 1426 611 1481 Revera
639 1440 754 1479 non
777 1422 1222 1478 communicabo
1254 1438 1388 1476 cum
1419 1420 1786 1493 principibus
1809 1436 2034 1488 eorum,

397 1537 419 1565 α
454 1531 559 1569 nec
590 1512 779 1569 oleum
823 1510 1142 1583 peccatoris
1194 1510 1523 1582 impinguet
1551 1514 1726 1582 caput
1756 1527 1973 1578 meum,
2008 1532 2036 1559 ››

390 1604 529 1676 quia
576 1604 769 1675 potius
818 1601 930 1673 ipsi
979 1599 1500 1655 communicabunt
1548 1598 1713 1654 mihi.
1762 1600 2039 1669 Quoniam

387 1693 591 1760 adhuc,
623 1689 908 1747 subaudis
938 1689 1067 1755 erit,
1093 1689 1247 1761 quod
1280 1706 1394 1744 non
1426 1692 1656 1743 tantum
1679 1704 1853 1759 opera
1886 1704 2033 1757 mea,

390 1784 489 1839 sed
512 1782 687 1838 etiam
726 1804 745 1830 α
783 1779 967 1836 oratio
990 1780 1188 1834 meain
1223 1777 1601 1849 beneplacitis
1627 1793 1828 1833 eorum
1855 1800 1882 1826 ››
1905 1778 2033 1848 erit,

386 1871 441 1927 id
468 1876 576 1940 est,
600 1871 751 1925 inter
771 1869 872 1925 illa
901 1885 1028 1940 quae
1049 1867 1281 1939 placent
1306 1866 1443 1937 illis,
1467 1866 1523 1920 id
1547 1870 1656 1935 est,
1679 1865 1930 1938 placebit
1952 1866 2035 1923 eis

388 1962 591 2018 eadem
640 1976 828 2027 orare,
874 1976 1001 2030 qure
1052 1962 1111 2013 et
1157 1974 1262 2029 ego
1312 1973 1449 2025 oro;
1506 1955 1726 2011 scilicet
1773 1960 1837 2011 ut
1883 1960 2035 2011 recte

388 2054 574 2117 orent,
605 2054 661 2105 et
690 2050 835 2106 bene
867 2052 1201 2120 operentur.
1236 2046 1306 2101 Et
1335 2045 1445 2101 hoc
1470 2044 1623 2100 valet
1653 2045 1723 2099 ad
1756 2044 2035 2101 intentio-

386 2157 543 2207 nem,
578 2139 716 2212 quia
766 2138 862 2193 isti
895 2136 1095 2192 ﬁdeles
1139 2135 1233 2190 hic
1265 2134 1579 2190 intendunt
1620 2133 2033 2205 perfectionem

384 2228 589 2287 orandi
620 2228 992 2302 persuadere.
1024 2229 1093 2280 Et
1121 2224 1230 2281 hoc
1261 2229 1349 2280 est
1371 2224 1524 2296 quod
1559 2222 1677 2279 dixi
1710 2241 1723 2279 :
1758 2240 1874 2279 non
1903 2228 2032 2280 tan-

381 2324 509 2376 tum
540 2318 649 2375 erit
675 2319 733 2373 in
766 2316 1116 2383 minoribus,
1162 2315 1264 2370 sed
1297 2313 1699 2385 etiamjudices
1729 2330 1939 2381 eorum,
1974 2313 2033 2368 id

383 2409 737 2480 estmajores
765 2411 821 2462 et
843 2405 1082 2478 praelati,
1108 2420 1359 2477 quorum
1374 2409 1463 2458 est
1477 2402 1761 2474 judicare,
1785 2404 2037 2474 absorpti

384 2506 535 2561 sunt,
562 2497 620 2551 id
642 2499 751 2562 est,
777 2495 1247 2549 absorbebuntur
1266 2492 1326 2547 in
1350 2509 1416 2548 eo
1439 2493 1591 2563 quod
1620 2492 1956 2548 devincendi
1977 2495 2034 2546 et

387 2584 725 2640 destruendi
757 2586 897 2638 sunt
942 2582 1014 2636 ab
1045 2598 1110 2636 eo
1140 2582 1295 2652 quod
1327 2586 1485 2651 sunt,
1520 2596 1622 2651 per
1652 2580 1760 2636 hoc
1813 2580 2035 2635 scilicet

386 2673 735 2747 quodjuncti
754 2668 1166 2741 suntpetraz',id
1192 2673 1298 2735 est,
1323 2668 1549 2723 Christo
1573 2685 1675 2739 per
1694 2669 2031 2723 ﬁdem.Non

383 2768 579 2822 autem
612 2760 958 2833 simpliciter
987 2758 1173 2831 ponit,
1195 2756 1389 2812 Oratio
1412 2773 1542 2812 mea
1572 2756 1823 2828 placebit
1842 2756 1913 2822 ei,
1930 2758 2030 2813 sed

382 2854 547 2911 addit
575 2852 772 2918 adhuc,
804 2849 1095 2905 utinnuat
1115 2846 1453 2902 brevitatem
1478 2846 1779 2917 temporis.
1806 2846 2037 2902 Audierit

380 2944 549 2999 verba
581 2957 725 2997 mea.
749 2938 901 2994 Dicit
931 2936 1180 3009 qualiter
1210 2935 1610 3006 adjungantur
1639 2934 1884 3005 Christo,
1917 2936 2031 2991 sci-

380 3033 516 3088 licet
533 3047 635 3103 per
658 3029 833 3085 verba
853 3023 1281 3100 przedicationis
1302 3041 1461 3092 meis,
1492 3023 1563 3079 ad
1589 3040 1714 3095 quae
1740 3024 2031 3081 audienda

386 3128 442 3179 et
458 3118 835 3193 suspicienda
855 3115 969 3189 ipsi
989 3118 1160 3170 erunt
1178 3113 1371 3170 idonei
1395 3132 1408 3182 ;
1427 3114 1691 3186 quoniam
1708 3124 2024 3186 paruerunt,

382 3189 666 3269 subaudis
697 3208 897 3264 eadem
928 3205 1123 3273 verba,
1149 3203 1205 3259 id
1238 3206 1345 3271 est,
1370 3201 1797 3275 praevaluerunt
1827 3203 1887 3260 in
1919 3204 2025 3273 eis,
2057 3189 2102 3254 C

375 3307 433 3360 et
465 3299 723 3374 potentia
771 3300 826 3351 et
856 3293 1115 3352 efﬁcacia
1164 3294 1400 3348 fuerunt
1427 3293 1497 3348 ad
1526 3293 2019 3364 persuadendum.

374 3391 538 3457 Quod
587 3390 645 3444 in
677 3387 914 3443 Hebraeo
963 3383 1230 3454 habetur,
1265 3382 1553 3447 Quoniam
1602 3383 1813 3439 decora
1860 3388 2020 3440 sunt.

370 3480 532 3544 Quod
573 3495 641 3533 ea
686 3475 903 3531 dicitur
949 3472 1252 3542 afﬁnitate,
1286 3471 1563 3543 quoniam
1608 3472 1783 3527 verba
1813 3474 2022 3529 decora

369 3568 560 3625 solent
605 3582 734 3622 esse
764 3564 835 3619 ad
888 3562 1329 3635 persuasionem
1363 3560 1638 3633 potentia.
1673 3560 1775 3615 Hic
1823 3578 2019 3617 exem-

368 3657 531 3731 plum
564 3657 664 3712 dat
694 3653 847 3722 aliis,
882 3658 946 3707 ut
975 3650 1207 3708 solliciti
1235 3651 1356 3706 sint
1385 3651 1456 3705 de
1509 3649 1697 3705 salute
1727 3650 2015 3722 proximo-

368 3765 521 3817 rum,
551 3751 608 3802 et
638 3743 888 3818 praelatis
910 3742 982 3797 de
1002 3740 1198 3796 studio
1226 3739 1599 3812 praedicandi.
1625 3762 1652 3789 «
1679 3738 1841 3795 Sicut
1864 3757 2018 3796 cras-

370 3837 564 3893 situdo
611 3840 796 3890 terras.
834 3831 1129 3903 Dissipata
1160 3832 1300 3884 sunt
1345 3844 1480 3883 ossa
1509 3833 1727 3883 nostra.
1766 3850 1795 3877 »
1826 3828 2015 3901 Hujus

363 3941 568 3980 versus
599 3922 951 3995 principium
984 3936 1117 3977 cum
1147 3919 1262 3973 ﬁne
1302 3917 1679 3990 prmcedentis
1708 3917 2013 3974 continua-

365 4018 482 4083 tur,
516 4011 597 4066 ita
630 4029 642 4066 :
678 4010 923 4074 Quidam
977 4008 1300 4079 suscipient
1330 4023 1461 4062 mea
1509 4006 1685 4061 verba
1716 4022 1729 4060 :
1766 4007 1837 4062 ab
1882 4007 2012 4063 aliis

362 4117 497 4158 vero
529 4100 629 4171 qui
662 4115 777 4153 non
808 4097 1153 4168 suscipiant,
1185 4096 1637 4167 dissipabuntur
1659 4112 1793 4152 ossa
1814 4102 2012 4153 nostra

359 4207 512 4247 secus
531 4190 836 4260 infernum,
862 4186 919 4241 id
941 4190 1050 4252 est,
1075 4184 1341 4240 fortiores
1372 4184 1590 4256 quique
1613 4184 1670 4239 in
1695 4184 1863 4241 nobis
1889 4186 2007 4242 dis-

358 4281 713 4353 sipabuntur
733 4270 906 4349 juxta
927 4272 1224 4347 judicium
1254 4272 1511 4339 illorum,
1545 4273 1645 4345 qui
1676 4274 1838 4347 digni
1870 4281 2009 4332 sunt

355 4370 465 4427 hoc
497 4369 733 4425 nomine
763 4367 917 4438 quod
950 4379 1040 4421 est
1070 4363 1356 4418 infernus.
1391 4364 1524 4428 Qua:
1555 4362 1859 4435 dissipatio
1898 4365 2008 4421 erit

357 4482 385 4510 ‹‹
420 4455 914 4516 sicutcrassitudo
936 4457 1143 4525 erupta
1164 4468 1342 4524 super
1362 4454 1633 4519 terram,»
1657 4452 1714 4507 id
1735 4452 2005 4521 est,sicut

2153 530 2224 585 Et
2245 531 2384 603 quia
2402 532 2621 603 speravi
2640 547 2707 586 ea
2719 548 2847 603 quis
2870 531 3087 586 suntin
3108 534 3177 598 te,
3196 530 3323 586 Non
3341 528 3447 585 tibi
3468 529 3815 601 dissimilia,

2153 620 2379 675 custodi
2410 636 2522 675 me.
2543 620 3119 692 Exponitsecundum
3142 619 3282 692 quid
3297 619 3711 691 accipiendum
3731 619 3822 675 sit

2152 709 2307 780 quod
2340 708 2519 764 dixit:
2540 731 2569 758 ‹‹
2602 713 2725 764 Non
2759 708 2989 765 auferas
3019 708 3281 765 animam
3308 724 3524 764 meam.
3555 709 3819 765 Custodi

2152 814 2246 853 me
2275 815 2308 853 a
2335 796 2543 870 laqueo
2571 815 2745 870 quem
2777 801 3109 854 statuerunt
3139 798 3306 866 mihi,
3330 819 3358 850 ι
3381 799 3437 853 id
3470 803 3581 866 est,
3606 816 3643 854 a
3673 816 3814 871 pro-

2152 887 2535 943 missionibus
2552 892 2607 942 et
2625 886 2927 943 blanditiis
2948 887 3395 959 eorum,quibus
3417 903 3510 943 me
3527 888 3816 945 devocare

2151 976 2437 1043 nituntur,
2471 981 2536 1031 ut
2579 992 2766 1048 neque
2799 993 3059 1045 munere,
3093 993 3284 1049 neque
3330 975 3670 1033 adulatione
3700 995 3813 1035 nos

2150 1064 2445 1136 decipiant
2470 1082 2490 1120 τ
2524 1068 2581 1120 et
2610 1066 2836 1121 custodi
2864 1082 2956 1120 me
2983 1066 3056 1121 ab
3084 1065 3379 1132 scandatis,
3408 1066 3467 1122 id
3497 1071 3610 1133 est,
3635 1073 3814 1122 ator-

2150 1153 2364 1208 mentis
2394 1158 2451 1209 et
2472 1154 2783 1209 manifesta
2802 1138 3204 1226 persecutione
3220 1156 3571 1226 operantium
3600 1156 3814 1227 iniqui—

2148 1246 2330 1307 tatem,
2365 1243 2582 1314 quibus
2613 1242 2872 1298 animam
2924 1259 3115 1299 meam
3146 1247 3433 1299 conantur
3480 1243 3715 1300 auferre
3748 1247 3809 1301 et

2149 1331 2261 1388 sibi
2300 1333 2681 1388 conformare.
2717 1331 2919 1387 Cadent
2962 1334 3023 1387 in
3052 1333 3319 1390 retiaculo
3368 1334 3505 1405 ejus.
3535 1333 3674 1389 Ideo
3702 1351 3805 1391 oro

2148 1426 2214 1477 ut
2243 1438 2337 1477 me
2366 1422 2684 1491 custodias,
2718 1421 2856 1493 quia
2884 1421 3050 1478 video
3105 1423 3396 1494 quosdam
3427 1423 3662 1493 cadere,
3696 1423 3803 1480 sed

2148 1528 2263 1567 non
2294 1511 2504 1567 cadent
2549 1510 2662 1566 nisi
2708 1514 3032 1583 peccatores,
3068 1511 3170 1583 qui
3217 1516 3379 1580 sunt,
3412 1511 3470 1567 in
3517 1511 3802 1569 retiaculo

2146 1600 2295 1671 ejus,
2319 1600 2376 1655 id
2389 1604 2480 1656 est
2498 1598 2860 1671 iniquitatis;
2884 1599 3096 1656 nonilli
3120 1599 3344 1657 scilicet
3365 1600 3802 1673 quialiquando

2147 1694 2532 1761 peccaverunt
2562 1694 2618 1744 et
2667 1688 2987 1757 desierunt,
3021 1691 3121 1745 sed
3158 1689 3241 1744 illi
3289 1690 3394 1763 qui
3423 1689 3619 1746 irretiti
3649 1696 3800 1747 sunt

2147 1778 2397 1850 peccatis
2419 1778 2742 1834 secundum
2771 1779 3280 1851 consuetudinem,
3300 1784 3357 1835 et
3387 1778 3568 1852 magis
3586 1785 3797 1836 amant

2143 1867 2488 1939 temporalia
2518 1884 2693 1939 quam
2724 1872 2956 1924 interna.
2990 1872 3058 1923 Et
3076 1870 3311 1940 justum
3342 1873 3432 1925 est
3459 1874 3523 1925 ut
3566 1886 3660 1926 me
3688 1886 3794 1925 cu-

2143 1957 2383 2024 stodias,
2417 1956 2555 2028 quia
2604 1973 2698 2028 ego
2744 1974 2870 2013 sum
2915 1958 3299 2029 singulariter,
3323 1957 3395 2030 ',id
3443 1963 3536 2014 est
3580 1959 3641 2012 in
3693 1975 3794 2031 spe

2142 2044 2448 2118 singulari,
2471 2062 2587 2101 non
2618 2045 2677 2100 in
2694 2045 2955 2119 appetitu
2979 2046 3454 2119 multiplicitatis,
3489 2046 3643 2103 sicut
3664 2064 3792 2120 pec-

2142 2135 2519 2206 catores,’_sed
2550 2150 2727 2190 unam
2750 2151 2873 2192 rem
2902 2135 3041 2207 petii
3072 2153 3107 2192 a
3138 2136 3402 2205 Domino,
3426 2136 3487 2191 in
3519 2154 3641 2210 qua
3668 2153 3793 2209 per-

2143 2224 2414 2280 severabo
2444 2223 2611 2280 donec
2640 2226 2919 2282 transeam
2949 2226 3020 2281 de
3046 2225 3155 2282 hac
3184 2225 3322 2281 vita.

2695 2332 3018 2388 PSALMUS
3056 2331 3233 2389 CXLI.

2094 2422 2100 2427 ”
2143 2419 2515 2459 INTELLECTUS
2546 2420 2736 2471 DAVID,
2768 2420 2891 2459 CUM
2929 2420 3097 2460 ESSET
3129 2421 3187 2459 IN
3224 2420 3539 2470 SPBLUNCA,
3571 2420 3794 2460 ORATIO.

2213 2514 2242 2542 ‹‹
2274 2491 2423 2548 Voce
2454 2509 2583 2548 mea
2633 2493 2704 2548 ad
2737 2492 3054 2549 Dominum
3084 2492 3350 2564 clamavi,
3380 2509 3522 2549 voce
3568 2510 3703 2549 mea
3729 2493 3794 2549 ad

2146 2602 2174 2629 ‹‹
2206 2580 2522 2636 Dominum
2554 2582 2902 2653 deprecatus
2933 2599 3087 2637 sum.
3110 2581 3356 2638 Etl‘undo
3387 2581 3447 2637 in
3481 2587 3795 2655 conspectu

2142 2692 2170 2719 «
2203 2671 2331 2741 ejus
2379 2670 2702 2727 orationem
2752 2687 2969 2743 meam,
3003 2676 3061 2727 et
3108 2671 3556 2728 tribulationem
3609 2688 3794 2728 meam

2142 2779 2169 2807 «
2203 2762 2338 2813 ante
2367 2758 2563 2831 ipsum
2588 2761 2922 2832 pronuntio.
2953 2760 3016 2815 In
3047 2760 3367 2817 deﬁciendo
3399 2776 3471 2817 ex
3500 2778 3598 2818 me
3627 2761 3797 2833 spiri-

2144 2868 2172 2896 ‹‹
2202 2850 2328 2902 tum
2362 2864 2580 2917 meum,
2605 2853 2663 2905 et
2687 2854 2749 2905 tu
2770 2849 3088 2923 cognovisti
3114 2850 3354 2906 semitas
3387 2866 3572 2906 meas.
3610 2851 3673 2905 In
3709 2850 3795 2904 via

2140 2958 2168 2986 «
2202 2934 2310 2991 hac
2332 2953 2448 3008 qua
2460 2937 2861 3009 ambulabam,
2878 2938 3608 3012 absconderuntlaqueum
3629 2938 3789 2995 mihi.

2139 3047 2166 3075 ‹‹
2202 3024 2653 3083 Considerabam
2685 3028 2760 3083 ad
2798 3028 3116 3095 dexteram,
3148 3032 3204 3085 et
3234 3028 3506 3084 videbam
3541 3045 3555 3084 :
3589 3034 3648 3084 et
3679 3045 3790 3084 non

2138 3136 2168 3165 «
2200 3119 2323 3171 erat
2352 3116 2453 3188 qui
2486 3121 2862 3189 cognosceret
2882 3134 2995 3175 me.
3017 3117 3195 3174 Periit
3225 3118 3363 3191 fuga
3391 3136 3426 3174 a
3457 3135 3577 3189 me,
3600 3123 3659 3175 et
3679 3134 3791 3174 non

2141 3227 2169 3254 «
2202 3212 2291 3261 est
2320 3204 2420 3277 qui
2452 3205 2709 3277 requirat
2756 3207 3018 3263 animam
3067 3224 3279 3264 meam.
3312 3206 3577 3264 Clamavi
3608 3209 3682 3264 ad
3713 3213 3787 3274 te,

2135 3314 2163 3343 «
2196 3292 2463 3361 Domine,
2519 3294 2635 3349 dixi
2672 3311 2685 3350 :
2720 3295 2804 3350 Tu
2837 3311 2898 3351 es
2945 3301 3081 3369 spes
3130 3313 3279 3367 mea,
3311 3302 3502 3368 portio
3552 3314 3686 3353 mea
3730 3296 3787 3352 in

2134 3405 2161 3432 ‹‹
2194 3386 2350 3439 terra
2373 3383 2711 3440 viventium.
2738 3385 2975 3442 Intende
2995 3386 3068 3441 ad
3089 3385 3559 3458 deprecationem
3572 3403 3786 3453 meam,

2136 3493 2156 3520 α
2193 3472 2331 3543 quia
2360 3472 2708 3530 humiliatus
2748 3491 2882 3530 sum
2916 3473 3114 3531 nimis.
3148 3474 3355 3531 Libera
3384 3491 3477 3531 me
3526 3493 3562 3531 a
3590 3492 3785 3548 perse-

2134 3584 2160 3609 «ς
2192 3562 2509 3632 quentibus
2542 3579 2654 3631 me,
2675 3562 2776 3635 qui
2794 3562 3101 3619 confortati
3133 3567 3271 3619 sunt
3291 3580 3470 3637 super
3487 3580 3601 3620 me.
3628 3564 3785 3620 Educ

2134 3670 2155 3698 ι
2185 3650 2255 3704 de
2286 3651 2551 3706 custodia
2601 3652 2861 3708 animam
2894 3669 3085 3708 meam
3136 3653 3209 3709 ad
3241 3653 3633 3709 conﬁtendum
3672 3670 3780 3709 no-

2126 3762 2155 3791 ‹‹
2188 3738 2333 3794 mini
2365 3743 2465 3796 tuo
2501 3756 2514 3796 :
2548 3757 2641 3797 me
2690 3746 3032 3815 exspectant
3051 3741 3227 3814 justi,
3263 3743 3431 3799 donec
3465 3741 3767 3796 retribuas

2124 3850 2153 3879 (‹
2188 3827 2356 3884 mihi.
2395 3849 2423 3876 »

2741 3919 2869 3975 ENA
2881 3920 3133 3977 RRATIO.

2194 4004 2462 4062 Psalmus
2514 4006 2622 4063 iste
2670 4008 3013 4065 attribuitur
3042 4008 3291 4067 Domino
3318 4010 3483 4078 Jesu,
3517 4009 3617 4083 qui
3645 4009 3774 4068 ide)

2120 4094 2339 4150 dicitur
2359 4096 2693 4167 intellectus,
2719 4097 2859 4169 quia
2890 4096 2985 4154 hic
3006 4098 3352 4172 designatur
3378 4100 3536 4156 bona
3554 4100 3780 4156 devotio

2118 4189 2175 4239 et
2190 4184 2448 4256 operatio
2463 4184 2806 4258 ipsius,quaa
2819 4187 3115 4259 pertinent
3127 4190 3200 4245 ad
3214 4188 3777 4247 intellectualitatem

2116 4274 2174 4329 id
2205 4278 2295 4330 est
2324 4274 2395 4329 ad
2429 4274 2863 4332 discretionem.
2886 4277 3144 4333 Psalmus
3174 4278 3327 4344 dico,
3351 4278 3453 4351 qui
3478 4284 3574 4335 est
3593 4278 3779 4352 prola-

2114 4366 2231 4433 tus,
2257 4380 2383 4419 cum
2412 4368 2552 4420 esset
2580 4364 2810 4437 positus
2837 4366 2894 4421 in
2921 4366 3205 4439 spelunca,
3228 4368 3286 4423 id
3319 4372 3431 4436 est,
3453 4385 3597 4425 cum
3629 4373 3781 4425 esset

2113 4450 2352 4508 latitans
2375 4453 2431 4507 in
2459 4452 2691 4510 mortali
2712 4458 2769 4511 et
2786 4456 3328 4530 passibilicorpore.
3355 4462 3609 4531 Propter
3625 4459 3777 4532 quod

353 4550 530 4604 ﬁmus
550 4551 817 4619 eruptus,
833 4545 888 4599 id
910 4547 1017 4613 est,
1040 4542 1341 4614 dispersus
1364 4546 1788 4614 superterram,
1809 4543 2000 4599 reddit
2027 4560 2073 4624 Ι)
2114 4557 2230 4596 non
2263 4542 2727 4614 cognoscebatur
2755 4543 3020 4601 aJudzeis
3052 4562 3181 4604 esse
3202 4545 3372 4603 Deus.
3398 4546 3511 4602 Vel
3532 4564 3668 4603 cum
3690 4564 3779 4623 εξ,

352 4653 481 4692 eam
504 4636 773 4703 fertilem,
797 4634 877 4689 ita
904 4650 1061 4689 mors
1081 4636 1280 4688 nostra
1298 4630 1708 4686 fecunditatem
1729 4632 1996 4688 attribuit

349 4723 639 4791 Ecclesiae,
672 4724 813 4778 dum
865 4740 964 4795 per
996 4722 1299 4794 passiones
1349 4724 1674 4791 martyrum
1727 4719 1801 4774 ad
1862 4720 1997 4775 ﬁdei

348 4815 605 4870 fructum
652 4813 1020 4868 referendum
1068 4810 1414 4865 fecundatur
1444 4806 1582 4878 quia
1612 4824 1714 4879 pro
1753 4824 1869 4864 uno
1901 4826 1995 4866 oc-

346 4905 467 4959 ciso
500 4901 669 4958 multi
709 4901 1106 4956 succederent.
1142 4899 1202 4953 In
1236 4897 1344 4952 hoc
1396 4895 1719 4969 praescribit
1752 4897 1998 4954 formam

343 4993 494 5061 aliis,
532 5010 601 5049 ne
629 4990 746 5064 pati
781 4989 1120 5061 sulfugiant,
1156 4987 1434 5059 quoniam
1468 4986 1619 5041 sicut
1648 4986 1766 5042 vita
1795 5003 1997 5044 eorum

340 5087 430 5138 est
460 5081 642 5147 utilis,
677 5081 757 5135 ita
787 5084 843 5135 et
874 5095 1053 5136 mors.
1088 5078 1156 5131 Et
1186 5077 1323 5131 licet
1370 5092 1580 5131 sumus
1613 5091 1767 5145 ossa,
1799 5080 1995 5133 tamen

339 5188 454 5227 non
483 5170 835 5226 conﬁdimus
860 5169 917 5222 in
948 5167 1172 5222 viribus
1194 5164 1429 5229 nostris,
1455 5165 1554 5220 sed
1588 5164 1647 5218 in
1671 5164 1799 5236 ipsa
1820 5164 1994 5221 dissi-

337 5261 571 5333 patione
604 5264 803 5316 nostra
833 5258 1128 5330 geminata
1145 5272 1279 5310 voce
1312 5271 1413 5326 per
1434 5252 1684 5309 nimium
1718 5254 1990 5311 affectum

338 5350 591 5405 dicimus
624 5365 637 5404 :
690 5349 936 5413 Domine,
968 5347 1217 5416 Domine,
1246 5344 1380 5399 licet
1428 5359 1637 5415 corpus
1687 5344 1991 5416 permittas

336 5437 752 5510 at‘ﬁigi,tamen
771 5436 1030 5492 animam
1059 5452 1247 5491 meam
1273 5450 1385 5488 non
1414 5432 1719 5504 permittas
1751 5433 1990 5504 auferri,

335 5532 400 5581 ut
422 5527 591 5582 cedat
610 5526 667 5582 in
683 5526 1037 5582 sententiam
1058 5541 1281 5581 eorum.
1297 5522 1459 5588 Quod
1477 5522 1709 5594 justum
1732 5526 1840 5591 est,
1856 5526 1991 5595 quia

2105 4633 2192 4686 set
2212 4630 2271 4685 in
2297 4630 2406 4686 hoc
2430 4630 2648 4687 mundo
2667 4630 2928 4699 latitans,
2951 4633 3049 4689 ubi
3072 4651 3261 4708 neque
3283 4634 3588 4709 malignus
3609 4638 3779 4710 spiri.

2107 4722 2226 4783 tus.
2259 4736 2446 4792 neque
2476 4719 2665 4775 Judaei
2694 4737 2827 4777 eum
2861 4729 3282 4796 cognoverunt.
3326 4748 3355 4775 «
3400 4725 3461 4781 Si
3492 4726 3654 4782 enim
3686 4744 3778 4783 co-

2110 4808 2780 4881 gnovissent,nnnquam
2804 4809 3117 4868 Dominum
3132 4814 3325 4887 gloriae
3338 4813 3776 4872 cruciﬁxissent

2110 4898 2161 4968 (I
2192 4898 2312 4955 Cor.
2358 4899 2443 4970 ιι).
2476 4921 2502 4948 ››
2545 4898 2724 4953 Mittit
2751 4903 2949 4955 autem
2982 4918 3090 4957 nos
3120 4904 3192 4958 ad
3222 4902 3529 4960 historiam
3567 4906 3615 4975 (ι
3644 4907 3769 4975 Reg.

2108 4991 2284 5057 xxxv),
2310 4989 2408 5043 ubi
2429 4987 2646 5061 legitur
2667 4989 2820 5060 quod
2856 5006 2990 5045 cum
3012 4991 3151 5047 Saul
3185 4999 3641 5066 persequeretur
3659 4994 3771 5051 Da-

2105 5078 2222 5144 vid,
2258 5082 2315 5133 et
2346 5076 2441 5134 ille
2471 5093 2533 5133 se
2562 5078 2966 5149 absconderet,
3000 5079 3237 5136 intravit
3265 5081 3403 5137 Saul
3432 5083 3679 5139 fortuitu
3714 5084 3768 5138 in

2106 5166 2369 5221 eamdem
2395 5164 2735 5237 speluncam
2759 5167 2831 5222 ad
2857 5169 3229 5240 purgandum
3252 5175 3516 5227 ventrem
3546 5190 3561 5228 :
3590 5178 3645 5228 et
3664 5172 3769 5227 Da~

2103 5254 2196 5310 vid
2219 5252 2368 5309 clam
2392 5255 2693 5322 accedens,
2719 5254 2969 5313 abscidit
2990 5274 3151 5314 oram
3179 5258 3508 5333 chlamydis
3527 5262 3679 5332 ejus.
3702 5261 3764 5317 In

2102 5343 2380 5417 mysterio
2413 5360 2543 5399 vero
2576 5343 2861 5413 Christus,
2883 5361 3057 5404 verus
3093 5348 3292 5416 David,
3325 5355 3557 5422 partem
3586 5348 3763 5406 vestis

2098 5434 2235 5490 Saul
2260 5433 2529 5499 abscidit,
2555 5433 2697 5488 dum
2719 5434 3025 5493 occultans
3047 5454 3109 5494 se
3140 5438 3201 5494 in
3222 5438 3333 5495 hoc
3359 5440 3759 5504 mundo,abs-

2097 5524 2233 5579 tulit
2249 5521 2480 5579 diabolo
2498 5527 2723 5595 partem
2748 5525 3001 5596 partitus
3018 5526 3130 5596 sui,
3152 5528 3209 5584 id
3232 5534 3342 5593 est,
3366 5529 3651 5602 quosdam
3682 5543 3753 5581 ex

298 5650 311 5655 -
334 5614 485 5675 oculi
512 5616 647 5683 mei,
681 5614 737 5671 id
768 5618 875 5681 est,
909 5617 1210 5686 respectus
1241 5610 1581 5672 intentionis
1612 5627 1753 5668 mea
1785 5616 1894 5683 est,
1917 5613 1988 5672 ad
2097 5614 2243 5690 ipsis
2270 5612 2427 5689 quod
2448 5611 2656 5669 habuit
2676 5611 2734 5669 in
2758 5617 3043 5686 potestate
3064 5633 3192 5693 sua,
3217 5623 3273 5677 et
3294 5635 3362 5677 ex
3388 5618 3608 5696 quibus
3623 5615 3753 5695 ipso
