4018 6200
350 351 467 433 897

912 357 1217 421 REMIGII
1260 356 2009 422 ANTISSIODOBENSIS
2055 357 2230 422 OPP.
2274 358 2479 424 PARS
2522 359 2572 425 Ι.
2607 391 2684 408 —-
2716 359 3181 425 EXEGETIGA.

355 489 459 562 qui
493 490 810 565 aliquando
841 495 1077 555 fuerunt
1099 498 1364 556 Ecclesiaa
1391 500 1517 566 ﬁlii,
1534 500 1633 557 sed
1654 498 1829 555 modo
1858 498 1999 553 sunt
2024 491 2080 559 A
2110 508 2301 552 eorum
2326 497 2661 568 composita,
2681 496 3125 567 circumornatae,
3144 494 3201 552 id
3230 491 3534 562 est,verba
3551 508 3770 551 eorum

355 578 531 637 alieni
564 585 897 655 recedentes
926 588 999 643 ab
1031 588 1252 645 unitate
1282 588 2000 646 Ecclesiae.Aliter:Emittc

355 687 582 726 manum
626 675 801 730 tuam.
835 677 1136 750 Remigius
1170 696 1182 735 :
1212 670 1437 736 Manum
1484 679 1626 735 dicit
1683 677 2000 734 Dominum

359 759 732 827 salvatorem,
785 782 956 837 quem
1022 769 1218 825 venire
1263 771 1629 842 deprecatur,
1684 771 1748 822 ut
1797 765 2003 820 liberet

362 849 674 921 mundum,
698 853 771 929 de
801 856 932 927 alto,
964 856 1021 911 id
1054 863 1162 923 est,
1196 859 1265 913 de
1295 858 1597 931 potestatis
1655 855 1897 912 excelso.
1931 855 2006 907 De

359 940 540 1009 aquis,
572 939 631 994 id
662 947 772 1007 est,
805 945 875 999 de
907 947 1139 1018 populis
1172 949 1434 1015 undosis,
1466 953 1524 1004 et
1553 948 1720 1021 quasi
1754 942 2005 1017 procella

357 1028 682 1086 concitatis.
701 1034 772 1088 De
792 1051 962 1091 manu
992 1035 1242 1106 ﬁliorum
1270 1036 1708 1108 alienorumqui
1736 1033 2005 1090 ﬁdelibus

354 1130 593 1186 parcere
623 1125 915 1193 nesciunt,
948 1131 1005 1182 et
1034 1127 1265 1184 diabolo
1297 1130 1925 1202 generantur.Quorum
1946 1137 2005 1175 os

356 1213 619 1271 locutum.
644 1217 778 1271 Ideo
810 1235 948 1289 rogo
978 1219 1050 1273 de
1080 1219 1345 1276 doctrina
1373 1236 1576 1275 eorum
1610 1216 1930 1290 eripi.quia
1951 1216 2008 1268 οις

359 1319 563 1359 eorum
599 1306 841 1362 locutum
868 1316 945 1363 est
990 1310 1309 1377 vanitatem,
1347 1310 1717 1366 mendacium
1764 1306 2004 1369 scilicet,

362 1410 476 1450 non
507 1396 832 1453 veritatem.
865 1398 1093 1453 Vanum
1126 1404 1215 1454 est
1244 1417 1416 1455 omne
1448 1398 1731 1471 quidquid
1776 1392 2009 1453 veritati

360 1487 719 1542 contrarium
753 1491 861 1543 est.
896 1489 1026 1543 ldeo
1057 1506 1157 1545 oro
1189 1489 1334 1561 eripi
1366 1491 1437 1545 de
1467 1489 1875 1545 conformitate
1913 1505 2008 1543 eo-

360 1592 516 1640 rum,
541 1576 678 1647 quia
706 1577 949 1646 demtera,
974 1578 1031 1632 id
1066 1585 1175 1644 est,
1198 1580 1680 1650 operatio,eorum
1713 1597 1838 1651 quae
1859 1580 2012 1635 vide-

359 1666 459 1720 tur
486 1665 660 1729 bona,
691 1665 914 1721 dextera
945 1671 1034 1723 est
1081 1668 1411 1739 iniquitatis,
1444 1668 1499 1723 id
1562 1674 1670 1734 est,
1700 1668 2011 1723 intendens

358 1754 434 1808 ad
460 1753 828 1825 iniquitatem
841 1756 995 1812 .Ideo
1008 1757 1160 1811 enim
1182 1757 1328 1813 bene
1346 1763 1684 1829 operantur,
1701 1763 1765 1812 ut
1784 1757 2011 1813 facilius

2112 590 2248 640 sunt
2269 590 2492 652 ornata,
2507 586 2789 642 subaudis
2809 585 2967 642 omni
2990 601 3200 659 genere
3220 583 3648 640 exhortationis
3670 598 3687 638 :
3708 588 3777 639 et

2112 690 2227 729 non
2259 673 2317 728 in
2341 680 2502 747 parte
2523 680 2775 744 tantum,
2792 675 2891 733 sed
2914 675 3191 746 undique.
3211 672 3387 730 Filios
3411 676 3583 729 vocat
3602 672 3772 746 cogi-

2112 763 2381 833 tationes,
2432 768 2490 820 et
2534 764 2688 820 ﬁlias
2734 765 2930 831 verba,
2990 762 3270 819 feminino
3327 778 3538 835 genere
3580 778 3595 815 :
3633 761 3772 818 ideo

2114 852 2356 925 scilicet,
2411 854 2549 925 quia
2593 854 2829 910 ﬁliabus
2903 854 3088 924 major
3137 851 3335 908 cultus
3383 850 3534 908 solet
3588 850 3772 906 adhi-

2114 944 2236 999 beri
2271 961 2284 999 :
2313 947 2371 1000 et
2400 943 2551 1000 sicut
2581 944 2767 1017 magis
2797 944 2935 1014 ipsae
2965 942 3099 997 ﬁliae
3129 940 3320 998 solent
3360 941 3628 996 inescare
3656 939 3767 995 ho-

2113 1034 2324 1103 mines,
2357 1033 2441 1089 sic
2472 1034 2645 1091 verba
2676 1034 3082 1089 haereticorum
3112 1033 3303 1106 magis
3335 1036 3547 1088 nocent
3577 1048 3769 1103 quam

2114 1122 2514 1196 cogitationes.
2528 1123 2586 1177 Si
2600 1123 2756 1179 enim
2774 1126 3001 1179 tantum
3024 1122 3367 1195 cogitarent,
3386 1137 3771 1193 nequaquam

2114 1212 2322 1269 haeresi
2352 1230 2461 1269 sua
2490 1217 2575 1268 tot
2602 1211 2898 1285 simplices
2917 1216 2974 1268 et
2995 1211 3205 1268 idiotas
3226 1209 3427 1268 dolose
3443 1210 3773 1266 irretirent.

2117 1303 2185 1358 Et
2215 1303 2343 1359 ideo
2377 1319 2612 1359 necesse
2640 1307 2729 1358 est
2759 1307 2824 1357 ut
2847 1319 2939 1357 me
2961 1302 3191 1370 liberes,
3209 1300 3349 1373 quia
3364 1300 3542 1356 verba
3561 1317 3780 1356 eorum

2119 1397 2258 1448 sunt
2310 1395 2368 1447 ut
2403 1392 2707 1448 similitudo
2754 1392 2981 1463 templi:
3022 1391 3078 1446 id
3133 1393 3243 1456 est,
3300 1406 3498 1445 revera
3547 1388 3783 1445 similia

2119 1482 2312 1539 verbis
2340 1481 2639 1554 templi,id
2674 1485 2783 1552 est,
2804 1480 3138 1536 ﬁdei.b‘icut
3166 1479 3325 1535 enim
3355 1478 3462 1534 viri
3494 1478 3783 1535 catholici

2121 1571 2303 1628 Deum
2332 1571 2554 1626 trinum
2586 1575 2645 1626 et
2673 1587 2858 1625 unum
2890 1574 2948 1625 et
2969 1569 3238 1642 quaedam
3261 1568 3378 1624 alia
3392 1567 3778 1634 annuntiant,

2121 1661 2204 1716 ita
2232 1665 2289 1716 et
2318 1660 2429 1732 ipsi
2464 1677 2477 1716 :
2502 1663 2558 1715 et
2586 1660 2694 1715 hoc
2728 1659 2901 1714 modo
2930 1659 3108 1714 verba
3145 1674 3352 1714 eorum
3384 1654 3584 1712 similia
3613 1659 3777 1710 sunt

2122 1750 2314 1805 verbis
2371 1748 2526 1813 ﬁdei,
2584 1765 2712 1820 quas
2769 1748 2915 1803 ﬁdes
2972 1747 3101 1804 ideo
3174 1743 3459 1818 templum
3519 1744 3771 1814 dicitur,

362 1841 679 1913 decipiant.
712 1842 815 1898 Vel
845 1844 1086 1911 dextera,
1119 1846 1177 1901 id
1208 1851 1316 1911 est,
1349 1848 2006 1918 prosperitasipsorum,
2039 1861 2086 1926 Β
2124 1839 2261 1910 quia
2292 1837 2442 1893 sicut
2472 1838 2527 1892 in
2546 1836 2764 1908 templo
2785 1835 2989 1925 hostiae
3010 1835 3205 1926 offerri
3232 1833 3778 1926 praecipiuntumita

363 1931 519 1985 unde
548 1931 772 1997 elevati,
805 1932 1102 1989 licentiam
1146 1936 1420 2006 peccandi
1477 1940 1807 1991 assumunt.
1844 1937 2001 2002 Deus,

359 2021 638 2076 canticum
666 2038 885 2077 novum.
919 2024 963 2078 Ο
995 2024 1153 2089 Deus,
1174 2023 1222 2078 si
1253 2022 1590 2080 liberaveris
1620 2042 1714 2079 me
1742 2025 1808 2080 de
1849 2026 2007 2097 aquis

359 2110 571 2175 multis,
590 2112 820 2166 cantabo
848 2112 953 2168 tibi
979 2115 1255 2167 canticum
1282 2100 1502 2179 novum,
1536 2115 1593 2169 id
1626 2118 1734 2177 est,
1755 2113 2007 2171 laudabo

361 2204 420 2254 te
450 2199 508 2254 in
536 2200 941 2257 observatione
973 2219 1128 2257 novae
1160 2202 1325 2275 legis.
1364 2205 1610 2259 Psallam
1651 2203 1827 2259 etiam
1885 2204 2006 2267 tibi,

358 2287 419 2343 id
449 2289 722 2353 est,hene
751 2292 1035 2361 operabor
1064 2293 1135 2347 ad
1166 2292 1449 2350 honorem
1478 2297 1647 2349 tuum
1670 2295 1731 2348 in
1750 2294 2010 2365 psalterio

352 2376 715 2444 decachordo,
746 2379 804 2435 id
836 2385 943 2449 est,
967 2381 1027 2435 in
1058 2381 1256 2438 anima
1286 2383 1650 2439 concorditer
1678 2386 2006 2453 resonante,

363 2466 425 2520 in
455 2467 842 2537 completione
871 2470 1070 2526 decem
1102 2477 1524 2543 praeceptorum
1571 2472 1783 2528 veteris
1839 2472 2006 2545 legis.

366 2554 499 2609 Ideo
531 2554 692 2625 dicit,
724 2556 784 2610 in
816 2558 1014 2613 anima
1042 2561 1298 2628 psallam,
1333 2566 1399 2615 ut
1443 2562 1715 2617 ostendat
1763 2562 1903 2633 quia
1949 2561 2009 2615 in

366 2639 667 2697 voluntate
695 2646 752 2697 et
781 2645 1086 2702 aﬁ‘ectione
1115 2648 1262 2704 bene
1293 2654 1587 2720 operatur.
1620 2650 1799 2705 Multa
1851 2650 2009 2705 enim

368 2745 543 2800 opera
569 2730 718 2786 ﬁunt
746 2732 1019 2803 exterius,
1044 2751 1294 2806 quorum
1326 2737 1522 2793 anima
1562 2755 1677 2793 non
1708 2742 1797 2793 est
1826 2737 2009 2809 parti—

365 2819 676 2892 ceps,quia
707 2820 867 2876 nulla
894 2826 984 2878 est
1015 2822 1073 2878 in
1104 2824 1189 2879 eis
1220 2825 1625 2894 aﬂ‘ectio.Quia
1652 2827 1749 2881 das
1776 2826 2013 2881 salutem

363 2910 611 2978 regibus.
646 2910 882 2982 Reperit
903 2912 1223 2969 orationem
1255 2931 1445 2979 suam,
1470 2919 1535 2968 ut
1565 2915 1832 2970 ostendat
1874 2914 2013 2987 quia

367 3014 483 3052 non
518 3001 707 3069 potest
732 2998 968 3070 aliunde
999 3000 1233 3056 salvari.
1266 3003 1337 3057 Et
1366 3005 1432 3057 ut
1460 3002 1868 3077 necessitatem
1896 3003 2013 3058 eri-

368 3085 579 3157 piendo
601 3087 1069 3159 ostendat,Eripe
1092 3089 1507 3162 me,inquit,de
1533 3092 1716 3162 gladio
1745 3093 2008 3164 maligno,

365 3174 424 3230 id
457 3178 565 3240 est,
596 3176 667 3231 de
723 3178 1018 3234 erroribus
1066 3178 1490 3247 haereticorum,
1526 3182 1624 3252 qui
1663 3181 2012 3238 interimunt

365 3262 646 3319 animam.
662 3263 762 3320 Vel
785 3266 855 3320 de
870 3266 1064 3337 gladio
1085 3267 1300 3325 diaboli
1319 3269 1419 3340 qui
1432 3275 1522 3326 est
1539 3270 1854 3342 malignus,
1870 3270 2010 3342 quia

364 3351 573 3408 dividit
601 3369 634 3408 a
660 3352 849 3409 bonis.
883 3355 1098 3411 Christi
1129 3374 1261 3412 vero
1290 3358 1524 3429 gladius
1555 3364 1644 3415 est
1700 3360 2007 3431 benignus,

365 3440 506 3512 quia
530 3446 764 3514 separat
785 3461 819 3499 a
839 3444 1029 3500 malis.
1046 3446 1208 3502 Sicut
1227 3447 1385 3502 enim
1406 3448 1651 3503 verbum
1674 3447 1775 3503 Dei
1797 3448 2012 3505 dicitur

364 3529 596 3599 gladius
629 3538 936 3604 anceps,et
960 3533 1151 3590 bonus
1181 3536 1442 3608 est,quia
1469 3537 1540 3593 de
1571 3541 1817 3609 utroque
1837 3541 2010 3594 testa-

366 3622 564 3675 mento
594 3619 801 3676 incidit
825 3622 898 3677 ad
931 3621 1176 3679 salutem
1207 3642 1220 3691 ;
1254 3625 1337 3681 sic
1379 3642 1555 3696 prava
1601 3626 2008 3683 haereticorum

363 3707 630 3764 doctrina
657 3709 889 3782 gladius
921 3715 1028 3779 est,
1063 3712 1202 3784 quia
1233 3713 1304 3769 de
1355 3718 1602 3786 utroque
1660 3720 2009 3771 testamento

362 3797 645 3866 assumit;
661 3798 761 3854 sed
785 3798 1100 3872 malignus,
1116 3801 1458 3872 quiatotum
1480 3803 1553 3857 ad
1573 3803 2007 3859 damnationem

364 3885 597 3958 redigit.
631 3887 701 3941 Et
730 3887 935 3943 merito
966 3893 1022 3945 te
1050 3906 1151 3945 oro
1186 3895 1251 3945 ut
1279 3890 1514 3962 eripias,
1547 3891 1687 3962 quia
1713 3895 1775 3947 tu
1807 3896 2008 3947 tantus

365 3987 448 4035 es,
468 3973 623 4043 quod
654 3973 751 4028 das
770 3975 1024 4045 salutem,
1040 3977 1326 4034 subaudis
1356 3977 1776 4047 omnimodam,
1792 3977 2008 4033 scilicet

365 4058 463 4114 hic
493 4060 817 4117 secundum
847 4064 1088 4120 virtutes
1108 4070 1166 4122 et
1186 4067 1338 4122 bona
1360 4084 1553 4139 opera,
1568 4071 1623 4122 et
1638 4067 1872 4122 tandem
1892 4065 2010 4139 glo-

368 4145 518 4202 riam
545 4152 818 4204 aeternam
839 4153 1173 4222 ;regibus,id
1208 4155 1426 4224 est,hic
1457 4172 1519 4211 se
1546 4156 1706 4227 ipsos
1738 4155 2011 4227 spiritua-

364 4234 502 4291 liter
530 4237 972 4309 regentibus.Et
986 4244 1186 4297 tantus
1216 4258 1278 4297 es
1310 4246 1368 4299 et
1383 4241 1708 4315 talis,quod
1729 4243 2012 4298 redemisti

362 4325 537 4381 David
552 4341 782 4385 servum
813 4328 1059 4398 tuum,id
1082 4333 1173 4385 est
1190 4347 1674 4403 unumquemque
1704 4330 1935 4388 ﬁdelem
1955 4334 2012 4386 et

364 4412 473 4468 tibi
505 4413 778 4470 devotum
802 4419 859 4471 et
872 4416 1118 4473 viriliter
1130 4423 1420 4490 agentem,
1436 4419 1734 4475 redemisti
1758 4435 1862 4491 per
1882 4435 2010 4475 san-

365 4500 605 4573 guinem
640 4502 769 4559 Filii
803 4503 1095 4578 tui.Eripe
1127 4506 1608 4578 me,inquam,de
1637 4507 1830 4580 gladio
1850 4505 2009 4562 mali-

2116 1927 2176 1981 in
2194 1927 2307 1982 ﬁde
2329 1943 2564 1982 omnem
2586 1926 2796 1982 bonam
2823 1920 3219 1996 operationem
3244 1928 3354 1979 Deo
3377 1922 3584 1977 offerre
3597 1921 3774 1991 jube-

2118 2033 2269 2083 mur,
2304 2018 2361 2071 et
2389 2020 2549 2071 extra
2580 2014 2925 2071 catholicam
2957 2012 3272 2069 Ecclesium
3306 2028 3421 2067 non
3471 2015 3564 2066 est
3601 2010 3773 2065 locus

2117 2106 2235 2161 veri
2267 2103 2555 2160 sacriﬁcii.
2588 2105 2655 2159 Et
2684 2104 2812 2160 ideo
2845 2119 3083 2159 necesse
3111 2106 3201 2158 est
3256 2106 3321 2156 ut
3377 2116 3473 2156 me
3530 2099 3772 2167 liberes,

2119 2195 2258 2268 quia
2282 2195 2667 2266 promptuaria
2691 2209 2881 2250 eorum
2906 2193 3072 2265 plena
3092 2210 3111 2246 :
3129 2191 3269 2263 quia
3290 2190 3349 2245 in
3380 2189 3781 2263 grammatica

2119 2300 2341 2349 eorum,
2377 2283 2475 2339 ubi
2508 2281 2861 2352 multiplices
2900 2281 3202 2338 sententiae
3258 2279 3645 2335 continentur
3704 2278 3779 2334 ad

2119 2374 2360 2429 modum
2375 2371 2530 2427 cellae
2548 2371 2765 2439 divitis,
2781 2370 2839 2427 in
2858 2387 2975 2441 qua
2991 2368 3177 2425 multa
3194 2367 3539 2441 poculorum
3561 2383 3785 2440 genere

2120 2462 2520 2519 reconduntur
2552 2479 2565 2517 :
2598 2464 2654 2516 et
2680 2459 2840 2526 inde,
2874 2458 2931 2515 id
2963 2463 3072 2526 est,
3107 2475 3177 2514 ex
3224 2457 3354 2529 ipsa
3402 2456 3784 2530 plenitudine

2120 2556 2261 2609 sunt
2313 2552 2644 2617 eructantia,
2675 2549 2733 2604 id
2785 2552 2894 2619 est,
2926 2552 3090 2604 extra
3135 2546 3450 2616 mittentia,
3485 2546 3780 2601 subaudis

2121 2640 2339 2697 multas
2369 2637 2921 2709 argumentationes,
2944 2652 3146 2692 eorum
3169 2636 3319 2703 dico,
3334 2635 3777 2691 transeuntium

2120 2744 2191 2785 ex
2216 2728 2315 2785 hoc
2342 2730 2403 2784 in
2432 2727 2600 2796 illud,
2630 2726 2688 2781 id
2720 2729 2828 2793 est,
2841 2742 2910 2780 ex
2937 2725 3131 2781 Veteri
3161 2726 3543 2781 Testamento
3575 2724 3641 2778 in
3673 2722 3778 2779 No-

2118 2834 2281 2887 vum,
2294 2816 2381 2872 vel
2395 2833 2463 2872 ex
2478 2814 3057 2889 argumentationein
3080 2812 3681 2886 argumentationem,
3695 2810 3781 2866 vel

2122 2922 2190 2962 ex
2221 2923 2336 2960 una
2366 2907 2591 2960 ratione
2620 2904 2681 2960 in
2710 2903 2886 2960 aliam
2921 2903 3229 2959 rationem.
3264 2902 3330 2958 Et
3360 2902 3494 2956 ideo
3538 2917 3780 2957 necesse

2123 2999 2211 3052 est
2253 3000 2317 3049 ut
2347 2993 2559 3050 liberes
2590 3010 2702 3061 me,
2736 2993 2875 3066 quia
2911 3008 3033 3049 oves
3061 3008 3267 3062 eorum,
3301 3008 3418 3046 non
3463 2991 3603 3045 dico
3634 2991 3779 3046 sim-

2123 3083 2302 3157 plices
2332 3088 2390 3139 et
2418 3083 2651 3154 idiotas,
2671 3083 2770 3154 qui
2793 3086 2934 3138 sunt
2958 3080 3111 3137 inter
3133 3096 3254 3147 eos,
3278 3079 3381 3135 sed
3400 3079 3597 3153 Ῑειοεαι
3620 3095 3777 3144 oves,

2123 3172 2182 3229 id
2214 3177 2322 3240 est,
2363 3172 2628 3244 magistri
2661 3187 2865 3228 eorum
2895 3170 3039 3227 alios
3069 3169 3129 3225 in
3159 3183 3420 3225 errorem
3450 3169 3770 3240 parientes,

2036 3231 2082 3299 Ο
2121 3265 2264 3318 sunt
2308 3231 2679 3327 abundantes,
2708 3260 2768 3315 id
2826 3265 2935 3325 est,
2982 3257 3199 3315 multos
3250 3257 3405 3313 fetus
3450 3231 3773 3327 .habentcs,

2118 3350 2404 3407 subaudis
2435 3366 2550 3406 non
2580 3349 2907 3406 secundum
2937 3347 3108 3404 illum
3130 3351 3349 3403 statum
3376 3362 3495 3418 quo
3517 3344 3769 3416 ingressi

2120 3444 2259 3497 sunt
2286 3440 2359 3495 ad
2390 3439 2588 3506 ﬁdem,
2621 3439 2723 3495 sed
2756 3440 2817 3493 in
2847 3437 3142 3509 egressibus
3172 3436 3310 3501 suis,
3331 3434 3391 3490 id
3423 3439 3532 3505 est,
3561 3451 3767 3490 secun-

2120 3530 2261 3586 dum
2292 3527 2461 3585 illum
2491 3531 2711 3584 statum
2743 3544 2859 3600 quo
2889 3525 3110 3599 egressi
3141 3527 3282 3580 sunt
3312 3541 3345 3579 a
3374 3523 3506 3579 ﬁde.
3539 3524 3610 3579 Et
3640 3523 3768 3578 ideo

2120 3609 2359 3674 necesse
2394 3622 2459 3674 ut
2492 3632 2586 3671 me
2610 3615 2845 3682 liberes,
2878 3618 3018 3687 quia
3048 3616 3203 3671 boues
3233 3629 3425 3669 eorum
3454 3628 3669 3678 crassas,
3704 3611 3765 3665 id

2119 3711 2227 3778 cst,
2246 3706 2360 3778 ipsi
2391 3706 2569 3761 iidem
2603 3704 2869 3777 magistri
2891 3720 3093 3761 eorum
3126 3706 3270 3760 sunt
3296 3699 3500 3773 copiosi
3525 3698 3582 3753 in
3607 3698 3759 3752 divi-

2117 3795 2252 3863 tiis;
2285 3799 2341 3850 et
2371 3795 2526 3866 quod
2573 3792 2815 3850 scientia
2866 3797 3186 3864 nequeunt,
3222 3802 3575 3847 nummorum
3630 3785 3747 3840 im-

2118 3900 2300 3958 pensa
2320 3883 2599 3938 efﬁciunt.
2615 3882 2762 3938 Oves
2779 3881 3271 3954 vocatmagistros
3292 3879 3753 3949 eorum,propter

2118 3971 2478 4029 debilitatem
2510 3971 2755 4026 nimiam
2787 3970 2968 4026 animi
2997 3995 3011 4038 ;
3043 3968 3281 4040 fetosas,
3316 3967 3453 4042 quia
3504 3964 3649 4022 alios
3697 3965 3764 4020 in

2118 4078 2373 4119 errorem
2406 4060 2682 4133 pariunt;
2714 4060 2889 4115 boves
2938 4075 3191 4129 crassas,
3224 4063 3465 4131 propter
3517 4053 3770 4111 nimiam

2118 4150 2539 4223 deceptionem.
2570 4149 2758 4205 Vacca
2787 4148 3003 4205 etenim
3036 4148 3272 4222 pinguis
3302 4147 3479 4204 citius
3528 4149 3774 4201 taurum

2118 4239 2352 4312 decipit,
2386 4256 2563 4312 quam
2595 4238 2719 4294 ovis
2749 4237 3015 4293 arietem.
3046 4238 3115 4293 Et
3142 4236 3271 4293 ideo
3303 4251 3544 4292 necesse
3585 4238 3687 4292 est.
3714 4238 3777 4290 ut

2119 4345 2211 4385 me
2239 4328 2470 4394 liberes,
2505 4328 2644 4399 quia
2669 4350 2695 4377 α
2729 4327 2856 4382 Non
2885 4330 2977 4382 est
3006 4325 3177 4382 ruina
3205 4324 3495 4393 maceriae,
3521 4345 3544 4377 ι
3580 4324 3648 4381 id
3668 4331 3779 4391 est,

2118 4416 2656 4490 argumentationes
2686 4431 2910 4485 eorum,
2943 4414 3004 4471 id
3034 4419 3144 4485 est,
3168 4413 3480 4488 complexa:
3511 4414 3783 4471 rationes

2119 4505 2269 4561 dirui
2320 4522 2438 4561 non
2488 4508 2755 4577 possunt.
2792 4505 2862 4561 Et
2892 4504 3020 4562 ideo
3051 4504 3235 4561 libera
3264 4520 3380 4574 me,
3407 4502 3548 4577 quia
3598 4520 3784 4577 neque

365 4606 502 4663 gno,
534 4613 562 4640 «
595 4595 652 4646 et
681 4608 819 4649 erue
850 4610 942 4650 me
972 4595 1043 4650 de
1074 4612 1252 4651 manu
1288 4595 1541 4652 ﬁliorum
1599 4595 1945 4652 alienorum.
1981 4615 2003 4645 ι
2041 4605 2086 4670 D
2117 4596 2402 4661 transitus,
2422 4592 2707 4649 subaudis
2723 4592 2887 4650 estin
2912 4592 3521 4667 argumentationibus
3535 4609 3781 4663 eorum,

365 4678 500 4734 Ideo
531 4678 639 4735 hoc
670 4684 854 4737 totum
888 4683 1501 4757 repetit,utsupponat
1530 4684 1746 4740 multas
1775 4700 2004 4749 causas,

366 4781 548 4837 quare
561 4784 662 4839 pro
675 4767 776 4843 huj
786 4772 1013 4828 usmodi
1027 4772 1283 4845 periculo
1297 4772 1594 4830 multoties
1609 4772 1895 4829 orandum
1909 4770 2004 4839 sit,

362 4854 471 4909 ita:
490 4854 644 4923 Ideo,
669 4856 933 4929 Domine,
961 4878 1197 4918 necesse
1218 4867 1308 4919 est
1329 4866 1394 4917 ut
1412 4860 1625 4933 eripias
1646 4877 1732 4917 me
1756 4861 1824 4916 de
1847 4877 2005 4932 aquis

359 4945 658 5006 multis.et
702 4946 769 5002 de
794 4963 965 5004 manu
994 4948 1416 5017 haereticorum,
1451 4950 1588 5022 quia
1640 4949 1757 5020 ﬁlii
1801 4966 2002 5005 eorum

358 5035 501 5089 sicut
526 5035 761 5093 novella:
784 5037 1178 5109 plantationes,
1202 5040 1259 5095 id
1281 5045 1388 5109 est,
1404 5039 1785 5112 cogitationes
1803 5047 1857 5095 ct
1878 5056 2005 5095 sen-

359 5123 552 5179 tentia
579 5140 781 5181 eorum
812 5131 953 5183 sunt
981 5129 1406 5198 comparabiles
1430 5128 1759 5185 arbusculis
1783 5128 2006 5184 noviter

358 5210 660 5282 plantatis.
678 5215 925 5286 Exponit
945 5220 1269 5274 secundum
1287 5218 1427 5289 quid
1448 5218 1568 5273 sint
1584 5217 2004 5290 comparabiles

357 5299 477 5356 illis
512 5319 526 5357 :
561 5301 642 5357 ita
673 5304 730 5358 in
753 5305 1039 5376 juventute
1065 5324 1186 5375 sua,
1220 5307 1279 5362 id
1310 5312 1418 5376 est,
1451 5308 1510 5362 in
1535 5307 1645 5364 hoc
1667 5308 1822 5380 quod
1854 5324 2004 5379 quo-

356 5389 497 5445 tidie
529 5408 688 5448 novae
718 5395 1117 5464 inveniuntur,
1132 5402 1191 5451 et
1211 5413 1344 5452 cum
1373 5397 1667 5453 veteribus
1698 5397 2004 5453 sententiis

354 5480 780 5553 adiunguntur,
813 5484 1238 5556 comparabiles
1270 5492 1411 5542 sunt
1466 5486 1630 5543 novis
1690 5486 2001 5560 plantatio-

356 5567 557 5643 nibus,
586 5588 712 5641 quae
744 5574 967 5629 novitcr
997 5575 1181 5645 factae,
1215 5593 1458 5631 numero
1507 5575 1754 5633 aliorum
1788 5576 2003 5649 saepius

348 5655 756 5731 conferuntur.
787 5661 853 5717 Et
876 5661 1006 5719 ideo
1028 5679 1264 5721 necesse
1285 5670 1374 5721 est
1397 5669 1458 5721 ut
1480 5681 1572 5721 me
1593 5664 1824 5723 liberes.
1847 5668 2001 5724 Filia:

2116 4682 2175 4737 id
2203 4687 2311 4751 est,
2334 4682 2503 4738 multi
2526 4681 2664 4754 quia
2685 4681 2956 4740 resistere
2976 4687 3294 4756 nequeunt,
3312 4681 3411 4738 ubi
3427 4680 3660 4755 sacpius
3683 4699 3783 4739 ca-

2116 4771 2388 4845 piuntur:
2415 4795 2442 4823 α
2477 4788 2664 4845 neque
2694 4771 2915 4829 clamor
2943 4772 3003 4828 in
3036 4770 3245 4846 plateis
3276 4787 3547 4840 eorum,»
3570 4769 3647 4830 id
3668 4776 3780 4840 est,

2116 4858 2276 4917 istud
2306 4878 2422 4918 non
2443 4865 2533 4917 est
2559 4877 2760 4930 causa,
2777 4861 2878 4918 sed
2916 4861 2998 4918 ita
3036 4861 3414 4919 continuatur
3445 4877 3459 4917 :
3491 4865 3785 4933 quamvis

2114 4951 2236 5009 sint
2259 4949 2635 5024 ignominiosi
2665 4954 2722 5007 et
2753 4949 2959 5008 divites
2977 4955 3035 5008 et
3058 4950 3326 5025 magistri
3347 4949 3633 5019 aliorum,
3663 4968 3781 5009 non

2114 5044 2203 5098 est
2232 5044 2426 5097 tamen
2456 5040 2696 5108 clamor,
2728 5040 2788 5097 id
2847 5045 2957 5109 est,
2991 5039 3286 5097 subtilitas
3315 5043 3373 5096 et
3398 5038 3671 5098 intensio
3720 5040 3780 5096 in

2113 5129 2437 5186 rationibus
2467 5146 2694 5187 eorum.
2724 5129 2955 5186 Clamor
2984 5128 3143 5186 enim
3173 5133 3230 5187 et
3278 5127 3685 5188 subtilitatem
3726 5135 3781 5186 et

2110 5219 2499 5275 intensionem
2513 5218 2974 5293 designat.Unde
2986 5219 3202 5293 saepius
3215 5218 3498 5276 Dominus
3510 5217 3573 5275 in
3590 5220 3780 5277 Evan-

2110 5307 2262 5382 gelio
2287 5309 2552 5365 clamasse
2567 5309 2802 5378 dicitur,
2825 5324 2941 5367 non
2959 5314 3244 5382 quantum
3285 5310 3354 5367 ad
3378 5310 3537 5367 vocis
3568 5310 3778 5368 altitu-

2112 5401 2333 5468 dinem,
2368 5402 2469 5457 scd
2509 5403 2801 5472 quantum
2833 5400 2906 5456 ad
2950 5400 3238 5458 orationis
3278 5400 3692 5458 intensionem
3720 5404 3778 5458 et

2113 5488 2519 5545 subtilitatem.
2556 5488 2622 5544 Et
2652 5488 2780 5565 ideo
2813 5506 2930 5545 non
2959 5494 3048 5546 est
3075 5489 3298 5548 clamor
3326 5491 3387 5546 in
3434 5491 3773 5547 rationibus

2112 5578 2369 5647 illorum,
2385 5579 2525 5651 quia
2548 5580 2606 5634 in
2622 5579 2848 5650 plateis,
2871 5578 2931 5635 id
2948 5584 3057 5647 est,
3072 5580 3129 5636 in
3145 5578 3767 5654 amplitudineerroris

2100 5671 2167 5726 et
2189 5666 2437 5726 aliorum
2456 5667 2731 5729 vitiorum
2759 5673 2919 5729 sunt.
2938 5671 3008 5728 Et
3022 5671 3158 5730 ideo
3186 5686 3425 5741 necesse
3448 5674 3544 5730 est
3571 5674 3651 5728 ut
3678 5683 3772 5727 me
