4018 6200
274 371 397 439 829

1397 350 2012 442 ENAaaATIoNEs
2058 378 2135 440 IN
2180 380 2561 444 PSALMOS.

3564 384 3684 451 830

278 508 947 583 liberes,quiapopulum
964 511 1055 567 cui
1065 511 1340 580 haecsunt,
1364 512 1632 569 videlicet
1654 511 1927 585 praedicta
1957 514 2007 581 Α
2041 528 2107 567 ex
2140 512 2601 570 consideratione
2630 512 2885 571 nominis
2919 512 3027 585 tui,
3061 512 3465 571 benedictione
3509 520 3684 574 eunte

280 598 448 671 copia
479 601 814 666 verborum,
851 604 913 655 ut
937 605 1183 672 possunt
1203 601 1455 657 transire
1476 618 1550 658 ea:
1571 602 1669 657 hoc
1686 604 1744 656 in
1767 601 1925 668 illud,

281 692 339 744 et
369 688 600 759 divitiae,
633 694 690 744 et
716 707 967 761 quorum
998 690 1253 748 rationes
1285 709 1317 745 a
1350 690 1530 746 nullis
1560 690 1701 746 volva
1729 691 1929 763 paucis

281 783 531 849 possunt
561 780 905 852 constringi,
939 779 1127 845 illum,
1160 780 1424 851 inquam,
1450 779 1731 852 populum
1754 780 1929 834 talem

282 866 446 922 stulti
475 867 746 924 homines
771 873 1033 925 dixerunt
1065 870 1297 924 beatum.
1334 871 1458 925 Mea
1487 887 1618 925 vero
1645 869 1933 924 sententia

283 956 402 1011 haec
420 958 674 1029 est,quia
696 957 791 1013 ille
806 960 1137 1014 estubeatus
1152 958 1599 1031 populus,cujus
1613 960 1930 1014 Dominus»

281 1045 496 1118 ipseest
527 1046 682 1103 idem
698 1049 853 1120 quod
881 1052 969 1103 est
995 1050 1139 1103 Deus
1167 1049 1368 1119 ejus,id
1406 1055 1513 1117 est,
1534 1053 1758 1104 creator
1778 1050 1907 1119 ejus

811 1153 1143 1209 PSALMUS
1174 1153 1406 1208 CXLIV.

674 1241 1538 1280 LAUDATIOIPSIDAVID

357 1335 383 1362 ι(
416 1311 695 1367 Exaltabo
729 1318 802 1381 te,
842 1316 989 1368 Deus
1018 1331 1181 1369 meus
1218 1332 1335 1381 rex,
1368 1318 1425 1370 et
1455 1314 1794 1370 benedicam
1827 1331 1927 1369 no-

288 1423 309 1451 ι
347 1402 493 1459 mini
526 1406 627 1456 tuo
657 1403 714 1457 in
750 1403 1050 1468 seculum,
1086 1408 1141 1458 et
1170 1403 1228 1458 in
1262 1403 1538 1458 saeculum
1573 1404 1790 1459 saeculi.
1825 1409 1931 1459 Per

283 1513 311 1541 «
347 1491 612 1562 singulos
644 1491 766 1547 dies
799 1493 1139 1547 be'nedicam
1188 1492 1313 1559 tibi,
1348 1498 1405 1548 et
1438 1493 1685 1548 laudabo
1720 1510 1929 1548 nomen

283 1604 312 1629 ‹‹
346 1584 513 1635 tuum
547 1580 603 1636 in
641 1580 943 1648 saeculum,
979 1582 1113 1636 etin
1135 1582 1413 1636 saeculum
1437 1581 1651 1637 swculi.
1681 1583 1929 1654 Magnus

284 1692 311 1717 ‹‹
345 1668 628 1725 Dominus
652 1675 706 1724 et
722 1669 1036 1725 laudabilis
1054 1670 1251 1737 nimis,
1274 1676 1332 1725 et
1355 1670 1779 1743 magnitudinis
1800 1672 1928 1741 ejus

284 1779 313 1806 ‹‹
348 1774 462 1813 non
481 1764 568 1814 est
588 1755 1055 1815 ﬁnisGene'ratio
1081 1763 1136 1814 et
1157 1760 1451 1832 generatio
1473 1760 1735 1815 laudabit
1755 1777 1930 1833 opera

2039 603 2097 656 in
2126 603 2391 658 saeculum
2418 605 2629 673 sa'cuti,
2665 604 2721 658 id
2753 609 2861 673 est,
2899 603 3133 659 laudabo
3166 608 3218 659 te
3238 604 3688 677 contemplativa

2036 691 2154 746 vita
2183 708 2307 761 qum
2342 691 2399 745 in
2433 695 2704 761 praesenti
2750 694 2945 766 agitur
2976 693 3297 749 secundum
3322 695 3473 765 quod
3502 694 3689 767 possi-

2040 780 2152 835 bile
2183 784 2288 846 est,
2319 785 2377 835 et
2413 779 2471 834 in
2518 780 2712 836 futuro
2758 784 3071 853 perfectius
3120 782 3450 838 habebitur.
3483 784 3553 839 Et
3577 784 3687 839 hoc

2041 870 2278 937 faciens,
2306 886 2408 941 per
2426 871 2669 941 singulos
2701 871 2839 939 dics,
2872 873 2929 926 id
2963 878 3069 939 est,
3106 890 3208 943 per
3254 872 3517 944 singulas
3571 874 3684 927 vir-

2038 962 2192 1013 tutes
2225 958 2536 1013 benedicam
2570 961 2696 1025 tibi,
2730 961 2786 1013 id
2820 965 2927 1025 est,
2963 962 3253 1017 ascribam
3286 962 3388 1017 tibi
3423 963 3687 1033 singulas

2038 1047 2284 1102 virtutes
2315 1065 2440 1119 quae
2474 1047 2617 1101 mihi
2648 1048 2904 1114 inerunt,
2939 1050 3055 1104 sive
3087 1052 3146 1105 in
3170 1052 3462 1123 praesenti,
3487 1051 3605 1107 sive
3628 1051 3686 1107 in

2040 1135 2257 1190 futuro.
2316 1136 2416 1191 Vel
2460 1136 2575 1192 ita:
2623 1138 2966 1204 Benedicam,
3020 1139 3283 1211 inquam,
3328 1140 3452 1205 tibi,
3487 1140 3542 1194 id
3575 1144 3684 1211 est,

2040 1224 2270 1279 laudabo
2304 1228 2353 1279 te
2382 1226 2467 1296 (ut
2498 1226 2638 1297 dixi)
2680 1231 2736 1280 et
2767 1228 2952 1281 activa
2985 1234 3040 1282 et
3070 1229 3522 1301 contemplativa
3550 1230 3685 1301 vita,

2039 1317 2095 1369 et
2151 1314 2259 1368 hoc
2311 1331 2414 1385 per
2468 1316 2716 1383 singulos
2768 1316 2903 1385 dies,
2965 1317 3023 1371 id
3074 1323 3181 1384 est,
3216 1318 3274 1372 in
3307 1320 3603 1390 prosperis
3633 1323 3691 1373 et

2039 1402 2315 1458 adversis.
2353 1405 2419 1457 Et
2474 1404 2678 1459 merito
2704 1404 2935 1460 laudabo
2967 1409 3041 1473 te,
3078 1406 3216 1477 quia
3246 1408 3507 1461 Dominus
3538 1424 3687 1477 mag-

2036 1510 2141 1546 nus
2171 1498 2276 1559 est,
2312 1493 2381 1567 id.
2401 1498 2506 1561 est,
2541 1493 2623 1547 ita
2661 1499 2863 1567 potens
2932 1499 3020 1548 est
3078 1497 3229 1565 quod
3291 1496 3690 1566 magnitudinis

2035 1585 2178 1653 ejus,
2239 1583 2297 1637 id
2356 1588 2465 1648 est,
2526 1583 2815 1654 potentiae,
2874 1602 2989 1637 non
3030 1593 3106 1639 est
3154 1585 3303 1653 linis,
3339 1585 3394 1639 id
3428 1590 3536 1652 est,
3571 1602 3687 1639 non

2037 1675 2227 1741 potest
2259 1670 2509 1741 alicujus
2570 1678 2840 1727 creatura:
2890 1673 3187 1728 intellectu
3238 1674 3688 1750 comprehendi;

2035 1759 2121 1813 vel
2154 1778 2265 1814 non
2306 1764 2382 1815 est
2410 1759 2567 1830 ﬁnis,
2602 1762 2653 1814 id
2691 1765 2778 1815 est
2808 1761 3262 1817 interminabilis
3289 1768 3377 1817 est
3401 1770 3689 1833 quantum

283 1868 313 1895 «
346 1850 465 1917 tua,
498 1852 554 1901 et
582 1848 901 1918 potentiam
932 1852 1095 1902 tuam
1138 1849 1625 1920 pronuntiabunt.
1661 1850 1923 1921 Magniﬁ-
1961 1888 2007 1952 B
2039 1850 2109 1903 ad
2142 1848 2385 1904 localem
2418 1850 2829 1921 capacitatem;
2863 1850 2970 1917 vel,
3004 1868 3114 1905 non
3144 1859 3223 1906 est
3268 1849 3424 1922 ﬁnis,
3469 1850 3693 1906 scilicet

283 1957 311 1984 «
343 1936 593 1991 centiam
626 1935 823 2007 gloria
847 1937 1177 1993 sanctitatis
1200 1942 1310 1992 tuae
1337 1937 1730 2009 loquentur,et
1752 1939 1928 1993 mira-

284 2046 311 2073 ‹‹
344 2024 487 2079 bilia
516 2030 616 2079 tua
634 2026 976 2080 narrabunt.
1012 2027 1082 2080 Et
1111 2026 1385 2081 virtutem
1420 2026 1769 2081 terribilium
1803 2033 1927 2082 tuo-

284 2134 313 2162 ‹‹
346 2130 480 2167 rum
529 2113 744 2179 dicent,
784 2118 843 2167 et
875 2113 1339 2185 magnitudinem
1388 2120 1549 2169 tuam
1583 2117 1925 2171 narrabant.

284 2222 313 2249 «
347 2200 687 2256 Memoriam
705 2202 1075 2257 abundantiae
1096 2203 1403 2258 suavitatis
1428 2209 1540 2259 tuae
1558 2206 1931 2273 eructabunt,

286 2310 316 2338 ‹‹
349 2292 407 2343 et
424 2289 651 2359 justitia
675 2290 1181 2364 tuaexs‘ultabunt.
1199 2292 1504 2347 Miserator
1534 2292 1933 2349 etmisericors

284 2400 313 2426 ‹‹
348 2376 654 2445 Dominus,
689 2379 914 2451 patiens
945 2384 1001 2434 et
1032 2380 1285 2435 multum
1341 2381 1692 2437 misericors.
1728 2383 1935 2439 Suavis

288 2489 309 2515 α
350 2467 633 2523 Dominus
648 2468 956 2535 universis,
977 2473 1034 2523 et
1050 2469 1457 2525 miserationes
1475 2472 1602 2540 ejus
1617 2488 1793 2543 super
1810 2489 1934 2527 om-

282 2577 313 2604 «
349 2554 448 2609 nia
478 2572 654 2626 opera
680 2557 831 2626 ejus.
864 2557 1263 2612 Conﬁteantur
1283 2558 1408 2625 tibi,
1442 2558 1707 2624 Domine,
1741 2560 1937 2616 omnia

283 2667 315 2694 κ
349 2661 523 2716 opera
555 2649 738 2711 tua,et
760 2645 1814 2704 sanctituibenedicanttibi.Gloriam
1848 2666 1936 2705 re-

289 2755 319 2783 «
349 2733 449 2805 gni
479 2733 564 2788 tui
597 2733 819 2801 dicent,
852 2738 908 2789 et
936 2735 1257 2806 potentiam
1287 2740 1450 2790 tuam
1500 2735 1833 2808 loquentur.
1868 2738 1941 2794 Ut

285 2845 316 2873 ‹‹
351 2828 549 2877 notam
584 2822 798 2878 faciant
828 2822 966 2878 ﬁliis
988 2823 1293 2879 hominum
1319 2826 1639 2896 potentiam
1664 2831 1848 2892 tuam,
1882 2832 1938 2882 et

285 2933 315 2961 ‹‹
349 2911 595 2984 gloriam
629 2912 1074 2984 magnificentiae
1116 2913 1277 2984 regni
1310 2913 1417 2968 tui.
1466 2913 1731 2987 Regnum
1766 2921 1934 2971 tuum

285 3022 316 3051 α
352 3017 599 3073 regnum
632 3000 894 3056 omnium
927 3001 1299 3067 saeculorum,
1331 3008 1387 3058 et
1418 3004 1736 3060 dominatio
1756 3011 1855 3061 tua
1878 3007 1935 3061 in

285 3112 313 3139 (ο
348 3090 509 3145 omni
540 3090 916 3162 generatione
947 3095 1002 3146 et
1023 3091 1478 3163 generationem.
1508 3093 1719 3147 Fidelis
1738 3095 1934 3150 Domi-

290 3200 317 3228 α
351 3195 463 3233 nus
492 3178 551 3231 in
583 3178 859 3233 omnibus
888 3180 1080 3234 verbis
1112 3178 1259 3246 suis,
1301 3184 1357 3234 et
1384 3186 1624 3235 sanctus
1656 3182 1713 3235 in
1747 3183 1933 3238 omni-

2041 1938 2367 1992 secundum
2400 1942 2654 2010 tempus,
2688 1939 2743 1991 id
2778 1944 2867 1993 est
2890 1943 3104 1993 aeterna
3124 1944 3230 2007 est,
3257 1944 3467 1994 etcum
3492 1944 3692 1993 tantus

2042 2027 2140 2091 sit,
2199 2032 2287 2081 est
2343 2028 2513 2081 etiam
2577 2028 2876 2081 laudabilis
2935 2027 2991 2081 in
3036 2034 3246 2083 natura
3278 2045 3383 2082 sua
3412 2030 3606 2093 nimis,
3636 2027 3691 2081 id

2041 2116 2289 2187 est,plus
2310 2133 2485 2187 quam
2512 2117 2751 2187 cogitari
2774 2117 2860 2171 vel
2892 2117 3005 2171 dici
3038 2118 3240 2189 possit.
3274 2118 3691 2188 Ego,inquam,

2043 2206 2279 2260 laudabo
2308 2209 2361 2260 te
2392 2221 2459 2259 ex
2483 2206 2943 2260 consideratione
2976 2206 3064 2260 tui
3086 2205 3293 2276 ipsius,
3318 2206 3455 2276 quia
3487 2203 3605 2259 scio
3638 2208 3695 2258 te

2045 2311 2325 2365 magnum
2379 2300 2435 2349 et
2483 2293 2833 2349 laudabilem
2862 2312 2873 2349 :
2910 2294 3007 2348 alii
3034 2311 3166 2349 vero
3199 2295 3297 2365 qui
3331 2294 3401 2348 ad
3436 2292 3544 2348 hoc
3578 2309 3692 2347 non

2045 2383 2347 2437 sufﬁciunt
2376 2382 2701 2438 laudabunt
2731 2388 2787 2438 te
2818 2400 2885 2437 ex
2934 2383 3400 2438 consideratione
3447 2398 3690 2453 operum

2044 2476 2304 2538 tuorum,
2338 2476 2393 2527 et
2421 2472 2552 2540 hoc,
2573 2471 2829 2543 quandiu
2855 2473 3151 2545 generatio
3175 2471 3535 2543 generationi
3560 2488 3691 2526 suc-

2046 2559 2217 2614 cedit.
2252 2560 2367 2615 Hoc
2399 2564 2488 2615 est
2518 2562 2672 2631 quod
2706 2560 2844 2615 dicit
2872 2578 2884 2615 :
2923 2583 2950 2609 ‹‹
2982 2561 3290 2617 Generatio
3323 2561 3694 2630 etgeneratio

2045 2648 2309 2702 laudabit
2364 2665 2537 2721 opera
2596 2654 2715 2715 tua,
2781 2672 2807 2696 ››
2868 2649 2975 2703 hoc
3035 2654 3141 2717 est,
3185 2648 3514 2703 laudabunt
3545 2653 3598 2703 te
3628 2666 3698 2705 ex

2048 2737 2511 2791 consideratione
2543 2754 2782 2808 operum
2828 2741 3083 2804 tuorum,
3125 2736 3395 2792 videlicet
3452 2736 3579 2791 οωΙὶ
3639 2740 3698 2793 et

2047 2828 2232 2893 terras,
2264 2826 2443 2881 maris
2475 2830 2531 2880 et
2562 2826 2809 2881 aliorum
2840 2826 3184 2894 visibilium,
3219 2830 3277 2881 et
3321 2826 3532 2881 horum
3592 2826 3693 2881 ad-

2049 2913 2357 2969 miratione
2384 2917 2684 2986 potentiam
2715 2924 2865 2970 tuam
2892 2915 3360 2986 pronuntiabunt,
3396 2915 3451 2969 id
3498 2918 3606 2981 est,
3640 2918 3695 2969 te

2044 3007 2337 3075 potentem
2370 3007 2425 3058 et
2458 3002 2808 3059 laudabilem
2843 3004 3175 3077 probabunt
3225 3008 3282 3058 et
3314 3007 3549 3075 propter
3576 3004 3697 3057 hac

2046 3092 2355 3163 loquentur,
2391 3092 2610 3147 scilicet
2639 3093 2790 3147 inter
2818 3110 2879 3147 se
2908 3098 2964 3147 et
3012 3092 3163 3159 aliis,
3220 3093 3697 3162 magniﬁcentiam

2045 3182 2236 3252 gloriw
2266 3184 2578 3235 sanctitatis
2608 3186 2735 3249 tuae,
2786 3182 2841 3235 id
2876 3185 2980 3248 est,
3018 3182 3392 3252 magnificam
3447 3182 3694 3254 gloriam

288 3290 315 3315 ‹‹
351 3268 465 3323 bus
497 3266 769 3339 operibus
803 3267 949 3322 suis.
1008 3267 1231 3323 Allevat
1270 3268 1556 3325 Dominus
1599 3287 1803 3327 omnes
1835 3274 1935 3343 qui
1967 3254 2009 3321 C
2049 3287 2224 3342 quam
2259 3270 2477 3323 sanctis
2508 3269 2626 3322 tuis
2659 3270 2950 3324 attribuis.
2986 3269 3085 3324 Vel
3118 3271 3233 3323 ita:
3287 3272 3600 3339 Loquentur
3642 3276 3698 3325 te

288 3379 316 3405 ‹‹
351 3360 656 3423 corruunt,
687 3360 739 3411 et
767 3355 937 3428 erigit
958 3373 1161 3412 omnes
1188 3355 1562 3412 elisos.Oculi
1583 3360 1849 3415 omnium
1877 3361 1936 3415 in

290 3468 318 3495 ‹‹
357 3449 412 3501 te
436 3445 1023 3517 sperant,Domine,et
1046 3452 1105 3499 tu
1133 3446 1235 3501 das
1250 3446 1693 3502 escamillorum
1715 3448 1774 3503 in
1798 3454 1940 3504 tem-

288 3556 317 3585 ‹‹
348 3551 485 3607 pore
508 3538 857 3606 opportuno.
881 3534 1084 3605 Aperis
1108 3539 1169 3588 tu
1192 3552 1432 3589 manum
1456 3541 1705 3601 tuam,et
1728 3537 1937 3609 imples

288 3645 317 3674 ‹‹
352 3638 525 3677 omne
564 3622 782 3678 animal
812 3622 1239 3678 benedictione.
1285 3623 1493 3679 Justus
1539 3625 1825 3682 Dominus
1875 3626 1934 3682 in

287 3734 316 3763 «
351 3711 628 3767 omnibus
655 3712 764 3767 viis
782 3712 991 3780 suis,et
1011 3717 1247 3768 sanctus
1269 3712 1329 3767 in
1364 3715 1638 3771 omnibus
1661 3716 1934 3788 operibus

280 3824 308 3850 ‹‹
335 3801 674 3872 suis.Prope
688 3805 775 3856 est
790 3800 1076 3856 Dominus
1091 3802 1785 3861 omnibusinvocantibus
1799 3823 1932 3861 eum

278 3912 307 3938 ‹‹
342 3890 621 3945 omnibus
644 3890 1053 3946 invocantibus
1067 3908 1200 3946 eum
1215 3891 1274 3946 in
1290 3892 1930 3950 veritate.Voluntatem

281 3999 305 4029 ι
341 3978 673 4035 timentium
723 3996 785 4034 se
837 3978 1023 4050 faciet,
1072 3986 1127 4035 et
1198 3981 1666 4053 deprecationem
1726 3999 1929 4039 eorum

273 4090 303 4117 ‹‹
338 4068 624 4135 exaudiet,
660 4073 717 4124 et
767 4067 960 4124 salvos
994 4069 1166 4124 faciet
1197 4086 1313 4124 eos.
1349 4071 1616 4126 Custodit
1647 4074 1928 4129 Dominus

276 4176 299 4205 ε
336 4173 541 4213 omnes
574 4157 883 4231 diligentes
918 4174 998 4226 se,
1033 4162 1090 4212 et
1122 4175 1326 4214 omnes
1359 4164 1688 4231 peccatores
1711 4162 1930 4234 disper-

271 4266 300 4294 «
331 4246 447 4301 det.
486 4247 900 4302 Laudationem
937 4246 1165 4302 Domini
1196 4247 1468 4319 loquetur
1497 4267 1561 4304 os
1618 4268 1835 4320 meum,
1870 4257 1927 4307 et

267 4357 298 4385 «ι
336 4334 641 4393 benedicat
671 4336 864 4392 omnis
896 4353 1027 4392 caro
1060 4336 1281 4392 nomini
1314 4342 1514 4393 sancto
1546 4340 1695 4412 ejus,
1728 4340 1786 4395 in
1818 4358 1924 4396 sac-

268 4447 297 4474 ‹‹
332 4425 559 4493 culum,
588 4429 643 4481 et
674 4425 734 4481 in
769 4426 1051 4481 saeculum
1085 4425 1287 4481 seculi.
1321 4448 1349 4470 η

892 4515 1158 4572 ENARRA
1167 4515 1273 4571 T10
1282 4558 1293 4569 .

2050 3357 2315 3430 magifice
2347 3356 2666 3429 gloriosum
2716 3373 2783 3411 ex
2835 3357 3298 3412 consideratione
3356 3362 3693 3411 sanctorum

2046 3452 2284 3502 tuorum
2318 3450 2365 3501 et
2393 3446 2634 3516 insuper
2664 3446 2945 3500 mirabilia
2979 3455 3071 3500 tua
3099 3446 3432 3512 narrabant,
3490 3451 3556 3500 ut
3608 3450 3696 3500 est

2048 3535 2395 3591 resurrectio
2412 3538 2775 3588 mortuorum
2792 3534 3028 3589 ettalia:
3053 3544 3103 3589 et
3137 3540 3342 3607 praeter
3375 3534 3495 3589 hac
3518 3535 3697 3589 dicent

2046 3626 2202 3697 apud
2235 3642 2294 3680 se
2318 3624 2562 3678 interius
2580 3626 2635 3677 et
2652 3622 2782 3677 aliis
2808 3625 3066 3679 virtutem
3088 3625 3431 3679 terribilium
3452 3628 3690 3694 tuorum,

2045 3714 2101 3769 id
2136 3719 2242 3783 est,
2296 3712 2613 3787 potentiam
2667 3717 2830 3767 tuam
2885 3729 3001 3784 qua
3032 3712 3371 3783 hujusmodi
3404 3712 3689 3767 vindictas

2044 3800 2714 3876 operarisjustojudicio
2740 3806 2837 3855 tuo
2869 3816 2969 3872 per
2990 3818 3135 3872 quas
3160 3804 3488 3855 terreantur
3506 3800 3690 3854 homi-

2047 3910 2169 3960 nes,
2204 3891 2348 3947 utin
2372 3892 2596 3945 Anania
2616 3894 2670 3945 et
2694 3889 2960 3961 Saphira,
2994 3890 3093 3960 qui
3127 3890 3294 3944 beato
3326 3890 3491 3943 Petro
3527 3905 3687 3943 men-

2040 3982 2129 4037 titi
2153 3985 2290 4035 sunt
2322 3982 2458 4051 (Act.
2496 3982 2570 4046 v),
2604 3983 2659 4033 et
2694 3978 2748 4031 in
2785 3979 3013 4034 aliis.Et
3040 3979 3213 4034 etiam
3245 3979 3683 4048 magnitudinem

2039 4080 2191 4126 tuam
2222 4071 2546 4135 narrabant,
2582 4067 2637 4121 id
2697 4071 2805 4133 est,
2840 4068 3159 4140 potentiam
3194 4074 3353 4124 tuam
3386 4086 3501 4140 qua
3532 4072 3593 4123 tu
3630 4069 3685 4123 in

2036 4162 2305 4232 praesenti
2357 4163 2590 4212 sanctos
2622 4161 2751 4211 tuos
2783 4175 3088 4229 promoves
3122 4159 3179 4212 in
3210 4175 3443 4213 omnem
3471 4158 3685 4213 sancti-

2036 4254 2216 4305 tatem
2251 4252 2307 4303 et
2338 4252 2642 4319 propterea
2671 4250 3017 4316 cructabunt,
3048 4249 3104 4302 id
3136 4251 3241 4316 est,
3303 4247 3471 4318 plene
3502 4264 3684 4300 enun-

2034 4339 2287 4408 tiabunt,
2320 4339 2640 4391 memoriam
2670 4339 3030 4393 abundantiae
3087 4338 3375 4391 suavitatis
3435 4340 3566 4403 tua’,
3627 4334 3684 4387 id

2032 4432 2139 4495 est,
2176 4426 2571 4481 abundantem
2607 4425 3071 4482 misericordiam
3134 4440 3291 4478 luam
3346 4439 3450 4494 per
3505 4439 3684 4492 quam

2032 4532 2262 4571 memor
2297 4514 2459 4569 fuisti
2495 4515 2601 4569 hoc
2636 4515 2842 4581 facere,
2896 4530 3145 4585 quorum
3204 4518 3339 4566 ante
3395 4510 3685 4566 videbaris

340 4602 403 4657 In
426 4601 533 4659 hoc
556 4602 784 4675 psalmo
800 4604 1280 4660 contineturlaus
1296 4603 1916 4678 attribuendaipsiDa—
1949 4626 1996 4690 D
2032 4605 2196 4678 quasi
2223 4603 2437 4660 oblitus
2459 4604 2656 4673 fuisse,
2686 4601 2957 4657 videlicet
2980 4598 3683 4690 sanctitatem,miracu1a,

263 4690 387 4758 vid,
418 4690 475 4747 id
511 4696 620 4761 est,
664 4692 916 4749 Christo.
950 4693 1013 4748 In
1046 4693 1155 4749 hoc
1188 4697 1385 4748 autem
1418 4698 1666 4749 tractatu
1702 4695 1919 4768 quippe

267 4779 477 4837 ﬁdeles
499 4782 740 4854 perfecti
756 4787 887 4855 post
909 4782 1204 4854 apostolos
1229 4799 1296 4837 ex
1317 4800 1567 4854 persona
1587 4800 1694 4840 sua
1720 4785 1921 4841 exhor-

264 4862 503 4939 tantur,
552 4870 699 4928 alios
737 4870 979 4928 laudare
1010 4872 1325 4927 Dominum
1357 4889 1425 4927 ex
1456 4873 1920 4930 consideratione

266 4959 363 5017 sui
392 4959 598 5032 ipsius,
623 4960 754 5018 illos
774 4979 929 5029 vero,
960 4962 1059 5033 qui
1089 4960 1257 5016 modo
1290 4961 1420 5017 ideo
1445 4963 1515 5017 ad
1540 4962 1647 5017 hoc
1668 4964 1922 5035 promoti

262 5054 424 5117 sunt,
446 5054 510 5107 ut
526 5049 768 5109 laudent
784 5051 1373 5125 Dominum,propter
1390 5051 1582 5123 ipsum
1607 5054 1924 5109 admonent

260 5142 328 5205 ut
360 5138 569 5196 saltem
602 5157 671 5196 ex
704 5140 1169 5198 consideratione
1210 5157 1453 5213 operum
1503 5144 1631 5214 ejus
1681 5143 1922 5199 laudent

264 5243 424 5299 eum,
458 5233 523 5285 ut
552 5230 635 5286 sic
666 5232 903 5287 tandem
940 5235 1392 5301 promoveantur
1422 5232 1493 5288 ad
1526 5250 1660 5289 eum
1680 5232 1919 5290 laudan-

254 5318 404 5394 dum
437 5324 678 5391 propter
708 5319 927 5391 ipsum,
958 5318 1043 5373 sic
1086 5317 1381 5378 dicentes:

335 5406 605 5463 Exaltabo
663 5413 734 5474 te,
800 5412 945 5462 Deus
1000 5422 1153 5461 meus
1210 5423 1329 5475 rex,
1392 5408 1448 5464 id
1508 5416 1615 5477 est,
1649 5411 1917 5477 Domine,

264 5495 369 5568 qui
402 5513 465 5552 es
497 5498 721 5551 creator
750 5500 807 5551 et
838 5498 1023 5551 rector
1061 5511 1226 5550 meus
1254 5513 1267 5562 ;
1302 5499 1568 5554 Emttabo
1596 5507 1665 5565 te,
1697 5498 1920 5555 scilicet

262 5586 456 5663 activa
513 5584 650 5654 vita,
708 5584 929 5642 scilicet
986 5584 1307 5640 secundum
1368 5588 1611 5644 virtutes
1670 5594 1726 5645 et
1770 5589 1919 5645 bona

265 5692 467 5749 opera,
529 5677 586 5732 et
636 5673 947 5732 benedicam
976 5675 1194 5733 nomini
1222 5681 1345 5749 tuo,
1376 5676 1433 5733 id
1465 5681 1573 5748 est,
1607 5679 1837 5737 laudabo
1869 5688 1919 5737 te

2031 4694 2459 4768 promotionem
2484 4698 2821 4747 sanctorum
2850 4696 3083 4745 tuorum
3108 4689 3165 4743 in
3190 4690 3436 4746 virtutes
3458 4694 3514 4745 et
3535 4690 3687 4745 bona

2035 4802 2228 4857 opera.
2263 4786 2328 4839 Et
2351 4784 2583 4855 justitia
2617 4785 2712 4836 tua
2742 4780 3117 4845 exsultabant,
3152 4779 3208 4834 id
3267 4778 3677 4848 est,exsultan-

2031 4880 2121 4929 ter
2152 4872 2761 4946 proferentjustitiam
2812 4875 3000 4940 tuam,
3070 4869 3178 4924 hoc
3235 4874 3340 4935 est,
3400 4866 3683 4923 terribilia

2033 4980 2208 5034 opera
2238 4967 2339 5016 tua
2366 4961 2546 5015 dicent
2577 4976 2705 5013 esse
2728 4959 2918 5029 justa,
2951 4963 3005 5013 et
3037 4959 3148 5029 ipsi
3179 4958 3357 5013 dicent
3385 4956 3506 5011 haec
3538 4973 3679 5026 pra:-

2031 5053 2187 5108 dicta
2244 5067 2393 5121 esse,
2454 5049 2861 5103 miserationes
2938 5048 3193 5114 Domini,
3280 5045 3673 5111 sanctitatem,

2031 5140 2335 5209 miracula,
2370 5137 2764 5211 promotiones
2796 5143 3131 5192 sanctorum
3162 5136 3219 5189 in
3254 5135 3361 5189 hac
3417 5132 3553 5187 vita.
3609 5134 3679 5187 Et

2031 5235 2203 5299 recte,
2222 5228 2359 5300 quia
2381 5230 2459 5282 ita
2483 5231 2570 5282 est
2592 5226 2650 5280 in
2675 5243 2755 5281 re.
2788 5230 2887 5281 Est
2904 5227 3058 5281 enim
3088 5226 3343 5280 Dominus
3364 5224 3676 5290 miscrator,

2030 5320 2086 5374 id
2121 5322 2230 5387 est,
2250 5317 2466 5372 faciens
2493 5330 2697 5370 omnes
2720 5314 2825 5370 has
2846 5314 3333 5377 miscrationes,et
3355 5316 3441 5366 est
3462 5312 3679 5365 miseri-

2028 5425 2168 5479 cors,
2202 5412 2258 5463 et
2288 5424 2401 5462 non
2422 5411 2739 5476 utcunque,
2768 5405 2866 5459 sed
2892 5405 3127 5458 multum
3146 5400 3679 5457 misericors.Posita

2029 5498 2137 5553 hac
2170 5512 2311 5551 voce
2333 5512 2459 5565 quae
2485 5499 2572 5550 est
2602 5495 2922 5562 miserator,
2955 5493 3178 5548 dictum
3224 5495 3347 5546 erat
3402 5489 3541 5561 quia
3592 5493 3681 5545 est

2026 5588 2371 5642 misericors:
2407 5586 2505 5641 sed
2539 5582 2665 5637 ideo
2699 5582 2849 5637 hanc
2896 5600 3093 5638 vocem
3151 5579 3481 5654 supposuit,
3540 5579 3679 5650 quia

2026 5676 2211 5735 voluit
2267 5675 2499 5741 addere,
2553 5672 2790 5728 multum
2847 5673 3167 5730 misericors
3225 5675 3306 5727 est
3354 5673 3410 5726 et
3437 5670 3675 5742 patiens.
