4018 6200
339 371 452 440 831

900 380 1205 493 llEMlGlI
1250 387 2005 454 ANTISSlODORENSIS
2052 387 2223 453 OPP.
2272 386 2474 452 PARS
2517 385 2565 452 Ῑ.
2598 419 2675 434 -
2715 378 3181 450 EXEGETICA.

3627 373 3754 439 832

344 514 638 575 Patienter
649 517 805 576 enim
827 536 1061 580 omnem
1077 530 1441 597 peccatoram
1465 533 1727 602 expectat
1747 536 1805 587 et
1824 529 1994 586 illum

2119 525 2249 598 quia
2271 525 2574 582 dominatio
2595 527 2692 580 tua
2720 523 2779 579 in
2809 520 2959 602 omni
2987 515 3337 589 generatione
3364 514 3419 569 et
3443 511 3762 585 generatio-

350 621 528 677 quem
557 607 713 664 videt
741 627 1044 683 nunquam
1084 632 1213 671 esse
1244 600 1718 687 convertendum,
1753 625 1809 676 et
1866 621 1994 677 ideo
2103 632 2251 685 nem,
2285 616 2394 672 hoc
2426 612 2516 671 est
2544 630 2715 688 poena
2745 600 2912 667 malis
2945 607 3108 664 illata
3148 606 3259 662 erit
3312 606 3371 660 in
3428 602 3543 657 hac
3605 617 3767 672 gene-

347 696 587 794 tandem
618 699 849 771 gravius
883 703 1282 774 puniendum:
1316 725 1431 763 non
1481 714 1676 765 tamen
1711 727 1778 765 ea
1805 710 1993 767 inten-

352 787 508 839 tione
527 788 884 857 perdcndum
902 798 1193 864 exspectat
1208 796 1365 852 utsic
1388 800 1625 854 tandem
1646 799 1838 855 acrius
1860 817 1994 855 eum

355 874 578 945 puniat,
612 892 745 933 cum
777 878 854 934 sit
883 881 1015 952 pius
1045 887 1101 938 et
1131 884 1483 955 misericors,
1544 889 1643 944 sed
1677 904 1912 945 summa
1941 893 1999 945 et

354 961 1074 1026 inetf'abiliclementiasua
1095 971 1259 1027 illum
1285 976 1571 1045 patienter
1595 978 1865 1044 sustinet,
1892 994 1996 1033 nec

354 1052 638 1152 seipsum
673 1072 884 1152 negare
914 1064 1105 1129 potest
1135 1062 1212 1132 (II
1235 1065 1364 1119 Tim.
1398 1066 1480 1136 II),
1524 1067 1645 1137 qui,
1676 1067 1830 1138 quod
1864 1084 1994 1122 sum

355 1144 464 1239 est,
497 1144 556 1195 in
588 1148 859 1214 prasenti
891 1149 1165 1207 omnibus
1208 1153 1664 1211 misericorditer
1721 1156 1992 1211 exhibet:

351 1227 487 1284 licet
513 1239 779 1303 peccator
811 1239 962 1307 quod
988 1256 1159 1295 suum
1194 1247 1279 1296 est
1311 1260 1496 1315 usque
1522 1245 1577 1300 in
1614 1247 1788 1300 finem
1820 1246 1997 1317 negli-

355 1324 856 1419 genterOperetur,
876 1329 1027 1384 unde
1042 1334 1135 1384 tan
1147 1331 1446 1403 demjusto
1461 1335 1791 1405 Deijudicio
1805 1336 1997 1389 acrius

356 1410 561 1509 puniri
585 1421 970 1482 promeretur.
1006 1418 1201 1475 Suavis
1233 1428 1321 1476 est
1346 1424 1715 1491 Dmninus,,id
1748 1428 1855 1489 est,
1880 1424 1997 1479 dixi

355 1501 495 1569 quia
525 1501 785 1557 Dominus
813 1511 901 1560 est
928 1509 1244 1580 miserator,
1267 1516 1323 1566 et
1342 1510 1422 1567 ita
1453 1517 1558 1568 est.
1585 1514 1721 1569 Vere
1738 1515 2000 1569 Dominus

358 1593 447 1642 est
475 1592 678 1658 suavis,
730 1592 788 1647 id
821 1599 909 1649 est
937 1598 1227 1655 miserator
1255 1603 1552 1669 universis,
1588 1602 1643 1658 id
1676 1610 1761 1658 est
1792 1603 1998 1675 hujus-

358 1677 515 1732 modi
577 1678 936 1753 hominibus,
993 1686 1192 1743 liberis
1223 1693 1280 1745 et
1311 1691 1513 1759 servis,
1550 1692 1914 1764 sapientibus
1944 1697 2002 1747 et

358 1765 824 1838 stultis,senibus
837 1777 891 1828 et
904 1775 1324 1848 pueris,etaliis
1342 1782 1749 1853 cujuscunque
1763 1781 1999 1836 sintcon

357 1854 597 1965 ditionis
623 1863 680 1965 et
700 1876 892 1917 sexus.
925 1863 1026 1919 Vel
1055 1865 1171 1920 ita:
1220 1867 1347 1939 ipse
1377 1874 1466 1925 est
1492 1873 1677 1925 suavis
1708 1872 1997 1937 universis,
2033 1900 2078 1965 Β

354 1942 413 1999 id
440 1949 528 2001 est
557 1948 806 2005 multum
841 1953 1166 2010 miserator.
1197 1958 1265 2011 Et
1292 1959 1671 2015 miserationes
1698 1962 1815 2031 ejus
1838 1975 2004 2030 super

358 2037 542 2135 omnia
562 2052 722 2135 opera
739 2041 878 2110 ejus,
903 2042 958 2096 id
986 2048 1094 2111 est,
1114 2049 1252 2100 sunt
1273 2063 1450 2117 super
1468 2048 1806 2118 hujusmodi
1828 2065 2004 2120 opera

358 2130 507 2193 ejus,
568 2130 631 2181 ut
687 2134 778 2184 est
835 2132 1072 2187 castitas
1103 2138 1161 2188 et
1186 2135 1457 2206 quaelibet
1486 2142 1702 2192 caeteris
1733 2138 2000 2193 virtutes.

361 2212 562 2270 Multis
594 2217 746 2272 enim
781 2220 1048 2277 castitate
1073 2226 1132 2278 et
1160 2223 1292 2280 aliis
1321 2224 1638 2280 virtutibus
1660 2227 1731 2281 ab
1754 2243 1819 2281 eo
1852 2225 2004 2281 datis

360 2320 546 2404 usque
575 2305 633 2360 in
666 2307 841 2364 finem
874 2309 1048 2383 digne
1079 2328 1447 2384 perseverare
1477 2316 1762 2386 concedit,
1790 2319 1846 2371 et
1876 2314 2006 2371 ideo

359 2393 581 2449 dictum
627 2401 712 2451 est
760 2415 926 2469 super
971 2417 1152 2473 opera,
1196 2420 1262 2459 ac
1293 2404 1343 2459 si
1375 2404 1625 2460 diceret:
1659 2410 1867 2477 preter
1897 2404 2006 2461 hoc

363 2483 517 2552 quod
556 2484 655 2538 dat
683 2485 946 2559 virtutes,
981 2491 1081 2544 dat
1110 2493 1284 2547 etiam
1319 2493 1376 2549 in
1409 2494 1494 2549 eis
1542 2511 1932 2566 perseverare.

432 2569 750 2641 Postquam
779 2578 951 2632 modo
982 2579 1156 2635 dicit:
1188 2585 1467 2651 generatio
1496 2592 1549 2639 et
1573 2585 1857 2654 generatio
1885 2584 2006 2638 lau-

362 2655 514 2710 dabit
547 2659 856 2716 Dominum
886 2680 955 2718 ex
985 2667 1449 2726 consideratione
1497 2687 1738 2743 cperam
1771 2672 1919 2742 ejus,
1951 2674 2009 2726 et

363 2745 714 2816 sanctitatis,
741 2754 798 2805 et
826 2751 1267 2823 miraculorum,
1333 2763 1391 2814 et
1419 2759 1528 2814 hoc
1559 2777 1629 2815 ex
1683 2759 2007 2814 abundanti

361 2835 764 2894 misericordia
793 2855 926 2896 eum
961 2843 1166 2900 fecisse
1196 2846 1504 2914 eructabit,
1535 2853 1594 2903 et
1645 2848 1755 2903 hoc
1810 2848 2007 2920 ipsum

362 2940 472 3024 sua
499 2927 844 3024 auctoritate
875 2932 1129 2986 asseruit
1152 2950 1165 3000 ;
1204 2935 1343 3005 quia
1371 2935 1495 3006 ipse
1524 2941 1613 2991 est
1641 2937 1931 2992 miserator
1958 2945 2009 2992 et

362 3014 673 3069 misericors
705 3016 866 3087 dicit,
899 3020 1118 3075 orando
1150 3020 1294 3077 illud
1326 3023 1481 3079 idem
1513 3026 1667 3096 quod
1700 3026 1846 3081 dixit
1876 3041 2008 3098 pro-

367 3100 713 3172 nuntiando,
772 3104 893 3162 ita:
952 3106 1328 3179 Conﬁteantur
1379 3114 1497 3182 tibi,
1543 3116 1787 3183 Domine,
1823 3118 2010 3171 omnia

364 3206 530 3262 opera
558 3200 673 3260 tua,
705 3192 763 3249 id
794 3200 884 3251 est
912 3214 1033 3263 oro,
1064 3200 1290 3257 Domine
1319 3206 1386 3257 ut
1414 3219 1577 3275 opera
1606 3212 1697 3260 tua
1755 3204 2009 3261 visibilia

2106 696 2342 774 ratione,
2393 721 2518 776 quae
2578 703 2751 759 modo
2810 698 2924 755 dici
2974 699 3164 770 potest
3194 694 3385 750 omnis
3425 692 3764 748 secundum

2109 794 2370 851 diversos
2401 796 2589 849 status
2615 789 3014 854 hominum,et
3034 788 3095 841 in
3124 784 3226 840 illa
3245 783 3615 857 generatione
3632 797 3765 852 qua

2109 902 2227 939 una
2255 884 2384 949 erit,
2414 880 2677 938 videlicet
2708 880 2767 934 in
2800 875 3244 945 resurrectione,
3277 873 3386 928 hoc
3405 876 3515 938 est,
3542 877 3765 925 aeterna

2107 974 2235 1030 erit.
2269 975 2394 1029 Jam
2426 972 2581 1027 enim
2612 968 2818 1040 incipit
2847 983 2880 1022 a
2905 966 3093 1038 primo
3124 962 3347 1035 iniquo,
3375 965 3431 1017 et
3452 975 3765 1032 permane-

2106 1064 2191 1118 bit
2222 1062 2279 1117 in
2313 1066 2593 1116 aeternum
2620 1076 2632 1114 :
2667 1062 2813 1114 etne
2834 1055 3050 1128 aliquis
3073 1050 3553 1109 irrationabiliter
3576 1050 3763 1104 fretus

2108 1151 2505 1208 misericordia
2535 1150 2657 1216 Dei,
2691 1150 2923 1220 putaret
2955 1159 3183 1217 poenam
3227 1140 3389 1196 illam
3450 1156 3567 1195 non
3629 1152 3761 1193 esse

2108 1245 2468 1313 perpetuam,
2530 1238 2837 1293 confirmat
2902 1234 3024 1288 sic:
3086 1231 3226 1285 Vere
3288 1234 3611 1299 utrumque
3648 1227 3763 1282 erit

2110 1335 2411 1393 aeternum,
2444 1332 2501 1383 et
2530 1326 2715 1399 gloria
2745 1327 3068 1396 justorum,
3100 1325 3157 1375 et
3210 1334 3381 1390 pcena
3437 1310 3757 1385 malorum,

2110 1420 2249 1491 quia
2306 1418 2481 1488 ﬁdelis
2532 1416 2815 1481 Dominus,
2877 1412 2935 1466 id
2975 1413 3064 1466 est
3094 1425 3266 1491 vorax
3295 1410 3383 1464 est
3412 1408 3473 1461 in
3501 1406 3761 1464 omnibus

2112 1506 2434 1563 verbis.Etsi
2458 1505 2583 1575 ipse
2612 1520 2783 1558 verax
2805 1505 2894 1557 est
2923 1502 2985 1555 in
3014 1485 3268 1554 omnibus
3289 1494 3595 1567 promissis
3616 1495 3757 1564 suis,

2110 1602 2250 1653 tunc
2281 1601 2338 1652 et
2366 1595 2426 1649 in
2459 1592 2846 1667 promissione
2878 1589 3074 1663 gloriae
3102 1591 3161 1643 et
3191 1586 3250 1640 in
3303 1581 3760 1640 comminatione

2110 1703 2290 1758 poenae
2322 1689 2567 1740 aeternae.
2604 1683 2717 1737 Hoc
2747 1679 2896 1736 valet
2925 1680 3213 1750 quantum
3254 1674 3326 1730 ad
3358 1674 3458 1728 boc
3485 1688 3552 1726 ne
3606 1670 3752 1742 quis

2110 1775 2429 1848 applaudat
2457 1772 2569 1828 sibi
2595 1771 2792 1827 dicens
2822 1769 3008 1824 Deum
3045 1762 3500 1821 misericordiam
3519 1775 3669 1827 esse,
3693 1762 3758 1815 et

2111 1847 2194 1921 sic
2214 1862 2507 1919 neminem
2534 1858 2886 1916 azternaliter
2909 1855 3132 1929 punire.
3158 1854 3246 1923 Et,
3271 1853 3567 1908 neiterum
3581 1847 3759 1905 alicui

2108 1954 2376 2008 videatur
2395 1968 2510 2007 non
2544 1954 2700 2005 recte
2729 1962 2918 2020 agere,
2949 1945 3002 2001 si
3024 1961 3127 2017 pro
3162 1939 3470 2013 temporali
3486 1939 3763 1996 commis-

2112 2042 2275 2098 sione
2303 2045 2579 2097 aaternam
2611 2048 2870 2095 sumeret
2908 2034 3229 2089 vindictam
3259 2034 3316 2086 et
3345 2030 3428 2085 ita
3465 2026 3643 2084 vellet
3671 2045 3760 2083 re-

2114 2148 2343 2187 movere
2372 2146 2626 2203 poenam,
2659 2127 2831 2183 dicit:
2861 2126 2926 2180 Et
2954 2126 3177 2179 sanctus
3208 2123 3270 2177 in
3298 2121 3556 2175 omnibus
3581 2119 3759 2189 operi-

2115 2221 2211 2276 bus
2240 2224 2378 2284 suis,
2411 2220 2467 2273 id
2491 2223 2580 2273 est
2604 2234 2722 2272 non
2744 2213 2932 2272 estita
2952 2217 3017 2268 ut
3034 2212 3139 2268 tibi
3162 2211 3411 2275 videtur,
3437 2208 3540 2264 sed
3559 2210 3761 2278 justus

2114 2316 2170 2366 et
2196 2314 2387 2366 rectus
2418 2308 2570 2363 Deus
2602 2310 2712 2372 est,
2748 2321 2864 2360 non
2894 2301 3086 2359 solum
3108 2300 3165 2355 in
3188 2298 3496 2355 inferendo
3529 2310 3762 2368 pceuam

2115 2405 2413 2465 aeternam,
2437 2397 2537 2453 sed
2561 2396 2621 2450 in
2645 2393 2920 2450 omnibus
2943 2405 3304 2463 quaecunque
3325 2384 3765 2460 operatur.Sola

2116 2488 2360 2544 remotio
2391 2490 2498 2558 est,
2532 2489 2590 2540 et
2619 2483 2756 2553 quia
2782 2482 2909 2554 ipse
2937 2484 3027 2536 est
3053 2494 3225 2534 verax
3252 2477 3314 2532 in
3372 2475 3766 2548 promissione

2116 2576 2336 2650 gloriae,
2365 2575 2493 2630 ideo
2526 2573 2737 2628 Allevat
2764 2571 3046 2639 Dominus,
3078 2567 3138 2622 id
3168 2564 3277 2634 est,
3309 2565 3382 2620 ad
3415 2581 3479 2620 se
3506 2564 3686 2630 levat,
3710 2562 3763 2617 id

2117 2673 2224 2733 est,
2244 2664 2533 2738 gloriﬁcat
2551 2676 2733 2718 omnes
2754 2661 2852 2732 qui
2871 2658 3154 2723 corruunt,
3177 2654 3233 2710 id
3257 2658 3365 2720 est,
3389 2653 3590 2709 omnis
3612 2650 3766 2707 modi

2117 2758 2474 2820 corruentes,
2509 2749 2730 2808 scilicet
2758 2748 2819 2804 iu
2860 2751 3117 2820 peccata,
3142 2745 3365 2811 allevat,
3429 2741 3580 2798 dicit
3600 2743 3768 2813 juxta

2115 2842 2259 2899 illud
2286 2859 2300 2897 :
2335 2844 2498 2897 Nemo
2528 2840 2777 2896 ascendit
2800 2839 2861 2893 in
2890 2836 3103 2899 caelum,
3137 2832 3357 2889 scilicet
3403 2848 3510 2904 per
3538 2847 3630 2897 se,
3657 2830 3769 2886 nisi

2116 2933 2298 2987 Filius
2322 2930 2567 2985 hominis
2599 2929 2781 3000 (Joan.
2816 2927 2925 2997 ιιι).
2950 2926 3018 2981 Et
3046 2927 3111 2978 ut
3141 2921 3272 2977 illos
3302 2919 3539 2986 allevet,
3566 2919 3629 2974 in
3660 2918 3768 2991 pri-

2118 3020 2230 3076 mis
2256 3020 2439 3091 erigit,
2475 3019 2575 3074 sed
2609 3017 2933 3073 secundum
2967 3011 3373 3069 remissionem
3393 3012 3764 3081 peccatorum

2117 3109 2177 3165 in
2209 3108 2317 3164 hac
2347 3107 2484 3177 vita,
2513 3123 2698 3163 omnes
2725 3106 2903 3172 elisos,
2937 3103 2995 3158 id
3016 3106 3125 3169 est,
3148 3099 3343 3156 omnis
3364 3098 3527 3155 modi
3551 3098 3767 3153 confra-

2120 3201 2263 3268 ctos,
2306 3196 2529 3252 scilicet
2559 3195 2618 3250 iu
2651 3193 2924 3267 peccatis.
2955 3192 3027 3248 Et
3055 3194 3365 3263 postquam
3398 3187 3582 3244 erecti
3615 3188 3761 3242 sunt:

366 3280 487 3335 sint
516 3282 763 3338 materia
791 3284 1133 3344 hominibus
1163 3269 1478 3347 confitendi
1516 3292 1645 3361 tibi,
1679 3294 1737 3349 id
1768 3298 1857 3350 est
1884 3295 2008 3350 lau-

2119 3287 2367 3353 Domine,
2399 3284 2548 3341 oeuli
2571 3284 2846 3350 omnium,
2874 3278 3096 3336 scilicet
3122 3276 3523 3344 interiores,id
3541 3281 3652 3346 est,
3684 3291 3766 3330 ra-

368 3368 547 3425 dandi
564 3375 639 3438 te,
663 3375 720 3427 et
740 3372 857 3428 dixi
879 3377 1034 3447 quod
1052 3376 1165 3450 ipsi
1192 3377 1487 3451 loquentur
1514 3385 1570 3437 te
1597 3381 1916 3455 gloriosum
1942 3401 2011 3440 ex

368 3458 831 3518 consideratione
864 3469 1199 3521 sanctorum
1231 3472 1488 3538 tuorum,
1539 3475 1597 3525 et
1627 3471 1710 3527 sic
1765 3474 2004 3530 eveniet.

369 3545 558 3602 Sancti
584 3550 666 3603 tui
687 3549 1010 3608 benedieant
1038 3556 1160 3623 tibi,
1194 3556 1252 3612 id
1271 3561 1378 3625 est,
1404 3557 1673 3616 homines
1695 3559 1936 3617 laudent
1954 3565 2011 3616 te

368 3651 436 3691 ex
457 3637 924 3699 consideratione
941 3649 1278 3701 sanctorum
1302 3652 1558 3703 tuorum.
1588 3648 1833 3705 Gloriam
1853 3651 2013 3718 regni

368 3726 457 3780 tui
484 3724 665 3782 dicent
690 3745 703 3796 ;
731 3729 803 3784 ab
834 3729 933 3786 illo
964 3731 1089 3788 loco
1108 3733 1365 3790 ubidixit
1382 3740 1435 3792 et
1455 3739 1680 3809 justitia
1700 3746 1796 3794 tua
1825 3738 2010 3793 exsul-

376 3813 588 3911 tabant,
606 3833 811 3911 usque
838 3819 909 3874 ad
934 3819 1099 3911 bunc
1128 3839 1363 3878 versum
1377 3829 1466 3879 est
1487 3825 1850 3898 interpositio
1876 3826 2012 3898 :qui

375 3906 457 3956 ita
487 3906 897 3963 continuatur:
932 3909 1340 3979 Exsultabunt,
1376 3917 1441 3969 ut
1469 3913 1609 3982 dixi,
1657 3916 1870 3983 iustitia
1897 3923 2012 3982 tua,

374 3993 430 4043 et
460 3997 665 4061 praeter
691 3994 800 4049 hoc
829 3995 1011 4052 dicent
1030 3999 1275 4069 gloriam
1291 4004 1450 4073 regni
1474 4006 1576 4067 tui,
1601 4003 1657 4059 id
1682 4009 1788 4071 est,
1813 4004 2017 4076 praedi-

375 4078 593 4176 cabunt
607 4080 1028 4141 beatitudinem
1042 4087 1405 4163 illiusgloriaa
1418 4109 1593 4164 quam
1609 4092 1864 4148 habituri
1880 4098 2020 4149 sunt

375 4164 461 4221 illi
493 4168 595 4238 qui
626 4175 799 4225 erunt
824 4189 1059 4241 regnum
1079 4180 1254 4246 tuum,
1288 4181 1527 4236 etetiam
1545 4185 1846 4253 potentiam
1864 4186 2020 4237 tuam

380 4256 727 4355 loquentur,‘
757 4259 814 4315 id
850 4267 1175 4355 est,_poenze
1205 4266 1363 4323 illius
1414 4268 1869 4326 immensitatem
1903 4289 2020 4344 qua

377 4346 543 4445 impii
576 4348 925 4445 afficientur.
959 4352 1027 4445 Et
1056 4353 1186 4410 ideo
1210 4356 1611 4428 praedicabunt
1629 4358 1788 4414 illam
1816 4366 2020 4432 poten-

381 4438 528 4492 tiam
556 4453 569 4490 :
642 4439 707 4495 Ut
763 4448 951 4496 notam
972 4444 1189 4514 faciant
1240 4446 1379 4515 ﬁliis
1408 4447 1694 4503 hominum
1717 4452 2023 4521 potentiam

379 4530 561 4590 tuam,
594 4525 651 4580 id
683 4529 791 4592 est,
826 4532 891 4583 ut
920 4528 1261 4588 hominibus
1292 4532 1455 4588 illam
1485 4545 1674 4591 notam
1698 4539 1934 4608 faciant,
1969 4539 2024 4591 et

2117 3376 2198 3431 tio
2229 3378 2287 3431 et
2313 3373 2566 3429 liberum
2598 3371 2931 3439 arbitrium,
2960 3372 3189 3441 sperant
3215 3368 3274 3422 in
3303 3371 3379 3434 te,
3410 3366 3473 3421 id
3489 3369 3763 3436 est,spem

2121 3481 2290 3521 suam
2322 3467 2551 3536 ponunt
2581 3462 2641 3517 in
2673 3465 2751 3529 te,
2780 3463 3185 3533 exspectantes
3216 3460 3283 3512 ut
3313 3455 3416 3511 des
3435 3453 3761 3520 illiseseam,

2120 3554 2178 3610 id
2208 3557 2298 3609 est
2329 3552 2657 3607 doctrinam
2688 3548 3078 3623 spiritualem.
3103 3546 3219 3619 Ipsi
3248 3544 3359 3601 hoc
3387 3547 3685 3615 expetunt,
3718 3545 3767 3597 ei

2121 3647 2185 3697 tu
2212 3642 2317 3697 das
2346 3657 2524 3696 escam
2552 3640 2798 3705 illorum,
2832 3638 2892 3693 id
2923 3641 3031 3709 est,
3064 3634 3183 3691 illis
3203 3637 3397 3706 aptam
3417 3637 3471 3687 et
3493 3646 3758 3686 necessa-

2122 3731 2270 3786 riam
2302 3732 2363 3784 in
2394 3737 2631 3802 tempore
2660 3737 2981 3801 Opportuna,
3013 3724 3072 3781 id
3105 3729 3196 3780 est
3225 3724 3286 3778 in
3308 3716 3748 3783 hocseculombi

2121 3822 2518 3892 opportunum
2573 3821 2663 3875 est
2718 3816 2918 3873 ﬁdeles
2956 3811 3339 3887 spiritualiler
3364 3806 3561 3864 doceri.
3588 3806 3663 3861 Et
3684 3804 3744 3860 in

2125 3908 2316 3964 dando
2336 3906 2454 3963 illis
2473 3923 2651 3963 escam
2674 3902 3060 3977 spiritualem,
3081 3903 3335 3974 aper-ista
3352 3912 3571 3954 manum
3589 3903 3754 3962 tuam,

2127 3998 2184 4053 id
2203 4000 2292 4053 est
2309 3996 2509 4069 largus
2530 4013 2612 4062 es,
2633 4000 2689 4052 et
2709 3999 2798 4051 est
2818 3994 3037 4049 dictum
3055 4008 3090 4048 a
3110 3988 3501 4047 similitudine
3519 3984 3766 4055 alicujus

2128 4103 2370 4142 manum
2403 4084 2716 4158 aperientis
2747 4083 2816 4139 ad
2848 4080 3239 4156 largiendum,
3289 4084 3341 4134 et
3366 4092 3471 4148 per
3498 4074 3610 4130 hoc
3639 4072 3773 4147 quia

2130 4176 2332 4248 largus
2365 4193 2448 4240 es,
2480 4175 2672 4246 imples
2700 4188 2864 4228 omne
2905 4170 3119 4227 animal
3151 4166 3543 4230 benedictione,
3579 4163 3640 4219 id
3669 4166 3774 4227 est,

2132 4265 2291 4337 large
2321 4263 2534 4337 imples
2564 4279 2798 4319 omnem
2828 4259 3114 4317 humilem
3137 4258 3593 4312 etmansuetum
3616 4251 3783 4325 spiri-

2130 4353 2276 4410 tuali
2301 4353 2585 4408 doctrina.
2610 4353 2680 4408 Et
2701 4368 2814 4406 non
2842 4348 3033 4406 solum
3056 4349 3332 4404 Dominus
3353 4345 3525 4415 erigit
3548 4341 3707 4412 illos,
3729 4346 3786 4397 et

2133 4443 2234 4499 dat
2266 4442 2632 4498 abundanter
2660 4457 2833 4497 escam
2855 4437 3244 4512 spiritualem,
3264 4434 3367 4492 sed
3384 4432 3569 4490 etiam
3592 4432 3787 4489 volun-

2133 4536 2300 4588 tatem
2328 4532 2649 4587 timentium
2675 4546 2753 4597 se,
2786 4528 2840 4585 id
2874 4532 2981 4595 est,
3013 4523 3388 4598 diligentiam
3418 4538 3485 4578 se
3512 4523 3713 4593 faciet,
3744 4523 3791 4576 et

380 4610 465 4666 sic
495 4629 529 4667 a
557 4613 714 4670 vitiis
746 4620 1094 4674 terreantur.
1128 4621 1197 4675 Et
1217 4621 1345 4677 ideo
1362 4623 1765 4695 praedicabunt
1784 4627 2021 4694 gloriam
2055 4634 2101 4699 D
2132 4622 2568 4693 deprecationem
2597 4635 2786 4675 eorum
2815 4616 3092 4688 exaudiet,
3125 4614 3183 4670 id
3214 4617 3303 4669 est
3327 4609 3789 4685 postulationem

380 4703 537 4771 regni
564 4704 648 4758 tui
674 4708 740 4759 ut
759 4714 948 4762 notam
966 4710 1178 4778 faciant
1200 4710 1543 4768 hominibus
1561 4715 1796 4784 gloriam
1812 4716 2027 4783 magni-

379 4790 611 4860 ﬁcentia
638 4795 798 4861 regni
826 4796 928 4864 tui,
959 4797 1016 4851 id
1048 4802 1155 4866 est,
1180 4800 1556 4872 magniﬁcam
1579 4800 1822 4873 gloriam
1843 4819 2022 4873 quam

380 4879 680 4935 habebunt
708 4879 792 4936 illi
822 4882 880 4938 in
913 4885 1127 4956 quibus
1157 4888 1450 4960 regnabis,
1483 4893 1539 4945 et
1558 4889 1641 4945 sic
1664 4891 1734 4946 ad
1760 4907 1886 4946 eam
1919 4908 2021 4964 ap-

381 4970 692 5042 petendam
717 4971 907 5045 magis
931 4975 1353 5044 accendantur;
1382 4983 1438 5033 et
1466 4983 1771 5051 propterea
1794 4980 2017 5036 dicent:

379 5060 623 5128 Regnum
670 5068 823 5116 tuum
874 5078 1105 5132 regnum
1145 5067 1392 5121 omnium
1442 5069 1790 5134 saeculorum,
1822 5069 1880 5124 id
1913 5072 2021 5138 est,

377 5148 624 5220 gloriam
654 5154 817 5206 tuam
848 5150 1044 5227 dicent
1066 5168 1196 5208 esse
1224 5153 1468 5225 gloriam
1502 5157 1697 5212 datam
1724 5157 2024 5230 aliquibus

379 5237 451 5293 de
474 5238 748 5325 omnibus
774 5239 1004 5321 saeculis
1025 5245 1081 5296 et
1102 5241 1171 5297 de
1194 5243 1468 5301 omnibus
1488 5247 2023 5325 generationibus,a

378 5324 569 5413 primo
593 5328 755 5413 justo
790 5318 974 5401 iisque
1007 5331 1077 5386 ad
1110 5330 1459 5389 novisimu’m
1477 5314 1732 5413 justam,
1757 5314 1921 5392 nunc
1940 5324 2020 5392 se-

365 5400 635 5505 :cundum
665 5412 946 5503 animum,
975 5421 1031 5501 et
1055 5422 1289 5477 tandem
1323 5400 1643 5480 secundum
1671 5400 2023 5499 utrumque:

379 5502 632 5593 hoc‘est‘,‘
661 5496 1061 5577 praedicabunt
1091 5506 1339 5581 gloriam
1366 5500 1693 5571 tdam'ei’sse
1722 5496 2021 5571 cetera—atri.

584 5590 684 5691 ἐφ’
703 5594 1018 5691 ρὲιξωάίᾳειτε
1049 5593 1313 5685 gloriam'
1346 5597 1455 5657 sim
1464 5592 1906 5675 pliciterfaliu‘d
1930 5596 2029 5675 est

368 5668 542 5731 sum
584 5668 848 5749 ‘gldriam
878 5678 1022 5740 esse
1055 5668 1372 5743 aste‘rna'm:
1404 5668 1596 5746 etfhoc
1625 5668 2028 5763 praedicabunt

2136 4727 2363 4780 eorum,
2392 4709 2542 4765 banc
2573 4708 2817 4776 scilicet,
2847 4708 3023 4763 salvos
3050 4706 3221 4777 faetet
3249 4703 3393 4759 illos.
3428 4704 3601 4756 Hanc
3630 4698 3791 4756 salu-

2134 4804 2258 4872 tem.
2275 4798 2437 4854 dabit
2458 4798 2597 4865 illis,
2612 4798 2844 4854 scilicet
2862 4797 3078 4853 bonam
3102 4792 3465 4850 voluntatem
3487 4793 3549 4845 et
3570 4791 3791 4846 bonam

2131 4889 2549 4961 operationem.
2582 4887 2724 4956 Hoc,
2755 4886 3019 4958 inquam,
3052 4883 3223 4940 faciet
3234 4885 3417 4951 iustus
3438 4880 3788 4937 Dominusia

2130 4981 2383 5034 omnibus
2411 4977 2519 5034 viis
2548 4979 2684 5047 suis,
2718 4982 2774 5032 et
2803 4992 2905 5048 per
2928 4974 3039 5031 hoc
3069 4976 3228 5045 patet
3257 4969 3425 5026 illum
3484 4969 3785 5024 facturum

2129 5067 2489 5123 voluntatem
2520 5082 2746 5133 eorum,
2770 5064 2909 5138 quia
2924 5067 2981 5120 et
3002 5062 3127 5135 ipse
3148 5061 3300 5117 hanc
3316 5058 3499 5115 talem
3519 5056 3785 5114 volunta-

2130 5161 2247 5213 tem
2278 5156 2478 5212 haberi
2510 5155 2789 5229 praecipit,
2821 5158 2878 5209 et
2897 5154 3098 5227 justus
3128 5151 3309 5223 estin
3329 5147 3424 5225 his
3446 5146 3786 5229 praecipien-

2132 5246 2242 5313 dis,
2268 5236 2472 5314 idest,
2499 5224 2733 5317 juvabit
2759 5224 3027 5317 ecs'quia
3048 5230 3314 5314 'ipse'dat
3342 5224 3469 5317 haec
3501 5224 3782 5317 mandata

2131 5304 2259 5393 tum
2290 5335 2429 5423 quia
2450 5304 2615 5423 ἀδείᾳ
2636 5304 2959 5423 cantatum
2984 5304 3145 5423 quia:
3159 5318 3279 5417 ipsi
3294 5318 3301 5367 ξ

2126 5392 2255 5482 'boc'
2272 5392 2473 5498 potest.
2493 5402 2675 5498 v'ideii
2703 5392 2840 5498 quia
2854 5497 2857 5498 ν
2868 5392 3039 5493 {aciei
3078 5392 3445 5498 nativitatem:

2134 5438 2242 5482 hoc
2273 5438 2466 5498 potest
2493 5438 2675 5480 vnderi
2745 5438 2840 5478 ula
2868 5438 3039 5493 Iactet
3078 5438 3413 5475 mmmam"
3468 5438 3697 5482 eorum,
3725 5438 3776 5466 ω

2134 5518 2242 5581 est,
2260 5506 2411 5587 quia
2430 5502 2556 5569 indu
2573 5438 3001 5587 ,‘denggabilt'e‘i‘s
3163 5488 3547 5587 ‘sqj‘ﬁap’tﬁw
3586 5498 3627 5517 ρ.
3670 5490 3754 5574 Η..

2134 5596 2226 5660 est
2346 5583 2607 5673 omnibus
2624 5578 2887 5675 aperiat:
2900 5578 3060 5656 tua?
3078 5578 3262 5689 Ιρέέξεξ
3277 5582 3550 5695 isquiis,
3596 5582 3775 5666 Vatia

2138 5676 2161 5695 .\
2206 5693 2215 5695 _
2360 5676 2425 5695 ut
2494 5676 2571 5695 taxi
2612 5684 2655 5695 ir
2718 5670 2811 5695 nu!
2852 5678 2981 5695 RJLV
3014 5676 3059 5695 ,Α
3098 5676 3383 5695 ((νὶιά⁷ἵηι“.,ίι
3484 5676 3511 5695 ιλ
3572 5675 3771 5695 curaui

2133 5668 2472 5751 voluntatem
2494 5666 2782 5762 mbram,"
2798 5666 3777 5762 τεὶιῆθρῑδόὲξῑόὲίδηᾱδοέᾶυάίδω
