4018 6200
254 328 365 386 841

1380 326 1986 386 ENABRATIUNES
2032 328 2105 383 IN
2153 328 2531 387 PSALMUS.

3535 335 3653 393 842

254 475 467 513 nomen
503 460 630 529 ejus
658 458 840 513 solius
872 474 883 511 :
917 480 945 506 ››
968 459 1136 528 juxta
1160 456 1304 511 illud
1339 476 1402 513 ;‹‹
1435 457 1717 513 Exaltavit
1739 474 1892 523 eum,
1927 461 1981 523 Α
2011 462 2099 510 est
2126 456 2185 509 in
2218 459 2611 523 concordia,id
2645 459 2818 528 est,in
2851 458 3159 512 dilectione
3181 458 3277 512 Dei
3303 462 3360 512 et
3381 462 3651 530 proximi.

257 552 315 602 et
344 547 505 602 dedit
551 548 602 602 ei
654 563 861 601 nomen
913 546 1067 617 quod
1114 550 1204 601 est
1250 562 1427 617 super
1474 563 1645 601 omne
1692 563 1901 600 nomen

256 636 429 704 (Phil.
463 637 525 706 ιι)
562 653 574 691 :
600 658 627 685 ››
658 640 782 689 tum
816 635 953 705 quia
980 655 1007 683 ι(
1034 635 1322 690 confessio
1345 637 1471 705 ejus
1500 652 1675 706 super
1695 635 1904 689 cmlum

258 729 316 780 et
347 730 623 790 terram,»
655 725 711 778 id
746 724 987 788 est,laus
1019 723 1225 792 ejusin
1258 724 1542 795 superiori
1566 730 1623 778 et
1644 722 1903 778 inferiori

259 818 525 868 creatura
558 830 569 867 :
602 817 728 867 tum
758 812 894 883 quia
924 813 1161 867 tandem
1205 812 1482 867 exaltabit
1516 828 1687 867 cornu
1708 813 1908 883 populi

260 902 432 969 sui,id
465 901 1002 965 est,sublimitatem
1037 918 1278 956 suorum
1303 903 1463 971 juste
1487 901 1903 955 remunerabit.

261 992 521 1061 Laudate,
556 991 820 1061 inquam,
856 991 938 1045 sic
970 991 1229 1045 dicentes
1262 989 1403 1043 alter
1430 988 1903 1060 alterizllymnus,

260 1080 318 1134 id
352 1084 459 1145 est,
492 1078 620 1134 laus
653 1079 729 1134 sit
757 1080 1008 1133 omnibus
1036 1080 1238 1133 sanctis
1266 1079 1403 1149 ejus,
1435 1078 1493 1131 id
1542 1082 1649 1143 est,
1704 1094 1907 1133 omnes

262 1167 449 1223 sancti
483 1167 723 1223 laudent
752 1184 909 1238 eum,
946 1166 1169 1222 scilicet
1218 1167 1375 1221 omni
1428 1165 1707 1237 dignitate
1754 1166 1906 1233 vitae,

260 1256 531 1312 videlicet
561 1254 647 1309 illi
680 1255 779 1327 qui
811 1272 879 1311 ex
907 1254 1125 1311 Judteis
1156 1255 1289 1309 facti
1315 1258 1451 1309 sunt
1475 1253 1671 1320 Israel,
1706 1254 1763 1307 id
1797 1258 1906 1324 est,

258 1344 465 1401 ﬁdeles
496 1343 603 1410 illi,
636 1344 735 1415 qui
768 1360 837 1400 ex
872 1343 1145 1415 gentibus
1190 1342 1371 1398 additi
1417 1345 1554 1397 sunt
1597 1341 1714 1397 illis
1763 1342 1910 1397 alter

257 1434 473 1505 paries.
508 1437 627 1487 Hoc
657 1435 745 1488 est
776 1433 928 1504 quod
980 1431 1139 1497 dicit,
1175 1453 1203 1481 «
1239 1430 1399 1485 Filiis
1444 1429 1642 1495 Israel,
1694 1430 1907 1501 populo

261 1520 755 1594 appropinquanti
789 1520 922 1585 sibi,
958 1542 984 1569 ››
1018 1520 1075 1573 id
1110 1524 1216 1587 est,
1250 1518 1396 1589 ipsis
1429 1518 1566 1573 filiis
1614 1519 1810 1573 Israel.
1845 1521 1907 1573 In

263 1626 614 1683 quocunque
645 1609 868 1681 psalmo
916 1609 1166 1663 habetur
1213 1607 1446 1662 alleluia
1491 1607 1550 1661 in
1599 1607 1907 1679 principio,

262 1700 512 1755 habetur
542 1698 788 1754 alterum
819 1698 879 1753 in
912 1698 1027 1752 ﬁne
1057 1697 1383 1753 secundum
1424 1697 1660 1752 beatum
1710 1697 1908 1752 Hiero-

266 1804 528 1861 nymum.

788 1874 1113 1932 PSALMUS
1152 1874 1379 1931 CXLIX.

946 1980 1240 2019 ALLELUIA.

336 2078 363 2103 ‹‹
400 2055 637 2110 Cantate
666 2051 916 2107 Domino
949 2053 1241 2107 canticum
1272 2067 1506 2117 novum,
1539 2049 1667 2106 laus
1698 2051 1825 2120 ejus
1852 2050 1911 2104 in

263 2165 293 2191 «
325 2140 569 2197 ecclesia
594 2144 951 2195 sanctorum.
1002 2141 1249 2194 Laetetur
1296 2138 1470 2194 Israel
1502 2138 1561 2193 in
1594 2154 1659 2193 eo
1693 2138 1793 2209 qui
1826 2139 1911 2193 fe-

268 2252 297 2281 ‹‹
329 2230 407 2285 cit
438 2246 595 2297 eum,
628 2233 684 2284 et
711 2228 840 2283 filiae
865 2229 998 2284 Sion
1032 2229 1322 2284 exsultent
1351 2229 1409 2282 in
1444 2244 1576 2299 rege
1606 2244 1733 2283 suo.
1764 2228 1909 2281 Lau—

268 2342 298 2370 ‹‹
330 2319 469 2373 deut
500 2333 710 2372 nomen
741 2318 868 2387 ejus
892 2318 950 2372 in
973 2317 1237 2383 choro,in
1262 2321 1535 2387 tympano
1559 2321 1614 2370 et
1635 2315 1911 2387 psalterio

265 2431 292 2457 ι(
326 2405 581 2478 psallant
629 2404 700 2460 ei.
754 2405 899 2469 Quia
942 2405 1371 2477 beneplacitum
1418 2409 1507 2460 est
1557 2404 1802 2459 Domino
1853 2404 1911 2458 in

270 2520 293 2546 ι
329 2494 543 2568 populo
584 2511 712 2564 suo,
764 2499 820 2549 et
866 2494 1145 2549 exaltabit
1176 2498 1515 2549 mansuetos
1548 2494 1604 2547 in
1639 2492 1908 2549 salutem.

267 2609 298 2636 «
330 2582 716 2639 Exsultabunt
745 2583 931 2639 sancti
952 2584 1011 2637 in
1028 2582 1594 2655 gloriaJmtabuntur
1625 2583 1683 2637 in
1715 2582 1915 2638 cubili-

272 2696 302 2725 ‹‹
332 2674 443 2728 bus
473 2672 619 2727 suis.
656 2671 1081 2727 Exsultationes
1113 2671 1210 2726 Dei
1242 2672 1301 2725 in
1333 2676 1568 2742 gutture
1601 2688 1824 2736 eorum,
1858 2674 1915 2726 et

268 2786 298 2813 ‹‹
331 2761 508 2835 gladii
541 2759 823 2832 ancipites
846 2759 904 2814 in
929 2760 1202 2815 manibus
1227 2776 1449 2814 eorum.
1479 2761 1561 2814 Ad
1586 2760 1910 2814 faciendam

272 2874 295 2901 ιι
330 2849 648 2905 vindictam
682 2849 740 2903 in
772 2846 1629 2919 nationibus,increpationesin
1656 2847 1911 2920 populis,

272 2963 296 2990 ι
330 2940 413 2994 Ad
447 2937 773 3010 alligandos
803 2953 967 3009 reges
986 2954 1189 2993 eorum
1222 2936 1281 2991 in
1304 2937 1705 3009 compedibus,
1732 2941 1783 2991 et
1809 2954 1911 2992 no-

268 3052 297 3078 ‹‹
331 3027 478 3083 biles
509 3043 709 3082 eorum
744 3027 801 3079 in
833 3025 1076 3081 manicis
1126 3026 1347 3080 ferreis.
1382 3025 1454 3079 Ut
1486 3026 1702 3080 faciant
1732 3026 1790 3079 in
1825 3027 1910 3081 eis

264 3117 613 3189 «judicium
646 3114 1064 3187 conscriptum,
1114 3113 1301 3186 gloria
1346 3114 1469 3170 haec
1518 3120 1605 3170 est
1634 3115 1910 3170 omnibus

266 3228 298 3257 ‹‹
332 3204 551 3261 sanctis
583 3204 733 3274 ejus.
772 3225 799 3252 »

890 3292 1163 3348 ENARRA
1178 3291 1296 3347 T10.

342 3383 405 3438 In
428 3382 536 3439 hoc
566 3380 792 3454 psalmo
822 3380 1109 3452 PrOpheta
1130 3380 1336 3434 invitat
1358 3378 1557 3434 fideles
1588 3379 1657 3433 ad
1681 3378 1914 3433 laudem

267 3472 394 3539 Dei,
455 3470 839 3543 supponenda
890 3470 1124 3524 easdem
1187 3485 1393 3523 causas
1458 3484 1605 3538 quas
1655 3467 1799 3521 dixit
1856 3467 1917 3521 in

274 3584 297 3611 α
335 3561 592 3616 Laudate
622 3546 935 3614 Dominum
967 3558 1246 3629 quoniam
1276 3558 1525 3622 bonus,»
1544 3560 1603 3611 et
1632 3556 1919 3627 quasdam

276 3650 441 3720 alias,
466 3649 549 3704 ita
583 3666 596 3705 :

347 3761 377 3789 «
409 3742 646 3793 Cantate
676 3737 921 3792 Domino
948 3736 1239 3791 canticum
1271 3752 1505 3801 novum,
1527 3758 1546 3783 ι
1582 3735 1639 3789 id
1673 3738 1921 3799 est,cum

263 3827 648 3897 jucunditate
680 3825 837 3897 agite
859 3826 928 3880 ad
952 3825 1232 3880 honorem
1259 3824 1487 3881 Domini
1511 3824 1807 3880 canticum
1829 3840 1927 3879 no-

270 3933 433 3972 vum.
468 3916 537 3970 Et
564 3915 685 3970 haec
716 3914 844 3969 laus
874 3915 1021 3983 ejus,
1056 3912 1114 3967 id
1149 3917 1253 3979 est,
1288 3912 1433 3967 illud
1478 3930 1691 3968 novum
1740 3912 1924 3967 canti-

274 4022 414 4059 cum
445 4005 527 4059 ita
557 4005 632 4060 sit
660 4003 720 4057 in
753 4002 938 4069 vobis,
971 4006 1035 4056 ut
1066 4002 1195 4057 sitis
1227 4004 1286 4056 in
1318 4002 1541 4057 ecclesia
1588 4010 1923 4069 sanctorum,

280 4093 339 4147 id
373 4097 481 4159 est,
514 4093 571 4147 in
604 4092 717 4147 ﬁde
748 4090 1088 4147 electorum.
1116 4089 1373 4145 Ecclesia
1402 4104 1506 4161 pro
1538 4091 1650 4145 ﬁde
1672 4090 1925 4161 ponitur,

271 4182 429 4237 sicut
460 4181 596 4236 alibi
629 4183 851 4236 dictum
883 4185 973 4235 est
1007 4198 1018 4235 :
1056 4202 1083 4229 ‹‹
1117 4180 1240 4235 Non
1272 4184 1359 4234 est
1387 4179 1549 4234 locus
1574 4179 1693 4235 veri
1717 4178 1932 4234 sacrifi-

271 4269 346 4325 cii
379 4275 542 4326 extra
572 4269 913 4335 Ecclesiam,
950 4291 976 4318 »
1008 4268 1067 4323 id
1099 4273 1205 4335 est,
1242 4269 1516 4322 ﬁdem.Et
1547 4284 1681 4322 cum
1717 4268 1929 4339 aliquis

271 4360 471 4424 Israel,
503 4359 560 4413 id
593 4362 703 4425 est,
735 4360 1028 4429 perfectus
1059 4357 1238 4429 egerit
1280 4373 1491 4410 novum
1526 4357 1932 4421 canticum,ita

272 4452 339 4504 ut
371 4448 457 4503 sic
486 4447 546 4502 in
574 4446 818 4502 ecclesia
850 4450 1207 4515 sanctorum,
1253 4446 1470 4501 Izetetur
1522 4445 1762 4511 scilicet,
1816 4462 1931 4500 non

1941 1825 1989 1889 B

2013 547 2080 599 Et
2112 548 2168 599 in
2202 556 2482 616 tympano,
2518 548 2574 601 id
2605 553 2712 613 est,
2749 548 2805 601 in
2834 548 3196 618 separatione
3232 548 3497 603 omnium
3547 552 3657 603 cri-

2016 633 2467 689 minalium.Hoc
2490 637 2645 690 enim
2671 638 2979 690 denotatur
3004 653 3105 708 per
3136 641 3483 708 tympanum
3505 639 3660 694 corio

2016 724 2231 777 mortui
2266 723 2536 778 animalis
2569 724 2970 791 obvolutum,a
3001 742 3117 796 quo
3150 725 3434 797 quidquid
3457 725 3664 782 humo-

2017 811 2096 866 ris
2129 812 2322 865 carnei
2354 812 2559 879 inerat,
2599 813 2847 884 perfecte
2880 819 2967 869 est
3000 815 3378 869 abstractum.
3415 817 3476 870 Et
3510 817 3661 887 psal-

2016 902 2154 955 terio
2180 901 2428 970 psallunt
2454 902 2507 955 ei
2537 901 2592 955 id
2627 902 2981 967 est,laudent
3003 920 3138 958 eum
3161 902 3219 957 in
3244 904 3439 959 anima
3460 910 3663 959 ornata

2016 990 2427 1044 virtutibus.Et
2456 990 2583 1044 ideo
2615 990 2829 1045 debent
2859 996 3093 1047 cantare
3125 992 3371 1048 Domino
3402 994 3510 1048 hoc
3532 1011 3664 1049 can-

2015 1078 2199 1133 ticum
2234 1095 2470 1143 novum,
2520 1078 2578 1133 id
2628 1084 2735 1146 est,
2790 1078 3029 1135 laudare
3076 1096 3209 1135 eum
3264 1082 3322 1135 in
3373 1082 3568 1153 choro,
3602 1083 3662 1139 in

2016 1170 2293 1237 tympano
2325 1172 2380 1221 et
2410 1167 2682 1239 psalterio
2717 1184 2767 1221 ;‹‹
2802 1168 2940 1239 quia
2971 1168 3398 1240 beneplacitum
3430 1176 3518 1227 est
3546 1172 3662 1228 Do-

2019 1255 2178 1310 mino
2201 1255 2414 1327 populo
2430 1256 2818 1325 suo,»scilicet
2837 1256 3177 1327 hujusmodi
3196 1259 3485 1315 canticum
3510 1277 3660 1330 esse,

2020 1344 2157 1414 quia
2195 1344 2305 1399 hoc
2339 1344 2449 1399 tale
2483 1345 2775 1400 canticum
2810 1344 2997 1417 placet
3027 1346 3294 1415 Domino,
3328 1352 3454 1403 tum
3487 1350 3662 1405 etiam

2018 1432 2146 1487 ideo
2179 1433 2316 1504 quia
2345 1432 2469 1503 ipse
2500 1435 2778 1489 tandema
2824 1433 3100 1489 exaltabit
3131 1440 3468 1493 mansuetos
3489 1438 3547 1492 in
3569 1456 3663 1495 sa-

2019 1520 2201 1575 lutem
2239 1522 2365 1577 :»in
2400 1522 2549 1577 hanc
2581 1522 2804 1577 scilicet
2835 1524 2988 1595 quod
3025 1545 3051 1573 ‹‹
3082 1523 3457 1581 exsultabunt
3478 1527 3664 1583 sancti

2019 1610 2078 1664 in
2112 1609 2353 1681 gloria.»
2388 1612 2456 1665 Et
2486 1611 2620 1666 licet
2651 1628 2853 1667 omnes
2884 1611 3233 1682 participent
3262 1615 3527 1669 eamdem
3550 1614 3667 1686 glo-

2020 1698 2167 1753 riam
2195 1703 2255 1753 et
2287 1699 2440 1753 idem
2474 1698 2714 1765 bonum,
2748 1705 2941 1755 tamen
2975 1700 3072 1755 alii
3118 1702 3272 1772 plus,
3308 1702 3402 1757 alii
3447 1705 3667 1771 minus,

2022 1803 2124 1858 pro
2156 1787 2403 1843 diversis
2426 1788 2649 1842 meritis
2674 1788 3189 1860 singulorumlloc
3214 1796 3301 1847 est
3330 1793 3483 1863 quod
3508 1792 3667 1858 dicit,

2021 1877 2382 1933 Laetabuntur
2412 1878 2467 1930 in
2499 1876 2770 1931 cubilibus
2800 1880 2938 1944 suis,
2988 1878 3047 1931 id
3095 1883 3202 1946 est,
3260 1880 3503 1937 diversis
3546 1881 3671 1937 suis

2025 1966 2215 2031 donis,
2241 1966 2411 2036 juxta
2443 1964 2585 2020 illud
2614 1967 2733 2021 :«In
2766 1967 2939 2021 domo
2973 1966 3157 2022 Patris
3190 1969 3301 2023 mei
3337 1971 3671 2026 mansiones

2024 2053 2222 2109 multa:
2251 2058 2389 2109 sunt
2419 2055 2596 2125 (Joan.
2634 2057 2769 2121 xxv).
2807 2077 2833 2103 ››
2868 2055 3029 2110 Istud
3062 2056 3132 2109 ad
3164 2055 3274 2111 hoc
3306 2056 3527 2112 dictum
3561 2062 3668 2124 est,

2022 2148 2087 2198 ut
2108 2159 2173 2199 eo
2197 2143 2507 2215 perfectius
2538 2143 2787 2213 quisque
2811 2147 3044 2199 cantare
3076 2144 3451 2216 studeat,quo
3473 2146 3672 2216 singu-

2023 2231 2094 2285 lis
2128 2249 2229 2302 pro
2256 2248 2458 2286 eorum
2490 2231 2715 2285 meritis
2746 2232 2909 2285 audit
2940 2232 3235 2287 reddenda
3266 2249 3392 2287 esse
3416 2232 3495 2286 ibi
3525 2251 3669 2305 prte-

2024 2320 2161 2374 mia.
2197 2320 2264 2375 Et
2285 2324 2350 2374 ut
2371 2320 2446 2373 ibi
2472 2320 2705 2374 tandem
2732 2320 2958 2391 possint
2977 2320 3287 2391 exsultare,
3321 2320 3414 2375 hic
3436 2321 3671 2377 interim

2024 2409 2145 2463 sint
2175 2432 2202 2457 ‹‹
2238 2407 2615 2463 exaltationes
2646 2408 2746 2462 Dei
2778 2408 2837 2462 in
2869 2412 3103 2480 gutture
3134 2425 3359 2476 eorum,
3392 2430 3419 2459 ››
3454 2408 3512 2464 id
3562 2413 3669 2476 est,

2023 2498 2277 2552 exaltent
2309 2500 2373 2551 ut
2403 2513 2514 2551 non
2549 2496 2817 2568 ejiciatur
2848 2497 2918 2551 ab
2950 2497 3042 2551 his
3084 2498 3325 2552 verbum
3360 2498 3478 2553 Dei.
3512 2498 3579 2553 Et
3610 2503 3675 2554 ut

2024 2590 2416 2657 competenter
2446 2585 2635 2639 sciant
2664 2584 3012 2639 annuntiare
3059 2588 3115 2640 in
3163 2588 3434 2655 manibus,
3468 2586 3525 2642 id
3561 2591 3668 2653 est,

2024 2674 2081 2728 in
2115 2678 2401 2744 potestate
2426 2672 2659 2727 illorum
2686 2673 2803 2728 sint
2822 2674 3001 2742 gladii
3017 2675 3376 2745 ancipites,id
3410 2678 3518 2742 est,
3543 2691 3668 2731 ver-

2022 2763 2163 2817 bum
2196 2763 2294 2817 Dei
2331 2762 2487 2833 quod
2534 2770 2620 2817 est
2666 2779 2897 2834 anceps,
2951 2763 3008 2817 id
3058 2766 3165 2829 est,
3216 2764 3570 2819 confirmans
3602 2781 3670 2820 ex

2023 2856 2272 2922 utroque
2302 2855 2651 2906 testamento
2682 2868 2748 2906 ea
2780 2868 2906 2923 quae
2940 2850 3218 2906 dicuntur
3245 2868 3257 2907 :
3290 2852 3378 2907 vel
3428 2870 3664 2925 anceps,

2022 2940 2078 2994 id
2112 2944 2218 3007 est,
2252 2940 2555 2995 interiores
2590 2944 2645 2993 et
2676 2939 2987 2995 exteriores
3018 2941 3239 2997 sordes.
3265 2964 3293 2990 «
3334 2942 3414 2996 Ad
3449 2942 3666 2997 facien-

2021 3029 2153 3084 dam
2185 3028 2502 3083 vindictam
2536 3028 2591 3082 in
2627 3029 2986 3097 nationibus,
3021 3052 3048 3079 »
3083 3029 3137 3083 id
3172 3034 3279 3101 est,
3310 3030 3381 3085 ad
3414 3030 3522 3086 hoc
3566 3033 3663 3086 de-

2020 3118 2159 3172 bent
2214 3117 2428 3171 habere
2479 3117 2758 3187 ancipites
2805 3116 3052 3188 gladios,
3085 3123 3149 3172 ut
3189 3119 3509 3191 subjugent
3554 3119 3665 3174 sibi

1940 3190 1981 3255 C
2023 3205 2249 3277 aliquos
2277 3206 2347 3259 de
2378 3206 2711 3274 nationibus,
2744 3204 2800 3259 id
2832 3210 2937 3272 est,
2975 3206 3045 3260 de
3075 3207 3321 3261 diversis
3352 3190 3522 3262 sectis
3549 3207 3663 3263 hae-

2026 3294 2335 3348 reticorum
2358 3292 2472 3347 :illi
2502 3294 2652 3359 dico,
2671 3294 2982 3348 existentes
3015 3296 3074 3347 in
3102 3295 3438 3361 nationibus,
3471 3296 3527 3349 id
3555 3301 3663 3367 est,

2028 3382 2177 3435 inter
2208 3382 2366 3451 ipsos
2397 3380 2695 3435 haereticos
2719 3381 2776 3434 in
2795 3380 2903 3435 hoc
2926 3380 3247 3450 plurimum
3278 3382 3665 3451 intendentes,

2032 3475 2095 3524 ut
2126 3469 2277 3523 sicut
2306 3468 2419 3539 ipsi
2449 3469 2518 3522 de
2550 3467 2823 3523 fidelibus
2854 3466 3083 3539 aliquos
3115 3470 3553 3538 subtraxerunt,
3596 3472 3677 3528 ita

2030 3558 2123 3612 isti
2148 3557 2315 3627 quasi
2338 3556 2652 3610 vindictam
2686 3556 3221 3627 facientes,aliquos
3242 3559 3314 3613 de
3334 3559 3679 3616 inﬁdelitate

2032 3645 2478 3701 subtrahant.Et
2506 3645 2729 3713 ideo,ut
2759 3645 2949 3700 sciant
2981 3645 3280 3717 increpare
3320 3647 3389 3701 de
3439 3649 3677 3719 populis,

2033 3733 2117 3789 illi
2149 3733 2620 3802 dico,existentes
2654 3734 2711 3788 in
2745 3733 3241 3806 populis.Populis
3263 3739 3319 3788 et
3337 3737 3684 3807 nationibus,

2033 3824 2187 3879 idem
2222 3824 2315 3878 hic
2347 3823 2659 3896 significat.
2685 3828 2840 3877 Inter
2868 3822 3187 3877 vindictam
3220 3822 3407 3879 facere
3429 3824 3689 3880 etincre-

2036 3930 2193 3985 pare,
2228 3918 2317 3968 est
2346 3913 2672 3967 differentia
2726 3929 2738 3967 :
2797 3915 2853 3966 et
2900 3911 3029 3967 ideo
3058 3911 3223 3983 prius
3263 3912 3504 3985 alligent
3534 3930 3686 3985 reges

2036 4018 2227 4056 eorum
2252 4002 2311 4055 in
2340 4000 2703 4071 compedibus,
2754 3999 2811 4053 id
2864 4003 2970 4070 est,
3022 4000 3335 4072 magistros
3385 4001 3688 4058 haereticos

2038 4089 2479 4145 invincibilibus
2521 4087 2868 4143 rationibus.
2908 4110 2935 4137 ‹‹
2985 4089 3051 4143 Et
3098 4088 3321 4145 nobiles
3377 4107 3577 4147 eorum
3627 4091 3686 4145 in

2042 4178 2286 4233 manicis
2320 4178 2541 4244 ferreis,
2578 4201 2605 4226 ››
2638 4177 2695 4231 id
2727 4180 2836 4243 est,
2865 4177 2997 4233 illos
3029 4179 3125 4249 qui
3153 4179 3263 4233 sub
3293 4180 3485 4251 specie
3517 4195 3686 4235 sanc-

2039 4267 2223 4321 titatis
2256 4267 2409 4321 inter
2442 4284 2503 4321 se
2534 4271 2963 4333 conversantes,
2994 4272 3050 4321 et
3080 4267 3290 4322 famosi
3328 4272 3383 4321 et
3426 4267 3690 4337 insignes

2042 4356 2335 4410 habentur
2368 4373 2379 4409 :
2413 4359 2470 4408 et
2500 4354 2717 4425 ideo,ut
2744 4358 2957 4425 faciant
2988 4358 3047 4410 in
3076 4357 3176 4421 eis,
3211 4355 3267 4407 id
3300 4358 3408 4421 est,
3442 4355 3513 4408 de
3544 4353 3691 4425 ipsis

2045 4444 2330 4500 haereticis
2376 4444 2653 4512 judicium
2708 4447 3095 4514 conscriptum,
3139 4447 3203 4496 ut
3234 4444 3619 4497 constitutum
3662 4459 3695 4497 a

276 4554 362 4605 se,
397 4537 497 4592 sed
529 4539 590 4591 in
616 4552 678 4591 eo
710 4537 807 4607 qui
845 4536 974 4605 fecit
1021 4551 1165 4601 eum,
1222 4534 1467 4599 scilicet,
1500 4533 1697 4601 talem,
1730 4533 1787 4587 id
1822 4537 1928 4601 est,
1963 4551 2008 4614 D
2041 4534 2245 4589 multis
2274 4533 2544 4588 Patribus
2576 4533 2886 4603 sanctis,id
2919 4538 3027 4601 est,
3060 4532 3141 4585 ita
3171 4532 3240 4585 de
3274 4530 3696 4601 illisjudicent,

278 4626 463 4697 hujus
484 4625 681 4697 gratia:
728 4624 873 4678 nihil
926 4623 1036 4678 sibi
1087 4622 1362 4692 ascribat,
1393 4623 1493 4676 sed
1527 4622 1662 4676 Deo.
1697 4625 1769 4676 Et
1795 4623 1934 4691 ﬁliae

278 4714 809 4771 Sion.lntransitive
840 4712 1061 4767 dictum
1093 4717 1201 4781 est,
1235 4711 1291 4765 id
1325 4715 1433 4781 est,
1481 4710 1594 4766 illae
1639 4710 1772 4765 filiae
1803 4728 1932 4781 quae

282 4808 425 4859 sunt
455 4803 613 4866 Sion,
643 4803 751 4857 hoc
780 4802 1111 4872 est,quique
1144 4800 1519 4871 perfectiores
1552 4804 1606 4853 et
1640 4799 1929 4870 praecipue

284 4890 472 4946 ornati
500 4890 811 4945 virtutibus
834 4889 903 4943 ad
938 4888 1177 4943 modum
1211 4886 1711 4957 filiarum,quibus
1744 4888 1933 4956 major

283 4978 477 5034 cultus
524 4979 864 5052 diligentius
910 4978 1237 5033 adhibetur.
1296 4976 1434 5045 Illae,
1488 4976 1751 5045 inquam,
1803 4977 1934 5044 ﬁliae

281 5069 435 5135 Sion,
468 5068 525 5123 id
553 5072 663 5135 est,
696 5068 893 5121 futura
924 5066 1311 5138 speculantes,
1363 5066 1633 5120 exsultent
1677 5066 1739 5118 in
1789 5081 1933 5134 rege,

280 5173 402 5224 suo,
433 5156 490 5210 id
521 5162 630 5227 est,
666 5156 725 5211 in
758 5154 1226 5210 consideratione
1273 5155 1419 5208 tanti
1470 5153 1711 5208 rectoris
1747 5154 1847 5224 qui
1876 5155 1934 5207 in

282 5246 397 5300 hac
428 5245 708 5317 dignitate
737 5244 1019 5299 virtutum
1048 5243 1180 5298 illos
1211 5242 1662 5298 custodit.Modo
1705 5242 1941 5313 exponit

284 5336 442 5407 quod
474 5335 599 5406 ipse
630 5336 785 5389 dicat
807 5333 1105 5388 canticum
1129 5331 1451 5393 novum,ita
1472 5332 1685 5395 dixi,ut
1703 5335 1942 5385 cantent

285 5441 506 5480 novum
540 5423 858 5487 canticum,
893 5421 951 5474 id
984 5424 1090 5489 est,
1126 5418 1346 5473 laudent
1394 5435 1587 5473 nomen
1630 5419 1747 5488 ejus
1782 5437 1799 5473 :
1832 5420 1941 5474 hoc

287 5512 647 5579 est,laudent
677 5509 1000 5564 secundum
1021 5508 1173 5578 quod
1206 5507 1426 5579 expetit
1450 5507 1557 5561 hoc
1582 5524 1790 5563 nomen
1815 5510 1942 5579 ejus

292 5603 453 5681 quod
483 5604 571 5657 est
601 5597 908 5664 Dominus,
941 5598 1023 5652 ita
1052 5596 1291 5666 scilicet,
1323 5602 1389 5654 ut
1414 5596 1533 5654 sint
1562 5596 1620 5652 in
1649 5597 1829 5671 choro,
1882 5599 1939 5656 id

582 5728 846 5792 PATROL.
892 5724 1155 5791 CXXXI.

2046 4624 2197 4678 sicut
2226 4622 2285 4677 in
2318 4621 2627 4692 scripturis
2669 4626 3006 4675 sanctorum
3057 4621 3551 4690 praedecessorum
3594 4637 3605 4676 :
3643 4624 3699 4676 et

2047 4717 2326 4784 praeterea
2358 4712 2571 4766 debent
2599 4727 2727 4765 esse
2759 4709 2814 4762 in
2849 4709 3119 4775 choro,in
3152 4713 3431 4781 tympano
3464 4715 3519 4765 et
3543 4710 3698 4782 psal-

2042 4801 2184 4857 terio
2216 4806 2272 4855 et
2302 4800 2567 4855 doctrina
2598 4799 2903 4868 utriusque
2931 4799 3263 4853 testamenti
3302 4799 3467 4870 quiaa
3489 4800 3697 4871 gloria,

2044 4890 2163 4944 haec
2195 4894 2283 4943 est
2312 4889 2591 4943 omnibus
2625 4886 2841 4942 sanctis
2874 4888 3065 4957 ejus,»
3121 4886 3177 4941 id
3228 4893 3316 4943 est
3356 4888 3468 4942 ista
3518 4887 3704 4958 gloria

2046 4996 2170 5049 quae
2203 4982 2291 5031 est
2321 4981 2605 5047 quantum
2640 4979 2711 5029 ad
2745 4992 2857 5043 me,
2901 4976 3003 5046 qui
3052 4976 3229 5031 etiam
3263 4976 3547 5047 propheta
3577 4991 3699 5029 ma-

2046 5084 2172 5138 gnae
2200 5066 2563 5120 auctoritatis
2597 5066 3173 5135 sum,comprobatur
3204 5064 3378 5119 etiam
3404 5079 3531 5119 esse
3565 5079 3700 5119 auc-

2050 5156 2282 5210 toritate
2312 5152 2579 5213 omnium
2614 5158 2973 5207 sanctorum.

2640 5259 2965 5314 PSALMUS
3002 5259 3109 5314 CL.

2726 5347 2936 5386 ALLELU
2946 5348 3019 5387 1A.

2123 5446 2149 5471 ‹‹
2186 5421 2443 5475 Laudate
2474 5420 2789 5474 Dominum
2815 5420 2872 5473 in
2906 5420 3126 5475 sanctis
3155 5419 3545 5491 ejus,laudate
3568 5437 3700 5477 eum

2054 5534 2080 5561 (ι
2114 5509 2174 5564 in
2198 5512 2566 5563 firmamento
2584 5508 2817 5563 virtutis
2843 5509 3259 5579 ejus.Laudate
3282 5526 3415 5564 eum
3441 5510 3500 5564 in
3526 5510 3705 5565 virtu-

2056 5622 2083 5653 ‹‹
2112 5599 2271 5656 tibus
2302 5595 2708 5671 ejus,laudate
2739 5614 2872 5655 eum
2906 5599 3229 5657 secundum
3263 5598 3703 5657 multitudinem

3347 5728 3420 5793 27
