  <div class='ocr_page' id='page_1' title='image "/cluster/home/n/w/nwhite01/storage/ocr_20150623/131/hvd.32044054759923/429.png"; bbox 0 0 4018 6200; ppageno 0'>
   <div class='ocr_carea' id='block_1_1' title="bbox 363 366 3799 431">
    <p class='ocr_par' dir='ltr' id='par_1_1' title="bbox 363 366 3799 431">
     <span class='ocr_line' id='line_1_1' title="bbox 363 366 3799 431; baseline -0.002 -1"><span class='ocrx_word' id='word_1_1' title='bbox 363 367 524 431; x_wconf 70' lang='lat'>&quot;843</span> <span class='ocrx_word' id='word_1_2' title='bbox 650 369 921 430; x_wconf 82' lang='lat' dir='ltr'>REMIG.</span> <span class='ocrx_word' id='word_1_3' title='bbox 955 368 1254 431; x_wconf 79' lang='lat' dir='ltr'>ANTISS.</span> <span class='ocrx_word' id='word_1_4' title='bbox 1289 369 1462 430; x_wconf 91' lang='lat' dir='ltr'>OPP.</span> <span class='ocrx_word' id='word_1_5' title='bbox 1499 371 1702 430; x_wconf 77' lang='lat' dir='ltr'>PARS</span> <span class='ocrx_word' id='word_1_6' title='bbox 1733 370 1782 429; x_wconf 95' lang='grc' dir='ltr'><strong>Ι.</strong></span> <span class='ocrx_word' id='word_1_7' title='bbox 1816 402 1892 414; x_wconf 90' lang='grc'><strong><em>-</em></strong></span> <span class='ocrx_word' id='word_1_8' title='bbox 1919 368 2254 431; x_wconf 84' lang='lat' dir='ltr'>EXEGET.</span> <span class='ocrx_word' id='word_1_9' title='bbox 2285 401 2360 413; x_wconf 94' lang='lat'><em>—</em></span> <span class='ocrx_word' id='word_1_10' title='bbox 2390 368 2792 431; x_wconf 83' lang='lat' dir='ltr'>COMMENT.</span> <span class='ocrx_word' id='word_1_11' title='bbox 2828 369 2908 429; x_wconf 85' lang='lat' dir='ltr'><strong>IN</strong></span> <span class='ocrx_word' id='word_1_12' title='bbox 2943 367 3192 428; x_wconf 86' lang='lat' dir='ltr'>EPIST.</span> <span class='ocrx_word' id='word_1_13' title='bbox 3228 367 3292 427; x_wconf 93' lang='lat' dir='ltr'>S.</span> <span class='ocrx_word' id='word_1_14' title='bbox 3325 366 3562 428; x_wconf 82' lang='lat' dir='ltr'><strong>PAUL.</strong></span> <span class='ocrx_word' id='word_1_15' title='bbox 3681 367 3799 426; x_wconf 71' lang='lat'>844</span> 
     </span>
    </p>
   </div>
   <div class='ocr_carea' id='block_1_2' title="bbox 404 498 3804 575">
    <p class='ocr_par' dir='ltr' id='par_1_2' title="bbox 404 498 3804 575">
     <span class='ocr_line' id='line_1_2' title="bbox 404 498 3804 575; baseline -0 -21"><span class='ocrx_word' id='word_1_16' title='bbox 404 526 433 555; x_wconf 83' lang='lat'><strong>«</strong></span> <span class='ocrx_word' id='word_1_17' title='bbox 469 501 894 575; x_wconf 81' lang='lat' dir='ltr'>magnitudinis</span> <span class='ocrx_word' id='word_1_18' title='bbox 924 502 1072 573; x_wconf 88' lang='lat' dir='ltr'>ejus.</span> <span class='ocrx_word' id='word_1_19' title='bbox 1110 502 1358 557; x_wconf 89' lang='lat' dir='ltr'>Laudate</span> <span class='ocrx_word' id='word_1_20' title='bbox 1389 519 1520 558; x_wconf 91' lang='lat' dir='ltr'>eum</span> <span class='ocrx_word' id='word_1_21' title='bbox 1571 501 1629 556; x_wconf 92' lang='lat' dir='ltr'>in</span> <span class='ocrx_word' id='word_1_22' title='bbox 1678 518 1820 557; x_wconf 90' lang='lat' dir='ltr'>sono</span> <span class='ocrx_word' id='word_1_23' title='bbox 1870 501 2043 567; x_wconf 83' lang='lat' dir='ltr'>tubae,</span> <span class='ocrx_word' id='word_1_24' title='bbox 2077 502 2131 567; x_wconf 81' lang='grc' dir='ltr'><strong>Α</strong></span> <span class='ocrx_word' id='word_1_25' title='bbox 2162 505 2270 570; x_wconf 89' lang='lat' dir='ltr'>est,</span> <span class='ocrx_word' id='word_1_26' title='bbox 2304 502 2362 556; x_wconf 88' lang='lat' dir='ltr'>in</span> <span class='ocrx_word' id='word_1_27' title='bbox 2403 502 2862 567; x_wconf 78' lang='lat' dir='ltr'>consideratione</span> <span class='ocrx_word' id='word_1_28' title='bbox 2909 498 3345 573; x_wconf 81' lang='lat' dir='ltr'>gloriﬁcationis</span> <span class='ocrx_word' id='word_1_29' title='bbox 3393 498 3628 566; x_wconf 66' lang='lat' dir='ltr'>animae,</span> <span class='ocrx_word' id='word_1_30' title='bbox 3680 515 3804 570; x_wconf 68' lang='lat' dir='ltr'>qua:</span> 
     </span>
    </p>
   </div>
   <div class='ocr_carea' id='block_1_3' title="bbox 403 579 2046 662">
    <p class='ocr_par' dir='ltr' id='par_1_3' title="bbox 403 579 2046 662">
     <span class='ocr_line' id='line_1_3' title="bbox 403 579 2046 662; baseline -0.001 -18"><span class='ocrx_word' id='word_1_31' title='bbox 403 615 432 644; x_wconf 84' lang='lat'><strong><em>«</em></strong></span> <span class='ocrx_word' id='word_1_32' title='bbox 458 591 693 647; x_wconf 81' lang='lat' dir='ltr'>laudate</span> <span class='ocrx_word' id='word_1_33' title='bbox 724 607 858 648; x_wconf 90' lang='lat' dir='ltr'>eum</span> <span class='ocrx_word' id='word_1_34' title='bbox 889 591 948 646; x_wconf 92' lang='lat' dir='ltr'>in</span> <span class='ocrx_word' id='word_1_35' title='bbox 980 579 1255 662; x_wconf 82' lang='lat' dir='ltr'>psalterio</span> <span class='ocrx_word' id='word_1_36' title='bbox 1288 595 1346 646; x_wconf 90' lang='lat' dir='ltr'>et</span> <span class='ocrx_word' id='word_1_37' title='bbox 1376 591 1618 646; x_wconf 83' lang='lat' dir='ltr'>cithara.</span> <span class='ocrx_word' id='word_1_38' title='bbox 1639 591 1886 646; x_wconf 89' lang='lat' dir='ltr'>Laudate</span> <span class='ocrx_word' id='word_1_39' title='bbox 1913 605 2046 645; x_wconf 90' lang='lat' dir='ltr'>eum</span> 
     </span>
    </p>
   </div>
   <div class='ocr_carea' id='block_1_4' title="bbox 403 679 2053 752">
    <p class='ocr_par' dir='ltr' id='par_1_4' title="bbox 403 679 2053 752">
     <span class='ocr_line' id='line_1_4' title="bbox 403 679 2053 752; baseline 0.001 -20"><span class='ocrx_word' id='word_1_40' title='bbox 403 703 432 732; x_wconf 86' lang='lat'><strong><em>«</em></strong></span> <span class='ocrx_word' id='word_1_41' title='bbox 466 681 525 736; x_wconf 94' lang='lat' dir='ltr'>in</span> <span class='ocrx_word' id='word_1_42' title='bbox 559 684 836 752; x_wconf 88' lang='lat' dir='ltr'>tympano</span> <span class='ocrx_word' id='word_1_43' title='bbox 867 683 925 735; x_wconf 91' lang='lat' dir='ltr'>et</span> <span class='ocrx_word' id='word_1_44' title='bbox 955 679 1154 745; x_wconf 91' lang='lat' dir='ltr'>choro,</span> <span class='ocrx_word' id='word_1_45' title='bbox 1190 679 1428 736; x_wconf 83' lang='lat' dir='ltr'>laudate</span> <span class='ocrx_word' id='word_1_46' title='bbox 1458 697 1591 736; x_wconf 90' lang='lat' dir='ltr'>eum</span> <span class='ocrx_word' id='word_1_47' title='bbox 1631 679 1691 734; x_wconf 92' lang='lat' dir='ltr'>in</span> <span class='ocrx_word' id='word_1_48' title='bbox 1732 679 1965 735; x_wconf 78' lang='lat' dir='ltr'>chordis</span> <span class='ocrx_word' id='word_1_49' title='bbox 1995 682 2053 733; x_wconf 92' lang='lat' dir='ltr'>et</span> 
     </span>
    </p>
   </div>
   <div class='ocr_carea' id='block_1_5' title="bbox 404 767 2052 842">
    <p class='ocr_par' dir='ltr' id='par_1_5' title="bbox 404 767 2052 842">
     <span class='ocr_line' id='line_1_5' title="bbox 404 767 2052 842; baseline 0.001 -22"><span class='ocrx_word' id='word_1_50' title='bbox 404 792 434 820; x_wconf 87' lang='lat'>«</span> <span class='ocrx_word' id='word_1_51' title='bbox 466 786 702 842; x_wconf 90' lang='lat' dir='ltr'>organo.</span> <span class='ocrx_word' id='word_1_52' title='bbox 735 769 994 824; x_wconf 85' lang='lat' dir='ltr'>Laudato</span> <span class='ocrx_word' id='word_1_53' title='bbox 1025 785 1158 824; x_wconf 90' lang='lat' dir='ltr'>eum</span> <span class='ocrx_word' id='word_1_54' title='bbox 1189 768 1247 823; x_wconf 91' lang='lat' dir='ltr'>in</span> <span class='ocrx_word' id='word_1_55' title='bbox 1282 768 1563 841; x_wconf 83' lang='lat' dir='ltr'>cymbalis</span> <span class='ocrx_word' id='word_1_56' title='bbox 1602 768 1746 823; x_wconf 88' lang='lat' dir='ltr'>bene</span> <span class='ocrx_word' id='word_1_57' title='bbox 1785 767 2052 823; x_wconf 90' lang='lat' dir='ltr'>sonanti-</span> 
     </span>
    </p>
   </div>
   <div class='ocr_carea' id='block_1_6' title="bbox 403 855 2051 929">
    <p class='ocr_par' dir='ltr' id='par_1_6' title="bbox 403 855 2051 929">
     <span class='ocr_line' id='line_1_6' title="bbox 403 855 2051 929; baseline -0.001 -18"><span class='ocrx_word' id='word_1_58' title='bbox 403 880 432 911; x_wconf 91' lang='grc'>‹‹</span> <span class='ocrx_word' id='word_1_59' title='bbox 467 857 836 926; x_wconf 88' lang='lat' dir='ltr'>hus,laudate</span> <span class='ocrx_word' id='word_1_60' title='bbox 865 875 999 914; x_wconf 84' lang='lat' dir='ltr'>eum</span> <span class='ocrx_word' id='word_1_61' title='bbox 1031 856 1091 912; x_wconf 93' lang='lat' dir='ltr'>in</span> <span class='ocrx_word' id='word_1_62' title='bbox 1125 856 1408 929; x_wconf 84' lang='lat' dir='ltr'>cymbalis</span> <span class='ocrx_word' id='word_1_63' title='bbox 1431 855 2051 929; x_wconf 80' lang='lat' dir='ltr'>jubilationiszomnis</span> 
     </span>
    </p>
   </div>
   <div class='ocr_carea' id='block_1_7' title="bbox 406 945 1666 1018">
    <p class='ocr_par' dir='ltr' id='par_1_7' title="bbox 406 945 1666 1018">
     <span class='ocr_line' id='line_1_7' title="bbox 406 945 1666 1018; baseline 0.002 -20"><span class='ocrx_word' id='word_1_64' title='bbox 406 969 436 998; x_wconf 89' lang='lat'><strong>«</strong></span> <span class='ocrx_word' id='word_1_65' title='bbox 470 946 711 1018; x_wconf 80' lang='lat' dir='ltr'>spiritus</span> <span class='ocrx_word' id='word_1_66' title='bbox 743 945 941 1002; x_wconf 88' lang='lat' dir='ltr'>laudet</span> <span class='ocrx_word' id='word_1_67' title='bbox 965 945 1301 1003; x_wconf 90' lang='lat' dir='ltr'>Dominum.</span> <span class='ocrx_word' id='word_1_68' title='bbox 1339 945 1600 1002; x_wconf 86' lang='lat' dir='ltr'>Alleluia.</span> <span class='ocrx_word' id='word_1_69' title='bbox 1640 968 1666 994; x_wconf 86' lang='lat'><strong>»</strong></span> 
     </span>
    </p>
   </div>
   <div class='ocr_carea' id='block_1_8' title="bbox 1019 1034 1418 1090">
    <p class='ocr_par' dir='ltr' id='par_1_8' title="bbox 1019 1034 1418 1090">
     <span class='ocr_line' id='line_1_8' title="bbox 1019 1034 1418 1090; baseline -0.003 0"><span class='ocrx_word' id='word_1_70' title='bbox 1019 1035 1286 1090; x_wconf 82' lang='lat' dir='ltr'><strong><em>ENARRA</em></strong></span> <span class='ocrx_word' id='word_1_71' title='bbox 1297 1034 1418 1090; x_wconf 78' lang='lat' dir='ltr'>T10.</span> 
     </span>
    </p>
   </div>
   <div class='ocr_carea' id='block_1_9' title="bbox 478 1121 2051 1195">
    <p class='ocr_par' dir='ltr' id='par_1_9' title="bbox 478 1121 2051 1195">
     <span class='ocr_line' id='line_1_9' title="bbox 478 1121 2051 1195; baseline -0.001 -18"><span class='ocrx_word' id='word_1_72' title='bbox 478 1123 541 1178; x_wconf 93' lang='lat' dir='ltr'><strong>In</strong></span> <span class='ocrx_word' id='word_1_73' title='bbox 565 1122 673 1178; x_wconf 92' lang='lat' dir='ltr'>hoc</span> <span class='ocrx_word' id='word_1_74' title='bbox 697 1121 922 1195; x_wconf 88' lang='lat' dir='ltr'>psalmo</span> <span class='ocrx_word' id='word_1_75' title='bbox 946 1123 1153 1179; x_wconf 84' lang='lat' dir='ltr'>invitat</span> <span class='ocrx_word' id='word_1_76' title='bbox 1169 1123 1459 1195; x_wconf 87' lang='lat' dir='ltr'>Propheta</span> <span class='ocrx_word' id='word_1_77' title='bbox 1481 1139 1684 1179; x_wconf 91' lang='lat' dir='ltr'>omnes</span> <span class='ocrx_word' id='word_1_78' title='bbox 1710 1121 1908 1177; x_wconf 79' lang='lat' dir='ltr'>ﬁdeles</span> <span class='ocrx_word' id='word_1_79' title='bbox 1931 1121 2051 1176; x_wconf 85' lang='lat' dir='ltr'>lau-</span> 
     </span>
    </p>
   </div>
   <div class='ocr_carea' id='block_1_10' title="bbox 407 1210 2051 1268">
    <p class='ocr_par' dir='ltr' id='par_1_10' title="bbox 407 1210 2051 1268">
     <span class='ocr_line' id='line_1_10' title="bbox 407 1210 2051 1268; baseline -0.001 -2"><span class='ocrx_word' id='word_1_80' title='bbox 407 1211 547 1266; x_wconf 90' lang='lat' dir='ltr'>dare</span> <span class='ocrx_word' id='word_1_81' title='bbox 581 1211 889 1267; x_wconf 72' lang='lat' dir='ltr'>Dominum</span> <span class='ocrx_word' id='word_1_82' title='bbox 923 1212 1334 1268; x_wconf 88' lang='lat' dir='ltr'>tantummodo</span> <span class='ocrx_word' id='word_1_83' title='bbox 1365 1228 1431 1267; x_wconf 87' lang='lat' dir='ltr'>ex</span> <span class='ocrx_word' id='word_1_84' title='bbox 1463 1210 1929 1267; x_wconf 88' lang='lat' dir='ltr'>consideratione</span> <span class='ocrx_word' id='word_1_85' title='bbox 1962 1211 2051 1265; x_wconf 85' lang='lat' dir='ltr'>fu-</span> 
     </span>
    </p>
   </div>
   <div class='ocr_carea' id='block_1_11' title="bbox 404 1299 1507 1369">
    <p class='ocr_par' dir='ltr' id='par_1_11' title="bbox 404 1299 1507 1369">
     <span class='ocr_line' id='line_1_11' title="bbox 404 1299 1507 1369; baseline 0 -14"><span class='ocrx_word' id='word_1_86' title='bbox 404 1303 550 1355; x_wconf 75' lang='lat' dir='ltr'>turzs</span> <span class='ocrx_word' id='word_1_87' title='bbox 580 1299 960 1355; x_wconf 86' lang='lat' dir='ltr'>beatitudinis</span> <span class='ocrx_word' id='word_1_88' title='bbox 991 1305 1347 1369; x_wconf 88' lang='lat' dir='ltr'>sanctorum,</span> <span class='ocrx_word' id='word_1_89' title='bbox 1381 1300 1463 1356; x_wconf 92' lang='lat' dir='ltr'>ita</span> <span class='ocrx_word' id='word_1_90' title='bbox 1493 1316 1507 1355; x_wconf 89' lang='lat'><strong>:</strong></span> 
     </span>
    </p>
   </div>
   <div class='ocr_carea' id='block_1_12' title="bbox 480 1387 2050 1460">
    <p class='ocr_par' dir='ltr' id='par_1_12' title="bbox 480 1387 2050 1460">
     <span class='ocr_line' id='line_1_12' title="bbox 480 1387 2050 1460; baseline -0.001 -17"><span class='ocrx_word' id='word_1_91' title='bbox 480 1412 508 1438; x_wconf 85' lang='lat'><strong>«</strong></span> <span class='ocrx_word' id='word_1_92' title='bbox 542 1389 802 1443; x_wconf 86' lang='lat' dir='ltr'>Laudato</span> <span class='ocrx_word' id='word_1_93' title='bbox 831 1388 1146 1444; x_wconf 90' lang='lat' dir='ltr'>Dominum</span> <span class='ocrx_word' id='word_1_94' title='bbox 1179 1389 1238 1444; x_wconf 90' lang='lat' dir='ltr'>in</span> <span class='ocrx_word' id='word_1_95' title='bbox 1272 1389 1490 1444; x_wconf 89' lang='lat' dir='ltr'>sanctis</span> <span class='ocrx_word' id='word_1_96' title='bbox 1521 1389 1668 1460; x_wconf 83' lang='lat' dir='ltr'>ejus,</span> <span class='ocrx_word' id='word_1_97' title='bbox 1702 1411 1729 1439; x_wconf 73' lang='grc' dir='ltr'>(ι</span> <span class='ocrx_word' id='word_1_98' title='bbox 1761 1388 1818 1442; x_wconf 91' lang='lat' dir='ltr'>id</span> <span class='ocrx_word' id='word_1_99' title='bbox 1851 1391 1959 1458; x_wconf 87' lang='lat' dir='ltr'>est,</span> <span class='ocrx_word' id='word_1_100' title='bbox 1989 1387 2050 1441; x_wconf 93' lang='lat' dir='ltr'>in</span> 
     </span>
    </p>
   </div>
   <div class='ocr_carea' id='block_1_13' title="bbox 405 1476 2051 1550">
    <p class='ocr_par' dir='ltr' id='par_1_13' title="bbox 405 1476 2051 1550">
     <span class='ocr_line' id='line_1_13' title="bbox 405 1476 2051 1550; baseline -0.001 -17"><span class='ocrx_word' id='word_1_101' title='bbox 405 1476 870 1533; x_wconf 86' lang='lat' dir='ltr'>consideratione</span> <span class='ocrx_word' id='word_1_102' title='bbox 899 1482 1238 1534; x_wconf 90' lang='lat' dir='ltr'>sanctorum</span> <span class='ocrx_word' id='word_1_103' title='bbox 1272 1479 1418 1550; x_wconf 86' lang='lat' dir='ltr'>ejus.</span> <span class='ocrx_word' id='word_1_104' title='bbox 1454 1479 1525 1532; x_wconf 87' lang='lat' dir='ltr'>Et</span> <span class='ocrx_word' id='word_1_105' title='bbox 1568 1478 1920 1533; x_wconf 90' lang='lat' dir='ltr'>determinat</span> <span class='ocrx_word' id='word_1_106' title='bbox 1962 1493 2051 1531; x_wconf 90' lang='lat' dir='ltr'>se-</span> 
     </span>
    </p>
   </div>
   <div class='ocr_carea' id='block_1_14' title="bbox 405 1565 2052 1636">
    <p class='ocr_par' dir='ltr' id='par_1_14' title="bbox 405 1565 2052 1636">
     <span class='ocr_line' id='line_1_14' title="bbox 405 1565 2052 1636; baseline 0.001 -17"><span class='ocrx_word' id='word_1_107' title='bbox 405 1566 664 1622; x_wconf 83' lang='lat' dir='ltr'>cundum</span> <span class='ocrx_word' id='word_1_108' title='bbox 722 1582 900 1636; x_wconf 87' lang='lat' dir='ltr'>quam</span> <span class='ocrx_word' id='word_1_109' title='bbox 949 1567 1476 1622; x_wconf 86' lang='lat' dir='ltr'>considerationem</span> <span class='ocrx_word' id='word_1_110' title='bbox 1530 1567 1779 1622; x_wconf 86' lang='lat' dir='ltr'>debeant</span> <span class='ocrx_word' id='word_1_111' title='bbox 1811 1565 2052 1620; x_wconf 89' lang='lat' dir='ltr'>laudare</span> 
     </span>
    </p>
   </div>
   <div class='ocr_carea' id='block_1_15' title="bbox 409 1653 2048 1721">
    <p class='ocr_par' dir='ltr' id='par_1_15' title="bbox 409 1653 2048 1721">
     <span class='ocr_line' id='line_1_15' title="bbox 409 1653 2048 1721; baseline -0.002 -11"><span class='ocrx_word' id='word_1_112' title='bbox 409 1653 742 1721; x_wconf 85' lang='lat' dir='ltr'>Dominum,</span> <span class='ocrx_word' id='word_1_113' title='bbox 775 1655 858 1710; x_wconf 90' lang='lat' dir='ltr'>sic</span> <span class='ocrx_word' id='word_1_114' title='bbox 892 1672 904 1709; x_wconf 94' lang='lat'><strong>:</strong></span> <span class='ocrx_word' id='word_1_115' title='bbox 941 1678 966 1704; x_wconf 83' lang='lat'>«</span> <span class='ocrx_word' id='word_1_116' title='bbox 1003 1655 1256 1710; x_wconf 81' lang='lat' dir='ltr'>Laudato</span> <span class='ocrx_word' id='word_1_117' title='bbox 1287 1673 1420 1710; x_wconf 92' lang='lat' dir='ltr'>eum</span> <span class='ocrx_word' id='word_1_118' title='bbox 1454 1655 1513 1709; x_wconf 89' lang='lat' dir='ltr'>in</span> <span class='ocrx_word' id='word_1_119' title='bbox 1547 1655 1912 1709; x_wconf 81' lang='lat' dir='ltr'>firmamento</span> <span class='ocrx_word' id='word_1_120' title='bbox 1937 1654 2048 1707; x_wconf 92' lang='lat' dir='ltr'>vir-</span> 
     </span>
    </p>
   </div>
   <div class='ocr_carea' id='block_1_16' title="bbox 402 1742 2052 1815">
    <p class='ocr_par' dir='ltr' id='par_1_16' title="bbox 402 1742 2052 1815">
     <span class='ocr_line' id='line_1_16' title="bbox 402 1742 2052 1815; baseline -0.002 -16"><span class='ocrx_word' id='word_1_121' title='bbox 402 1743 546 1799; x_wconf 83' lang='lat' dir='ltr'>tutis</span> <span class='ocrx_word' id='word_1_122' title='bbox 577 1744 724 1813; x_wconf 86' lang='lat' dir='ltr'>ejus,</span> <span class='ocrx_word' id='word_1_123' title='bbox 759 1763 787 1790; x_wconf 80' lang='lat'>»</span> <span class='ocrx_word' id='word_1_124' title='bbox 817 1742 872 1797; x_wconf 92' lang='lat' dir='ltr'>id</span> <span class='ocrx_word' id='word_1_125' title='bbox 907 1748 1017 1810; x_wconf 90' lang='lat' dir='ltr'>est,</span> <span class='ocrx_word' id='word_1_126' title='bbox 1045 1760 1114 1798; x_wconf 89' lang='lat' dir='ltr'>ea</span> <span class='ocrx_word' id='word_1_127' title='bbox 1144 1743 1794 1815; x_wconf 87' lang='lat' dir='ltr'>consideratione,quod</span> <span class='ocrx_word' id='word_1_128' title='bbox 1820 1746 2052 1798; x_wconf 87' lang='lat' dir='ltr'>sanctos</span> 
     </span>
    </p>
   </div>
   <div class='ocr_carea' id='block_1_17' title="bbox 2161 587 3805 663">
    <p class='ocr_par' dir='ltr' id='par_1_17' title="bbox 2161 587 3805 663">
     <span class='ocr_line' id='line_1_17' title="bbox 2161 587 3805 663; baseline -0.001 -20"><span class='ocrx_word' id='word_1_129' title='bbox 2161 590 2270 644; x_wconf 89' lang='lat' dir='ltr'>erit</span> <span class='ocrx_word' id='word_1_130' title='bbox 2295 592 2619 646; x_wconf 88' lang='lat' dir='ltr'>secundum</span> <span class='ocrx_word' id='word_1_131' title='bbox 2651 591 2963 663; x_wconf 78' lang='lat' dir='ltr'>perfectam</span> <span class='ocrx_word' id='word_1_132' title='bbox 2996 587 3296 644; x_wconf 89' lang='lat' dir='ltr'>scientiam</span> <span class='ocrx_word' id='word_1_133' title='bbox 3341 592 3398 643; x_wconf 90' lang='lat' dir='ltr'>et</span> <span class='ocrx_word' id='word_1_134' title='bbox 3438 587 3678 660; x_wconf 88' lang='lat' dir='ltr'>plenam</span> <span class='ocrx_word' id='word_1_135' title='bbox 3714 588 3805 642; x_wconf 90' lang='lat' dir='ltr'>Dei</span> 
     </span>
    </p>
   </div>
   <div class='ocr_carea' id='block_1_18' title="bbox 2161 676 3808 750">
    <p class='ocr_par' dir='ltr' id='par_1_18' title="bbox 2161 676 3808 750">
     <span class='ocr_line' id='line_1_18' title="bbox 2161 676 3808 750; baseline 0 -18"><span class='ocrx_word' id='word_1_136' title='bbox 2161 678 2572 750; x_wconf 84' lang='lat' dir='ltr'>cognitionem.</span> <span class='ocrx_word' id='word_1_137' title='bbox 2603 682 2667 735; x_wconf 82' lang='lat' dir='ltr'>Et</span> <span class='ocrx_word' id='word_1_138' title='bbox 2695 681 2947 743; x_wconf 77' lang='lat' dir='ltr'>cithara;</span> <span class='ocrx_word' id='word_1_139' title='bbox 2976 679 3033 732; x_wconf 90' lang='lat' dir='ltr'>id</span> <span class='ocrx_word' id='word_1_140' title='bbox 3067 682 3176 743; x_wconf 89' lang='lat' dir='ltr'>est,</span> <span class='ocrx_word' id='word_1_141' title='bbox 3230 676 3290 732; x_wconf 89' lang='lat' dir='ltr'>in</span> <span class='ocrx_word' id='word_1_142' title='bbox 3339 677 3808 733; x_wconf 87' lang='lat' dir='ltr'>consideratione</span> 
     </span>
    </p>
   </div>
   <div class='ocr_carea' id='block_1_19' title="bbox 2160 766 3807 840">
    <p class='ocr_par' dir='ltr' id='par_1_19' title="bbox 2160 766 3807 840">
     <span class='ocr_line' id='line_1_19' title="bbox 2160 766 3807 840; baseline 0 -19"><span class='ocrx_word' id='word_1_143' title='bbox 2160 767 2601 838; x_wconf 82' lang='lat' dir='ltr'>gloriﬁcationis</span> <span class='ocrx_word' id='word_1_144' title='bbox 2631 768 2906 840; x_wconf 90' lang='lat' dir='ltr'>corporis.</span> <span class='ocrx_word' id='word_1_145' title='bbox 2939 767 3183 823; x_wconf 78' lang='lat' dir='ltr'>Laudato</span> <span class='ocrx_word' id='word_1_146' title='bbox 3203 783 3327 822; x_wconf 85' lang='lat' dir='ltr'>eum</span> <span class='ocrx_word' id='word_1_147' title='bbox 3351 768 3412 821; x_wconf 84' lang='lat' dir='ltr'>in</span> <span class='ocrx_word' id='word_1_148' title='bbox 3435 775 3724 839; x_wconf 80' lang='lat' dir='ltr'>tympano,</span> <span class='ocrx_word' id='word_1_149' title='bbox 3758 766 3807 821; x_wconf 90' lang='lat' dir='ltr'>id</span> 
     </span>
    </p>
   </div>
   <div class='ocr_carea' id='block_1_20' title="bbox 2159 855 3804 929">
    <p class='ocr_par' dir='ltr' id='par_1_20' title="bbox 2159 855 3804 929">
     <span class='ocr_line' id='line_1_20' title="bbox 2159 855 3804 929; baseline -0.001 -18"><span class='ocrx_word' id='word_1_150' title='bbox 2159 857 2333 924; x_wconf 90' lang='lat' dir='ltr'>est,in</span> <span class='ocrx_word' id='word_1_151' title='bbox 2366 858 2729 929; x_wconf 86' lang='lat' dir='ltr'>separatione</span> <span class='ocrx_word' id='word_1_152' title='bbox 2758 857 3199 928; x_wconf 89' lang='lat' dir='ltr'>corruptionum</span> <span class='ocrx_word' id='word_1_153' title='bbox 3234 855 3497 910; x_wconf 89' lang='lat' dir='ltr'>omnium</span> <span class='ocrx_word' id='word_1_154' title='bbox 3519 865 3601 911; x_wconf 75' lang='grc' dir='ltr'>εει</span> <span class='ocrx_word' id='word_1_155' title='bbox 3623 856 3804 912; x_wconf 86' lang='lat' dir='ltr'>choro.</span> 
     </span>
    </p>
   </div>
   <div class='ocr_carea' id='block_1_21' title="bbox 2161 944 3807 1017">
    <p class='ocr_par' dir='ltr' id='par_1_21' title="bbox 2161 944 3807 1017">
     <span class='ocr_line' id='line_1_21' title="bbox 2161 944 3807 1017; baseline 0.001 -18"><span class='ocrx_word' id='word_1_156' title='bbox 2161 946 2217 1000; x_wconf 93' lang='lat' dir='ltr'>id</span> <span class='ocrx_word' id='word_1_157' title='bbox 2250 945 2421 1016; x_wconf 89' lang='lat' dir='ltr'>est,in</span> <span class='ocrx_word' id='word_1_158' title='bbox 2445 947 2724 1003; x_wconf 85' lang='lat' dir='ltr'>conformi</span> <span class='ocrx_word' id='word_1_159' title='bbox 2754 945 3114 1002; x_wconf 90' lang='lat' dir='ltr'>beatitudine</span> <span class='ocrx_word' id='word_1_160' title='bbox 3145 962 3323 1017; x_wconf 89' lang='lat' dir='ltr'>quam</span> <span class='ocrx_word' id='word_1_161' title='bbox 3353 944 3655 1000; x_wconf 86' lang='lat' dir='ltr'>habebant</span> <span class='ocrx_word' id='word_1_162' title='bbox 3677 962 3807 1001; x_wconf 87' lang='lat' dir='ltr'>cum</span> 
     </span>
    </p>
   </div>
   <div class='ocr_carea' id='block_1_22' title="bbox 2161 1033 3805 1107">
    <p class='ocr_par' dir='ltr' id='par_1_22' title="bbox 2161 1033 3805 1107">
     <span class='ocr_line' id='line_1_22' title="bbox 2161 1033 3805 1107; baseline -0.001 -17"><span class='ocrx_word' id='word_1_163' title='bbox 2161 1035 2404 1107; x_wconf 87' lang='lat' dir='ltr'>angelis.</span> <span class='ocrx_word' id='word_1_164' title='bbox 2425 1035 2664 1091; x_wconf 74' lang='lat' dir='ltr'>Laudato</span> <span class='ocrx_word' id='word_1_165' title='bbox 2692 1052 2816 1090; x_wconf 87' lang='lat' dir='ltr'>eum</span> <span class='ocrx_word' id='word_1_166' title='bbox 2848 1036 2904 1089; x_wconf 86' lang='lat' dir='ltr'>in</span> <span class='ocrx_word' id='word_1_167' title='bbox 2928 1033 3162 1101; x_wconf 78' lang='lat' dir='ltr'>chordis,</span> <span class='ocrx_word' id='word_1_168' title='bbox 3196 1033 3253 1088; x_wconf 92' lang='lat' dir='ltr'>id</span> <span class='ocrx_word' id='word_1_169' title='bbox 3287 1038 3396 1098; x_wconf 86' lang='lat' dir='ltr'>est,</span> <span class='ocrx_word' id='word_1_170' title='bbox 3427 1034 3488 1089; x_wconf 92' lang='lat' dir='ltr'>in</span> <span class='ocrx_word' id='word_1_171' title='bbox 3519 1051 3590 1089; x_wconf 92' lang='lat' dir='ltr'>ea</span> <span class='ocrx_word' id='word_1_172' title='bbox 3628 1034 3805 1090; x_wconf 87' lang='lat' dir='ltr'>beati-</span> 
     </span>
    </p>
   </div>
   <div class='ocr_carea' id='block_1_23' title="bbox 2160 1122 3809 1196">
    <p class='ocr_par' dir='ltr' id='par_1_23' title="bbox 2160 1122 3809 1196">
     <span class='ocr_line' id='line_1_23' title="bbox 2160 1122 3809 1196; baseline 0 -18"><span class='ocrx_word' id='word_1_173' title='bbox 2160 1124 2383 1193; x_wconf 87' lang='lat' dir='ltr'>tudine,</span> <span class='ocrx_word' id='word_1_174' title='bbox 2401 1141 2577 1196; x_wconf 90' lang='lat' dir='ltr'>quam</span> <span class='ocrx_word' id='word_1_175' title='bbox 2602 1141 2704 1195; x_wconf 91' lang='lat' dir='ltr'>per</span> <span class='ocrx_word' id='word_1_176' title='bbox 2717 1124 2959 1179; x_wconf 87' lang='lat' dir='ltr'>nimiam</span> <span class='ocrx_word' id='word_1_177' title='bbox 2978 1122 3416 1179; x_wconf 89' lang='lat' dir='ltr'>tribulationem</span> <span class='ocrx_word' id='word_1_178' title='bbox 3439 1122 3627 1193; x_wconf 88' lang='lat' dir='ltr'>hujus</span> <span class='ocrx_word' id='word_1_179' title='bbox 3651 1139 3809 1178; x_wconf 86' lang='lat' dir='ltr'>mun-</span> 
     </span>
    </p>
   </div>
   <div class='ocr_carea' id='block_1_24' title="bbox 2160 1211 3806 1285">
    <p class='ocr_par' dir='ltr' id='par_1_24' title="bbox 2160 1211 3806 1285">
     <span class='ocr_line' id='line_1_24' title="bbox 2160 1211 3806 1285; baseline 0.001 -19"><span class='ocrx_word' id='word_1_180' title='bbox 2160 1213 2217 1266; x_wconf 88' lang='lat' dir='ltr'>di</span> <span class='ocrx_word' id='word_1_181' title='bbox 2241 1212 3033 1285; x_wconf 87' lang='lat' dir='ltr'>adipiseentur.Tympanum</span> <span class='ocrx_word' id='word_1_182' title='bbox 3055 1217 3217 1268; x_wconf 88' lang='lat' dir='ltr'>notat</span> <span class='ocrx_word' id='word_1_183' title='bbox 3239 1211 3677 1283; x_wconf 85' lang='lat' dir='ltr'>separationem</span> <span class='ocrx_word' id='word_1_184' title='bbox 3696 1229 3806 1268; x_wconf 87' lang='lat' dir='ltr'>om-</span> 
     </span>
    </p>
   </div>
   <div class='ocr_carea' id='block_1_25' title="bbox 2160 1299 3803 1363">
    <p class='ocr_par' dir='ltr' id='par_1_25' title="bbox 2160 1299 3803 1363">
     <span class='ocr_line' id='line_1_25' title="bbox 2160 1299 3803 1363; baseline 0 -7"><span class='ocrx_word' id='word_1_185' title='bbox 2160 1303 2320 1356; x_wconf 90' lang='lat' dir='ltr'>nium</span> <span class='ocrx_word' id='word_1_186' title='bbox 2353 1301 2697 1363; x_wconf 81' lang='lat' dir='ltr'>carnalium.</span> <span class='ocrx_word' id='word_1_187' title='bbox 2723 1300 2960 1357; x_wconf 81' lang='lat' dir='ltr'>Chordae</span> <span class='ocrx_word' id='word_1_188' title='bbox 2993 1305 3187 1356; x_wconf 90' lang='lat' dir='ltr'>autem</span> <span class='ocrx_word' id='word_1_189' title='bbox 3216 1299 3357 1355; x_wconf 91' lang='lat' dir='ltr'>illud</span> <span class='ocrx_word' id='word_1_190' title='bbox 3393 1301 3548 1355; x_wconf 91' lang='lat' dir='ltr'>idem</span> <span class='ocrx_word' id='word_1_191' title='bbox 3578 1301 3637 1355; x_wconf 89' lang='lat' dir='ltr'>in</span> <span class='ocrx_word' id='word_1_192' title='bbox 3671 1317 3803 1356; x_wconf 89' lang='lat' dir='ltr'>con-</span> 
     </span>
    </p>
   </div>
   <div class='ocr_carea' id='block_1_26' title="bbox 2161 1389 3802 1463">
    <p class='ocr_par' dir='ltr' id='par_1_26' title="bbox 2161 1389 3802 1463">
     <span class='ocr_line' id='line_1_26' title="bbox 2161 1389 3802 1463; baseline 0 -17"><span class='ocrx_word' id='word_1_193' title='bbox 2161 1391 2376 1458; x_wconf 88' lang='lat' dir='ltr'>cordia,</span> <span class='ocrx_word' id='word_1_194' title='bbox 2405 1395 2461 1446; x_wconf 90' lang='lat' dir='ltr'>et</span> <span class='ocrx_word' id='word_1_195' title='bbox 2491 1390 2645 1463; x_wconf 85' lang='lat' dir='ltr'>plus,</span> <span class='ocrx_word' id='word_1_196' title='bbox 2681 1389 2949 1446; x_wconf 88' lang='lat' dir='ltr'>videlicet</span> <span class='ocrx_word' id='word_1_197' title='bbox 2978 1389 3269 1461; x_wconf 91' lang='lat' dir='ltr'>quomodo</span> <span class='ocrx_word' id='word_1_198' title='bbox 3301 1390 3373 1446; x_wconf 91' lang='lat' dir='ltr'>ad</span> <span class='ocrx_word' id='word_1_199' title='bbox 3415 1390 3473 1445; x_wconf 89' lang='lat' dir='ltr'>id</span> <span class='ocrx_word' id='word_1_200' title='bbox 3506 1391 3802 1461; x_wconf 82' lang='lat' dir='ltr'>pervenia-</span> 
     </span>
    </p>
   </div>
   <div class='ocr_carea' id='block_1_27' title="bbox 2162 1479 3805 1549">
    <p class='ocr_par' dir='ltr' id='par_1_27' title="bbox 2162 1479 3805 1549">
     <span class='ocr_line' id='line_1_27' title="bbox 2162 1479 3805 1549; baseline 0 -14"><span class='ocrx_word' id='word_1_201' title='bbox 2162 1485 2255 1536; x_wconf 89' lang='lat' dir='ltr'>tur</span> <span class='ocrx_word' id='word_1_202' title='bbox 2289 1497 2300 1536; x_wconf 91' lang='lat'><strong>:</strong></span> <span class='ocrx_word' id='word_1_203' title='bbox 2343 1488 2393 1537; x_wconf 77' lang='lat' dir='ltr'>et</span> <span class='ocrx_word' id='word_1_204' title='bbox 2425 1479 2649 1535; x_wconf 82' lang='lat' dir='ltr'>laudate</span> <span class='ocrx_word' id='word_1_205' title='bbox 2677 1495 2802 1535; x_wconf 85' lang='lat' dir='ltr'>eam</span> <span class='ocrx_word' id='word_1_206' title='bbox 2831 1481 2891 1534; x_wconf 85' lang='lat' dir='ltr'>in</span> <span class='ocrx_word' id='word_1_207' title='bbox 2921 1495 3145 1549; x_wconf 84' lang='lat' dir='ltr'>organo,</span> <span class='ocrx_word' id='word_1_208' title='bbox 3181 1479 3239 1533; x_wconf 90' lang='lat' dir='ltr'>id</span> <span class='ocrx_word' id='word_1_209' title='bbox 3270 1481 3379 1545; x_wconf 88' lang='lat' dir='ltr'>est,</span> <span class='ocrx_word' id='word_1_210' title='bbox 3408 1479 3468 1534; x_wconf 90' lang='lat' dir='ltr'>in</span> <span class='ocrx_word' id='word_1_211' title='bbox 3499 1480 3805 1535; x_wconf 87' lang='lat' dir='ltr'>concordia</span> 
     </span>
    </p>
   </div>
   <div class='ocr_carea' id='block_1_28' title="bbox 2160 1567 3802 1640">
    <p class='ocr_par' dir='ltr' id='par_1_28' title="bbox 2160 1567 3802 1640">
     <span class='ocr_line' id='line_1_28' title="bbox 2160 1567 3802 1640; baseline -0.001 -16"><span class='ocrx_word' id='word_1_212' title='bbox 2160 1570 2522 1625; x_wconf 90' lang='lat' dir='ltr'>diversorum</span> <span class='ocrx_word' id='word_1_213' title='bbox 2555 1569 2997 1640; x_wconf 69' lang='lat' dir='ltr'>donorum,quze</span> <span class='ocrx_word' id='word_1_214' title='bbox 3029 1567 3165 1623; x_wconf 91' lang='lat' dir='ltr'>licet</span> <span class='ocrx_word' id='word_1_215' title='bbox 3194 1567 3422 1622; x_wconf 88' lang='lat' dir='ltr'>diversa</span> <span class='ocrx_word' id='word_1_216' title='bbox 3450 1567 3802 1632; x_wconf 85' lang='lat' dir='ltr'>sint,unani-</span> 
     </span>
    </p>
   </div>
   <div class='ocr_carea' id='block_1_29' title="bbox 2163 1655 3800 1729">
    <p class='ocr_par' dir='ltr' id='par_1_29' title="bbox 2163 1655 3800 1729">
     <span class='ocr_line' id='line_1_29' title="bbox 2163 1655 3800 1729; baseline -0.001 -16"><span class='ocrx_word' id='word_1_217' title='bbox 2163 1659 2337 1714; x_wconf 88' lang='lat' dir='ltr'>miter</span> <span class='ocrx_word' id='word_1_218' title='bbox 2367 1661 2560 1713; x_wconf 90' lang='lat' dir='ltr'>tamen</span> <span class='ocrx_word' id='word_1_219' title='bbox 2593 1662 2648 1712; x_wconf 90' lang='lat' dir='ltr'>et</span> <span class='ocrx_word' id='word_1_220' title='bbox 2678 1657 2803 1712; x_wconf 89' lang='lat' dir='ltr'>sine</span> <span class='ocrx_word' id='word_1_221' title='bbox 2830 1657 3048 1711; x_wconf 89' lang='lat' dir='ltr'>invidia</span> <span class='ocrx_word' id='word_1_222' title='bbox 3095 1655 3312 1729; x_wconf 85' lang='lat' dir='ltr'>singuli</span> <span class='ocrx_word' id='word_1_223' title='bbox 3365 1674 3484 1712; x_wconf 87' lang='lat' dir='ltr'>eam</span> <span class='ocrx_word' id='word_1_224' title='bbox 3532 1658 3800 1728; x_wconf 86' lang='lat' dir='ltr'>posside-</span> 
     </span>
    </p>
   </div>
   <div class='ocr_carea' id='block_1_30' title="bbox 2161 1744 3804 1817">
    <p class='ocr_par' dir='ltr' id='par_1_30' title="bbox 2161 1744 3804 1817">
     <span class='ocr_line' id='line_1_30' title="bbox 2161 1744 3804 1817; baseline -0.001 -15"><span class='ocrx_word' id='word_1_225' title='bbox 2161 1749 2326 1802; x_wconf 93' lang='lat' dir='ltr'>bunt.</span> <span class='ocrx_word' id='word_1_226' title='bbox 2363 1747 2430 1801; x_wconf 83' lang='lat' dir='ltr'>Et</span> <span class='ocrx_word' id='word_1_227' title='bbox 2460 1751 2548 1802; x_wconf 89' lang='lat' dir='ltr'>est</span> <span class='ocrx_word' id='word_1_228' title='bbox 2573 1747 2795 1801; x_wconf 88' lang='lat' dir='ltr'>dictum</span> <span class='ocrx_word' id='word_1_229' title='bbox 2826 1763 2859 1800; x_wconf 88' lang='lat' dir='ltr'>a</span> <span class='ocrx_word' id='word_1_230' title='bbox 2892 1744 3278 1800; x_wconf 88' lang='lat' dir='ltr'>similitudine</span> <span class='ocrx_word' id='word_1_231' title='bbox 3299 1744 3580 1817; x_wconf 90' lang='lat' dir='ltr'>organi,in</span> <span class='ocrx_word' id='word_1_232' title='bbox 3603 1762 3718 1816; x_wconf 90' lang='lat' dir='ltr'>quo</span> <span class='ocrx_word' id='word_1_233' title='bbox 3743 1750 3804 1800; x_wconf 85' lang='lat' dir='ltr'>et</span> 
     </span>
    </p>
   </div>
   <div class='ocr_carea' id='block_1_31' title="bbox 406 1831 3801 1934">
    <p class='ocr_par' dir='ltr' id='par_1_31' title="bbox 406 1831 3801 1934">
     <span class='ocr_line' id='line_1_31' title="bbox 406 1831 3801 1934; baseline 0.001 -48"><span class='ocrx_word' id='word_1_234' title='bbox 406 1848 545 1886; x_wconf 89' lang='lat' dir='ltr'>suos</span> <span class='ocrx_word' id='word_1_235' title='bbox 575 1831 656 1886; x_wconf 92' lang='lat' dir='ltr'>ita</span> <span class='ocrx_word' id='word_1_236' title='bbox 685 1831 1054 1887; x_wconf 86' lang='lat' dir='ltr'>conﬁrmabit</span> <span class='ocrx_word' id='word_1_237' title='bbox 1084 1832 1142 1887; x_wconf 91' lang='lat' dir='ltr'>in</span> <span class='ocrx_word' id='word_1_238' title='bbox 1172 1833 1405 1899; x_wconf 88' lang='lat' dir='ltr'>virtute,</span> <span class='ocrx_word' id='word_1_239' title='bbox 1441 1837 1505 1886; x_wconf 91' lang='lat' dir='ltr'>ut</span> <span class='ocrx_word' id='word_1_240' title='bbox 1536 1832 1779 1886; x_wconf 89' lang='lat' dir='ltr'>ulterius</span> <span class='ocrx_word' id='word_1_241' title='bbox 1815 1848 2052 1903; x_wconf 88' lang='lat' dir='ltr'>peccare</span> <span class='ocrx_word' id='word_1_242' title='bbox 2081 1871 2128 1934; x_wconf 80' lang='grc' dir='ltr'><strong>Β</strong></span> <span class='ocrx_word' id='word_1_243' title='bbox 2161 1837 2400 1891; x_wconf 82' lang='lat' dir='ltr'>diversae</span> <span class='ocrx_word' id='word_1_244' title='bbox 2432 1835 2640 1890; x_wconf 74' lang='lat' dir='ltr'>fistulae</span> <span class='ocrx_word' id='word_1_245' title='bbox 2672 1837 2831 1901; x_wconf 89' lang='lat' dir='ltr'>sunt,</span> <span class='ocrx_word' id='word_1_246' title='bbox 2875 1837 2932 1888; x_wconf 88' lang='lat' dir='ltr'>et</span> <span class='ocrx_word' id='word_1_247' title='bbox 2975 1838 3171 1888; x_wconf 86' lang='lat' dir='ltr'>tamen</span> <span class='ocrx_word' id='word_1_248' title='bbox 3204 1833 3262 1887; x_wconf 92' lang='lat' dir='ltr'>in</span> <span class='ocrx_word' id='word_1_249' title='bbox 3294 1850 3436 1888; x_wconf 90' lang='lat' dir='ltr'>sono</span> <span class='ocrx_word' id='word_1_250' title='bbox 3469 1851 3581 1888; x_wconf 91' lang='lat' dir='ltr'>non</span> <span class='ocrx_word' id='word_1_251' title='bbox 3611 1834 3801 1888; x_wconf 76' lang='lat' dir='ltr'>disso-</span> 
     </span>
    </p>
   </div>
   <div class='ocr_carea' id='block_1_32' title="bbox 406 1919 2047 1993">
    <p class='ocr_par' dir='ltr' id='par_1_32' title="bbox 406 1919 2047 1993">
     <span class='ocr_line' id='line_1_32' title="bbox 406 1919 2047 1993; baseline -0.001 -19"><span class='ocrx_word' id='word_1_252' title='bbox 406 1937 522 1975; x_wconf 91' lang='lat' dir='ltr'>non</span> <span class='ocrx_word' id='word_1_253' title='bbox 553 1920 801 1992; x_wconf 88' lang='lat' dir='ltr'>possint.</span> <span class='ocrx_word' id='word_1_254' title='bbox 836 1921 902 1975; x_wconf 89' lang='lat' dir='ltr'>Et</span> <span class='ocrx_word' id='word_1_255' title='bbox 935 1937 1008 1976; x_wconf 88' lang='lat' dir='ltr'>ne</span> <span class='ocrx_word' id='word_1_256' title='bbox 1036 1919 1251 1993; x_wconf 87' lang='lat' dir='ltr'>aliquis</span> <span class='ocrx_word' id='word_1_257' title='bbox 1282 1926 1512 1993; x_wconf 88' lang='lat' dir='ltr'>putaret</span> <span class='ocrx_word' id='word_1_258' title='bbox 1540 1920 1670 1976; x_wconf 93' lang='lat' dir='ltr'>illos</span> <span class='ocrx_word' id='word_1_259' title='bbox 1698 1921 2047 1975; x_wconf 78' lang='lat' dir='ltr'>confirman-</span> 
     </span>
    </p>
   </div>
   <div class='ocr_carea' id='block_1_33' title="bbox 406 2008 2051 2077">
    <p class='ocr_par' dir='ltr' id='par_1_33' title="bbox 406 2008 2051 2077">
     <span class='ocr_line' id='line_1_33' title="bbox 406 2008 2051 2077; baseline 0.001 -14"><span class='ocrx_word' id='word_1_260' title='bbox 406 2009 512 2063; x_wconf 86' lang='lat' dir='ltr'>dos</span> <span class='ocrx_word' id='word_1_261' title='bbox 543 2024 670 2064; x_wconf 84' lang='lat' dir='ltr'>esse</span> <span class='ocrx_word' id='word_1_262' title='bbox 699 2008 757 2064; x_wconf 91' lang='lat' dir='ltr'>in</span> <span class='ocrx_word' id='word_1_263' title='bbox 792 2025 910 2064; x_wconf 90' lang='lat' dir='ltr'>una</span> <span class='ocrx_word' id='word_1_264' title='bbox 938 2009 1150 2064; x_wconf 83' lang='lat' dir='ltr'>virtute</span> <span class='ocrx_word' id='word_1_265' title='bbox 1178 2009 1635 2077; x_wconf 87' lang='lat' dir='ltr'>tantum,addit:</span> <span class='ocrx_word' id='word_1_266' title='bbox 1664 2010 1908 2064; x_wconf 79' lang='lat' dir='ltr'>Laudato</span> <span class='ocrx_word' id='word_1_267' title='bbox 1926 2026 2051 2064; x_wconf 85' lang='lat' dir='ltr'>eum</span> 
     </span>
    </p>
   </div>
   <div class='ocr_carea' id='block_1_34' title="bbox 406 2097 2049 2170">
    <p class='ocr_par' dir='ltr' id='par_1_34' title="bbox 406 2097 2049 2170">
     <span class='ocr_line' id='line_1_34' title="bbox 406 2097 2049 2170; baseline -0.001 -18"><span class='ocrx_word' id='word_1_268' title='bbox 406 2098 467 2152; x_wconf 88' lang='lat' dir='ltr'>in</span> <span class='ocrx_word' id='word_1_269' title='bbox 491 2098 784 2152; x_wconf 82' lang='lat' dir='ltr'>virtutibus</span> <span class='ocrx_word' id='word_1_270' title='bbox 813 2097 949 2168; x_wconf 76' lang='lat' dir='ltr'>ejus,</span> <span class='ocrx_word' id='word_1_271' title='bbox 981 2097 1040 2152; x_wconf 92' lang='lat' dir='ltr'>id</span> <span class='ocrx_word' id='word_1_272' title='bbox 1072 2098 1246 2164; x_wconf 91' lang='lat' dir='ltr'>est,in</span> <span class='ocrx_word' id='word_1_273' title='bbox 1277 2097 1740 2153; x_wconf 87' lang='lat' dir='ltr'>consideratione</span> <span class='ocrx_word' id='word_1_274' title='bbox 1769 2097 2049 2170; x_wconf 88' lang='lat' dir='ltr'>multipli-</span> 
     </span>
    </p>
   </div>
   <div class='ocr_carea' id='block_1_35' title="bbox 405 2183 2048 2258">
    <p class='ocr_par' dir='ltr' id='par_1_35' title="bbox 405 2183 2048 2258">
     <span class='ocr_line' id='line_1_35' title="bbox 405 2183 2048 2258; baseline -0.001 -18"><span class='ocrx_word' id='word_1_275' title='bbox 405 2184 559 2240; x_wconf 90' lang='lat' dir='ltr'>cium</span> <span class='ocrx_word' id='word_1_276' title='bbox 591 2184 896 2252; x_wconf 90' lang='lat' dir='ltr'>virtutum,</span> <span class='ocrx_word' id='word_1_277' title='bbox 938 2183 996 2239; x_wconf 94' lang='lat' dir='ltr'>in</span> <span class='ocrx_word' id='word_1_278' title='bbox 1039 2184 1255 2255; x_wconf 91' lang='lat' dir='ltr'>quibus</span> <span class='ocrx_word' id='word_1_279' title='bbox 1302 2186 1488 2241; x_wconf 89' lang='lat' dir='ltr'>sancti</span> <span class='ocrx_word' id='word_1_280' title='bbox 1520 2190 1691 2240; x_wconf 90' lang='lat' dir='ltr'>erunt</span> <span class='ocrx_word' id='word_1_281' title='bbox 1720 2185 2048 2258; x_wconf 82' lang='lat' dir='ltr'>glorificati,</span> 
     </span>
    </p>
   </div>
   <div class='ocr_carea' id='block_1_36' title="bbox 405 2273 2051 2331">
    <p class='ocr_par' dir='ltr' id='par_1_36' title="bbox 405 2273 2051 2331">
     <span class='ocr_line' id='line_1_36' title="bbox 405 2273 2051 2331; baseline -0.001 -1"><span class='ocrx_word' id='word_1_282' title='bbox 405 2273 691 2330; x_wconf 88' lang='lat' dir='ltr'>subaudis</span> <span class='ocrx_word' id='word_1_283' title='bbox 723 2274 1048 2330; x_wconf 89' lang='lat' dir='ltr'>secundum</span> <span class='ocrx_word' id='word_1_284' title='bbox 1080 2273 1661 2330; x_wconf 83' lang='lat' dir='ltr'>animam.«Laudate</span> <span class='ocrx_word' id='word_1_285' title='bbox 1683 2291 1815 2330; x_wconf 88' lang='lat' dir='ltr'>eum</span> <span class='ocrx_word' id='word_1_286' title='bbox 1849 2291 2051 2331; x_wconf 83' lang='lat' dir='ltr'>secun-</span> 
     </span>
    </p>
   </div>
   <div class='ocr_carea' id='block_1_37' title="bbox 403 2361 2046 2436">
    <p class='ocr_par' dir='ltr' id='par_1_37' title="bbox 403 2361 2046 2436">
     <span class='ocr_line' id='line_1_37' title="bbox 403 2361 2046 2436; baseline 0.001 -19"><span class='ocrx_word' id='word_1_287' title='bbox 403 2363 545 2417; x_wconf 91' lang='lat' dir='ltr'>dum</span> <span class='ocrx_word' id='word_1_288' title='bbox 573 2361 1012 2418; x_wconf 89' lang='lat' dir='ltr'>multitudinem</span> <span class='ocrx_word' id='word_1_289' title='bbox 1045 2363 1470 2436; x_wconf 87' lang='lat' dir='ltr'>magnitudinis</span> <span class='ocrx_word' id='word_1_290' title='bbox 1501 2365 1648 2436; x_wconf 89' lang='lat' dir='ltr'>ejus,</span> <span class='ocrx_word' id='word_1_291' title='bbox 1680 2385 1707 2414; x_wconf 88' lang='lat'><strong>»</strong></span> <span class='ocrx_word' id='word_1_292' title='bbox 1736 2363 1793 2418; x_wconf 91' lang='lat' dir='ltr'>id</span> <span class='ocrx_word' id='word_1_293' title='bbox 1817 2369 1924 2430; x_wconf 87' lang='lat' dir='ltr'>est,</span> <span class='ocrx_word' id='word_1_294' title='bbox 1959 2381 2046 2420; x_wconf 92' lang='lat' dir='ltr'>se-</span> 
     </span>
    </p>
   </div>
   <div class='ocr_carea' id='block_1_38' title="bbox 402 2451 2047 2525">
    <p class='ocr_par' dir='ltr' id='par_1_38' title="bbox 402 2451 2047 2525">
     <span class='ocr_line' id='line_1_38' title="bbox 402 2451 2047 2525; baseline 0 -19"><span class='ocrx_word' id='word_1_295' title='bbox 402 2452 662 2506; x_wconf 87' lang='lat' dir='ltr'>cundum</span> <span class='ocrx_word' id='word_1_296' title='bbox 696 2451 1080 2523; x_wconf 87' lang='lat' dir='ltr'>multiplicem</span> <span class='ocrx_word' id='word_1_297' title='bbox 1111 2451 1748 2525; x_wconf 84' lang='lat' dir='ltr'>gloriﬁcationem,qua</span> <span class='ocrx_word' id='word_1_298' title='bbox 1781 2453 2047 2525; x_wconf 81' lang='lat' dir='ltr'>magnifi-</span> 
     </span>
    </p>
   </div>
   <div class='ocr_carea' id='block_1_39' title="bbox 404 2540 2047 2612">
    <p class='ocr_par' dir='ltr' id='par_1_39' title="bbox 404 2540 2047 2612">
     <span class='ocr_line' id='line_1_39' title="bbox 404 2540 2047 2612; baseline 0.001 -18"><span class='ocrx_word' id='word_1_299' title='bbox 404 2540 516 2594; x_wconf 89' lang='lat' dir='ltr'>cati</span> <span class='ocrx_word' id='word_1_300' title='bbox 547 2543 718 2594; x_wconf 90' lang='lat' dir='ltr'>erunt</span> <span class='ocrx_word' id='word_1_301' title='bbox 746 2540 805 2594; x_wconf 90' lang='lat' dir='ltr'>in</span> <span class='ocrx_word' id='word_1_302' title='bbox 839 2557 1095 2612; x_wconf 88' lang='lat' dir='ltr'>corpore,</span> <span class='ocrx_word' id='word_1_303' title='bbox 1127 2541 1394 2598; x_wconf 83' lang='lat' dir='ltr'>videlicet</span> <span class='ocrx_word' id='word_1_304' title='bbox 1444 2543 1768 2598; x_wconf 88' lang='lat' dir='ltr'>secundum</span> <span class='ocrx_word' id='word_1_305' title='bbox 1803 2543 2047 2597; x_wconf 90' lang='lat' dir='ltr'>nimiam</span> 
     </span>
    </p>
   </div>
   <div class='ocr_carea' id='block_1_40' title="bbox 405 2626 2050 2702">
    <p class='ocr_par' dir='ltr' id='par_1_40' title="bbox 405 2626 2050 2702">
     <span class='ocr_line' id='line_1_40' title="bbox 405 2626 2050 2702; baseline 0.001 -22"><span class='ocrx_word' id='word_1_306' title='bbox 405 2626 726 2697; x_wconf 87' lang='lat' dir='ltr'>agilitatem</span> <span class='ocrx_word' id='word_1_307' title='bbox 753 2631 809 2682; x_wconf 92' lang='lat' dir='ltr'>et</span> <span class='ocrx_word' id='word_1_308' title='bbox 838 2629 1107 2684; x_wconf 91' lang='lat' dir='ltr'>decorem</span> <span class='ocrx_word' id='word_1_309' title='bbox 1136 2628 1326 2699; x_wconf 90' lang='lat' dir='ltr'>ipsius</span> <span class='ocrx_word' id='word_1_310' title='bbox 1356 2630 1616 2702; x_wconf 89' lang='lat' dir='ltr'>corporis</span> <span class='ocrx_word' id='word_1_311' title='bbox 1641 2634 1698 2685; x_wconf 90' lang='lat' dir='ltr'>et</span> <span class='ocrx_word' id='word_1_312' title='bbox 1718 2629 2050 2701; x_wconf 89' lang='lat' dir='ltr'>impassibi-</span> 
     </span>
    </p>
   </div>
   <div class='ocr_carea' id='block_1_41' title="bbox 405 2713 2050 2790">
    <p class='ocr_par' dir='ltr' id='par_1_41' title="bbox 405 2713 2050 2790">
     <span class='ocr_line' id='line_1_41' title="bbox 405 2713 2050 2790; baseline 0.002 -21"><span class='ocrx_word' id='word_1_313' title='bbox 405 2713 632 2770; x_wconf 89' lang='lat' dir='ltr'>Iitatem</span> <span class='ocrx_word' id='word_1_314' title='bbox 663 2719 720 2770; x_wconf 90' lang='lat' dir='ltr'>et</span> <span class='ocrx_word' id='word_1_315' title='bbox 749 2714 936 2771; x_wconf 89' lang='lat' dir='ltr'>multa</span> <span class='ocrx_word' id='word_1_316' title='bbox 965 2715 1079 2772; x_wconf 86' lang='lat' dir='ltr'>alia</span> <span class='ocrx_word' id='word_1_317' title='bbox 1113 2734 1125 2772; x_wconf 92' lang='lat'><strong>:</strong></span> <span class='ocrx_word' id='word_1_318' title='bbox 1159 2718 1323 2772; x_wconf 86' lang='lat' dir='ltr'>Modo</span> <span class='ocrx_word' id='word_1_319' title='bbox 1353 2718 1694 2790; x_wconf 88' lang='lat' dir='ltr'>exsequitur</span> <span class='ocrx_word' id='word_1_320' title='bbox 1721 2735 1825 2789; x_wconf 87' lang='lat' dir='ltr'>per</span> <span class='ocrx_word' id='word_1_321' title='bbox 1854 2723 2050 2788; x_wconf 87' lang='lat' dir='ltr'>partes</span> 
     </span>
    </p>
   </div>
   <div class='ocr_carea' id='block_1_42' title="bbox 403 2801 2051 2876">
    <p class='ocr_par' dir='ltr' id='par_1_42' title="bbox 403 2801 2051 2876">
     <span class='ocr_line' id='line_1_42' title="bbox 403 2801 2051 2876; baseline 0.002 -20"><span class='ocrx_word' id='word_1_322' title='bbox 403 2801 566 2859; x_wconf 90' lang='lat' dir='ltr'>illam</span> <span class='ocrx_word' id='word_1_323' title='bbox 599 2804 855 2876; x_wconf 90' lang='lat' dir='ltr'>corporis</span> <span class='ocrx_word' id='word_1_324' title='bbox 887 2804 1331 2872; x_wconf 85' lang='lat' dir='ltr'>beatitudinem,</span> <span class='ocrx_word' id='word_1_325' title='bbox 1362 2805 1446 2860; x_wconf 93' lang='lat' dir='ltr'>ita</span> <span class='ocrx_word' id='word_1_326' title='bbox 1497 2822 1508 2860; x_wconf 92' lang='lat'><strong>:</strong></span> <span class='ocrx_word' id='word_1_327' title='bbox 1563 2805 1806 2860; x_wconf 86' lang='lat' dir='ltr'>Laudate</span> <span class='ocrx_word' id='word_1_328' title='bbox 1836 2821 1958 2861; x_wconf 85' lang='lat' dir='ltr'>eum</span> <span class='ocrx_word' id='word_1_329' title='bbox 1989 2806 2051 2860; x_wconf 89' lang='lat' dir='ltr'>in</span> 
     </span>
    </p>
   </div>
   <div class='ocr_carea' id='block_1_43' title="bbox 404 2893 2048 2965">
    <p class='ocr_par' dir='ltr' id='par_1_43' title="bbox 404 2893 2048 2965">
     <span class='ocr_line' id='line_1_43' title="bbox 404 2893 2048 2965; baseline 0 -18"><span class='ocrx_word' id='word_1_330' title='bbox 404 2909 535 2948; x_wconf 77' lang='lat' dir='ltr'>sono</span> <span class='ocrx_word' id='word_1_331' title='bbox 575 2893 741 2959; x_wconf 65' lang='lat' dir='ltr'>tabat,</span> <span class='ocrx_word' id='word_1_332' title='bbox 773 2893 830 2947; x_wconf 92' lang='lat' dir='ltr'>id</span> <span class='ocrx_word' id='word_1_333' title='bbox 887 2897 995 2960; x_wconf 91' lang='lat' dir='ltr'>est,</span> <span class='ocrx_word' id='word_1_334' title='bbox 1047 2893 1510 2949; x_wconf 89' lang='lat' dir='ltr'>consideratione</span> <span class='ocrx_word' id='word_1_335' title='bbox 1569 2893 1727 2948; x_wconf 91' lang='lat' dir='ltr'>illius</span> <span class='ocrx_word' id='word_1_336' title='bbox 1786 2893 2048 2965; x_wconf 71' lang='lat' dir='ltr'>perfectae</span> 
     </span>
    </p>
   </div>
   <div class='ocr_carea' id='block_1_44' title="bbox 403 2980 2050 3053">
    <p class='ocr_par' dir='ltr' id='par_1_44' title="bbox 403 2980 2050 3053">
     <span class='ocr_line' id='line_1_44' title="bbox 403 2980 2050 3053; baseline 0.002 -18"><span class='ocrx_word' id='word_1_337' title='bbox 403 2980 679 3053; x_wconf 66' lang='lat' dir='ltr'>victoriae,</span> <span class='ocrx_word' id='word_1_338' title='bbox 713 2981 949 3053; x_wconf 85' lang='lat' dir='ltr'>quando</span> <span class='ocrx_word' id='word_1_339' title='bbox 993 2985 1050 3036; x_wconf 90' lang='lat' dir='ltr'>et</span> <span class='ocrx_word' id='word_1_340' title='bbox 1101 2981 1304 3036; x_wconf 89' lang='lat' dir='ltr'>mortis</span> <span class='ocrx_word' id='word_1_341' title='bbox 1351 2986 1408 3036; x_wconf 90' lang='lat' dir='ltr'>et</span> <span class='ocrx_word' id='word_1_342' title='bbox 1455 2981 1648 3037; x_wconf 90' lang='lat' dir='ltr'>omnis</span> <span class='ocrx_word' id='word_1_343' title='bbox 1697 2981 2050 3038; x_wconf 90' lang='lat' dir='ltr'>calamitatis</span> 
     </span>
    </p>
   </div>
   <div class='ocr_carea' id='block_1_45' title="bbox 401 3069 2050 3141">
    <p class='ocr_par' dir='ltr' id='par_1_45' title="bbox 401 3069 2050 3141">
     <span class='ocr_line' id='line_1_45' title="bbox 401 3069 2050 3141; baseline 0.001 -16"><span class='ocrx_word' id='word_1_344' title='bbox 401 3069 550 3125; x_wconf 84' lang='lat' dir='ltr'>fines</span> <span class='ocrx_word' id='word_1_345' title='bbox 575 3074 765 3124; x_wconf 88' lang='lat' dir='ltr'>erunt.</span> <span class='ocrx_word' id='word_1_346' title='bbox 797 3069 961 3126; x_wconf 92' lang='lat' dir='ltr'>Unde</span> <span class='ocrx_word' id='word_1_347' title='bbox 988 3069 1212 3125; x_wconf 90' lang='lat' dir='ltr'>dictum</span> <span class='ocrx_word' id='word_1_348' title='bbox 1257 3075 1346 3126; x_wconf 89' lang='lat' dir='ltr'>est</span> <span class='ocrx_word' id='word_1_349' title='bbox 1381 3087 1394 3125; x_wconf 91' lang='lat'><strong>:</strong></span> <span class='ocrx_word' id='word_1_350' title='bbox 1429 3094 1456 3121; x_wconf 92' lang='grc'>‹‹</span> <span class='ocrx_word' id='word_1_351' title='bbox 1489 3069 1599 3126; x_wconf 91' lang='lat' dir='ltr'>Ubi</span> <span class='ocrx_word' id='word_1_352' title='bbox 1645 3075 1733 3127; x_wconf 91' lang='lat' dir='ltr'>est</span> <span class='ocrx_word' id='word_1_353' title='bbox 1762 3087 1941 3141; x_wconf 89' lang='lat' dir='ltr'>mors,</span> <span class='ocrx_word' id='word_1_354' title='bbox 1966 3071 2050 3126; x_wconf 89' lang='lat' dir='ltr'>vi-</span> 
     </span>
    </p>
   </div>
   <div class='ocr_carea' id='block_1_46' title="bbox 405 3157 2048 3232">
    <p class='ocr_par' dir='ltr' id='par_1_46' title="bbox 405 3157 2048 3232">
     <span class='ocr_line' id='line_1_46' title="bbox 405 3157 2048 3232; baseline -0.002 -19"><span class='ocrx_word' id='word_1_355' title='bbox 405 3158 588 3213; x_wconf 90' lang='lat' dir='ltr'>ctoria</span> <span class='ocrx_word' id='word_1_356' title='bbox 615 3158 756 3214; x_wconf 82' lang='lat' dir='ltr'>tua?</span> <span class='ocrx_word' id='word_1_357' title='bbox 779 3159 880 3214; x_wconf 92' lang='lat' dir='ltr'>ubi</span> <span class='ocrx_word' id='word_1_358' title='bbox 915 3175 1095 3226; x_wconf 89' lang='lat' dir='ltr'>mors,</span> <span class='ocrx_word' id='word_1_359' title='bbox 1136 3157 1372 3214; x_wconf 90' lang='lat' dir='ltr'>aculeus</span> <span class='ocrx_word' id='word_1_360' title='bbox 1426 3158 1608 3214; x_wconf 87' lang='lat' dir='ltr'>tuus?</span> <span class='ocrx_word' id='word_1_361' title='bbox 1638 3160 1684 3231; x_wconf 92' lang='lat' dir='ltr'><strong>(I</strong></span> <span class='ocrx_word' id='word_1_362' title='bbox 1713 3159 1835 3214; x_wconf 85' lang='lat' dir='ltr'>Cor.</span> <span class='ocrx_word' id='word_1_363' title='bbox 1868 3161 1984 3232; x_wconf 86' lang='lat' dir='ltr'>xv.)</span> <span class='ocrx_word' id='word_1_364' title='bbox 2020 3182 2048 3209; x_wconf 85' lang='lat'><strong>»</strong></span> 
     </span>
    </p>
   </div>
   <div class='ocr_carea' id='block_1_47' title="bbox 402 3234 2125 3320">
    <p class='ocr_par' dir='ltr' id='par_1_47' title="bbox 402 3234 2125 3320">
     <span class='ocr_line' id='line_1_47' title="bbox 402 3234 2125 3320; baseline -0.001 -18"><span class='ocrx_word' id='word_1_365' title='bbox 402 3247 466 3303; x_wconf 89' lang='lat' dir='ltr'><strong>In</strong></span> <span class='ocrx_word' id='word_1_366' title='bbox 498 3246 787 3320; x_wconf 88' lang='lat' dir='ltr'>principio</span> <span class='ocrx_word' id='word_1_367' title='bbox 835 3247 970 3303; x_wconf 92' lang='lat' dir='ltr'>belli</span> <span class='ocrx_word' id='word_1_368' title='bbox 995 3253 1053 3304; x_wconf 89' lang='lat' dir='ltr'>et</span> <span class='ocrx_word' id='word_1_369' title='bbox 1071 3247 1131 3303; x_wconf 89' lang='lat' dir='ltr'>in</span> <span class='ocrx_word' id='word_1_370' title='bbox 1155 3248 1269 3304; x_wconf 81' lang='lat' dir='ltr'>fine</span> <span class='ocrx_word' id='word_1_371' title='bbox 1297 3249 1440 3304; x_wconf 88' lang='lat' dir='ltr'>tuba</span> <span class='ocrx_word' id='word_1_372' title='bbox 1478 3247 1708 3304; x_wconf 91' lang='lat' dir='ltr'>canitur</span> <span class='ocrx_word' id='word_1_373' title='bbox 1744 3265 1756 3303; x_wconf 93' lang='lat'><strong>:</strong></span> <span class='ocrx_word' id='word_1_374' title='bbox 1797 3249 1925 3304; x_wconf 90' lang='lat' dir='ltr'>ideo</span> <span class='ocrx_word' id='word_1_375' title='bbox 1957 3249 2051 3306; x_wconf 87' lang='lat' dir='ltr'>hic</span> <span class='ocrx_word' id='word_1_376' title='bbox 2083 3234 2125 3301; x_wconf 86' lang='lat' dir='ltr'>C</span> 
     </span>
    </p>
   </div>
   <div class='ocr_carea' id='block_1_48' title="bbox 401 3335 2051 3410">
    <p class='ocr_par' dir='ltr' id='par_1_48' title="bbox 401 3335 2051 3410">
     <span class='ocr_line' id='line_1_48' title="bbox 401 3335 2051 3410; baseline 0.002 -18"><span class='ocrx_word' id='word_1_377' title='bbox 401 3352 505 3410; x_wconf 90' lang='lat' dir='ltr'>pro</span> <span class='ocrx_word' id='word_1_378' title='bbox 535 3335 777 3393; x_wconf 84' lang='lat' dir='ltr'>victoria</span> <span class='ocrx_word' id='word_1_379' title='bbox 806 3336 1061 3410; x_wconf 90' lang='lat' dir='ltr'>ponitur,</span> <span class='ocrx_word' id='word_1_380' title='bbox 1107 3336 1350 3394; x_wconf 80' lang='lat' dir='ltr'>Laudato</span> <span class='ocrx_word' id='word_1_381' title='bbox 1396 3353 1522 3394; x_wconf 87' lang='lat' dir='ltr'>eam</span> <span class='ocrx_word' id='word_1_382' title='bbox 1570 3339 1630 3392; x_wconf 83' lang='lat' dir='ltr'>in</span> <span class='ocrx_word' id='word_1_383' title='bbox 1676 3339 1961 3410; x_wconf 78' lang='lat' dir='ltr'>psalterio,</span> <span class='ocrx_word' id='word_1_384' title='bbox 1993 3338 2051 3395; x_wconf 93' lang='lat' dir='ltr'>id</span> 
     </span>
    </p>
   </div>
   <div class='ocr_carea' id='block_1_49' title="bbox 2161 1911 3801 1993">
    <p class='ocr_par' dir='ltr' id='par_1_49' title="bbox 2161 1911 3801 1993">
     <span class='ocr_line' id='line_1_49' title="bbox 2161 1911 3801 1993; baseline -0.001 -15"><span class='ocrx_word' id='word_1_385' title='bbox 2161 1925 2628 1978; x_wconf 87' lang='lat' dir='ltr'>nant.«Laudate</span> <span class='ocrx_word' id='word_1_386' title='bbox 2658 1911 2792 1978; x_wconf 88' lang='lat' dir='ltr'>eum</span> <span class='ocrx_word' id='word_1_387' title='bbox 2824 1921 2884 1976; x_wconf 92' lang='lat' dir='ltr'>in</span> <span class='ocrx_word' id='word_1_388' title='bbox 2917 1922 3197 1993; x_wconf 84' lang='lat' dir='ltr'>cymbalis</span> <span class='ocrx_word' id='word_1_389' title='bbox 3219 1922 3367 1977; x_wconf 90' lang='lat' dir='ltr'>bene</span> <span class='ocrx_word' id='word_1_390' title='bbox 3396 1922 3801 1987; x_wconf 77' lang='lat' dir='ltr'>sonantibus,»</span> 
     </span>
    </p>
   </div>
   <div class='ocr_carea' id='block_1_50' title="bbox 2158 2009 3799 2083">
    <p class='ocr_par' dir='ltr' id='par_1_50' title="bbox 2158 2009 3799 2083">
     <span class='ocr_line' id='line_1_50' title="bbox 2158 2009 3799 2083; baseline 0 -17"><span class='ocrx_word' id='word_1_391' title='bbox 2158 2012 2214 2067; x_wconf 92' lang='lat' dir='ltr'>id</span> <span class='ocrx_word' id='word_1_392' title='bbox 2248 2016 2355 2077; x_wconf 91' lang='lat' dir='ltr'>est,</span> <span class='ocrx_word' id='word_1_393' title='bbox 2388 2012 2444 2065; x_wconf 89' lang='lat' dir='ltr'>in</span> <span class='ocrx_word' id='word_1_394' title='bbox 2475 2011 2698 2083; x_wconf 88' lang='lat' dir='ltr'>fulgore</span> <span class='ocrx_word' id='word_1_395' title='bbox 2727 2014 2783 2065; x_wconf 90' lang='lat' dir='ltr'>et</span> <span class='ocrx_word' id='word_1_396' title='bbox 2816 2009 3250 2082; x_wconf 88' lang='lat' dir='ltr'>pulchritudine</span> <span class='ocrx_word' id='word_1_397' title='bbox 3279 2011 3542 2082; x_wconf 90' lang='lat' dir='ltr'>corporis</span> <span class='ocrx_word' id='word_1_398' title='bbox 3575 2017 3799 2066; x_wconf 46' lang='lat' dir='ltr'>sancto-</span> 
     </span>
    </p>
   </div>
   <div class='ocr_carea' id='block_1_51' title="bbox 2159 2098 3802 2171">
    <p class='ocr_par' dir='ltr' id='par_1_51' title="bbox 2159 2098 3802 2171">
     <span class='ocr_line' id='line_1_51' title="bbox 2159 2098 3802 2171; baseline -0.001 -15"><span class='ocrx_word' id='word_1_399' title='bbox 2159 2101 2476 2171; x_wconf 91' lang='lat' dir='ltr'>rum,quod</span> <span class='ocrx_word' id='word_1_400' title='bbox 2503 2117 2618 2155; x_wconf 92' lang='lat' dir='ltr'>non</span> <span class='ocrx_word' id='word_1_401' title='bbox 2641 2098 3012 2154; x_wconf 90' lang='lat' dir='ltr'>mediocriter</span> <span class='ocrx_word' id='word_1_402' title='bbox 3043 2098 3352 2170; x_wconf 91' lang='lat' dir='ltr'>pulchrum</span> <span class='ocrx_word' id='word_1_403' title='bbox 3377 2099 3617 2165; x_wconf 86' lang='lat' dir='ltr'>erit,sed</span> <span class='ocrx_word' id='word_1_404' title='bbox 3645 2101 3802 2155; x_wconf 80' lang='lat' dir='ltr'>valde</span> 
     </span>
    </p>
   </div>
   <div class='ocr_carea' id='block_1_52' title="bbox 2159 2187 3802 2262">
    <p class='ocr_par' dir='ltr' id='par_1_52' title="bbox 2159 2187 3802 2262">
     <span class='ocr_line' id='line_1_52' title="bbox 2159 2187 3802 2262; baseline -0.001 -18"><span class='ocrx_word' id='word_1_405' title='bbox 2159 2189 2492 2262; x_wconf 88' lang='lat' dir='ltr'>pulchrum.</span> <span class='ocrx_word' id='word_1_406' title='bbox 2531 2189 2632 2244; x_wconf 89' lang='lat' dir='ltr'>Per</span> <span class='ocrx_word' id='word_1_407' title='bbox 2662 2187 2992 2260; x_wconf 87' lang='lat' dir='ltr'>cymbalum</span> <span class='ocrx_word' id='word_1_408' title='bbox 3028 2189 3311 2261; x_wconf 82' lang='lat' dir='ltr'>fulgorem</span> <span class='ocrx_word' id='word_1_409' title='bbox 3334 2193 3391 2243; x_wconf 90' lang='lat' dir='ltr'>et</span> <span class='ocrx_word' id='word_1_410' title='bbox 3413 2187 3802 2258; x_wconf 86' lang='lat' dir='ltr'>pulchritudi-</span> 
     </span>
    </p>
   </div>
   <div class='ocr_carea' id='block_1_53' title="bbox 2161 2275 3799 2350">
    <p class='ocr_par' dir='ltr' id='par_1_53' title="bbox 2161 2275 3799 2350">
     <span class='ocr_line' id='line_1_53' title="bbox 2161 2275 3799 2350; baseline -0.001 -16"><span class='ocrx_word' id='word_1_411' title='bbox 2161 2295 2293 2334; x_wconf 89' lang='lat' dir='ltr'>nem</span> <span class='ocrx_word' id='word_1_412' title='bbox 2329 2296 2340 2334; x_wconf 90' lang='lat'><em>:</em></span> <span class='ocrx_word' id='word_1_413' title='bbox 2378 2295 2478 2350; x_wconf 91' lang='lat' dir='ltr'>per</span> <span class='ocrx_word' id='word_1_414' title='bbox 2509 2278 2641 2333; x_wconf 83' lang='lat' dir='ltr'>bene</span> <span class='ocrx_word' id='word_1_415' title='bbox 2669 2277 3011 2341; x_wconf 81' lang='lat' dir='ltr'>sonantibus,</span> <span class='ocrx_word' id='word_1_416' title='bbox 3033 2276 3270 2332; x_wconf 87' lang='lat' dir='ltr'>nimiam</span> <span class='ocrx_word' id='word_1_417' title='bbox 3306 2275 3799 2347; x_wconf 88' lang='lat' dir='ltr'>pulchritudinem</span> 
     </span>
    </p>
   </div>
   <div class='ocr_carea' id='block_1_54' title="bbox 2159 2364 3800 2438">
    <p class='ocr_par' dir='ltr' id='par_1_54' title="bbox 2159 2364 3800 2438">
     <span class='ocr_line' id='line_1_54' title="bbox 2159 2364 3800 2438; baseline -0.002 -14"><span class='ocrx_word' id='word_1_418' title='bbox 2159 2374 2456 2424; x_wconf 88' lang='lat' dir='ltr'>notamus.</span> <span class='ocrx_word' id='word_1_419' title='bbox 2505 2369 2572 2422; x_wconf 91' lang='lat' dir='ltr'>Et</span> <span class='ocrx_word' id='word_1_420' title='bbox 2603 2389 2630 2416; x_wconf 83' lang='lat'><strong><em>«</em></strong></span> <span class='ocrx_word' id='word_1_421' title='bbox 2661 2366 2918 2421; x_wconf 87' lang='lat' dir='ltr'>Laudate</span> <span class='ocrx_word' id='word_1_422' title='bbox 2940 2382 3074 2421; x_wconf 91' lang='lat' dir='ltr'>eum</span> <span class='ocrx_word' id='word_1_423' title='bbox 3105 2365 3162 2420; x_wconf 93' lang='lat' dir='ltr'>in</span> <span class='ocrx_word' id='word_1_424' title='bbox 3195 2364 3483 2438; x_wconf 79' lang='lat' dir='ltr'>cymbalis</span> <span class='ocrx_word' id='word_1_425' title='bbox 3504 2365 3800 2437; x_wconf 88' lang='lat' dir='ltr'>jubilatio-</span> 
     </span>
    </p>
   </div>
   <div class='ocr_carea' id='block_1_55' title="bbox 2160 2455 3800 2527">
    <p class='ocr_par' dir='ltr' id='par_1_55' title="bbox 2160 2455 3800 2527">
     <span class='ocr_line' id='line_1_55' title="bbox 2160 2455 3800 2527; baseline -0.002 -14"><span class='ocrx_word' id='word_1_426' title='bbox 2160 2459 2272 2525; x_wconf 87' lang='lat' dir='ltr'>nis,</span> <span class='ocrx_word' id='word_1_427' title='bbox 2329 2479 2355 2507; x_wconf 84' lang='grc'><strong>››</strong></span> <span class='ocrx_word' id='word_1_428' title='bbox 2391 2457 2446 2511; x_wconf 91' lang='lat' dir='ltr'>id</span> <span class='ocrx_word' id='word_1_429' title='bbox 2488 2461 2594 2523; x_wconf 89' lang='lat' dir='ltr'>est,</span> <span class='ocrx_word' id='word_1_430' title='bbox 2629 2456 2688 2509; x_wconf 93' lang='lat' dir='ltr'>in</span> <span class='ocrx_word' id='word_1_431' title='bbox 2721 2472 2786 2510; x_wconf 89' lang='lat' dir='ltr'>eo</span> <span class='ocrx_word' id='word_1_432' title='bbox 2819 2455 2974 2527; x_wconf 91' lang='lat' dir='ltr'>quod</span> <span class='ocrx_word' id='word_1_433' title='bbox 3006 2455 3190 2510; x_wconf 91' lang='lat' dir='ltr'>sancti</span> <span class='ocrx_word' id='word_1_434' title='bbox 3223 2471 3294 2510; x_wconf 86' lang='lat' dir='ltr'>ex</span> <span class='ocrx_word' id='word_1_435' title='bbox 3322 2455 3453 2527; x_wconf 90' lang='lat' dir='ltr'>ipsa</span> <span class='ocrx_word' id='word_1_436' title='bbox 3485 2455 3800 2525; x_wconf 80' lang='lat' dir='ltr'>pulchritu-</span> 
     </span>
    </p>
   </div>
   <div class='ocr_carea' id='block_1_56' title="bbox 2158 2532 3800 2608">
    <p class='ocr_par' dir='ltr' id='par_1_56' title="bbox 2158 2532 3800 2608">
     <span class='ocr_line' id='line_1_56' title="bbox 2158 2532 3800 2608; baseline -0.003 -15"><span class='ocrx_word' id='word_1_437' title='bbox 2158 2539 2293 2593; x_wconf 91' lang='lat' dir='ltr'>dine</span> <span class='ocrx_word' id='word_1_438' title='bbox 2306 2553 2613 2608; x_wconf 85' lang='lat' dir='ltr'>corporum</span> <span class='ocrx_word' id='word_1_439' title='bbox 2630 2541 2966 2590; x_wconf 86' lang='lat' dir='ltr'>sanctorum</span> <span class='ocrx_word' id='word_1_440' title='bbox 2983 2535 3168 2590; x_wconf 88' lang='lat' dir='ltr'>Deum</span> <span class='ocrx_word' id='word_1_441' title='bbox 3191 2535 3442 2606; x_wconf 81' lang='lat' dir='ltr'>perfecte</span> <span class='ocrx_word' id='word_1_442' title='bbox 3460 2532 3800 2590; x_wconf 87' lang='lat' dir='ltr'>laudabunt.</span> 
     </span>
    </p>
   </div>
   <div class='ocr_carea' id='block_1_57' title="bbox 2161 2623 3802 2697">
    <p class='ocr_par' dir='ltr' id='par_1_57' title="bbox 2161 2623 3802 2697">
     <span class='ocr_line' id='line_1_57' title="bbox 2161 2623 3802 2697; baseline 0.001 -20"><span class='ocrx_word' id='word_1_443' title='bbox 2161 2649 2189 2677; x_wconf 83' lang='grc'><strong>((</strong></span> <span class='ocrx_word' id='word_1_444' title='bbox 2219 2626 2422 2682; x_wconf 90' lang='lat' dir='ltr'>Omnis</span> <span class='ocrx_word' id='word_1_445' title='bbox 2451 2624 2693 2697; x_wconf 89' lang='lat' dir='ltr'>spiritus</span> <span class='ocrx_word' id='word_1_446' title='bbox 2724 2623 2923 2680; x_wconf 90' lang='lat' dir='ltr'>laudet</span> <span class='ocrx_word' id='word_1_447' title='bbox 2952 2623 3322 2693; x_wconf 85' lang='lat' dir='ltr'>Dominum,»</span> <span class='ocrx_word' id='word_1_448' title='bbox 3356 2623 3411 2678; x_wconf 92' lang='lat' dir='ltr'>id</span> <span class='ocrx_word' id='word_1_449' title='bbox 3446 2629 3687 2692; x_wconf 87' lang='lat' dir='ltr'>est,non</span> <span class='ocrx_word' id='word_1_450' title='bbox 3719 2641 3802 2679; x_wconf 83' lang='lat' dir='ltr'>so-</span> 
     </span>
    </p>
   </div>
   <div class='ocr_carea' id='block_1_58' title="bbox 2155 2711 3800 2784">
    <p class='ocr_par' dir='ltr' id='par_1_58' title="bbox 2155 2711 3800 2784">
     <span class='ocr_line' id='line_1_58' title="bbox 2155 2711 3800 2784; baseline -0.002 -14"><span class='ocrx_word' id='word_1_451' title='bbox 2155 2715 2279 2770; x_wconf 89' lang='lat' dir='ltr'>lum</span> <span class='ocrx_word' id='word_1_452' title='bbox 2312 2714 2545 2769; x_wconf 91' lang='lat' dir='ltr'>laudate</span> <span class='ocrx_word' id='word_1_453' title='bbox 2574 2729 2707 2768; x_wconf 90' lang='lat' dir='ltr'>eum</span> <span class='ocrx_word' id='word_1_454' title='bbox 2730 2729 2798 2768; x_wconf 85' lang='lat' dir='ltr'>ex</span> <span class='ocrx_word' id='word_1_455' title='bbox 2818 2729 2882 2768; x_wconf 86' lang='lat' dir='ltr'>ea</span> <span class='ocrx_word' id='word_1_456' title='bbox 2909 2711 3330 2784; x_wconf 83' lang='lat' dir='ltr'>gloriﬁcatione</span> <span class='ocrx_word' id='word_1_457' title='bbox 3359 2712 3800 2784; x_wconf 88' lang='lat' dir='ltr'>corporis,quod</span> 
     </span>
    </p>
   </div>
   <div class='ocr_carea' id='block_1_59' title="bbox 2158 2801 3799 2875">
    <p class='ocr_par' dir='ltr' id='par_1_59' title="bbox 2158 2801 3799 2875">
     <span class='ocr_line' id='line_1_59' title="bbox 2158 2801 3799 2875; baseline -0.001 -17"><span class='ocrx_word' id='word_1_458' title='bbox 2158 2804 2267 2858; x_wconf 90' lang='lat' dir='ltr'>erit</span> <span class='ocrx_word' id='word_1_459' title='bbox 2296 2803 2355 2858; x_wconf 93' lang='lat' dir='ltr'>in</span> <span class='ocrx_word' id='word_1_460' title='bbox 2383 2807 2660 2875; x_wconf 87' lang='lat' dir='ltr'>tympano</span> <span class='ocrx_word' id='word_1_461' title='bbox 2687 2807 2744 2857; x_wconf 90' lang='lat' dir='ltr'>et</span> <span class='ocrx_word' id='word_1_462' title='bbox 2773 2801 2948 2857; x_wconf 91' lang='lat' dir='ltr'>choro</span> <span class='ocrx_word' id='word_1_463' title='bbox 2996 2806 3054 2856; x_wconf 91' lang='lat' dir='ltr'>et</span> <span class='ocrx_word' id='word_1_464' title='bbox 3102 2801 3322 2864; x_wconf 66' lang='lat' dir='ltr'>caeteris</span> <span class='ocrx_word' id='word_1_465' title='bbox 3353 2801 3677 2872; x_wconf 79' lang='lat' dir='ltr'>praedictis,</span> <span class='ocrx_word' id='word_1_466' title='bbox 3710 2803 3799 2856; x_wconf 86' lang='lat' dir='ltr'>sed</span> 
     </span>
    </p>
   </div>
   <div class='ocr_carea' id='block_1_60' title="bbox 2157 2890 3802 2963">
    <p class='ocr_par' dir='ltr' id='par_1_60' title="bbox 2157 2890 3802 2963">
     <span class='ocr_line' id='line_1_60' title="bbox 2157 2890 3802 2963; baseline -0.001 -16"><span class='ocrx_word' id='word_1_467' title='bbox 2157 2892 2332 2947; x_wconf 90' lang='lat' dir='ltr'>etiam</span> <span class='ocrx_word' id='word_1_468' title='bbox 2365 2893 2520 2963; x_wconf 91' lang='lat' dir='ltr'>quod</span> <span class='ocrx_word' id='word_1_469' title='bbox 2549 2891 2872 2963; x_wconf 87' lang='lat' dir='ltr'>spirituale,</span> <span class='ocrx_word' id='word_1_470' title='bbox 2907 2891 2965 2946; x_wconf 92' lang='lat' dir='ltr'>id</span> <span class='ocrx_word' id='word_1_471' title='bbox 3004 2898 3111 2959; x_wconf 89' lang='lat' dir='ltr'>est,</span> <span class='ocrx_word' id='word_1_472' title='bbox 3144 2891 3216 2946; x_wconf 86' lang='lat' dir='ltr'>ad</span> <span class='ocrx_word' id='word_1_473' title='bbox 3267 2890 3511 2946; x_wconf 78' lang='lat' dir='ltr'>modun:</span> <span class='ocrx_word' id='word_1_474' title='bbox 3566 2890 3802 2962; x_wconf 84' lang='lat' dir='ltr'>spiritus</span> 
     </span>
    </p>
   </div>
   <div class='ocr_carea' id='block_1_61' title="bbox 2159 2978 3799 3052">
    <p class='ocr_par' dir='ltr' id='par_1_61' title="bbox 2159 2978 3799 3052">
     <span class='ocr_line' id='line_1_61' title="bbox 2159 2978 3799 3052; baseline -0.001 -16"><span class='ocrx_word' id='word_1_475' title='bbox 2159 2979 2307 3052; x_wconf 89' lang='lat' dir='ltr'>agile</span> <span class='ocrx_word' id='word_1_476' title='bbox 2332 2984 2387 3035; x_wconf 93' lang='lat' dir='ltr'>et</span> <span class='ocrx_word' id='word_1_477' title='bbox 2417 2979 2632 3035; x_wconf 88' lang='lat' dir='ltr'>subtile</span> <span class='ocrx_word' id='word_1_478' title='bbox 2665 2980 2968 3035; x_wconf 82' lang='lat' dir='ltr'>efﬁcietur.</span> <span class='ocrx_word' id='word_1_479' title='bbox 2996 2979 3098 3035; x_wconf 90' lang='lat' dir='ltr'>Vel</span> <span class='ocrx_word' id='word_1_480' title='bbox 3130 2979 3212 3034; x_wconf 89' lang='lat' dir='ltr'>ita</span> <span class='ocrx_word' id='word_1_481' title='bbox 3245 2997 3258 3034; x_wconf 91' lang='lat'><strong>:</strong></span> <span class='ocrx_word' id='word_1_482' title='bbox 3290 2979 3414 3034; x_wconf 90' lang='lat' dir='ltr'>Non</span> <span class='ocrx_word' id='word_1_483' title='bbox 3452 2979 3652 3035; x_wconf 88' lang='lat' dir='ltr'>solum</span> <span class='ocrx_word' id='word_1_484' title='bbox 3685 2978 3799 3034; x_wconf 87' lang='lat' dir='ltr'>lau-</span> 
     </span>
    </p>
   </div>
   <div class='ocr_carea' id='block_1_62' title="bbox 2157 3068 3798 3142">
    <p class='ocr_par' dir='ltr' id='par_1_62' title="bbox 2157 3068 3798 3142">
     <span class='ocr_line' id='line_1_62' title="bbox 2157 3068 3798 3142; baseline 0 -18"><span class='ocrx_word' id='word_1_485' title='bbox 2157 3070 2288 3125; x_wconf 89' lang='lat' dir='ltr'>date</span> <span class='ocrx_word' id='word_1_486' title='bbox 2320 3085 2454 3124; x_wconf 90' lang='lat' dir='ltr'>eum</span> <span class='ocrx_word' id='word_1_487' title='bbox 2485 3086 2554 3124; x_wconf 84' lang='lat' dir='ltr'>ex</span> <span class='ocrx_word' id='word_1_488' title='bbox 2585 3069 2860 3142; x_wconf 73' lang='lat' dir='ltr'>praedicta</span> <span class='ocrx_word' id='word_1_489' title='bbox 2907 3068 3326 3141; x_wconf 83' lang='lat' dir='ltr'>gloriﬁcatione</span> <span class='ocrx_word' id='word_1_490' title='bbox 3375 3070 3663 3140; x_wconf 89' lang='lat' dir='ltr'>corporis,</span> <span class='ocrx_word' id='word_1_491' title='bbox 3709 3069 3798 3125; x_wconf 84' lang='lat' dir='ltr'>sed</span> 
     </span>
    </p>
   </div>
   <div class='ocr_carea' id='block_1_63' title="bbox 2157 3157 3798 3231">
    <p class='ocr_par' dir='ltr' id='par_1_63' title="bbox 2157 3157 3798 3231">
     <span class='ocr_line' id='line_1_63' title="bbox 2157 3157 3798 3231; baseline -0.002 -17"><span class='ocrx_word' id='word_1_492' title='bbox 2157 3159 2330 3214; x_wconf 83' lang='lat' dir='ltr'>etiam</span> <span class='ocrx_word' id='word_1_493' title='bbox 2363 3176 2430 3215; x_wconf 85' lang='lat' dir='ltr'>ex</span> <span class='ocrx_word' id='word_1_494' title='bbox 2459 3157 2798 3214; x_wconf 89' lang='lat' dir='ltr'>omnimoda</span> <span class='ocrx_word' id='word_1_495' title='bbox 2828 3157 3247 3231; x_wconf 80' lang='lat' dir='ltr'>gloriﬁcatione</span> <span class='ocrx_word' id='word_1_496' title='bbox 3286 3157 3649 3226; x_wconf 87' lang='lat' dir='ltr'>animarum,</span> <span class='ocrx_word' id='word_1_497' title='bbox 3680 3175 3798 3231; x_wconf 78' lang='lat' dir='ltr'>quae</span> 
     </span>
    </p>
   </div>
   <div class='ocr_carea' id='block_1_64' title="bbox 2165 3248 2869 3305">
    <p class='ocr_par' dir='ltr' id='par_1_64' title="bbox 2165 3248 2869 3305">
     <span class='ocr_line' id='line_1_64' title="bbox 2165 3248 2869 3305; baseline -0.004 -1"><span class='ocrx_word' id='word_1_498' title='bbox 2165 3253 2305 3304; x_wconf 88' lang='lat' dir='ltr'>tunc</span> <span class='ocrx_word' id='word_1_499' title='bbox 2336 3249 2446 3305; x_wconf 91' lang='lat' dir='ltr'>erit</span> <span class='ocrx_word' id='word_1_500' title='bbox 2474 3248 2532 3303; x_wconf 90' lang='lat' dir='ltr'>in</span> <span class='ocrx_word' id='word_1_501' title='bbox 2563 3252 2869 3304; x_wconf 73' lang='lat' dir='ltr'>aeternum.</span> 
     </span>
    </p>
   </div>
   <div class='ocr_carea' id='block_1_65' title="bbox 846 3835 3400 3954">
    <p class='ocr_par' dir='ltr' id='par_1_65' title="bbox 846 3835 3400 3954">
     <span class='ocr_line' id='line_1_65' title="bbox 846 3835 3400 3954; baseline -0.007 0"><span class='ocrx_word' id='word_1_502' title='bbox 846 3838 1744 3954; x_wconf 79' lang='lat' dir='ltr'>COMMENTARIUS</span> <span class='ocrx_word' id='word_1_503' title='bbox 1813 3841 1930 3951; x_wconf 91' lang='lat' dir='ltr'><strong>IN</strong></span> <span class='ocrx_word' id='word_1_504' title='bbox 1999 3837 2574 3952; x_wconf 64' lang='lat' dir='ltr'>CANTICUM</span> <span class='ocrx_word' id='word_1_505' title='bbox 2642 3835 3400 3950; x_wconf 83' lang='lat' dir='ltr'>CANTICORUM.</span> 
     </span>
    </p>
   </div>
   <div class='ocr_carea' id='block_1_66' title="bbox 498 4115 3707 4200">
    <p class='ocr_par' dir='ltr' id='par_1_66' title="bbox 498 4115 3707 4200">
     <span class='ocr_line' id='line_1_66' title="bbox 498 4115 3707 4200; baseline 0 -22"><span class='ocrx_word' id='word_1_506' title='bbox 498 4116 681 4200; x_wconf 85' lang='lat' dir='ltr'>(Vide</span> <span class='ocrx_word' id='word_1_507' title='bbox 715 4115 1076 4197; x_wconf 76' lang='lat' dir='ltr'>Patrologiae</span> <span class='ocrx_word' id='word_1_508' title='bbox 1109 4127 1248 4180; x_wconf 83' lang='lat' dir='ltr'>tom.</span> <span class='ocrx_word' id='word_1_509' title='bbox 1285 4117 1549 4191; x_wconf 87' lang='lat' dir='ltr'>CXVII,</span> <span class='ocrx_word' id='word_1_510' title='bbox 1583 4119 1700 4178; x_wconf 85' lang='lat' dir='ltr'>col.</span> <span class='ocrx_word' id='word_1_511' title='bbox 1731 4119 1874 4195; x_wconf 77' lang='grc'>295,</span> <span class='ocrx_word' id='word_1_512' title='bbox 1905 4117 2014 4178; x_wconf 83' lang='lat' dir='ltr'>ubi</span> <span class='ocrx_word' id='word_1_513' title='bbox 2035 4117 2222 4179; x_wconf 77' lang='lat' dir='ltr'>editus</span> <span class='ocrx_word' id='word_1_514' title='bbox 2253 4127 2339 4179; x_wconf 83' lang='lat' dir='ltr'>est</span> <span class='ocrx_word' id='word_1_515' title='bbox 2367 4117 2467 4180; x_wconf 85' lang='lat' dir='ltr'>ille</span> <span class='ocrx_word' id='word_1_516' title='bbox 2496 4117 2946 4179; x_wconf 75' lang='lat' dir='ltr'>commentarius</span> <span class='ocrx_word' id='word_1_517' title='bbox 2972 4117 3076 4178; x_wconf 78' lang='lat' dir='ltr'>sub</span> <span class='ocrx_word' id='word_1_518' title='bbox 3103 4119 3337 4179; x_wconf 83' lang='lat' dir='ltr'>nomine</span> <span class='ocrx_word' id='word_1_519' title='bbox 3377 4118 3707 4200; x_wconf 77' lang='lat' dir='ltr'>Haymonis</span> 
     </span>
    </p>
   </div>
   <div class='ocr_carea' id='block_1_67' title="bbox 729 4223 2382 4305">
    <p class='ocr_par' dir='ltr' id='par_1_67' title="bbox 729 4223 2382 4305">
     <span class='ocr_line' id='line_1_67' title="bbox 729 4223 2382 4305; baseline -0.001 -19"><span class='ocrx_word' id='word_1_520' title='bbox 729 4232 732 4233; x_wconf 66' lang='grc'><strong><em>⁷</em></strong></span> <span class='ocrx_word' id='word_1_521' title='bbox 1831 4223 2382 4305; x_wconf 80' lang='lat' dir='ltr'>Halberstatensis.)</span> 
     </span>
    </p>
   </div>
   <div class='ocr_carea' id='block_1_68' title="bbox 785 4681 3418 4772">
    <p class='ocr_par' dir='ltr' id='par_1_68' title="bbox 785 4681 3418 4772">
     <span class='ocr_line' id='line_1_68' title="bbox 785 4681 3418 4772; baseline 0.003 -9"><span class='ocrx_word' id='word_1_522' title='bbox 785 4681 1712 4772; x_wconf 77' lang='lat' dir='ltr'>COMMENTARIUS</span> <span class='ocrx_word' id='word_1_523' title='bbox 1769 4683 1883 4768; x_wconf 86' lang='lat' dir='ltr'><strong>IN</strong></span> <span class='ocrx_word' id='word_1_524' title='bbox 1953 4683 2116 4768; x_wconf 92' lang='lat' dir='ltr'><strong>XII</strong></span> <span class='ocrx_word' id='word_1_525' title='bbox 2179 4681 2826 4770; x_wconf 80' lang='lat' dir='ltr'>PROPHETAS</span> <span class='ocrx_word' id='word_1_526' title='bbox 2890 4683 3418 4772; x_wconf 83' lang='lat' dir='ltr'>MINORES.</span> 
     </span>
    </p>
   </div>
   <div class='ocr_carea' id='block_1_69' title="bbox 1126 4929 3078 5015">
    <p class='ocr_par' dir='ltr' id='par_1_69' title="bbox 1126 4929 3078 5015">
     <span class='ocr_line' id='line_1_69' title="bbox 1126 4929 3078 5015; baseline -0.001 -23"><span class='ocrx_word' id='word_1_527' title='bbox 1126 4930 1300 5011; x_wconf 83' lang='lat' dir='ltr'>(Vide</span> <span class='ocrx_word' id='word_1_528' title='bbox 1330 4929 1476 4992; x_wconf 85' lang='lat' dir='ltr'>ibid.</span> <span class='ocrx_word' id='word_1_529' title='bbox 1510 4930 1619 4991; x_wconf 88' lang='lat' dir='ltr'>col.</span> <span class='ocrx_word' id='word_1_530' title='bbox 1653 4935 1714 5002; x_wconf 89' lang='lat'>9,</span> <span class='ocrx_word' id='word_1_531' title='bbox 1750 4931 1904 4990; x_wconf 83' lang='lat' dir='ltr'>inter</span> <span class='ocrx_word' id='word_1_532' title='bbox 1935 4930 2135 5012; x_wconf 83' lang='lat' dir='ltr'>Opera</span> <span class='ocrx_word' id='word_1_533' title='bbox 2163 4930 2501 5015; x_wconf 73' lang='lat' dir='ltr'>Haymom’s</span> <span class='ocrx_word' id='word_1_534' title='bbox 2533 4929 3078 5012; x_wconf 80' lang='lat' dir='ltr'>Halberstatensz&#39;s.)</span> 
     </span>
    </p>
   </div>
   <div class='ocr_carea' id='block_1_70' title="bbox 999 5346 3165 5500">
    <p class='ocr_par' dir='ltr' id='par_1_70' title="bbox 999 5346 3165 5500">
     <span class='ocr_line' id='line_1_70' title="bbox 999 5346 3165 5500; baseline 0 -2"><span class='ocrx_word' id='word_1_535' title='bbox 999 5347 1815 5498; x_wconf 79' lang='lat' dir='ltr'>COMMENTARIUS</span> <span class='ocrx_word' id='word_1_536' title='bbox 1880 5349 1982 5495; x_wconf 86' lang='lat' dir='ltr'>IN</span> <span class='ocrx_word' id='word_1_537' title='bbox 2043 5346 2610 5497; x_wconf 79' lang='lat' dir='ltr'><strong>EPISTOLAS</strong></span> <span class='ocrx_word' id='word_1_538' title='bbox 2668 5348 2753 5495; x_wconf 84' lang='lat' dir='ltr'>S.</span> <span class='ocrx_word' id='word_1_539' title='bbox 2819 5349 3165 5500; x_wconf 79' lang='lat' dir='ltr'>PAULI.</span> 
     </span>
    </p>
   </div>
   <div class='ocr_carea' id='block_1_71' title="bbox 1339 5613 2850 5701">
    <p class='ocr_par' dir='ltr' id='par_1_71' title="bbox 1339 5613 2850 5701">
     <span class='ocr_line' id='line_1_71' title="bbox 1339 5613 2850 5701; baseline -0.001 -22"><span class='ocrx_word' id='word_1_540' title='bbox 1339 5616 1516 5701; x_wconf 76' lang='lat' dir='ltr'>(Vide</span> <span class='ocrx_word' id='word_1_541' title='bbox 1543 5615 1690 5679; x_wconf 83' lang='lat' dir='ltr'>ibid.</span> <span class='ocrx_word' id='word_1_542' title='bbox 1724 5615 1836 5677; x_wconf 80' lang='lat' dir='ltr'>col.</span> <span class='ocrx_word' id='word_1_543' title='bbox 1869 5618 2008 5692; x_wconf 83' lang='grc'>361,</span> <span class='ocrx_word' id='word_1_544' title='bbox 2044 5617 2198 5680; x_wconf 83' lang='lat' dir='ltr'>inter</span> <span class='ocrx_word' id='word_1_545' title='bbox 2241 5615 2436 5699; x_wconf 84' lang='lat' dir='ltr'>Opera</span> <span class='ocrx_word' id='word_1_546' title='bbox 2467 5613 2850 5701; x_wconf 82' lang='lat' dir='ltr'>Haymoms.)</span> 
     </span>
    </p>
   </div>
  </div>
