4018 6200
206 446 323 506 845

502 445 769 507 REMIG.
804 443 1111 506 ANTISS.
1147 442 1321 505 OPP.
1360 443 1554 503 PARS
1591 444 1662 502 ll.
1700 477 1767 485 —
1808 440 2162 502 MISCELL.
2194 442 2293 500 DE
2325 438 2856 501 DEDICATIONE
2899 436 3320 498 ECCLESl/E.

3494 437 3612 498 846

1596 620 1985 627 _————.——-——-——

1548 781 2262 885 REMIGII

398 1000 751 1059 MONACHI
797 998 1073 1059 SANC'I‘I
1120 1002 1473 1060 GERMANI
1519 1002 2272 1062 ANTISSIODORENSIS
2320 996 2633 1058 ()ltDlNIS
2681 994 2955 1054 SANGTI
3002 993 3423 1053 BENEDICTI

232 1186 861 1340 OPEBUM
954 1186 1347 1341 PARS
1435 1188 2184 1342 SECUNDA.
2252 1268 2389 1278 ——
2449 1180 3593 1337 MlSCELLANEA.

660 1635 1421 1743 EXPOSITlON
1498 1637 1655 1742 DE
1718 1637 2675 1798 COELEBBATIONE
2749 1633 3192 1740 MISSZE.

372 1883 547 1961 (Vide
581 1885 943 1965 Patrologiaa
975 1894 1110 1945 tom.
1150 1884 1199 1946 C
1202 1886 1253 1955 1,
1288 1885 1402 1946 col.
1440 1889 1616 1959 1246,
1652 1888 1809 1947 inter
1833 1885 2087 1949 Alcuini
2114 1886 2329 1967 Opera.
2365 1884 2469 1945 lib.
2504 1884 2572 1945 de
2601 1884 2838 1944 Divinis
2872 1883 3123 1962 Ofﬁciis,
3158 1901 3288 1962 cap.
3326 1880 3453 1961 40).

1507 2106 2325 2152 ψ

484 2314 1295 2441 TRACTATUS
1358 2316 1524 2438 DE
1583 2314 2479 2439 DEDICATIONE
2549 2312 3334 2437 ECCLESUE“.

1322 2573 1509 2644 (Apud
1551 2573 1819 2640 Martem,
1854 2572 2191 2627 Thesaurus
2225 2574 2530 2645 Anecdot.)

1728 2762 2143 2773 —_—__—.

508 2911 648 2979 Quid
676 2910 985 2982 signiﬁcent
1017 2912 1295 2967 duodecim
1316 2914 1575 2969 candela.

294 2998 533 3065 Morem,
567 3017 741 3071 quem
793 3005 995 3055 sancta
1042 3001 1299 3057 Ecclesia
1329 3007 1485 3058 tenet
1528 3004 1585 3056 in
1620 3001 1865 3057 solemni

215 3088 435 3143 domus
464 3088 779 3143 Dominicae
796 3090 1248 3159 consecratione,
1274 3108 1387 3146 non
1410 3108 1533 3146 esse
1559 3092 1868 3160 cujuscun-

216 3192 338 3248 que
362 3177 661 3248 dignitatis
682 3177 775 3232 ille
789 3178 1083 3250 cognoscit
1101 3179 1201 3249 qui
1224 3179 1476 3249 antiquae
1494 3179 1868 3234 reminiscens

212 3266 503 3333 historiae,
523 3265 790 3321 meminit
804 3282 935 3321 cum
956 3272 1175 3337 quanta
1189 3267 1518 3323 celebritate
1535 3269 1871 3322 tabernacu-

211 3353 347 3409 lum
370 3354 713 3408 Testimonii
731 3354 1082 3425 ettemplum
1102 3373 1135 3410 a
1150 3355 1455 3410 Salomone
1469 3360 1871 3411 constructum

211 3442 467 3497 Domino
488 3443 734 3512 jubente
756 3442 1084 3498 dedicatum
1109 3444 1203 3498 sit.
1231 3443 1376 3497 Nam
1399 3460 1532 3498 cum
1564 3444 1871 3498 duodecim

216 3532 405 3587 duces
418 3531 476 3585 in
491 3530 917 3602 signiﬁcatione
931 3532 1332 3587 duodenorum
1348 3531 1741 3604 apostolorum
1760 3549 1876 3586 una

218 3620 321 3675 die
340 3635 586 3674 munera
598 3636 705 3674 sua
717 3620 786 3673 ad
802 3620 1239 3674 tabernaculum
1255 3619 1875 3685 detulissent,Domino

223 3707 718 3778 sanciente,jussi
742 3712 880 3763 sunt
896 3708 1111 3781 singuli
1136 3707 1385 3780 singulis
1410 3709 1615 3764 diebus
1639 3708 1877 3764 oblatio-

226 3814 366 3853 nem
398 3814 565 3852 suam
600 3797 824 3863 oll‘erre,
849 3801 1138 3868 quatenus
1159 3802 1214 3853 et
1244 3798 1572 3853 festivitatis
1604 3798 1879 3870 splendor

227 3891 591 3958 augesceret,
618 3886 1064 3956 significationis
1080 3888 1285 3941 futurae
1308 3887 1435 3958 ipsa
1456 3887 1668 3941 veritas
1690 3887 1874 3941 histo-

226 3975 331 4030 ria
356 3974 652 4029 arrideret.
681 3974 742 4028 In
766 3991 832 4029 eo
861 3991 1113 4045 namque
1146 3976 1299 4046 quod
1325 3976 1539 4046 singuli
1572 3976 1749 4030 duces
1780 3992 1881 4047 per

227 4062 503 4133 singulos
524 4062 647 4117 dies
672 4080 914 4118 munera
934 4081 1041 4118 sua
1062 4063 1417 4128 obtulerunt,
1433 4064 1559 4133 jam
1582 4068 1717 4117 tunc
1743 4080 1881 4135 prae-

228 4151 600 4222 ﬁgurabatur
621 4154 771 4223 quod
800 4168 914 4206 non
946 4154 1184 4207 confuse
1206 4152 1449 4224 apostoli
1475 4152 1533 4205 in
1566 4170 1682 4206 una
1713 4156 1883 4223 gente

227 4240 681 4312 evangelizaturi
717 4246 1037 4308 manerent,
1063 4241 1163 4295 sed
1188 4240 1403 4311 singuli
1439 4240 1721 4311 plurimas
1754 4239 1883 4311 plu-

230 4345 399 4385 resve
416 4334 618 4401 gentes
634 4346 733 4401 per
754 4330 1225 4385 distributionem
1249 4330 1431 4384 sancti
1447 4328 1699 4399 Spiritus
1716 4346 1886 4383 evan-

232 4417 543 4491 gelizaturi
567 4418 931 4474 sortirentur.
957 4424 1019 4472 In
1046 4436 1111 4474 eo
1125 4435 1255 4473 vero
1283 4418 1437 4488 quod
1459 4433 1663 4472 omnes
1684 4417 1885 4472 eadem

1914 4286 1961 4349 B

1893 2924 1949 2990 Α
1981 2912 2281 2967 basilicam
2304 2916 2749 2967 consecraturus
2766 2912 3146 2985 ingrediatur,
3167 2913 3477 2969 duodecim
3495 2930 3626 2969 can-

1980 3001 2116 3055 deire
2138 3002 2193 3055 in
2220 3001 2462 3056 circuitu
2492 3002 2909 3057 accenduntur.
2936 3003 3051 3075 Ipsi
3074 3007 3212 3058 sunt
3231 3004 3387 3059 enim
3407 3004 3625 3075 quibus

1978 3090 2199 3146 Veritas
2230 3089 2410 3144 dicit:
2465 3113 2491 3138 ‹‹
2524 3090 2637 3143 Vos
2686 3090 2827 3145 estis
2878 3090 2973 3144 lux
3023 3092 3250 3146 mundi.
3290 3115 3316 3140 ››
3368 3097 3629 3162 Itemque

1978 3178 2290 3232 exhortans
2310 3194 2407 3232 eos
2430 3179 2499 3231 ad
2520 3179 2949 3247 prazdicationis
2968 3180 3205 3233 verbum
3223 3180 3493 3234 fidelibus
3506 3180 3631 3234 suis

1981 3266 2340 3335 erogandum
2370 3283 2380 3318 :
2412 3287 2428 3310 α
2456 3266 2656 3332 Nemo,
2687 3288 2711 3313 υ
2736 3266 2946 3336 inquit,
2972 3290 2997 3314 ‹‹
3024 3268 3629 3332 accenditlucernam,

1981 3357 2037 3407 et
2066 3353 2122 3406 in
2156 3352 2495 3407 abscondito
2529 3353 2691 3423 ponit
2722 3370 2909 3423 neque
2942 3355 3049 3407 sub
3084 3354 3298 3423 modio,
3333 3355 3432 3409 sed
3457 3369 3633 3424 super

1983 3440 2422 3505 candelabrum,
2457 3446 2519 3495 ut
2541 3442 2640 3512 qui
2675 3441 3087 3512 ingrediuntur
3118 3442 3315 3497 lumen
3339 3443 3625 3497 videantm

1982 3529 2083 3585 Isti
2117 3534 2253 3583 sunt
2284 3530 2383 3601 qui
2436 3535 2497 3583 ut
2548 3530 2690 3585 alios
2740 3530 2923 3585 calere
2973 3531 3253 3586 charitate
3284 3532 3382 3601 [αἱ.
3418 3531 3631 3587 mentis

1985 3618 2306 3688 alacritate]
2329 3620 2598 3675 docerent
2621 3624 2677 3673 et
2697 3620 2870 3674 verbo
2888 3619 3193 3691 splendere
3211 3621 3375 3692 prius
3397 3620 3631 3691 linguas

1985 3712 2332 3779 acceperunt
2362 3709 2583 3779 igneas,
2618 3714 2683 3763 ut
2712 3708 3077 3764 insinuarent
3113 3714 3167 3764 et
3190 3726 3385 3764 amore
3417 3711 3633 3763 fervere

1986 3798 2223 3852 etverbo
2240 3796 2449 3852 lucere.
2484 3798 2636 3852 Dum
2651 3814 2786 3870 ergo
2802 3798 2859 3852 in
2879 3798 3123 3853 circuitu
3139 3799 3349 3853 domus
3367 3798 3628 3853 dicandae

1987 3887 2255 3941 duodena
2284 3886 2506 3958 fulgent
2535 3886 2779 3953 lumina,
2812 3888 3249 3942 demonstratur
3281 3888 3435 3959 quod
3485 3888 3543 3941 in
3572 3904 3641 3942 ea

1988 3976 2356 4045 praedicanda
2382 3977 2457 4029 sit
2478 3975 2676 4030 lucens
2700 3980 2753 4030 et
2776 3977 2986 4031 ardens
3011 3976 3328 4049 apostolica
3354 3977 3635 4037 doctrina.

1994 4064 2208 4118 Domus
2231 4062 2563 4133 autemipsa
2580 4063 2875 4119 Dominica
2894 4066 3129 4121 abusive
3152 4066 3235 4122 vel
3252 4067 3641 4138 metonymice

1991 4151 2231 4207 ecclesia
2261 4152 2497 4217 dicitur,
2532 4170 2643 4207 non
2676 4155 2930 4225 proprie.
2964 4155 3110 4211 Nam
3144 4156 3525 4228 metonymice
3556 4172 3645 4211 ec-

1992 4240 2168 4295 clesia
2203 4240 2431 4310 dicitur,
2468 4245 2530 4294 ut
2575 4260 2677 4313 per
2709 4243 2762 4297 id
2797 4246 2952 4317 quod
2997 4248 3331 4301 continetur
3381 4246 3436 4298 id
3488 4244 3643 4314 quod

1995 4329 2251 4384 continet
2300 4329 2677 4401 significetur.
2733 4333 2985 4389 Ecclesia
3034 4351 3289 4403 namque
3337 4332 3648 4388 convocatio

1998 4420 2427 4489 interpretatur,
2444 4420 2544 4474 sed
2569 4420 2721 4475 sicut
2742 4422 3016 4489 diximus,
3035 4440 3147 4477 non
3169 4422 3399 4493 proprie
3412 4424 3653 4475 vocatur

236 4524 491 4563 munera
520 4506 857 4563 obtulerunt
882 4508 1364 4579 prazfigurabatur
1412 4507 1564 4578 quod
1608 4505 1890 4576 apostolis
2000 4506 2241 4562 ecclesia
2271 4507 2481 4562 domus
2504 4526 2629 4579 qua:
2664 4510 2963 4565 convocari
2996 4528 3111 4564 non
3144 4514 3352 4581 potest.
3388 4508 3535 4564 Dicit
3564 4512 3652 4564 ta-

237 4596 509 4653 doctrina
521 4596 819 4653 unanimis
832 4602 887 4652 et
899 4613 1137 4652 consors
1156 4596 1211 4650 in
1232 4595 1498 4651 Ecclesim
1512 4595 1893 4650 aedificatione

238 4692 636 4758 concurreret,
662 4686 1297 4757 sanctiﬁcationemque
1320 4687 1445 4756 ejus
1471 4703 1584 4741 non
1612 4685 1894 4741 schisma-

2005 4613 2134 4651 men
2167 4596 2448 4667 propheta
2472 4613 2483 4649 :
2529 4618 2549 4643 ‹‹
2578 4599 2907 4653 Coadunate
2929 4615 3121 4667 senes,
3147 4603 3454 4653 convocate
3477 4596 3656 4652 eccle-

2006 4684 2173 4739 siam.
2211 4710 2231 4736 n
2272 4686 2381 4740 Sed
2414 4686 2717 4740 sciendum
2748 4692 2837 4742 est
2876 4687 3032 4741 hunc
3087 4704 3261 4742 usum
3311 4688 3380 4742 ab
3415 4686 3655 4758 antiquo

240 4784 373 4833 tum
396 4778 726 4843 diversitas,
750 4777 850 4833 sed
875 4776 1067 4848 potius
1091 4776 1262 4830 unica
1283 4776 1378 4843 [αἰ.
1407 4775 1590 4845 unita]
1614 4774 1899 4830 confessio
2010 4774 2221 4845 populo
2241 4780 2543 4846 sumptum
2565 4792 2712 4841 esse,
2740 4776 2837 4846 qui
2860 4777 3256 4832 indifferenter
3277 4792 3655 4848 synagogam,

241 4865 849 4921 veritatisadornaret.
874 4870 991 4920 Ista
1013 4869 1150 4919 sunt
1171 4869 1225 4919 et
1249 4865 1417 4936 signa
1439 4864 1691 4935 Spiritus
1716 4864 1901 4918 sancti
2012 4868 2066 4916 et
2094 4863 2373 4935 p0pu1um
2407 4869 2461 4918 et
2485 4864 2697 4929 locum,
2727 4865 2825 4919 ubi
2856 4866 2924 4919 ad
2950 4868 3236 4921 orandum
3266 4872 3321 4921 et
3343 4866 3657 4937 legendum

242 4954 404 5009 fonte
436 4953 694 5027 irrigata,
723 4971 973 5026 quorum
998 4954 1221 5009 fructus
1245 4953 1424 5007 estad
1451 4970 1644 5016 usum,
1670 4953 1820 5006 sicut
1842 4952 1901 5004 in

244 5043 547 5098 Ezechiele
566 5050 622 5099 et
643 5044 700 5098 in
729 5042 1068 5115 Apocalypsi
1098 5043 1329 5113 legitur,
1354 5046 1409 5095 et
1441 5041 1576 5095 folia
1598 5058 1800 5096 eorum
1833 5042 1904 5095 ad

244 5131 602 5187 medicinam
638 5138 692 5187 et
714 5150 814 5204 per
837 5132 1102 5203 singulos
1128 5148 1357 5185 menses
1390 5131 1689 5184 alierentia
1713 5130 1913 5201 primi-

245 5222 372 5276 tiva
427 5239 551 5291 sua,
617 5223 671 5276 in
729 5240 977 5293 quorum
1031 5224 1236 5293 figura,
1290 5226 1603 5291 antequam
1656 5222 1913 5290 pontifex

331 5401 407 5469 (α)
438 5400 624 5453 Codex
644 5403 699 5452 S.
728 5398 991 5453 Audoeni
1016 5397 1696 5469 Rothomagensis,_ante
1730 5416 1912 5453 annos

2015 4953 2322 5006 convenire
2354 4958 2792 5022 consueverant,
2818 4971 2931 5008 uno
2958 4956 3192 5010 nomine
3213 4954 3561 5009 vocitabant.
3589 4956 3663 5006 De

2019 5040 2231 5112 populo
2290 5042 2443 5095 enim
2491 5042 2711 5095 dictum
2746 5048 2863 5097 est:
2928 5044 3254 5113 «Dixitque
3316 5043 3539 5111 Moyses
3592 5038 3665 5093 ad

2022 5146 2253 5184 omnem
2289 5146 2643 5201 synagogam
2688 5130 2935 5186 filiorum
2982 5131 3667 5186 Isracl.»Delocoautem

2026 5220 2081 5273 in
2110 5237 2223 5290 quo
2257 5218 2549 5273 adoraturi
2583 5225 2637 5273 et
2669 5219 2868 5274 lecturi
2902 5221 3339 5286 conveniebant,
3377 5215 3668 5273 diciturin

2029 5416 2129 5454 nec
2162 5396 2346 5467 stylus
2376 5396 2503 5465 ejus
2526 5413 2559 5449 a
2588 5395 2771 5449 nostri
2802 5398 3110 5453 Tractatus
3135 5395 3425 5452 scribendi
3450 5392 3676 5448 ratione

252 5456 565 5525 sescentos
589 5477 881 5533 exaratos,
907 5486 973 5523 ex
1005 5486 1117 5538 quo
1151 5456 1458 5521 tractatum
1496 5456 1659 5539 illum
1695 5470 1910 5523 dcscri-
1945 5456 1986 5522 C
2027 5456 2355 5539 discrepare
2387 5456 2668 5530 videatur,
2702 5468 2890 5523 eidem
2923 5470 3166 5539 auctori,
3219 5470 3400 5523 donec
3431 5466 3678 5539 certiora.

247 5542 509 5623 psimus.
528 5540 747 5623 nullius
762 5537 1236 5623 auctorisnomen
1260 5540 1505 5623 praefert:
1533 5537 1754 5623 Verum
1780 5558 1913 5623 cum

254 5611 322 5668 in
356 5611 784 5681 eodemicodice
804 5611 1138 5665 immediate
1164 5616 1441 5681 sequatur
1464 5611 1709 5681 Remigii
1728 5612 1917 5669 Antis-

252 5680 623 5743 siodorensis
642 5682 910 5739 monachi
927 5681 1214 5756 Expositio
1227 5679 1283 5737 in
1299 5679 1685 5739 celebratione
1698 5682 1913 5758 missae,

2026 5541 2194 5596 nobis
2220 5535 2542 5610 suppetant
2571 5546 2915 5607 argumenta
2940 5542 3031 5594 cui
3064 5535 3313 5595 debeant
3341 5535 3574 5605 ascribi,
3606 5550 3677 5594 ex

2025 5609 2359 5684 conjectura
2384 5609 2759 5666 tribuendum
2790 5610 3276 5671 existimavimus.
3305 5612 3570 5675 Murram.
