4018 6200
443 412 554 469 847

940 411 1241 473 REMIGII
1284 412 2035 497 ANTISSIODOBENSIS
2081 412 2252 473 OPP.
2303 413 2503 472 PARS
2548 413 2624 473 ll.
2657 445 2733 455 —
2762 410 3332 474 MISCELLANEA.

3717 413 3846 476 848

441 541 750 615 Evangelio
767 543 942 614 quod,
963 560 1097 598 cum
1117 544 1380 600 centurio
1399 544 1658 600 misisset
1677 545 1747 599 ad
1767 543 2082 600 Dominum
2111 545 2167 610 Α
2196 543 2538 614 prophetam
2570 542 2707 598 olim
2740 543 3027 598 clamabat
3052 559 3064 596 :
3105 565 3125 590 α
3156 541 3596 610 Convertimini,
3626 541 3733 598 lilii
3758 561 3847 600 re-

438 631 730 704 principes
753 631 1089 687 Judreorum
1115 650 1217 704 pro
1236 634 1484 688 sanitate
1507 633 1669 706 pueri
1691 633 1779 688 sui
1805 634 2079 705 roganda,

436 727 717 775 venerunt
747 722 819 775 ad
853 722 1161 778 Dominum
1194 723 1366 776 iidem
1401 723 1690 794 principes
1713 726 1768 777 et
1789 723 2080 794 deprecati

436 815 574 864 sunt
595 827 727 865 eum
750 810 1013 880 sollicite,
1043 811 1338 866 dicentes:
1367 811 1644 883 «Dignus
1667 816 1755 866 est
1782 816 1846 865 ut
1866 811 1974 866 hoc
1998 810 2078 865 illi

435 902 693 968 praestes,
717 896 908 970 diligit
929 899 1084 952 enim
1107 904 1338 972 gentem
1364 905 1622 954 nostram
1643 903 1699 954 et
1721 916 2077 971 synagogam

432 987 557 1058 ipse
577 986 881 1042 aedificavit
903 988 1090 1044 nobis.
1116 1011 1140 1037 ι)
1162 989 1300 1043 Item
1322 988 1381 1042 in
1399 987 1636 1043 Actibus
1658 988 2074 1059 apostolorum:

432 1098 460 1124 ‹‹
495 1078 563 1129 Et
592 1075 952 1131 introeuntes
984 1076 1043 1131 in
1077 1093 1434 1149 synagogam
1471 1077 1766 1132 sederunt.
1801 1077 1936 1131 Post
1965 1076 2076 1131 lec-

430 1162 646 1218 tionem
669 1167 865 1219 autem
886 1162 1030 1236 legis
1049 1168 1104 1219 et
1119 1164 1558 1236 prophetarum,
1579 1165 1865 1220 miserunt
1884 1165 1954 1220 ad
1977 1180 2077 1220 eos

429 1253 723 1324 principes
744 1254 1030 1310 dicentes:
1053 1253 1172 1308 Viri
1199 1254 1427 1322 fratres,
1461 1255 1508 1309 si
1541 1253 1672 1325 quis
1713 1253 1880 1309 estin
1911 1254 2074 1309 vobis

429 1357 622 1396 sermo
645 1342 1061 1398 exhortationis
1084 1343 1154 1397 ad
1185 1342 1434 1414 plebem,
1468 1342 1661 1398 dicite.
1685 1364 1712 1391 »
1743 1341 1908 1398 Clare
1937 1359 2072 1415 ergo

430 1429 581 1485 sicut
609 1436 665 1485 et
694 1431 807 1487 alia
836 1431 1110 1503 plurima,
1143 1431 1224 1486 ita
1244 1435 1300 1486 et
1328 1432 1484 1486 hunc
1513 1449 1686 1486 usum
1721 1449 1754 1486 a
1782 1431 2071 1486 veteribus

427 1519 816 1590 suscepimus,
841 1524 906 1574 ut
928 1519 1320 1574 indifferenter
1341 1537 1455 1574 uno
1479 1519 1715 1575 nomine
1742 1525 1796 1574 ct
1817 1521 2071 1591 populus

426 1607 687 1673 ecclesia,
721 1613 778 1662 et
806 1609 1016 1664 domus
1044 1625 1158 1681 quo
1191 1607 1385 1680 p0puli
1421 1609 1773 1663 conveniunt
1802 1609 2072 1664 similiter

424 1696 668 1752 ecclesia
691 1703 1079 1769 nuncupetur.
1108 1697 1218 1752 Sed
1243 1715 1456 1769 magna
1478 1698 1804 1752 dilferentia
1829 1703 2070 1768 apparet

421 1785 574 1840 inter
594 1784 708 1840 ista
729 1787 843 1841 duo
863 1787 1122 1858 nomina,
1144 1787 1456 1859 Synagogaa
1474 1785 1760 1841 scilicetet
1780 1787 2063 1842 Ecclesiae.

421 1873 728 1946 Synagoga
751 1891 1004 1946 namque
1032 1874 1405 1946 congregatio
1431 1873 1664 1942 dicitur,
1690 1891 1814 1944 quae
1843 1878 1900 1930 et
1929 1874 2067 1946 lapi-

419 1963 560 2017 dum
593 1967 650 2017 et
679 1963 986 2018 brutorum
1017 1962 1361 2018 animalium
1407 1961 1520 2018 dici
1552 1967 1758 2034 potest.
1814 1962 2066 2020 Ecclesia

416 2068 571 2120 vero,
606 2068 730 2124 quae
761 2051 1093 2107 convocatio
1125 2055 1518 2122 nuncupatur,
1553 2067 1669 2106 non
1717 2051 1831 2107 nisi
1861 2068 2062 2108 eorum

415 2145 502 2196 est
525 2140 624 2212 qui
647 2139 1041 2212 intelligentiae
1056 2139 1414 2212 przepollent,
1434 2143 2061 2213 utmonstreturquan-

414 2234 540 2285 tum
571 2229 751 2286 distat
795 2229 1128 2285 Christiana
1173 2229 1428 2302 dignitas
1460 2246 1494 2284 a
1524 2229 1768 2285 Judaica
1818 2229 2059 2286 vilitate.

413 2319 627 2375 Beatus
654 2335 787 2374 vero
817 2318 1180 2390 Augustinus
1211 2318 1269 2373 in
1309 2317 1458 2374 libro
1490 2319 1560 2373 de
1591 2317 1822 2392 Origine
1852 2320 2059 2375 animae

412 2409 483 2463 de
501 2407 609 2464 hac
635 2425 694 2463 re
715 2408 795 2462 ita
812 2407 979 2463 dicit:
998 2431 1024 2457 ‹‹
1042 2408 1202 2464 Sicut
1220 2423 1354 2480 ergo
1374 2407 1740 2479 appellamus
1752 2407 2057 2464 ec'clesiam

407 2495 711 2550 basilicam
727 2511 844 2566 qua
864 2496 1193 2551 continetur
1213 2495 1465 2567 populus
1479 2495 1576 2568 qui
1591 2511 1720 2551 vere
1733 2496 2060 2569 appellatur

410 2581 686 2647 Ecclesia,
710 2587 774 2636 ut
796 2581 1032 2637 nomine
1053 2583 1344 2648 Ecclesiae,
1369 2584 1425 2638 id
1450 2589 1539 2639 est
1560 2583 1758 2656 populi
1792 2585 1892 2655 qui
1915 2602 2057 2640 con-

408 2669 628 2725 tinetur
639 2669 1246 2742 signiﬁcemuslocum
1263 2671 1364 2741 qui
1378 2671 1656 2738 continet,
1671 2672 1772 2737 ita,
1788 2673 1925 2744 quia
1937 2673 2057 2727 ani-

406 2775 514 2814 mae
528 2758 870 2832 corporibus
884 2758 1528 2830 continentur,intelligi
1545 2776 1785 2831 corpora
1799 2759 2052 2815 filiorum

402 2847 580 2910 Israel
597 2864 701 2920 per
718 2846 1050 2903 nominatas
1068 2847 1296 2902 animas
1319 2852 1584 2918 possunt.
1601 2847 1836 2918 Proprie
1854 2852 2049 2904 autem

404 2936 598 2991 Graeco
616 2934 893 2992 vocabulo
915 2934 1158 2990 basilica
1177 2933 1394 2989 dicitur
1415 2951 1542 3005 quae
1567 2935 1767 2990 Latine
1788 2935 1946 3008 regia
1967 2938 2051 2993 in-

400 3025 776 3095 terpretatur;
790 3027 856 3077 ut
867 3021 1264 3078 habitaculum
1274 3021 1445 3094 Regis
1457 3022 1656 3078 aeterni
1671 3029 2046 3082 monstretur.

473 3131 651 3198 Quare
675 3130 1104 3203 superliminare
1132 3136 1213 3184 ter
1237 3132 1576 3203 percutitur,
1623 3134 1675 3186 ct
1703 3147 1810 3186 pax
1841 3149 1977 3189 num

1001 3217 1188 3256 DOMUI
1217 3199 1436 3257 dicitur.

2191 636 2499 701 vertentes,
2550 637 2606 686 et
2653 631 2870 686 sanabo
2918 629 3246 686 aversiones
3295 635 3537 686 vestras.
3571 653 3600 681 ο)
3643 632 3712 686 Et
3746 650 3849 704 per

2191 721 2565 792 Evangelium
2589 720 2900 776 salubriter
2923 736 2988 774 ac
3011 720 3101 790 pie
3121 724 3285 774 vocat
3304 719 3504 775 dicens
3531 738 3543 775 :
3583 744 3604 768 ι
3644 721 3848 777 Venite

2191 811 2259 864 ad
2296 827 2407 879 me,
2441 827 2644 865 omnes
2675 807 2774 880 qui
2805 807 3082 863 laboratis
3111 812 3168 862 et
3200 807 3419 862 onerati
3446 809 3612 878 estis,
3645 815 3702 864 et
3736 827 3843 883 ego

2187 914 2289 953 vos
2312 898 2672 969 requiescere
2696 897 2921 952 faciam.
2947 918 2973 944 ››
3016 897 3202 959 Quam
3238 901 3588 967 potestatem
3614 915 3648 952 a
3672 898 3843 954 Patre

2189 987 2368 1042 Filius
2399 988 2621 1059 accepit
2640 1003 2772 1043 cum
2795 984 3136 1050 ccelestium,
3168 987 3537 1041 terrestrium
3572 993 3632 1042 et
3660 989 3840 1043 infer-

2186 1093 2394 1131 norum
2424 1076 2791 1131 dominatum
2842 1074 3180 1146 promeruit,
3243 1074 3517 1145 Apostolo
3557 1075 3833 1132 dicente:

2185 1188 2212 1214 ‹‹
2248 1169 2488 1238 Propter
2517 1165 2670 1237 quod
2703 1169 2757 1220 et
2791 1168 2938 1218 Deus
2983 1162 3148 1217 illum
3179 1161 3451 1218 exaltavit
3499 1168 3555 1219 et
3595 1165 3839 1222 donavit

2181 1252 2265 1307 illi
2299 1269 2510 1308 nomen
2543 1253 2691 1322 quod
2725 1255 2811 1308 est
2839 1267 3016 1322 super
3045 1267 3216 1306 omne
3251 1268 3486 1319 nomen,
3520 1257 3587 1308 ut
3637 1253 3695 1310 in
3733 1271 3832 1309 no-

2183 1343 2340 1398 mine
2369 1342 2507 1398 Jesu
2566 1358 2738 1397 omne
2769 1356 2920 1412 genu
2981 1340 3268 1406 ﬂectatur,
3326 1339 3676 1412 ccelestium,
3719 1349 3830 1398 ter-

2181 1430 2452 1486 restrium
2483 1434 2538 1486 et
2567 1430 2948 1484 infernorum.
2989 1451 3013 1474 n
3065 1428 3224 1483 Unde
3254 1428 3304 1483 ei
3336 1433 3394 1483 et
3423 1430 3594 1486 inferi
3628 1436 3828 1502 patue-

2181 1523 2317 1574 runt
2389 1518 2783 1585 descendenti,
2869 1517 3098 1572 dicente
3177 1516 3524 1574 Psalmista:
3604 1544 3632 1568 α
3683 1523 3829 1584 Quia

2178 1608 2450 1664 contrivit
2499 1611 2696 1679 portas
2755 1622 2953 1674 aereas,
2999 1609 3056 1660 et
3097 1610 3287 1664 vectes
3339 1608 3636 1680 confregit.
3678 1632 3708 1658 »
3763 1614 3829 1664 Et

2177 1696 2303 1778 cgeli
2337 1713 2483 1752 novo
2515 1696 2792 1767 obsequio
2824 1701 3207 1765 susceperunt
3257 1696 3328 1750 ad
3361 1696 3574 1752 Patrem
3607 1714 3822 1752 ascen—

2173 1786 2428 1841 dentem.
2461 1785 2571 1839 Sed
2605 1788 2662 1839 et
2719 1783 2893 1838 corda
2926 1782 3262 1837 mortalium
3308 1786 3452 1838 dura
3495 1785 3651 1855 prius
3712 1803 3826 1857 per

2173 1873 2627 1930 obstinationem
2676 1876 2878 1943 postea
2919 1871 3220 1942 patefacta
3269 1877 3408 1927 sunt
3465 1889 3564 1944 per
3614 1872 3825 1929 humi-

2173 1962 2285 2017 lem
2317 1961 2763 2017 confessionem.
2796 1959 3074 2015 Eamdem
3115 1975 3251 2032 ergo
3301 1965 3651 2032 potestatem
3699 1963 3823 2018 Sal-

2171 2057 2335 2107 vator
2390 2051 2512 2106 suis
2569 2049 2817 2121 largitur
2890 2047 3260 2120 praesulibus,
3319 2066 3455 2105 cum
3512 2053 3704 2119 Petro,
3764 2056 3821 2106 et

2171 2140 2297 2196 loco
2353 2139 2620 2195 Ecclesiae
2681 2136 3046 2210 principibus
3122 2141 3468 2209 potestatem
3536 2139 3822 2212 largiatur

2171 2230 2451 2284 dicendo:
2504 2251 2530 2278 «
2566 2229 2654 2283 Tu
2686 2244 2748 2283 es
2779 2231 3008 2294 Petrus,
3041 2230 3098 2281 et
3153 2243 3328 2299 super
3382 2228 3534 2282 hanc
3592 2234 3817 2299 petram

2169 2318 2465 2374 aediﬁcabo
2521 2315 2841 2373 Ecclesiam
2902 2332 3114 2384 meam,
3155 2319 3213 2370 et
3264 2320 3443 2387 portae
3474 2317 3646 2373 inferi
3704 2336 3815 2375 non

2169 2406 2559 2479 praevalebunt
2615 2406 2892 2460 adversus
2922 2421 3090 2460 eam:
3147 2408 3204 2459 et
3261 2405 3548 2476 quidquid
3607 2406 3815 2478 ligave-

2167 2495 2247 2551 ris
2304 2511 2481 2567 super
2538 2498 2755 2548 terram
2815 2493 2927 2547 erit
2999 2492 3245 2564 ligatum
3304 2497 3361 2548 et
3415 2493 3476 2548 in
3533 2495 3707 2563 coelo,
3763 2502 3815 2552 et

2165 2583 2447 2655 quidquid
2504 2581 2744 2638 solveris
2784 2597 2963 2653 super
3016 2585 3228 2636 terram
3288 2581 3401 2637 erit
3451 2580 3718 2639 solutum
3762 2591 3815 2641 et

2163 2673 2222 2728 in
2280 2672 2443 2728 coelo.
2498 2694 2525 2721 »
2583 2671 2683 2726 Cui
2741 2687 2877 2743 ergo
2935 2669 3146 2725 dicitur
3202 2675 3377 2742 portas
3444 2670 3616 2726 inferi
3701 2691 3810 2729 non

2161 2761 2557 2833 praevalebunt
2586 2765 2643 2816 et
2688 2759 2742 2816 ei
2799 2759 3021 2832 ligandi
3079 2759 3137 2812 in
3195 2758 3340 2814 caelo
3371 2763 3429 2814 et
3458 2760 3724 2816 solvendi
3754 2764 3809 2818 in

2159 2855 2314 2905 terra
2351 2849 2526 2905 simul
2587 2848 2953 2922 privilegium
3016 2847 3290 2916 trahitur,
3347 2854 3580 2904 constat
3636 2850 3808 2906 nimi-

2159 2955 2289 2993 rum
2343 2939 2484 3010 quia
2538 2943 2595 2994 et
2648 2936 2807 3008 cmlo,
2863 2941 2921 2992 et
2976 2940 3141 2991 terrae
3197 2941 3254 2991 et
3311 2937 3542 2992 inferno
3602 2941 3810 3011 princi-

2157 3031 2345 3098 petur.
2379 3026 2522 3082 Cum
2555 3043 2691 3099 ergo
2723 3025 2980 3097 pontifex
3005 3025 3166 3098 virga
3195 3043 3306 3080 sua
3355 3025 3808 3098 superliminare

2156 3116 2363 3171 futurae
2393 3115 2646 3170 ecclesiae
2678 3120 2764 3171 ter
2812 3114 3081 3186 percutit,
3132 3114 3388 3170 ostendit
3438 3114 3584 3188 quia
3614 3117 3726 3172 sibi
3755 3123 3805 3173 et

2155 3204 2302 3274 caali,
2337 3210 2393 3261 et
2451 3209 2615 3259 terra:
2648 3207 2705 3259 et
2758 3203 2927 3258 inferi
2987 3207 3245 3274 potestas
3303 3202 3477 3258 cedit.
3544 3203 3701 3260 Unde
3752 3213 3806 3261 et

467 3291 618 3347 Sane
649 3288 994 3344 illuminatis
1024 3288 1303 3357 candelis,
1329 3307 1454 3346 mos
1485 3295 1574 3346 est
1603 3293 1948 3364 pontificum
1972 3275 2117 3349 ad'C
2157 3298 2287 3366 post
2318 3293 2752 3366 percussionem
2785 3292 3003 3347 ostium
3035 3291 3309 3364 aperitur,
3361 3293 3638 3350 videlicet
3673 3297 3803 3367 quis

396 3378 623 3452 ostium,
670 3379 942 3434 accedere
999 3376 1251 3434 basilicas
1306 3377 1458 3434 clero
1489 3383 1546 3434 et
1586 3381 1801 3452 populo
1833 3382 2042 3438 subse-

394 3451 628 3540 quente,
660 3473 716 3523 et
746 3472 1046 3539 percutere
1077 3472 1162 3523 ter
1208 3451 1832 3539 superliminareicum
1882 3471 2044 3544 virga

394 3574 570 3628 quam
602 3556 922 3628 antiquitas
949 3556 1262 3611 cambutam
1291 3561 1474 3625 vocat,
1520 3561 1577 3612 et
1608 3561 1840 3613 cantare
1887 3559 2041 3614 anti-

390 3645 683 3718 phonam:
736 3643 992 3700 «Tollite
1044 3650 1273 3717 portas,
1313 3645 1626 3717 principes,
1687 3651 1930 3722 vestras,
1982 3651 2039 3702 et

390 3735 721 3803 elevamini,
747 3740 922 3807 portae
947 3732 1266 3789 zeternales.
1288 3755 1314 3783 η
1338 3734 1401 3788 Et
1424 3735 1542 3788 haec
1565 3735 1799 3806 quidem
1828 3753 2041 3808 nequa-

390 3843 593 3897 quam,
606 3830 670 3880 ut
684 3823 877 3896 pueris
891 3823 976 3879 vel
994 3822 1296 3896 pueriliter
1311 3821 1773 3893 intelligentibus
1791 3824 2035 3892 videtur,

391 3914 728 3985 accipienda
760 3917 918 3978 sunt,
953 3913 1053 3966 sed
1085 3911 1380 3968 subtiliter
1401 3911 1836 3966 discutiendum
1861 3929 2040 3985 quare

390 4002 472 4055 ita
501 4018 535 4054 a
563 4001 853 4055 veteribus
886 4000 1155 4056 instituta
1185 4000 1340 4068 sint;
1388 4000 1509 4055 haec
1540 4018 1794 4072 namque
1841 4007 1897 4056 et
1928 4001 2041 4058 alia

391 4106 495 4162 per
515 4088 840 4144 doctrinam
861 4089 1259 4159 apostolorum
1278 4105 1598 4161 eorumque
1616 4090 2037 4162 discipulorum

387 4179 459 4234 ad
494 4195 600 4233 nos
631 4177 926 4232 credimus
965 4177 1248 4232 devoluta.
1311 4179 1542 4234 Scimus
1589 4184 1782 4234 autem
1843 4197 2039 4236 sacros

389 4267 694 4340 pontifices
727 4264 956 4321 Domini
984 4269 1116 4321 Jesu
1151 4265 1363 4320 Christi
1412 4272 1640 4338 gestare
1700 4284 2036 4340 personam,

388 4357 543 4413 sicut
568 4357 653 4412 eis
677 4356 800 4428 ipse
821 4355 997 4411 dicit:
1033 4379 1059 4404 «
1085 4354 1245 4410 Sicut
1291 4354 1450 4410 misit
1498 4372 1590 4411 me
1630 4356 1815 4424 Pater,
1850 4361 1906 4412 et
1935 4374 2038 4430 ego

389 4447 558 4502 mitto
589 4462 710 4501 vos.
741 4467 769 4494 »
801 4445 1064 4516 Itemque
1094 4461 1106 4498 :
1141 4465 1170 4493 «
1207 4443 1310 4510 Qui
1336 4461 1435 4499 vos
1464 4445 1626 4498 audit
1657 4461 1747 4500 me
1775 4446 1960 4512 audit,
1984 4451 2041 4501 ct

362 4536 488 4608 ’qui
519 4552 619 4591 vos
650 4533 874 4606 spernit
909 4551 1000 4589 me
1030 4534 1271 4606 spernit.
1310 4556 1336 4581 »
1360 4533 1569 4589 Beatus
1601 4533 1776 4589 etiam
1821 4535 2038 4590 Paulus

388 4624 523 4684 huic
553 4623 752 4679 sensui
793 4623 1147 4695 astipulatur
1178 4639 1310 4678 cum
1364 4623 1485 4678 vice
1519 4623 1731 4679 Christi
1782 4641 1842 4679 se
1875 4623 2035 4697 fungi
2069 4634 2115 4698 D
2146 4624 2388 4690 vestras,
2442 4625 2498 4676 et
2571 4619 2896 4688 elevamini,
2965 4624 3142 4692 portae
3222 4621 3551 4694 (eternales,
3591 4647 3620 4670 υ

2145 4713 2288 4764 Cum
2319 4709 2661 4765 auctoritate
2707 4709 2905 4764 divina
2959 4709 3212 4782 imperat
3269 4710 3532 4782 pontifex
3593 4713 3800 4769 ἀπεωσ-

2145 4798 2320 4853 nibus
2353 4797 2474 4852 sive
2505 4798 2662 4852 vitiis
2709 4797 2974 4866 diversis,
3010 4803 3074 4852 ut
3132 4798 3338 4853 tollant
3383 4804 3593 4870 portas
3651 4819 3801 4864 suas.

387 4717 636 4768 testatur
664 4712 898 4767 dicens:
940 4733 958 4759 α
996 4712 1102 4767 Pro
1133 4711 1359 4766 Christo
1392 4711 1677 4782 legatione
1712 4713 2030 4783 l'ungimur,

389 4799 767 4856 obsecramus
798 4817 898 4871 pro
932 4801 1180 4866 Christo,
1215 4798 1668 4855 reconciliamini
1706 4801 1968 4856 Domino.
2005 4826 2032 4852 »

384 4889 564 4962 Virga
597 4894 790 4944 autem
823 4890 1140 4944 sacerdotis
1172 4893 1427 4960 potestas
1471 4886 1814 4959 intelligitur
1845 4906 2036 4945 sacer-

387 4977 596 5034 dotalis
630 4994 806 5048 quam
839 4977 923 5032 eis
955 4976 1202 5031 contulit
1227 4993 1358 5030 cum
1401 4976 1694 5048 apostolos
1724 4977 1794 5031 ad
1829 4979 2037 5049 pracdi-

387 5069 675 5124 cationem
710 5068 945 5121 mittens
969 5063 1112 5119 nihil
1131 5067 1214 5120 eis
1238 5064 1393 5120 aliud
1421 5066 1702 5137 permisit,
1729 5066 2036 5139 Evangelio

386 5157 614 5212 dicente
637 5156 928 5228 quod‘non
952 5155 1219 5227 permisit
1245 5159 1310 5208 ut
1331 5155 1548 5226 aliquid
1573 5154 1842 5210 tollerent
1865 5155 1920 5210 in
1945 5155 2036 5210 via

386 5245 502 5300 nisi
524 5246 744 5317 virgam
769 5249 1018 5298 tantum.
1048 5243 1192 5308 Quia
1212 5242 1374 5316 virga
1395 5244 1580 5298 sancti
1622 5243 1950 5298 sacerdotes
1980 5248 2037 5299 et

385 5335 763 5392 consolantur
794 5332 1065 5400 humiles,
1100 5337 1156 5387 et
1186 5337 1404 5387 terrent
1427 5333 1709 5404 superbos
1731 5349 1796 5386 ac
1821 5332 2036 5387 feriunt

338 5485 340 5488 ,
383 5423 838 5496 impmnitentes.
873 5422 971 5476 Est
995 5423 1196 5477 eadem
1230 5421 1393 5493 virga
1423 5437 1680 5487 recurva,
1717 5439 1842 5492 quae
1875 5419 2032 5476 solli-

382 5514 704 5570 citudinem
735 5517 793 5568 et
825 5512 1098 5583 pietatem
1124 5511 1458 5582 przefigurat
1478 5510 1924 5582 compassionis.
1953 5510 2034 5565 Ne

387 5600 542 5653 enim
573 5599 772 5670 aliqua
791 5600 985 5654 ovium
1007 5599 1259 5663 aberret,
1287 5598 1512 5653 habena
1533 5600 1800 5672 praecepti
1824 5604 1880 5655 et
1901 5599 2034 5654 cha-

389 5683 557 5747 ritate
588 5689 834 5743 utuntur
864 5685 1206 5754 affectionis,
1256 5686 1553 5744 imitantes
1596 5703 1732 5744 eum
1780 5687 1880 5762 qui
1930 5703 2035 5761 per

2153 3383 2264 3438 sibi
2296 3387 2639 3455 potestatem
2671 3399 2841 3438 suam
2889 3381 3065 3454 digne
3118 3381 3489 3437 conservanti
3540 3399 3676 3455 pars
3706 3385 3798 3439 ad-

2151 3487 2318 3527 versa
2349 3471 2619 3527 resistere
2648 3487 2762 3526 non
2795 3474 3003 3542 potest.
3055 3469 3200 3525 Nam
3234 3469 3365 3540 ipsa
3419 3471 3653 3541 domus,
3706 3490 3798 3527 sn-

2149 3564 2385 3632 tequam
2445 3576 2573 3616 eam
2624 3558 2893 3630 pontifex
2948 3557 3333 3632 ingrediatur,
3395 3558 3597 3632 populi
3639 3560 3797 3633 igno-

2150 3648 2334 3702 rantis
2361 3647 2614 3719 perfidiae
2650 3645 2946 3720 repagulis
2975 3645 3189 3702 inclusi
3240 3648 3485 3717 ﬁguram
3538 3653 3696 3702 tenet
3726 3650 3793 3703 ad

2149 3753 2323 3808 quem
2359 3735 2640 3790 Dominus
2687 3736 2844 3790 venit
2891 3739 2957 3791 ut
2999 3736 3269 3790 educeret
3315 3739 3542 3789 cunctos
3592 3736 3665 3789 de
3707 3742 3788 3790 te-

2150 3824 2368 3889 nebris,
2401 3823 2494 3878 cui
2527 3823 2695 3878 Pater
2742 3824 3003 3878 dixerat:
3064 3846 3091 3873 ιι
3127 3827 3246 3896 Ego
3296 3827 3415 3878 ante
3468 3826 3520 3876 te
3569 3822 3663 3877 ibo
3721 3829 3782 3878 et

2147 3911 2433 3984 gloriosos
2453 3915 2614 3967 terrae
2639 3911 2985 3980 humiliabo,
3011 3917 3211 3982 portas
3233 3929 3408 3967 aereas
3429 3916 3715 3967 conteram
3731 3917 3791 3968 et

2147 4005 2337 4056 vectes
2367 4002 2580 4056 ferreos
2611 4001 2998 4073 confringam.
3034 4022 3061 4049 »
3112 4001 3374 4072 Itemque
3425 4005 3556 4073 post
3604 4000 3800 4074 aliqua

2149 4091 2199 4145 ei
2236 4089 2401 4146 Pater
2448 4090 2625 4144 dicit:
2685 4113 2704 4138 α
2743 4094 2817 4144 Ut
2868 4089 3088 4144 diceres
3141 4089 3236 4144 his
3266 4091 3367 4161 qui
3400 4090 3580 4146 vincti
3621 4099 3795 4147 sunt:

2149 4179 2328 4250 Exite,
2361 4185 2418 4235 et
2449 4179 2540 4234 his
2589 4179 2687 4250 qui
2723 4179 2780 4232 in
2833 4178 3089 4234 tenebris
3135 4183 3312 4234 sunt:
3360 4179 3740 4234 Revelamini.
3771 4203 3798 4228 η

2149 4269 2311 4334 Quod
2341 4272 2396 4323 et
2427 4285 2527 4340 per
2584 4267 2847 4339 seipsum
2906 4267 3189 4322 Dominus
3220 4265 3279 4321 in
3339 4284 3519 4322 carne
3572 4270 3803 4324 veniens

2150 4357 2370 4429 peregit
2426 4361 2482 4411 et
2539 4372 2726 4428 usque
2779 4357 2837 4410 in
2904 4356 3076 4410 linem
3140 4355 3338 4412 saeculi
3397 4373 3503 4428 per
3562 4358 3804 4413 vicarios

2150 4460 2288 4498 suos
2321 4460 2490 4516 agere
2520 4460 2635 4499 non
2669 4442 2916 4498 desistit.
2950 4442 3230 4498 Cantatur
3249 4450 3447 4499 autem
3481 4445 3804 4518 antipbona

2150 4532 2483 4603 apontiﬁce
2542 4533 2806 4587 dicente:
2875 4554 2901 4581 ‹‹
2934 4531 3144 4586 Tollite
3203 4537 3420 4606 portas,
3484 4534 3802 4608 principes,

3698 4631 3800 4679 etc.

2149 4891 2438 4958 quatenus
2472 4891 2647 4958 portae
2673 4885 2934 4942 caelestes
2965 4886 3260 4942 eleventur
3298 4892 3353 4940 et
3400 4886 3668 4946 introeat
3697 4892 3799 4945 Rex

2147 4975 2362 5048 gloria.
2413 4979 2593 5029 Porta:
2626 4975 2782 5030 enim
2840 4976 3044 5031 mortis
3073 4982 3214 5032 sunt
3245 4980 3507 5048 peccata,
3550 4979 3629 5033 de
3684 4979 3797 5052 qui-

2146 5066 2258 5120 bus
2317 5065 2603 5137 PrOpheta
2655 5064 2939 5136 gloriatur
2994 5066 3066 5120 ad
3139 5066 3480 5130 Dominum,
3557 5069 3794 5124 dicens:

2150 5177 2175 5202 ‹‹
2209 5154 2313 5220 Qui
2346 5154 2564 5208 cxaltas
2600 5170 2690 5209 me
2726 5155 2795 5208 de
2828 5156 3007 5226 portis
3040 5156 3266 5210 mortis.
3298 5177 3325 5204 ››
3381 5155 3569 5212 Porta:
3613 5165 3791 5213 autem

2145 5247 2283 5298 sunt
2331 5241 2630 5297 reternales
2691 5259 2792 5314 per
2849 5261 2995 5315 quas
3053 5243 3421 5316 ingredimur
3481 5247 3555 5301 ad
3606 5248 3789 5304 vitam.

2143 5333 2214 5386 de
2246 5331 2462 5403 quibus
2508 5329 2882 5402 prosequitur
2930 5331 3081 5386 idem
3125 5330 3476 5387 Psalmista:
3532 5356 3560 5381 ‹‹
3599 5333 3669 5388 Ut
3698 5350 3790 5386 an-

2145 5415 2406 5474 nuntiein
2438 5436 2642 5475 omnes
2669 5418 3033 5475 laudationes
3066 5420 3161 5490 [aL
3215 5419 3421 5476 laudes
3454 5423 3617 5494 tuas]
3670 5427 3789 5476 tuas

2145 5509 2201 5563 in
2258 5507 2439 5580 portis
2500 5507 2627 5562 ﬁliae
2686 5508 2845 5564 Sion.
2883 5531 2904 5556 ι
2962 5513 3111 5563 Sunt
3165 5513 3361 5564 autem
3419 5516 3606 5582 portae
3650 5511 3785 5574 ista,

2143 5614 2274 5668 quae
2303 5596 2600 5652 elevantur
2655 5597 2711 5651 in
2761 5596 3018 5653 Ecclesia
3046 5596 3135 5653 vel
3195 5597 3451 5654 maxime
3501 5604 3637 5666 tres,
3687 5599 3792 5653 ba-

2141 5686 2346 5763 ptismi
2404 5686 2613 5762 gratia,
2673 5685 3009 5745 chrismatis
3066 5687 3254 5746 honor
3305 5691 3366 5749 et
3421 5689 3581 5748 sacri
3633 5688 3799 5753 verbi
