4018 6200
272 330 397 391 διο

1406 334 1506 392 ΒΕ
1556 331 2079 392 DEDICA'I‘IUNl‘)
2130 330 2541 393 ΕΟΩΙᾸΞΒΙίΕ.

3558 336 3685 394 ὃὺῡδ

270 462 624 534 ρνωὰἱοαῐὶο,
665 479 765 536 per
821 480 969 535 quas
1028 469 1142 521 Rex
1192 464 1387 538 gloriae
1440 463 1716 533 introivit,
1778 480 1909 520 cum
1942 467 1994 531 Α
2027 480 2157 520 rum
2198 464 2452 521 actiones
2484 481 2584 536 pro
2614 462 2889 520 omnibus
2920 461 3280 533 hominibus,
3304 479 3407 535 pro
3436 466 3672 536 regibus

269 550 537 608 Christus
588 570 688 624 per
741 559 943 608 sancta
999 570 1174 626 opera
1229 556 1289 609 in
1347 555 1601 611 Ecclesia
1658 572 1767 611 sua
1823 555 1913 610 sui

268 643 639 713 praesentiam
678 647 875 698 notam
910 643 1106 699 faciat.
1139 644 1334 700 Gloria
1378 646 1533 700 enim
1586 645 1757 717 Regis
1808 662 1915 700 no-

267 732 370 786 stri
404 738 494 786 est
524 748 657 786 cum
717 733 772 786 in
833 732 1087 787 Ecclesia
1117 734 1244 803 ejus
1275 738 1533 805 potestas
1579 740 1636 789 et
1681 734 1913 790 miseri-

265 820 463 875 cordia
494 825 551 875 et
599 821 835 892 justitia
882 822 1250 892 praedicatur,
1310 822 1539 878 dicente
1593 824 1908 895 Scriptura,

267 931 295 957 «
352 909 488 980 quia
534 908 719 981 gloria
749 927 956 982 regum
1005 911 1083 965 sit
1130 911 1314 967 celare
1342 914 1606 981 verbum,
1640 918 1697 968 et
1728 912 1910 985 gloria

262 997 496 1052 Domini
527 998 879 1071 investigare
911 1016 1298 1056 sermonem.»
1334 1007 1546 1073 Aperto
1576 1018 1709 1057 vero
1736 1003 1907 1072 ostio,

262 1087 445 1141 intrat
475 1087 751 1158 pontifex,
788 1087 989 1143 dicens
1040 1105 1174 1144 cum
1225 1088 1375 1145 clero
1422 1095 1477 1145 et
1526 1090 1739 1161 populo
1771 1096 1857 1145 ter
1891 1108 1903 1145 :

263 1176 440 1230 «Pax
494 1175 630 1231 huic
682 1177 908 1231 domui.
967 1197 992 1227 ι
1050 1178 1194 1242 Quia
1244 1179 1526 1234 Dominus
1574 1179 1906 1251 ingrediens

261 1266 554 1319 mundum
585 1282 773 1336 genus
805 1267 1130 1321 humanum
1159 1284 1261 1339 per
1287 1268 1479 1323 carnis
1511 1286 1632 1323 SINE
1671 1285 1906 1323 assum-

258 1354 519 1425 ptionem
580 1354 827 1411 Domino
895 1356 1305 1423 reconciliavit,
1367 1373 1686 1429 pacemque
1742 1358 1903 1414 illam

256 1458 437 1513 quam
469 1442 761 1499 discordia
808 1460 911 1516 per
957 1451 1256 1516 peccatum
1300 1446 1611 1501 disciderat
1642 1448 1765 1518 ipse
1796 1448 1901 1502 ad-

252 1538 466 1587 ventus
521 1531 612 1587 sui
674 1534 1050 1589 miseratione
1098 1534 1397 1590 conscivit.
1450 1536 1596 1591 Hinc
1626 1542 1716 1591 est
1747 1536 1900 1591 enim

254 1618 412 1688 quod
464 1618 655 1688 angeli
707 1636 773 1674 eo
834 1627 967 1676 nato
1013 1622 1415 1677 clamaverunt
1464 1640 1476 1678 :
1533 1646 1560 1672 ‹‹
1613 1623 1806 1679 Gloria
1843 1624 1901 1678 in

254 1704 498 1761 excelsis
549 1706 685 1775 Deo,
736 1712 793 1763 et
840 1710 896 1763 in
961 1713 1116 1765 terra
1172 1726 1283 1781 pax
1338 1711 1679 1768 hominibus
1737 1714 1899 1767 bonae

2026 560 2081 610 et
2113 571 2213 625 pro
2246 554 2337 609 his
2371 555 2468 626 qui
2497 556 2554 609 in
2588 553 2950 609 sublimitate
2979 556 3135 607 sunt.
3156 575 3177 601 ι
3214 552 3479 608 Pontifex
3510 570 3666 627 ergo,

2024 644 2164 699 dum
2198 642 2501 698 ecclesiam
2525 660 2734 698 novam
2757 642 3229 698 sanctilicaturus
3260 658 3387 697 eam
3419 643 3671 712 ingredi-

2022 736 2118 787 tur
2145 738 2203 787 et
2231 732 2428 787 statim
2460 733 2529 786 ad
2563 733 2884 787 orationem
2917 749 2978 787 se
3005 732 3245 798 confert,
3278 731 3539 803 Apostoli
3564 748 3668 788 vo-

2022 837 2145 876 cem
2178 820 2447 891 complet,
2478 821 2577 891 qui
2612 820 2871 892 primum
2904 821 3171 875 omnium
3203 819 3497 877 orationes
3540 821 3663 877 ﬁeri

2022 909 2209 981 poscit
2242 926 2343 981 pro
2374 908 2649 965 omnibus
2682 909 3041 977 hominibus,
3075 908 3297 965 scilicet
3325 915 3382 964 et
3409 927 3511 982 pro
3541 927 3663 966 cre-

2020 998 2295 1054 dentibus
2324 1004 2379 1053 et
2409 999 2660 1054 necdum
2692 998 3087 1053 credentibus.
3139 1002 3411 1055 Attamen
3460 1016 3661 1055 eorum
3758 1043 3767 1051 ,

2018 1088 2212 1143 adhuc
2232 1094 2434 1161 typum
2467 1092 2623 1143 tenet
2644 1088 2744 1159 qui
2776 1088 2981 1142 rudem
3015 1088 3241 1159 plebem
3269 1088 3557 1144 instruere
3581 1090 3663 1144 in-

2017 1178 2405 1249 cipiunt.Inde
2435 1183 2523 1233 est
2553 1177 2707 1247 quod
2739 1194 2986 1249 surgens
3018 1178 3089 1233 ab
3138 1178 3397 1233 oratione
3428 1195 3543 1234 non
3576 1196 3660 1235 sa-

2015 1265 2165 1321 lutat
2177 1266 2457 1339 papulum
2480 1266 2671 1321 adhuc
2689 1266 2893 1321 dicend
2904 1284 2989 1337 o,«
3002 1268 3279 1322 Dominus
3297 1268 3658 1335 vobiscum,»

2016 1358 2115 1411 sed
2150 1358 2220 1411 ad
2252 1357 2575 1412 orationem
2608 1360 2850 1410 cunctos
2879 1356 3166 1411 hortatur.
3202 1357 3461 1412 Necdum
3501 1358 3659 1413 enim

2012 1446 2263 1517 populus
2295 1444 2559 1501 novellus
2580 1446 2650 1500 ad
2672 1462 2800 1500 eam
2832 1444 3176 1517 dignitatem
3209 1445 3467 1517 pervenit
3487 1450 3552 1501 ut
3572 1464 3661 1503 sa-

2012 1536 2265 1592 cerdotis
2296 1535 2644 1590 salutatione
2673 1534 2887 1605 dignus
2926 1534 3209 1589 videatur.
3246 1534 3452 1590 Adhuc
3498 1536 3655 1592 enim

2011 1625 2208 1679 fenum
2250 1629 2539 1680 tectorum
2586 1628 2694 1690 est,
2745 1623 2816 1677 de
2864 1638 2978 1693 quo
3028 1639 3141 1677 non
3174 1622 3381 1694 implet
3411 1640 3653 1679 manum

2010 1729 2179 1768 suam
2201 1713 2301 1783 qui
2325 1711 2623 1774 metit,nec
2644 1711 2838 1766 sinum
2863 1727 3037 1765 suum
3062 1711 3163 1782 qui
3188 1710 3521 1782 manipulos
3543 1712 3656 1768 col-

250 1792 591 1898 voluntatis.
629 1796 832 1898 »‘.Hinc
866 1805 970 1897 .est
1000 1798 1153 1870 quod
1206 1800 1331 1871 ipse
1363 1801 1656 1898 Princeps
1704 1818 1899 1857 sacer-
1929 1800 2158 1898 B_1igit,
2188 1806 2251 1855 ut
2276 1802 2363 1856 eis
2392 1800 2579 1872 possit
2610 1799 2723 1855 dici
2754 1816 2787 1854 a
2818 1800 3383 1898 praetereuntibustu
3419 1800 3653 1856 Benedi-

249 1882 456 1937 dotum
518 1884 996 1955 praedicatoribus
1049 1904 1197 1959 quos
1251 1888 1515 1944 Ecclesia;
1546 1891 1899 1961 praeﬁciebat

242 1971 520 2043 praecepit
551 1972 751 2029 dicens
802 1993 813 2029 :
875 1999 893 2022 ι
932 1979 1223 2032 Intrantes
1256 1982 1451 2033 autem
1482 1979 1745 2046 domum,
1799 1998 1896 2034 sa-

248 2057 437 2114 lutate
476 2076 604 2114 eam
647 2062 909 2119 dicentes
962 2082 974 2119 :
1030 2068 1146 2119 Pax
1199 2064 1333 2119 huic
1380 2068 1599 2123 domui.
1638 2092 1663 2117 »
1698 2070 1809 2123 Sed
1841 2072 1897 2123 et

243 2147 378 2217 ipse
408 2148 714 2220 ingressus
762 2153 1003 2207 domum
1049 2153 1269 2208 Zachaai
1313 2156 1503 2212 dixit:
1544 2180 1562 2204 ι
1601 2158 1745 2222 Quia
1790 2158 1894 2213 ho-

237 2234 343 2290 die
400 2253 511 2307 pax
553 2237 691 2294 huic
738 2241 937 2296 domui
988 2242 1137 2297 facta
1185 2247 1292 2309 est,
1346 2259 1411 2299 eo
1463 2247 1618 2317 quod
1666 2251 1722 2300 et
1768 2245 1894 2318 ipse

235 2322 407 2378 ﬁlius
438 2325 516 2380 sit
544 2327 808 2383 Abrahae.
846 2353 872 2379 »
904 2332 1183 2404 Idemque
1225 2339 1357 2407 post
1406 2335 1891 2391 resurrectionem

235 2428 537 2483 apparens
568 2416 877 2488 discipulis
904 2422 1028 2476 suis
1072 2424 1154 2478 ait
1187 2442 1198 2480 :
1236 2447 1264 2474 ‹‹
1297 2429 1415 2479 Pax
1462 2424 1645 2480 vobis.
1678 2446 1706 2474 »
1742 2429 1890 2479 Pon-

234 2502 385 2556 tifex
434 2517 570 2573 ergo
620 2506 926 2564 ecclesiam
976 2510 1333 2583 ingrediens,
1367 2537 1393 2562 ‹‹
1444 2514 1557 2569 Pax
1600 2513 1736 2568 huic
1790 2514 1893 2569 do-

240 2588 393 2655 mui,
427 2611 455 2638 »
487 2590 718 2658 clamat,
775 2597 913 2666 quia
956 2601 1141 2655 sancti
1190 2604 1455 2658 doctores
1504 2603 1575 2657 ad
1624 2603 1731 2657 hoc
1772 2607 1890 2657 sat-

237 2682 431 2749 agunt
482 2684 546 2733 ut
598 2682 851 2753 populus
909 2687 1009 2758 qui
1058 2706 1090 2742 a
1148 2690 1392 2746 Domino
1458 2692 1891 2747 discordaverat

246 2782 355 2837 per
380 2773 634 2838 peccata,
664 2772 715 2825 ei
764 2776 1166 2833 reconcilietur
1197 2795 1297 2849 per
1326 2780 1611 2835 bonorum
1645 2795 1887 2851 operum

238 2856 542 2911 exercitia.
584 2863 703 2914 Hoc
738 2862 948 2919 Paulus
995 2866 1118 2937 agit
1164 2882 1309 2937 pene
1353 2884 1456 2939 per
1503 2884 1707 2922 omnes
1755 2868 1887 2939 Epi-

239 2942 429 2999 stolas
488 2963 626 3003 suas
679 2951 984 3008 scribendo
1033 2956 1103 3009 ad
1164 2956 1485 3028 discipulos
1533 2974 1546 3011 :
1614 2980 1643 3006 ‹‹
1692 2956 1889 3011 Gratia

234 3033 411 3088 vobis
442 3038 497 3089 et
528 3052 637 3107 pax
668 3054 701 3092 a
730 3043 839 3093 Deo
870 3041 1038 3097 Patre
1067 3048 1123 3098 et
1154 3046 1396 3099 Domino
1426 3046 1563 3100 Jesu
1597 3045 1881 3100 Christo.»

242 3122 390 3176 Item
425 3127 649 3180 Petrus.
684 3150 710 3175 ‹‹
739 3130 935 3184 Gratia
964 3132 1126 3187 vobis
1156 3138 1213 3187 et
1238 3150 1349 3204 pax
1378 3134 1819 3206 multiplicetur.
1856 3156 1883 3183 »

2008 1891 2121 1946 ctio
2153 1890 2384 1945 Domini
2401 1906 2577 1961 super
2596 1889 3128 1959 vos,benediximus
3149 1890 3314 1945 vobis
3330 1889 3387 1944 in
3412 1890 3653 1945 nomine

2007 1980 2257 2036 Domini.
2295 2004 2322 2030 »
2356 1980 2417 2036 In
2450 1996 2700 2051 quorum
2734 1980 2922 2051 figura
2970 1978 3116 2033 Boos
3147 1977 3246 2032 ille
3268 1978 3648 2044 fortissimus,

2005 2071 2147 2125 dum
2181 2085 2471 2125 messores
2503 2086 2641 2124 suos
2672 2067 2954 2133 inviserit,
2987 2067 3151 2132 dixit,
3186 2090 3211 2117 ‹‹
3249 2068 3528 2123 Dominus
3558 2085 3651 2123 vo-

2003 2159 2256 2214 biscum.
2295 2182 2315 2207 »
2356 2158 2502 2224 Quia
2532 2156 2801 2212 videlicet
2834 2156 3115 2211 Dominus
3147 2162 3344 2211 noster
3367 2156 3650 2211 veraciter

2004 2248 2351 2318 fortis,quod
2386 2262 2596 2301 nomen
2630 2246 2775 2300 Boos
2806 2250 2993 2315 sonat,
3018 2245 3157 2299 dum
3194 2260 3485 2299 messores
3511 2261 3651 2299 suos

2004 2337 2158 2391 intra
2184 2336 2281 2405 [αν.
2316 2336 2375 2390 in
2407 2351 2573 2391 sacra
2603 2334 2815 2405 messe]
2844 2349 3097 2388 messem
3124 2332 3336 2389 viderit
3364 2332 3647 2401 laborare,

2004 2425 2427 2481 benedictionis
2458 2442 2575 2479 suae
2603 2425 2864 2479 ubertate
2908 2438 3007 2477 eos
3053 2422 3403 2487 accumulat,
3435 2428 3492 2478 et
3527 2427 3649 2478 tam

2002 2515 2331 2586 praepositis
2379 2530 2554 2585 quam
2605 2513 2884 2582 subjectis
2933 2511 3138 2583 implet
3194 2512 3645 2584 promissionem

2000 2618 2170 2657 suam
2204 2602 2401 2657 dicens
2435 2618 2447 2656 :
2483 2625 2511 2651 «
2546 2602 2683 2655 Ecce
2713 2617 2818 2672 ego
2838 2601 3139 2655 vobiscum
3190 2618 3322 2656 sum
3370 2601 3645 2656 omnibus

2000 2691 2208 2746 diebus
2237 2706 2426 2760 usque
2473 2690 2545 2745 ad
2595 2689 3165 2744 consummationem
3198 2687 3415 2744 seaculi.
3468 2710 3495 2738 »
3550 2688 3643 2743 Eis

1996 2795 2128 2834 vero
2150 2796 2277 2850 qua:
2300 2779 2548 2833 necdum
2570 2777 2629 2833 in
2654 2776 2787 2832 ﬁdei
2809 2778 3083 2833 societate
3109 2776 3373 2832 Ecclesiae
3396 2777 3643 2833 adunari

1998 2873 2357 2934 meruerunt,
2408 2884 2523 2922 non
2574 2866 2765 2921 solum
2818 2883 2934 2921 non
2986 2866 3297 2933 benedixit,
3333 2867 3429 2923 sed
3462 2866 3638 2922 etiam

1998 2958 2227 3013 misceri
2261 2955 3102 3029 prohibet{al.renuit]dicendo
3133 2972 3236 3027 per
3266 2957 3599 3028 Apostolum
3625 2972 3639 3012 :

1999 3070 2025 3097 ‹‹
2060 3047 2194 3111 Quae
2227 3045 2680 3101 communicatio
2697 3044 2912 3100 Christi
2933 3045 3003 3099 ad
3029 3043 3245 3099 Belial?
3269 3046 3373 3111 Qui
3399 3062 3647 3101 conven~

1996 3140 2095 3190 tus
2126 3135 2344 3206 templo
2374 3135 2469 3189 Dei
2503 3151 2635 3189 cum
2668 3133 2884 3189 idolis?
2915 3156 2942 3181 »
2979 3136 3238 3205 Itemque
3274 3152 3375 3205 per
3396 3135 3650 3207 prophe-

239 3209 476 3266 Clamat
527 3224 722 3270 autem
778 3222 883 3288 ter,
920 3228 1000 3273 ut
1047 3202 1258 3287 Patris,
1306 3228 1362 3277 et
1410 3202 1573 3290 Filii;
1600 3229 1659 3277 et
1708 3222 1888 3294 Spiri-
1921 3202 1964 3268 C
2001 3230 2122 3278 tam
2158 3241 2171 3277 :
2211 3202 2660 3294 «('Separamini,
2684 3222 2825 3276 dicit
2857 3202 3159 3287 Dominus,
3190 3228 3247 3275 et
3274 3202 3651 3279 immundum

236 3302 346 3354 tua
406 3303 614 3370 sancti,
674 3322 925 3376 quorum
987 3326 1104 3364 una
1162 3315 1254 3365 est
1309 3311 1610 3378 divinitas,
1670 3312 1749 3365 sit
1804 3327 1891 3365 re-

240 3389 675 3449 conciliationis
724 3412 891 3465 aequa
938 3399 1222 3468 parilitas.
1258 3399 1421 3454 Unus
1469 3406 1557 3455 est
1597 3400 1752 3455 enim
1788 3405 1892 3454 Do-

242 3478 467 3547 minus,
520 3498 637 3536 una
696 3484 859 3550 fides,
922 3503 1107 3542 unum
1163 3488 1475 3560 baptisma.
1538 3490 1601 3543 In
1658 3488 1751 3544 his
1808 3505 1894 3543 re-

242 3568 721 3627 conciliationem
767 3579 824 3628 et
870 3590 1069 3645 pacem
1102 3578 1172 3631 ad
1208 3582 1387 3632 Deum
1436 3595 1538 3650 per
1580 3578 1894 3633 Dominum

244 3661 517 3713 nostrum
544 3660 743 3716 Jesum
776 3663 1071 3720 Christum
1105 3668 1446 3736 meruimus,
1479 3668 1705 3723 dicente
1743 3674 1895 3739 Apo-

243 3745 419 3809 stolo,
452 3748 591 3819 quia
621 3770 650 3800 «
682 3752 1005 3822 paciﬁcavit
1050 3771 1153 3826 per
1194 3757 1541 3829 sanguinem
1575 3773 1749 3812 suum
1782 3773 1896 3811 non

248 3834 446 3891 solum
499 3854 627 3909 quas
676 3840 735 3894 in
788 3841 972 3909 caelis,
1037 3846 1137 3899 sed
1190 3846 1365 3900 etiam
1424 3862 1550 3917 quae
1608 3847 1666 3901 in
1726 3846 1897 3901 terris

245 3929 393 3979 sunt
423 3925 480 3979 in
512 3927 660 3998 ipso.
700 3951 727 3977 »
760 3931 919 3995 Quod
953 3948 1083 3987 vero
1116 3934 1373 3988 intrante
1404 3936 1677 4006 pontifice
1714 3934 1897 3990 eccle-

246 4012 424 4083 siam,
485 4015 673 4073 clerus
726 4034 860 4073 cum
922 4019 1147 4087 litania,
1213 4028 1543 4077 sacerdotes
1600 4028 1657 4078 et
1712 4022 1896 4078 levitas

243 4104 527 4174 prostrati
589 4106 648 4160 in
701 4111 916 4163 terram
978 4112 1047 4165 ad
1109 4111 1422 4165 Dominum
1483 4112 1740 4167 clamant
1796 4128 1898 4183 pro

243 4193 713 4250 sanctificatione
770 4198 955 4268 ipsius
1009 4199 1241 4266 domus,
1304 4201 1411 4256 hoc
1468 4207 1557 4256 est
1623 4200 1776 4271 quod
1844 4205 1901 4255 et

245 4282 536 4338 Dominus
585 4289 717 4338 ante
761 4288 1095 4358 passionem
1144 4288 1259 4360 egit
1308 4306 1411 4360 pro
1468 4290 1794 4361 discipulis,
1844 4294 1902 4345 et

243 4386 353 4441 pro
400 4373 630 4428 cunctis
661 4375 759 4445 qui
792 4382 924 4447 post
974 4384 1304 4449 sequuntur
1350 4379 1619 4433 fidelibus
1672 4385 1897 4434 Patrem

244 4475 522 4526 exorans,
571 4462 861 4520 dicendo:
901 4467 1148 4534 «Pater,
1202 4468 1502 4523 sanctiﬁca
1544 4486 1643 4524 eos
1690 4468 1747 4523 in
1798 4486 1899 4524 no-

2006 3330 2077 3367 ne
2107 3312 2477 3383 tetigeritis.»
2511 3312 2769 3380 Itemque
2801 3326 2902 3380 per
2933 3311 3171 3363 beatum
3202 3310 3488 3364 Joannem
3514 3330 3573 3365 :u
3596 3311 3654 3364 Si

2006 3402 2137 3473 quis
2168 3401 2326 3455 venit
2357 3401 2427 3454 ad
2461 3416 2559 3453 vos
2586 3405 2642 3453 et
2662 3399 2811 3453 hanc
2843 3397 3167 3452 doctrinam
3201 3413 3316 3452 non
3344 3398 3530 3468 affert,
3553 3414 3658 3453 nec

1991 3503 2106 3545 ‘ave
2136 3490 2187 3544 ei
2221 3486 2539 3543 dixeritis.»
2566 3487 2865 3541 Orandum
2900 3490 2989 3541 est
3017 3502 3154 3557 ergo
3184 3502 3286 3557 pro
3316 3486 3541 3543 talibus
3558 3488 3659 3560 qui

2007 3580 2257 3635 necdum
2290 3577 2501 3631 initiati
2537 3580 2693 3644 sunt,
2741 3592 2857 3630 non
2904 3580 3099 3630 tamen
3149 3575 3443 3631 salutandi
3495 3582 3656 3647 sunt,

2008 3669 2146 3740 quia
2177 3684 2290 3722 non
2322 3671 2411 3721 est
2430 3666 2515 3720 eis
2532 3664 2620 3720 vel
2645 3664 3133 3719 consentiendum
3160 3665 3246 3720 vel
3271 3664 3657 3733 adulandum,

2007 3759 2147 3830 quia
2173 3757 2319 3829 ipsis
2349 3755 2831 3827 praedicatoribus
2866 3755 3147 3809 Dominus
3179 3754 3339 3818 dicit,
3364 3760 3429 3809 ut
3453 3760 3659 3810 euntes

2007 3848 2077 3903 ad
2103 3847 2534 3919 praedicandum
2565 3843 2859 3900 neminem
2890 3842 3149 3898 salutent
3173 3843 3231 3897 in
3257 3843 3368 3898 via.
3394 3842 3538 3898 Hinc
3569 3847 3660 3899 est

2007 3938 2185 3993 etiam
2217 3937 2371 4008 quod
2398 3934 2635 3989 Elisacus
2658 3950 2831 3988 verus
2862 3949 2995 3988 cum
3029 3948 3275 4004 puerum
3304 3932 3564 3988 mitteret
3581 3934 3653 3989 ad

2010 4026 2481 4082 resuscitandum
2517 4028 2839 4088 mortuum,
2876 4022 3135 4094 praecipit
3163 4026 3228 4077 ut
3257 4022 3552 4078 neminem
3593 4022 3654 4077 in

2006 4115 2099 4171 via
2152 4114 2453 4179 salutaret,
2488 4111 2757 4167 videlicet
2807 4111 3100 4166 neminem
3131 4111 3285 4167 ﬂuxa
3312 4112 3441 4167 vita:
3473 4112 3653 4183 hujus

2008 4204 2224 4277 gaudia
2255 4202 2733 4273 requirentem,et
2753 4200 2873 4255 haec
2896 4217 3029 4256 cum
3050 4200 3353 4256 alacritate
3382 4206 3656 4272 appeten-

2009 4300 2127 4349 tem
2161 4309 2262 4362 spe
2293 4308 2461 4347 cassa
2483 4290 2569 4346 vel
2602 4291 2935 4347 adulatione
2966 4290 3420 4355 demulceat,sed
3454 4290 3527 4343 ad
3550 4289 3656 4343 mi-

2011 4381 2321 4436 nisterium
2354 4380 2465 4435 sibi
2494 4380 2823 4451 injunctum
2856 4384 2978 4434 tota
3016 4378 3336 4433 intentione
3366 4391 3654 4449 peragen-

2011 4472 2152 4525 dum
2187 4470 2445 4524 festinet.

164 4557 169 4561 ’
244 4548 410 4647 fume
458 4555 559 4605 tuo
590 4568 737 4647 (ἶιξοε
787 4553 1027 4647 dedis“.
1060 4556 1184 4647 Non
1234 4574 1336 4647 PFO
1391 4557 1481 4611 his
1529 4563 1723 4613 autem
1759 4575 1895 4630 P080
1927 4572 1972 4636 D
2005 4579 2146 4647 Quid
2174 4577 2448 4646 signiﬁcet
2468 4575 2615 4646 quod
2639 4573 2899 4629 sacerdos
2920 4570 3661 4647 [al.pontifexhlphabetum

242 4642 503 4703 tantum,
560 4642 659 4695 sed
709 4659 811 4713 pro
860 4644 945 4699 eis
995 4646 1095 4716 qui
1143 4645 1416 4701 credituri
1468 4653 1607 4702 sunt
1638 4664 1740 4719 per
1768 4664 1890 4702 ver-

238 4727 389 4781 bum
434 4743 636 4783 eorum
681 4730 740 4785 in
793 4749 903 4787 me.
958 4756 986 4782 »
1040 4735 1151 4789 Sed
1201 4739 1257 4790 et
1305 4735 1551 4807 apostoli
1582 4737 1640 4790 in
1677 4738 1888 4807 episto-

239 4815 320 4870 lis
370 4818 495 4872 suis
538 4818 843 4891 discipulis
885 4823 1149 4878 scribunt
1191 4841 1355 4879 orare
1409 4840 1470 4879 se
1530 4826 1657 4881 sine
1712 4826 1888 4881 inter-

242 4904 528 4961 missione
586 4909 657 4963 ad
712 4909 1026 4966 Dominum
1086 4930 1189 4985 pro
1244 4913 1391 4985 ipsis
1440 4919 1496 4969 et
1547 4916 1890 4969 memoriam

241 4994 435 5050 facere
465 5012 665 5053 eorum
695 4998 752 5053 in
785 5000 1166 5057 orationibus.
1199 5003 1433 5058 Necnon
1481 5004 1744 5058 Ecclesia:
1776 5020 1890 5058 non

241 5082 488 5138 inolevit
515 5102 619 5157 per
656 5088 1029 5145 traditionem
1079 5092 1476 5163 apostolorum
1527 5098 1589 5147 ut
1634 5109 1749 5147 non
1798 5110 1890 5147 so-

240 5171 372 5225 lum
422 5189 524 5245 pro
576 5174 867 5247 fidelibus,
892 5179 993 5233 sed
1042 5185 1099 5234 et
1147 5198 1249 5252 pro
1299 5181 1585 5237 haereticis
1634 5187 1691 5237 et
1738 5183 1889 5237 schi-

238 5261 531 5334 smaticis,
576 5281 804 5320 necnon
850 5266 1068 5321 Judaais
1112 5285 1177 5323 ac
1225 5271 1469 5342 paganis
1518 5271 1747 5326 Domini
1781 5272 1889 5325 mi-

239 5350 627 5421 sericordiam
660 5354 1025 5408 conveniant.
1062 5356 1205 5411 Nam
1258 5359 1465 5413 beatus
1512 5359 1726 5412 Paulus
1764 5364 1891 5412 tan-

244 5454 432 5510 quam
482 5439 785 5511 ingressus
826 5442 1153 5513 ecclesiam,
1186 5445 1524 5500 cohortatur
1568 5463 1770 5500 omnes
1820 5448 1892 5502 ad

244 5527 575 5583 orationem
662 5529 862 5584 dicens
929 5549 1035 5585 ;ν‹‹
1103 5532 1354 5589 Obsecro
1432 5535 1689 5606 primum
1769 5552 1891 5590 om-

242 5616 419 5672 nium
524 5616 647 5671 ﬂeri
736 5618 1047 5690 orationes,
1151 5622 1595 5695 postulationes,
1679 5626 1893 5695 gratia-

2512 4648 2571 4699 in
2601 4647 2917 4715 pavimento
2946 4645 3153 4698 scribit.

2072 4737 2173 4792 llis
2214 4737 2319 4791 rite
2368 4734 2698 4807 completis,
2731 4733 2940 4804 incipit
2988 4731 3249 4803 pontifex
3294 4732 3365 4787 de
3414 4730 3656 4789 sinistro

2002 4826 2217 4899 angulo
2249 4827 2321 4881 ab
2353 4825 2575 4881 oriente
2604 4822 2858 4879 scribere
2886 4838 2985 4894 per
3017 4822 3416 4893 pavimentum
3454 4822 3659 4894 alpha-

2002 4918 2202 4972 betum
2230 4932 2415 4986 usque
2440 4915 2511 4969 ad
2530 4915 2798 4968 dextrum
2824 4910 3107 4984 angulum
3129 4910 3652 4981 occidentis,atque

2002 5004 2214 5059 iterum
2246 5002 2517 5058 similiter
2542 5019 2575 5056 a
2604 5003 2802 5057 dextro
2834 4998 3048 5072 angulo
3092 4999 3333 5055 orientis
3372 5014 3558 5069 usque
3588 4997 3646 5052 in

2003 5092 2311 5147 sinistrum
2346 5090 2627 5162 angulum
2660 5089 3077 5145 occidentalem
3110 5086 3522 5151 basilicaz.Qum
3555 5102 3648 5141 res

2003 5180 2243 5253 puerilis
2273 5180 2450 5235 ludus
2479 5179 2793 5244 videretur,
2826 5180 2938 5234 nisi
2969 5198 3002 5233 a
3032 5176 3260 5247 magnis
3290 5184 3347 5231 et
3374 5174 3648 5246 spiritua-

2002 5270 2178 5335 libus,
2211 5273 2411 5341 utpote
2438 5268 2774 5341 apostolicis
2804 5268 2959 5334 viris,
2994 5266 3265 5321 instituta
3296 5264 3646 5319 crederetur.

2004 5365 2191 5430 Atque
2223 5359 2351 5413 ideo
2382 5363 2543 5414 tanto
2576 5359 2763 5431 magis
2796 5357 3081 5412 sacratius
3112 5354 3253 5426 quid
3287 5353 3344 5408 in
3368 5352 3467 5408 tali
3500 5353 3649 5409 facto

2004 5449 2082 5503 sit
2111 5448 2477 5502 reconditum
2510 5446 2929 5519 requirendum
2953 5448 3292 5516 est,quanto
3315 5442 3512 5497 minus
3534 5459 3649 5497 non

2004 5536 2466 5608 intelligentibus
2496 5536 2607 5590 vile
2637 5536 2818 5590 videri
2852 5539 3061 5607 potest.
3090 5532 3402 5588 Sciendum
3429 5536 3651 5600 tamen,

2006 5626 2159 5681 sicut
2181 5627 2306 5698 jam
2338 5642 2517 5698 supra
2546 5625 2768 5682 dictum
2800 5628 2910 5691 est,
2944 5623 3144 5680 omnia
3172 5638 3299 5696 quas
3340 5620 3411 5677 in.
3432 5620 3649 5678 talibus
