4018 6200
330 292 443 358 851

834 297 1139 360 REMIGII
1183 296 1934 362 ANTISSIODORENSIS
1979 295 2152 357 OPP.
2200 298 2401 360 PARS
2445 299 2521 362 ll.
2553 299 3229 363 —MISCELLANEA.

3611 303 3738 367 852

330 431 485 486 ﬁunt
513 429 743 486 Domini
776 431 1104 503 exemplum
1136 434 1584 504 praecessisse,et
1608 434 1762 505 quod
1785 433 1840 487 in
1874 431 1975 487 illa
2004 430 2058 496 Α
2087 430 2505 489 occidentalem
2555 434 2879 505 sinistrum,
2915 434 3024 491 hoc
3054 435 3308 491 indicare
3326 433 3560 493 videtur
3596 437 3741 508 quia

332 520 634 592 praecessit
665 521 723 574 in
755 522 1191 577 successoribus
1214 522 1578 578 immutabile
1603 522 1974 578 remansisse.

337 610 618 682 Superius
648 626 901 681 namque
935 611 1190 681 pontifex
1219 613 1624 666 tantummodo
1656 612 1975 666 orationem

335 699 670 765 fudit,nunc
695 701 966 769 verojam
992 699 1283 772 alphabeti
1307 701 1569 755 ordinem
1597 717 1695 772 per
1717 700 1973 754 futuram

335 787 638 843 ecclesiam
662 788 771 842 sub
794 793 960 843 certa:
986 789 1431 860 significationis
1464 790 1738 861 mysterio
1761 788 1976 844 descri-

336 876 594 942 bit.Quid
630 882 822 931 autem
854 894 956 947 per
985 877 1384 949 alphabetum,
1410 878 1523 934 nisi
1553 879 1719 933 initia
1750 883 1806 933 et
1827 878 1979 932 rudi-

335 971 534 1020 menta
564 965 839 1020 doctrina:
889 984 1065 1022 sacrae
1116 967 1357 1039 intelligi
1393 969 1699 1023 convenit?
1732 969 1894 1022 Unde
1923 971 1980 1021 et

334 1054 554 1109 Paulus
575 1055 831 1110 Hebrzeis
853 1058 1208 1127 exprobrans
1231 1057 1372 1111 dicit
1396 1075 1444 1111 ;‹‹
1473 1059 1699 1112 Etenim
1724 1074 1856 1112 cum
1881 1059 1977 1111 de-

333 1144 552 1199 beretis
584 1144 850 1216 magistri
882 1152 1272 1217 esse,propter
1302 1153 1533 1218 tempus
1566 1164 1803 1202 rursum
1827 1147 1977 1200 indi-

334 1233 481 1304 getis
512 1236 578 1287 ut
607 1250 709 1288 vos
734 1234 1110 1289 instruamini
1145 1253 1270 1306 qua:
1304 1236 1424 1290 sint
1454 1235 1743 1291 elementa
1773 1235 1976 1290 mundi

334 1326 392 1377 et
420 1321 654 1376 exordia
683 1337 1024 1377 sermonum
1063 1324 1183 1378 Dei.
1220 1347 1247 1372 ››
1281 1325 1494 1380 Scribit
1539 1341 1674 1396 ergo
1724 1326 1980 1395 pontifex

334 1409 630 1482 alphabeti
661 1410 946 1477 ordinem,
979 1428 1113 1466 cum
1147 1412 1279 1466 fidei
1325 1413 1489 1467 docet
1521 1413 1978 1484 simplicitatem,

335 1503 391 1554 et
421 1499 562 1554 dicit
583 1516 715 1554 cum
737 1498 914 1555 Paulo
938 1500 1381 1572 apostolozuLac
1404 1501 1566 1557 vobis
1599 1506 1800 1573 potum
1824 1502 1976 1570 dedi,

336 1605 452 1643 non
484 1605 699 1644 escam.
725 1589 995 1644 Nondum
1027 1589 1179 1644 enim
1213 1591 1507 1661 poteratis,
1531 1592 1630 1646 sed
1654 1607 1758 1646 nec
1788 1591 1981 1645 adhuc

335 1677 574 1749 quidem
606 1678 866 1750 potestis.
904 1701 932 1727 »
963 1678 1122 1734 Sicut
1169 1680 1327 1734 enim
1380 1679 1752 1751 parvulorum
1785 1679 1978 1734 erudi-

2087 536 2221 575 cum
2255 521 2554 593 plenitudo
2582 525 2840 595 gentium
2871 523 3162 579 introierit
3182 529 3321 580 tunc
3342 526 3536 582 omnis
3559 526 3736 582 Israel

2089 611 2284 664 salvus
2319 612 2434 666 ﬁet.
2457 612 2768 683 Utriusque
2797 629 2932 684 ergo
2964 612 3163 684 populi
3195 613 3596 670 collectionem
3619 616 3739 671 duo

2087 714 2290 755 versus
2323 701 2417 755 isti
2451 701 2801 773 significant,
2836 702 2895 756 in
2927 718 3102 757 unam
3132 706 3327 757 tamen
3360 706 3555 759 crucis
3576 721 3738 759 com-

2087 803 2316 858 pagem.
2351 789 2494 843 Hinc
2523 795 2611 844 est
2640 791 2794 860 quod
2826 790 3026 857 Jacob,
3057 807 3190 845 cum
3224 791 3359 846 filiis
3387 792 3607 863 Joseph
3639 794 3739 848 be-

2088 876 2397 947 nediceret,
2431 877 2765 933 cancellatis
2815 879 3089 934 manibus
3140 880 3391 952 effigiem
3426 881 3621 936 crucis
3655 883 3739 936 fa-

2088 964 2539 1036 ciens,dextram
2571 984 2814 1022 manum
2849 984 3024 1038 super
3052 973 3227 1040 caput
3252 968 3528 1039 Ephraim
3557 971 3740 1027 mino-

2089 1053 2500 1122 ris,sinistram
2525 1060 2720 1110 autem
2744 1072 2920 1128 super
2958 1061 3135 1128 caput
3171 1057 3438 1112 Manasse
3469 1061 3734 1127 majoris,

2089 1142 2651 1214 posuit,significans
2682 1145 2819 1216 quia
2851 1145 3103 1216 papulus
3133 1146 3333 1200 dexter
3354 1149 3658 1218 quondam
3679 1149 3731 1203 in

2089 1231 2395 1286 sinistrum
2445 1238 2782 1304 verteretur,
2815 1235 3168 1305 sinisterque
3197 1235 3257 1288 in
3286 1235 3583 1292 dextrum.
3624 1238 3734 1292 Sed

2089 1336 2275 1391 neque
2302 1321 2372 1376 ab
2406 1337 2465 1376 re
2497 1322 2691 1394 agitur
2721 1327 2785 1377 ut
2814 1323 2966 1378 idem
2989 1323 3131 1377 ordo
3163 1323 3249 1378 vel
3278 1326 3572 1395 scriptura
3600 1341 3733 1380 cum

2088 1408 2250 1480 virga
2268 1411 2612 1466 sacerdotali
2637 1411 3464 1483 peragatur.Preemonstratur
3480 1431 3735 1486 namque

2089 1497 2228 1568 quia
2256 1500 2458 1555 eadem
2490 1501 2840 1571 permutatio
2858 1517 2985 1572 quae
3013 1518 3048 1556 a
3073 1501 3294 1557 Judaeis
3323 1503 3392 1556 ad
3421 1508 3623 1574 gentes
3645 1519 3738 1559 ve-

2090 1587 2177 1641 nit
2207 1604 2308 1658 per
2336 1588 2728 1643 ministerium
2765 1589 3219 1661 praedicatorum
3253 1588 3532 1646 celebrata
3551 1591 3646 1660 sit,
3670 1598 3729 1648 et

2089 1692 2158 1730 ea
2187 1677 2377 1731 denuo
2409 1679 2706 1733 conversio
2735 1696 2862 1749 quae
2884 1678 2943 1733 in
2967 1679 3082 1733 fine
3100 1677 3298 1734 seculi
3320 1695 3722 1734 consumman-

336 1765 480 1820 tioni
512 1767 780 1837 congruit
810 1767 1066 1838 primum
1100 1767 1428 1824 litterarum
1460 1769 1747 1825 elementa
1767 1785 1981 1841 eogno-
2013 1804 2061 1868 B
2195 1771 2282 1820 est
2313 1783 2414 1836 per
2443 1783 2605 1868 opus.
2633 1767 3017 1867 nihilominus
3041 1766 3399 1824 sacerdotale
3440 1767 3720 1839 perficiat,

343 1871 524 1926 scere,
559 1856 769 1910 deinde
800 1873 865 1911 ac
896 1856 1170 1928 syllabas,
1205 1875 1271 1912 ac
1315 1863 1446 1930 post
1491 1860 1667 1914 verba
1698 1857 1983 1931 paulatim

345 1947 416 2001 ad
439 1946 862 2001 sententiarum
885 1947 1278 2016 cognitionem
1303 1948 1711 2018 pervenire,sic
1744 1948 1984 2018 quidam

342 2036 562 2108 gradus
590 2040 730 2090 sunt
758 2033 1086 2090 intellectus
1113 2037 1171 2090 in
1204 2037 1425 2092 familia
1452 2043 1662 2092 sancta:
1697 2037 1982 2104 Ecclesiae,

342 2141 592 2196 quorum
626 2125 850 2197 primus
881 2129 971 2180 est
992 2141 1190 2180 eorum
1223 2126 1322 2196 qui
1355 2126 1700 2198 simpliciter
1730 2127 1987 2181 viventes

341 2214 530 2270 adhuc
561 2218 758 2270 tamen
789 2215 858 2269 ad
891 2215 1069 2270 robur
1107 2215 1378 2269 dOCtI‘lfltB
1419 2216 1786 2287 proficientes
1817 2216 1987 2286 quasi

340 2304 548 2376 primis
578 2303 882 2360 elementis
900 2305 1153 2360 contenti
1177 2306 1452 2360 sunt.Sed
1478 2305 1984 2376 quomodoeadem

342 2394 630 2450 elementa
659 2394 835 2450 scribi
867 2395 1117 2450 debeant
1147 2396 1541 2451 attendamus.
1576 2395 1700 2450 Non
1741 2393 1986 2466 passim,

342 2483 444 2539 sed
475 2482 752 2538 distincto
793 2482 994 2537 ordine
1045 2483 1116 2538 ab
1167 2484 1382 2554 angulo
1431 2484 1670 2539 sinistro
1719 2481 1986 2538 orientali

343 2587 530 2640 usque
561 2571 621 2623 in
653 2570 919 2624 dextrum
951 2571 1235 2640 angulum
1286 2573 1727 2628 occidentalem.
1760 2574 1838 2626 Ac
1871 2571 1987 2642 pri-

345 2673 507 2714 mum
536 2657 842 2712 sciendum
874 2661 963 2712 est
991 2660 1145 2728 quod
1181 2665 1434 2728 quatuor
1479 2661 1678 2732 anguli
1732 2659 1986 2715 basilicae

346 2749 598 2818 quatuor
628 2745 935 2818 designent
968 2747 1171 2800 mundi
1205 2747 1423 2817 plagas,
1449 2749 1519 2802 ad
1551 2765 1698 2818 quas
1731 2745 1991 2819 pervenit

345 2834 610 2891 doctrina
651 2834 1048 2891 ecclesiastica
1078 2853 1203 2905 quae
1241 2853 1342 2907 per
1372 2836 1594 2891 litteras
1624 2837 1990 2907 signiﬁcatur

345 2924 406 2979 in
437 2930 592 2980 terra
629 2923 970 2994 descriptas.
1021 2924 1179 2987 Quod
1223 2924 1598 2994 alphabetum
1632 2925 1849 2979 ibidem
1889 2926 1986 2978 de-

346 3011 626 3068 scribitur
650 3011 982 3082 praedicatio
1014 3012 1304 3082 Evangelii
1335 3011 1581 3084 simplex
1602 3017 1658 3067 et
1678 3008 1824 3084 pura
1847 3013 1988 3068 insi-

347 3105 580 3156 nuatur.
616 3103 680 3155 In
712 3099 1019 3172 alphabeto
1052 3101 1196 3154 nihil
1229 3101 1612 3173 duplicitatis,
1646 3102 1791 3157 nihil
1821 3103 1986 3158 falsi-

346 3190 485 3246 tatis
517 3164 790 3257 incurrit,
816 3189 954 3260 quia
982 3164 1329 3262 evangelica
1364 3164 1609 3262 puritas'
1636 3191 1779 3247 nihil
1833 3194 1988 3248 fuca-
2021 3164 2062 3230 Ο

345 3284 496 3347 tum,
545 3277 690 3333 nihil
742 3278 962 3351 appetit
1010 3278 1245 3346 falsum,
1299 3282 1400 3336 sed
1449 3281 1703 3353 simplici
1752 3283 1992 3338 veritate

345 3367 595 3424 subnixa
623 3373 920 3424 externam
952 3385 1192 3439 prorsus
1226 3369 1447 3440 respuit
1477 3370 1807 3427 falsitatem.
1829 3374 1989 3437 Quod

346 3462 542 3512 autem
566 3458 637 3512 ab
669 3456 881 3529 angulo
902 3457 1168 3512 orientali
1191 3458 1249 3512 in
1268 3458 1548 3531 angulum
1572 3461 1990 3516 occidentalem
2034 3483 2038 3485 ν

347 3545 506 3616 prior
535 3562 739 3600 versus
770 3545 1007 3613 desinit,
1035 3546 1365 3619 iterumque
1387 3549 1459 3602 ab
1489 3549 1756 3604 orientali
1778 3552 1990 3622 angulo

344 3633 404 3688 in
434 3634 742 3690 sinistrum
773 3634 1055 3707 angulum
1086 3635 1520 3704 occidentalem,
1542 3639 1759 3710 duplici
1793 3640 1989 3711 figura:

347 3724 916 3796 aggaudet,quarum
951 3725 1141 3796 prima
1169 3726 1424 3797 est,quia
1453 3726 1510 3780 in
1542 3726 1643 3780 tali
1675 3728 1992 3782 schismate

347 3827 491 3869 crux
519 3814 899 3886 ﬁguratur,ut
918 3815 1191 3869 doctrinae
1224 3813 1564 3885 evangelica
1597 3831 1755 3870 mors
1777 3815 1989 3872 Christi

348 3917 581 3972 semper
611 3903 921 3958 inseratur.
958 3905 1020 3958 In
1053 3903 1244 3958 crucis
1274 3903 1431 3958 enim
1461 3904 1651 3975 effigie
1698 3903 1901 3960 litteras
1930 3907 1992 3959 fi-

347 3994 655 4059 gurantur,
679 4007 813 4044 cum
843 3992 1213 4063 simplicibus
1241 3991 1573 4064 quibusque
1597 4009 1755 4048 mors
1777 3993 1992 4048 Christi

349 4075 691 4147 simpliciter
711 4078 994 4133 innuitur.
1008 4080 1166 4135 Unde
1177 4081 1393 4137 Paulus
1407 4083 1761 4153 quibusdam
1777 4082 1992 4138 talibus

349 4165 430 4220 ait
461 4183 510 4221 :«
535 4165 690 4220 Nihil
715 4168 1078 4238 mejudicavi
1099 4169 1246 4224 scire
1266 4170 1418 4226 inter
1435 4189 1537 4227 vos
1562 4171 1674 4228 nisi
1696 4172 1990 4229 Christum

346 4255 571 4326 Jesum,
605 4255 840 4311 ethunc
865 4257 1228 4313 cruciﬁxum.
1256 4281 1283 4307 ››
1317 4260 1477 4322 Quod
1510 4277 1642 4316 vero
1675 4263 1744 4316 ab
1776 4262 1991 4334 angulo

347 4344 587 4401 sinistro
617 4345 882 4401 orientali
912 4347 1166 4402 scribere
1187 4347 1387 4420 incipit
1420 4366 1604 4420 usque
1628 4351 1686 4404 in
1708 4351 1990 4421 angulum

347 4435 1053 4509 occidentalem,angulus
1076 4437 1315 4492 sinister
1335 4437 1618 4495 Judaicus
1649 4439 1992 4512 intelligitur

2093 1853 2151 1909 id
2182 1859 2290 1921 est,
2323 1872 2425 1927 per
2455 1856 2946 1926 praedicationem.

2098 1961 2206 2016 Cur
2233 1979 2374 2032 aqua
2405 1963 2515 2016 ,ςαιὶ
2543 1964 2826 2035 cinerique
2853 1965 3130 2032 miscetur,
3162 1969 3213 2018 et
3242 1980 3403 2035 super
3439 1981 3643 2035 aquam
3672 1981 3740 2020 ea:

2511 2036 2626 2089 sale
2648 2045 2700 2090 et
2729 2038 2912 2091 cinere
2939 2051 3082 2092 crux
3109 2037 3318 2105 ﬁgitur.

2167 2125 2304 2177 Post
2333 2122 2452 2177 haec
2485 2125 2557 2178 ad
2589 2124 2796 2180 altiora
2809 2126 2937 2196 jam
2959 2125 3232 2180 sacerdos
3262 2124 3590 2192 subit,cum
3612 2129 3742 2180 ante

2097 2209 2276 2265 altare
2309 2218 2506 2266 astans
2540 2213 2723 2267 Deum
2747 2213 2805 2268 in
2829 2213 3155 2283 adjutorem
3186 2213 3296 2268 sibi
3329 2213 3746 2278 invocat,velut

2097 2299 2194 2370 qui
2218 2304 2357 2354 tunc
2380 2300 2611 2356 inchoet
2631 2301 3030 2372 operari.Nam
3053 2305 3258 2374 prwter
3275 2301 3390 2358 ista
3406 2301 3571 2357 velut
3591 2319 3746 2374 quaa-

2096 2388 2231 2442 dam
2265 2389 2472 2460 praevia
2516 2390 2695 2454 tuere.
2734 2390 2880 2446 Dicit
2923 2391 3079 2446 enim
3117 2407 3129 2447 :
3167 2413 3188 2440 ι
3225 2391 3378 2446 Deus
3419 2391 3480 2445 in
3515 2391 3746 2461 adjuto-

2097 2476 2246 2531 rium
2278 2493 2471 2532 meum
2499 2477 2750 2546 intende,
2777 2501 2805 2528 »
2838 2481 3332 2552 etc.Adjungens«
3352 2479 3555 2535 Gloria
3579 2481 3746 2548 Patri,

2095 2569 2151 2618 et
2182 2564 2345 2634 Filio,
2376 2571 2432 2620 et
2461 2567 2700 2638 Spiritui
2731 2573 2955 2635 sancto,
2989 2569 3211 2640 absque
3257 2567 3515 2624 alleluia.
3555 2592 3586 2618 »
3647 2569 3747 2624 Hic

2098 2670 2353 2725 namque
2382 2672 2585 2710 versus
2617 2661 2940 2728 martyrum
2979 2661 3068 2712 est
3119 2657 3432 2712 Dominum
3463 2657 3752 2714 invocan-

2098 2742 2244 2796 tium
2286 2743 2344 2796 in
2377 2745 2466 2798 sui
2499 2746 3025 2817 adjutorium,dum
3057 2747 3129 2802 ad
3164 2747 3518 2818 martyrium
3548 2763 3747 2820 prope-

2097 2835 2245 2897 rant,
2278 2833 2379 2886 sed
2412 2837 2468 2887 et
2497 2834 2801 2890 doctorum
2825 2853 2960 2891 cum
2986 2840 3188 2891 contra
3209 2836 3398 2891 aerias
3423 2842 3745 2907 potestates

2096 2936 2199 2990 pro
2221 2925 2424 2975 sancta
2451 2923 2704 2978 Ecclesia
2732 2925 2908 3004 duros
2944 2925 3314 2996 incertosque
3347 2930 3602 2980 sumunt
3624 2943 3750 2981 con-

2096 3008 2309 3074 flictus,
2332 3011 2581 3067 scientes
2602 3015 2754 3084 quod
2781 3036 2808 3064 «
2836 3031 2948 3068 non
2982 3013 3059 3069 sit
3078 3015 3159 3069 eis
3181 3012 3524 3070 colluctatio
3550 3016 3752 3070 adver-

2099 3116 2200 3153 sus
2233 3116 2466 3156 carnem
2489 3106 2546 3156 et
2567 3103 3044 3174 sanguinem,sed
3070 3104 3350 3158 adversus
3371 3103 3671 3175 principes
3695 3108 3747 3158 et

2101 3193 2438 3259 potestates,
2484 3192 2762 3246 adversus
2815 3192 3022 3248 mundi
3067 3198 3318 3247 rectores
3368 3193 3742 3249 tenebrarum

2101 3277 2330 3350 harum,
2364 3285 2565 3334 contra
2595 3280 2921 3351 spiritualia
2951 3281 3220 3352 nequitiae
3249 3281 3308 3336 in
3340 3281 3748 3337 cmlestibus.»

2102 3369 2326 3433 Quanto
2358 3378 2493 3440 ergo
2520 3369 2872 3425 infirmiores
2903 3385 2965 3424 se
3011 3387 3081 3424 ex
3111 3387 3218 3425 sua
3247 3376 3610 3442 cognoscent
3637 3371 3749 3426 im-

2102 3456 2606 3526 becillitate,tanto
2638 3459 2998 3530 adjutorium
3018 3459 3116 3514 Dei
3141 3457 3396 3529 amplius
3429 3459 3746 3531 implorant

2100 3562 2169 3600 ex
2200 3545 2356 3600 illius
2389 3545 2767 3618 benignitate.
2802 3547 3062 3602 Necdum
3095 3552 3289 3602 tamen
3337 3546 3615 3603 laudibus
3650 3549 3742 3604 Dei

2101 3633 2399 3690 «alleluia-
2422 3635 2921 3706 adjungunt,quia
2937 3636 3130 3692 adhuc
3156 3637 3215 3690 in
3247 3635 3538 3691 laboribus
3559 3642 3739 3706 atque

2102 3723 2418 3778 sudoribus
2452 3741 2514 3778 se
2543 3739 2671 3778 esse
2702 3725 3093 3799 conspiciunt.
3122 3748 3148 3774 «
3173 3724 3442 3780 Alleluia»
3471 3740 3725 3794 namque

2099 3828 2206 3866 vox
2232 3816 2320 3866 est
2343 3811 2753 3868 exsultationis
2773 3813 2842 3867 ad
2871 3812 3076 3869 laudes
3097 3814 3196 3868 Dei
3221 3810 3572 3868 solummodo
3593 3827 3722 3883 per-

2099 3899 2514 3955 tinens.Sancti
2539 3906 2737 3956 autem
2769 3901 3034 3957 doctores
3064 3901 3282 3972 quandi
3293 3919 3330 3955 u
3353 3901 3410 3956 in
3431 3900 3734 3955 afﬂictione

2100 3999 2257 4056 sunt,
2268 3993 2462 4059 utpote
2476 3989 2573 4060 qui
2589 3991 2728 4045 need
2739 4007 2772 4044 u
2783 3989 3340 4062 mdediscipulorum
3356 3990 3614 4061 profectu
3627 3989 3744 4061 glo-

2102 4079 2237 4134 riari
2254 4095 2367 4134 non
2403 4079 2970 4151 possunt,deprecari
2993 4079 3222 4135 Domini
3246 4079 3609 4150 adjutorium
3632 4095 3740 4134 non

2101 4169 2615 4224 desinunthetum
2641 4173 2837 4225 autem
2856 4174 2996 4225 tunc
3012 4168 3246 4225 alleluia
3261 4169 3745 4239 cantabunt,cum

2103 4257 2525 4330 discipulorum
2559 4275 2800 4314 suorum
2829 4261 2947 4314 vita
2977 4259 3222 4314 Domino
3253 4274 3549 4314 crescrere
3594 4259 3747 4313 vide-

2102 4348 2239 4415 rint,
2273 4351 2338 4402 ut
2366 4347 2581 4403 Paulus
2615 4365 2626 4402 :
2661 4371 2689 4396 «
2723 4347 2888 4403 Nunc
2920 4347 3170 4404 vivimus
3211 4349 3262 4403 si
3309 4363 3415 4402 vos
3458 4347 3634 4403 statis
3690 4347 3746 4402 in

2101 4435 2369 4491 Domino.
2404 4457 2432 4484 »
2466 4437 2534 4491 Et
2563 4437 2737 4491 item:
2773 4460 2800 4488 «
2831 4436 2959 4491 Scio
2991 4441 3187 4492 autem
3220 4436 3377 4508 quod
3408 4434 3653 4492 veniens
3679 4437 3750 4491 ad

347 4522 620 4595 populus.
659 4524 816 4580 Unde
849 4525 1044 4580 isdem'
1061 4526 1312 4598 angulus
1343 4527 1640 4584 orientalis
1667 4534 1757 4584 est
1785 4546 1852 4584 ex
1874 4547 1988 4601 quo
2022 4533 2067 4599 Ι)
2097 4541 2198 4580 vos
2240 4525 2298 4580 in
2347 4525 2709 4581 abundantia
2737 4525 3159 4581 benedictionis
3190 4524 3404 4581 Christi
3432 4524 3688 4580 veniam.
3719 4549 3745 4574 »ι

346 4617 510 4667 ortus
539 4617 630 4668 est
659 4614 961 4670 Dominus.
987 4617 1252 4670 Pervenit
1282 4621 1474 4672 autem
1505 4635 1690 4688 usque
1721 4619 1778 4672 in
1813 4636 1989 4690 angu-

346 4699 471 4754 lum
495 4701 912 4758 occidentalem
946 4705 1203 4775 pontifex
1226 4705 1700 4777 scribendo,quia
1729 4723 1860 4761 cum
1887 4712 1990 4762 Do-

346 4786 546 4842 minus
577 4792 774 4844 noster
802 4806 836 4844 a
864 4789 1084 4846 Judaeis
1105 4797 1267 4848 ortus
1298 4793 1560 4861 sit,mors
1589 4798 1784 4850 tamen
1807 4795 1934 4864 ejus
1954 4813 1989 4850 a

341 4875 616 4948 gentibus
647 4889 737 4932 est
767 4881 1203 4950 suscepta.Sive
1233 4882 1486 4952 angulus
1517 4881 1816 4938 orientalis
1839 4886 1986 4939 nati-

339 4965 513 5032 vitas,
541 4965 918 5022 occidentalis
949 4970 1214 5025 ascensio
1263 4971 1322 5026 in
1375 4989 1489 5042 qua
1519 4971 1750 5037 occidit,
1784 4972 1841 5027 id
1876 4977 1983 5042 est,

341 5060 548 5127 postea
579 5055 746 5111 nobis
778 5073 894 5112 non
928 5059 1218 5129 apparuit.
1251 5060 1464 5115 Scribit
1511 5060 1667 5116 enim
1699 5063 1883 5116 Lucas
1915 5063 1986 5116 ab

339 5143 556 5216 angulo
579 5145 845 5201 orientali
865 5146 1104 5203 sinistro
1131 5165 1314 5219 usque
1335 5150 1392 5203 in
1418 5149 1698 5220 angulum
1727 5152 1988 5206 occiden-

336 5232 517 5288 talem
548 5233 1084 5305 dextrum,quando
1115 5237 1372 5307 primum
1399 5253 1729 5292 sermonem
1757 5237 1890 5293 fecit
1916 5239 1986 5293 de

338 5322 613 5378 omnibus
645 5339 772 5394 qua:
795 5324 967 5395 ccepit
986 5325 1159 5380 Jesus
1193 5325 1378 5380 facere
1408 5329 1465 5380 et
1494 5327 1698 5381 docere
1720 5344 1903 5398 usque
1925 5327 1983 5381 in

338 5411 490 5466 diem
508 5426 625 5481 qua
640 5411 1268 5483 prazcipiensapostolis
1284 5431 1382 5485 per
1395 5415 1674 5486 Spiritum
1689 5419 1981 5484 sanctum,

341 5516 490 5570 quos
516 5497 710 5571 elegit,
740 5507 1086 5572 assumptus
1115 5507 1221 5558 est.
1254 5503 1364 5558 Sed
1396 5521 1530 5559 cum
1562 5520 1764 5560 versus
1798 5503 1983 5560 isdem

346 5588 418 5641 ab
445 5586 659 5657 angulo
690 5589 958 5645 orientali
997 5590 1199 5647 dextro
1246 5595 1552 5649 revertitur
1581 5594 1654 5650 ab
1700 5593 1983 5665 angulum

2098 4615 2426 4669 Perfectum
2451 4618 2645 4669 tamen
2677 4613 2912 4670 alleluia
2942 4620 3080 4669 tunc
3111 4613 3488 4682 resonabunt,
3511 4615 3752 4684 quando

2098 4704 2198 4758 fiet
2221 4703 2376 4774 quod
2407 4703 2690 4774 scriptum
2721 4703 3037 4759 estzaBeati
3061 4702 3160 4774 qui
3195 4702 3466 4758 habitant
3485 4701 3547 4756 in
3577 4703 3755 4757 domo

2096 4795 2220 4860 tua,
2256 4791 2521 4857 Domine,
2554 4793 2612 4847 in
2644 4792 2855 4847 saecula
2885 4792 3229 4848 saeculorum
3252 4791 3588 4847 laudabunt
3617 4796 3699 4846 te.
3726 4817 3753 4842 η

2097 4881 2260 4936 Unde
2290 4887 2346 4935 et
2377 4898 2503 4936 mos
2534 4881 2824 4936 increbuit
2852 4885 2918 4936 ut
2947 4897 3049 4953 per
3095 4882 3223 4936 dies
3255 4879 3616 4948 afflictionis,
3653 4882 3756 4952 qui

2098 4975 2238 5026 sunt
2270 4969 2738 5042 Quadragesimze
2771 4975 2904 5024 ante
2955 4970 3196 5040 Pascha,
3230 4992 3257 5019 ‹‹
3293 4967 3536 5024 alleluia
3568 4989 3594 5020 ο
3635 4986 3754 5025 non

2097 5064 2384 5126 cantetur,
2428 5060 2565 5130 quia
2617 5060 2741 5115 dies
2791 5065 2929 5114 sunt
2977 5059 3171 5116 luctus
3215 5058 3614 5131 poenitentiae;
3669 5075 3758 5113 re-

2097 5149 2453 5204 surrectione
2485 5152 2677 5203 autem
2705 5148 3008 5204 Dominica
3031 5148 3415 5221 peracta,sine
3446 5147 3754 5202 intermis-

2097 5237 2257 5292 sione
2286 5238 2838 5293 cantetur.Pontifex
2868 5253 3003 5309 ergo
3026 5238 3126 5309 qui
3157 5253 3293 5293 cum
3315 5235 3747 5308 discipulorum

2096 5326 2368 5398 imperita
2393 5327 2812 5398 repugnatione
2842 5330 2899 5382 et
2929 5326 3382 5381 contradictione
3406 5325 3603 5381 adhuc
3626 5341 3745 5380 cer-

2095 5420 2197 5485 tat,
2233 5416 2591 5485 adjutorium
2631 5415 2870 5486 quidem
2919 5414 3147 5470 Domini
3183 5415 3254 5469 ad
3287 5431 3355 5470 ea
3383 5413 3740 5470 devincenda

2095 5505 2337 5576 ﬂagitat,
2373 5504 2606 5560 alleluia
2635 5510 2826 5560 autem
2859 5503 3051 5560 adhuc
3082 5503 3330 5576 pleniter
3360 5519 3494 5559 cum
3517 5504 3604 5559 eis
3627 5517 3732 5557 non

2094 5594 2456 5666 cantat,quia
2474 5595 2798 5652 secundum
2822 5593 3182 5666 Scripturam
3211 5610 3328 5650 non
3351 5598 3440 5651 est
3474 5593 3732 5666 speciosa
