  <div class='ocr_page' id='page_1' title='image "/cluster/home/n/w/nwhite01/storage/ocr_20150623/131/hvd.32044054759923/435.png"; bbox 0 0 4018 6200; ppageno 0'>
   <div class='ocr_carea' id='block_1_1' title="bbox 357 368 472 429">
    <p class='ocr_par' dir='ltr' id='par_1_1' title="bbox 357 368 472 429">
     <span class='ocr_line' id='line_1_1' title="bbox 357 368 472 429; baseline 0 -1"><span class='ocrx_word' id='word_1_1' title='bbox 357 368 472 429; x_wconf 78' lang='lat'>855</span> 
     </span>
    </p>
   </div>
   <div class='ocr_carea' id='block_1_2' title="bbox 861 366 3252 438">
    <p class='ocr_par' dir='ltr' id='par_1_2' title="bbox 861 366 3252 438">
     <span class='ocr_line' id='line_1_2' title="bbox 861 366 3252 438; baseline 0.004 -11"><span class='ocrx_word' id='word_1_2' title='bbox 861 366 1163 429; x_wconf 82' lang='lat' dir='ltr'>REMIGlI</span> <span class='ocrx_word' id='word_1_3' title='bbox 1207 368 1957 432; x_wconf 76' lang='lat' dir='ltr'>ANTISSIODOBENSIS</span> <span class='ocrx_word' id='word_1_4' title='bbox 2006 371 2176 432; x_wconf 87' lang='lat' dir='ltr'>OPP.</span> <span class='ocrx_word' id='word_1_5' title='bbox 2226 373 2420 435; x_wconf 83' lang='lat' dir='ltr'>PARS</span> <span class='ocrx_word' id='word_1_6' title='bbox 2466 375 2542 436; x_wconf 90' lang='lat' dir='ltr'>ll.</span> <span class='ocrx_word' id='word_1_7' title='bbox 2578 375 3252 438; x_wconf 78' lang='lat' dir='ltr'>—MISCELLANEA.</span> 
     </span>
    </p>
   </div>
   <div class='ocr_carea' id='block_1_3' title="bbox 3644 373 3772 436">
    <p class='ocr_par' dir='ltr' id='par_1_3' title="bbox 3644 373 3772 436">
     <span class='ocr_line' id='line_1_3' title="bbox 3644 373 3772 436; baseline 0 0"><span class='ocrx_word' id='word_1_8' title='bbox 3644 373 3772 436; x_wconf 73' lang='lat'>856</span> 
     </span>
    </p>
   </div>
   <div class='ocr_carea' id='block_1_4' title="bbox 364 505 3775 593">
    <p class='ocr_par' dir='ltr' id='par_1_4' title="bbox 364 505 3775 593">
     <span class='ocr_line' id='line_1_4' title="bbox 364 505 3775 593; baseline 0.002 -18"><span class='ocrx_word' id='word_1_9' title='bbox 364 523 584 575; x_wconf 89' lang='lat' dir='ltr'>stretur</span> <span class='ocrx_word' id='word_1_10' title='bbox 612 517 751 590; x_wconf 85' lang='lat' dir='ltr'>quia</span> <span class='ocrx_word' id='word_1_11' title='bbox 780 517 1036 590; x_wconf 76' lang='lat' dir='ltr'>Spiritus</span> <span class='ocrx_word' id='word_1_12' title='bbox 1080 524 1319 574; x_wconf 90' lang='lat' dir='ltr'>sanctus</span> <span class='ocrx_word' id='word_1_13' title='bbox 1368 520 1676 593; x_wconf 88' lang='lat' dir='ltr'>baptizatis</span> <span class='ocrx_word' id='word_1_14' title='bbox 1707 521 2004 592; x_wconf 79' lang='lat' dir='ltr'>tribuitur,</span> <span class='ocrx_word' id='word_1_15' title='bbox 2037 505 2088 570; x_wconf 88' lang='grc' dir='ltr'><strong>Α</strong></span> <span class='ocrx_word' id='word_1_16' title='bbox 2123 505 2202 573; x_wconf 59' lang='lat' dir='ltr'>ni,</span> <span class='ocrx_word' id='word_1_17' title='bbox 2236 510 2357 562; x_wconf 68' lang='lat' dir='ltr'>tam</span> <span class='ocrx_word' id='word_1_18' title='bbox 2387 523 2525 563; x_wconf 80' lang='grc' dir='ltr'>νοοθ</span> <span class='ocrx_word' id='word_1_19' title='bbox 2557 525 2731 580; x_wconf 67' lang='lat' dir='ltr'>quam</span> <span class='ocrx_word' id='word_1_20' title='bbox 2783 525 2954 580; x_wconf 75' lang='grc' dir='ltr'>οΡθΓθ</span> <span class='ocrx_word' id='word_1_21' title='bbox 3011 507 3267 580; x_wconf 58' lang='lat' dir='ltr'>ingerere</span> <span class='ocrx_word' id='word_1_22' title='bbox 3320 507 3570 564; x_wconf 67' lang='lat' dir='ltr'>dicendo</span> <span class='ocrx_word' id='word_1_23' title='bbox 3630 525 3775 564; x_wconf 71' lang='lat' dir='ltr'>cum</span> 
     </span>
    </p>
   </div>
   <div class='ocr_carea' id='block_1_5' title="bbox 357 607 2009 682">
    <p class='ocr_par' dir='ltr' id='par_1_5' title="bbox 357 607 2009 682">
     <span class='ocr_line' id='line_1_5' title="bbox 357 607 2009 682; baseline 0 -17"><span class='ocrx_word' id='word_1_24' title='bbox 357 610 492 681; x_wconf 83' lang='lat' dir='ltr'>jure</span> <span class='ocrx_word' id='word_1_25' title='bbox 523 612 746 680; x_wconf 83' lang='lat' dir='ltr'>septem</span> <span class='ocrx_word' id='word_1_26' title='bbox 771 607 999 663; x_wconf 87' lang='lat' dir='ltr'>vicibus</span> <span class='ocrx_word' id='word_1_27' title='bbox 1027 607 1207 663; x_wconf 88' lang='lat' dir='ltr'>altare</span> <span class='ocrx_word' id='word_1_28' title='bbox 1231 609 1593 664; x_wconf 88' lang='lat' dir='ltr'>sanctiﬁcata</span> <span class='ocrx_word' id='word_1_29' title='bbox 1617 627 1768 681; x_wconf 89' lang='lat' dir='ltr'>aqua</span> <span class='ocrx_word' id='word_1_30' title='bbox 1788 627 2009 682; x_wconf 90' lang='lat' dir='ltr'>resper-</span> 
     </span>
    </p>
   </div>
   <div class='ocr_carea' id='block_1_6' title="bbox 362 699 2008 771">
    <p class='ocr_par' dir='ltr' id='par_1_6' title="bbox 362 699 2008 771">
     <span class='ocr_line' id='line_1_6' title="bbox 362 699 2008 771; baseline 0.001 -19"><span class='ocrx_word' id='word_1_31' title='bbox 362 699 540 771; x_wconf 81' lang='lat' dir='ltr'>gitur.</span> <span class='ocrx_word' id='word_1_32' title='bbox 575 702 874 769; x_wconf 81' lang='lat' dir='ltr'>Hyssopus</span> <span class='ocrx_word' id='word_1_33' title='bbox 907 701 1100 752; x_wconf 89' lang='lat' dir='ltr'>autem</span> <span class='ocrx_word' id='word_1_34' title='bbox 1135 715 1266 752; x_wconf 92' lang='lat' dir='ltr'>cum</span> <span class='ocrx_word' id='word_1_35' title='bbox 1295 715 1407 768; x_wconf 92' lang='lat' dir='ltr'>quo</span> <span class='ocrx_word' id='word_1_36' title='bbox 1439 700 1643 754; x_wconf 87' lang='lat' dir='ltr'>eadem</span> <span class='ocrx_word' id='word_1_37' title='bbox 1674 716 1826 770; x_wconf 90' lang='lat' dir='ltr'>aqua</span> <span class='ocrx_word' id='word_1_38' title='bbox 1841 717 2008 771; x_wconf 88' lang='lat' dir='ltr'>spar-</span> 
     </span>
    </p>
   </div>
   <div class='ocr_carea' id='block_1_7' title="bbox 365 786 2008 861">
    <p class='ocr_par' dir='ltr' id='par_1_7' title="bbox 365 786 2008 861">
     <span class='ocr_line' id='line_1_7' title="bbox 365 786 2008 861; baseline 0.001 -20"><span class='ocrx_word' id='word_1_39' title='bbox 365 788 522 861; x_wconf 82' lang='lat' dir='ltr'>gitur</span> <span class='ocrx_word' id='word_1_40' title='bbox 549 786 729 842; x_wconf 91' lang='lat' dir='ltr'>herba</span> <span class='ocrx_word' id='word_1_41' title='bbox 759 790 847 841; x_wconf 90' lang='lat' dir='ltr'>est</span> <span class='ocrx_word' id='word_1_42' title='bbox 878 786 1142 854; x_wconf 86' lang='lat' dir='ltr'>humilis,</span> <span class='ocrx_word' id='word_1_43' title='bbox 1196 804 1322 857; x_wconf 73' lang='lat' dir='ltr'>quae</span> <span class='ocrx_word' id='word_1_44' title='bbox 1381 788 1675 843; x_wconf 77' lang='lat' dir='ltr'>radicibus</span> <span class='ocrx_word' id='word_1_45' title='bbox 1735 805 2008 844; x_wconf 84' lang='lat' dir='ltr'>saxorum</span> 
     </span>
    </p>
   </div>
   <div class='ocr_carea' id='block_1_8' title="bbox 366 875 2010 949">
    <p class='ocr_par' dir='ltr' id='par_1_8' title="bbox 366 875 2010 949">
     <span class='ocr_line' id='line_1_8' title="bbox 366 875 2010 949; baseline 0.001 -18"><span class='ocrx_word' id='word_1_46' title='bbox 366 876 581 931; x_wconf 91' lang='lat' dir='ltr'>dicitur</span> <span class='ocrx_word' id='word_1_47' title='bbox 610 879 912 946; x_wconf 89' lang='lat' dir='ltr'>penetrare</span> <span class='ocrx_word' id='word_1_48' title='bbox 960 875 1235 931; x_wconf 82' lang='lat' dir='ltr'>duritiam</span> <span class='ocrx_word' id='word_1_49' title='bbox 1289 881 1344 931; x_wconf 92' lang='lat' dir='ltr'>et</span> <span class='ocrx_word' id='word_1_50' title='bbox 1388 877 1764 932; x_wconf 89' lang='lat' dir='ltr'>interioribus</span> <span class='ocrx_word' id='word_1_51' title='bbox 1809 894 2010 949; x_wconf 82' lang='lat' dir='ltr'>pecca-</span> 
     </span>
    </p>
   </div>
   <div class='ocr_carea' id='block_1_9' title="bbox 363 963 2009 1037">
    <p class='ocr_par' dir='ltr' id='par_1_9' title="bbox 363 963 2009 1037">
     <span class='ocr_line' id='line_1_9' title="bbox 363 963 2009 1037; baseline 0.001 -18"><span class='ocrx_word' id='word_1_52' title='bbox 363 964 508 1019; x_wconf 89' lang='lat' dir='ltr'>toris</span> <span class='ocrx_word' id='word_1_53' title='bbox 537 963 632 1035; x_wconf 77' lang='lat' dir='ltr'>[aL</span> <span class='ocrx_word' id='word_1_54' title='bbox 659 963 1203 1035; x_wconf 85' lang='lat' dir='ltr'>pectoris]medetur</span> <span class='ocrx_word' id='word_1_55' title='bbox 1235 965 2009 1037; x_wconf 89' lang='lat' dir='ltr'>incommodis,cujusetiam</span> 
     </span>
    </p>
   </div>
   <div class='ocr_carea' id='block_1_10' title="bbox 367 1053 2012 1127">
    <p class='ocr_par' dir='ltr' id='par_1_10' title="bbox 367 1053 2012 1127">
     <span class='ocr_line' id='line_1_10' title="bbox 367 1053 2012 1127; baseline 0 -19"><span class='ocrx_word' id='word_1_56' title='bbox 367 1053 673 1126; x_wconf 84' lang='lat' dir='ltr'>aspergine</span> <span class='ocrx_word' id='word_1_57' title='bbox 704 1053 1090 1107; x_wconf 88' lang='lat' dir='ltr'>immunditiae</span> <span class='ocrx_word' id='word_1_58' title='bbox 1124 1053 1467 1110; x_wconf 89' lang='lat' dir='ltr'>delebantur</span> <span class='ocrx_word' id='word_1_59' title='bbox 1515 1055 1572 1108; x_wconf 91' lang='lat' dir='ltr'>in</span> <span class='ocrx_word' id='word_1_60' title='bbox 1605 1055 1756 1127; x_wconf 88' lang='lat' dir='ltr'>lege,</span> <span class='ocrx_word' id='word_1_61' title='bbox 1788 1055 2012 1126; x_wconf 83' lang='lat' dir='ltr'>signiti—</span> 
     </span>
    </p>
   </div>
   <div class='ocr_carea' id='block_1_11' title="bbox 365 1141 2013 1214">
    <p class='ocr_par' dir='ltr' id='par_1_11' title="bbox 365 1141 2013 1214">
     <span class='ocr_line' id='line_1_11' title="bbox 365 1141 2013 1214; baseline 0.001 -16"><span class='ocrx_word' id='word_1_62' title='bbox 365 1159 506 1214; x_wconf 89' lang='lat' dir='ltr'>cans</span> <span class='ocrx_word' id='word_1_63' title='bbox 559 1141 954 1197; x_wconf 87' lang='lat' dir='ltr'>humilitatem</span> <span class='ocrx_word' id='word_1_64' title='bbox 1012 1142 1223 1197; x_wconf 89' lang='lat' dir='ltr'>Christi</span> <span class='ocrx_word' id='word_1_65' title='bbox 1284 1160 1409 1214; x_wconf 79' lang='lat' dir='ltr'>quae</span> <span class='ocrx_word' id='word_1_66' title='bbox 1469 1144 1746 1198; x_wconf 85' lang='lat' dir='ltr'>duritiam</span> <span class='ocrx_word' id='word_1_67' title='bbox 1805 1151 2013 1199; x_wconf 58' lang='lat' dir='ltr'>nostra;</span> 
     </span>
    </p>
   </div>
   <div class='ocr_carea' id='block_1_12' title="bbox 367 1230 2012 1304">
    <p class='ocr_par' dir='ltr' id='par_1_12' title="bbox 367 1230 2012 1304">
     <span class='ocr_line' id='line_1_12' title="bbox 367 1230 2012 1304; baseline 0 -17"><span class='ocrx_word' id='word_1_68' title='bbox 367 1230 776 1287; x_wconf 88' lang='lat' dir='ltr'>obstinationis</span> <span class='ocrx_word' id='word_1_69' title='bbox 791 1231 1555 1304; x_wconf 88' lang='lat' dir='ltr'>confringit,passionesque</span> <span class='ocrx_word' id='word_1_70' title='bbox 1569 1238 1742 1304; x_wconf 89' lang='lat' dir='ltr'>atque</span> <span class='ocrx_word' id='word_1_71' title='bbox 1755 1233 2012 1288; x_wconf 91' lang='lat' dir='ltr'>immun-</span> 
     </span>
    </p>
   </div>
   <div class='ocr_carea' id='block_1_13' title="bbox 367 1319 2014 1393">
    <p class='ocr_par' dir='ltr' id='par_1_13' title="bbox 367 1319 2014 1393">
     <span class='ocr_line' id='line_1_13' title="bbox 367 1319 2014 1393; baseline 0.001 -18"><span class='ocrx_word' id='word_1_72' title='bbox 367 1319 543 1375; x_wconf 88' lang='lat' dir='ltr'>ditias</span> <span class='ocrx_word' id='word_1_73' title='bbox 573 1319 876 1374; x_wconf 86' lang='lat' dir='ltr'>interiores</span> <span class='ocrx_word' id='word_1_74' title='bbox 909 1336 1110 1374; x_wconf 89' lang='lat' dir='ltr'>curare</span> <span class='ocrx_word' id='word_1_75' title='bbox 1138 1320 1317 1374; x_wconf 86' lang='lat' dir='ltr'>novit.</span> <span class='ocrx_word' id='word_1_76' title='bbox 1346 1323 1513 1392; x_wconf 89' lang='lat' dir='ltr'>Aqua</span> <span class='ocrx_word' id='word_1_77' title='bbox 1542 1337 1676 1393; x_wconf 85' lang='lat' dir='ltr'>ergo</span> <span class='ocrx_word' id='word_1_78' title='bbox 1711 1338 1846 1376; x_wconf 93' lang='lat' dir='ltr'>cum</span> <span class='ocrx_word' id='word_1_79' title='bbox 1878 1321 2014 1393; x_wconf 83' lang='lat' dir='ltr'>hys-</span> 
     </span>
    </p>
   </div>
   <div class='ocr_carea' id='block_1_14' title="bbox 370 1406 2016 1480">
    <p class='ocr_par' dir='ltr' id='par_1_14' title="bbox 370 1406 2016 1480">
     <span class='ocr_line' id='line_1_14' title="bbox 370 1406 2016 1480; baseline 0 -16"><span class='ocrx_word' id='word_1_80' title='bbox 370 1425 514 1477; x_wconf 74' lang='grc' dir='ltr'>δορο</span> <span class='ocrx_word' id='word_1_81' title='bbox 546 1406 876 1478; x_wconf 86' lang='lat' dir='ltr'>aspergitur</span> <span class='ocrx_word' id='word_1_82' title='bbox 906 1423 1039 1462; x_wconf 91' lang='lat' dir='ltr'>cum</span> <span class='ocrx_word' id='word_1_83' title='bbox 1091 1407 1420 1479; x_wconf 21' lang='lat' dir='ltr'>baptismrus</span> <span class='ocrx_word' id='word_1_84' title='bbox 1467 1408 1681 1463; x_wconf 88' lang='lat' dir='ltr'>Christi</span> <span class='ocrx_word' id='word_1_85' title='bbox 1742 1409 2016 1480; x_wconf 88' lang='lat' dir='ltr'>passione</span> 
     </span>
    </p>
   </div>
   <div class='ocr_carea' id='block_1_15' title="bbox 370 1495 2017 1554">
    <p class='ocr_par' dir='ltr' id='par_1_15' title="bbox 370 1495 2017 1554">
     <span class='ocr_line' id='line_1_15' title="bbox 370 1495 2017 1554; baseline 0.001 -3"><span class='ocrx_word' id='word_1_86' title='bbox 370 1495 1054 1552; x_wconf 74' lang='lat' dir='ltr'>sanctiﬁcatus‘Ecclesizn</span> <span class='ocrx_word' id='word_1_87' title='bbox 1070 1497 1592 1554; x_wconf 90' lang='lat' dir='ltr'>tribuitur.Circuit</span> <span class='ocrx_word' id='word_1_88' title='bbox 1614 1503 1811 1552; x_wconf 87' lang='lat' dir='ltr'>autem</span> <span class='ocrx_word' id='word_1_89' title='bbox 1837 1496 2017 1552; x_wconf 88' lang='lat' dir='ltr'>altare</span> 
     </span>
    </p>
   </div>
   <div class='ocr_carea' id='block_1_16' title="bbox 373 1585 2016 1658">
    <p class='ocr_par' dir='ltr' id='par_1_16' title="bbox 373 1585 2016 1658">
     <span class='ocr_line' id='line_1_16' title="bbox 373 1585 2016 1658; baseline -0.001 -17"><span class='ocrx_word' id='word_1_90' title='bbox 373 1586 702 1658; x_wconf 89' lang='lat' dir='ltr'>spargendo</span> <span class='ocrx_word' id='word_1_91' title='bbox 733 1585 996 1640; x_wconf 85' lang='lat' dir='ltr'>eamdem</span> <span class='ocrx_word' id='word_1_92' title='bbox 1051 1602 1287 1657; x_wconf 87' lang='lat' dir='ltr'>aquam,</span> <span class='ocrx_word' id='word_1_93' title='bbox 1321 1591 1385 1640; x_wconf 90' lang='lat' dir='ltr'>ut</span> <span class='ocrx_word' id='word_1_94' title='bbox 1432 1585 1721 1656; x_wconf 88' lang='lat' dir='ltr'>signiﬁcet</span> <span class='ocrx_word' id='word_1_95' title='bbox 1751 1587 2016 1641; x_wconf 90' lang='lat' dir='ltr'>doctores</span> 
     </span>
    </p>
   </div>
   <div class='ocr_carea' id='block_1_17' title="bbox 370 1672 2017 1748">
    <p class='ocr_par' dir='ltr' id='par_1_17' title="bbox 370 1672 2017 1748">
     <span class='ocr_line' id='line_1_17' title="bbox 370 1672 2017 1748; baseline 0 -18"><span class='ocrx_word' id='word_1_96' title='bbox 370 1691 486 1731; x_wconf 91' lang='lat' dir='ltr'>non</span> <span class='ocrx_word' id='word_1_97' title='bbox 509 1674 715 1728; x_wconf 89' lang='lat' dir='ltr'>debere</span> <span class='ocrx_word' id='word_1_98' title='bbox 749 1672 863 1728; x_wconf 92' lang='lat' dir='ltr'>otio</span> <span class='ocrx_word' id='word_1_99' title='bbox 895 1673 1217 1746; x_wconf 89' lang='lat' dir='ltr'>indulgere,</span> <span class='ocrx_word' id='word_1_100' title='bbox 1251 1675 1350 1729; x_wconf 93' lang='lat' dir='ltr'>sed</span> <span class='ocrx_word' id='word_1_101' title='bbox 1383 1692 1584 1730; x_wconf 89' lang='lat' dir='ltr'>eorum</span> <span class='ocrx_word' id='word_1_102' title='bbox 1618 1693 1848 1748; x_wconf 87' lang='lat' dir='ltr'>semper</span> <span class='ocrx_word' id='word_1_103' title='bbox 1871 1692 2017 1748; x_wconf 90' lang='lat' dir='ltr'>quos</span> 
     </span>
    </p>
   </div>
   <div class='ocr_carea' id='block_1_18' title="bbox 377 1761 2014 1835">
    <p class='ocr_par' dir='ltr' id='par_1_18' title="bbox 377 1761 2014 1835">
     <span class='ocr_line' id='line_1_18' title="bbox 377 1761 2014 1835; baseline 0.001 -18"><span class='ocrx_word' id='word_1_104' title='bbox 377 1763 618 1818; x_wconf 92' lang='lat' dir='ltr'>Domino</span> <span class='ocrx_word' id='word_1_105' title='bbox 641 1761 995 1817; x_wconf 91' lang='lat' dir='ltr'>initiaverint</span> <span class='ocrx_word' id='word_1_106' title='bbox 1029 1780 1228 1818; x_wconf 88' lang='lat' dir='ltr'>curam</span> <span class='ocrx_word' id='word_1_107' title='bbox 1251 1780 1448 1835; x_wconf 86' lang='lat' dir='ltr'>gerere</span> <span class='ocrx_word' id='word_1_108' title='bbox 1469 1769 1746 1820; x_wconf 87' lang='lat' dir='ltr'>eteorum</span> <span class='ocrx_word' id='word_1_109' title='bbox 1768 1765 2014 1819; x_wconf 89' lang='lat' dir='ltr'>munda-</span> 
     </span>
    </p>
   </div>
   <div class='ocr_carea' id='block_1_19' title="bbox 373 1851 2100 1937">
    <p class='ocr_par' dir='ltr' id='par_1_19' title="bbox 373 1851 2100 1937">
     <span class='ocr_line' id='line_1_19' title="bbox 373 1851 2100 1937; baseline 0.001 -31"><span class='ocrx_word' id='word_1_110' title='bbox 373 1851 520 1906; x_wconf 91' lang='lat' dir='ltr'>tioni</span> <span class='ocrx_word' id='word_1_111' title='bbox 551 1867 786 1923; x_wconf 88' lang='lat' dir='ltr'>operam</span> <span class='ocrx_word' id='word_1_112' title='bbox 832 1851 1007 1919; x_wconf 90' lang='lat' dir='ltr'>dare;</span> <span class='ocrx_word' id='word_1_113' title='bbox 1043 1855 1107 1906; x_wconf 92' lang='lat' dir='ltr'>ut</span> <span class='ocrx_word' id='word_1_114' title='bbox 1162 1853 1472 1908; x_wconf 81' lang='lat' dir='ltr'>Dominus&#39;</span> <span class='ocrx_word' id='word_1_115' title='bbox 1502 1854 1696 1908; x_wconf 90' lang='lat' dir='ltr'>mittat</span> <span class='ocrx_word' id='word_1_116' title='bbox 1745 1853 2018 1926; x_wconf 83' lang='lat' dir='ltr'>angelum</span> <span class='ocrx_word' id='word_1_117' title='bbox 2053 1873 2100 1937; x_wconf 81' lang='grc' dir='ltr'><strong>Β</strong></span> 
     </span>
    </p>
   </div>
   <div class='ocr_carea' id='block_1_20' title="bbox 375 1939 2018 2012">
    <p class='ocr_par' dir='ltr' id='par_1_20' title="bbox 375 1939 2018 2012">
     <span class='ocr_line' id='line_1_20' title="bbox 375 1939 2018 2012; baseline 0.001 -16"><span class='ocrx_word' id='word_1_118' title='bbox 375 1958 550 1996; x_wconf 90' lang='lat' dir='ltr'>suum</span> <span class='ocrx_word' id='word_1_119' title='bbox 581 1940 639 1994; x_wconf 92' lang='lat' dir='ltr'>in</span> <span class='ocrx_word' id='word_1_120' title='bbox 672 1939 915 1994; x_wconf 82' lang='lat' dir='ltr'>circuitu</span> <span class='ocrx_word' id='word_1_121' title='bbox 949 1957 1152 1995; x_wconf 91' lang='lat' dir='ltr'>eorum</span> <span class='ocrx_word' id='word_1_122' title='bbox 1184 1946 1240 1996; x_wconf 90' lang='lat' dir='ltr'>et</span> <span class='ocrx_word' id='word_1_123' title='bbox 1269 1941 1476 2012; x_wconf 87' lang='lat' dir='ltr'>eripiat</span> <span class='ocrx_word' id='word_1_124' title='bbox 1498 1957 1597 1996; x_wconf 92' lang='lat' dir='ltr'>eos</span> <span class='ocrx_word' id='word_1_125' title='bbox 1629 1942 2018 1997; x_wconf 87' lang='lat' dir='ltr'>continuatim</span> 
     </span>
    </p>
   </div>
   <div class='ocr_carea' id='block_1_21' title="bbox 376 2027 2022 2102">
    <p class='ocr_par' dir='ltr' id='par_1_21' title="bbox 376 2027 2022 2102">
     <span class='ocr_line' id='line_1_21' title="bbox 376 2027 2022 2102; baseline 0.001 -19"><span class='ocrx_word' id='word_1_126' title='bbox 376 2045 560 2084; x_wconf 92' lang='lat' dir='ltr'>orare.</span> <span class='ocrx_word' id='word_1_127' title='bbox 594 2027 810 2083; x_wconf 87' lang='lat' dir='ltr'>Circuit</span> <span class='ocrx_word' id='word_1_128' title='bbox 840 2032 1035 2083; x_wconf 90' lang='lat' dir='ltr'>autem</span> <span class='ocrx_word' id='word_1_129' title='bbox 1078 2034 1260 2084; x_wconf 88' lang='lat' dir='ltr'>totam</span> <span class='ocrx_word' id='word_1_130' title='bbox 1311 2029 1614 2084; x_wconf 86' lang='lat' dir='ltr'>ecclesiam</span> <span class='ocrx_word' id='word_1_131' title='bbox 1663 2035 1720 2085; x_wconf 88' lang='lat' dir='ltr'>et</span> <span class='ocrx_word' id='word_1_132' title='bbox 1766 2032 2022 2102; x_wconf 88' lang='lat' dir='ltr'>aspergit</span> 
     </span>
    </p>
   </div>
   <div class='ocr_carea' id='block_1_22' title="bbox 375 2115 2023 2188">
    <p class='ocr_par' dir='ltr' id='par_1_22' title="bbox 375 2115 2023 2188">
     <span class='ocr_line' id='line_1_22' title="bbox 375 2115 2023 2188; baseline 0.001 -16"><span class='ocrx_word' id='word_1_133' title='bbox 375 2117 625 2188; x_wconf 90' lang='lat' dir='ltr'>parietes</span> <span class='ocrx_word' id='word_1_134' title='bbox 658 2115 912 2185; x_wconf 90' lang='lat' dir='ltr'>illius,ut</span> <span class='ocrx_word' id='word_1_135' title='bbox 941 2118 1302 2172; x_wconf 88' lang='lat' dir='ltr'>demonstret</span> <span class='ocrx_word' id='word_1_136' title='bbox 1335 2135 1396 2172; x_wconf 88' lang='lat' dir='ltr'>se</span> <span class='ocrx_word' id='word_1_137' title='bbox 1427 2135 1658 2174; x_wconf 90' lang='lat' dir='ltr'>omnem</span> <span class='ocrx_word' id='word_1_138' title='bbox 1692 2136 1893 2174; x_wconf 89' lang='lat' dir='ltr'>curam</span> <span class='ocrx_word' id='word_1_139' title='bbox 1917 2121 2023 2173; x_wconf 90' lang='lat' dir='ltr'>im-</span> 
     </span>
    </p>
   </div>
   <div class='ocr_carea' id='block_1_23' title="bbox 375 2205 2018 2279">
    <p class='ocr_par' dir='ltr' id='par_1_23' title="bbox 375 2205 2018 2279">
     <span class='ocr_line' id='line_1_23' title="bbox 375 2205 2018 2279; baseline 0.001 -18"><span class='ocrx_word' id='word_1_140' title='bbox 375 2206 624 2278; x_wconf 89' lang='lat' dir='ltr'>pendere</span> <span class='ocrx_word' id='word_1_141' title='bbox 656 2205 891 2276; x_wconf 89' lang='lat' dir='ltr'>utrique</span> <span class='ocrx_word' id='word_1_142' title='bbox 922 2205 1102 2269; x_wconf 82' lang='lat' dir='ltr'>sexui,</span> <span class='ocrx_word' id='word_1_143' title='bbox 1135 2206 1294 2261; x_wconf 89' lang='lat' dir='ltr'>omni</span> <span class='ocrx_word' id='word_1_144' title='bbox 1325 2207 1498 2275; x_wconf 69' lang='lat' dir='ltr'>aztati,</span> <span class='ocrx_word' id='word_1_145' title='bbox 1533 2206 1693 2261; x_wconf 91' lang='lat' dir='ltr'>omni</span> <span class='ocrx_word' id='word_1_146' title='bbox 1725 2208 2018 2279; x_wconf 86' lang='lat' dir='ltr'>dignitati.</span> 
     </span>
    </p>
   </div>
   <div class='ocr_carea' id='block_1_24' title="bbox 379 2295 2022 2369">
    <p class='ocr_par' dir='ltr' id='par_1_24' title="bbox 379 2295 2022 2369">
     <span class='ocr_line' id='line_1_24' title="bbox 379 2295 2022 2369; baseline 0.001 -19"><span class='ocrx_word' id='word_1_147' title='bbox 379 2295 598 2351; x_wconf 90' lang='lat' dir='ltr'>Deinde</span> <span class='ocrx_word' id='word_1_148' title='bbox 621 2295 833 2350; x_wconf 91' lang='lat' dir='ltr'>iterum</span> <span class='ocrx_word' id='word_1_149' title='bbox 866 2295 1106 2352; x_wconf 84' lang='lat' dir='ltr'>veniens</span> <span class='ocrx_word' id='word_1_150' title='bbox 1155 2300 1290 2350; x_wconf 86' lang='lat' dir='ltr'>ante</span> <span class='ocrx_word' id='word_1_151' title='bbox 1335 2297 1514 2351; x_wconf 89' lang='lat' dir='ltr'>altare</span> <span class='ocrx_word' id='word_1_152' title='bbox 1563 2297 1850 2369; x_wconf 89' lang='lat' dir='ltr'>respergit</span> <span class='ocrx_word' id='word_1_153' title='bbox 1880 2296 2022 2352; x_wconf 92' lang='lat' dir='ltr'>illud</span> 
     </span>
    </p>
   </div>
   <div class='ocr_carea' id='block_1_25' title="bbox 378 2384 2023 2450">
    <p class='ocr_par' dir='ltr' id='par_1_25' title="bbox 378 2384 2023 2450">
     <span class='ocr_line' id='line_1_25' title="bbox 378 2384 2023 2450; baseline 0 -10"><span class='ocrx_word' id='word_1_154' title='bbox 378 2385 632 2440; x_wconf 87' lang='lat' dir='ltr'>secundo</span> <span class='ocrx_word' id='word_1_155' title='bbox 664 2388 719 2439; x_wconf 86' lang='lat' dir='ltr'>et</span> <span class='ocrx_word' id='word_1_156' title='bbox 751 2401 985 2440; x_wconf 89' lang='lat' dir='ltr'>omnem</span> <span class='ocrx_word' id='word_1_157' title='bbox 1043 2384 1369 2450; x_wconf 89' lang='lat' dir='ltr'>ecclesiam,</span> <span class='ocrx_word' id='word_1_158' title='bbox 1405 2386 1617 2440; x_wconf 89' lang='lat' dir='ltr'>docens</span> <span class='ocrx_word' id='word_1_159' title='bbox 1677 2402 1793 2440; x_wconf 92' lang='lat' dir='ltr'>non</span> <span class='ocrx_word' id='word_1_160' title='bbox 1832 2386 2023 2441; x_wconf 90' lang='lat' dir='ltr'>solum</span> 
     </span>
    </p>
   </div>
   <div class='ocr_carea' id='block_1_26' title="bbox 379 2473 2026 2546">
    <p class='ocr_par' dir='ltr' id='par_1_26' title="bbox 379 2473 2026 2546">
     <span class='ocr_line' id='line_1_26' title="bbox 379 2473 2026 2546; baseline 0.001 -18"><span class='ocrx_word' id='word_1_161' title='bbox 379 2474 731 2528; x_wconf 88' lang='lat' dir='ltr'>mundatum</span> <span class='ocrx_word' id='word_1_162' title='bbox 764 2473 970 2527; x_wconf 89' lang='lat' dir='ltr'>debere</span> <span class='ocrx_word' id='word_1_163' title='bbox 1001 2490 1127 2528; x_wconf 86' lang='lat' dir='ltr'>esse</span> <span class='ocrx_word' id='word_1_164' title='bbox 1179 2473 1516 2546; x_wconf 84' lang='lat' dir='ltr'>quempiam</span> <span class='ocrx_word' id='word_1_165' title='bbox 1548 2474 1646 2544; x_wconf 72' lang='grc' dir='ltr'>[αἱ.</span> <span class='ocrx_word' id='word_1_166' title='bbox 1681 2475 1961 2530; x_wconf 90' lang='lat' dir='ltr'>cessando</span> <span class='ocrx_word' id='word_1_167' title='bbox 1992 2492 2026 2530; x_wconf 94' lang='lat' dir='ltr'>a</span> 
     </span>
    </p>
   </div>
   <div class='ocr_carea' id='block_1_27' title="bbox 380 2561 2021 2635">
    <p class='ocr_par' dir='ltr' id='par_1_27' title="bbox 380 2561 2021 2635">
     <span class='ocr_line' id='line_1_27' title="bbox 380 2561 2021 2635; baseline 0.002 -20"><span class='ocrx_word' id='word_1_168' title='bbox 380 2561 638 2631; x_wconf 91' lang='lat' dir='ltr'>peccato]</span> <span class='ocrx_word' id='word_1_169' title='bbox 673 2577 705 2614; x_wconf 88' lang='lat' dir='ltr'>a</span> <span class='ocrx_word' id='word_1_170' title='bbox 731 2566 967 2632; x_wconf 89' lang='lat' dir='ltr'>peccato</span> <span class='ocrx_word' id='word_1_171' title='bbox 1009 2563 1220 2632; x_wconf 77' lang='lat' dir='ltr'>operis.</span> <span class='ocrx_word' id='word_1_172' title='bbox 1256 2564 1354 2617; x_wconf 87' lang='lat' dir='ltr'>sed</span> <span class='ocrx_word' id='word_1_173' title='bbox 1403 2564 1577 2618; x_wconf 89' lang='lat' dir='ltr'>etiam</span> <span class='ocrx_word' id='word_1_174' title='bbox 1631 2565 2021 2635; x_wconf 86' lang='lat' dir='ltr'>cogitationis.</span> 
     </span>
    </p>
   </div>
   <div class='ocr_carea' id='block_1_28' title="bbox 379 2646 2023 2722">
    <p class='ocr_par' dir='ltr' id='par_1_28' title="bbox 379 2646 2023 2722">
     <span class='ocr_line' id='line_1_28' title="bbox 379 2646 2023 2722; baseline 0.002 -21"><span class='ocrx_word' id='word_1_175' title='bbox 379 2647 542 2712; x_wconf 88' lang='lat' dir='ltr'>Quod</span> <span class='ocrx_word' id='word_1_176' title='bbox 567 2646 823 2701; x_wconf 81' lang='lat' dir='ltr'>ostendit</span> <span class='ocrx_word' id='word_1_177' title='bbox 852 2649 1135 2703; x_wconf 88' lang='lat' dir='ltr'>Dominus</span> <span class='ocrx_word' id='word_1_178' title='bbox 1167 2649 1226 2703; x_wconf 90' lang='lat' dir='ltr'>in</span> <span class='ocrx_word' id='word_1_179' title='bbox 1269 2649 1804 2722; x_wconf 88' lang='lat' dir='ltr'>Evangelio,dicens</span> <span class='ocrx_word' id='word_1_180' title='bbox 1828 2669 1879 2706; x_wconf 82' lang='lat'>:«</span> <span class='ocrx_word' id='word_1_181' title='bbox 1909 2654 2023 2705; x_wconf 91' lang='lat' dir='ltr'>Au-</span> 
     </span>
    </p>
   </div>
   <div class='ocr_carea' id='block_1_29' title="bbox 381 2734 2024 2812">
    <p class='ocr_par' dir='ltr' id='par_1_29' title="bbox 381 2734 2024 2812">
     <span class='ocr_line' id='line_1_29' title="bbox 381 2734 2024 2812; baseline 0.002 -22"><span class='ocrx_word' id='word_1_182' title='bbox 381 2734 554 2791; x_wconf 88' lang='lat' dir='ltr'>distis</span> <span class='ocrx_word' id='word_1_183' title='bbox 586 2734 722 2806; x_wconf 88' lang='lat' dir='ltr'>quia</span> <span class='ocrx_word' id='word_1_184' title='bbox 753 2734 976 2790; x_wconf 89' lang='lat' dir='ltr'>dictum</span> <span class='ocrx_word' id='word_1_185' title='bbox 1009 2741 1097 2790; x_wconf 89' lang='lat' dir='ltr'>est</span> <span class='ocrx_word' id='word_1_186' title='bbox 1126 2737 1420 2808; x_wconf 87' lang='lat' dir='ltr'>antiquis:</span> <span class='ocrx_word' id='word_1_187' title='bbox 1455 2739 1578 2793; x_wconf 91' lang='lat' dir='ltr'>Non</span> <span class='ocrx_word' id='word_1_188' title='bbox 1620 2740 1885 2807; x_wconf 89' lang='lat' dir='ltr'>occides;</span> <span class='ocrx_word' id='word_1_189' title='bbox 1920 2756 2024 2812; x_wconf 92' lang='lat' dir='ltr'>ego</span> 
     </span>
    </p>
   </div>
   <div class='ocr_carea' id='block_1_30' title="bbox 382 2823 2025 2894">
    <p class='ocr_par' dir='ltr' id='par_1_30' title="bbox 382 2823 2025 2894">
     <span class='ocr_line' id='line_1_30' title="bbox 382 2823 2025 2894; baseline 0.001 -15"><span class='ocrx_word' id='word_1_190' title='bbox 382 2827 579 2879; x_wconf 89' lang='lat' dir='ltr'>autem</span> <span class='ocrx_word' id='word_1_191' title='bbox 604 2823 731 2879; x_wconf 89' lang='lat' dir='ltr'>dico</span> <span class='ocrx_word' id='word_1_192' title='bbox 749 2823 933 2890; x_wconf 86' lang='lat' dir='ltr'>vobis,</span> <span class='ocrx_word' id='word_1_193' title='bbox 969 2824 1106 2894; x_wconf 90' lang='lat' dir='ltr'>quia</span> <span class='ocrx_word' id='word_1_194' title='bbox 1136 2825 1235 2894; x_wconf 91' lang='lat' dir='ltr'>qui</span> <span class='ocrx_word' id='word_1_195' title='bbox 1269 2824 1538 2879; x_wconf 85' lang='lat' dir='ltr'>irascitur</span> <span class='ocrx_word' id='word_1_196' title='bbox 1567 2825 1730 2879; x_wconf 87' lang='lat' dir='ltr'>fratri</span> <span class='ocrx_word' id='word_1_197' title='bbox 1762 2843 1868 2880; x_wconf 92' lang='lat' dir='ltr'>suo</span> <span class='ocrx_word' id='word_1_198' title='bbox 1892 2843 2025 2882; x_wconf 92' lang='lat' dir='ltr'>reus</span> 
     </span>
    </p>
   </div>
   <div class='ocr_carea' id='block_1_31' title="bbox 383 2911 2024 2984">
    <p class='ocr_par' dir='ltr' id='par_1_31' title="bbox 383 2911 2024 2984">
     <span class='ocr_line' id='line_1_31' title="bbox 383 2911 2024 2984; baseline 0.001 -17"><span class='ocrx_word' id='word_1_199' title='bbox 383 2911 753 2983; x_wconf 88' lang='lat' dir='ltr'>eritjudicio.</span> <span class='ocrx_word' id='word_1_200' title='bbox 790 2933 816 2959; x_wconf 83' lang='lat'>»</span> <span class='ocrx_word' id='word_1_201' title='bbox 851 2911 1097 2966; x_wconf 90' lang='lat' dir='ltr'>Gemina</span> <span class='ocrx_word' id='word_1_202' title='bbox 1126 2928 1260 2981; x_wconf 81' lang='lat' dir='ltr'>ergo</span> <span class='ocrx_word' id='word_1_203' title='bbox 1285 2913 1571 2983; x_wconf 87' lang='lat' dir='ltr'>respersio</span> <span class='ocrx_word' id='word_1_204' title='bbox 1602 2929 1786 2984; x_wconf 72' lang='lat' dir='ltr'>aquae,</span> <span class='ocrx_word' id='word_1_205' title='bbox 1820 2918 1883 2968; x_wconf 92' lang='lat' dir='ltr'>ut</span> <span class='ocrx_word' id='word_1_206' title='bbox 1904 2915 2024 2970; x_wconf 90' lang='lat' dir='ltr'>dic-</span> 
     </span>
    </p>
   </div>
   <div class='ocr_carea' id='block_1_32' title="bbox 386 2998 2025 3071">
    <p class='ocr_par' dir='ltr' id='par_1_32' title="bbox 386 2998 2025 3071">
     <span class='ocr_line' id='line_1_32' title="bbox 386 2998 2025 3071; baseline 0.002 -17"><span class='ocrx_word' id='word_1_207' title='bbox 386 3004 536 3069; x_wconf 90' lang='lat' dir='ltr'>tum,</span> <span class='ocrx_word' id='word_1_208' title='bbox 569 2998 861 3070; x_wconf 89' lang='lat' dir='ltr'>duplicem</span> <span class='ocrx_word' id='word_1_209' title='bbox 896 2999 1186 3071; x_wconf 91' lang='lat' dir='ltr'>signiﬁcat</span> <span class='ocrx_word' id='word_1_210' title='bbox 1207 3001 2025 3069; x_wconf 83' lang='lat' dir='ltr'>mundationem,exteriorem</span> 
     </span>
    </p>
   </div>
   <div class='ocr_carea' id='block_1_33' title="bbox 386 3086 2025 3147">
    <p class='ocr_par' dir='ltr' id='par_1_33' title="bbox 386 3086 2025 3147">
     <span class='ocr_line' id='line_1_33' title="bbox 386 3086 2025 3147; baseline 0.002 -4"><span class='ocrx_word' id='word_1_211' title='bbox 386 3086 607 3143; x_wconf 86' lang='lat' dir='ltr'>scilicet</span> <span class='ocrx_word' id='word_1_212' title='bbox 655 3090 711 3140; x_wconf 90' lang='lat' dir='ltr'>et</span> <span class='ocrx_word' id='word_1_213' title='bbox 763 3087 1118 3142; x_wconf 89' lang='lat' dir='ltr'>interiorem.</span> <span class='ocrx_word' id='word_1_214' title='bbox 1153 3088 1296 3142; x_wconf 88' lang='lat' dir='ltr'>Cum</span> <span class='ocrx_word' id='word_1_215' title='bbox 1345 3092 1538 3144; x_wconf 89' lang='lat' dir='ltr'>autem</span> <span class='ocrx_word' id='word_1_216' title='bbox 1595 3091 1764 3146; x_wconf 91' lang='lat' dir='ltr'>tertio</span> <span class='ocrx_word' id='word_1_217' title='bbox 1823 3093 2025 3147; x_wconf 89' lang='lat' dir='ltr'>eadem</span> 
     </span>
    </p>
   </div>
   <div class='ocr_carea' id='block_1_34' title="bbox 385 3173 2024 3250">
    <p class='ocr_par' dir='ltr' id='par_1_34' title="bbox 385 3173 2024 3250">
     <span class='ocr_line' id='line_1_34' title="bbox 385 3173 2024 3250; baseline 0.003 -19"><span class='ocrx_word' id='word_1_218' title='bbox 385 3173 630 3231; x_wconf 86' lang='lat' dir='ltr'>ecclesia</span> <span class='ocrx_word' id='word_1_219' title='bbox 663 3192 814 3246; x_wconf 90' lang='lat' dir='ltr'>aqua</span> <span class='ocrx_word' id='word_1_220' title='bbox 845 3175 1188 3248; x_wconf 89' lang='lat' dir='ltr'>lustratur,a</span> <span class='ocrx_word' id='word_1_221' title='bbox 1221 3177 1387 3232; x_wconf 89' lang='lat' dir='ltr'>tertio</span> <span class='ocrx_word' id='word_1_222' title='bbox 1418 3195 1627 3250; x_wconf 88' lang='lat' dir='ltr'>genere</span> <span class='ocrx_word' id='word_1_223' title='bbox 1657 3185 2024 3250; x_wconf 87' lang='lat' dir='ltr'>peccatorum</span> 
     </span>
    </p>
   </div>
   <div class='ocr_carea' id='block_1_35' title="bbox 385 3263 2022 3334">
    <p class='ocr_par' dir='ltr' id='par_1_35' title="bbox 385 3263 2022 3334">
     <span class='ocr_line' id='line_1_35' title="bbox 385 3263 2022 3334; baseline 0.004 -16"><span class='ocrx_word' id='word_1_224' title='bbox 385 3263 694 3319; x_wconf 89' lang='lat' dir='ltr'>emundari</span> <span class='ocrx_word' id='word_1_225' title='bbox 717 3264 926 3320; x_wconf 89' lang='lat' dir='ltr'>debere</span> <span class='ocrx_word' id='word_1_226' title='bbox 957 3265 1370 3334; x_wconf 89' lang='lat' dir='ltr'>decernitur,id</span> <span class='ocrx_word' id='word_1_227' title='bbox 1402 3271 1508 3334; x_wconf 90' lang='lat' dir='ltr'>est,</span> <span class='ocrx_word' id='word_1_228' title='bbox 1524 3267 2022 3334; x_wconf 89' lang='lat' dir='ltr'>locutionis.Quod</span> 
     </span>
    </p>
   </div>
   <div class='ocr_carea' id='block_1_36' title="bbox 385 3353 2032 3427">
    <p class='ocr_par' dir='ltr' id='par_1_36' title="bbox 385 3353 2032 3427">
     <span class='ocr_line' id='line_1_36' title="bbox 385 3353 2032 3427; baseline 0.004 -21"><span class='ocrx_word' id='word_1_229' title='bbox 385 3353 484 3424; x_wconf 91' lang='lat' dir='ltr'>qui</span> <span class='ocrx_word' id='word_1_230' title='bbox 509 3353 695 3408; x_wconf 86' lang='lat' dir='ltr'>facere</span> <span class='ocrx_word' id='word_1_231' title='bbox 725 3353 1045 3425; x_wconf 85' lang='lat' dir='ltr'>neglexerit</span> <span class='ocrx_word' id='word_1_232' title='bbox 1075 3355 1273 3408; x_wconf 89' lang='lat' dir='ltr'>audiet</span> <span class='ocrx_word' id='word_1_233' title='bbox 1316 3354 1661 3427; x_wconf 88' lang='lat' dir='ltr'>prophetam</span> <span class='ocrx_word' id='word_1_234' title='bbox 1693 3357 2032 3414; x_wconf 88' lang='lat' dir='ltr'>terribiliter</span> 
     </span>
    </p>
   </div>
   <div class='ocr_carea' id='block_1_37' title="bbox 384 3440 2032 3518">
    <p class='ocr_par' dir='ltr' id='par_1_37' title="bbox 384 3440 2032 3518">
     <span class='ocr_line' id='line_1_37' title="bbox 384 3440 2032 3518; baseline 0.003 -22"><span class='ocrx_word' id='word_1_235' title='bbox 384 3440 880 3496; x_wconf 82' lang='lat' dir='ltr'>comminantem:</span> <span class='ocrx_word' id='word_1_236' title='bbox 916 3463 943 3490; x_wconf 89' lang='grc'>‹‹</span> <span class='ocrx_word' id='word_1_237' title='bbox 977 3442 1045 3496; x_wconf 87' lang='lat' dir='ltr'>Et</span> <span class='ocrx_word' id='word_1_238' title='bbox 1074 3442 1182 3496; x_wconf 89' lang='lat' dir='ltr'>erit</span> <span class='ocrx_word' id='word_1_239' title='bbox 1221 3442 1518 3498; x_wconf 87' lang='lat' dir='ltr'>tribulatio</span> <span class='ocrx_word' id='word_1_240' title='bbox 1578 3444 1673 3516; x_wconf 86' lang='grc' dir='ltr'>[αι.</span> <span class='ocrx_word' id='word_1_241' title='bbox 1727 3445 1967 3518; x_wconf 82' lang='lat' dir='ltr'>clamor]</span> <span class='ocrx_word' id='word_1_242' title='bbox 1999 3464 2032 3501; x_wconf 88' lang='lat' dir='ltr'>a</span> 
     </span>
    </p>
   </div>
   <div class='ocr_carea' id='block_1_38' title="bbox 383 3519 2032 3600">
    <p class='ocr_par' dir='ltr' id='par_1_38' title="bbox 383 3519 2032 3600">
     <span class='ocr_line' id='line_1_38' title="bbox 383 3519 2032 3600; baseline 0.004 -18"><span class='ocrx_word' id='word_1_243' title='bbox 383 3532 552 3600; x_wconf 91' lang='lat' dir='ltr'>porta</span> <span class='ocrx_word' id='word_1_244' title='bbox 581 3529 852 3600; x_wconf 90' lang='lat' dir='ltr'>piscium,</span> <span class='ocrx_word' id='word_1_245' title='bbox 886 3533 942 3584; x_wconf 90' lang='lat' dir='ltr'>et</span> <span class='ocrx_word' id='word_1_246' title='bbox 973 3529 1233 3585; x_wconf 86' lang='lat' dir='ltr'>ululatus</span> <span class='ocrx_word' id='word_1_247' title='bbox 1285 3548 1316 3585; x_wconf 91' lang='lat' dir='ltr'>a</span> <span class='ocrx_word' id='word_1_248' title='bbox 1347 3519 1607 3587; x_wconf 80' lang='lat' dir='ltr'>secunda</span> <span class='ocrx_word' id='word_1_249' title='bbox 1655 3537 1712 3588; x_wconf 92' lang='lat' dir='ltr'>et</span> <span class='ocrx_word' id='word_1_250' title='bbox 1763 3535 2032 3589; x_wconf 89' lang='lat' dir='ltr'>contritio</span> 
     </span>
    </p>
   </div>
   <div class='ocr_carea' id='block_1_39' title="bbox 385 3617 2032 3691">
    <p class='ocr_par' dir='ltr' id='par_1_39' title="bbox 385 3617 2032 3691">
     <span class='ocr_line' id='line_1_39' title="bbox 385 3617 2032 3691; baseline 0.004 -20"><span class='ocrx_word' id='word_1_251' title='bbox 385 3633 599 3687; x_wconf 90' lang='lat' dir='ltr'>magna</span> <span class='ocrx_word' id='word_1_252' title='bbox 620 3635 653 3672; x_wconf 92' lang='lat' dir='ltr'>a</span> <span class='ocrx_word' id='word_1_253' title='bbox 676 3617 1221 3673; x_wconf 88' lang='lat' dir='ltr'>collibus.»Canitur</span> <span class='ocrx_word' id='word_1_254' title='bbox 1235 3623 1430 3674; x_wconf 90' lang='lat' dir='ltr'>autem</span> <span class='ocrx_word' id='word_1_255' title='bbox 1455 3621 1776 3691; x_wconf 90' lang='lat' dir='ltr'>antiphona</span> <span class='ocrx_word' id='word_1_256' title='bbox 1797 3623 2032 3678; x_wconf 91' lang='lat' dir='ltr'>interim</span> 
     </span>
    </p>
   </div>
   <div class='ocr_carea' id='block_1_40' title="bbox 384 3705 2034 3780">
    <p class='ocr_par' dir='ltr' id='par_1_40' title="bbox 384 3705 2034 3780">
     <span class='ocr_line' id='line_1_40' title="bbox 384 3705 2034 3780; baseline 0.004 -20"><span class='ocrx_word' id='word_1_257' title='bbox 384 3705 474 3761; x_wconf 91' lang='lat' dir='ltr'>vel</span> <span class='ocrx_word' id='word_1_258' title='bbox 506 3706 776 3778; x_wconf 90' lang='lat' dir='ltr'>psalmus</span> <span class='ocrx_word' id='word_1_259' title='bbox 802 3707 1148 3779; x_wconf 81' lang='lat' dir='ltr'>:«Exsurgat</span> <span class='ocrx_word' id='word_1_260' title='bbox 1168 3709 1323 3763; x_wconf 90' lang='lat' dir='ltr'>Deus</span> <span class='ocrx_word' id='word_1_261' title='bbox 1343 3713 1399 3763; x_wconf 90' lang='lat' dir='ltr'>et</span> <span class='ocrx_word' id='word_1_262' title='bbox 1429 3709 1789 3780; x_wconf 86' lang='lat' dir='ltr'>dissipentur</span> <span class='ocrx_word' id='word_1_263' title='bbox 1811 3711 2034 3767; x_wconf 89' lang='lat' dir='ltr'>inimici</span> 
     </span>
    </p>
   </div>
   <div class='ocr_carea' id='block_1_41' title="bbox 387 3796 2033 3872">
    <p class='ocr_par' dir='ltr' id='par_1_41' title="bbox 387 3796 2033 3872">
     <span class='ocr_line' id='line_1_41' title="bbox 387 3796 2033 3872; baseline 0.004 -22"><span class='ocrx_word' id='word_1_264' title='bbox 387 3796 536 3866; x_wconf 91' lang='lat' dir='ltr'>ejus,</span> <span class='ocrx_word' id='word_1_265' title='bbox 571 3817 598 3845; x_wconf 84' lang='lat'>»</span> <span class='ocrx_word' id='word_1_266' title='bbox 634 3796 731 3868; x_wconf 93' lang='lat' dir='ltr'>qui</span> <span class='ocrx_word' id='word_1_267' title='bbox 762 3814 1099 3868; x_wconf 88' lang='lat' dir='ltr'>quanquam</span> <span class='ocrx_word' id='word_1_268' title='bbox 1133 3798 1202 3852; x_wconf 91' lang='lat' dir='ltr'>de</span> <span class='ocrx_word' id='word_1_269' title='bbox 1250 3797 1469 3853; x_wconf 78' lang='lat' dir='ltr'>Judaeis</span> <span class='ocrx_word' id='word_1_270' title='bbox 1513 3801 1879 3872; x_wconf 89' lang='lat' dir='ltr'>conscriptus</span> <span class='ocrx_word' id='word_1_271' title='bbox 1912 3818 2033 3857; x_wconf 92' lang='lat' dir='ltr'>cre-</span> 
     </span>
    </p>
   </div>
   <div class='ocr_carea' id='block_1_42' title="bbox 391 3885 2035 3957">
    <p class='ocr_par' dir='ltr' id='par_1_42' title="bbox 391 3885 2035 3957">
     <span class='ocr_line' id='line_1_42' title="bbox 391 3885 2035 3957; baseline 0.004 -19"><span class='ocrx_word' id='word_1_272' title='bbox 391 3885 565 3939; x_wconf 85' lang='lat' dir='ltr'>datur</span> <span class='ocrx_word' id='word_1_273' title='bbox 585 3889 641 3940; x_wconf 90' lang='lat' dir='ltr'>et</span> <span class='ocrx_word' id='word_1_274' title='bbox 669 3885 1255 3957; x_wconf 88' lang='lat' dir='ltr'>intelligatur,tamen</span> <span class='ocrx_word' id='word_1_275' title='bbox 1289 3887 1360 3942; x_wconf 93' lang='lat' dir='ltr'>ab</span> <span class='ocrx_word' id='word_1_276' title='bbox 1383 3887 1466 3942; x_wconf 90' lang='lat' dir='ltr'>eis</span> <span class='ocrx_word' id='word_1_277' title='bbox 1487 3888 1582 3956; x_wconf 89' lang='lat' dir='ltr'>qui</span> <span class='ocrx_word' id='word_1_278' title='bbox 1617 3888 1772 3943; x_wconf 88' lang='lat' dir='ltr'>istud</span> <span class='ocrx_word' id='word_1_279' title='bbox 1801 3890 2035 3945; x_wconf 86' lang='lat' dir='ltr'>ordina-</span> 
     </span>
    </p>
   </div>
   <div class='ocr_carea' id='block_1_43' title="bbox 389 3971 2037 4047">
    <p class='ocr_par' dir='ltr' id='par_1_43' title="bbox 389 3971 2037 4047">
     <span class='ocr_line' id='line_1_43' title="bbox 389 3971 2037 4047; baseline 0.007 -24"><span class='ocrx_word' id='word_1_280' title='bbox 389 3975 598 4025; x_wconf 88' lang='lat' dir='ltr'>verunt</span> <span class='ocrx_word' id='word_1_281' title='bbox 619 3971 959 4039; x_wconf 84' lang='lat' dir='ltr'>ofﬁcium,et</span> <span class='ocrx_word' id='word_1_282' title='bbox 991 3974 1218 4030; x_wconf 81' lang='lat' dir='ltr'>diabolo</span> <span class='ocrx_word' id='word_1_283' title='bbox 1249 3979 1306 4030; x_wconf 89' lang='lat' dir='ltr'>et</span> <span class='ocrx_word' id='word_1_284' title='bbox 1351 3975 1640 4032; x_wconf 86' lang='lat' dir='ltr'>ministris</span> <span class='ocrx_word' id='word_1_285' title='bbox 1672 3979 1798 4047; x_wconf 88' lang='lat' dir='ltr'>ejus</span> <span class='ocrx_word' id='word_1_286' title='bbox 1828 3995 2037 4034; x_wconf 86' lang='lat' dir='ltr'>conve-</span> 
     </span>
    </p>
   </div>
   <div class='ocr_carea' id='block_1_44' title="bbox 392 4057 2038 4139">
    <p class='ocr_par' dir='ltr' id='par_1_44' title="bbox 392 4057 2038 4139">
     <span class='ocr_line' id='line_1_44' title="bbox 392 4057 2038 4139; baseline 0.008 -29"><span class='ocrx_word' id='word_1_287' title='bbox 392 4057 518 4112; x_wconf 89' lang='lat' dir='ltr'>nire</span> <span class='ocrx_word' id='word_1_288' title='bbox 539 4075 708 4129; x_wconf 91' lang='lat' dir='ltr'>posse</span> <span class='ocrx_word' id='word_1_289' title='bbox 731 4060 1062 4117; x_wconf 90' lang='lat' dir='ltr'>intellectus</span> <span class='ocrx_word' id='word_1_290' title='bbox 1094 4068 1215 4118; x_wconf 89' lang='lat' dir='ltr'>est:</span> <span class='ocrx_word' id='word_1_291' title='bbox 1242 4065 1523 4120; x_wconf 89' lang='lat' dir='ltr'>Cantatur</span> <span class='ocrx_word' id='word_1_292' title='bbox 1543 4072 1737 4121; x_wconf 88' lang='lat' dir='ltr'>autem</span> <span class='ocrx_word' id='word_1_293' title='bbox 1769 4068 2038 4139; x_wconf 87' lang='lat' dir='ltr'>antipho-</span> 
     </span>
    </p>
   </div>
   <div class='ocr_carea' id='block_1_45' title="bbox 394 4147 2038 4227">
    <p class='ocr_par' dir='ltr' id='par_1_45' title="bbox 394 4147 2038 4227">
     <span class='ocr_line' id='line_1_45' title="bbox 394 4147 2038 4227; baseline 0.007 -27"><span class='ocrx_word' id='word_1_294' title='bbox 394 4162 506 4203; x_wconf 86' lang='lat' dir='ltr'>na:</span> <span class='ocrx_word' id='word_1_295' title='bbox 543 4170 569 4194; x_wconf 91' lang='grc'>‹‹</span> <span class='ocrx_word' id='word_1_296' title='bbox 601 4147 708 4210; x_wconf 90' lang='lat' dir='ltr'>Qui</span> <span class='ocrx_word' id='word_1_297' title='bbox 746 4148 969 4204; x_wconf 88' lang='lat' dir='ltr'>habitat</span> <span class='ocrx_word' id='word_1_298' title='bbox 1002 4151 1061 4205; x_wconf 91' lang='lat' dir='ltr'>in</span> <span class='ocrx_word' id='word_1_299' title='bbox 1093 4153 1380 4222; x_wconf 89' lang='lat' dir='ltr'>adjutorio</span> <span class='ocrx_word' id='word_1_300' title='bbox 1414 4154 1779 4222; x_wconf 85' lang='lat' dir='ltr'>Altissimi,in</span> <span class='ocrx_word' id='word_1_301' title='bbox 1811 4162 2038 4227; x_wconf 90' lang='lat' dir='ltr'>protec-</span> 
     </span>
    </p>
   </div>
   <div class='ocr_carea' id='block_1_46' title="bbox 395 4235 2039 4308">
    <p class='ocr_par' dir='ltr' id='par_1_46' title="bbox 395 4235 2039 4308">
     <span class='ocr_line' id='line_1_46' title="bbox 395 4235 2039 4308; baseline 0.007 -19"><span class='ocrx_word' id='word_1_302' title='bbox 395 4235 550 4291; x_wconf 90' lang='lat' dir='ltr'>tione</span> <span class='ocrx_word' id='word_1_303' title='bbox 581 4235 680 4291; x_wconf 89' lang='lat' dir='ltr'>Dei</span> <span class='ocrx_word' id='word_1_304' title='bbox 713 4236 838 4292; x_wconf 88' lang='lat' dir='ltr'>coeli</span> <span class='ocrx_word' id='word_1_305' title='bbox 873 4241 1350 4308; x_wconf 90' lang='lat' dir='ltr'>commorabitur,</span> <span class='ocrx_word' id='word_1_306' title='bbox 1385 4265 1411 4292; x_wconf 85' lang='lat'><strong>»</strong></span> <span class='ocrx_word' id='word_1_307' title='bbox 1446 4249 1768 4300; x_wconf 84' lang='lat' dir='ltr'>asserentes</span> <span class='ocrx_word' id='word_1_308' title='bbox 1809 4245 2039 4300; x_wconf 90' lang='lat' dir='ltr'>nullum</span> 
     </span>
    </p>
   </div>
   <div class='ocr_carea' id='block_1_47' title="bbox 391 4325 2040 4404">
    <p class='ocr_par' dir='ltr' id='par_1_47' title="bbox 391 4325 2040 4404">
     <span class='ocr_line' id='line_1_47' title="bbox 391 4325 2040 4404; baseline 0.007 -24"><span class='ocrx_word' id='word_1_309' title='bbox 391 4341 564 4396; x_wconf 87' lang='lat' dir='ltr'>posse</span> <span class='ocrx_word' id='word_1_310' title='bbox 598 4325 819 4398; x_wconf 86' lang='lat' dir='ltr'>protegi</span> <span class='ocrx_word' id='word_1_311' title='bbox 855 4344 888 4380; x_wconf 89' lang='lat' dir='ltr'>a</span> <span class='ocrx_word' id='word_1_312' title='bbox 919 4326 1034 4382; x_wconf 92' lang='lat' dir='ltr'>Deo</span> <span class='ocrx_word' id='word_1_313' title='bbox 1068 4327 1181 4382; x_wconf 89' lang='lat' dir='ltr'>nisi</span> <span class='ocrx_word' id='word_1_314' title='bbox 1207 4345 1340 4383; x_wconf 92' lang='lat' dir='ltr'>eum</span> <span class='ocrx_word' id='word_1_315' title='bbox 1373 4331 1471 4402; x_wconf 91' lang='lat' dir='ltr'>qui</span> <span class='ocrx_word' id='word_1_316' title='bbox 1505 4333 1562 4385; x_wconf 91' lang='lat' dir='ltr'>in</span> <span class='ocrx_word' id='word_1_317' title='bbox 1594 4334 1721 4403; x_wconf 86' lang='lat' dir='ltr'>ejus</span> <span class='ocrx_word' id='word_1_318' title='bbox 1753 4335 2040 4404; x_wconf 84' lang='lat' dir='ltr'>adjutorio</span> 
     </span>
    </p>
   </div>
   <div class='ocr_carea' id='block_1_48' title="bbox 391 4413 2040 4488">
    <p class='ocr_par' dir='ltr' id='par_1_48' title="bbox 391 4413 2040 4488">
     <span class='ocr_line' id='line_1_48' title="bbox 391 4413 2040 4488; baseline 0.004 -19"><span class='ocrx_word' id='word_1_319' title='bbox 391 4413 762 4480; x_wconf 87' lang='lat' dir='ltr'>habitaverit,</span> <span class='ocrx_word' id='word_1_320' title='bbox 798 4415 854 4469; x_wconf 90' lang='lat' dir='ltr'>id</span> <span class='ocrx_word' id='word_1_321' title='bbox 889 4420 996 4488; x_wconf 91' lang='lat' dir='ltr'>est,</span> <span class='ocrx_word' id='word_1_322' title='bbox 1031 4417 1227 4488; x_wconf 89' lang='lat' dir='ltr'>ipsum</span> <span class='ocrx_word' id='word_1_323' title='bbox 1260 4418 1586 4488; x_wconf 90' lang='lat' dir='ltr'>adjutorem</span> <span class='ocrx_word' id='word_1_324' title='bbox 1611 4421 1722 4475; x_wconf 93' lang='lat' dir='ltr'>sibi</span> <span class='ocrx_word' id='word_1_325' title='bbox 1744 4438 1871 4478; x_wconf 91' lang='lat' dir='ltr'>esse</span> <span class='ocrx_word' id='word_1_326' title='bbox 1894 4424 2040 4479; x_wconf 88' lang='lat' dir='ltr'>assi-</span> 
     </span>
    </p>
   </div>
   <div class='ocr_carea' id='block_1_49' title="bbox 393 4505 2044 4581">
    <p class='ocr_par' dir='ltr' id='par_1_49' title="bbox 393 4505 2044 4581">
     <span class='ocr_line' id='line_1_49' title="bbox 393 4505 2044 4581; baseline 0.005 -23"><span class='ocrx_word' id='word_1_327' title='bbox 393 4505 507 4560; x_wconf 89' lang='lat' dir='ltr'>due</span> <span class='ocrx_word' id='word_1_328' title='bbox 526 4505 871 4576; x_wconf 89' lang='lat' dir='ltr'>deprecatus</span> <span class='ocrx_word' id='word_1_329' title='bbox 895 4505 1158 4561; x_wconf 91' lang='lat' dir='ltr'>fuerit.In</span> <span class='ocrx_word' id='word_1_330' title='bbox 1181 4523 1247 4561; x_wconf 95' lang='lat' dir='ltr'>eo</span> <span class='ocrx_word' id='word_1_331' title='bbox 1264 4524 1395 4562; x_wconf 92' lang='lat' dir='ltr'>vero</span> <span class='ocrx_word' id='word_1_332' title='bbox 1418 4509 1569 4578; x_wconf 88' lang='lat' dir='ltr'>quod</span> <span class='ocrx_word' id='word_1_333' title='bbox 1593 4509 1773 4565; x_wconf 88' lang='lat' dir='ltr'>mittit</span> <span class='ocrx_word' id='word_1_334' title='bbox 1789 4511 2044 4581; x_wconf 84' lang='lat' dir='ltr'>pontifex</span> 
     </span>
    </p>
   </div>
   <div class='ocr_carea' id='block_1_50' title="bbox 2117 595 3774 670">
    <p class='ocr_par' dir='ltr' id='par_1_50' title="bbox 2117 595 3774 670">
     <span class='ocr_line' id='line_1_50' title="bbox 2117 595 3774 670; baseline 0.002 -21"><span class='ocrx_word' id='word_1_335' title='bbox 2117 595 2430 667; x_wconf 85' lang='lat' dir='ltr'>Apostolo:</span> <span class='ocrx_word' id='word_1_336' title='bbox 2465 620 2492 647; x_wconf 90' lang='grc'>‹‹</span> <span class='ocrx_word' id='word_1_337' title='bbox 2533 602 2770 670; x_wconf 91' lang='lat' dir='ltr'>Semper</span> <span class='ocrx_word' id='word_1_338' title='bbox 2813 597 3320 654; x_wconf 80' lang='lat' dir='ltr'>mortificationem</span> <span class='ocrx_word' id='word_1_339' title='bbox 3379 597 3597 653; x_wconf 88' lang='lat' dir='ltr'>Christi</span> <span class='ocrx_word' id='word_1_340' title='bbox 3659 599 3774 653; x_wconf 90' lang='lat' dir='ltr'>cir-</span> 
     </span>
    </p>
   </div>
   <div class='ocr_carea' id='block_1_51' title="bbox 2118 685 3774 759">
    <p class='ocr_par' dir='ltr' id='par_1_51' title="bbox 2118 685 3774 759">
     <span class='ocr_line' id='line_1_51' title="bbox 2118 685 3774 759; baseline 0.003 -22"><span class='ocrx_word' id='word_1_341' title='bbox 2118 686 2507 741; x_wconf 88' lang='lat' dir='ltr'>cumferentes</span> <span class='ocrx_word' id='word_1_342' title='bbox 2557 687 2614 741; x_wconf 91' lang='lat' dir='ltr'>in</span> <span class='ocrx_word' id='word_1_343' title='bbox 2646 686 2988 759; x_wconf 90' lang='lat' dir='ltr'>corporibus</span> <span class='ocrx_word' id='word_1_344' title='bbox 3042 687 3280 754; x_wconf 90' lang='lat' dir='ltr'>nostris,</span> <span class='ocrx_word' id='word_1_345' title='bbox 3324 691 3388 742; x_wconf 92' lang='lat' dir='ltr'>ut</span> <span class='ocrx_word' id='word_1_346' title='bbox 3444 687 3571 741; x_wconf 90' lang='lat' dir='ltr'>vita</span> <span class='ocrx_word' id='word_1_347' title='bbox 3623 685 3774 742; x_wconf 83' lang='lat' dir='ltr'>Jesu</span> 
     </span>
    </p>
   </div>
   <div class='ocr_carea' id='block_1_52' title="bbox 2120 775 3772 831">
    <p class='ocr_par' dir='ltr' id='par_1_52' title="bbox 2120 775 3772 831">
     <span class='ocr_line' id='line_1_52' title="bbox 2120 775 3772 831; baseline 0.002 -5"><span class='ocrx_word' id='word_1_348' title='bbox 2120 775 2525 829; x_wconf 87' lang='lat' dir='ltr'>manifestetur</span> <span class='ocrx_word' id='word_1_349' title='bbox 2554 775 2612 829; x_wconf 91' lang='lat' dir='ltr'>in</span> <span class='ocrx_word' id='word_1_350' title='bbox 2641 775 2940 830; x_wconf 82' lang='lat' dir='ltr'>nobis.»Et</span> <span class='ocrx_word' id='word_1_351' title='bbox 2960 779 3192 831; x_wconf 87' lang='lat' dir='ltr'>cantare</span> <span class='ocrx_word' id='word_1_352' title='bbox 3214 775 3457 831; x_wconf 90' lang='lat' dir='ltr'>dicendo</span> <span class='ocrx_word' id='word_1_353' title='bbox 3485 776 3772 831; x_wconf 78' lang='lat' dir='ltr'>:«Domus</span> 
     </span>
    </p>
   </div>
   <div class='ocr_carea' id='block_1_53' title="bbox 2121 863 3768 934">
    <p class='ocr_par' dir='ltr' id='par_1_53' title="bbox 2121 863 3768 934">
     <span class='ocr_line' id='line_1_53' title="bbox 2121 863 3768 934; baseline 0.003 -19"><span class='ocrx_word' id='word_1_354' title='bbox 2121 878 2250 916; x_wconf 91' lang='lat' dir='ltr'>mea</span> <span class='ocrx_word' id='word_1_355' title='bbox 2272 863 2483 918; x_wconf 90' lang='lat' dir='ltr'>domus</span> <span class='ocrx_word' id='word_1_356' title='bbox 2505 864 2784 919; x_wconf 92' lang='lat' dir='ltr'>orationis</span> <span class='ocrx_word' id='word_1_357' title='bbox 2807 865 3109 920; x_wconf 85' lang='lat' dir='ltr'>vocabitur</span> <span class='ocrx_word' id='word_1_358' title='bbox 3133 883 3145 934; x_wconf 92' lang='lat'><strong>;</strong></span> <span class='ocrx_word' id='word_1_359' title='bbox 3190 887 3216 914; x_wconf 85' lang='lat'>»</span> <span class='ocrx_word' id='word_1_360' title='bbox 3251 868 3314 919; x_wconf 88' lang='lat' dir='ltr'>ut</span> <span class='ocrx_word' id='word_1_361' title='bbox 3340 864 3567 920; x_wconf 87' lang='lat' dir='ltr'>scilicet</span> <span class='ocrx_word' id='word_1_362' title='bbox 3587 865 3768 920; x_wconf 86' lang='lat' dir='ltr'>talem</span> 
     </span>
    </p>
   </div>
   <div class='ocr_carea' id='block_1_54' title="bbox 2121 951 3767 1026">
    <p class='ocr_par' dir='ltr' id='par_1_54' title="bbox 2121 951 3767 1026">
     <span class='ocr_line' id='line_1_54' title="bbox 2121 951 3767 1026; baseline 0.002 -20"><span class='ocrx_word' id='word_1_363' title='bbox 2121 951 2425 1006; x_wconf 87' lang='lat' dir='ltr'>ecclesiam</span> <span class='ocrx_word' id='word_1_364' title='bbox 2459 952 2558 1006; x_wconf 90' lang='lat' dir='ltr'>Dei</span> <span class='ocrx_word' id='word_1_365' title='bbox 2583 958 2865 1024; x_wconf 68' lang='lat' dir='ltr'>praeparet</span> <span class='ocrx_word' id='word_1_366' title='bbox 2887 971 3015 1026; x_wconf 61' lang='lat' dir='ltr'>quae</span> <span class='ocrx_word' id='word_1_367' title='bbox 3039 971 3153 1008; x_wconf 92' lang='lat' dir='ltr'>non</span> <span class='ocrx_word' id='word_1_368' title='bbox 3184 954 3261 1009; x_wconf 90' lang='lat' dir='ltr'>sit</span> <span class='ocrx_word' id='word_1_369' title='bbox 3287 953 3573 1025; x_wconf 86' lang='lat' dir='ltr'>spelunca</span> <span class='ocrx_word' id='word_1_370' title='bbox 3594 952 3767 1010; x_wconf 88' lang='lat' dir='ltr'>latro-</span> 
     </span>
    </p>
   </div>
   <div class='ocr_carea' id='block_1_55' title="bbox 2121 1041 3770 1114">
    <p class='ocr_par' dir='ltr' id='par_1_55' title="bbox 2121 1041 3770 1114">
     <span class='ocr_line' id='line_1_55' title="bbox 2121 1041 3770 1114; baseline 0.002 -20"><span class='ocrx_word' id='word_1_371' title='bbox 2121 1041 2391 1102; x_wconf 90' lang='lat' dir='ltr'>num,sed</span> <span class='ocrx_word' id='word_1_372' title='bbox 2417 1042 2626 1098; x_wconf 92' lang='lat' dir='ltr'>domus</span> <span class='ocrx_word' id='word_1_373' title='bbox 2648 1043 2949 1114; x_wconf 90' lang='lat' dir='ltr'>orationis,</span> <span class='ocrx_word' id='word_1_374' title='bbox 2966 1044 3020 1097; x_wconf 92' lang='lat' dir='ltr'>id</span> <span class='ocrx_word' id='word_1_375' title='bbox 3045 1048 3134 1099; x_wconf 89' lang='lat' dir='ltr'>est</span> <span class='ocrx_word' id='word_1_376' title='bbox 3155 1059 3226 1098; x_wconf 93' lang='lat' dir='ltr'>ne</span> <span class='ocrx_word' id='word_1_377' title='bbox 3249 1044 3405 1098; x_wconf 90' lang='lat' dir='ltr'>fures</span> <span class='ocrx_word' id='word_1_378' title='bbox 3427 1052 3483 1098; x_wconf 86' lang='lat' dir='ltr'>et</span> <span class='ocrx_word' id='word_1_379' title='bbox 3511 1042 3770 1098; x_wconf 85' lang='lat' dir='ltr'>latrones</span> 
     </span>
    </p>
   </div>
   <div class='ocr_carea' id='block_1_56' title="bbox 2121 1131 3768 1204">
    <p class='ocr_par' dir='ltr' id='par_1_56' title="bbox 2121 1131 3768 1204">
     <span class='ocr_line' id='line_1_56' title="bbox 2121 1131 3768 1204; baseline 0.001 -20"><span class='ocrx_word' id='word_1_380' title='bbox 2121 1131 2412 1185; x_wconf 73' lang='lat' dir='ltr'>daemones</span> <span class='ocrx_word' id='word_1_381' title='bbox 2427 1131 2486 1185; x_wconf 90' lang='lat' dir='ltr'>in</span> <span class='ocrx_word' id='word_1_382' title='bbox 2500 1132 2838 1202; x_wconf 86' lang='lat' dir='ltr'>corporibus</span> <span class='ocrx_word' id='word_1_383' title='bbox 2852 1136 3218 1204; x_wconf 86' lang='lat' dir='ltr'>peccatorum</span> <span class='ocrx_word' id='word_1_384' title='bbox 3236 1131 3348 1186; x_wconf 90' lang='lat' dir='ltr'>sibi</span> <span class='ocrx_word' id='word_1_385' title='bbox 3362 1149 3429 1187; x_wconf 94' lang='lat' dir='ltr'>su</span> <span class='ocrx_word' id='word_1_386' title='bbox 3440 1132 3768 1203; x_wconf 85' lang='lat' dir='ltr'>bjectorum</span> 
     </span>
    </p>
   </div>
   <div class='ocr_carea' id='block_1_57' title="bbox 2121 1219 3771 1293">
    <p class='ocr_par' dir='ltr' id='par_1_57' title="bbox 2121 1219 3771 1293">
     <span class='ocr_line' id='line_1_57' title="bbox 2121 1219 3771 1293; baseline 0.001 -19"><span class='ocrx_word' id='word_1_387' title='bbox 2121 1224 2422 1275; x_wconf 85' lang='lat' dir='ltr'>exerceant</span> <span class='ocrx_word' id='word_1_388' title='bbox 2439 1221 2935 1290; x_wconf 88' lang='lat' dir='ltr'>dominatum,sed</span> <span class='ocrx_word' id='word_1_389' title='bbox 2953 1221 3146 1293; x_wconf 88' lang='lat' dir='ltr'>potius</span> <span class='ocrx_word' id='word_1_390' title='bbox 3168 1236 3229 1275; x_wconf 91' lang='lat' dir='ltr'>se</span> <span class='ocrx_word' id='word_1_391' title='bbox 3249 1219 3396 1291; x_wconf 84' lang='lat' dir='ltr'>tales</span> <span class='ocrx_word' id='word_1_392' title='bbox 3419 1225 3771 1293; x_wconf 58' lang='lat' dir='ltr'>praeparent,</span> 
     </span>
    </p>
   </div>
   <div class='ocr_carea' id='block_1_58' title="bbox 2124 1307 3769 1381">
    <p class='ocr_par' dir='ltr' id='par_1_58' title="bbox 2124 1307 3769 1381">
     <span class='ocr_line' id='line_1_58' title="bbox 2124 1307 3769 1381; baseline 0.001 -18"><span class='ocrx_word' id='word_1_393' title='bbox 2124 1312 2189 1363; x_wconf 90' lang='lat' dir='ltr'>ut</span> <span class='ocrx_word' id='word_1_394' title='bbox 2220 1307 2338 1363; x_wconf 83' lang='lat' dir='ltr'>sive</span> <span class='ocrx_word' id='word_1_395' title='bbox 2385 1309 2762 1376; x_wconf 88' lang='lat' dir='ltr'>manducent,</span> <span class='ocrx_word' id='word_1_396' title='bbox 2796 1309 2915 1365; x_wconf 90' lang='lat' dir='ltr'>sive</span> <span class='ocrx_word' id='word_1_397' title='bbox 2973 1310 3194 1374; x_wconf 89' lang='lat' dir='ltr'>bibant,</span> <span class='ocrx_word' id='word_1_398' title='bbox 3224 1309 3345 1365; x_wconf 89' lang='lat' dir='ltr'>sive</span> <span class='ocrx_word' id='word_1_399' title='bbox 3405 1308 3569 1365; x_wconf 87' lang='lat' dir='ltr'>aliud</span> <span class='ocrx_word' id='word_1_400' title='bbox 3629 1310 3769 1381; x_wconf 89' lang='lat' dir='ltr'>quid</span> 
     </span>
    </p>
   </div>
   <div class='ocr_carea' id='block_1_59' title="bbox 2124 1397 3771 1470">
    <p class='ocr_par' dir='ltr' id='par_1_59' title="bbox 2124 1397 3771 1470">
     <span class='ocr_line' id='line_1_59' title="bbox 2124 1397 3771 1470; baseline 0 -18"><span class='ocrx_word' id='word_1_401' title='bbox 2124 1397 2338 1452; x_wconf 89' lang='lat' dir='ltr'>faciant</span> <span class='ocrx_word' id='word_1_402' title='bbox 2377 1397 2434 1451; x_wconf 93' lang='lat' dir='ltr'>in</span> <span class='ocrx_word' id='word_1_403' title='bbox 2466 1397 2710 1470; x_wconf 88' lang='lat' dir='ltr'>gloriam</span> <span class='ocrx_word' id='word_1_404' title='bbox 2759 1397 2992 1453; x_wconf 90' lang='lat' dir='ltr'>Domini</span> <span class='ocrx_word' id='word_1_405' title='bbox 3055 1398 3291 1463; x_wconf 87' lang='lat' dir='ltr'>faciant,</span> <span class='ocrx_word' id='word_1_406' title='bbox 3325 1401 3383 1452; x_wconf 88' lang='lat' dir='ltr'>et</span> <span class='ocrx_word' id='word_1_407' title='bbox 3418 1399 3771 1453; x_wconf 88' lang='lat' dir='ltr'>benedicant</span> 
     </span>
    </p>
   </div>
   <div class='ocr_carea' id='block_1_60' title="bbox 2125 1484 3765 1558">
    <p class='ocr_par' dir='ltr' id='par_1_60' title="bbox 2125 1484 3765 1558">
     <span class='ocr_line' id='line_1_60' title="bbox 2125 1484 3765 1558; baseline -0.001 -17"><span class='ocrx_word' id='word_1_408' title='bbox 2125 1484 2436 1541; x_wconf 89' lang='lat' dir='ltr'>Dominum</span> <span class='ocrx_word' id='word_1_409' title='bbox 2470 1485 2529 1540; x_wconf 92' lang='lat' dir='ltr'>in</span> <span class='ocrx_word' id='word_1_410' title='bbox 2562 1486 2721 1541; x_wconf 93' lang='lat' dir='ltr'>omni</span> <span class='ocrx_word' id='word_1_411' title='bbox 2751 1489 3031 1558; x_wconf 88' lang='lat' dir='ltr'>tempore,</span> <span class='ocrx_word' id='word_1_412' title='bbox 3067 1491 3124 1542; x_wconf 91' lang='lat' dir='ltr'>et</span> <span class='ocrx_word' id='word_1_413' title='bbox 3151 1503 3384 1558; x_wconf 90' lang='lat' dir='ltr'>semper</span> <span class='ocrx_word' id='word_1_414' title='bbox 3414 1485 3544 1541; x_wconf 90' lang='lat' dir='ltr'>laus</span> <span class='ocrx_word' id='word_1_415' title='bbox 3579 1487 3675 1542; x_wconf 90' lang='lat' dir='ltr'>Dei</span> <span class='ocrx_word' id='word_1_416' title='bbox 3710 1487 3765 1540; x_wconf 90' lang='lat' dir='ltr'>in</span> 
     </span>
    </p>
   </div>
   <div class='ocr_carea' id='block_1_61' title="bbox 2127 1574 3772 1646">
    <p class='ocr_par' dir='ltr' id='par_1_61' title="bbox 2127 1574 3772 1646">
     <span class='ocr_line' id='line_1_61' title="bbox 2127 1574 3772 1646; baseline 0 -16"><span class='ocrx_word' id='word_1_417' title='bbox 2127 1592 2224 1631; x_wconf 90' lang='lat' dir='ltr'>ore</span> <span class='ocrx_word' id='word_1_418' title='bbox 2257 1591 2480 1646; x_wconf 89' lang='lat' dir='ltr'>eorum,</span> <span class='ocrx_word' id='word_1_419' title='bbox 2512 1574 2760 1646; x_wconf 91' lang='lat' dir='ltr'>qualiter</span> <span class='ocrx_word' id='word_1_420' title='bbox 2797 1593 3031 1630; x_wconf 90' lang='lat' dir='ltr'>versum</span> <span class='ocrx_word' id='word_1_421' title='bbox 3078 1576 3532 1646; x_wconf 89' lang='lat' dir='ltr'>subsequentem</span> <span class='ocrx_word' id='word_1_422' title='bbox 3584 1574 3772 1630; x_wconf 86' lang='lat' dir='ltr'>libera</span> 
     </span>
    </p>
   </div>
   <div class='ocr_carea' id='block_1_62' title="bbox 2127 1664 3769 1736">
    <p class='ocr_par' dir='ltr' id='par_1_62' title="bbox 2127 1664 3769 1736">
     <span class='ocr_line' id='line_1_62' title="bbox 2127 1664 3769 1736; baseline -0.001 -16"><span class='ocrx_word' id='word_1_423' title='bbox 2127 1664 2312 1736; x_wconf 85' lang='lat' dir='ltr'>possit</span> <span class='ocrx_word' id='word_1_424' title='bbox 2341 1681 2478 1719; x_wconf 91' lang='lat' dir='ltr'>voce</span> <span class='ocrx_word' id='word_1_425' title='bbox 2508 1667 2738 1718; x_wconf 90' lang='lat' dir='ltr'>cantare</span> <span class='ocrx_word' id='word_1_426' title='bbox 2763 1682 2776 1720; x_wconf 87' lang='lat'>:</span> <span class='ocrx_word' id='word_1_427' title='bbox 2807 1687 2834 1713; x_wconf 84' lang='lat'><strong>«</strong></span> <span class='ocrx_word' id='word_1_428' title='bbox 2859 1665 3117 1720; x_wconf 87' lang='lat' dir='ltr'>Narrabo</span> <span class='ocrx_word' id='word_1_429' title='bbox 3149 1681 3364 1720; x_wconf 89' lang='lat' dir='ltr'>nomen</span> <span class='ocrx_word' id='word_1_430' title='bbox 3392 1669 3545 1718; x_wconf 88' lang='lat' dir='ltr'>tuum</span> <span class='ocrx_word' id='word_1_431' title='bbox 3570 1664 3769 1718; x_wconf 79' lang='lat' dir='ltr'>fratri-</span> 
     </span>
    </p>
   </div>
   <div class='ocr_carea' id='block_1_63' title="bbox 2130 1752 3763 1818">
    <p class='ocr_par' dir='ltr' id='par_1_63' title="bbox 2130 1752 3763 1818">
     <span class='ocr_line' id='line_1_63' title="bbox 2130 1752 3763 1818; baseline -0.001 -10"><span class='ocrx_word' id='word_1_432' title='bbox 2130 1754 2239 1808; x_wconf 93' lang='lat' dir='ltr'>bus</span> <span class='ocrx_word' id='word_1_433' title='bbox 2273 1753 2441 1818; x_wconf 91' lang='lat' dir='ltr'>meis,</span> <span class='ocrx_word' id='word_1_434' title='bbox 2477 1754 2533 1807; x_wconf 90' lang='lat' dir='ltr'>in</span> <span class='ocrx_word' id='word_1_435' title='bbox 2567 1753 2754 1808; x_wconf 91' lang='lat' dir='ltr'>medio</span> <span class='ocrx_word' id='word_1_436' title='bbox 2788 1752 3046 1808; x_wconf 66' lang='lat' dir='ltr'>ecclesiae</span> <span class='ocrx_word' id='word_1_437' title='bbox 3077 1753 3331 1809; x_wconf 87' lang='lat' dir='ltr'>laudabo</span> <span class='ocrx_word' id='word_1_438' title='bbox 3363 1759 3434 1818; x_wconf 88' lang='lat' dir='ltr'>te,</span> <span class='ocrx_word' id='word_1_439' title='bbox 3460 1775 3486 1801; x_wconf 81' lang='grc'><strong>››</strong></span> <span class='ocrx_word' id='word_1_440' title='bbox 3516 1753 3763 1807; x_wconf 88' lang='lat' dir='ltr'>imitans</span> 
     </span>
    </p>
   </div>
   <div class='ocr_carea' id='block_1_64' title="bbox 2129 1840 3767 1914">
    <p class='ocr_par' dir='ltr' id='par_1_64' title="bbox 2129 1840 3767 1914">
     <span class='ocr_line' id='line_1_64' title="bbox 2129 1840 3767 1914; baseline -0.001 -17"><span class='ocrx_word' id='word_1_441' title='bbox 2129 1841 2438 1897; x_wconf 87' lang='lat' dir='ltr'>Dominum</span> <span class='ocrx_word' id='word_1_442' title='bbox 2461 1841 2559 1912; x_wconf 87' lang='lat' dir='ltr'>qui</span> <span class='ocrx_word' id='word_1_443' title='bbox 2579 1857 2936 1914; x_wconf 88' lang='lat' dir='ltr'>resurgensa</span> <span class='ocrx_word' id='word_1_444' title='bbox 2957 1842 3203 1897; x_wconf 89' lang='lat' dir='ltr'>mortuis</span> <span class='ocrx_word' id='word_1_445' title='bbox 3226 1841 3370 1896; x_wconf 88' lang='lat' dir='ltr'>dixit</span> <span class='ocrx_word' id='word_1_446' title='bbox 3391 1840 3767 1896; x_wconf 88' lang='lat' dir='ltr'>mulieribus:</span> 
     </span>
    </p>
   </div>
   <div class='ocr_carea' id='block_1_65' title="bbox 2134 1929 3768 2000">
    <p class='ocr_par' dir='ltr' id='par_1_65' title="bbox 2134 1929 3768 2000">
     <span class='ocr_line' id='line_1_65' title="bbox 2134 1929 3768 2000; baseline -0.001 -20"><span class='ocrx_word' id='word_1_447' title='bbox 2134 1952 2163 1980; x_wconf 86' lang='lat'><strong>«</strong></span> <span class='ocrx_word' id='word_1_448' title='bbox 2195 1931 2294 2000; x_wconf 89' lang='lat' dir='ltr'>Ite,</span> <span class='ocrx_word' id='word_1_449' title='bbox 2330 1931 2503 1985; x_wconf 91' lang='lat' dir='ltr'>dicite</span> <span class='ocrx_word' id='word_1_450' title='bbox 2537 1930 2812 1986; x_wconf 89' lang='lat' dir='ltr'>fratribus</span> <span class='ocrx_word' id='word_1_451' title='bbox 2844 1931 2990 1986; x_wconf 90' lang='lat' dir='ltr'>meis</span> <span class='ocrx_word' id='word_1_452' title='bbox 3022 1935 3088 1985; x_wconf 89' lang='lat' dir='ltr'>ut</span> <span class='ocrx_word' id='word_1_453' title='bbox 3137 1935 3270 1988; x_wconf 90' lang='lat' dir='ltr'>eant</span> <span class='ocrx_word' id='word_1_454' title='bbox 3300 1931 3357 1986; x_wconf 92' lang='lat' dir='ltr'>in</span> <span class='ocrx_word' id='word_1_455' title='bbox 3390 1929 3709 1985; x_wconf 76' lang='lat' dir='ltr'>Galilaeam.</span> <span class='ocrx_word' id='word_1_456' title='bbox 3743 1954 3768 1979; x_wconf 72' lang='grc' dir='ltr'><strong>υ</strong></span> 
     </span>
    </p>
   </div>
   <div class='ocr_carea' id='block_1_66' title="bbox 2130 2011 3771 2091">
    <p class='ocr_par' dir='ltr' id='par_1_66' title="bbox 2130 2011 3771 2091">
     <span class='ocr_line' id='line_1_66' title="bbox 2130 2011 3771 2091; baseline -0.001 -17"><span class='ocrx_word' id='word_1_457' title='bbox 2130 2019 2258 2074; x_wconf 87' lang='lat' dir='ltr'>Haec</span> <span class='ocrx_word' id='word_1_458' title='bbox 2289 2024 2485 2074; x_wconf 86' lang='lat' dir='ltr'>autem</span> <span class='ocrx_word' id='word_1_459' title='bbox 2506 2023 2648 2073; x_wconf 91' lang='lat' dir='ltr'>tunc</span> <span class='ocrx_word' id='word_1_460' title='bbox 2673 2019 2815 2074; x_wconf 89' lang='lat' dir='ltr'>bene</span> <span class='ocrx_word' id='word_1_461' title='bbox 2837 2019 2958 2091; x_wconf 89' lang='lat' dir='ltr'>agit</span> <span class='ocrx_word' id='word_1_462' title='bbox 2979 2011 3397 2091; x_wconf 51' lang='lat' dir='ltr'>po&#39;ntifex,cum</span> <span class='ocrx_word' id='word_1_463' title='bbox 3422 2034 3599 2073; x_wconf 86' lang='lat' dir='ltr'>omne</span> <span class='ocrx_word' id='word_1_464' title='bbox 3620 2019 3771 2090; x_wconf 92' lang='lat' dir='ltr'>quod</span> 
     </span>
    </p>
   </div>
   <div class='ocr_carea' id='block_1_67' title="bbox 2131 2107 3770 2179">
    <p class='ocr_par' dir='ltr' id='par_1_67' title="bbox 2131 2107 3770 2179">
     <span class='ocr_line' id='line_1_67' title="bbox 2131 2107 3770 2179; baseline 0 -17"><span class='ocrx_word' id='word_1_465' title='bbox 2131 2109 2284 2163; x_wconf 89' lang='lat' dir='ltr'>bona</span> <span class='ocrx_word' id='word_1_466' title='bbox 2298 2107 2956 2163; x_wconf 89' lang='lat' dir='ltr'>deliberationeinchoat</span> <span class='ocrx_word' id='word_1_467' title='bbox 2969 2125 3070 2179; x_wconf 86' lang='lat' dir='ltr'>per</span> <span class='ocrx_word' id='word_1_468' title='bbox 3081 2108 3337 2162; x_wconf 87' lang='lat' dir='ltr'>divinam</span> <span class='ocrx_word' id='word_1_469' title='bbox 3352 2107 3770 2163; x_wconf 86' lang='lat' dir='ltr'>invocationem</span> 
     </span>
    </p>
   </div>
   <div class='ocr_carea' id='block_1_68' title="bbox 2133 2195 3777 2269">
    <p class='ocr_par' dir='ltr' id='par_1_68' title="bbox 2133 2195 3777 2269">
     <span class='ocr_line' id='line_1_68' title="bbox 2133 2195 3777 2269; baseline -0.001 -17"><span class='ocrx_word' id='word_1_470' title='bbox 2133 2202 2188 2252; x_wconf 88' lang='lat' dir='ltr'>et</span> <span class='ocrx_word' id='word_1_471' title='bbox 2219 2196 2540 2251; x_wconf 87' lang='lat' dir='ltr'>orationem</span> <span class='ocrx_word' id='word_1_472' title='bbox 2575 2200 2638 2251; x_wconf 89' lang='lat' dir='ltr'>ut</span> <span class='ocrx_word' id='word_1_473' title='bbox 2667 2213 3078 2252; x_wconf 89' lang='lat' dir='ltr'>consummare</span> <span class='ocrx_word' id='word_1_474' title='bbox 3101 2197 3285 2269; x_wconf 91' lang='lat' dir='ltr'>possit</span> <span class='ocrx_word' id='word_1_475' title='bbox 3310 2195 3777 2268; x_wconf 79' lang='lat' dir='ltr'>impetrat.Unde</span> 
     </span>
    </p>
   </div>
   <div class='ocr_carea' id='block_1_69' title="bbox 2133 2285 3778 2357">
    <p class='ocr_par' dir='ltr' id='par_1_69' title="bbox 2133 2285 3778 2357">
     <span class='ocr_line' id='line_1_69' title="bbox 2133 2285 3778 2357; baseline -0.001 -18"><span class='ocrx_word' id='word_1_476' title='bbox 2133 2285 2225 2341; x_wconf 93' lang='lat' dir='ltr'>his</span> <span class='ocrx_word' id='word_1_477' title='bbox 2250 2285 2516 2357; x_wconf 89' lang='lat' dir='ltr'>peractis,</span> <span class='ocrx_word' id='word_1_478' title='bbox 2533 2286 2601 2340; x_wconf 88' lang='lat' dir='ltr'>ad</span> <span class='ocrx_word' id='word_1_479' title='bbox 2627 2286 2947 2341; x_wconf 90' lang='lat' dir='ltr'>orationem</span> <span class='ocrx_word' id='word_1_480' title='bbox 2971 2303 3033 2341; x_wconf 91' lang='lat' dir='ltr'>se</span> <span class='ocrx_word' id='word_1_481' title='bbox 3054 2286 3273 2341; x_wconf 88' lang='lat' dir='ltr'>confert</span> <span class='ocrx_word' id='word_1_482' title='bbox 3294 2286 3558 2357; x_wconf 78' lang='lat' dir='ltr'>pontifex</span> <span class='ocrx_word' id='word_1_483' title='bbox 3581 2291 3778 2356; x_wconf 87' lang='lat' dir='ltr'>petens</span> 
     </span>
    </p>
   </div>
   <div class='ocr_carea' id='block_1_70' title="bbox 2134 2373 3779 2444">
    <p class='ocr_par' dir='ltr' id='par_1_70' title="bbox 2134 2373 3779 2444">
     <span class='ocr_line' id='line_1_70' title="bbox 2134 2373 3779 2444; baseline -0.001 -16"><span class='ocrx_word' id='word_1_484' title='bbox 2134 2379 2199 2428; x_wconf 90' lang='lat' dir='ltr'>ut</span> <span class='ocrx_word' id='word_1_485' title='bbox 2228 2390 2429 2428; x_wconf 91' lang='lat' dir='ltr'>omnes</span> <span class='ocrx_word' id='word_1_486' title='bbox 2456 2373 2557 2444; x_wconf 90' lang='lat' dir='ltr'>qui</span> <span class='ocrx_word' id='word_1_487' title='bbox 2589 2374 2645 2427; x_wconf 93' lang='lat' dir='ltr'>in</span> <span class='ocrx_word' id='word_1_488' title='bbox 2677 2375 2944 2429; x_wconf 90' lang='lat' dir='ltr'>eamdem</span> <span class='ocrx_word' id='word_1_489' title='bbox 2975 2375 3216 2429; x_wconf 88' lang='lat' dir='ltr'>domum</span> <span class='ocrx_word' id='word_1_490' title='bbox 3247 2375 3473 2430; x_wconf 89' lang='lat' dir='ltr'>oraturi</span> <span class='ocrx_word' id='word_1_491' title='bbox 3518 2373 3779 2428; x_wconf 86' lang='lat' dir='ltr'>venerint</span> 
     </span>
    </p>
   </div>
   <div class='ocr_carea' id='block_1_71' title="bbox 2134 2461 3780 2534">
    <p class='ocr_par' dir='ltr' id='par_1_71' title="bbox 2134 2461 3780 2534">
     <span class='ocr_line' id='line_1_71' title="bbox 2134 2461 3780 2534; baseline -0.001 -16"><span class='ocrx_word' id='word_1_492' title='bbox 2134 2463 2425 2518; x_wconf 90' lang='lat' dir='ltr'>orationes</span> <span class='ocrx_word' id='word_1_493' title='bbox 2457 2479 2597 2518; x_wconf 90' lang='lat' dir='ltr'>suas</span> <span class='ocrx_word' id='word_1_494' title='bbox 2626 2461 2928 2518; x_wconf 86' lang='lat' dir='ltr'>exauditas</span> <span class='ocrx_word' id='word_1_495' title='bbox 2948 2462 3599 2534; x_wconf 87' lang='lat' dir='ltr'>gaudeant.Utrumque</span> <span class='ocrx_word' id='word_1_496' title='bbox 3625 2479 3780 2516; x_wconf 88' lang='lat' dir='ltr'>nam-</span> 
     </span>
    </p>
   </div>
   <div class='ocr_carea' id='block_1_72' title="bbox 2135 2549 3780 2624">
    <p class='ocr_par' dir='ltr' id='par_1_72' title="bbox 2135 2549 3780 2624">
     <span class='ocr_line' id='line_1_72' title="bbox 2135 2549 3780 2624; baseline -0.002 -18"><span class='ocrx_word' id='word_1_497' title='bbox 2135 2568 2247 2622; x_wconf 89' lang='lat' dir='ltr'>que</span> <span class='ocrx_word' id='word_1_498' title='bbox 2273 2551 2486 2606; x_wconf 90' lang='lat' dir='ltr'>Paulus</span> <span class='ocrx_word' id='word_1_499' title='bbox 2515 2552 2723 2624; x_wconf 87' lang='lat' dir='ltr'>agebat</span> <span class='ocrx_word' id='word_1_500' title='bbox 2752 2551 3050 2622; x_wconf 88' lang='lat' dir='ltr'>apostolus</span> <span class='ocrx_word' id='word_1_501' title='bbox 3082 2551 3364 2623; x_wconf 90' lang='lat' dir='ltr'>qui,sicut</span> <span class='ocrx_word' id='word_1_502' title='bbox 3394 2549 3780 2618; x_wconf 84' lang='lat' dir='ltr'>dicit,sollici-</span> 
     </span>
    </p>
   </div>
   <div class='ocr_carea' id='block_1_73' title="bbox 2133 2638 3780 2713">
    <p class='ocr_par' dir='ltr' id='par_1_73' title="bbox 2133 2638 3780 2713">
     <span class='ocr_line' id='line_1_73' title="bbox 2133 2638 3780 2713; baseline -0.002 -18"><span class='ocrx_word' id='word_1_503' title='bbox 2133 2642 2400 2695; x_wconf 89' lang='lat' dir='ltr'>tudinem</span> <span class='ocrx_word' id='word_1_504' title='bbox 2447 2640 2851 2710; x_wconf 90' lang='lat' dir='ltr'>quotidianam</span> <span class='ocrx_word' id='word_1_505' title='bbox 2909 2641 3119 2713; x_wconf 88' lang='lat' dir='ltr'>agebat</span> <span class='ocrx_word' id='word_1_506' title='bbox 3175 2639 3473 2712; x_wconf 76' lang='lat' dir='ltr'>[habebat]</span> <span class='ocrx_word' id='word_1_507' title='bbox 3513 2638 3780 2693; x_wconf 90' lang='lat' dir='ltr'>omnium</span> 
     </span>
    </p>
   </div>
   <div class='ocr_carea' id='block_1_74' title="bbox 2135 2727 3777 2798">
    <p class='ocr_par' dir='ltr' id='par_1_74' title="bbox 2135 2727 3777 2798">
     <span class='ocr_line' id='line_1_74' title="bbox 2135 2727 3777 2798; baseline -0.002 -14"><span class='ocrx_word' id='word_1_508' title='bbox 2135 2729 2543 2798; x_wconf 88' lang='lat' dir='ltr'>Ecclesiarum,</span> <span class='ocrx_word' id='word_1_509' title='bbox 2573 2745 2704 2783; x_wconf 89' lang='lat' dir='ltr'>cum</span> <span class='ocrx_word' id='word_1_510' title='bbox 2737 2728 3174 2785; x_wconf 87' lang='lat' dir='ltr'>inﬁrmantibus</span> <span class='ocrx_word' id='word_1_511' title='bbox 3204 2727 3777 2792; x_wconf 85' lang='lat' dir='ltr'>inﬁrmabatur,cum</span> 
     </span>
    </p>
   </div>
   <div class='ocr_carea' id='block_1_75' title="bbox 2135 2816 3778 2886">
    <p class='ocr_par' dir='ltr' id='par_1_75' title="bbox 2135 2816 3778 2886">
     <span class='ocr_line' id='line_1_75' title="bbox 2135 2816 3778 2886; baseline -0.001 -14"><span class='ocrx_word' id='word_1_512' title='bbox 2135 2817 2670 2874; x_wconf 91' lang='lat' dir='ltr'>scandalizantibus</span> <span class='ocrx_word' id='word_1_513' title='bbox 2703 2819 3001 2886; x_wconf 86' lang='lat' dir='ltr'>urebatur,</span> <span class='ocrx_word' id='word_1_514' title='bbox 3034 2823 3091 2873; x_wconf 92' lang='lat' dir='ltr'>et</span> <span class='ocrx_word' id='word_1_515' title='bbox 3142 2821 3311 2872; x_wconf 90' lang='lat' dir='ltr'>nocte</span> <span class='ocrx_word' id='word_1_516' title='bbox 3340 2820 3397 2872; x_wconf 88' lang='lat' dir='ltr'>et</span> <span class='ocrx_word' id='word_1_517' title='bbox 3427 2816 3525 2871; x_wconf 89' lang='lat' dir='ltr'>die</span> <span class='ocrx_word' id='word_1_518' title='bbox 3560 2833 3778 2871; x_wconf 89' lang='lat' dir='ltr'>memo-</span> 
     </span>
    </p>
   </div>
   <div class='ocr_carea' id='block_1_76' title="bbox 2135 2906 3614 2963">
    <p class='ocr_par' dir='ltr' id='par_1_76' title="bbox 2135 2906 3614 2963">
     <span class='ocr_line' id='line_1_76' title="bbox 2135 2906 3614 2963; baseline -0.002 -2"><span class='ocrx_word' id='word_1_519' title='bbox 2135 2907 2280 2962; x_wconf 88' lang='lat' dir='ltr'>riam</span> <span class='ocrx_word' id='word_1_520' title='bbox 2316 2923 2378 2961; x_wconf 91' lang='lat' dir='ltr'>se</span> <span class='ocrx_word' id='word_1_521' title='bbox 2407 2906 2466 2961; x_wconf 92' lang='lat' dir='ltr'>in</span> <span class='ocrx_word' id='word_1_522' title='bbox 2498 2906 2859 2963; x_wconf 90' lang='lat' dir='ltr'>orationibus</span> <span class='ocrx_word' id='word_1_523' title='bbox 2892 2907 3017 2962; x_wconf 90' lang='lat' dir='ltr'>suis</span> <span class='ocrx_word' id='word_1_524' title='bbox 3048 2906 3262 2962; x_wconf 87' lang='lat' dir='ltr'>habere</span> <span class='ocrx_word' id='word_1_525' title='bbox 3293 2906 3614 2960; x_wconf 84' lang='lat' dir='ltr'>fatebatur.</span> 
     </span>
    </p>
   </div>
   <div class='ocr_carea' id='block_1_77' title="bbox 2260 2995 3662 3068">
    <p class='ocr_par' dir='ltr' id='par_1_77' title="bbox 2260 2995 3662 3068">
     <span class='ocr_line' id='line_1_77' title="bbox 2260 2995 3662 3068; baseline -0.001 -19"><span class='ocrx_word' id='word_1_526' title='bbox 2260 2995 2401 3063; x_wconf 76' lang='lat' dir='ltr'>Quid</span> <span class='ocrx_word' id='word_1_527' title='bbox 2430 2997 2697 3067; x_wconf 71' lang='lat' dir='ltr'>signiﬁcet</span> <span class='ocrx_word' id='word_1_528' title='bbox 2727 3010 2888 3067; x_wconf 68' lang='lat' dir='ltr'>aquae</span> <span class='ocrx_word' id='word_1_529' title='bbox 2915 2997 3108 3068; x_wconf 67' lang='lat' dir='ltr'>effusio</span> <span class='ocrx_word' id='word_1_530' title='bbox 3139 2995 3199 3050; x_wconf 79' lang='lat' dir='ltr'>in</span> <span class='ocrx_word' id='word_1_531' title='bbox 3233 2995 3408 3049; x_wconf 78' lang='lat' dir='ltr'>basim</span> <span class='ocrx_word' id='word_1_532' title='bbox 3439 2995 3662 3050; x_wconf 79' lang='lat' dir='ltr'>altaris.</span> 
     </span>
    </p>
   </div>
   <div class='ocr_carea' id='block_1_78' title="bbox 2205 3082 3778 3157">
    <p class='ocr_par' dir='ltr' id='par_1_78' title="bbox 2205 3082 3778 3157">
     <span class='ocr_line' id='line_1_78' title="bbox 2205 3082 3778 3157; baseline -0.001 -18"><span class='ocrx_word' id='word_1_533' title='bbox 2205 3084 2502 3157; x_wconf 87' lang='lat' dir='ltr'>Completa</span> <span class='ocrx_word' id='word_1_534' title='bbox 2560 3085 2904 3156; x_wconf 88' lang='lat' dir='ltr'>expiatione,</span> <span class='ocrx_word' id='word_1_535' title='bbox 2938 3090 2993 3140; x_wconf 91' lang='lat' dir='ltr'>et</span> <span class='ocrx_word' id='word_1_536' title='bbox 3052 3083 3340 3151; x_wconf 87' lang='lat' dir='ltr'>cantibus,</span> <span class='ocrx_word' id='word_1_537' title='bbox 3385 3088 3444 3138; x_wconf 90' lang='lat' dir='ltr'>et</span> <span class='ocrx_word' id='word_1_538' title='bbox 3503 3082 3778 3138; x_wconf 89' lang='lat' dir='ltr'>orationi-</span> 
     </span>
    </p>
   </div>
   <div class='ocr_carea' id='block_1_79' title="bbox 2138 3171 3777 3246">
    <p class='ocr_par' dir='ltr' id='par_1_79' title="bbox 2138 3171 3777 3246">
     <span class='ocr_line' id='line_1_79' title="bbox 2138 3171 3777 3246; baseline -0.001 -18"><span class='ocrx_word' id='word_1_539' title='bbox 2138 3173 2248 3228; x_wconf 91' lang='lat' dir='ltr'>bus</span> <span class='ocrx_word' id='word_1_540' title='bbox 2279 3177 2452 3245; x_wconf 89' lang='lat' dir='ltr'>atque</span> <span class='ocrx_word' id='word_1_541' title='bbox 2483 3174 2758 3229; x_wconf 91' lang='lat' dir='ltr'>omnibus</span> <span class='ocrx_word' id='word_1_542' title='bbox 2808 3191 2934 3246; x_wconf 66' lang='lat' dir='ltr'>quis</span> <span class='ocrx_word' id='word_1_543' title='bbox 2968 3173 3240 3245; x_wconf 89' lang='lat' dir='ltr'>superius</span> <span class='ocrx_word' id='word_1_544' title='bbox 3271 3171 3430 3227; x_wconf 88' lang='lat' dir='ltr'>dicta</span> <span class='ocrx_word' id='word_1_545' title='bbox 3455 3177 3620 3239; x_wconf 85' lang='lat' dir='ltr'>sunt,</span> <span class='ocrx_word' id='word_1_546' title='bbox 3650 3188 3777 3226; x_wconf 91' lang='lat' dir='ltr'>con-</span> 
     </span>
    </p>
   </div>
   <div class='ocr_carea' id='block_1_80' title="bbox 2059 3227 3780 3335">
    <p class='ocr_par' dir='ltr' id='par_1_80' title="bbox 2059 3227 3780 3335">
     <span class='ocr_line' id='line_1_80' title="bbox 2059 3227 3780 3335; baseline -0.001 -18"><span class='ocrx_word' id='word_1_547' title='bbox 2059 3227 2100 3293; x_wconf 63' lang='grc' dir='ltr'>Ο</span> <span class='ocrx_word' id='word_1_548' title='bbox 2432 3227 2869 3335; x_wconf 40' lang='lat' dir='ltr'>pontifexadr</span> <span class='ocrx_word' id='word_1_549' title='bbox 2898 3227 3096 3327; x_wconf 71' lang='lat' dir='ltr'>altare,</span> <span class='ocrx_word' id='word_1_550' title='bbox 3158 3260 3449 3334; x_wconf 82' lang='lat' dir='ltr'>incipiens</span> <span class='ocrx_word' id='word_1_551' title='bbox 3511 3227 3780 3333; x_wconf 73' lang='lat' dir='ltr'>antipbo-</span> 
     </span>
    </p>
   </div>
   <div class='ocr_carea' id='block_1_81' title="bbox 2140 3349 3780 3421">
    <p class='ocr_par' dir='ltr' id='par_1_81' title="bbox 2140 3349 3780 3421">
     <span class='ocr_line' id='line_1_81' title="bbox 2140 3349 3780 3421; baseline -0.002 -14"><span class='ocrx_word' id='word_1_552' title='bbox 2140 3369 2274 3407; x_wconf 90' lang='lat' dir='ltr'>nam</span> <span class='ocrx_word' id='word_1_553' title='bbox 2306 3367 2320 3408; x_wconf 86' lang='lat'><strong>:</strong></span> <span class='ocrx_word' id='word_1_554' title='bbox 2353 3373 2382 3401; x_wconf 83' lang='lat'><strong>«</strong></span> <span class='ocrx_word' id='word_1_555' title='bbox 2415 3351 2671 3406; x_wconf 89' lang='lat' dir='ltr'>Introibo</span> <span class='ocrx_word' id='word_1_556' title='bbox 2703 3351 2774 3405; x_wconf 90' lang='lat' dir='ltr'>ad</span> <span class='ocrx_word' id='word_1_557' title='bbox 2807 3351 2987 3407; x_wconf 89' lang='lat' dir='ltr'>altare</span> <span class='ocrx_word' id='word_1_558' title='bbox 3019 3350 3137 3421; x_wconf 87' lang='lat' dir='ltr'>Dei,</span> <span class='ocrx_word' id='word_1_559' title='bbox 3170 3350 3244 3405; x_wconf 90' lang='lat' dir='ltr'>ad</span> <span class='ocrx_word' id='word_1_560' title='bbox 3283 3349 3472 3404; x_wconf 90' lang='lat' dir='ltr'>Deum</span> <span class='ocrx_word' id='word_1_561' title='bbox 3507 3351 3612 3421; x_wconf 88' lang='lat' dir='ltr'>qui</span> <span class='ocrx_word' id='word_1_562' title='bbox 3647 3349 3780 3403; x_wconf 68' lang='lat' dir='ltr'>laeti-</span> 
     </span>
    </p>
   </div>
   <div class='ocr_carea' id='block_1_82' title="bbox 2142 3438 3780 3511">
    <p class='ocr_par' dir='ltr' id='par_1_82' title="bbox 2142 3438 3780 3511">
     <span class='ocr_line' id='line_1_82' title="bbox 2142 3438 3780 3511; baseline -0.002 -15"><span class='ocrx_word' id='word_1_563' title='bbox 2142 3442 2276 3496; x_wconf 88' lang='lat' dir='ltr'>ﬁcat</span> <span class='ocrx_word' id='word_1_564' title='bbox 2293 3442 2664 3511; x_wconf 86' lang='lat' dir='ltr'>juventutem</span> <span class='ocrx_word' id='word_1_565' title='bbox 2687 3456 2878 3494; x_wconf 89' lang='lat' dir='ltr'>meam</span> <span class='ocrx_word' id='word_1_566' title='bbox 2912 3461 2940 3489; x_wconf 89' lang='lat'>»</span> <span class='ocrx_word' id='word_1_567' title='bbox 2973 3444 3029 3495; x_wconf 90' lang='lat' dir='ltr'>et</span> <span class='ocrx_word' id='word_1_568' title='bbox 3073 3455 3206 3494; x_wconf 89' lang='lat' dir='ltr'>cum</span> <span class='ocrx_word' id='word_1_569' title='bbox 3237 3438 3465 3510; x_wconf 87' lang='lat' dir='ltr'>psalmo</span> <span class='ocrx_word' id='word_1_570' title='bbox 3496 3438 3780 3493; x_wconf 88' lang='lat' dir='ltr'>cantando</span> 
     </span>
    </p>
   </div>
   <div class='ocr_carea' id='block_1_83' title="bbox 2141 3527 3781 3599">
    <p class='ocr_par' dir='ltr' id='par_1_83' title="bbox 2141 3527 3781 3599">
     <span class='ocr_line' id='line_1_83' title="bbox 2141 3527 3781 3599; baseline -0.003 -14"><span class='ocrx_word' id='word_1_571' title='bbox 2141 3530 2302 3585; x_wconf 89' lang='lat' dir='ltr'>vadit</span> <span class='ocrx_word' id='word_1_572' title='bbox 2323 3534 2454 3584; x_wconf 90' lang='lat' dir='ltr'>ante</span> <span class='ocrx_word' id='word_1_573' title='bbox 2471 3529 2649 3584; x_wconf 91' lang='lat' dir='ltr'>altare</span> <span class='ocrx_word' id='word_1_574' title='bbox 2661 3535 2716 3583; x_wconf 86' lang='lat' dir='ltr'>et</span> <span class='ocrx_word' id='word_1_575' title='bbox 2731 3527 2920 3582; x_wconf 88' lang='lat' dir='ltr'>fundit</span> <span class='ocrx_word' id='word_1_576' title='bbox 2945 3528 3098 3599; x_wconf 91' lang='lat' dir='ltr'>quod</span> <span class='ocrx_word' id='word_1_577' title='bbox 3115 3527 3398 3582; x_wconf 89' lang='lat' dir='ltr'>remansit</span> <span class='ocrx_word' id='word_1_578' title='bbox 3429 3528 3499 3581; x_wconf 88' lang='lat' dir='ltr'>de</span> <span class='ocrx_word' id='word_1_579' title='bbox 3511 3543 3666 3597; x_wconf 89' lang='lat' dir='ltr'>aqua</span> <span class='ocrx_word' id='word_1_580' title='bbox 3681 3543 3781 3598; x_wconf 85' lang='lat' dir='ltr'>pu-</span> 
     </span>
    </p>
   </div>
   <div class='ocr_carea' id='block_1_84' title="bbox 2144 3615 3780 3688">
    <p class='ocr_par' dir='ltr' id='par_1_84' title="bbox 2144 3615 3780 3688">
     <span class='ocr_line' id='line_1_84' title="bbox 2144 3615 3780 3688; baseline -0.003 -16"><span class='ocrx_word' id='word_1_581' title='bbox 2144 3616 2484 3672; x_wconf 87' lang='lat' dir='ltr'>riﬁcationis</span> <span class='ocrx_word' id='word_1_582' title='bbox 2497 3619 2568 3672; x_wconf 92' lang='lat' dir='ltr'>ad</span> <span class='ocrx_word' id='word_1_583' title='bbox 2583 3617 2770 3671; x_wconf 90' lang='lat' dir='ltr'>basim</span> <span class='ocrx_word' id='word_1_584' title='bbox 2786 3615 3008 3672; x_wconf 90' lang='lat' dir='ltr'>altaris.</span> <span class='ocrx_word' id='word_1_585' title='bbox 3034 3615 3182 3681; x_wconf 88' lang='lat' dir='ltr'>Quid</span> <span class='ocrx_word' id='word_1_586' title='bbox 3197 3615 3483 3688; x_wconf 83' lang='lat' dir='ltr'>significet</span> <span class='ocrx_word' id='word_1_587' title='bbox 3498 3631 3654 3684; x_wconf 86' lang='lat' dir='ltr'>aqua</span> <span class='ocrx_word' id='word_1_588' title='bbox 3670 3616 3780 3668; x_wconf 87' lang='lat' dir='ltr'>ista</span> 
     </span>
    </p>
   </div>
   <div class='ocr_carea' id='block_1_85' title="bbox 2145 3702 3766 3777">
    <p class='ocr_par' dir='ltr' id='par_1_85' title="bbox 2145 3702 3766 3777">
     <span class='ocr_line' id='line_1_85' title="bbox 2145 3702 3766 3777; baseline -0.005 -15"><span class='ocrx_word' id='word_1_589' title='bbox 2145 3724 2212 3762; x_wconf 91' lang='lat' dir='ltr'>ex</span> <span class='ocrx_word' id='word_1_590' title='bbox 2234 3724 2349 3777; x_wconf 90' lang='lat' dir='ltr'>qua</span> <span class='ocrx_word' id='word_1_591' title='bbox 2371 3705 2711 3777; x_wconf 88' lang='lat' dir='ltr'>puriﬁcatur</span> <span class='ocrx_word' id='word_1_592' title='bbox 2730 3704 3108 3775; x_wconf 88' lang='lat' dir='ltr'>ecclesiajam</span> <span class='ocrx_word' id='word_1_593' title='bbox 3137 3706 3398 3776; x_wconf 87' lang='lat' dir='ltr'>superius</span> <span class='ocrx_word' id='word_1_594' title='bbox 3418 3702 3634 3755; x_wconf 85' lang='lat' dir='ltr'>dictum</span> <span class='ocrx_word' id='word_1_595' title='bbox 3658 3706 3766 3764; x_wconf 84' lang='lat' dir='ltr'>est,</span> 
     </span>
    </p>
   </div>
   <div class='ocr_carea' id='block_1_86' title="bbox 2145 3788 3821 3864">
    <p class='ocr_par' dir='ltr' id='par_1_86' title="bbox 2145 3788 3821 3864">
     <span class='ocr_line' id='line_1_86' title="bbox 2145 3788 3821 3864; baseline -0.005 -15"><span class='ocrx_word' id='word_1_596' title='bbox 2145 3794 2469 3849; x_wconf 80' lang='lat' dir='ltr'>doctrinam</span> <span class='ocrx_word' id='word_1_597' title='bbox 2502 3792 2721 3848; x_wconf 89' lang='lat' dir='ltr'>scilicet</span> <span class='ocrx_word' id='word_1_598' title='bbox 2745 3791 3350 3864; x_wconf 68' lang='lat' dir='ltr'>ecclesiasticam,que</span> <span class='ocrx_word' id='word_1_599' title='bbox 3370 3788 3612 3844; x_wconf 84' lang='lat' dir='ltr'>maxime</span> <span class='ocrx_word' id='word_1_600' title='bbox 3632 3805 3766 3842; x_wconf 84' lang='lat' dir='ltr'>con-</span> <span class='ocrx_word' id='word_1_601' title='bbox 3813 3790 3821 3797; x_wconf 86' lang='lat'>&#39;</span> 
     </span>
    </p>
   </div>
   <div class='ocr_carea' id='block_1_87' title="bbox 2143 3877 3770 3952">
    <p class='ocr_par' dir='ltr' id='par_1_87' title="bbox 2143 3877 3770 3952">
     <span class='ocr_line' id='line_1_87' title="bbox 2143 3877 3770 3952; baseline -0.004 -15"><span class='ocrx_word' id='word_1_602' title='bbox 2143 3884 2363 3937; x_wconf 90' lang='lat' dir='ltr'>tinetur</span> <span class='ocrx_word' id='word_1_603' title='bbox 2390 3881 2450 3936; x_wconf 92' lang='lat' dir='ltr'>in</span> <span class='ocrx_word' id='word_1_604' title='bbox 2482 3899 2647 3937; x_wconf 88' lang='lat' dir='ltr'>sacra</span> <span class='ocrx_word' id='word_1_605' title='bbox 2676 3881 3001 3937; x_wconf 89' lang='lat' dir='ltr'>eruditione</span> <span class='ocrx_word' id='word_1_606' title='bbox 3047 3881 3206 3936; x_wconf 88' lang='lat' dir='ltr'>verbi</span> <span class='ocrx_word' id='word_1_607' title='bbox 3258 3898 3383 3952; x_wconf 70' lang='lat' dir='ltr'>qua:</span> <span class='ocrx_word' id='word_1_608' title='bbox 3413 3877 3770 3950; x_wconf 74' lang='lat' dir='ltr'>significatur</span> 
     </span>
    </p>
   </div>
   <div class='ocr_carea' id='block_1_88' title="bbox 2146 3967 3780 4043">
    <p class='ocr_par' dir='ltr' id='par_1_88' title="bbox 2146 3967 3780 4043">
     <span class='ocr_line' id='line_1_88' title="bbox 2146 3967 3780 4043; baseline -0.004 -16"><span class='ocrx_word' id='word_1_609' title='bbox 2146 3988 2248 4043; x_wconf 88' lang='lat' dir='ltr'>per</span> <span class='ocrx_word' id='word_1_610' title='bbox 2277 3970 2383 4037; x_wconf 89' lang='lat' dir='ltr'>sal,</span> <span class='ocrx_word' id='word_1_611' title='bbox 2415 3974 2470 4025; x_wconf 93' lang='lat' dir='ltr'>et</span> <span class='ocrx_word' id='word_1_612' title='bbox 2495 3971 2552 4024; x_wconf 94' lang='lat' dir='ltr'>in</span> <span class='ocrx_word' id='word_1_613' title='bbox 2585 3970 2988 4042; x_wconf 61' lang='lat' dir='ltr'>praedicatione</span> <span class='ocrx_word' id='word_1_614' title='bbox 3019 3969 3224 4025; x_wconf 90' lang='lat' dir='ltr'>mortis</span> <span class='ocrx_word' id='word_1_615' title='bbox 3270 3967 3583 4024; x_wconf 84' lang='lat' dir='ltr'>Salvatoris</span> <span class='ocrx_word' id='word_1_616' title='bbox 3610 3971 3666 4021; x_wconf 88' lang='lat' dir='ltr'>et</span> <span class='ocrx_word' id='word_1_617' title='bbox 3693 3982 3780 4020; x_wconf 79' lang='lat' dir='ltr'>re-</span> 
     </span>
    </p>
   </div>
   <div class='ocr_carea' id='block_1_89' title="bbox 2148 4057 3790 4132">
    <p class='ocr_par' dir='ltr' id='par_1_89' title="bbox 2148 4057 3790 4132">
     <span class='ocr_line' id='line_1_89' title="bbox 2148 4057 3790 4132; baseline -0.004 -16"><span class='ocrx_word' id='word_1_618' title='bbox 2148 4059 2501 4132; x_wconf 89' lang='lat' dir='ltr'>demptionis</span> <span class='ocrx_word' id='word_1_619' title='bbox 2534 4065 2742 4114; x_wconf 74' lang='lat' dir='ltr'>nostrae</span> <span class='ocrx_word' id='word_1_620' title='bbox 2773 4076 2898 4130; x_wconf 66' lang='lat' dir='ltr'>quae</span> <span class='ocrx_word' id='word_1_621' title='bbox 2929 4059 3296 4130; x_wconf 87' lang='lat' dir='ltr'>signiﬁcatur</span> <span class='ocrx_word' id='word_1_622' title='bbox 3323 4074 3426 4129; x_wconf 90' lang='lat' dir='ltr'>per</span> <span class='ocrx_word' id='word_1_623' title='bbox 3457 4057 3790 4123; x_wconf 86' lang='lat' dir='ltr'>cineres,at-</span> 
     </span>
    </p>
   </div>
   <div class='ocr_carea' id='block_1_90' title="bbox 2150 4147 3790 4222">
    <p class='ocr_par' dir='ltr' id='par_1_90' title="bbox 2150 4147 3790 4222">
     <span class='ocr_line' id='line_1_90' title="bbox 2150 4147 3790 4222; baseline -0.004 -18"><span class='ocrx_word' id='word_1_624' title='bbox 2150 4167 2261 4222; x_wconf 91' lang='lat' dir='ltr'>que</span> <span class='ocrx_word' id='word_1_625' title='bbox 2295 4150 2354 4204; x_wconf 94' lang='lat' dir='ltr'>in</span> <span class='ocrx_word' id='word_1_626' title='bbox 2384 4148 2888 4204; x_wconf 89' lang='lat' dir='ltr'>commendatione</span> <span class='ocrx_word' id='word_1_627' title='bbox 2920 4148 3164 4218; x_wconf 66' lang='lat' dir='ltr'>gemina}</span> <span class='ocrx_word' id='word_1_628' title='bbox 3195 4147 3384 4218; x_wconf 92' lang='lat' dir='ltr'>ipsius</span> <span class='ocrx_word' id='word_1_629' title='bbox 3417 4151 3643 4200; x_wconf 59' lang='lat' dir='ltr'>natura!</span> <span class='ocrx_word' id='word_1_630' title='bbox 3674 4161 3790 4214; x_wconf 56' lang='lat' dir='ltr'>quae</span> 
     </span>
    </p>
   </div>
   <div class='ocr_carea' id='block_1_91' title="bbox 2149 4227 3799 4310">
    <p class='ocr_par' dir='ltr' id='par_1_91' title="bbox 2149 4227 3799 4310">
     <span class='ocr_line' id='line_1_91' title="bbox 2149 4227 3799 4310; baseline -0.004 -18"><span class='ocrx_word' id='word_1_631' title='bbox 2149 4238 2514 4310; x_wconf 84' lang='lat' dir='ltr'>signiﬁcatur</span> <span class='ocrx_word' id='word_1_632' title='bbox 2527 4254 2628 4308; x_wconf 91' lang='lat' dir='ltr'>per</span> <span class='ocrx_word' id='word_1_633' title='bbox 2645 4253 2807 4308; x_wconf 70' lang='lat' dir='ltr'>aqua:</span> <span class='ocrx_word' id='word_1_634' title='bbox 2829 4227 3060 4308; x_wconf 67' lang='lat' dir='ltr'>vinique</span> <span class='ocrx_word' id='word_1_635' title='bbox 3074 4235 3634 4290; x_wconf 87' lang='lat' dir='ltr'>admistionem.Per</span> <span class='ocrx_word' id='word_1_636' title='bbox 3655 4233 3799 4288; x_wconf 86' lang='lat' dir='ltr'>hanc</span> 
     </span>
    </p>
   </div>
   <div class='ocr_carea' id='block_1_92' title="bbox 2149 4321 3799 4398">
    <p class='ocr_par' dir='ltr' id='par_1_92' title="bbox 2149 4321 3799 4398">
     <span class='ocr_line' id='line_1_92' title="bbox 2149 4321 3799 4398; baseline -0.005 -15"><span class='ocrx_word' id='word_1_637' title='bbox 2149 4344 2284 4398; x_wconf 91' lang='lat' dir='ltr'>ergo</span> <span class='ocrx_word' id='word_1_638' title='bbox 2316 4327 2587 4382; x_wconf 85' lang='lat' dir='ltr'>sacerdos</span> <span class='ocrx_word' id='word_1_639' title='bbox 2610 4343 2862 4397; x_wconf 88' lang='lat' dir='ltr'>sequens</span> <span class='ocrx_word' id='word_1_640' title='bbox 2882 4325 3132 4397; x_wconf 87' lang='lat' dir='ltr'>vestigia</span> <span class='ocrx_word' id='word_1_641' title='bbox 3161 4323 3252 4380; x_wconf 91' lang='lat' dir='ltr'>sui</span> <span class='ocrx_word' id='word_1_642' title='bbox 3283 4323 3613 4379; x_wconf 88' lang='lat' dir='ltr'>Salvatoris</span> <span class='ocrx_word' id='word_1_643' title='bbox 3633 4321 3799 4378; x_wconf 88' lang='lat' dir='ltr'>eccle-</span> 
     </span>
    </p>
   </div>
   <div class='ocr_carea' id='block_1_93' title="bbox 2153 4413 3800 4487">
    <p class='ocr_par' dir='ltr' id='par_1_93' title="bbox 2153 4413 3800 4487">
     <span class='ocr_line' id='line_1_93' title="bbox 2153 4413 3800 4487; baseline -0.004 -16"><span class='ocrx_word' id='word_1_644' title='bbox 2153 4417 2302 4471; x_wconf 92' lang='lat' dir='ltr'>siam</span> <span class='ocrx_word' id='word_1_645' title='bbox 2325 4416 2760 4487; x_wconf 81' lang='lat' dir='ltr'>puriﬁcat,cum</span> <span class='ocrx_word' id='word_1_646' title='bbox 2775 4413 3056 4485; x_wconf 90' lang='lat' dir='ltr'>populum</span> <span class='ocrx_word' id='word_1_647' title='bbox 3077 4429 3138 4469; x_wconf 92' lang='lat' dir='ltr'>se</span> <span class='ocrx_word' id='word_1_648' title='bbox 3153 4413 3489 4468; x_wconf 87' lang='lat' dir='ltr'>audientem</span> <span class='ocrx_word' id='word_1_649' title='bbox 3511 4415 3800 4483; x_wconf 88' lang='lat' dir='ltr'>quantum</span> 
     </span>
    </p>
   </div>
   <div class='ocr_carea' id='block_1_94' title="bbox 2152 4499 3801 4576">
    <p class='ocr_par' dir='ltr' id='par_1_94' title="bbox 2152 4499 3801 4576">
     <span class='ocr_line' id='line_1_94' title="bbox 2152 4499 3801 4576; baseline -0.004 -17"><span class='ocrx_word' id='word_1_650' title='bbox 2152 4503 2429 4576; x_wconf 87' lang='lat' dir='ltr'>possibile</span> <span class='ocrx_word' id='word_1_651' title='bbox 2459 4509 2548 4559; x_wconf 89' lang='lat' dir='ltr'>est</span> <span class='ocrx_word' id='word_1_652' title='bbox 2578 4504 2788 4570; x_wconf 88' lang='lat' dir='ltr'>erudit,</span> <span class='ocrx_word' id='word_1_653' title='bbox 2821 4503 3093 4575; x_wconf 88' lang='lat' dir='ltr'>castigat,</span> <span class='ocrx_word' id='word_1_654' title='bbox 3125 4499 3485 4567; x_wconf 89' lang='lat' dir='ltr'>consolatur,</span> <span class='ocrx_word' id='word_1_655' title='bbox 3543 4506 3605 4555; x_wconf 89' lang='lat' dir='ltr'>et</span> <span class='ocrx_word' id='word_1_656' title='bbox 3637 4501 3801 4566; x_wconf 84' lang='lat' dir='ltr'>fovet,</span> 
     </span>
    </p>
   </div>
   <div class='ocr_carea' id='block_1_95' title="bbox 397 4587 3802 4670">
    <p class='ocr_par' dir='ltr' id='par_1_95' title="bbox 397 4587 3802 4670">
     <span class='ocr_line' id='line_1_95' title="bbox 397 4587 3802 4670; baseline -0.001 -23"><span class='ocrx_word' id='word_1_657' title='bbox 397 4592 703 4648; x_wconf 90' lang='lat' dir='ltr'>ministros</span> <span class='ocrx_word' id='word_1_658' title='bbox 734 4593 834 4664; x_wconf 92' lang='lat' dir='ltr'>qui</span> <span class='ocrx_word' id='word_1_659' title='bbox 868 4594 925 4647; x_wconf 93' lang='lat' dir='ltr'>in</span> <span class='ocrx_word' id='word_1_660' title='bbox 959 4595 1206 4650; x_wconf 89' lang='lat' dir='ltr'>circuitu</span> <span class='ocrx_word' id='word_1_661' title='bbox 1229 4595 1480 4651; x_wconf 69' lang='lat' dir='ltr'>basilica:</span> <span class='ocrx_word' id='word_1_662' title='bbox 1503 4597 1754 4668; x_wconf 89' lang='lat' dir='ltr'>psallant</span> <span class='ocrx_word' id='word_1_663' title='bbox 1775 4604 1829 4653; x_wconf 90' lang='lat' dir='ltr'>et</span> <span class='ocrx_word' id='word_1_664' title='bbox 1852 4616 2042 4670; x_wconf 89' lang='lat' dir='ltr'>asper-</span> <span class='ocrx_word' id='word_1_665' title='bbox 2072 4595 2118 4658; x_wconf 92' lang='lat' dir='ltr'>D</span> <span class='ocrx_word' id='word_1_666' title='bbox 2150 4599 2208 4649; x_wconf 88' lang='lat' dir='ltr'>et</span> <span class='ocrx_word' id='word_1_667' title='bbox 2229 4597 2430 4649; x_wconf 90' lang='lat' dir='ltr'>contra</span> <span class='ocrx_word' id='word_1_668' title='bbox 2451 4609 2652 4647; x_wconf 89' lang='lat' dir='ltr'>omnes</span> <span class='ocrx_word' id='word_1_669' title='bbox 2673 4591 2895 4646; x_wconf 90' lang='lat' dir='ltr'>inimici</span> <span class='ocrx_word' id='word_1_670' title='bbox 2918 4591 3164 4646; x_wconf 80' lang='lat' dir='ltr'>insidias</span> <span class='ocrx_word' id='word_1_671' title='bbox 3185 4589 3402 4646; x_wconf 88' lang='lat' dir='ltr'>armari</span> <span class='ocrx_word' id='word_1_672' title='bbox 3426 4589 3622 4644; x_wconf 90' lang='lat' dir='ltr'>docet.</span> <span class='ocrx_word' id='word_1_673' title='bbox 3645 4587 3802 4654; x_wconf 85' lang='lat' dir='ltr'>Quod</span> 
     </span>
    </p>
   </div>
   <div class='ocr_carea' id='block_1_96' title="bbox 399 4679 2044 4755">
    <p class='ocr_par' dir='ltr' id='par_1_96' title="bbox 399 4679 2044 4755">
     <span class='ocr_line' id='line_1_96' title="bbox 399 4679 2044 4755; baseline 0.006 -23"><span class='ocrx_word' id='word_1_674' title='bbox 399 4683 560 4752; x_wconf 88' lang='lat' dir='ltr'>gant,</span> <span class='ocrx_word' id='word_1_675' title='bbox 620 4679 746 4750; x_wconf 83' lang='lat' dir='ltr'>ipse</span> <span class='ocrx_word' id='word_1_676' title='bbox 804 4685 1000 4736; x_wconf 89' lang='lat' dir='ltr'>autem</span> <span class='ocrx_word' id='word_1_677' title='bbox 1050 4700 1153 4755; x_wconf 90' lang='lat' dir='ltr'>per</span> <span class='ocrx_word' id='word_1_678' title='bbox 1209 4685 1465 4739; x_wconf 89' lang='lat' dir='ltr'>mediam</span> <span class='ocrx_word' id='word_1_679' title='bbox 1525 4685 1829 4741; x_wconf 90' lang='lat' dir='ltr'>ecclesiam</span> <span class='ocrx_word' id='word_1_680' title='bbox 1885 4689 2044 4743; x_wconf 84' lang='lat' dir='ltr'>vadit</span> 
     </span>
    </p>
   </div>
   <div class='ocr_carea' id='block_1_97' title="bbox 399 4769 2041 4846">
    <p class='ocr_par' dir='ltr' id='par_1_97' title="bbox 399 4769 2041 4846">
     <span class='ocr_line' id='line_1_97' title="bbox 399 4769 2041 4846; baseline 0.007 -25"><span class='ocrx_word' id='word_1_681' title='bbox 399 4769 727 4839; x_wconf 90' lang='lat' dir='ltr'>spargendo</span> <span class='ocrx_word' id='word_1_682' title='bbox 748 4769 806 4823; x_wconf 90' lang='lat' dir='ltr'>in</span> <span class='ocrx_word' id='word_1_683' title='bbox 831 4775 1078 4843; x_wconf 89' lang='lat' dir='ltr'>utraque</span> <span class='ocrx_word' id='word_1_684' title='bbox 1097 4777 1258 4845; x_wconf 90' lang='lat' dir='ltr'>parte</span> <span class='ocrx_word' id='word_1_685' title='bbox 1283 4773 1497 4828; x_wconf 90' lang='lat' dir='ltr'>faciens</span> <span class='ocrx_word' id='word_1_686' title='bbox 1515 4780 2041 4846; x_wconf 87' lang='lat' dir='ltr'>crucem,apertum</span> 
     </span>
    </p>
   </div>
   <div class='ocr_carea' id='block_1_98' title="bbox 401 4856 2046 4934">
    <p class='ocr_par' dir='ltr' id='par_1_98' title="bbox 401 4856 2046 4934">
     <span class='ocr_line' id='line_1_98' title="bbox 401 4856 2046 4934; baseline 0.005 -22"><span class='ocrx_word' id='word_1_687' title='bbox 401 4856 501 4912; x_wconf 88' lang='lat' dir='ltr'>dat</span> <span class='ocrx_word' id='word_1_688' title='bbox 548 4856 833 4913; x_wconf 89' lang='lat' dir='ltr'>indicium</span> <span class='ocrx_word' id='word_1_689' title='bbox 882 4860 1020 4930; x_wconf 90' lang='lat' dir='ltr'>quia</span> <span class='ocrx_word' id='word_1_690' title='bbox 1063 4861 1319 4933; x_wconf 83' lang='lat' dir='ltr'>pontifex</span> <span class='ocrx_word' id='word_1_691' title='bbox 1367 4863 1662 4934; x_wconf 90' lang='lat' dir='ltr'>adjutores</span> <span class='ocrx_word' id='word_1_692' title='bbox 1719 4863 1831 4919; x_wconf 90' lang='lat' dir='ltr'>sibi</span> <span class='ocrx_word' id='word_1_693' title='bbox 1875 4865 2046 4920; x_wconf 88' lang='lat' dir='ltr'>debet</span> 
     </span>
    </p>
   </div>
   <div class='ocr_carea' id='block_1_99' title="bbox 403 4945 2042 5021">
    <p class='ocr_par' dir='ltr' id='par_1_99' title="bbox 403 4945 2042 5021">
     <span class='ocr_line' id='line_1_99' title="bbox 403 4945 2042 5021; baseline 0.004 -20"><span class='ocrx_word' id='word_1_694' title='bbox 403 4945 688 5001; x_wconf 87' lang='lat' dir='ltr'>asciscere</span> <span class='ocrx_word' id='word_1_695' title='bbox 713 4947 811 5017; x_wconf 92' lang='lat' dir='ltr'>qui</span> <span class='ocrx_word' id='word_1_696' title='bbox 836 4947 1100 5004; x_wconf 82' lang='lat' dir='ltr'>Ecclesiae</span> <span class='ocrx_word' id='word_1_697' title='bbox 1126 4951 1400 5005; x_wconf 87' lang='lat' dir='ltr'>excubias</span> <span class='ocrx_word' id='word_1_698' title='bbox 1431 4951 1710 5021; x_wconf 88' lang='lat' dir='ltr'>adjuvent</span> <span class='ocrx_word' id='word_1_699' title='bbox 1731 4954 2042 5008; x_wconf 88' lang='lat' dir='ltr'>custodire.</span> 
     </span>
    </p>
   </div>
   <div class='ocr_carea' id='block_1_100' title="bbox 401 5034 2048 5113">
    <p class='ocr_par' dir='ltr' id='par_1_100' title="bbox 401 5034 2048 5113">
     <span class='ocr_line' id='line_1_100' title="bbox 401 5034 2048 5113; baseline 0.005 -24"><span class='ocrx_word' id='word_1_700' title='bbox 401 5034 564 5090; x_wconf 88' lang='lat' dir='ltr'>Unde</span> <span class='ocrx_word' id='word_1_701' title='bbox 594 5039 650 5090; x_wconf 90' lang='lat' dir='ltr'>et</span> <span class='ocrx_word' id='word_1_702' title='bbox 666 5035 870 5091; x_wconf 88' lang='lat' dir='ltr'>beatus</span> <span class='ocrx_word' id='word_1_703' title='bbox 903 5037 1129 5109; x_wconf 80' lang='lat' dir='ltr'>Moyses</span> <span class='ocrx_word' id='word_1_704' title='bbox 1161 5040 1534 5112; x_wconf 86' lang='lat' dir='ltr'>septuaginta</span> <span class='ocrx_word' id='word_1_705' title='bbox 1552 5042 1916 5113; x_wconf 81' lang='lat' dir='ltr'>presbyteros</span> <span class='ocrx_word' id='word_1_706' title='bbox 1939 5041 2048 5097; x_wconf 91' lang='lat' dir='ltr'>ele-</span> 
     </span>
    </p>
   </div>
   <div class='ocr_carea' id='block_1_101' title="bbox 400 5123 2047 5197">
    <p class='ocr_par' dir='ltr' id='par_1_101' title="bbox 400 5123 2047 5197">
     <span class='ocr_line' id='line_1_101' title="bbox 400 5123 2047 5197; baseline 0.005 -20"><span class='ocrx_word' id='word_1_707' title='bbox 400 5123 486 5197; x_wconf 88' lang='lat' dir='ltr'>git</span> <span class='ocrx_word' id='word_1_708' title='bbox 507 5123 605 5195; x_wconf 92' lang='lat' dir='ltr'>qui</span> <span class='ocrx_word' id='word_1_709' title='bbox 629 5125 830 5196; x_wconf 92' lang='lat' dir='ltr'>populi</span> <span class='ocrx_word' id='word_1_710' title='bbox 855 5127 1298 5183; x_wconf 89' lang='lat' dir='ltr'>necessitatibus</span> <span class='ocrx_word' id='word_1_711' title='bbox 1316 5135 1744 5184; x_wconf 90' lang='lat' dir='ltr'>concurrerent.</span> <span class='ocrx_word' id='word_1_712' title='bbox 1761 5131 1830 5184; x_wconf 89' lang='lat' dir='ltr'>Et</span> <span class='ocrx_word' id='word_1_713' title='bbox 1859 5131 2047 5186; x_wconf 92' lang='lat' dir='ltr'>Domi-</span> 
     </span>
    </p>
   </div>
   <div class='ocr_carea' id='block_1_102' title="bbox 401 5213 2045 5292">
    <p class='ocr_par' dir='ltr' id='par_1_102' title="bbox 401 5213 2045 5292">
     <span class='ocr_line' id='line_1_102' title="bbox 401 5213 2045 5292; baseline 0.006 -26"><span class='ocrx_word' id='word_1_714' title='bbox 401 5230 513 5267; x_wconf 90' lang='lat' dir='ltr'>nus</span> <span class='ocrx_word' id='word_1_715' title='bbox 529 5213 652 5285; x_wconf 88' lang='lat' dir='ltr'>ipse</span> <span class='ocrx_word' id='word_1_716' title='bbox 664 5215 1114 5285; x_wconf 91' lang='lat' dir='ltr'>postduodecim</span> <span class='ocrx_word' id='word_1_717' title='bbox 1130 5217 1528 5289; x_wconf 88' lang='lat' dir='ltr'>apostolorum</span> <span class='ocrx_word' id='word_1_718' title='bbox 1542 5218 1879 5274; x_wconf 84' lang='lat' dir='ltr'>electionem</span> <span class='ocrx_word' id='word_1_719' title='bbox 1915 5237 2045 5292; x_wconf 88' lang='lat' dir='ltr'>sep-</span> 
     </span>
    </p>
   </div>
   <div class='ocr_carea' id='block_1_103' title="bbox 398 5303 2042 5378">
    <p class='ocr_par' dir='ltr' id='par_1_103' title="bbox 398 5303 2042 5378">
     <span class='ocr_line' id='line_1_103' title="bbox 398 5303 2042 5378; baseline 0.005 -22"><span class='ocrx_word' id='word_1_720' title='bbox 398 5303 668 5374; x_wconf 89' lang='lat' dir='ltr'>tuaginta</span> <span class='ocrx_word' id='word_1_721' title='bbox 706 5303 853 5360; x_wconf 94' lang='lat' dir='ltr'>duos</span> <span class='ocrx_word' id='word_1_722' title='bbox 893 5306 1052 5362; x_wconf 89' lang='lat' dir='ltr'>misit</span> <span class='ocrx_word' id='word_1_723' title='bbox 1082 5308 1150 5362; x_wconf 88' lang='lat' dir='ltr'>ad</span> <span class='ocrx_word' id='word_1_724' title='bbox 1191 5306 1533 5378; x_wconf 88' lang='lat' dir='ltr'>explendam</span> <span class='ocrx_word' id='word_1_725' title='bbox 1549 5308 2042 5377; x_wconf 88' lang='lat' dir='ltr'>praedicationem.</span> 
     </span>
    </p>
   </div>
   <div class='ocr_carea' id='block_1_104' title="bbox 402 5391 2044 5468">
    <p class='ocr_par' dir='ltr' id='par_1_104' title="bbox 402 5391 2044 5468">
     <span class='ocr_line' id='line_1_104' title="bbox 402 5391 2044 5468; baseline 0.005 -23"><span class='ocrx_word' id='word_1_726' title='bbox 402 5391 531 5462; x_wconf 91' lang='lat' dir='ltr'>Ipse</span> <span class='ocrx_word' id='word_1_727' title='bbox 550 5395 748 5447; x_wconf 87' lang='lat' dir='ltr'>tamen</span> <span class='ocrx_word' id='word_1_728' title='bbox 777 5393 937 5450; x_wconf 91' lang='lat' dir='ltr'>nullo</span> <span class='ocrx_word' id='word_1_729' title='bbox 957 5395 1130 5451; x_wconf 88' lang='lat' dir='ltr'>modo</span> <span class='ocrx_word' id='word_1_730' title='bbox 1154 5394 1456 5451; x_wconf 90' lang='lat' dir='ltr'>securitati</span> <span class='ocrx_word' id='word_1_731' title='bbox 1475 5399 1575 5448; x_wconf 89' lang='lat' dir='ltr'>aut</span> <span class='ocrx_word' id='word_1_732' title='bbox 1594 5396 1810 5468; x_wconf 89' lang='lat' dir='ltr'>torpori</span> <span class='ocrx_word' id='word_1_733' title='bbox 1827 5396 2044 5468; x_wconf 89' lang='lat' dir='ltr'>aliqua-</span> 
     </span>
    </p>
   </div>
   <div class='ocr_carea' id='block_1_105' title="bbox 401 5479 2042 5555">
    <p class='ocr_par' dir='ltr' id='par_1_105' title="bbox 401 5479 2042 5555">
     <span class='ocr_line' id='line_1_105' title="bbox 401 5479 2042 5555; baseline 0.004 -20"><span class='ocrx_word' id='word_1_734' title='bbox 401 5483 571 5535; x_wconf 88' lang='lat' dir='ltr'>tenus</span> <span class='ocrx_word' id='word_1_735' title='bbox 604 5479 774 5535; x_wconf 88' lang='lat' dir='ltr'>debet</span> <span class='ocrx_word' id='word_1_736' title='bbox 803 5481 1124 5554; x_wconf 89' lang='lat' dir='ltr'>indulgere,</span> <span class='ocrx_word' id='word_1_737' title='bbox 1160 5485 1260 5538; x_wconf 90' lang='lat' dir='ltr'>sed</span> <span class='ocrx_word' id='word_1_738' title='bbox 1293 5499 1396 5555; x_wconf 89' lang='lat' dir='ltr'>per</span> <span class='ocrx_word' id='word_1_739' title='bbox 1441 5484 1695 5538; x_wconf 90' lang='lat' dir='ltr'>mediam</span> <span class='ocrx_word' id='word_1_740' title='bbox 1726 5484 2042 5541; x_wconf 86' lang='lat' dir='ltr'>Ecclesiam</span> 
     </span>
    </p>
   </div>
   <div class='ocr_carea' id='block_1_106' title="bbox 399 5567 2040 5645">
    <p class='ocr_par' dir='ltr' id='par_1_106' title="bbox 399 5567 2040 5645">
     <span class='ocr_line' id='line_1_106' title="bbox 399 5567 2040 5645; baseline 0.005 -24"><span class='ocrx_word' id='word_1_741' title='bbox 399 5567 752 5637; x_wconf 88' lang='lat' dir='ltr'>conspicuus</span> <span class='ocrx_word' id='word_1_742' title='bbox 775 5569 1272 5638; x_wconf 89' lang='lat' dir='ltr'>incedere,omnes</span> <span class='ocrx_word' id='word_1_743' title='bbox 1295 5571 1556 5644; x_wconf 86' lang='lat' dir='ltr'>exemplo</span> <span class='ocrx_word' id='word_1_744' title='bbox 1579 5591 1684 5628; x_wconf 90' lang='lat' dir='ltr'>suo</span> <span class='ocrx_word' id='word_1_745' title='bbox 1709 5573 2040 5645; x_wconf 88' lang='lat' dir='ltr'>inlormare,</span> 
     </span>
    </p>
   </div>
   <div class='ocr_carea' id='block_1_107' title="bbox 404 5654 2044 5730">
    <p class='ocr_par' dir='ltr' id='par_1_107' title="bbox 404 5654 2044 5730">
     <span class='ocr_line' id='line_1_107' title="bbox 404 5654 2044 5730; baseline 0.007 -25"><span class='ocrx_word' id='word_1_746' title='bbox 404 5654 678 5709; x_wconf 87' lang='lat' dir='ltr'>omnibus</span> <span class='ocrx_word' id='word_1_747' title='bbox 700 5664 1064 5714; x_wconf 87' lang='lat' dir='ltr'>sacramenta</span> <span class='ocrx_word' id='word_1_748' title='bbox 1077 5665 1197 5714; x_wconf 89' lang='lat' dir='ltr'>tam</span> <span class='ocrx_word' id='word_1_749' title='bbox 1220 5660 1407 5714; x_wconf 91' lang='lat' dir='ltr'>crucis</span> <span class='ocrx_word' id='word_1_750' title='bbox 1431 5677 1607 5730; x_wconf 89' lang='lat' dir='ltr'>quam</span> <span class='ocrx_word' id='word_1_751' title='bbox 1632 5663 1835 5717; x_wconf 85' lang='lat' dir='ltr'>mortis</span> <span class='ocrx_word' id='word_1_752' title='bbox 1859 5662 2044 5717; x_wconf 86' lang='lat' dir='ltr'>Domi-</span> 
     </span>
    </p>
   </div>
   <div class='ocr_carea' id='block_1_108' title="bbox 2152 4677 3806 4753">
    <p class='ocr_par' dir='ltr' id='par_1_108' title="bbox 2152 4677 3806 4753">
     <span class='ocr_line' id='line_1_108' title="bbox 2152 4677 3806 4753; baseline -0.004 -16"><span class='ocrx_word' id='word_1_753' title='bbox 2152 4685 2344 4737; x_wconf 89' lang='lat' dir='ltr'>autem</span> <span class='ocrx_word' id='word_1_754' title='bbox 2370 4685 2636 4753; x_wconf 88' lang='lat' dir='ltr'>superest</span> <span class='ocrx_word' id='word_1_755' title='bbox 2665 4697 2825 4750; x_wconf 78' lang='lat' dir='ltr'>aquae</span> <span class='ocrx_word' id='word_1_756' title='bbox 2851 4679 3258 4752; x_wconf 80' lang='lat' dir='ltr'>puriﬁcatoriae</span> <span class='ocrx_word' id='word_1_757' title='bbox 3287 4679 3361 4733; x_wconf 91' lang='lat' dir='ltr'>ad</span> <span class='ocrx_word' id='word_1_758' title='bbox 3392 4677 3597 4734; x_wconf 87' lang='lat' dir='ltr'>basim</span> <span class='ocrx_word' id='word_1_759' title='bbox 3619 4678 3806 4732; x_wconf 77' lang='lat' dir='ltr'>tundit</span> 
     </span>
    </p>
   </div>
   <div class='ocr_carea' id='block_1_109' title="bbox 2153 4765 3806 4842">
    <p class='ocr_par' dir='ltr' id='par_1_109' title="bbox 2153 4765 3806 4842">
     <span class='ocr_line' id='line_1_109' title="bbox 2153 4765 3806 4842; baseline -0.003 -16"><span class='ocrx_word' id='word_1_760' title='bbox 2153 4770 2374 4841; x_wconf 91' lang='lat' dir='ltr'>altaris,</span> <span class='ocrx_word' id='word_1_761' title='bbox 2407 4770 2546 4842; x_wconf 88' lang='lat' dir='ltr'>quia</span> <span class='ocrx_word' id='word_1_762' title='bbox 2575 4769 2728 4841; x_wconf 91' lang='lat' dir='ltr'>quod</span> <span class='ocrx_word' id='word_1_763' title='bbox 2780 4769 2906 4840; x_wconf 92' lang='lat' dir='ltr'>ipse</span> <span class='ocrx_word' id='word_1_764' title='bbox 2954 4768 3179 4840; x_wconf 90' lang='lat' dir='ltr'>nequit,</span> <span class='ocrx_word' id='word_1_765' title='bbox 3206 4765 3517 4822; x_wconf 86' lang='lat' dir='ltr'>humiliter</span> <span class='ocrx_word' id='word_1_766' title='bbox 3558 4767 3806 4823; x_wconf 90' lang='lat' dir='ltr'>Domino</span> 
     </span>
    </p>
   </div>
   <div class='ocr_carea' id='block_1_110' title="bbox 2153 4854 3808 4930">
    <p class='ocr_par' dir='ltr' id='par_1_110' title="bbox 2153 4854 3808 4930">
     <span class='ocr_line' id='line_1_110' title="bbox 2153 4854 3808 4930; baseline -0.004 -16"><span class='ocrx_word' id='word_1_767' title='bbox 2153 4858 2486 4928; x_wconf 89' lang='lat' dir='ltr'>committit,</span> <span class='ocrx_word' id='word_1_768' title='bbox 2521 4858 2924 4930; x_wconf 83' lang='lat' dir='ltr'>purgationem</span> <span class='ocrx_word' id='word_1_769' title='bbox 2968 4857 3188 4913; x_wconf 90' lang='lat' dir='ltr'>scilicet</span> <span class='ocrx_word' id='word_1_770' title='bbox 3226 4855 3690 4927; x_wconf 86' lang='lat' dir='ltr'>discipulorum,</span> <span class='ocrx_word' id='word_1_771' title='bbox 3723 4854 3808 4912; x_wconf 88' lang='lat' dir='ltr'>cui</span> 
     </span>
    </p>
   </div>
   <div class='ocr_carea' id='block_1_111' title="bbox 2157 4943 3807 5020">
    <p class='ocr_par' dir='ltr' id='par_1_111' title="bbox 2157 4943 3807 5020">
     <span class='ocr_line' id='line_1_111' title="bbox 2157 4943 3807 5020; baseline -0.004 -17"><span class='ocrx_word' id='word_1_772' title='bbox 2157 4948 2358 5020; x_wconf 90' lang='lat' dir='ltr'>utique</span> <span class='ocrx_word' id='word_1_773' title='bbox 2388 4948 2512 5017; x_wconf 86' lang='lat' dir='ltr'>ipse</span> <span class='ocrx_word' id='word_1_774' title='bbox 2539 4952 2820 5018; x_wconf 88' lang='lat' dir='ltr'>tanquam</span> <span class='ocrx_word' id='word_1_775' title='bbox 2855 4947 3028 5002; x_wconf 89' lang='lat' dir='ltr'>homo</span> <span class='ocrx_word' id='word_1_776' title='bbox 3052 4945 3346 5017; x_wconf 85' lang='lat' dir='ltr'>cooperari</span> <span class='ocrx_word' id='word_1_777' title='bbox 3364 4949 3422 5000; x_wconf 89' lang='lat' dir='ltr'>et</span> <span class='ocrx_word' id='word_1_778' title='bbox 3443 4943 3807 5000; x_wconf 83' lang='lat' dir='ltr'>collaborare</span> 
     </span>
    </p>
   </div>
   <div class='ocr_carea' id='block_1_112' title="bbox 2154 5033 3804 5109">
    <p class='ocr_par' dir='ltr' id='par_1_112' title="bbox 2154 5033 3804 5109">
     <span class='ocr_line' id='line_1_112' title="bbox 2154 5033 3804 5109; baseline -0.005 -15"><span class='ocrx_word' id='word_1_779' title='bbox 2154 5041 2364 5109; x_wconf 89' lang='lat' dir='ltr'>potest.</span> <span class='ocrx_word' id='word_1_780' title='bbox 2400 5037 2653 5092; x_wconf 86' lang='lat' dir='ltr'>Perfecta</span> <span class='ocrx_word' id='word_1_781' title='bbox 2684 5040 2878 5091; x_wconf 91' lang='lat' dir='ltr'>autem</span> <span class='ocrx_word' id='word_1_782' title='bbox 2931 5035 3233 5090; x_wconf 89' lang='lat' dir='ltr'>mundatio</span> <span class='ocrx_word' id='word_1_783' title='bbox 3284 5033 3446 5089; x_wconf 92' lang='lat' dir='ltr'>illius</span> <span class='ocrx_word' id='word_1_784' title='bbox 3476 5039 3574 5089; x_wconf 91' lang='lat' dir='ltr'>est</span> <span class='ocrx_word' id='word_1_785' title='bbox 3603 5034 3804 5094; x_wconf 84' lang='lat' dir='ltr'>solius,</span> 
     </span>
    </p>
   </div>
   <div class='ocr_carea' id='block_1_113' title="bbox 2155 5120 3802 5198">
    <p class='ocr_par' dir='ltr' id='par_1_113' title="bbox 2155 5120 3802 5198">
     <span class='ocr_line' id='line_1_113' title="bbox 2155 5120 3802 5198; baseline -0.005 -17"><span class='ocrx_word' id='word_1_786' title='bbox 2155 5127 2254 5198; x_wconf 93' lang='lat' dir='ltr'>qui</span> <span class='ocrx_word' id='word_1_787' title='bbox 2287 5142 2434 5196; x_wconf 92' lang='lat' dir='ltr'>quos</span> <span class='ocrx_word' id='word_1_788' title='bbox 2469 5124 2758 5196; x_wconf 66' lang='lat' dir='ltr'>prmscivit</span> <span class='ocrx_word' id='word_1_789' title='bbox 2786 5129 2843 5179; x_wconf 91' lang='lat' dir='ltr'>et</span> <span class='ocrx_word' id='word_1_790' title='bbox 2864 5123 3297 5195; x_wconf 71' lang='lat' dir='ltr'>praedestinavit</span> <span class='ocrx_word' id='word_1_791' title='bbox 3324 5123 3672 5178; x_wconf 82' lang='lat' dir='ltr'>conformes</span> <span class='ocrx_word' id='word_1_792' title='bbox 3694 5120 3802 5176; x_wconf 84' lang='lat' dir='ltr'>ﬁeri</span> 
     </span>
    </p>
   </div>
   <div class='ocr_carea' id='block_1_114' title="bbox 2156 5211 3801 5287">
    <p class='ocr_par' dir='ltr' id='par_1_114' title="bbox 2156 5211 3801 5287">
     <span class='ocr_line' id='line_1_114' title="bbox 2156 5211 3801 5287; baseline -0.004 -18"><span class='ocrx_word' id='word_1_793' title='bbox 2156 5214 2395 5287; x_wconf 86' lang='lat' dir='ltr'>imagini</span> <span class='ocrx_word' id='word_1_794' title='bbox 2419 5213 2522 5268; x_wconf 86' lang='lat' dir='ltr'>ﬁlii</span> <span class='ocrx_word' id='word_1_795' title='bbox 2555 5213 2818 5269; x_wconf 89' lang='lat' dir='ltr'>sui.llinc</span> <span class='ocrx_word' id='word_1_796' title='bbox 2835 5217 2924 5267; x_wconf 90' lang='lat' dir='ltr'>est</span> <span class='ocrx_word' id='word_1_797' title='bbox 2941 5213 3093 5284; x_wconf 93' lang='lat' dir='ltr'>quod</span> <span class='ocrx_word' id='word_1_798' title='bbox 3118 5213 3177 5266; x_wconf 90' lang='lat' dir='ltr'>in</span> <span class='ocrx_word' id='word_1_799' title='bbox 3200 5211 3325 5284; x_wconf 88' lang='lat' dir='ltr'>lege</span> <span class='ocrx_word' id='word_1_800' title='bbox 3344 5211 3576 5267; x_wconf 87' lang='lat' dir='ltr'>Veteris</span> <span class='ocrx_word' id='word_1_801' title='bbox 3610 5212 3801 5266; x_wconf 82' lang='lat' dir='ltr'>Testa-</span> 
     </span>
    </p>
   </div>
   <div class='ocr_carea' id='block_1_115' title="bbox 2155 5298 3796 5376">
    <p class='ocr_par' dir='ltr' id='par_1_115' title="bbox 2155 5298 3796 5376">
     <span class='ocr_line' id='line_1_115' title="bbox 2155 5298 3796 5376; baseline -0.004 -17"><span class='ocrx_word' id='word_1_802' title='bbox 2155 5304 2337 5359; x_wconf 90' lang='lat' dir='ltr'>menti</span> <span class='ocrx_word' id='word_1_803' title='bbox 2365 5302 2606 5376; x_wconf 87' lang='lat' dir='ltr'>sanguis</span> <span class='ocrx_word' id='word_1_804' title='bbox 2638 5302 2989 5368; x_wconf 90' lang='lat' dir='ltr'>hostiarum,</span> <span class='ocrx_word' id='word_1_805' title='bbox 3023 5300 3174 5355; x_wconf 89' lang='lat' dir='ltr'>sicut</span> <span class='ocrx_word' id='word_1_806' title='bbox 3196 5301 3437 5370; x_wconf 91' lang='lat' dir='ltr'>jussum</span> <span class='ocrx_word' id='word_1_807' title='bbox 3471 5299 3724 5368; x_wconf 85' lang='lat' dir='ltr'>erat,vel</span> <span class='ocrx_word' id='word_1_808' title='bbox 3751 5298 3796 5350; x_wconf 86' lang='lat' dir='ltr'>in</span> 
     </span>
    </p>
   </div>
   <div class='ocr_carea' id='block_1_116' title="bbox 2154 5387 3795 5463">
    <p class='ocr_par' dir='ltr' id='par_1_116' title="bbox 2154 5387 3795 5463">
     <span class='ocr_line' id='line_1_116' title="bbox 2154 5387 3795 5463; baseline -0.006 -14"><span class='ocrx_word' id='word_1_809' title='bbox 2154 5393 2430 5449; x_wconf 89' lang='lat' dir='ltr'>cornibus</span> <span class='ocrx_word' id='word_1_810' title='bbox 2461 5391 2661 5447; x_wconf 90' lang='lat' dir='ltr'>altaris</span> <span class='ocrx_word' id='word_1_811' title='bbox 2693 5391 3036 5463; x_wconf 90' lang='lat' dir='ltr'>ponebatur,</span> <span class='ocrx_word' id='word_1_812' title='bbox 3070 5388 3159 5444; x_wconf 90' lang='lat' dir='ltr'>vel</span> <span class='ocrx_word' id='word_1_813' title='bbox 3193 5407 3261 5444; x_wconf 92' lang='lat' dir='ltr'>ex</span> <span class='ocrx_word' id='word_1_814' title='bbox 3309 5387 3617 5462; x_wconf 87' lang='lat' dir='ltr'>aliquibus</span> <span class='ocrx_word' id='word_1_815' title='bbox 3641 5388 3795 5444; x_wconf 87' lang='lat' dir='ltr'>ostiis</span> 
     </span>
    </p>
   </div>
   <div class='ocr_carea' id='block_1_117' title="bbox 2153 5476 3790 5554">
    <p class='ocr_par' dir='ltr' id='par_1_117' title="bbox 2153 5476 3790 5554">
     <span class='ocr_line' id='line_1_117' title="bbox 2153 5476 3790 5554; baseline -0.005 -18"><span class='ocrx_word' id='word_1_816' title='bbox 2153 5482 2334 5554; x_wconf 88' lang='lat' dir='ltr'>digito</span> <span class='ocrx_word' id='word_1_817' title='bbox 2357 5480 2673 5537; x_wconf 90' lang='lat' dir='ltr'>sacerdotis</span> <span class='ocrx_word' id='word_1_818' title='bbox 2704 5483 2903 5534; x_wconf 88' lang='lat' dir='ltr'>contra</span> <span class='ocrx_word' id='word_1_819' title='bbox 2931 5479 3170 5533; x_wconf 90' lang='lat' dir='ltr'>domum</span> <span class='ocrx_word' id='word_1_820' title='bbox 3215 5476 3431 5549; x_wconf 87' lang='lat' dir='ltr'>septies</span> <span class='ocrx_word' id='word_1_821' title='bbox 3477 5476 3790 5549; x_wconf 78' lang='lat' dir='ltr'>spargeba-</span> 
     </span>
    </p>
   </div>
   <div class='ocr_carea' id='block_1_118' title="bbox 2151 5563 3783 5643">
    <p class='ocr_par' dir='ltr' id='par_1_118' title="bbox 2151 5563 3783 5643">
     <span class='ocr_line' id='line_1_118' title="bbox 2151 5563 3783 5643; baseline -0.007 -17"><span class='ocrx_word' id='word_1_822' title='bbox 2151 5577 2266 5642; x_wconf 91' lang='lat' dir='ltr'>tur,</span> <span class='ocrx_word' id='word_1_823' title='bbox 2302 5575 2358 5626; x_wconf 91' lang='lat' dir='ltr'>et</span> <span class='ocrx_word' id='word_1_824' title='bbox 2388 5571 2542 5643; x_wconf 91' lang='lat' dir='ltr'>quod</span> <span class='ocrx_word' id='word_1_825' title='bbox 2575 5568 2864 5641; x_wconf 90' lang='lat' dir='ltr'>reliquum</span> <span class='ocrx_word' id='word_1_826' title='bbox 2896 5572 3018 5624; x_wconf 88' lang='lat' dir='ltr'>erat</span> <span class='ocrx_word' id='word_1_827' title='bbox 3048 5568 3120 5623; x_wconf 92' lang='lat' dir='ltr'>ad</span> <span class='ocrx_word' id='word_1_828' title='bbox 3142 5567 3331 5623; x_wconf 90' lang='lat' dir='ltr'>basim</span> <span class='ocrx_word' id='word_1_829' title='bbox 3355 5565 3561 5623; x_wconf 86' lang='lat' dir='ltr'>altaris</span> <span class='ocrx_word' id='word_1_830' title='bbox 3591 5563 3783 5620; x_wconf 84' lang='lat' dir='ltr'>funde-</span> 
     </span>
    </p>
   </div>
   <div class='ocr_carea' id='block_1_119' title="bbox 2150 5648 3786 5737">
    <p class='ocr_par' dir='ltr' id='par_1_119' title="bbox 2150 5648 3786 5737">
     <span class='ocr_line' id='line_1_119' title="bbox 2150 5648 3786 5737; baseline -0.007 -21"><span class='ocrx_word' id='word_1_831' title='bbox 2150 5661 2341 5716; x_wconf 90' lang='lat' dir='ltr'>batur.</span> <span class='ocrx_word' id='word_1_832' title='bbox 2374 5661 2749 5716; x_wconf 87' lang='lat' dir='ltr'>Sacerdotum</span> <span class='ocrx_word' id='word_1_833' title='bbox 2779 5658 2936 5715; x_wconf 89' lang='lat' dir='ltr'>enim</span> <span class='ocrx_word' id='word_1_834' title='bbox 2984 5655 3403 5737; x_wconf 28' lang='lat' dir='ltr'>esthuidquid</span> <span class='ocrx_word' id='word_1_835' title='bbox 3439 5657 3692 5729; x_wconf 88' lang='lat' dir='ltr'>possunt</span> <span class='ocrx_word' id='word_1_836' title='bbox 3716 5648 3786 5706; x_wconf 78' lang='lat' dir='ltr'>ad</span> 
     </span>
    </p>
   </div>
  </div>
