4018 6200
278 359 397 424 857

1411 368 1511 427 DE
1558 366 2089 427 DEDICATIONE
2138 367 2551 431 ECCLESle.

3560 367 3679 429 858

280 496 593 554 utilitatem
621 501 813 569 gregis
842 496 952 552 sibi
985 498 1284 554 commissi
1307 497 1569 555 laborare
1602 518 1615 568 ;
1649 500 1802 572 quod
1828 518 1928 555 au-
1958 500 2013 565 Α
2041 502 2365 556 commissae
2397 503 2468 557 ad
2500 501 2860 557 roborandos
2891 496 3315 571 discipulorum
3330 498 3556 553 animos
3578 516 3677 570 ap-

279 592 395 643 tem
418 588 570 642 vires
604 604 740 642 suas
771 587 1012 654 excedit,
1049 587 1293 643 Domino
1350 590 1723 645 devotissime
1772 608 1927 645 com-

280 676 773 740 mendare.Quam
804 675 1053 730 formam
1077 676 1200 747 ipse
1232 677 1458 747 primus
1482 683 1783 749 pastorum
1817 684 1928 733 Do-

280 767 480 819 minus
512 764 1417 837 etSalvatornosterimpressam
1444 766 1527 821 eis
1543 768 1925 838 reliquit,qui,

280 870 412 907 cum
449 853 705 924 passioni
732 855 853 924 jam
891 854 1403 926 appropinquaret,
1431 856 1749 926 discipulos
1783 874 1928 927 quos

280 941 607 1013 relinquere
635 943 696 996 in
728 947 883 996 terra
913 943 1217 998 videbatur
1244 944 1393 998 Patri
1427 945 1701 1015 dignatus
1732 950 1819 1000 est
1855 946 1924 999 ad

280 1032 727 1102 praerogandum
762 1031 1093 1102 exemplum
1127 1033 1460 1103 pastoribus
1494 1034 1923 1098 commendare,

277 1119 477 1174 dicens
512 1138 524 1175 :
567 1141 593 1171 α
624 1121 741 1191 Ego
774 1136 876 1192 pro
908 1120 991 1175 eis
1027 1137 1184 1191 rogo,
1220 1138 1334 1176 non
1376 1138 1478 1191 pro
1512 1123 1730 1176 mundo
1764 1138 1922 1192 rogo,

276 1210 376 1264 sed
409 1226 512 1280 pro
544 1209 637 1263 his
670 1226 816 1279 quos
846 1209 1056 1263 dedisti
1082 1208 1395 1281 mihi,quia
1419 1211 1499 1265 tui
1524 1211 1919 1265 sunt.Etmea.

274 1297 475 1353 omnia
502 1301 605 1351 tua
634 1302 775 1352 sunt
804 1301 859 1351 et
887 1301 988 1352 tua
1011 1314 1139 1351 mea
1169 1302 1389 1365 sunt,et
1411 1297 1766 1353 clariﬁcatus
1789 1316 1921 1353 sum

272 1385 333 1439 in
365 1387 470 1450 eis,
507 1386 712 1456 etjam
748 1402 860 1439 non
894 1402 1027 1441 sum
1060 1386 1117 1439 in
1151 1387 1392 1449 mundo,
1426 1390 1482 1441 et
1520 1387 1577 1441 hi
1610 1386 1669 1441 in
1702 1388 1921 1441 mundo

274 1477 435 1541 sunt,
472 1477 527 1528 et
548 1490 651 1545 ego
686 1475 756 1528 ad
781 1481 835 1528 te
866 1474 1053 1529 venio.
1089 1478 1259 1529 Pater
1288 1479 1793 1541 sancte,conserva
1824 1492 1921 1530 eos

272 1562 335 1617 in
368 1562 605 1617 nomine
634 1566 735 1616 tuo
760 1579 905 1633 quos
928 1562 1139 1617 dedisti
1165 1563 1405 1632 mihi,ut
1427 1563 1544 1618 sint
1562 1580 1741 1617 unum
1772 1562 1921 1617 sicut

273 1655 331 1707 et
360 1668 485 1706 nos.
522 1652 663 1706 Cum
693 1667 883 1706 essem
916 1666 1047 1706 cum
1080 1652 1163 1706 eis
1204 1668 1308 1723 ego
1359 1653 1662 1707 servabam
1713 1668 1810 1707 eos
1861 1652 1917 1705 in

276 1739 509 1795 nomine
534 1744 654 1807 tuo,
693 1762 720 1788 ››
752 1745 858 1795 etc.
897 1742 1030 1805 Qum
1064 1740 1121 1794 in
1156 1741 1358 1795 eadem
1400 1742 1661 1795 oratione
1691 1740 1917 1796 miscri-

2038 590 2405 661 ponit,altare
2429 592 2728 645 madidum
2752 590 2947 645 labore
2970 587 3354 643 humanitatis
3376 586 3552 642 linteo
3575 588 3674 641 ab-

2039 680 2243 751 stergit
2271 680 2578 733 Dominicae
2612 680 2977 734 imitationis.
3026 678 3241 733 Deinde
3287 676 3451 732 offert
3481 676 3678 730 incen-

2037 786 2191 823 sum.
2228 768 2332 822 Per
2360 768 2665 822 incensum
2697 770 2941 823 virtutes
2975 767 3305 821 orationum
3358 765 3677 837 signiﬁcari

2036 857 2201 911 testis
2234 862 2321 911 est
2350 856 2661 910 Psalmista
2693 857 2793 927 qui
2826 857 2923 911 ait:
2950 877 2976 904 «
3010 856 3304 926 Dirigatur
3321 854 3501 909 oratio
3525 871 3676 921 mea,

2037 946 2189 999 sicut
2215 946 2519 1001 incensum
2553 945 2611 999 in
2644 954 2957 1015 conspectu
2990 949 3109 998 tuo.
3147 967 3173 991 »
3208 945 3276 998 Et
3298 942 3676 1015 Apocalypsis

2033 1036 2277 1089 Joannis
2311 1036 2379 1088 de
2411 1034 2616 1105 angelo
2649 1035 2791 1087 dixit
2821 1034 2975 1104 quod
3008 1034 3142 1087 data
3165 1037 3305 1087 sunt
3336 1032 3418 1085 illi
3440 1033 3678 1087 incensa

2038 1123 2224 1178 multa
2254 1128 2317 1177 ut
2347 1124 2509 1177 daret
2531 1124 2601 1178 de
2633 1123 2997 1177 orationibus
3021 1126 3359 1177 sanctorum
3385 1137 3563 1192 super
3592 1121 3672 1175 al-

2033 1218 2154 1267 tare
2187 1213 2339 1284 quod
2368 1217 2455 1268 est
2482 1212 2540 1266 in
2572 1216 2887 1282 conspectu
2920 1210 3172 1265 Domini.
3223 1210 3362 1263 Jure
3413 1226 3547 1281 ergo
3579 1209 3676 1265 ille

2033 1300 2303 1355 sacerdos
2336 1317 2433 1371 per
2463 1301 2753 1354 orationes
2784 1303 2916 1353 vota
2946 1296 3223 1369 persolvit
3245 1296 3342 1367 qui
3363 1297 3677 1369 discipulo-

2031 1407 2159 1444 rum
2194 1390 2371 1443 vitam
2395 1406 2526 1443 cum
2551 1393 2710 1443 tanto
2730 1404 2925 1442 amore
2940 1387 3091 1457 quod
3110 1386 3380 1455 superius
3405 1386 3670 1457 praemis-

2029 1496 2161 1534 sum
2194 1482 2281 1533 est
2308 1478 2582 1533 custodit.
2618 1477 2719 1531 Ille
2751 1492 3003 1547 namque
3023 1479 3078 1530 et
3108 1492 3210 1546 pro
3244 1491 3304 1529 se
3336 1480 3393 1529 et
3425 1491 3525 1545 pro
3545 1475 3676 1531 aliis

2030 1568 2175 1622 bene
2207 1572 2261 1621 et
2293 1567 2643 1622 ﬁducialiter
2674 1570 2817 1629 orat,
2852 1582 3025 1635 quem
3061 1563 3130 1617 ab
3156 1563 3403 1617 utilitate
3430 1564 3673 1634 proximi

2030 1656 2225 1711 nullus
2257 1672 2422 1710 amor
2452 1656 2731 1729 privatus,
2757 1653 2984 1707 nullum
3019 1652 3200 1707 otium
3222 1668 3396 1723 segne
3427 1656 3673 1706 revocat.

2029 1745 2165 1799 Post
2194 1744 2538 1799 effusionem
2573 1760 2708 1814 ergo
2740 1759 2901 1812 aquae
2938 1742 3006 1795 ad
3044 1739 3235 1795 basim
3268 1740 3465 1793 altaris
3488 1744 3670 1793 exter—

275 1829 525 1884 corditer
553 1828 728 1883 veluti
746 1830 875 1883 fons
896 1829 1171 1884 bonitatis
1186 1847 1288 1901 pro
1311 1830 1616 1902 discipulis
1643 1847 1807 1885 orare
1831 1830 1918 1884 di-
1948 1868 1995 1933 B
2028 1834 2185 1905 gitur
2215 1831 2395 1888 altare
2426 1833 2495 1887 de
2523 1831 2724 1896 linteo,
2779 1836 2834 1884 et
2882 1830 3119 1883 offertur
3158 1828 3487 1891 incensum,
3539 1827 3678 1897 quia

274 1924 488 1989 gnatus
518 1922 626 1973 est.
661 1918 751 1973 Sic
782 1923 838 1972 et
867 1919 1105 1981 Paulus,
1138 1936 1271 1972 cum
1323 1920 1448 1988 jam
1484 1919 1823 1974 relicturum
1858 1936 1918 1973 se

273 2006 592 2077 discipulos
626 2015 823 2061 nosset
854 2011 912 2061 et
934 2008 1017 2061 eis
1049 2008 1203 2079 quod
1239 2007 1496 2078 amplius
1528 2024 1660 2062 eum
1686 2010 1812 2077 jam
1837 2008 1917 2061 vi-

274 2096 399 2150 suri
416 2112 527 2149 non
543 2095 1265 2166 essentindicasset,quasi
1300 2113 1511 2166 aquam
1536 2114 1659 2167 quae
1685 2096 1920 2150 residua

273 2187 397 2238 erat
427 2183 849 2253 puriﬁcationis
880 2183 950 2237 ad
984 2183 1170 2238 basim
1217 2184 1417 2239 altaris
1476 2185 1753 2255 perfudit,
1784 2202 1916 2239 cum

272 2270 519 2325 Domino
551 2270 820 2326 ﬁdelibus
851 2271 1029 2326 vitam
1062 2272 1120 2325 in
1155 2272 1398 2327 articulo
1430 2274 1557 2327 vitae
1618 2274 1918 2344 praesentis

272 2359 725 2426 commendavit,
783 2359 979 2415 dicens
1013 2377 1025 2414 :
1066 2384 1085 2409 α
1121 2361 1189 2415 Et
1221 2378 1375 2415 nunc
1419 2362 1760 2416 commendo
1816 2380 1918 2416 vos

271 2446 517 2501 Domino
544 2451 601 2501 et
630 2448 803 2503 verbo
833 2450 1031 2519 gratia:
1063 2451 1192 2520 ejus
1227 2450 1326 2520 qui
1386 2456 1592 2521 potens
1625 2456 1710 2506 est
1756 2451 1918 2505 vobis

272 2533 557 2589 aediﬁcare
586 2539 643 2589 et
672 2537 808 2591 dare
834 2537 1231 2593 brereditatem
1262 2538 1320 2592 in
1372 2538 1591 2593 sanctis
1622 2539 1916 2607 omnibus,

273 2623 426 2701 quod
461 2622 637 2677 etiam
671 2625 992 2696 antiphona
1021 2627 1151 2697 ipsa
1183 2627 1396 2681 innuit.
1450 2628 1603 2681 Dicit
1642 2628 1797 2681 enim
1827 2628 1920 2681 in-

270 2711 587 2766 troiturum
622 2728 681 2767 se
715 2713 787 2767 ad
822 2713 1002 2769 altare
1033 2714 1216 2780 Dei,id
1250 2720 1337 2770 est
1368 2716 1438 2769 ad
1472 2716 1652 2770 altare
1674 2717 1825 2786 quod
1850 2717 1920 2770 si-

273 2800 513 2872 gniﬁcat
543 2799 690 2855 illud
714 2802 964 2857 visibile.
1002 2802 1149 2857 Illud
1184 2803 1404 2858 scilicet
1435 2805 1587 2873 quod
1613 2804 1917 2874 spirituale

271 2892 360 2943 est
388 2888 460 2942 ad
488 2889 641 2960 quod
673 2889 990 2945 videndum
1015 2908 1128 2945 non
1162 2896 1429 2962 penetrat
1462 2894 1666 2947 oculus
1706 2909 1916 2948 carna-

268 2975 344 3031 lis
378 2978 529 3048 quod
559 2978 814 3033 Joannes
844 2978 902 3033 in
933 2980 1275 3051 Apocalypsi
1305 2980 1544 3045 vidit,de
1574 2998 1687 3052 quo
1714 2998 1915 3036 ascen-

268 3065 355 3119 dit
385 3065 584 3120 fumus
618 3072 945 3121 aromatum
961 3085 1085 3139 quae
1115 3074 1251 3123 sunt
1268 3070 1557 3124 orationes
1580 3075 1914 3124 sanctorum

268 3152 325 3208 in
361 3158 675 3225 conspectu
711 3154 957 3223 Domini,
991 3157 1265 3211 offerente
1323 3156 1547 3228 angelo.
1582 3161 1700 3212 Hoc
1758 3159 1914 3212 enim

2031 1939 2266 1976 necesse
2288 1926 2376 1976 est
2408 1919 2756 1975 utsacerdos
2772 1919 2867 1989 qui
2886 1917 3134 1971 salutem
3161 1916 3355 1987 populi
3383 1915 3491 1970 sibi
3521 1932 3676 1969 com-

2028 2011 2194 2064 missi
2229 2009 2471 2063 Domino
2499 2008 2889 2072 commendat,
2924 2010 2981 2059 et
3011 2022 3111 2076 per
3141 2004 3513 2058 afllictionem
3548 2020 3673 2057 cor-

2028 2099 2271 2171 poris,et
2294 2115 2393 2169 per
2425 2097 2807 2151 intentionem
2831 2094 2974 2149 illud
3007 2099 3141 2165 agat
3174 2094 3277 2163 piae
3310 2091 3677 2147 intercessio-

2029 2187 2310 2242 nis.Unde
2334 2186 2617 2240 Dominus
2650 2188 2960 2254 postquam
2999 2182 3146 2236 Patri
3180 2180 3496 2249 discipulos
3520 2194 3677 2232 com-

2030 2275 2486 2339 mendavit,mox
2519 2272 2854 2344 passionem
2888 2270 3191 2325 subiturus
3223 2284 3323 2339 pro
3356 2267 3437 2322 eis
3470 2267 3679 2321 oratio-

2032 2380 2161 2418 nem
2195 2364 2303 2434 piae
2337 2362 2771 2417 intercessionis
2804 2359 3025 2415 effudit.
3061 2359 3170 2413 Sed
3204 2363 3259 2411 et
3288 2357 3495 2411 beatus
3528 2357 3675 2410 Pau-

2029 2451 2122 2507 lus
2154 2470 2283 2506 cum
2310 2452 2483 2506 sociis
2515 2450 2993 2522 prmdicatoribus
3035 2448 3187 2501 idem
3222 2446 3436 2516 legitur
3464 2444 3671 2516 egisse.

2028 2541 2321 2612 Scriptum
2350 2544 2438 2595 est
2468 2540 2623 2594 enim
2655 2539 2714 2592 in
2746 2538 2892 2592 libro
2942 2540 3195 2591 Actuum
3228 2532 3625 2605 apostolorum
3662 2549 3674 2585 :

2033 2651 2059 2678 ‹‹
2092 2630 2159 2683 Et
2189 2646 2320 2683 cum
2355 2616 2802 2683 constituissent
2832 2626 2915 2680 eis
2947 2642 3049 2695 per
3088 2622 3355 2694 singulas
3414 2622 3677 2675 civitates

2028 2718 2394 2788 presbyteros
2427 2720 2483 2771 et
2512 2716 2809 2784 diaconos,
2836 2720 2891 2768 et
2922 2717 3187 2767 orassent
3218 2726 3350 2765 cum
3376 2709 3677 2778 jejunato—

2027 2806 2777 2875 ribus,commendaverunt
2807 2819 2904 2857 eos
2924 2801 3167 2856 Domino
3197 2799 3257 2853 in
3291 2814 3463 2870 quem
3489 2796 3671 2852 credi-

2026 2893 2256 2949 derunt.
2294 2917 2337 2941 )›Δ

2241 2980 2381 3047 Quid
2411 2982 2659 3050 szgrzetur
2691 2982 2743 3034 in
2768 2980 2925 3033 varia
2958 2977 3211 3031 unctione
3239 2974 3455 3028 altaris.

2096 3069 2319 3123 Interea
2348 3070 2501 3123 mitit
2534 3068 2786 3139 pontifex
2819 3066 3007 3121 oleum
3044 3081 3219 3135 super
3248 3062 3514 3127 altare,in
3548 3077 3671 3115 me-

2026 3157 2121 3211 dio
2153 3157 2355 3211 altaris
2386 3174 2618 3211 crucem
2642 3174 2710 3210 ex
2741 3172 2805 3209 eo
2838 3155 3054 3210 faciens
3085 3159 3141 3208 et
3192 3168 3369 3222 super
3421 3155 3674 3221 quatuor

263 3241 561 3314 signiﬁcat
592 3245 745 3315 quod
771 3245 1209 3315 subsequitur,«
1231 3246 1301 3299 ad
1339 3246 1521 3299 Deum
1538 3247 1637 3316 qui
1663 3245 1915 3300 laetiﬁcat
1946 3230 1987 3296 Ε
2026 3244 2272 3315 angulos
2302 3245 2597 3299 altaris.Et
2618 3244 2853 3314 quidem
2879 3243 3019 3296 satis
3044 3256 3295 3310 congrue
3318 3239 3457 3293 ordo
3478 3255 3673 3291 serva-

249 3332 625 3403 juventutem
660 3349 905 3386 meam.»
943 3332 1230 3388 Juventus
1253 3333 1408 3387 enim
1443 3333 1557 3388 ista
1588 3335 1914 3405 est,quiain

258 3420 570 3492 procinctu
610 3421 765 3491 quod
798 3426 1001 3475 contra
1030 3421 1326 3476 diabolum
1362 3427 1700 3491 susceptum
1716 3422 1917 3489 est,for

258 3512 383 3563 tem
418 3525 479 3564 se
512 3509 705 3564 reddit
732 3509 977 3564 audiens
1004 3526 1037 3564 a
1068 3510 1293 3565 Joanne
1328 3526 1339 3563 :
1374 3509 1614 3564 «Scribo
1635 3510 1915 3579 vobis,ju-

264 3613 470 3663 venes,
504 3597 783 3668 quoniam
814 3598 989 3654 fortes
1024 3599 1249 3666 estis,et
1278 3598 1500 3652 vicistis
1533 3597 1917 3669 malignum.»

410 3686 548 3752 Quid
578 3687 847 3755 signiﬁcet
874 3688 1017 3757 quod
1048 3688 1224 3741 altare
1255 3688 1418 3741 linteo
1448 3689 1769 3757 ea'tergz'tur.

337 3774 543 3829 Postea
573 3790 706 3829 vero
738 3775 1056 3845 extergitur
1084 3775 1264 3830 altare
1295 3776 1364 3829 de
1420 3775 1619 3831 linteo.
1650 3775 1794 3838 Quid
1826 3774 1914 3828 in-

261 3861 553 3934 telligitur
573 3878 676 3933 per
696 3862 941 3917 linteum
957 3862 1071 3917 nisi
1090 3862 1403 3918 Dominicze
1419 3864 1913 3934 passionisexem-

262 3949 433 4021 plum
462 3951 489 4004 ‘I
520 3952 730 4006 Linum
763 3968 1020 4022 namque
1047 3952 1115 4005 de
1137 3956 1292 4007 terra
1313 3953 1499 4007 oritur
1528 3958 1583 4007 et
1606 3969 1815 4024 magno
1841 3952 1917 4007 la-

262 4041 405 4093 bore
439 4039 507 4093 ad
541 4040 852 4094 candorem
885 4041 1345 4111 perducitur.Sic
1369 4044 1423 4095 et
1446 4058 1575 4095 caro
1598 4041 1914 4095 Salvatoris

263 4126 451 4182 nostri
486 4128 555 4182 de
588 4132 743 4183 terra
772 4132 901 4183 orta
929 4133 1037 4197 est,
1073 4133 1274 4199 utpote
1301 4129 1369 4182 de
1393 4128 1561 4182 beata
1592 4129 1773 4183 Maria
1793 4128 1916 4182 Vir—

260 4216 420 4289 gine,
450 4217 549 4270 sed
585 4217 759 4271 variis
783 4216 1265 4271 tribulationibus
1283 4216 1531 4272 exercita
1553 4216 1809 4287 pervenit
1842 4218 1913 4271 ad

261 4306 578 4360 candorem
612 4304 979 4377 gloriamque
1010 4304 1812 4376 resurrectionis.Extergitur
1832 4323 1916 4360 er-

260 4410 336 4466 go
369 4392 549 4448 altare
580 4394 650 4449 de
682 4393 1023 4462 linteo,cum
1057 4395 1464 4449 tribulationes
1488 4399 1699 4449 sanctae
1722 4394 1913 4449 Eccle-

260 4485 364 4537 sia:
396 4482 549 4536 inter
580 4499 885 4554 pressurae
918 4483 1248 4538 mundiales
1278 4483 1567 4537 liniuntur
1597 4482 1914 4537 Salvatoris

2024 3336 2122 3385 tur
2150 3338 2215 3385 ut
2246 3337 2375 3403 post
2405 3333 2881 3385 emundationem
2917 3347 3019 3400 per
3078 3344 3291 3398 aquam
3350 3331 3407 3379 et
3451 3324 3673 3394 reliqua

2025 3437 2151 3490 quas
2183 3421 2339 3474 dicta
2369 3425 2507 3473 sunt
2537 3419 2922 3490 perfundatur
2948 3413 3430 3484 altareoleo,quia
3455 3417 3510 3466 et
3538 3429 3672 3467 san-

2026 3514 2115 3564 cta
2142 3508 2399 3563 Ecclesia
2431 3508 2593 3578 prius
2628 3523 2781 3577 aqua
2831 3505 3156 3559 mundatur
3194 3502 3253 3556 in
3306 3503 3460 3556 fonte
3482 3500 3675 3571 bapti-

2025 3598 2233 3652 smatis
2265 3602 2321 3652 ct
2352 3598 2435 3651 sic
2454 3596 2725 3651 unctione
2749 3595 3069 3665 insignitur
3090 3610 3191 3663 per
3214 3608 3423 3645 manus
3438 3590 3672 3661 pontiﬁ-

2025 3686 2108 3740 cis
2141 3692 2205 3740 ut
2237 3686 2490 3757 Spiritus
2516 3684 2727 3739 'sancti
2778 3685 2836 3738 in
2888 3700 2948 3737 sc
3001 3684 3293 3736 mercatur
3335 3680 3671 3744 adventum,

2025 3794 2159 3829 nam
2192 3776 2383 3830 oleum
2426 3776 2672 3847 gratiam
2701 3773 2993 3845 signiﬁcat
3050 3769 3304 3841 Spiritus
3354 3765 3562 3833 sancti,
3594 3770 3669 3832 et,

2024 3865 2164 3919 dum
2198 3865 2389 3919 oleum
2425 3864 2765 3935 corporibus
2779 3862 3092 3917 adhibetur
3109 3855 3671 3920 exterius,adventus

2024 3954 2275 4023 Spiritus
2310 3954 2492 4008 sancti
2536 3952 2902 4023 signiﬁcatur
2932 3948 3200 4003 interius.
3236 3946 3398 4001 Unde
3432 3961 3533 4016 per
3553 3943 3673 3998 Isa-

2025 4042 2139 4095 iam
2177 4042 2533 4112 promissum
2566 4045 2725 4096 estzu
2748 4042 2817 4094 Et
2838 4036 3494 4109 computrescetjugum
3518 4050 3551 4087 a
3582 4033 3665 4086 fa-

2024 4131 2108 4183 cie
2141 4130 2309 4185 olei.»
2341 4132 2559 4199 Jugum
2582 4130 2737 4184 enim
2763 4129 3091 4183 daemonicae
3117 4123 3533 4181 dominationis
3557 4140 3663 4193 pu-

2025 4219 2171 4273 truit
2208 4220 2263 4271 in
2281 4236 2488 4290 genere
2512 4218 2769 4273 humano
2794 4236 2896 4290 per
2917 4219 3227 4272 adventum
3262 4214 3508 4284 Spiritus
3535 4228 3669 4264 san-

2026 4308 2241 4363 cti.Sed
2265 4310 2643 4378 qurercndum
2668 4326 2771 4363 cur
2796 4308 2855 4362 in
2876 4306 3066 4362 medio
3090 4304 3289 4359 altaris
3316 4318 3455 4356 crux
3489 4300 3589 4352 ﬁat
3604 4314 3670 4351 ex

2025 4397 2170 4463 olco,
2206 4402 2265 4452 et
2296 4398 2375 4451 sic
2407 4415 2507 4469 per
2537 4403 2790 4469 quatuor
2820 4395 3068 4466 angulos
3103 4394 3251 4462 ejus.
3274 4391 3355 4443 Ad
3389 4388 3542 4459 quod
3576 4402 3667 4439 re-

2024 4486 2431 4557 spondendum
2466 4488 2603 4556 quia
2633 4485 2897 4540 Ecclesiae
2916 4484 3296 4537 fundamenta
3310 4481 3482 4546 atque
3503 4473 3671 4528 initia

262 4570 550 4642 exemplo.
584 4570 747 4625 Unde
768 4575 825 4625 et
854 4571 979 4643 ipse
1025 4572 1329 4643 discipulis
1374 4572 1515 4626 dicit
1546 4589 1558 4626 :
1595 4596 1621 4620 ‹‹
1656 4572 1779 4626 Non
1826 4576 1914 4626 est
1947 4595 1993 4658 D
2026 4575 2081 4628 in
2113 4574 2436 4629 Jerusalem
2468 4575 2655 4646 primo
2708 4574 3106 4634 surrexerunt,
3140 4583 3317 4637 quam
3368 4565 3426 4618 in
3478 4561 3669 4658 medio

263 4656 594 4730 discipulus
629 4676 811 4731 supra
859 4661 1233 4731 magistrum.
1269 4684 1298 4710 »
1332 4662 1592 4731 Itemque
1626 4678 1637 4714 :
1674 4684 1701 4709 «
1733 4660 1788 4713 Si
1825 4676 1916 4715 me

262 4748 557 4819 persecuti
588 4753 729 4803 sunt
777 4753 832 4803 et
874 4765 975 4803 vos
1032 4755 1475 4821 persequentur.
1520 4771 1547 4797 »
1578 4754 1696 4805 Hoc
1736 4749 1914 4804 linteo

260 4838 473 4892 beatus
506 4837 709 4893 Petrus
726 4837 1151 4909 discipulorum
1168 4840 1409 4894 sudores
1432 4843 1726 4910 extergere
1749 4856 1915 4892 cura-

258 4926 367 4981 bat
397 4942 528 4981 cum
562 4925 966 4981 laborantibus
1000 4927 1303 4998 discipulis
1326 4927 1656 4999 exemplum
1694 4926 1917 4981 Domini

263 5016 878 5087 prmrogabat,dicens:
907 5039 933 5065 «
970 5016 1196 5072 Christo
1229 5018 1406 5089 igitur
1437 5033 1610 5089 passo
1644 5016 1699 5069 in
1723 5032 1917 5085 carne,

264 5104 366 5175 [aL
402 5105 596 5177 cruce]
628 5109 684 5159 et
711 5122 813 5159 vos
847 5105 1051 5159 eadem
1088 5106 1440 5176 cogitatione
1489 5105 1801 5160 armamini
1837 5125 1864 5152 ››
1900 5120 1913 5158 :

268 5192 551 5265 Itemque:
590 5215 617 5245 ‹‹
650 5193 917 5249 Christus
953 5211 1161 5264 passus
1192 5200 1281 5249 est
1308 5214 1410 5267 pro
1445 5196 1802 5263 nobis,vobis
1830 5210 1916 5249 re-

267 5280 548 5353 linquens
580 5282 911 5353 exemplum
946 5286 1007 5335 ut
1030 5285 1357 5353 sequamini
1390 5284 1631 5356 vestigia
1661 5285 1919 5353 ejus.»Et

268 5370 492 5427 Paulus
527 5389 540 5427 :
575 5395 602 5421 ‹‹
637 5372 695 5425 Si
723 5370 1114 5442 compatimur
1144 5376 1198 5425 et
1228 5373 1767 5443 conregnabimus.»
1810 5372 1916 5426 Ite-

270 5475 585 5528 rumquezu
617 5458 745 5514 Non
779 5464 918 5511 sunt
938 5458 1235 5529 condignae
1252 5460 1555 5530 passiones
1568 5460 1747 5528 hujus
1771 5463 1915 5514 tem-

270 5546 435 5619 poris
468 5546 538 5600 ad
572 5546 828 5600 futuram
860 5544 1102 5618 gloriam
1119 5565 1244 5618 quae
1269 5549 1685 5603 revclabiturin
1713 5548 1915 5603 nobis»

270 5634 427 5691 Dum
460 5651 596 5709 ergo
627 5635 826 5691 doctor
857 5634 995 5691 talia
1020 5640 1078 5692 et
1106 5637 1445 5708 hujusmodi
1504 5637 1772 5694 Ecclesiae
1805 5638 1915 5694 sibi

2027 4664 2232 4718 mundi
2267 4664 2487 4717 scimus
2519 4663 2793 4734 positam,
2824 4666 2967 4714 teste
3019 4652 3442 4723 Ezechiele,qui
3481 4649 3620 4705 dicit
3655 4667 3667 4704 :

2027 4776 2054 4803 ‹‹
2090 4754 2207 4808 Ista
2238 4758 2325 4807 est
2353 4750 2767 4815 Jerusalem,in
2801 4748 2991 4803 medio
3023 4745 3285 4818 gentium
3318 4742 3483 4815 posui
3516 4756 3667 4805 eam,

2027 4846 2082 4896 et
2112 4842 2168 4895 in
2203 4842 2448 4897 circuitu
2497 4843 2624 4911 ejus
2674 4844 2880 4893 terras.
2937 4860 2961 4886 ››
3006 4838 3075 4890 Et
3126 4836 3263 4889 item
3318 4830 3669 4887 Psalmista:

2027 4953 2054 4979 «
2103 4932 2250 4985 Deus
2284 4935 2478 4985 autem
2514 4947 2609 4983 rex
2643 4934 2840 4983 noster
2871 4932 3003 4981 ante
3040 4923 3253 4978 smcula
3283 4924 3555 4993 cperatus
3585 4919 3677 4969 est

2028 5018 2275 5073 salutem
2309 5020 2368 5073 in
2403 5019 2594 5073 medio
2626 5023 2812 5072 terrae.
2848 5039 2874 5065 ››
2902 5021 2963 5069 In
2997 5014 3256 5068 medium
3301 5026 3436 5079 ergo
3470 5003 3668 5061 altaris
3738 5035 3755 5049 ο

2027 5108 2218 5161 oleum
2254 5107 2597 5161 funditurin
2632 5107 2869 5159 motum
2895 5099 3264 5167 crucis,etsic
3294 5113 3396 5168 per
3422 5098 3674 5166 quatuor

2027 5196 2273 5267 angulos
2296 5196 2589 5267 ejus,quia
2618 5195 2870 5266 primum
2910 5194 2963 5245 in
2997 5188 3321 5245 Jerusalem
3356 5184 3555 5257 posita
3578 5199 3675 5236 su-

2028 5285 2289 5357 pervenit
2316 5285 2577 5339 Ecclesia)
2629 5284 2843 5337 donum
2892 5280 3142 5351 Spiritus
3184 5273 3390 5337 sancti,
3422 5277 3479 5327 et
3498 5271 3581 5325 sic
3612 5270 3669 5324 in

2030 5379 2266 5429 cmteras
2298 5373 2503 5431 mundi
2540 5377 2733 5443 partes
2778 5370 3035 5423 dei-iVuta
3085 5372 3193 5421 est.
3246 5363 3541 5433 Scriptum
3587 5363 3676 5413 est

2026 5463 2180 5517 enim
2224 5480 2235 5515 :
2269 5484 2295 5511 ι(
2330 5463 2410 5516 De
2442 5461 2577 5515 Sion
2607 5459 2785 5513 exibit
2820 5458 2929 5523 lex,
2958 5462 3009 5512 ct
3040 5455 3282 5510 verbum
3344 5448 3569 5505 Domini
3600 5448 3671 5501 de

2025 5551 2409 5607 Jerusalem.»
2440 5550 2583 5603 liinc
2610 5548 2867 5602 Salvator
2891 5545 3198 5617 discipulis
3221 5557 3351 5597 cum
3367 5536 3667 5612 praecepis-

2028 5644 2153 5697 set:
2188 5664 2213 5691 ‹‹
2251 5642 2349 5708 Ite,
2384 5640 2584 5695 docete
2604 5652 2805 5693 omnes
2837 5640 3061 5708 gentes,
3084 5632 3447 5705 baptizantes
3478 5643 3576 5683 eos
3605 5625 3667 5681 in
