4018 6200
210 339 321 404 861

1341 341 1443 403 DE
1487 338 2015 402 DEDICATIONE
2060 340 2478 408 ECGLESLE.

3494 346 3612 409 862

209 492 346 531 vero
376 475 591 531 iterum
622 490 851 530 crucem
875 474 1096 531 incensi
1118 492 1294 547 super
1312 475 1491 531 altare
1515 473 1649 530 facit
1670 472 1852 544 ponti-
1882 472 1937 537 Α
1968 474 2163 529 omnia
2212 477 2553 535 linteamina
2599 477 2851 535 ecclesiae
2900 476 3155 549 pontiﬁci
3213 477 3611 535 benedicenda

210 564 547 630 fex,indicat
562 564 1036 635 quia,antequam
1056 566 1305 636 gratiam
1324 563 1854 628 mereamur,etiam

213 654 499 709 instantia
531 654 857 707 orationum
904 671 937 709 a
981 653 1093 708 Deo
1126 670 1363 724 poscere
1413 654 1710 707 debemus.
1743 652 1854 706 Sed

214 759 400 814 neque
424 748 554 813 post
577 748 872 813 acceptam
897 744 1212 797 bonitatem
1238 742 1467 797 remissi
1489 750 1541 797 et
1562 741 1857 811 negligen-

210 834 297 885 tes
326 847 453 885 esse
486 831 934 901 debemus,quin
959 833 1153 902 potius
1176 836 1367 903 grates
1398 831 1480 885 illi
1518 832 1854 884 innumeras

210 936 313 990 pro
345 919 641 974 beneflciis
674 920 902 975 collatis
925 920 1217 975 exsolvere
1244 920 1508 975 convenit
1539 936 1607 973 ne
1641 918 1853 988 ingrati

212 1024 453 1062 munere
484 1014 757 1080 suscepto
790 1010 1105 1063 reddamur
1152 1009 1504 1079 accipiendo,
1560 1006 1854 1077 simulque

210 1096 510 1166 privemur
534 1103 786 1167 accepto,
813 1098 964 1152 sicut
992 1096 1089 1153 ille
1121 1097 1422 1169 negligens
1454 1103 1509 1151 et
1547 1097 1852 1150 indevotus

210 1200 413 1240 servus
444 1185 541 1255 qui
577 1191 812 1257 accepto
844 1186 1071 1240 Domini
1106 1187 1459 1251 talento,non
1496 1185 1664 1239 modo
1699 1184 1852 1238 inde.

206 1278 378 1328 vetus
406 1276 699 1345 apparuit,
733 1276 833 1329 sed
864 1275 1039 1329 etiam
1089 1276 1160 1329 ad
1216 1274 1572 1329 calumniam
1606 1272 1850 1328 Domino

202 1362 570 1417 inferendam
597 1380 807 1434 procax
826 1368 883 1418 et
907 1363 1221 1419 malevolus
1234 1363 1639 1426 exstitit.0uod
1664 1362 1851 1416 vitans

202 1451 485 1523 pontifex,
511 1457 821 1524 postquam
855 1452 1032 1508 altare
1064 1453 1295 1508 Domini
1327 1452 1853 1523 spirituaii[al.spe-

202 1540 361 1611 ciali]
393 1540 707 1596 chrismate
738 1540 885 1608 linit,
920 1542 989 1596 ad
1042 1542 1360 1597 orationem
1411 1541 1850 1613 gratiarumque

200 1628 489 1684 actionem
523 1646 650 1686 sese
682 1630 923 1686 devotus
954 1631 1267 1699 submittit,
1301 1630 1492 1686 sciens
1523 1630 1805 1701 scriptum
1833 1647 1844 1684 :

203 1738 233 1765 «
265 1717 350 1771 Ad
382 1716 574 1772 locum
606 1719 760 1775 unde
788 1724 999 1774 exeunt
1051 1720 1296 1774 ﬁumina
1344 1723 1735 1786 revertuntur,
1786 1722 1850 1771 ut

200 1804 417 1860 iterum
445 1806 647 1862 ﬂuant.
684 1830 711 1856 »
743 1808 940 1879 Neque
969 1810 1124 1863 enim
1159 1810 1337 1863 fluere
1368 1808 1703 1876 valent,imo
1736 1807 1845 1864 sic-
1880 1844 1927 1909 B

198 1898 412 1949 cantur
425 1895 621 1950 omnia
636 1896 880 1951 ﬁumina
894 1897 1005 1951 nisi
1023 1898 1092 1951 ad
1111 1898 1413 1951 matricem
1434 1898 1670 1951 redeant
1686 1897 1851 1967 abys-

202 2000 365 2053 sum,
400 1985 557 2055 quia,
592 1986 704 2039 nisi
750 1990 1113 2056 perceptores
1170 1986 1498 2041 divinorum
1540 2002 1853 2039 munerum

202 2088 338 2127 sese
368 2072 670 2127 humiliter
699 2074 827 2141 ejus
858 2074 1124 2144 potentia:
1176 2074 1426 2129 subdere
1461 2074 1791 2129 studuerint
1822 2091 1855 2128 a

197 2178 323 2231 quo
357 2166 419 2215 ut
446 2162 627 2216 ﬂuant
658 2167 1023 2233 acceperunt,
1057 2180 1257 2218 eorum
1280 2162 1421 2218 velle
1452 2168 1508 2217 et
1540 2179 1708 2234 posse
1739 2162 1852 2216 ari-

196 2249 391 2304 ditate
415 2256 693 2321 perpetua
707 2253 1239 2309 marcescent.Nam
1259 2253 1611 2324 quibusdam
1636 2251 1851 2306 talibus

193 2339 523 2408 Apostolus
549 2340 903 2409 exprobrans
934 2341 1014 2395 ait
1046 2359 1098 2395 ;‹«
1128 2341 1274 2404 Quid
1306 2341 1459 2395 enim
1493 2341 1675 2396 habes
1698 2341 1851 2412 quod

196 2443 321 2481 non
344 2428 648 2498 accepisti?
660 2429 719 2483 Si
741 2433 936 2483 autem
961 2430 1403 2501 accepisti,quid
1426 2429 1694 2501 gloriaris
1714 2447 1852 2500 qua-

196 2514 257 2571 si
285 2531 399 2568 non
432 2516 800 2586 acceperis?»
831 2519 940 2572 Sed
972 2523 1028 2573 et
1060 2519 1318 2573 Pontifex
1347 2519 1709 2589 pontiﬁcum,
1736 2518 1851 2573 Do-

197 2602 406 2658 minus
439 2604 703 2660 Salvator
751 2611 969 2673 noster,
1023 2608 1123 2678 qui
1174 2609 1333 2662 sedet
1380 2608 1438 2661 in
1486 2609 1718 2662 dextera
1749 2625 1849 2678 pa-

196 2698 387 2747 ternae
420 2694 1014 2764 majestatis,crucem
1048 2696 1266 2750 incensi
1300 2712 1478 2766 super
1508 2695 1690 2750 altare
1712 2700 1853 2750 tunc

198 2782 394 2853 ponit,
429 2798 561 2836 cum
595 2800 697 2852 pro
726 2784 1075 2850 nobis,sicut
1104 2784 1421 2855 Apostolus
1452 2784 1849 2848 dicit,Patrem

197 2871 534 2925 intervenit.
568 2872 811 2925 Crucem
840 2858 995 2925 enim
1028 2873 1247 2927 incensi
1282 2874 1466 2927 facere
1507 2876 1595 2926 est
1624 2872 1850 2942 passio-

198 2976 344 3014 nem
366 2976 534 3015 suam
560 2961 711 3014 Patri
735 2962 1036 3016 ostendere
1060 2979 1123 3015 ac
1146 2979 1245 3031 pro
1270 2961 1435 3016 nobis
1459 2961 1847 3031 interpellare.

198 3048 360 3103 Dicit
390 3050 544 3104 enim
577 3049 789 3105 Paulus
821 3050 1121 3121 apostolus
1157 3067 1167 3104 :
1204 3050 1516 3105 «Christus
1544 3052 1717 3105 Jesus
1748 3052 1847 3121 qui

196 3142 478 3193 mortuus
507 3143 614 3204 est,
650 3140 748 3209 qui
780 3144 835 3193 et
864 3140 1198 3206 resurrexit,
1252 3139 1349 3209 qui
1395 3144 1451 3193 et
1498 3140 1758 3193 ascendit
1788 3140 1846 3193 in

1967 564 2389 629 oﬂ‘erunt.Quid
2415 586 2515 638 per
2536 570 2642 625 hos
2661 569 2963 624 ministros
2987 568 3095 623 nisi
3116 566 3176 622 hi
3199 565 3607 638 intelliguntur

1966 652 2065 723 qui
2102 653 2364 709 Ecclesia)
2393 658 2624 712 servitio
2672 658 2756 713 vel
2806 657 3033 712 ornatui
3068 656 3428 727 delegantur,
3456 673 3603 726 quos

1966 758 2199 797 necesse
2230 750 2320 799 est
2349 746 2419 798 ad
2453 747 2717 801 decorem
2750 746 3019 801 Ecclesiae
3046 745 3229 799 multa
3261 745 3520 801 conferre
3552 749 3608 800 et

1962 832 2119 885 varia
2152 833 2393 903 prepria:
2429 833 2797 904 possibilitati
2830 834 3246 907 congruentia?
3276 835 3425 889 sicut
3448 835 3604 889 enim

1966 920 2025 972 in
2060 921 2271 991 populo
2305 922 2641 991 Israelitico,
2675 941 2805 978 cum
2834 923 3278 979 tabernaculum
3304 924 3478 994 jussu
3504 924 3603 979 Dei

1964 1015 2419 1076 construeretur,
2452 1012 2613 1065 varia
2644 1012 2829 1067 oblata
2882 1017 3020 1067 sunt
3050 1013 3308 1079 donaria,
3345 1012 3427 1067 sic
3459 1016 3514 1066 et
3545 1012 3601 1065 in

1964 1103 2174 1152 sanctae
2199 1100 2460 1154 Ecclesiae
2476 1101 2679 1155 decore
2694 1102 3307 1157 diversaconferuntur
3330 1102 3482 1156 dona
3504 1118 3605 1173 per

1966 1187 2270 1242 ministros
2297 1189 2423 1259 ejus
2455 1188 2698 1243 Domino
2730 1190 3170 1245 offerenda.Alii
3205 1207 3457 1261 namque
3488 1190 3599 1244 lin-

1961 1277 2217 1330 teamina
2247 1278 2765 1348 offerunt,corpora
2795 1278 3017 1333 scilicet
3047 1278 3290 1333 diversis
3320 1278 3601 1333 virtutum

1961 1365 2249 1419 exercitiis
2308 1367 2377 1421 ad
2428 1366 2739 1421 candorem
2787 1368 3075 1421 castitatis
3127 1368 3438 1438 perducta:
3502 1367 3601 1422 alii

1961 1453 2138 1507 rubra
2167 1453 2592 1523 indumenta,id
2626 1455 2915 1522 est,corda
2947 1455 3017 1509 ad
3060 1455 3403 1525 martyrium
3457 1472 3600 1526 prae-

1959 1547 2188 1613 parata;
2225 1543 2320 1597 alii
2363 1543 2697 1612 byacintina
2727 1544 2825 1614 qui
2857 1544 3046 1599 dicere
3076 1548 3291 1598 norunt
3324 1561 3371 1598 :x
3392 1544 3602 1600 Nostra

1959 1636 2152 1685 autem
2176 1633 2535 1687 conversatio
2557 1633 2615 1687 in
2643 1632 2803 1687 emlis
2824 1632 3084 1687 est.»Alii
3108 1632 3374 1687 coccinea
3398 1633 3603 1688 ardore

1959 1719 2263 1774 charitatis
2309 1720 2643 1792 flagrantia;
2700 1720 2796 1775 alii
2848 1721 3141 1777 scutulata
3190 1722 3401 1776 fcedere
3444 1721 3602 1792 pacis

1959 1807 2426 1879 inseparabiliter
2446 1810 2629 1875 unita;
2647 1810 2741 1864 alii
2762 1814 2953 1865 autem
2976 1828 3113 1865 vasa
3131 1826 3303 1865 aurea
3326 1815 3379 1864 et
3401 1826 3604 1881 argen-

1964 1901 2055 1951 tea
2069 1914 2279 1952 sensus
2302 1903 2357 1953 et
2382 1898 2595 1969 eloquii
2618 1903 2917 1953 venustate
2941 1899 3383 1969 fulgentia.Quce
3406 1898 3606 1953 omnia

1962 1987 2339 2041 considerans
2374 1987 2687 2042 Psalmista
2712 1988 2784 2041 ab
2807 1987 3065 2042 Ecclesia
3084 2004 3216 2042 vero
3248 1988 3384 2059 Regi
3408 1988 3602 2042 debito

1962 2091 2096 2128 cum
2128 2075 2345 2130 honore
2378 2076 2575 2131 referri
2615 2077 2897 2131 acclamat
2944 2077 3016 2143 ei,
3067 2078 3266 2131 dicens
3299 2092 3310 2129 :
3348 2098 3374 2123 ι(
3409 2075 3605 2130 Astitit

1961 2164 2161 2234 regina
2192 2181 2225 2219 a
2256 2165 2471 2219 dextris
2492 2164 2609 2219 tuis
2630 2165 2689 2218 in
2711 2165 2921 2220 vestitu
2947 2167 3224 2219 deaurato
3246 2163 3605 2218 circumdata

1961 2251 2286 2307 varietate.»
2314 2254 2458 2308 Hinc
2480 2258 2569 2308 est
2594 2254 2748 2324 quod
2781 2254 2936 2307 idem
2969 2254 3092 2324 ipse
3122 2252 3411 2323 Propheta
3440 2255 3605 2305 tanta

1961 2340 2325 2396 ordinatione
2368 2342 2571 2396 videns
2618 2342 2898 2396 honorem
2931 2346 3043 2397 Deo
3075 2340 3332 2395 exhiberi
3372 2340 3603 2407 debere,

1961 2426 2227 2482 hortatur
2257 2429 2495 2500 angelos
2526 2430 2643 2484 sive
2673 2430 2964 2501 apostolos
2997 2430 3195 2485 dicens
3230 2445 3242 2484 :
3278 2451 3304 2478 «
3344 2430 3602 2499 Congre-

1960 2522 2090 2587 gate
2112 2517 2192 2570 illi
2215 2523 2447 2573 sanctos
2470 2519 2597 2588 ejus
2620 2520 2720 2590 qui
2744 2519 3159 2573 ordinaverunt
3180 2521 3600 2572 testamentum

1965 2607 2093 2676 ejus
2127 2624 2302 2677 super
2331 2607 2671 2661 sacriﬁcia.»
2704 2609 2813 2662 Sed
2846 2611 2902 2662 et
2932 2608 3055 2678 ipse
3088 2606 3369 2660 Dominus
3390 2604 3601 2675 gratis-

1962 2694 2107 2748 sime
2170 2695 2628 2749 benedictionem
2680 2695 2896 2750 talibus
2960 2694 3244 2765 impertiri
3304 2693 3601 2763 dignatur,

1961 2783 2189 2837 dicente
2236 2783 2437 2837 eodem
2494 2782 2808 2838 Psalmista
2858 2801 2871 2838 :
2924 2807 2948 2832 ‹‹
2995 2782 3289 2838 Benedixit
3317 2781 3601 2837 Dominus

1960 2871 2231 2926 timentes
2260 2889 2321 2926 se
2354 2871 2601 2943 pusillos
2633 2890 2765 2927 cum
2798 2872 3143 2943 majoribus.
3180 2894 3207 2920 »

1961 2979 2099 3046 Quid
2137 2980 2334 3033 innuat
2357 2981 2647 3035 translatio
2668 2981 3031 3048 reliquiarum
3060 2984 3114 3033 el
3141 2978 3380 3034 conditio
3406 2993 3597 3033 earum

2635 3055 2694 3105 in
2725 3053 2914 3106 altari.

2033 3139 2130 3192 His
2162 3138 2267 3193 rite
2299 3140 2566 3210 peractis,
2600 3140 2758 3194 vadit
2790 3140 3045 3211 pontifex
3066 3140 3136 3193 ad
3160 3155 3294 3193 eum
3326 3138 3519 3192 locum
3542 3137 3601 3191 in

195 3230 381 3281 omlos
412 3230 469 3280 et
500 3227 571 3281 ad
602 3207 897 3282 dexteram
928 3227 1114 3281 Patris
1145 3207 1440 3297 sedet,qui
1471 3227 1642 3281 etiam
1673 3227 1848 3281 inter-
1881 3207 1922 3273 C
1962 3244 2077 3298 quo
2094 3207 2349 3297 reliquiae
2376 3207 2662 3297 praeterita
2683 3207 2848 3283 nocte
2892 3245 3027 3282 cum
3052 3228 3263 3296 vigiliis
3288 3227 3601 3280 fueruntet

198 3314 388 3387 pellat
420 3331 520 3386 pro
552 3315 743 3370 nobis.
777 3338 803 3363 »
838 3316 972 3369 Post
1010 3315 1331 3369 orationem
1364 3315 1567 3385 incipit
1598 3315 1853 3385 pontifex

196 3403 586 3474 antiphonam
623 3422 685 3458 ;‹‹
721 3404 1013 3458 Conﬁrma
1040 3404 1169 3469 hoc,
1204 3403 1547 3473 Deus,quod
1581 3408 1852 3473 operatus

196 3510 262 3548 es
295 3493 356 3546 in
385 3493 572 3559 nobis,
608 3510 641 3547 a
670 3492 886 3563 templo
910 3496 1109 3547 sancto
1142 3496 1240 3546 tuo
1290 3492 1444 3563 quod
1476 3496 1565 3546 est
1594 3492 1651 3545 in
1681 3492 1848 3546 Jeru-

197 3581 388 3637 salem
424 3598 435 3636 :
468 3604 494 3631 »
530 3599 663 3636 cum
694 3605 714 3630 α
748 3582 943 3636 Gloria
974 3581 1502 3652 Patri.»Postquam
1527 3579 1679 3635 enim
1705 3597 1849 3651 pene

198 3673 508 3741 peractum
538 3674 627 3725 est
644 3670 1035 3725 ministerium
1053 3669 1392 3725 salvationis
1413 3670 1701 3733 humanae,
1728 3686 1827 3740 pre

198 3764 390 3825 catur,
424 3758 512 3814 vel
545 3763 605 3814 ut
638 3760 762 3830 ipse
783 3759 1067 3814 Dominus
1100 3760 1327 3813 Patrem
1356 3763 1689 3823 exorans,ut
1712 3775 1847 3813 con-

196 3849 400 3903 ﬁrmet
432 3848 585 3919 quod
618 3853 889 3920 operatus
921 3854 1028 3913 est,
1065 3853 1127 3903 ut
1160 3848 1209 3903 ei
1240 3849 1430 3904 omnis
1462 3854 1614 3903 terra
1660 3847 1847 3918 subji-

195 3938 397 3992 ciatur
428 3941 663 4008 propter
692 3938 862 4008 cujus
896 3938 1354 4008 redemptionem
1388 3938 1511 4008 ipse
1543 3936 1687 3991 mori
1733 3954 1846 3991 non

194 4025 515 4091 dubitavit,
540 4026 691 4081 sicut
716 4027 767 4081 ei
791 4031 923 4081 ante
946 4026 1404 4081 incarnationem
1453 4026 1800 4097 promiserat
1834 4044 1845 4081 :

199 4136 232 4165 ‹‹
264 4113 506 4169 Postula
536 4132 569 4168 a
599 4130 715 4182 me,
747 4119 804 4169 et
834 4114 982 4168 dabo
1036 4113 1140 4167 tibi
1198 4120 1400 4185 gentes
1453 4113 1848 4167 haereditatem

194 4207 399 4258 tuam:
436 4224 463 4253 ››
496 4206 555 4257 et
586 4201 840 4273 reliqua;
874 4201 962 4256 vel
996 4202 1194 4257 omnia
1224 4202 1481 4272 pontifex
1532 4201 1651 4255 vice
1691 4201 1849 4255 illius

194 4292 457 4363 fungens
489 4292 755 4347 obsecrat
781 4296 845 4346 ut
864 4292 1017 4362 quod
1042 4290 1201 4345 illius
1223 4291 1373 4345 dono
1404 4295 1702 4344 exercetur
1722 4290 1851 4361 ejus

194 4394 448 4434 munere
475 4396 661 4451 usque
693 4380 754 4435 in
787 4381 961 4435 ﬁnem
1003 4380 1373 4451 perducatur,
1408 4381 1490 4447 ut,
1525 4379 1847 4433 secundum

190 4466 573 4540 Apostolum,
634 4485 823 4540 neque
878 4468 1196 4535 tribulatio,
1259 4484 1362 4522 nec
1422 4468 1709 4538 angustia,
1744 4484 1849 4521 nec

1961 3314 2145 3369 elevat
2173 3331 2289 3369 eas.
2322 3316 2470 3379 Quid
2524 3317 2583 3369 in
2632 3316 2724 3370 his
2767 3316 3034 3369 innuitur
3078 3315 3189 3367 nisi
3238 3314 3393 3383 quod
3432 3329 3601 3367 verus

1958 3402 2218 3457 Pontifex
2250 3408 2448 3457 noster
2479 3408 2785 3473 postquam
2839 3401 3180 3474 przeparavit
3229 3400 3417 3467 nobis,
3452 3399 3604 3454 sicut

1956 3490 2271 3562 Apostolus
2331 3492 2429 3559 ait,
2488 3492 2797 3557 civitatem,
2868 3490 3174 3546 revertitur
3242 3494 3304 3544 ut
3368 3492 3604 3543 sanctos

1960 3597 2192 3651 quoque
2222 3580 2321 3651 qui
2344 3579 2401 3634 in
2426 3586 2590 3635 nocte
2612 3581 2881 3651 prmsenti
2909 3584 3211 3634 morantur
3244 3583 3301 3633 et
3326 3577 3598 3649 semetip-

1959 3686 2056 3723 sos
2076 3685 2209 3723 cum
2235 3669 2979 3741 magnacircumspectione
2997 3664 3601 3737 custodiunt,vigilan-

1958 3762 2044 3811 tes
2086 3757 2236 3812 sicut
2262 3759 2539 3812 Dominus
2585 3758 2755 3813 dicit:
2795 3782 2813 3807 ι
2850 3756 3097 3829 Vigilate
3119 3760 3174 3810 et
3197 3759 3374 3818 orate,
3408 3770 3480 3808 ne
3511 3753 3599 3807 in-

1959 3846 2124 3901 tretis
2153 3846 2211 3900 in
2238 3847 2677 3914 tentationem,»
2702 3851 2967 3902 assumat
2996 3862 3093 3900 eos
3125 3845 3194 3898 de
3227 3843 3367 3898 locis
3392 3843 3512 3897 suis
3535 3844 3601 3895 ut

1958 3936 2238 4006 perducat
2259 3954 2356 3991 eos
2377 3936 2433 3991 in
2457 3937 2696 3991 domum
2722 3935 2908 3991 Patris
2931 3934 3062 3989 sui?
3108 3935 3418 4004 Postquam
3443 3930 3598 3987 enim

1958 4025 2299 4095 prmparavit
2330 4025 2589 4095 pontifex
2607 4042 2766 4079 aram
2792 4025 2848 4078 in
2869 4042 2983 4096 qua
3007 4023 3260 4095 reliquiae
3285 4022 3599 4077 conderen-

1958 4114 2329 4177 tur,assumit
2346 4131 2443 4167 eas
2460 4118 2517 4168 et
2539 4114 2813 4184 portatad
2835 4113 3026 4169 locum
3047 4110 3601 4184 prmparatum,quia

1958 4201 2083 4273 ipse
2113 4202 2377 4256 Pontifex
2408 4203 2749 4273 pontiﬁcum
2768 4205 2939 4273 cujus
2961 4204 3141 4257 vicem
3166 4202 3277 4257 iste
3299 4206 3455 4255 tenet
3476 4217 3603 4269 pro-

1958 4290 2122 4344 misit
2154 4290 2430 4360 apostolis
2462 4291 2603 4361 suis,
2636 4296 2693 4347 et
2722 4309 2824 4364 per
2871 4308 2968 4347 eos
3014 4292 3239 4347 cunctis
3288 4288 3595 4343 ﬁdelibus:

1963 4404 1987 4428 ιι
2021 4380 2181 4433 Vade
2214 4396 2416 4450 parare
2446 4381 2607 4435 vobis
2637 4381 2851 4451 locum,
2886 4385 2959 4447 et,
2996 4380 3042 4434 si
3077 4380 3271 4433 abiero
3301 4382 3356 4431 et
3386 4392 3601 4447 praepa-

1960 4484 2158 4523 ravero
2189 4468 2349 4521 vobis
2380 4466 2813 4537 locum,iterum
2846 4468 3071 4522 veniam
3096 4471 3151 4520 et
3177 4481 3477 4520 assumam
3499 4479 3600 4517 vos

194 4556 467 4625 nuditas,
490 4574 678 4628 neque
709 4558 1251 4629 periculum,neque
1283 4557 1404 4611 ulla
1434 4562 1698 4612 creatura
1720 4574 1847 4628 pos-
1879 4565 1923 4628 Ι)
1958 4557 2029 4610 ad
2063 4572 2154 4611 me
2185 4556 2400 4627 ipsum,
2436 4561 2499 4610 ut
2530 4557 2629 4610 ubi
2661 4573 2765 4627 ego
2794 4573 2923 4610 sum
2947 4560 3001 4609 et
3032 4572 3131 4608 vos
3164 4553 3316 4608 sitis.
3352 4556 3603 4606 :Sancta

190 4645 278 4701 sit
312 4662 417 4700 nos
449 4662 722 4718 separare
752 4664 785 4701 a
816 4647 1096 4702 charitate
1128 4646 1227 4701 Dei
1260 4664 1385 4717 qua:
1419 4652 1506 4701 est
1538 4647 1596 4700 in
1619 4647 1846 4701 Christo

187 4736 342 4790 Jesu
387 4736 633 4791 Domino
682 4744 899 4791 nostro.
952 4736 1098 4799 Quid
1150 4736 1227 4791 sit
1268 4740 1465 4790 autem
1513 4734 1656 4791 illud
1690 4736 1844 4807 quod

187 4824 643 4896 Deusoperatus
656 4831 746 4881 est
768 4826 825 4881 in
849 4826 1197 4896 nobis,unde
1224 4826 1446 4881 scilicet
1465 4824 1609 4879 illud
1629 4825 1846 4880 donum

185 4914 503 4969 emerserit
530 4915 742 4985 adjecit
775 4933 787 4970 :
822 4938 847 4964 ‹‹
882 4919 930 4968 Α
962 4914 1175 4987 templo
1208 4919 1406 4970 sancto
1440 4920 1538 4969 tuo
1576 4915 1729 4984 quod
1762 4919 1852 4969 est

184 5003 257 5057 in
289 5002 637 5059 Jerusalem.
670 5026 699 5055 »
733 5007 778 5059 A
807 5004 1026 5076 templo
1078 5005 1235 5061 enim
1287 5003 1445 5059 illius
1485 5004 1639 5074 quod
1672 5008 1760 5057 est
1787 5003 1847 5057 in

179 5090 519 5147 Jerusalem
549 5093 833 5164 processit
856 5094 1007 5165 quod
1028 5098 1301 5164 operatus
1324 5096 1411 5147 est
1434 5092 1491 5146 in
1516 5091 1849 5162 nobis,quia

180 5182 267 5237 ab
302 5180 560 5238 Ecclesia
588 5182 746 5238 illius
776 5186 1189 5254 processerunt
1220 5183 1319 5252 qui
1343 5182 1402 5236 in
1428 5182 1597 5237 nobis
1628 5181 1848 5251 operati

182 5273 341 5324 sunt
369 5271 809 5342 praedicationes
840 5275 896 5326 et
928 5270 1096 5341 signa
1124 5286 1429 5325 exercuere
1453 5270 1845 5334 virtutis.Qua3

181 5358 399 5414 omnia
428 5361 500 5415 ad
533 5359 778 5431 gloriam
811 5360 985 5414 refert
1012 5359 1267 5413 Ecclesia
1298 5359 1575 5423 Patris,et
1608 5357 1757 5425 Filii,
1790 5362 1849 5412 et

179 5446 449 5518 Spiritus
483 5447 695 5512 sancti,
730 5446 1005 5517 quoniam
1034 5445 1333 5517 cognoscit
1363 5462 1543 5499 unum
1568 5450 1625 5499 et
1644 5461 1843 5501 verum

180 5537 386 5591 Deum
419 5535 477 5588 in
508 5534 768 5589 trinitate
797 5540 853 5589 et
884 5534 1104 5589 unitate
1136 5534 1846 5590 consistentem.Posthaec

183 5626 400 5682 autem
430 5621 773 5680 subdiaconi
803 5623 892 5680 vel
922 5623 1171 5696 acolythi
1214 5622 1575 5693 linteamina,
1617 5640 1758 5681 vasa
1788 5630 1844 5681 et

1958 4650 2150 4700 autem
2185 4649 2520 4699 sanctorum
2554 4651 2833 4716 sunt,quo
2862 4643 3024 4698 nulla
3053 4643 3335 4713 iniquitas
3374 4640 3461 4695 vel
3494 4641 3600 4695 fm-

1958 4734 2108 4788 ditas
2138 4734 2408 4789 accedere
2442 4738 2650 4805 potest,
2676 4750 2801 4804 qua:
2836 4749 2948 4787 non
2983 4737 3121 4786 sunt
3153 4732 3210 4785 in
3241 4735 3394 4785 terra
3416 4732 3514 4785 sed
3538 4731 3596 4784 in

1960 4823 2147 4890 caelis;
2183 4840 2299 4895 quo
2331 4828 2457 4879 orat
2488 4822 2742 4895 pontifex
2769 4839 2829 4876 se
2866 4821 3162 4892 pervenire
3202 4821 3431 4887 debere,
3464 4836 3597 4874 cum

1958 4917 2293 4967 sanctorum
2326 4912 2384 4967 in
2418 4911 2877 4967 sanctiﬁcatione
2904 4910 3234 4965 animarum
3268 4909 3449 4964 elevat
3466 4908 3597 4962 reli-

1959 5001 2147 5073 quias.
2203 5001 2511 5056 Elevantur
2554 5007 2748 5055 autem
2800 5016 3014 5071 magna
3072 4999 3287 5053 honore
3343 5002 3401 5051 et
3456 5013 3601 5052 can-

1957 5090 2115 5144 tibus
2172 5090 2406 5159 divinis,
2466 5090 2603 5159 quia
2658 5087 2909 5143 ministri
2968 5087 3047 5141 illi
3112 5087 3211 5158 qui
3267 5086 3598 5140 animarum

1958 5179 2227 5233 ductores
2257 5183 2313 5233 et
2344 5182 2595 5233 rectores
2627 5182 2783 5241 sunt,
2808 5175 2970 5229 valde
2999 5175 3364 5247 congaudent
3393 5190 3597 5228 eorum

1957 5268 2228 5339 dignitati
2260 5268 2415 5337 quod
2467 5266 2665 5321 vident
2710 5266 2768 5319 in
2821 5264 3090 5335 supernis
3138 5264 3249 5317 sibi
3299 5262 3595 5333 conjungi.

1958 5356 2205 5411 Cantant
2234 5360 2423 5410 autem
2464 5372 2474 5409 :
2517 5379 2535 5403 ι
2572 5354 2923 5416 Ambulatis,
2953 5351 3138 5406 sancti
3185 5351 3307 5416 Dei,
3340 5350 3593 5422 ingredi-
3668 5421 3672 5425 φ

1955 5445 2101 5499 mini
2138 5445 2195 5497 in
2228 5444 2515 5498 civitatem
2548 5442 2898 5508 Domini,»id
2922 5440 3092 5495 estin
3116 5438 3406 5495 cmlestem
3428 5440 3598 5494 Jeru-

1955 5533 2327 5590 salem.Undc
2360 5534 2499 5587 dicit
2529 5531 2835 5603 Apostolus
2871 5546 2882 5583 :
2919 5553 2945 5578 ‹‹
2980 5530 3111 5592 Quae
3143 5533 3337 5584 autem
3359 5544 3596 5583 sursum

1956 5628 2046 5681 est
2075 5621 2398 5680 Jerusalem
2430 5620 2611 5679 libera
2640 5625 2749 5692 est,
2784 5636 2911 5692 qua:
2960 5622 3050 5675 est
3091 5622 3281 5675 mater
3310 5621 3527 5674 nostra.
3562 5637 3597 5669 »
