4018 6200
351 325 471 388 863

854 320 1156 381 REMIGII
1203 316 1956 380 ANTISSIODO‘RENSIS
2004 316 2176 375 OPP.
2233 315 2428 374 PARS
2474 314 2550 374 ll.
2588 310 3254 377 e—ltIISCELLANEA.

3639 308 3760 370 864

353 459 514 525 Quod
547 460 742 512 autem
775 453 1501 526 subsequitur,«mdiﬁcata
1529 456 1617 508 est
1634 451 1797 506 vobis
1826 449 1998 504 eccle-
2028 450 2082 515 Α
2113 446 2250 502 illuc
2281 465 2484 504 omnes
2515 451 2746 504 sanctos
2768 445 3097 517 suscipiens
3119 447 3334 500 aeterna
3363 444 3675 499 mansione
3702 446 3761 501 in

355 549 444 604 sia
501 564 668 612 nova,
704 568 731 594 »
773 545 901 616 ipsa
953 549 1042 598 est
1081 543 1400 613 eademque
1451 540 1723 606 Ecclesia,
1771 556 1896 610 qua:
1948 542 2005 592 et

357 637 565 692 civitas
597 651 774 706 quam
804 633 1116 704 Apostolus
1149 631 1464 686 Ecclesiam
1499 630 1850 701 primitivam
1900 644 2002 682 no-

359 727 564 780 minat.
599 726 919 778 Cantantur
957 721 1129 776 etiam
1180 721 1419 773 diversas
1451 718 1780 790 antipbonze
1815 716 1999 772 eidem

358 812 558 869 sensui
590 817 996 883 congruentes,
1030 809 1356 881 tripudium
1407 807 1627 862 scilicet
1657 811 1712 860 et
1741 805 2000 860 exsulta-

357 903 573 958 tionem
608 901 904 954 imitantes
922 898 1317 970 angelicarum
1335 898 1615 951 virtutum
1639 913 1764 966 qua:
1796 912 2004 949 exeun-

359 996 445 1046 tes
497 992 566 1044 de
615 1006 853 1060 corpore
902 987 1258 1043 comitantur
1303 1003 1606 1057 usquequo
1648 1002 1748 1054 pro
1783 983 2002 1037 merilis

359 1079 468 1135 sibi
501 1078 776 1133 indebitis
811 1077 1218 1131 mansionibus
1254 1075 1618 1146 recipiantur.
1657 1072 2002 1143 Ingrediens

361 1174 554 1224 autem
574 1166 830 1238 pontifex
851 1166 1159 1221 ecclesiam
1186 1164 1320 1219 dicit
1341 1161 2004 1232 orationem,postulans

360 1263 424 1312 ut
452 1259 692 1312 domum
719 1273 886 1310 suam
914 1255 1202 1309 Dominus
1226 1253 1540 1306 clementer
1560 1251 1927 1321 ingrediatur
1949 1252 2004 1303 et

359 1346 417 1400 in
451 1362 693 1400 suorum
717 1345 988 1398 cordibus
1019 1343 1279 1398 ﬁdelium
1313 1345 1654 1413 perpetuam
1687 1339 2005 1394 constituat

361 1434 745 1489 mansionem.
782 1433 1001 1486 Domus
1032 1431 1187 1486 enim
1248 1430 1406 1485 illius
1465 1431 1702 1482 fuerunt
1757 1433 1814 1481 et
1866 1431 2004 1482 sunt

361 1523 716 1588 sancti,dum
750 1521 810 1575 in
841 1537 1077 1590 corpore
1099 1523 1338 1574 manent
1356 1519 1509 1574 sicut
1541 1518 1664 1588 ipse
1688 1516 1998 1587 promittit:

367 1633 394 1663 «
428 1610 808 1666 Inambulabo
855 1608 912 1662 in
959 1608 1041 1662 eis
1093 1612 1150 1662 et
1198 1607 1557 1662 inbabitabo.
1590 1629 1618 1655 ››
1651 1606 1914 1674 Itemque
1944 1604 2003 1658 in

364 1699 674 1770 Evangelio
710 1717 758 1752 :«
790 1700 859 1752 Et
886 1697 1192 1756 veniemus
1219 1702 1272 1752 et
1303 1698 1665 1752 mansionem
1699 1695 1850 1766 apud
1871 1709 2003 1748 eum

365 1788 700 1844 faciemus.»
741 1789 1003 1877 Itemque
1049 1785 1498 1877 in-Apocalypsi
1534 1803 1546 1841 :
1585 1786 1787 1877 («iﬂcce
1815 1787 1903 1838 sto
1932 1782 2005 1877 ad
2040 1813 2085 1877 Β

365 1877 583 1932 ostium
615 1879 671 1930 et
700 1875 868 1947 pulso
902 1893 914 1930 ε
950 1875 1006 1929 Si
1040 1875 1174 1943 quis
1219 1875 1509 1946 aperuerit
1561 1873 1725 1940 mihi,
1777 1871 2004 1926 intrabo

365 1967 435 2020 ad
468 1983 600 2020 eum
631 1970 687 2020 et
713 1965 951 2019 coenabo
983 1981 1116 2018 cum
1152 1965 1296 2033 ipso,
1332 1969 1387 2017 et
1416 1963 1540 2032 ipse
1573 1979 1864 2017 mecum.»
1897 1959 2004 2014 Sed

363 2059 503 2109 tunc
536 2053 890 2126 permaxima
923 2058 1260 2124 perpetuam
1295 2052 1353 2105 in
1377 2052 1460 2105 eis
1485 2051 1851 2105 mansionem
1876 2065 2010 2103 con-

365 2143 555 2199 stituit
581 2160 858 2206 cum,non
877 2143 1067 2196 dicam
1091 2141 1325 2212 aliquod
1359 2139 1579 2195 malum
1605 2139 1880 2210 opus,sed
1906 2154 2008 2192 nec

363 2231 505 2286 levis
525 2231 947 2302 inquinationis
968 2229 1240 2300 cogitatio
1264 2246 1397 2285 eum
1420 2247 1454 2283 a
1475 2229 1646 2284 corde
1666 2229 1792 2298 jam
1818 2225 2008 2298 expel-

367 2320 450 2375 lat
481 2321 760 2376 ﬁdelium.
813 2320 978 2374 Nunc
1027 2319 1182 2374 enim
1235 2336 1351 2374 non
1400 2317 1685 2388 perpetim
1736 2317 1793 2370 in
1841 2314 2011 2369 nobis

371 2413 793 2479 manet,utpote
825 2425 1076 2479 quorum
1109 2407 1384 2480 cogitatio
1417 2407 1475 2462 in
1508 2407 1735 2461 diversa
1757 2403 2010 2470 vacillat,

373 2501 430 2552 et
460 2513 613 2550 nunc
643 2496 772 2561 hac,
807 2513 961 2550 nunc
991 2495 1125 2550 illac
1159 2497 1418 2562 fluitans,
1454 2513 1567 2550 non
1599 2498 1789 2566 potest
1812 2507 2011 2564 perpe-

369 2586 477 2638 tim
509 2599 642 2637 eum
665 2582 764 2653 qui
787 2599 1020 2637 omnem
1047 2583 1194 2654 fugit
1217 2583 1596 2653 pollutionem
1621 2583 1834 2637 habere
1857 2595 2016 2634 man-

371 2687 584 2727 sorem.
618 2671 788 2724 Venit
833 2675 1026 2725 autem
1077 2672 1335 2742 pontifex
1365 2673 1435 2725 ad
1469 2671 1647 2725 altare
1684 2670 1781 2725 ubi
1813 2685 2012 2724 reconv

373 2760 572 2815 dendaa
603 2762 744 2815 sunt
774 2757 1052 2830 reliquiae,
1088 2764 1144 2813 et
1170 2760 1425 2814 extendit
1456 2759 1648 2813 velum
1682 2758 1834 2812 inter
1871 2774 1931 2811 se
1962 2759 2018 2810 et

373 2849 677 2921 p0pulum,
713 2852 770 2901 et
801 2847 1065 2903 recondit
1096 2848 1222 2918 ipse
1251 2864 1349 2902 eas
1381 2847 1438 2900 in
1472 2847 1596 2901 loco
1630 2845 1848 2909 altaris,
1881 2844 2018 2915 quia

371 2937 636 2992 Pontifex
667 2939 883 3000 noster,
917 2935 1068 2990 sicut
1099 2934 1314 2989 Paulus
1362 2935 1464 2998 ait,
1506 2934 1729 2990 assistit
1759 2933 2019 2988 Pontifex

370 3026 705 3079 futurorum
724 3023 1012 3077 bonorum
1044 3027 1099 3076 et
1131 3023 1356 3078 assistit
1376 3022 1561 3077 vultui
1584 3023 1682 3077 Dei
1708 3039 1807 3094 pro
1827 3022 2015 3087 nobis,

371 3118 439 3168 ut
468 3113 537 3166 de
570 3101 862 3183 ergastulo
895 3112 1196 3181 przesentis
1228 3111 1425 3167 saeculi
1479 3110 1755 3167 liberatos
1778 3110 2017 3166 collocet

373 3202 432 3256 in
457 3177 810 3256 habitaculis
835 3177 948 3254 aria
969 3200 1356 3264 cmlestis,sub
1379 3217 1495 3272 qua
1516 3201 1659 3255 vidit
1689 3215 1786 3255 eos
1809 3200 2015 3255 beatus
2046 3177 2088 3242 Ο

369 3291 626 3346 Joannes
658 3290 715 3344 in
747 3289 1090 3362 Apocalypsi
1123 3307 1230 3344 sua
1260 3288 1582 3344 clamantes
1612 3294 1667 3343 et
1697 3289 2016 3344 vindictam

369 3383 774 3450 exspectantes
805 3379 876 3433 de
905 3378 998 3432 his
1029 3377 1128 3448 qui
1151 3395 1249 3432 eos
1278 3377 1842 3441 tribulaverant,sive
1865 3384 2017 3433 certe

371 3467 872 3523 conversationem
903 3483 1104 3522 eorum
1136 3467 1195 3520 in
1228 3467 1476 3522 meliora
1500 3473 1779 3539 petentes.
1815 3467 2021 3522 Exten-

376 3556 462 3610 dit
493 3559 688 3610 autem
719 3554 913 3610 velum
944 3556 1096 3610 inter
1126 3572 1187 3610 se
1217 3560 1276 3610 et
1307 3556 1590 3628 populum
1622 3557 1720 3626 qui
1755 3573 1933 3623 nunc,
1964 3559 2021 3611 et

374 3645 522 3717 ipse,
555 3648 613 3699 et
636 3642 763 3699 loca
793 3649 1124 3700 sanctarum
1158 3645 1490 3700 animarum
1530 3650 1771 3700 secreta
1803 3649 1942 3699 sunt
1988 3662 2022 3700 a

376 3734 602 3790 visione
634 3733 1222 3789 mortalium.Beatus
1254 3737 1450 3788 autem
1480 3732 1692 3787 Paulus
1722 3733 2022 3803 apostolus

379 3823 440 3877 in
470 3822 730 3894 Epistola
760 3823 830 3878 ad
862 3822 1132 3877 Hebraeos
1180 3821 1514 3893 pontiﬁcem
1562 3821 1786 3876 Veteris
1819 3821 2022 3876 Testa-

381 3909 563 3963 menti
593 3913 803 3963 Sancta
831 3915 1170 3964 sanctorum
1205 3907 1627 3982 ingredientem
1657 3913 1858 3980 typum
1885 3909 2027 3964 dicit
2060 3941 2068 3946 -

381 3997 643 4050 tenuisse
663 3997 779 4049 veri
813 4002 868 4051 et
897 3999 1092 4052 aeterni
1115 3998 1409 4053 Pontiﬁcis
1433 3998 1662 4052 Domini
1686 3998 2025 4054 nostriJesu

385 4083 620 4138 Christi.
657 4083 862 4138 Velum
895 4090 1088 4140 autem
1139 4088 1349 4143 cmlum
1400 4087 1835 4158 interpretatur,
1876 4087 2030 4142 ultra

386 4171 541 4242 quod
572 4169 753 4226 Filius
783 4171 882 4226 Dei
914 4172 1250 4243 ingrediens
1282 4175 1541 4243 quotidie
1575 4192 1677 4247 pro
1728 4177 1896 4231 nobis
1941 4176 2028 4229 in-

386 4258 745 4332 terpellat,et
773 4260 842 4314 ad
878 4277 938 4315 se
971 4261 1264 4317 venientes
1297 4263 1354 4317 in
1388 4267 1592 4319 sancta
1622 4281 1740 4333 ara,
1763 4266 1817 4319 id
1851 4268 1940 4320 est
1970 4264 2032 4318 in

387 4348 648 4420 requiem
672 4353 948 4404 aeternam
965 4349 1210 4405 collocat
1232 4351 1288 4405 in
1306 4368 1421 4422 qua
1445 4353 1722 4407 veraciter
1742 4357 2029 4408 cantatur:

388 4438 775 4494 Exsultabunt
819 4439 1007 4494 sancti
1055 4438 1113 4494 in
1161 4439 1366 4512 gloria,
1399 4439 1831 4497 laetabunturin
1868 4442 2029 4497 cubi-

2113 537 2197 592 eis
2227 536 2472 592 habitat.
2501 538 2658 592 Istud
2691 536 2845 590 enim
2876 533 3280 589 habitaculum
3311 533 3469 604 quod
3493 533 3763 590 videmus

2112 631 2411 681 terrenum
2434 629 2522 681 est
2537 631 2712 696 atque
2741 622 3277 686 transitorium,sed
3318 637 3423 676 nec
3457 623 3764 693 coaptione

2114 720 2450 771 sanctorum
2474 713 2921 778 mdiﬁcatur,sed
2943 712 3204 784 lapidum
3229 716 3403 782 atque
3428 710 3762 783 lignorum:

2113 804 2258 858 illud
2290 820 2422 858 vero
2452 802 2856 857 habitaculum
2886 806 3170 856 aeternum
3199 800 3454 872 est,quia
3484 799 3632 854 nulli
3666 802 3764 856 ob-

2114 894 2350 948 noxium
2383 891 2710 960 mutationi,
2745 895 2801 945 et
2829 891 2900 944 de
2938 890 3157 944 sanctis
3203 891 3270 944 ﬁt
3315 889 3417 961 qui
3465 896 3608 944 sunt
3649 891 3765 944 veri

2114 981 2339 1052 lapides
2364 980 2805 1052 participatione
2827 978 2986 1034 illius
3011 979 3223 1050 lapidis
3243 977 3547 1049 angularis
3571 979 3629 1032 in
3655 996 3765 1050 quo

2113 1070 2398 1142 templum
2422 1076 2705 1124 aeternum
2725 1072 3097 1139 compactum
3127 1072 3600 1123 etconstructum
3621 1085 3768 1124 cres-

2113 1159 2190 1214 cit
2210 1159 2264 1212 in
2291 1163 2675 1230 augmentum
2700 1158 2821 1222 Dei,
2842 1158 3016 1211 modo
3039 1157 3096 1210 in
3115 1156 3326 1228 Spiritu
3357 1162 3594 1222 sancto;
3629 1164 3766 1212 tunc

2113 1252 2306 1303 autem
2337 1249 2654 1319 perfectum
2686 1247 2953 1316 erit,cum
2993 1246 3185 1301 omnis
3217 1262 3504 1306 numerus
3536 1250 3763 1301 sancto-

2114 1354 2242 1391 rum
2276 1336 2552 1391 collectus
2585 1336 2760 1390 fuerit
2789 1340 2846 1390 et
2875 1334 3049 1406 capiti
3081 1352 3188 1390 suo
3209 1334 3561 1390 esternaliter
3580 1335 3767 1390 adhe-

2114 1425 2271 1480 serit.
2306 1428 2443 1480 Post
2486 1424 2605 1479 haec
2638 1424 2888 1478 vestitur
2914 1422 3112 1479 altare.
3145 1424 3201 1477 Si
3233 1422 3416 1478 altare
3445 1423 3764 1479 Ecclesiam

2113 1513 2516 1583 intelligimus,
2549 1512 2636 1567 vel
2672 1512 3200 1583 peregrinationem
3235 1512 3292 1566 in
3326 1512 3518 1578 terris,
3550 1513 3637 1568 vel
3671 1529 3765 1567 as-

2115 1608 2352 1675 sumpta
2368 1602 2426 1657 in
2450 1601 2985 1668 coelis,vestimenta
3001 1602 3130 1670 ejus
3161 1615 3405 1672 corpora
3423 1607 3759 1656 sanctorum

2116 1710 2231 1748 non
2259 1693 2579 1763 incongrue
2598 1689 3249 1761 intelligimus.Nudum
3275 1694 3364 1744 est
3380 1689 3522 1745 enim
3545 1689 3753 1754 altare,

2118 1783 2259 1836 dum
2290 1781 2495 1836 animae
2518 1778 2859 1849 corporibus
2889 1783 3072 1834 exutae
3104 1783 3160 1834 et
3188 1779 3246 1833 in
3281 1777 3438 1833 caelis
3465 1778 3757 1833 collocatae

2117 1871 2272 1926 diem
2324 1869 2766 1924 resurrectionis
2816 1872 3174 1939 exspectant.
3225 1867 3512 1922 Vestietur
3563 1872 3761 1922 autem

2117 1960 2370 2032 quando,
2401 1958 2553 2013 sicut
2583 1959 2866 2012 Dominus
2897 1956 3057 2023 dicit,
3077 1955 3267 2013 mittet
3295 1955 3480 2010 Filius
3501 1955 3760 2010 hominis

2117 2049 2354 2120 angelos
2385 2065 2523 2104 suos
2553 2064 2686 2102 cum
2719 2046 2859 2100 tuba
2889 2051 2947 2101 et
2976 2063 3113 2101 voce
3141 2062 3358 2116 magna
3386 2049 3447 2100 et
3490 2045 3760 2116 colligent

2118 2139 2328 2194 electos
2359 2139 2487 2208 ejus
2518 2154 2552 2192 a
2581 2141 2832 2207 quatuor
2855 2135 3085 2207 angulis
3109 2133 3568 2191 terrmNestitnr
3587 2134 3761 2188 altare

2119 2227 2374 2299 quando,
2409 2227 2561 2280 sicut
2587 2223 2901 2295 Apostolus
2932 2224 3090 2293 dicit,
3123 2228 3351 2295 oportet
3384 2221 3764 2294 corruptibile

2121 2316 2228 2370 hoc
2259 2315 2500 2368 induere
2533 2313 3028 2383 incorruptionem
3054 2318 3110 2368 et
3131 2312 3376 2368 mortale
3397 2311 3510 2366 hoc
3533 2313 3764 2366 induere

2122 2402 2646 2458 immortalitatem.
2691 2401 2990 2456 Benedicit
3038 2401 3292 2473 pontifex
3343 2402 3542 2472 ipsum
3593 2400 3766 2455 altare

2123 2509 2256 2548 cum
2287 2506 2772 2561 unumquemque
2803 2489 3063 2544 ﬁdelium
3096 2491 3379 2546 Dominus
3411 2494 3471 2546 et
3509 2489 3768 2545 Salvator

2124 2581 2301 2652 digna
2330 2578 2832 2652 congratulatione
2880 2578 3051 2646 fovet,
3083 2596 3149 2635 eo
3201 2579 3358 2650 quod
3398 2578 3462 2634 in
3501 2579 3598 2634 his
3647 2595 3764 2650 qua

2125 2671 2373 2742 quisque
2385 2670 2537 2724 dono
2552 2668 2710 2726 illius
2731 2671 2954 2742 accepit
2969 2670 3150 2742 digna
3178 2685 3307 2724 sese
3328 2667 3764 2723 conversatione

2124 2757 2460 2814 tractaverit
2487 2757 2686 2813 dicens
2717 2759 2768 2814 ei
2801 2775 2814 2814 :
2841 2782 2868 2808 «
2902 2759 3080 2831 Euge,
3112 2774 3274 2814 serve
3302 2758 3455 2812 bone
3479 2762 3541 2812 et
3561 2757 3760 2825 ﬁdelis,

2126 2847 2265 2918 quia
2317 2863 2494 2917 super
2553 2863 2742 2918 pauca
2807 2847 2967 2903 fuisti
3025 2846 3233 2914 ﬁdelis,
3293 2847 3452 2902 intra
3509 2846 3572 2901 in
3632 2862 3763 2919 gau-

2126 2936 2286 2990 dium
2321 2933 2551 2990 Domini
2581 2936 2688 2991 tui.
2723 2957 2750 2984 »
2785 2939 2916 2990 Haec
2945 2941 3084 2991 sunt
3125 2936 3279 2991 enim
3327 2936 3484 2990 dona
3516 2953 3646 3007 quis
3675 2951 3767 3007 per

2128 3024 2461 3080 Pontiﬁcem
2495 3041 2680 3079 unum
2723 3025 3184 3095 sanctiﬁcantur,
3218 3029 3275 3079 et
3303 3025 3604 3080 sumenda
3633 3024 3766 3096 ipsis

2126 3113 2251 3168 suis
2284 3111 2553 3168 ﬁdelibus
2584 3114 2916 3179 traduntur,
2957 3113 3184 3168 dicente
3232 3113 3540 3184 Scriptura
3575 3131 3588 3169 :
3622 3112 3765 3184 quod

2125 3203 2393 3258 comedat
2449 3203 2855 3274 unusquisque
2911 3202 3136 3257 fructus
3193 3201 3465 3257 laborum
3512 3219 3767 3267 suorum,

2127 3295 2184 3348 et
2211 3291 2484 3362 operibus
2515 3291 2638 3345 suis
2669 3294 2980 3345 saturetur.
3013 3290 3177 3354 Quod
3216 3305 3350 3345 vero
3400 3290 3664 3362 pontifex
3690 3306 3771 3344 re-

2125 3381 2370 3435 vertitur
2397 3379 2456 3434 in
2485 3379 2806 3434 sacrarium
2838 3395 2973 3434 cum
3004 3377 3308 3434 ordinibus
3343 3378 3491 3447 suis,
3514 3385 3574 3434 et
3593 3377 3774 3433 induit

2129 3486 2190 3524 se
2219 3469 2580 3524 vestimentis
2610 3467 2741 3523 aliis
2768 3472 2898 3539 post
2925 3468 3202 3523 vestitum
3236 3468 3440 3532 altare,
3473 3469 3778 3523 intimatur

2130 3558 2299 3612 nobis
2330 3556 2469 3628 quia
2496 3556 2754 3628 pontifex
2776 3560 2974 3611 noster
2996 3557 3065 3611 ad
3082 3557 3378 3627 judicium
3398 3557 3642 3611 veniens
3665 3572 3774 3610 non

2131 3645 2490 3702 solemnibus
2508 3645 3213 3716 induiturvestibus,quia
3235 3660 3600 3716 nequaquam
3613 3649 3778 3697 aeter-

2131 3734 2329 3790 nitatis
2377 3750 2494 3788 sua;
2548 3733 2796 3805 gloriam
2841 3734 3270 3789 demonstrabit
3305 3732 3533 3796 cunctis,
3566 3731 3666 3785 sed
3702 3731 3762 3784 in

2133 3823 2319 3878 forma
2349 3822 2499 3876 servi
2527 3826 2646 3877 tam
2678 3822 2874 3878 electis
2919 3839 3099 3894 quam
3149 3822 3405 3894 reprobis
3441 3819 3761 3893 apparebit,

2135 3911 2558 3966 resurrectione
2578 3927 2710 3966 vero
2736 3911 3270 3983 peracta,ﬁdelibus
3290 3911 3420 3966 suis
3440 3908 3774 3965 aeternitatis

2136 3999 2380 4073 gloriam
2405 4000 2937 4055 demonstrabit.De
2962 4001 3179 4072 quibus
3202 3999 3487 4071 scriptum
3509 4005 3604 4054 est.
3623 3999 3779 4053 :«Re-

2137 4105 2267 4162 gem
2289 4089 2348 4143 in
2363 4089 3019 4145 decorevidebuntoculi
3035 4090 3375 4160 ejus.»Nam
3389 4089 3462 4144 de
3474 4088 3786 4162 separatio-

2138 4194 2211 4233 ne
2233 4179 2610 4249 reproborum
2631 4196 2663 4233 a
2679 4184 2834 4234 sorte
2855 4181 3248 4251 justorum,ne
3266 4179 3509 4234 videant
3525 4178 3683 4250 quod
3704 4193 3788 4233 θοι

2139 4266 2211 4320 lis
2234 4271 2497 4321 servatur
2515 4267 2713 4323 electis
2735 4267 3018 4340 scriptum
3040 4267 3461 4325 est:«'l‘ollatur
3477 4267 3699 4339 impius
3722 4282 3790 4321 ne

2141 4355 2334 4409 videat
2361 4355 2606 4425 gloriam
2634 4356 2944 4412 Dei.»Hinc
2963 4362 3051 4413 est
3070 4358 3224 4430 quod
3248 4358 3318 4412 de
3339 4356 3530 4412 servis
3550 4355 3790 4428 vigilan-

2144 4441 2302 4496 tibus
2323 4447 2380 4496 et
2399 4442 2710 4497 adventum
2727 4445 2851 4514 ejus
2873 4444 3348 4516 exspectantibus
3368 4443 3662 4500 Dominus
3681 4443 3787 4498 ait:

387 4526 543 4583 libus
576 4528 718 4582 suis.
741 4550 761 4578 ι
816 4526 1011 4584 Gloria
1068 4530 1225 4584 enim
1258 4529 1378 4596 illa,
1412 4547 1530 4602 qua
1559 4548 1656 4586 eos
1687 4530 2022 4603 gloriﬁcans
2061 4545 2107 4610 D
2141 4536 2363 4586 «Amen
2393 4531 2524 4585 dico
2550 4531 2736 4602 vobis,
2759 4533 2912 4604 quod
2935 4533 3246 4606 pracinget
3267 4551 3349 4604 se,
3384 4538 3442 4590 et
3462 4533 3644 4588 faciet
3663 4532 3792 4588 illos

389 4615 568 4672 Filius
597 4617 788 4672 dicet:
823 4639 851 4667 ‹‹
888 4617 1103 4682 Venite,
1135 4619 1428 4674 benedicti
1462 4620 1647 4675 Patris
1679 4620 1813 4686 mei,
1849 4621 2029 4690 perci-

392 4702 507 4774 pite
539 4721 783 4776 regnum
816 4707 970 4777 quod
1020 4707 1182 4763 vobis
1231 4713 1498 4780 paratum
1550 4712 1640 4762 est
1688 4709 1759 4762 ab
1806 4707 2031 4778 origine

392 4793 617 4849 mundi.
653 4819 674 4846 ι)
713 4795 793 4849 Ibi
824 4795 1097 4852 laetantur
1127 4798 1185 4852 in
1219 4797 1512 4853 cubilibus
1542 4797 1686 4864 suis,
1722 4797 1780 4851 id
1828 4803 1935 4868 est,
1969 4798 2028 4852 in

389 4881 685 4950 cordibus,
718 4883 836 4938 sive
865 4883 925 4938 in
959 4887 1365 4942 mansionibus
1412 4885 1679 4954 diversis,
1713 4902 1847 4942 cum
1880 4886 2032 4942 sicut

389 4971 529 5027 dicit
558 4973 762 5028 beatus
789 4973 1044 5028 Joannes
1075 4974 1134 5029 in
1167 4976 1510 5048 Apocalypsi
1540 4993 1704 5032 suam
1727 4977 2033 5048 Absterget

389 5061 543 5118 Deus
573 5079 806 5118 omnem
828 5061 1144 5136 lacrymam
1169 5065 1238 5118 ab
1265 5064 1449 5120 oculis
1468 5071 1757 5134 eorum,et
1778 5067 2034 5137 amplius

393 5169 506 5206 non
537 5153 646 5208 erit
676 5169 865 5224 neque
911 5170 1091 5219 mors,
1143 5169 1330 5224 neque
1374 5154 1586 5221 luctus,
1621 5155 1759 5226 quia
1789 5157 1884 5227 [aL
1918 5173 2036 5226 qua

394 5241 822 5313 primaIprima
853 5242 1143 5298 abierunt.
1192 5265 1219 5292 »
1276 5242 1376 5296 Cui
1426 5243 1506 5297 rei
1557 5244 1812 5299 concinit
1851 5245 2034 5300 oratio

392 5330 684 5401 pontiﬁcis
732 5331 930 5386 dicens
976 5349 1052 5386 ;‹‹
1096 5330 1340 5386 Domine
1383 5336 1558 5396 Deus,
1608 5333 1706 5403 qui
1755 5350 1822 5388 ex
1875 5333 2034 5389 omni

391 5419 694 5492 coaptione
724 5427 1060 5475 sanctorum
1095 5425 1377 5476 aeternum
1418 5421 1522 5476 tibi
1572 5423 1774 5478 condis
1805 5422 2035 5478 habita-

391 5508 644 5563 culum.»
684 5511 741 5563 ln
769 5509 1031 5565 ecclesiis
1063 5527 1318 5581 namque
1349 5515 1632 5565 internum
1679 5511 1789 5566 sibi
1839 5511 2037 5567 condit

391 5595 794 5652 habitaculum
825 5615 892 5653 ex
924 5599 1084 5654 omni
1137 5599 1443 5670 coaptione
1489 5603 1850 5671 sanctorum,
1897 5600 2037 5671 quia

1333 5752 1361 5762 ο

2145 4620 2534 4684 discumbere,
2578 4625 2635 4674 et
2682 4623 2975 4677 transiens
3007 4622 3364 4679 ministrabit
3394 4622 3539 4678 illis.
3577 4644 3607 4672 »
3643 4622 3788 4679 Pw-

2141 4709 2335 4781 cinget
2362 4708 2520 4764 enim
2552 4725 2634 4776 se,
2667 4711 2898 4780 quando
2932 4711 3003 4766 ad
3036 4713 3363 4767 mercedem
3414 4712 3620 4768 electis
3674 4712 3794 4768 red.-

2141 4798 2393 4853 dendam
2425 4813 2486 4852 se
2508 4802 2812 4868 praparat.
2838 4798 2992 4854 Facit
3019 4803 3216 4856 autem
3238 4800 3370 4856 illos
3390 4800 3794 4862 discumbere,

2140 4903 2274 4944 cum
2307 4902 2406 4943 eos
2437 4886 2495 4941 in
2518 4891 2732 4943 aeterna
2749 4887 3108 4944 beatitudine
3128 4889 3296 4960 quasi
3319 4889 3375 4944 in
3403 4890 3670 4960 quadam
3697 4906 3794 4945 ara

2142 4977 2279 5032 facit
2309 4975 2690 5048 requiescere.
2724 4977 3037 5033 Transiens
3069 4983 3266 5034 autem
3297 4978 3624 5045 ministrat,
3659 4979 3796 5052 quia

2143 5067 2212 5121 de
2233 5067 2459 5136 judicio
2491 5067 2564 5121 ad
2591 5081 2835 5138 regnum
2866 5071 3414 5139 properat.0rnatur
3443 5072 3646 5124 autem
3693 5069 3790 5124 Ec-

2143 5154 2340 5221 clesia,
2372 5162 2428 5211 et
2458 5156 2857 5211 accenduntur
2886 5155 3202 5213 luminaria
3227 5156 3436 5224 multa,
3452 5173 3591 5213 eum
3611 5157 3784 5213 virtu-

2144 5255 2266 5299 tum
2299 5249 2643 5300 ornamenta
2664 5263 2788 5318 quae
2809 5246 3109 5317 positusin
3140 5263 3376 5319 corpore
3408 5247 3596 5319 gessit
3619 5262 3787 5301 unus-

2145 5333 2394 5405 quisque
2444 5333 2502 5388 in
2547 5334 2972 5392 resurrectione
3021 5335 3470 5392 demonstrabit.
3527 5335 3692 5392 Unde
3738 5339 3783 5389 et

2144 5421 2456 5493 Apostolus
2489 5439 2502 5478 :
2537 5446 2567 5473 ‹‹
2601 5423 2805 5493 Nolite,
2838 5424 3050 5497 inquit,
3084 5429 3216 5481 ante
3247 5425 3779 5498 tempusjudicara,

2145 5512 2530 5584 quoadusque
2574 5513 2766 5569 veniat
2813 5514 3097 5572 Dominus
3152 5515 3254 5586 qui
3314 5519 3372 5570 et
3428 5513 3782 5571 illuminabit

2147 5600 2490 5658 abscondita
2505 5603 2879 5660 tenebrarum
2901 5607 2962 5661 et.
2987 5603 3385 5663 manifestahit
3401 5604 3778 5663 consiliaco-
