4018 6200
392 329 507 403 811

897 324 1200 385 REMIGII
1247 309 1997 383 ANTISSIODORENSI'S
2045 318 2218 378 OPP.
2265 317 2465 378 PARS
2508 317 2588 376 Il.
2620 348 2694 360 —
2725 312 3291 376 MISCELLANEA.

3677 315 3807 385 872

391 460 750 533 comparavit
780 458 947 513 illum
982 454 1196 528 fulguri
1232 452 1583 518 coruscanti,
1616 456 1675 507 et
1700 455 1812 506 cito
1844 454 2035 504 trans-
2064 451 2119 516 Α
2150 448 2505 515 strantur,in
2534 446 2626 503 his
2644 462 2895 518 namque
2918 440 3395 501 ordinibus‘sunt
3412 444 3733 515 boni,sunt
3749 451 3811 502 et

389 550 637 618 volanti;
664 564 818 604 nunc
836 550 1031 602 autem
1057 543 1378 615 aequiperat
1400 541 1569 597 illum
1589 541 1794 596 diebus
1816 540 1931 596 Noe
1949 537 2040 594 vel

394 639 727 709 Loth,sicut
749 636 893 690 alter
913 632 1267 705 evangelista
1283 631 1423 687 dicit
1449 631 1740 703 quomodo
1765 628 2042 683 omnibus

394 726 737 791 mortalibus
762 723 1104 796 repentinus
1130 720 1463 794 supervenit
1494 718 1785 774 interitus.
1811 719 1881 771 Et
1901 716 2041 787 quia

392 819 661 889 poterant
708 813 826 867 haec
877 812 1053 866 verba
1094 810 1323 865 Domini
1356 807 1757 879 multipliciter
1787 803 2043 876 intelligi

393 909 451 959 et
478 903 633 960 varie
665 900 902 967 discuti,
953 899 1167 954 idcirco
1207 897 1493 953 Dominus
1526 912 1626 968 per
1656 895 2041 965 semetipsum

394 991 659 1061 exposuit
681 989 910 1045 dicens:
936 988 1100 1043 Sicut
1125 991 1291 1042 erant
1311 985 1581 1040 homines
1602 988 1735 1039 ante
1756 983 2041 1038 diluvium

396 1080 769 1135 comedentes
785 1081 843 1133 et
862 1076 1151 1145 bibentes,
1168 1075 1455 1129 nubentes
1473 1078 1530 1129 et
1549 1077 1794 1143 nuptum
1815 1070 2045 1141 trahen-

394 1171 503 1224 tes.
535 1168 698 1231 Quod
720 1170 916 1222 autem
950 1164 1166 1220 dicitur
1192 1163 1524 1219 comedentes
1554 1170 1604 1217 et
1636 1162 1893 1227 bibentes,
1925 1175 2042 1214 non

390 1257 560 1328 juxta
587 1254 1007 1328 impiissimum
1032 1254 1244 1325 dogma
1269 1250 1607 1315 Marcionis,
1630 1254 1686 1305 et
1715 1247 2039 1315 Manichaai,

396 1343 804 1416 atqucTatiani
829 1342 1106 1398 alimenta
1124 1341 1805 1409 condemnantur,neque
1822 1337 2041 1392 bonum

395 1432 674 1504 conjugii,
699 1426 951 1503 quorum
985 1428 1233 1485 alterum
1258 1426 1547 1483 concessit
1567 1427 1720 1482 Deus
1743 1426 1812 1481 ad
1838 1442 2043 1497 propa-

394 1527 648 1594 gandam
681 1519 963 1584 sobolem,
1006 1514 1252 1573 alterum
1286 1534 1419 1571 vero
1450 1518 1523 1571 ad
1556 1515 2040 1570 sustentationem

392 1610 571 1680 hujus
596 1609 723 1663 vita:
748 1633 760 1673 ;
790 1607 890 1663 sed
914 1606 1052 1677 quia
1072 1605 1386 1677 Apostolus
1409 1604 1580 1659 dicit:
1608 1627 1635 1655 ‹‹
1662 1604 1869 1659 Omnia
1896 1602 2040 1657 mihi

392 1696 587 1766 licent,
620 1697 719 1752 sed
754 1713 866 1751 non
901 1695 1097 1750 omnia
1125 1694 1465 1766 expediunt,
1500 1716 1527 1743 ››
1583 1693 1798 1764 quibus
1849 1690 2042 1747 verbis

394 1785 817 1839 immoderatus
868 1800 1012 1838 usus
1062 1786 1118 1837 et
1156 1782 1450 1853 appetitus
1490 1797 1693 1836 eorum
1725 1797 1850 1850 qua;
1882 1778 2043 1880 lic‘ita
2069 1815 2117 1880 B

395 1876 537 1928 sunt
558 1871 1005 1945 reprehenditur
1029 1876 1086 1926 et
1110 1871 1553 1927 condemnatur.
1576 1869 1699 1923 Non
1727 1869 1882 1923 enim
1910 1867 2038 1923 ideo

395 1961 697 2039 perierunt
730 1962 869 2033 quia
899 1960 1021 2015 haec
1053 1960 1322 2033 agebant,
1371 1959 1472 2012 sed
1507 1956 1646 2028 quia
1675 1956 1768 2011 his
1797 1972 1859 2011 se
1888 1959 2039 2011 totos

392 2049 809 2116 subdiderunt,
842 2052 895 2105 et
929 2052 1164 2120 propter
1191 2047 1312 2101 haec
1342 2046 1440 2101 Dei
1464 2044 1757 2115 judicium
1789 2048 2041 2099 contem-

392 2143 641 2212 pserunt
669 2143 726 2196 et
756 2139 827 2194 ab
859 2154 924 2193 eo
956 2138 1341 2202 recesserunt,
1376 2134 1588 2189 idcirco
1621 2132 1761 2204 quia
1788 2132 1873 2187 vel
1905 2131 2041 2205 igne

391 2229 711 2300 perierunt.
737 2227 1011 2300 Sequitur
1038 2243 1051 2281 :
1092 2247 1112 2274 α
1153 2240 1338 2296 usque
1361 2223 1431 2279 ad
1463 2240 1595 2277 eum
1623 2223 1778 2277 diem
1809 2238 1922 2293 quo
1949 2221 2036 2275 in-

390 2318 566 2373 travit
595 2317 653 2372 in
685 2333 883 2375 arcam
913 2316 1050 2372 Noe.
1084 2336 1113 2364 »
1164 2314 1281 2369 Noe
1334 2313 1751 2384 interpretatur
1802 2312 2035 2381 requies,

390 2409 566 2478 atque
596 2422 664 2461 ea
692 2405 989 2476 signiﬁcat
1019 2402 1315 2458 Christum
1344 2420 1357 2471 ;
1408 2418 1542 2456 arca
1569 2417 1702 2455 vero
1748 2398 2041 2471 significat

390 2499 655 2550 sanctam
682 2493 1021 2548 Ecclesiam.
1045 2492 1162 2547 Noe
1194 2507 1390 2546 arcam
1423 2489 1687 2557 fabricat,
1713 2488 1852 2560 quia
1872 2486 2036 2543 Chri—

393 2586 521 2635 stus
551 2579 798 2634 diversis
829 2577 1122 2646 ﬁdelibus,
1154 2582 1437 2647 tanquam
1471 2577 1541 2631 de
1567 2575 1833 2645 levigatis
1860 2573 2038 2646 lignis

395 2670 659 2723 sanctam
690 2666 980 2719 construit
1008 2664 1349 2719 Ecclesiam.
1394 2663 1647 2719 Perfecte
1678 2678 1909 2734 quoque
1941 2678 2039 2715 ar-

394 2772 520 2810 cam
555 2758 1025 2810 consummatam
1061 2753 1178 2809 Noe
1208 2751 1468 2817 intrabit,
1517 2752 1655 2822 quia
1682 2749 1948 2805 Christus
1977 2748 2036 2803 in

396 2842 713 2915 diejudicii
736 2842 1025 2912 completo
1047 2840 1363 2895 electorum
1393 2856 1632 2894 numero
1659 2843 1919 2894 sanctam
1938 2838 2038 2892 Ec-

395 2932 633 2988 clesiam
668 2929 973 3002 praesentia
1004 2946 1119 2983 sua:
1149 2928 1394 2983 visionis
1428 2927 1763 2983 illustrabit.
1808 2930 2037 2992 Quous-

392 3036 507 3092 que
528 3035 663 3072 arca
690 3017 1006 3072 fabricatur
1027 3016 1191 3087 impii
1221 3015 1683 3079 luxuriantur,et
1705 3014 1875 3069 bonis
1896 3019 2038 3068 tem-

388 3104 690 3177 poralibus
737 3104 1028 3174 laetantur,
1071 3105 1243 3175 juxta
1272 3103 1413 3159 illud
1448 3102 1813 3158 Salomonis:
1844 3125 1871 3151 «
1906 3102 2030 3158 Lae-

2155 536 2316 609 mali,
2352 541 2492 592 sunt
2513 536 2661 606 justi
2694 540 2750 591 et
2778 533 3004 606 injusti.
3059 534 3208 589 Sunt
3236 533 3395 589 enim
3430 532 3677 606 plurimi
3708 535 3812 608 qui

2153 642 2257 696 pro
2290 625 2484 680 divino
2516 641 2713 679 amore
2742 627 2799 679 et
2826 622 3078 678 ccelestis
3111 622 3309 695 patriae
3333 623 3812 679 remuneratione

2154 714 2212 769 in
2244 730 2382 785 agro
2415 723 2615 770 sancto
2646 710 2913 768 Ecclesia:
2945 711 3214 767 laborant
3244 729 3258 766 :
3306 710 3368 766 hi
3399 710 3690 767 nimirum
3722 729 3813 768 as-

2154 806 2462 859 sumentur
2483 803 2554 858 ad
2577 801 2791 874 gaudia
2821 805 3047 855 aeterna:
3072 799 3458 855 beatitudinis
3481 818 3495 867 ;
3530 804 3590 855 et
3614 805 3758 856 sunt
3778 819 3811 858 e

2154 891 2444 947 contrario
2493 892 2593 963 qui
2641 907 2745 962 pro
2791 889 3040 945 terrenis
3086 888 3267 944 lucris
3320 892 3377 943 et
3420 888 3810 947 saecularibus

2153 982 2402 1053 negotiis
2433 978 2720 1050 laborant,
2747 979 2804 1033 hi
2835 979 2993 1033 enim
3026 977 3435 1050 relinquentur
3464 979 3537 1034 ad
3572 995 3807 1052 poenam

2150 1074 2377 1126 aeternae
2403 1068 2817 1124 damnationis.
2840 1067 3123 1123 Similiter
3147 1072 3288 1123 sunt
3314 1066 3375 1122 in
3399 1068 3609 1125 ordine
3629 1071 3812 1126 conti-

2152 1159 2417 1214 nentium
2451 1157 2551 1229 qui
2597 1156 2942 1229 pudicitiam
2978 1156 3167 1212 cordis
3197 1161 3255 1212 et
3283 1157 3553 1229 corporis
3585 1175 3688 1229 pro
3719 1158 3807 1214 di-

2150 1248 2284 1303 vino
2307 1263 2505 1302 amore
2532 1260 2761 1301 servare
2783 1244 3044 1313 student,
3068 1244 3287 1317 quique
3311 1245 3460 1301 bene
3481 1245 3806 1319 designan-

2149 1340 2247 1392 tur
2276 1352 2379 1408 per
2407 1334 2662 1407 virgines
2695 1334 3033 1405 prudentes,
3066 1332 3151 1387 illi
3184 1333 3399 1406 quippe
3422 1340 3809 1390 assumantur

2151 1426 2223 1481 ad
2254 1440 2499 1497 regnum
2532 1426 2821 1495 perpetuae
2854 1420 3275 1490 beatitudinis;
3326 1426 3383 1477 et
3430 1438 3462 1477 e
3509 1424 3804 1480 contrario

2152 1517 2291 1569 sunt
2321 1512 2418 1568 alii
2460 1511 2561 1583 qui
2603 1510 2996 1581 integritatem
3046 1510 3240 1566 cordis
3288 1515 3346 1566 et
3390 1514 3653 1584 corporis
3703 1529 3805 1585 pro

2150 1601 2410 1657 humano
2441 1599 2632 1653 favore
2663 1601 2916 1663 servant,
2964 1598 3063 1670 qui
3098 1598 3277 1653 etiam
3308 1598 3545 1671 pulchre
3576 1617 3683 1672 per
3714 1602 3803 1656 fa-

2149 1694 2284 1745 tuas
2304 1688 2558 1760 virgines
2578 1687 2982 1759 designantur,
2997 1687 3092 1742 isti
3112 1704 3371 1759 namque
3392 1688 3801 1761 relinquentur

2151 1779 2223 1834 ad
2257 1782 2482 1833 aeternae
2515 1775 2912 1831 damnationis
2963 1792 3218 1847 pcenam.
3268 1776 3418 1832 Sunt
3440 1780 3494 1831 et
3520 1777 3802 1833 nonnulli

2151 1868 2210 1922 in
2242 1866 2446 1922 ordine
2488 1864 2936 1937 conjugatorum
2978 1865 3081 1937 qui
3111 1869 3402 1937 praecepta
3450 1864 3552 1920 Dei
3592 1870 3800 1922 custo-

2148 1956 2337 2020 diunt,
2370 1958 2544 2025 atque
2574 1969 2642 2008 ca
2670 1951 2991 2023 adimplere
3020 1956 3318 2024 satagunt,
3351 1958 3644 2026 quatenus
3678 1955 3796 2011 Deo

2148 2044 2374 2118 placere
2396 2041 2644 2115 possint.
2664 2039 2726 2096 Hi
2751 2042 3034 2097 nimirum
3051 2047 3433 2098 assumentur
3456 2043 3530 2098 ad
3550 2058 3795 2116 regnum

2148 2137 2370 2188 aeternae
2395 2129 2807 2199 beatitudinis;
2841 2134 2897 2186 et
2927 2129 3067 2186 item
3099 2135 3239 2186 sunt
3267 2130 3541 2186 nonnulli
3563 2130 3659 2203 qui
3680 2149 3796 2187 non

2148 2221 2341 2277 solum
2364 2223 2649 2292 praecepta
2673 2218 2772 2274 Dei
2795 2221 3198 2287 contemnunt,
3223 2219 3321 2275 sed
3350 2219 3531 2274 etiam
3558 2219 3800 2276 diversis

2148 2311 2424 2367 sordibus
2453 2309 2731 2364 vitiorum
2755 2308 3233 2379 coinquinentur,
3257 2307 3353 2363 isti
3386 2307 3686 2380 siquidem
3719 2325 3803 2364 re-

2148 2399 2490 2470 linquentur
2504 2397 2574 2452 ad
2597 2394 2955 2468 supplicium
2979 2401 3270 2469 perpetua:
3293 2397 3799 2453 damnationis.Hi

2147 2488 2321 2543 etiam
2354 2491 2473 2542 tres
2502 2486 2737 2542 ordines
2756 2485 2999 2558 pulchre
3021 2487 3408 2557 designantur
3429 2503 3536 2559 per
3563 2492 3684 2542 tres
3711 2487 3794 2543 vi-

2147 2592 2243 2630 ros
2259 2591 2505 2644 quorum
2524 2573 3087 2630 meminitDominus
3110 2573 3265 2646 apud
3279 2573 3646 2631 Ezechielem
3671 2592 3801 2648 pro-

2147 2664 2382 2744 phetam
2417 2664 2617 2719 dicens
2644 2680 2655 2717 :
2689 2686 2718 2713 ‹‹
2751 2662 2893 2718 Vivo
2923 2678 3050 2734 ego,
3074 2661 3215 2718 dicit
3243 2662 3557 2731 Dominus,
3582 2665 3727 2737 quia
3752 2664 3801 2720 si

2147 2752 2363 2808 fuerint
2394 2756 2511 2807 tres
2542 2752 2646 2805 viri
2674 2752 2822 2822 justi
2853 2751 2913 2805 in
2947 2749 3138 2806 medio
3171 2767 3397 2814 eorum,
3448 2752 3508 2807 id
3541 2757 3637 2807 est
3663 2752 3796 2822 Noe,

2146 2839 2349 2896 Daniel
2372 2844 2426 2894 et
2442 2840 2572 2910 Job,
2590 2857 2703 2896 non
2726 2838 3061 2895 liberabunt
3080 2839 3229 2895 filios
3252 2857 3395 2896 suos
3412 2855 3611 2911 neque
3630 2841 3799 2909 ﬁlias,

2146 2929 2247 2984 sed
2280 2926 2392 2999 ipsi
2424 2927 2534 2983 soli
2566 2927 2900 2983 liberabunt
2929 2927 3158 2983 animas
3176 2944 3356 2985 suas.
3390 2950 3419 2978 »
3476 2929 3602 2985 Noe
3647 2931 3797 2986 enim

2146 3033 2340 3072 arcam
2372 3016 2519 3071 rexit
2548 3016 2609 3071 in
2642 3017 2836 3084 undis,
2861 3016 3017 3071 unde
3047 3014 3290 3088 pulchre
3320 3017 3629 3091 signiﬁcat
3656 3019 3802 3075 ordi-

2145 3122 2277 3161 nem
2297 3105 2766 3178 praedicatorum,
2782 3104 2881 3177 qui
2900 3105 3053 3162 inter
3073 3105 3285 3161 ﬂuctus
3306 3105 3496 3178 hujus
3511 3110 3646 3164 vita
3664 3126 3799 3182 prae-

388 3198 590 3250 tantur
626 3211 759 3249 cum
801 3192 951 3249 male
997 3193 1255 3259 fecerint,
1309 3197 1367 3248 et
1413 3191 1705 3248 exsultant
1752 3192 1811 3245 in
1860 3191 2034 3247 rebus
2064 3177 2107 3243 C
2147 3177 2330 3252 sentis
2363 3200 2624 3251 sanctam
2648 3194 2969 3251 Ecclesiam
2998 3199 3225 3267 regunt.
3250 3177 3462 3253 Daniel
3483 3215 3624 3254 vero
3648 3177 3796 3254 celi-

388 3282 693 3355 pessimis;
710 3305 739 3332 »
756 3283 856 3337 sed
881 3282 1134 3354 perfecte
1152 3286 1561 3338 consummata
1578 3297 1710 3335 arca
1729 3279 1889 3351 impii
1911 3296 2035 3351 per-

388 3372 575 3427 ibunt.
626 3370 931 3444 Signiﬁcat
977 3375 1171 3426 autem
1205 3371 1344 3442 quia
1374 3370 1473 3441 qui
1504 3369 1598 3424 hic
1626 3368 2032 3425 laborantibus

388 3464 445 3514 et
460 3460 895 3516 decertantibus
913 3460 1133 3516 sanctis
1154 3458 1461 3525 insultant,
1476 3458 1559 3514 eis
1577 3458 1696 3513 illic
1715 3457 2030 3523 coronatis,

386 3548 500 3620 ipsi
522 3566 691 3622 poena
706 3554 929 3605 aeternae
953 3547 1351 3604 damnationis
1374 3550 1718 3619 plectantur.
1733 3547 1894 3600 Tunc
1916 3546 2030 3600 duo

387 3641 561 3693 erunt
591 3637 650 3693 in
681 3654 820 3711 agro
845 3655 857 3705 ;
890 3643 1029 3692 tunc
1048 3636 1320 3692 videlicet
1340 3651 1475 3693 cum
1501 3636 1625 3690 dies
1656 3651 2029 3691 consumma-

386 3725 563 3783 tionis
583 3727 901 3783 advenerit.
928 3726 1038 3781 Sed
1063 3726 1164 3797 qui
1188 3731 1327 3780 sunt
1356 3725 1453 3780 isti
1480 3726 1597 3780 duo
1629 3724 1687 3778 in
1719 3739 1881 3794 agro,
1904 3723 2031 3777 duas

386 3815 671 3872 molentes
712 3817 770 3870 in
813 3815 988 3884 mola,
1041 3819 1098 3870 et
1126 3815 1241 3869 duo
1274 3814 1332 3868 in
1363 3812 1532 3879 lecto,
1583 3828 1829 3883 quorum
1878 3827 2033 3866 unus

389 3908 743 3973 assumetur,
776 3909 833 3960 et
864 3904 1010 3960 alter
1041 3901 1444 3975 relinquetur?
1474 3901 1575 3956 His
1600 3900 1821 3957 scilicet
1840 3900 2033 3955 verbis

388 3992 506 4044 tres
537 3992 772 4047 ordines
803 3997 1013 4046 sanctae
1045 3991 1311 4048 Ecclesiae
1353 3993 1850 4056 demonstrantur,
1884 4006 2030 4061 pree-

388 4075 712 4132 dicatorum
743 4079 1030 4150 videlicet,
1079 4085 1135 4135 et
1166 4080 1589 4137 continentium
1622 4082 1796 4150 atque
1827 4079 2030 4147 conju-

384 4169 679 4238 gatorum,
735 4182 873 4240 ager
919 4183 1173 4238 namque
1212 4173 1477 4223 sanctam
1519 4167 1813 4239 signiﬁcat
1839 4164 2030 4221 Eccle-

384 4254 557 4310 siam.
609 4255 758 4327 Ergo
807 4271 911 4327 per
958 4255 1105 4310 duos
1144 4256 1203 4309 in
1249 4272 1387 4327 agro
1420 4256 1662 4328 pulchre
1691 4254 2034 4327 designatur

382 4343 524 4399 ordo
544 4344 1014 4416 praedicatorum,
1032 4342 1247 4417 quibus
1263 4344 1616 4399 commissus
1635 4347 1724 4399 est
1744 4360 1883 4417 ager
1904 4360 2032 4397 san-

380 4437 486 4488 cta:
510 4431 812 4502 Ecclesia};
848 4449 950 4506 per
980 4434 1129 4488 duos
1154 4432 1215 4487 in
1246 4432 1391 4488 lecto
1418 4431 1559 4487 ordo
1582 4432 2030 4497 continentium,

2142 3284 2275 3340 bern
2304 3284 2485 3340 vitam
2517 3283 2714 3357 elegit,
2764 3284 2821 3338 id
2851 3288 2941 3339 est
2969 3287 3228 3339 terrenas
3257 3286 3508 3358 nuptias
3540 3291 3793 3343 contem-

2141 3373 2278 3445 psit,
2311 3376 2368 3428 et
2398 3389 2625 3444 semper
2657 3372 2714 3426 in
2746 3371 2881 3427 aula
2905 3371 3060 3445 regis
3081 3372 3390 3429 continens
3412 3374 3558 3441 fuit;
3592 3381 3651 3432 et
3670 3376 3792 3432 ideo

2141 3463 2286 3516 bene
2317 3478 2420 3534 per
2446 3460 2614 3515 illum
2646 3461 2786 3516 ordo
2818 3460 3242 3516 Continentium
3274 3463 3647 3537 designatur.
3685 3466 3789 3521 Job

2141 3555 2338 3604 autem
2359 3550 2564 3605 habuit
2579 3566 2842 3615 uxorem,
2857 3549 3012 3605 ﬁlios
3033 3552 3089 3605 et
3108 3548 3293 3619 ﬁlias;
3318 3550 3449 3608 ideo
3464 3559 3667 3624 aperte
3692 3570 3794 3626 per

2139 3636 2307 3692 illum
2326 3638 2668 3709 designatur
2682 3639 2822 3693 ordo
2845 3638 3294 3709 conjugatorum
3311 3640 3487 3711 ;quod
3508 3640 3626 3695 illic
3643 3642 3789 3696 dicit

2140 3742 2255 3782 non
2288 3725 2619 3781 liberabunt
2647 3725 2825 3798 ﬁlios,
2848 3743 3038 3798 neque
3070 3726 3246 3795 filias,
3269 3727 3367 3783 hoc
3386 3732 3469 3783 est
3488 3729 3645 3798 quod
3676 3728 3783 3785 hic

2141 3814 2223 3870 ait
2251 3830 2263 3868 :
2301 3831 2457 3869 unus
2486 3818 2843 3880 assumetur,
2875 3819 2933 3871 et
2962 3832 3116 3871 unus
3153 3814 3523 3889 relinquetur.

2758 3921 3062 3977 HOMILIA
3099 3922 3172 3979 II.

2144 4011 2204 4064 IN
2236 4026 2406 4064 ILLUD
2440 4009 2717 4065 Manum
2746 4027 2759 4064 :
2792 4011 3027 4066 Joannes
3055 4026 3178 4066 cum
3206 4011 3450 4068 audisset
3478 4013 3541 4067 in
3557 4013 3797 4069 vinculi:

2211 4096 2374 4156 opera
2423 4080 2651 4147 Christi,
2704 4082 2927 4136 mittens
2967 4082 3101 4138 duo:
3145 4082 3211 4138 de
3246 4082 3541 4156 discipulis
3568 4086 3687 4140 sui:
3715 4086 3797 4139 ait

2211 4152 2348 4217 illis,
2380 4156 2491 4206 etc.

2210 4258 2401 4329 Hujus
2422 4258 2897 4331 interrogationis
2928 4259 3082 4315 beati
3104 4259 3350 4317 Joonnis
3377 4264 3437 4316 et
3461 4262 3798 4336 responsio-

2140 4346 2232 4403 nis
2283 4347 2507 4402 Domini
2556 4347 2732 4403 etiam
2786 4348 2973 4404 Lucas
3021 4347 3380 4422 evangelista
3431 4352 3796 4408 mentionem

2141 4436 2299 4503 facit,
2324 4436 2423 4492 sed
2448 4453 2563 4491 non
2595 4437 2654 4491 in
2685 4436 2886 4492 eodem
2920 4436 3045 4492 loco
3077 4454 3191 4509 quo
3224 4438 3431 4495 beatus
3461 4440 3798 4512 Mattheus,

380 4522 481 4594 qui
503 4525 690 4577 otium
716 4526 773 4579 et
794 4523 1046 4596 quietem
1073 4520 1317 4595 eligunt,
1342 4526 1398 4577 et
1420 4538 1609 4593 neque
1636 4522 1812 4591 hujus
1831 4519 2024 4577 saaculi
2056 4544 2103 4609 Ι)
2140 4529 2197 4581 et
2224 4525 2353 4580 ideo
2383 4524 2669 4581 incertum
2697 4529 2785 4581 est
2816 4525 2915 4597 qui
2945 4542 3147 4582 eorum
3179 4528 3499 4584 servaverit
3530 4530 3795 4587 ordinem

381 4611 562 4677 curis,
594 4628 780 4683 neque
809 4611 1055 4667 terrenis
1086 4610 1336 4683 negotiis
1368 4610 1766 4682 implicantur,
1807 4614 1864 4665 et
1892 4609 2026 4663 inde

380 4697 623 4770 pulchre
640 4715 841 4755 eorum
861 4701 1095 4772 requies
1117 4700 1351 4755 nomine
1372 4698 1503 4755 lecti
1518 4698 2028 4770 designatur,quia

380 4787 524 4842 dum
556 4803 589 4841 a
618 4788 775 4843 curis
806 4788 976 4844 istius
1008 4789 1204 4844 saeculi
1235 4792 1636 4861 segregantur,
1664 4786 1829 4857 quasi
1855 4786 1913 4841 in
1946 4785 2025 4841 le-

378 4881 470 4931 cto
503 4875 896 4947 requiescunt.
952 4878 1058 4932 Per
1088 4877 1235 4932 duas
1270 4875 1552 4932 molentes
1582 4876 1641 4930 in
1684 4874 1840 4929 mola
1876 4875 2025 4929 desi-

379 4969 596 5038 gnatur
626 4964 765 5020 ordo
799 4965 1273 5036 conjugatorum,
1321 4965 1419 5037 qui
1462 4966 1600 5020 dum
1634 4980 1737 5036 per
1766 4963 2024 5019 diversas

376 5072 545 5111 curas
569 5071 725 5110 nunc
747 5055 818 5110 ad
845 5053 1016 5121 hanc,
1033 5070 1187 5109 nunc
1210 5055 1283 5109 ad
1309 5054 1469 5109 illam
1494 5055 1827 5117 ﬂectuntur,
1856 5052 2022 5124 quasi

376 5142 588 5199 molam
627 5144 687 5198 in
718 5142 963 5213 circuitu
1000 5141 1276 5212 trahunt;
1310 5148 1366 5197 et
1387 5142 1525 5213 quia
1554 5141 1662 5198 iste
1693 5142 1832 5197 ordo
1862 5141 2022 5197 infir-

326 5228 329 5231 Α
373 5232 524 5289 mior
553 5237 642 5288 est
671 5232 729 5288 in
761 5231 1039 5303 Ecclesia,
1073 5230 1288 5287 idcirco
1318 5230 1561 5303 pulchre
1581 5230 1879 5303 conjugati
1910 5231 2022 5287 sub

370 5322 622 5379 femineo
668 5338 880 5395 genere
927 5321 1357 5394 exprimuntur.
1417 5321 1581 5385 Quod
1635 5325 1829 5376 autem
1882 5319 2022 5375 dicit

272 5422 283 5431 ’
373 5428 527 5467 unus
561 5414 916 5479 assumetur,
941 5415 1001 5466 et
1030 5409 1175 5465 alter
1205 5409 1593 5481 relinquetur,
1616 5426 1732 5464 non
1764 5408 1847 5463 ita
1875 5409 2019 5464 acci-

370 5500 654 5575 piendum
671 5504 761 5555 est
777 5498 945 5571 quasi
966 5499 1036 5554 de
1054 5499 1286 5555 duobus
1307 5498 1647 5554 hominibus
1664 5498 1773 5554 hoc
1796 5497 2017 5553 dictum

371 5591 469 5679 sit,
503 5588 605 5646 sed
635 5587 729 5675 his
759 5589 951 5648 verbis
979 5588 1095 5646 duo
1126 5604 1342 5663 genere
1371 5588 1745 5648 aﬂ‘ectionum
1776 5588 2016 5647 demon-

2138 4612 2218 4668 rei
2245 4618 2440 4684 gestae,
2465 4613 2549 4669 vel
2574 4614 2706 4686 quis
2739 4614 3043 4670 recolendo
3074 4615 3470 4688 descripserit.
3498 4618 3615 4674 Sed
3640 4636 3794 4691 qua-

2136 4702 2383 4757 rendum
2432 4707 2520 4757 est
2564 4719 2742 4774 quare
2791 4703 3046 4759 Joannes
3077 4704 3340 4777 Baptista
3372 4707 3694 4780 propheta,
3741 4713 3795 4763 et

2137 4790 2450 4863 plusquam
2482 4790 2783 4863 propheta,
2808 4793 3033 4864 positus
3057 4794 3227 4864 juxta
3247 4795 3469 4850 ﬂuenta
3492 4795 3795 4866 Jo'rdanis,

2134 4880 2538 4935 testimonium
2560 4880 3116 4952 perhibuitDomino
3134 4882 3364 4938 dicens:
3390 4906 3412 4933 ι
3431 4885 3582 4941 Ecce
3595 4888 3793 4959 Agnus

2133 4968 2256 5035 Dei,
2279 4984 2408 5023 ecce
2432 4969 2531 5041 qui
2555 4967 2707 5025 tollit
2729 4972 2967 5041 peccata
2989 4971 3215 5026 mundi.
3244 4993 3272 5021 »
3296 4973 3365 5027 Et
3385 4972 3532 5029 item
3559 4991 3573 5029 :
3613 4998 3645 5024 «
3664 4975 3791 5030 Post

2134 5073 2226 5112 me
2255 5057 2410 5112 venit
2438 5058 2545 5128 vir,
2581 5058 2681 5129 qui
2712 5062 2845 5113 ante
2876 5076 2970 5114 me
3001 5060 3190 5115 factus
3219 5065 3345 5117 est:
3380 5081 3408 5113 ιι
3444 5067 3506 5117 et
3528 5064 3785 5137 pariter:

2133 5168 2161 5195 «
2196 5146 2293 5218 qui
2318 5146 2793 5223 babetksponsam
2818 5164 3073 5219 sponsus
3102 5153 3212 5204 est.
3251 5172 3272 5199 ιο
3312 5153 3379 5205 Et
3401 5155 3468 5206 ut
3490 5168 3672 5209 suam
3692 5153 3785 5208 hu-

2131 5234 2439 5291 militatem
2474 5240 2532 5290 et
2561 5235 2689 5306 ejus
2719 5235 3120 5293 excellentiam
3152 5239 3617 5308 demonstraret,
3654 5240 3778 5297 alibi

2131 5323 2308 5378 dicit:
2351 5342 2373 5372 α
2405 5324 2511 5390 Qui
2565 5325 2636 5381 de
2686 5328 2840 5381 terra
2878 5330 2984 5393 est,
3035 5326 3105 5381 de
3146 5330 3299 5383 terra
3345 5327 3639 5401 loquitur,
3691 5328 3775 5402 qui

2129 5417 2324 5467 autem
2349 5413 2417 5468 de
2442 5413 2583 5470 ccelo
2606 5414 2765 5469 venit
2790 5430 2967 5485 super
2987 5431 3191 5471 omnes
3215 5420 3324 5472 est.
3353 5439 3382 5467 »
3413 5421 3634 5475 Postea
3657 5432 3775 5473 vero

2127 5502 2356 5573 positus
2386 5502 2443 5558 in
2478 5519 2703 5558 carcere
2735 5503 2899 5558 misit
2934 5503 3257 5577 discipulos
3302 5523 3445 5562 suos
3474 5507 3549 5563 ad
3582 5512 3766 5564 Jesum

2126 5593 2183 5647 et
2212 5589 2625 5667 interrogavit:
2661 5615 2689 5646 α
2723 5593 2813 5651 Tu
2842 5608 2905 5650 es
2935 5592 3037 5669 qui
3064 5597 3347 5655 venturus
3376 5613 3440 5655 es
3481 5614 3556 5657 an
3600 5596 3763 5656 alium
