4018 6200
424 302 542 363 875

929 296 1229 360 REMIGII
1273 295 2019 358 ANTISSIODORENSIS
2064 297 2244 362 OPPa
2286 296 2487 357 PARS
2533 296 2609 356 Il.
2641 329 2718 339 —
2747 291 3320 357 MISCELLANEA.

3702 288 3847 350 876

419 434 675 499 buit,sed
699 435 936 504 propter
956 429 1323 501 supradictas
1342 447 1549 485 causas
1572 429 1734 484 misit
1753 428 2073 501 discipulos
2100 431 2155 497 Α
2187 433 2342 484 creto
2373 428 2580 484 calami
2612 429 2671 484 in
2701 428 2843 484 locis
2872 425 3308 482 humentibus.»
3344 423 3652 496 Significat
3681 441 3844 495 prte-

415 540 574 590 suos,
612 525 669 576 et
697 518 1072 590 interrogavit
1101 518 1302 572 dicens
1337 535 1350 573 :
1391 543 1410 569 ι
1448 519 1534 573 Tu
1567 534 1628 574 es
1660 518 1758 591 qui
1788 522 2069 574 venturus

416 612 516 668 es?
550 633 577 659 ››
609 611 719 666 Sed
755 609 1135 681 quaerendum
1180 612 1269 662 est
1322 625 1503 678 quare
1547 607 1826 662 Dominus
1859 624 1972 662 non
2007 607 2066 661 in

414 699 720 774 praesentia
748 696 1171 768 discipulorum
1206 697 1523 767 ipsius,sed
1559 695 1674 751 illis
1713 696 2066 751 abeuntibus

412 791 696 846 Joannem
730 787 1004 842 laudibus
1037 785 1292 857 praetulit
1326 802 1338 839 :
1373 785 1588 840 idcirco
1631 801 1701 839 ne
1733 790 1926 840 tamen
1978 785 2064 838 vi-

412 881 646 934 deretur
683 877 918 950 laudem
951 876 1273 930 humanam
1307 891 1584 944 quaerere,
1618 874 1675 928 id
1696 879 1782 929 est
1802 879 1868 929 ut
1889 873 2064 930 vellet

411 965 637 1023 laudari
669 967 738 1020 ab
770 965 1100 1020 Joanne.Et
1131 980 1306 1033 quare
1335 962 1454 1017 illis
1486 962 1842 1018 abeuntibus
1864 979 2060 1018 coram

410 1056 599 1113 turbis
630 1054 814 1110 voluit
843 1070 978 1109 eum
1003 1053 1282 1107 Dominus
1314 1035 1588 1106 laudibus
1611 1051 1916 1123 praeferre?
1945 1053 2058 1106 Au-

413 1145 642 1200 dierant
673 1143 830 1198 enim
852 1143 1036 1197 tursz
1067 1140 1353 1195 Joannem
1378 1139 1781 1211 perhibentem
1804 1139 2060 1194 testimo-

413 1235 578 1289 nium
610 1233 941 1294 Domino,et
969 1231 1259 1285 dicentem
1296 1246 1308 1284 :
1344 1252 1371 1279 «
1407 1230 1551 1284 Ecce
1580 1232 1780 1300 Agnus
1797 1229 2056 1295 Dei,ecce

412 1323 511 1394 qui
537 1321 690 1377 tollit
719 1326 954 1393 peccata
983 1319 1263 1387 mundi,»
1298 1323 1354 1374 et
1382 1317 1644 1373 viderant
1683 1316 1820 1388 quia
1854 1318 2055 1373 missis

410 1411 716 1483 discipulis
749 1409 872 1465 suis
895 1407 1275 1480 interrogavit
1303 1423 1437 1462 eum
1470 1407 1668 1462 dicens
1693 1407 1840 1460 :«Tu
1871 1423 1934 1462 es
1955 1406 2052 1478 qui

405 1505 686 1557 venturus
713 1516 876 1566 es,an
908 1497 1090 1553 alium
1124 1496 1605 1568 exspectamus?»
1625 1500 1895 1552 Poterant
1917 1513 2052 1570 ergo

401 1591 586 1646 turbm
617 1587 950 1644 existimare
974 1591 1261 1642 Joannem
1295 1602 1422 1641 esse
1452 1585 1786 1641 instabilem
1810 1591 1866 1642 et
1887 1587 2050 1642 simi-

399 1680 520 1738 lem
545 1677 788 1748 calamo,
823 1676 923 1747 qui
954 1675 1113 1731 omni
1140 1680 1308 1730 vento
1339 1674 1765 1743 circumfertur,
1798 1679 1864 1730 ut
1895 1693 2050 1732 nunc

403 1768 651 1823 Domino
700 1765 1101 1822 testimonium
1150 1764 1502 1836 perhiberet,
1531 1781 1687 1819 nunc
1717 1781 1849 1821 vero
1881 1766 1951 1820 de
1983 1782 2048 1821 eo

403 1856 728 1922 dubitaret;
760 1860 817 1910 et
847 1870 918 1908 ne
949 1855 1092 1908 forte
1123 1854 1306 1908 turbae
1356 1853 1465 1908 hoc
1515 1858 1805 1925 putarent,
1839 1853 2054 1911 idcirco

405 1960 602 2000 coram
627 1943 814 1998 turbis
844 1958 978 1997 cum
1001 1940 1495 1997 multislaudibus
1528 1939 1783 2010 przetulit
1813 1941 2013 1996 dicens
2039 1959 2052 1996 :

415 2033 594 2097 «Quid
619 2032 819 2089 existis
841 2032 899 2086 in
917 2032 1214 2086 desertum
1236 2028 1466 2084 videre?
1498 2029 1862 2084 Arundinem
1885 2034 2055 2085 vento

410 2123 734 2196 agitatam?
765 2144 793 2171 »
826 2121 987 2186 Quod
1037 2119 1192 2174 enim
1227 2117 1512 2174 Dominus
1570 2118 1714 2173 dixit
1765 2136 1776 2172 :
1827 2142 1854 2168 «
1907 2120 2055 2184 Quid

411 2214 612 2270 existis
644 2212 702 2266 in
736 2212 1032 2266 desertum
1054 2207 1246 2264 videre
1260 2207 1724 2279 ?»percunctatio
1746 2213 1868 2275 est;
1902 2209 2056 2279 quod

409 2319 545 2361 vero
579 2301 902 2374 sequitur,«
934 2298 1280 2354 arundinem
1312 2301 1483 2352 venta
1511 2295 1858 2368 agitatam?»
1881 2297 2058 2352 inter-

412 2392 637 2464 rogatio
668 2395 784 2457 est;
806 2393 1028 2444 veteres
1049 2386 1205 2442 enim
1236 2385 1344 2440 hoc
1365 2385 1582 2440 distare
1611 2384 1883 2441 dixerunt
1908 2385 2061 2440 inter

413 2478 946 2553 percunctationem
967 2481 1023 2531 et
1051 2475 1566 2546 interrogationem
1585 2491 1596 2528 :
1614 2473 1884 2530 dixerunt
1903 2474 2057 2529 enim

415 2569 569 2639 quod
593 2567 666 2620 ad
685 2564 1215 2636 percunctationem
1231 2563 1416 2618 multa
1429 2563 1766 2634 responderi
1789 2567 2060 2634 possunt,

414 2656 486 2710 ad
517 2652 1036 2724 interrogationem
1066 2667 1200 2707 vero
1231 2655 1461 2705 tantum
1493 2651 1764 2717 unum,id
1797 2655 2056 2706 estznon.

409 2745 526 2799 Aut
554 2742 754 2809 etiam,
777 2757 912 2796 cum
945 2740 1102 2794 enim
1133 2739 1418 2794 Dominus
1449 2739 1591 2794 dicit
1625 2739 1828 2803 :«Quid
1860 2739 2059 2795 existis

409 2832 471 2888 in
506 2832 803 2887 desertum
833 2829 1069 2883 videre?
1096 2828 1445 2882 arundinem
1478 2831 1647 2882 vento
1679 2827 1957 2899 agitatam
1978 2828 2005 2882 ?
2029 2851 2056 2878 n

411 2938 528 2976 non
560 2919 929 2986 afﬁrmando,
964 2918 1066 2972 sed
1098 2914 1293 2988 potius
1329 2915 1667 2988 denegando
1698 2914 1806 2970 hoc
1827 2915 2059 2988 dicit,ac

411 3009 460 3064 si
489 3009 706 3063 diceret
730 3025 742 3062 :
767 3005 1308 3076 Nunquid,quando
1342 3004 1545 3060 existis
1574 3004 1632 3058 in
1666 3005 1961 3060 desertum
1984 3007 2056 3062 ad

408 3095 852 3164 Joannem,ideo
875 3094 1075 3151 existis
1098 3097 1164 3148 ut
1182 3093 1456 3148 videretis
1477 3093 1774 3149 hominem
1801 3094 2056 3151 similem

2177 523 2334 574 terea
2363 519 2609 575 nitorem
2637 516 3015 574 beatitudinis
3045 515 3385 586 electorum,
3418 519 3483 569 ut
3507 513 3656 568 illud
3691 533 3747 569 ;‹‹
3787 519 3848 569 et

2176 611 2457 680 tanquam
2489 607 2753 663 scintillae
2785 607 2843 662 in
2865 605 3212 661 arundineto
3234 603 3844 676 discurrent.»Signi-

2178 698 2313 752 ficat
2343 698 2578 752 tandem
2611 696 2903 752 carnalem
2935 695 3200 750 animum
3234 693 3384 748 sicut
3434 692 3496 747 in
3537 692 3649 748 hoc
3679 692 3839 753 loco,

2175 787 2400 840 arundo
2430 786 2585 841 enim
2612 802 2796 841 vacua
2824 802 2915 840 res
2946 788 3036 840 est
3067 782 3292 838 nullam
3324 783 3550 838 habens
3600 781 3840 837 medul-

2175 873 2292 929 lam
2337 875 2710 941 intrinsecus,
2744 873 3092 945 nullumque
3139 873 3394 926 fructum
3436 871 3838 940 extrinsecus,

2172 979 2299 1034 quae
2331 964 2506 1018 etiam
2541 965 2866 1019 secundum
2914 962 3210 1017 levitatem
3261 965 3483 1016 natura
3538 978 3661 1016 sua:
3716 978 3839 1016 non

2170 1051 2362 1107 solum
2389 1069 2423 1106 a
2453 1056 2610 1107 statu
2639 1055 2970 1119 ventorum,
3003 1051 3103 1106 sed
3135 1049 3311 1106 etiam
3360 1050 3432 1105 ab
3484 1037 3690 1122 aliqua
3723 1049 3836 1105 levi

2168 1157 2310 1194 aura
2341 1139 2869 1196 ﬂectitur.Pulcbre
2899 1157 3036 1212 ergo
3065 1156 3166 1211 per
3195 1139 3550 1196 arundinem
3573 1139 3838 1195 carnalis

2164 1230 2400 1285 animus
2421 1230 2782 1301 designatur,
2815 1229 2955 1300 quia
3003 1229 3051 1283 si
3101 1229 3173 1284 ab
3221 1245 3319 1284 ore
3377 1228 3632 1300 proximi
3674 1245 3831 1284 aura

2161 1319 2372 1374 favoris
2402 1318 2490 1374 vel
2521 1318 2712 1374 laudis
2760 1317 3000 1383 ﬂaverit,
3024 1334 3157 1372 mox
3179 1316 3480 1373 hilarcscit
3501 1323 3558 1372 et;
3595 1316 3833 1372 extolli-

2164 1411 2279 1477 tur,
2313 1411 2617 1480 totumque
2648 1424 2711 1462 se
2741 1407 2813 1462 ad
2845 1406 3096 1478 gratiam
3129 1404 3406 1472 inclinat;
3440 1405 3493 1461 si
3520 1423 3656 1462 vero
3689 1422 3834 1460 con—

2164 1497 2312 1570 gerit
2342 1500 2406 1552 ut
2435 1497 2568 1552 inde
2597 1514 2742 1551 aura
2764 1494 3143 1551 detractionis
3164 1499 3437 1568 erumpat
3466 1496 3622 1550 unde
3650 1495 3831 1566 prius

2162 1603 2305 1640 aura
2337 1586 2548 1641 favoris
2581 1585 2859 1652 manavit,
2911 1585 2984 1639 ad
3027 1583 3146 1638 vim
3180 1583 3396 1640 furoris
3421 1588 3476 1639 et
3501 1582 3836 1638 iracundiae

2160 1679 2528 1746 provocatur.
2561 1675 2817 1730 Joannes
2847 1673 3089 1745 quidem
3124 1673 3350 1728 arundo
3378 1676 3536 1727 vento
3586 1671 3837 1744 agitata

2165 1781 2279 1819 non
2313 1764 2603 1836 erat,quia
2628 1780 2732 1820 nec
2752 1762 2940 1836 gratia
2970 1761 3222 1832 alicujus
3248 1778 3380 1817 eum
3400 1760 3838 1829 blandum,nec

2164 1854 2250 1908 ira
2271 1870 2544 1924 asperum
2568 1853 2835 1918 faciebat,
2850 1849 3132 1923 quoniam
3154 1850 3312 1906 hunc
3329 1866 3515 1921 neque
3536 1866 3836 1922 prospera

2165 1944 2404 2014 erigere,
2457 1959 2561 1997 nec
2605 1943 2848 1998 adversa
2899 1944 3181 1996 noverant
3227 1939 3530 1995 inclinare.
3577 1940 3830 1995 Arundo

2164 2035 2334 2086 vento
2364 2031 2586 2102 agitata
2605 2047 2721 2085 non
2740 2029 3031 2101 erat,quia
3054 2047 3088 2085 a
3117 2033 3306 2084 status
3338 2028 3430 2083 sui
3465 2027 3828 2083 rectitudine

2167 2119 2330 2174 nulla
2358 2135 2491 2175 eum
2519 2136 2716 2175 rerum
2738 2119 2986 2189 varietas
3017 2117 3676 2192 inﬂectebat.Discamus
3700 2118 3827 2171 ita-

2168 2225 2279 2281 que
2309 2213 2366 2264 et
2393 2225 2499 2264 nos
2529 2206 2878 2263 arundinem
2907 2212 3077 2262 vento
3109 2207 3388 2278 agitatam
3415 2222 3534 2262 non
3573 2223 3723 2270 esse,
3761 2206 3824 2260 id

2167 2297 2297 2369 est,i
2309 2301 2433 2353 nter
2444 2313 2616 2353 auras
2630 2295 2967 2368 linguarum
2983 2296 3210 2351 animos
3228 2300 3458 2351 nostros
3473 2294 3827 2362 solidemus,

2169 2391 2226 2442 et
2254 2386 2406 2442 inter
2431 2386 2762 2441 mundanas
2787 2384 3095 2440 varietates
3134 2389 3324 2440 status
3356 2385 3573 2440 mentis
3606 2389 3830 2440 nostra:

2169 2492 2396 2547 semper
2426 2475 2503 2530 sit
2531 2474 2878 2540 inflexus,ut
2908 2489 3095 2545 neque
3120 2490 3402 2547 prospera
3431 2491 3542 2530 nos
3574 2472 3828 2540 elevant,

2169 2581 2276 2620 nec
2300 2565 2544 2619 adversa
2560 2563 2930 2629 conturbent,
2941 2563 3112 2633 juxta
3126 2561 3271 2618 illud
3295 2562 3830 2635 ApostolizcEstote

2169 2657 2498 2726 pugnantes
2525 2657 2652 2709 tum
2682 2652 2742 2707 in
2774 2651 3093 2724 prosperis,
3124 2656 3250 2707 tum
3283 2653 3342 2707 in
3376 2652 3700 2707 adversis.»
3732 2657 3830 2708 Se-

2170 2742 2368 2814 quitur
2397 2759 2445 2797 :«
2475 2742 2586 2798 Sed
2616 2741 2756 2814 quid
2788 2740 2988 2797 existis
3017 2741 3251 2798 videre?
3282 2741 3586 2796 hominem
3618 2740 3827 2796 molli-

2166 2831 2278 2886 bus
2307 2831 2655 2887 vestitum?»
2685 2832 2936 2886 Joannes
2961 2847 3075 2886 non
3107 2829 3388 2886 mollibus
3414 2831 3819 2898 vestimentis,

2168 2921 2269 2976 sed
2299 2919 2435 2991 pilis
2465 2918 2820 2976 camelorum
2853 2919 3098 2975 vestitus
3135 2919 3315 2974 fuisse
3346 2918 3725 2992 perhibetur;
3763 2920 3820 2975 id

2169 3009 2317 3081 quod
2371 3008 2510 3064 alibi
2557 3007 2892 3065 manifestat
2945 3009 3100 3064 idem
3147 3007 3508 3080 evangelista
3564 3008 3821 3063 dicens:

2172 3098 2331 3170 «Ipse
2362 3103 2556 3154 autem
2584 3098 2842 3154 Joannes
2869 3098 3120 3153 habebat
3147 3098 3564 3154 vestimentum
3587 3099 3655 3152 de
3678 3097 3824 3170 pilis

409 3186 684 3243 arundini
717 3202 844 3256 qua:
875 3184 1032 3239 omni
1065 3188 1235 3239 vento
1267 3183 1694 3249 circumfertur,
1717 3189 1779 3239 ut
1800 3202 1956 3240 nunc
1986 3186 2056 3242 de
2085 3172 2127 3238 C
2164 3187 2542 3244 camelorum.
2574 3207 2601 3240 ι
2637 3187 2748 3242 Sed
2781 3191 3069 3258 quantum
3109 3188 3182 3242 ad
3227 3187 3597 3259 superficiem
3628 3186 3827 3243 histo-

408 3276 507 3332 illo
522 3274 747 3331 dubitet
767 3274 858 3330 cui
882 3275 1046 3345 prius
1067 3273 1472 3329 testimonium
1494 3273 2053 3346 perhibuerat?certe

407 3384 525 3422 non
539 3369 627 3422 est
641 3365 895 3420 Joannes
906 3362 1040 3418 talis
1055 3367 1118 3418 ut
1134 3379 1291 3417 nunc
1313 3362 1685 3418 dubiteteum
1701 3380 1827 3418 esse
1845 3363 1943 3418 Dei
1961 3364 2052 3418 Fi-

405 3454 674 3525 lium,cui
697 3454 860 3524 prius
873 3451 1275 3508 testimonium
1298 3451 1812 3523 perhibuerat;non
1827 3453 1936 3508 sibi
1952 3453 2051 3508 sed

406 3542 716 3614 discipulis
733 3543 857 3598 suis
880 3541 1350 3612 interrogavit.Et
1363 3541 1666 3596 sciendum
1681 3542 1819 3613 quia
1830 3542 2053 3596 arundo

407 3633 467 3686 in
489 3631 704 3688 divinis
730 3631 1049 3703 Scripturis
1068 3630 1256 3686 varias
1282 3634 1339 3684 et
1360 3630 1616 3685 diversas
1640 3631 1814 3684 habet
1835 3629 2054 3701 signiti-

407 3721 687 3777 cationes.
722 3721 1024 3792 Signiﬁcat
1049 3720 1384 3786 verbum,ut
1414 3718 1558 3773 illud
1597 3735 1646 3772 :«
1677 3718 1902 3790 Lingua
1925 3735 2054 3774 mea

406 3809 668 3866 calamus
682 3809 884 3864 scribae
901 3827 946 3876 ;-
958 3808 1252 3880 significat
1264 3807 2051 3877 sanctorumprazdicatorum

407 3898 828 3967 doctrinam,ut
857 3897 1002 3952 illud
1041 3915 1104 3952 :«
1139 3897 1202 3950 In
1235 3895 1530 3950 cubilibus
1558 3895 1615 3949 in
1651 3895 1866 3966 quibus
1889 3895 2052 3966 prius

408 3988 692 4042 dracones
718 3986 1078 4053 habitabant,
1105 3985 1291 4041 oritur
1320 3986 1472 4040 viror
1500 3983 1709 4040 calami
1732 3985 1985 4053 etjunci,
2021 4008 2050 4035 »

407 4074 549 4145 quia
564 4075 622 4128 in
640 4074 724 4129 eis
742 4090 888 4144 quos
910 4073 1159 4144 populus
1176 4073 1403 4145 antiqui
1419 4074 1604 4128 hostis
1617 4072 1842 4128 malitia
1863 4074 2050 4145 possi-

406 4164 663 4235 debat,et
691 4163 995 4217 doctorum
1028 4161 1292 4239 scientia,
1325 4167 1382 4216 et
1410 4163 1745 4217 auditorum
1777 4163 2051 4219 obedien-

404 4253 490 4310 tia
519 4252 913 4308 coercebatur.
932 4249 1163 4306 Orietur
1193 4251 1251 4304 in
1283 4266 1351 4304 ea
1378 4251 1532 4306 viror
1561 4251 1768 4306 calami
1791 4257 1847 4307 et
1860 4253 2048 4324 junci,

401 4343 463 4398 id
495 4347 584 4398 est
612 4342 671 4396 in
699 4346 900 4397 sancta
932 4338 1185 4395 Ecclesia
1224 4338 1488 4394 orientur
1517 4340 1828 4411 scriptores
1851 4347 1907 4397 et
1945 4359 2047 4398 au-

402 4434 642 4492 ditores.
667 4431 1039 4502 Perjuncum
1061 4445 1193 4484 vero
1219 4428 1431 4483 debent
1453 4428 1746 4485 auditores
1777 4430 2048 4502 intelligi.

2164 3277 2259 3332 riae
2291 3277 2517 3342 attinet,
2568 3276 2627 3330 in
2679 3275 3024 3346 abjectione,
3075 3275 3278 3330 vilium
3324 3275 3820 3332 vestimentorum

2161 3366 2346 3422 virtus
2369 3382 2498 3421 esse
2521 3368 2844 3420 monstratu
2855 3368 2964 3433 r,et
2984 3364 3032 3420 si
3059 3365 3116 3419 in
3139 3364 3400 3437 appetitu
3426 3365 3823 3436 pretiosarum

2161 3455 2412 3510 vestium
2442 3458 2747 3526 peccatum
2779 3470 2895 3508 non
2918 3457 3092 3524 esset,
3116 3469 3490 3525 nequaquam
3521 3452 3824 3510 Dominus

2160 3545 2444 3599 Joannem
2469 3544 2540 3598 de
2561 3543 2873 3615 asperitate
2893 3543 3140 3598 vestium
3159 3541 3486 3610 laudasset;
3513 3547 3572 3597 et
3615 3543 3664 3597 si
3693 3543 3813 3600 hoc

2162 3632 2335 3703 culpa
2365 3649 2478 3687 non
2519 3636 2692 3700 esset,
2727 3648 3104 3703 nequaquam
3138 3631 3339 3686 Petrus
3369 3629 3667 3702 apostolus
3703 3649 3824 3703 per

2161 3719 2470 3791 epistolam
2497 3718 2744 3774 feminas
2762 3720 2835 3775 ab
2857 3719 3112 3791 appetitu
3140 3720 3504 3792 pretiosarum
3535 3717 3819 3776 vestium

2161 3815 2554 3880 compesceret
2583 3808 2784 3864 dicens
2819 3825 2831 3862 :
2872 3831 2892 3857 ι
2928 3808 3053 3864 Non
3085 3808 3144 3863 in
3179 3814 3332 3864 veste
3359 3806 3659 3880 pretiosam
3690 3808 3815 3864 ubi

2162 3897 2742 3954 animadvertendum
2774 3901 2995 3969 quanta
3041 3898 3213 3970 culpa
3243 3899 3319 3953 sit
3346 3898 3491 3953 viros
3532 3895 3644 3951 hoc
3705 3914 3825 3971 ap-

2162 3990 2374 4058 petere,
2410 4003 2443 4041 a
2472 4004 2586 4058 quo
2620 3988 2743 4057 ipse
2776 3991 2972 4058 pastor
3001 3986 3268 4042 Ecclesiae
3300 3986 3545 4042 feminas
3591 4002 3826 4057 procu-

2161 4075 2306 4130 ravit
2338 4075 2663 4146 prohibere.
2700 4076 2770 4129 Et
2797 4079 2885 4130 est
2907 4091 3115 4131 sensus
3149 4091 3195 4131 τι
3230 4077 3375 4131 Ecce
3407 4075 3505 4148 qui
3528 4073 3828 4133 mollibus

2160 4165 2492 4220 vestiuntur
2538 4164 2597 4219 in
2656 4164 2930 4219 domibus
2977 4181 3181 4236 regum
3227 4169 3390 4229 sunt,
3425 4188 3452 4215 ››
3486 4165 3543 4219 1d
3575 4168 3671 4220 est
3699 4184 3828 4222 non

2160 4253 2399 4320 caelesti,
2433 4254 2533 4308 sed
2563 4257 2790 4309 terreno
2850 4269 3028 4324 regno
3087 4253 3344 4309 militant
3395 4254 3494 4326 qui
3544 4254 3704 4310 dura
3767 4261 3828 4312 et

2161 4359 2367 4414 aspera
2395 4358 2498 4414 pro
2535 4347 2647 4397 Deo
2681 4341 2905 4414 perpeti
2939 4343 3254 4414 fugiunt,et
3281 4343 3379 4412 qui
3411 4343 3591 4414 hujus
3610 4345 3826 4401 saeculi

2161 4431 2466 4487 mollitiem
2499 4435 2555 4486 et
2585 4430 3029 4486 delectationem
3053 4431 3441 4502 queruntJlli
3464 4447 3599 4505 ergo
3625 4433 3833 4490 molli-

400 4527 512 4578 Per
537 4539 701 4594 aqua}
729 4520 1274 4590 humoremjuncus
1296 4517 1624 4574 etcalamus
1647 4520 1808 4574 nasci
1831 4519 2045 4589 solent;
2079 4542 2126 4606 D
2160 4521 2268 4575 bus
2297 4520 2644 4588 vestiuntur,
2679 4519 2779 4592 qui
2811 4520 3137 4575 secundum
3183 4537 3428 4592 pompas
3466 4525 3526 4576 et
3555 4520 3829 4577 delecta-

401 4628 540 4666 nam
571 4628 638 4665 ex
668 4628 787 4665 una
816 4611 1136 4680 eademque
1168 4624 1321 4679 aqua
1351 4612 1597 4678 utraque
1648 4609 1958 4679 prodeunt,
1992 4614 2047 4666 et

401 4699 664 4753 calamus
695 4698 930 4769 quidem
977 4698 1044 4751 ad
1099 4696 1471 4752 scribendum
1531 4697 1876 4767 assumitur,
1909 4714 2043 4754 cum

396 4789 576 4861 junco
608 4804 738 4842 vero
769 4786 942 4842 scribi
975 4803 1088 4840 non
1119 4785 1481 4857 potest.Quid
1506 4786 1563 4839 in
1591 4786 1969 4857 juncoigitur
1988 4793 2045 4842 et

401 4877 628 4933 calamo
663 4876 922 4946 accipere
944 4875 1264 4929 debemus?
1287 4875 1395 4928 nisi
1421 4875 1557 4945 quia
1583 4891 1700 4929 una
1719 4879 1808 4929 est
1832 4875 2043 4930 doctri-

399 4984 476 5022 na
507 4964 765 5022 veritatis
795 4981 922 5035 quae
957 4963 1172 5019 multos
1203 4963 1496 5018 auditores
1529 4963 1752 5035 irrigat.
1777 4965 1885 5020 Sed
1913 4965 2042 5019 irri-

397 5056 516 5129 gati
548 5054 645 5110 alii
675 5055 745 5110 ad
780 5053 886 5107 hoc
915 5067 1101 5122 usque
1149 5051 1206 5105 in
1256 5053 1430 5107 verbo
1485 5053 1578 5108 Dei
1615 5053 1948 5124 proﬁciunt,
1982 5059 2046 5108 ut

398 5146 574 5200 etiam
617 5144 930 5214 scriptores
982 5142 1140 5207 ﬁant,
1176 5140 1442 5196 videlicet
1486 5148 1768 5214 tanquam
1811 5143 2040 5198 calami.

392 5233 506 5290 Alii
527 5251 658 5289 vero
681 5234 920 5288 verbum
945 5231 1043 5286 Dei
1065 5230 1504 5300 audiunt,bonae
1532 5233 1652 5303 spei
1676 5237 1732 5288 ct
1754 5237 2041 5287 rectorum

394 5340 637 5395 operum
680 5321 1034 5376 viriditatem
1067 5325 1283 5384 tenent,
1320 5321 1421 5374 sed
1453 5326 1648 5376 tamen
1681 5322 1751 5376 ad
1785 5322 2040 5376 scriben-

393 5415 534 5468 dum
569 5413 848 5483 proﬁcere
879 5409 1215 5466 nullatenus
1248 5411 1835 5482 possunt.Signiticat
1864 5411 2041 5466 etiam

393 5505 620 5556 mentes
642 5500 1078 5573 hypocritarum
1099 5500 1168 5554 ab
1184 5500 1343 5555 omni
1369 5500 1559 5555 fructu
1596 5500 1880 5555 bonorum
1901 5517 2041 5572 ope-

393 5607 523 5670 rum
558 5606 792 5670 vacuas,
830 5595 895 5644 ut
925 5589 1066 5648 illud
1103 5606 1115 5646 :
1151 5614 1176 5640 ‹‹
1213 5589 1333 5646 Sub
1366 5591 1576 5646 umbra
1608 5590 1825 5647 dormit
1857 5589 1915 5646 in
1949 5606 2037 5646 se-

2154 4610 2342 4664 tiones
2399 4609 2576 4678 hujus
2619 4608 2812 4664 saeculi
2844 4608 3062 4679 vivunt,
3097 4613 3154 4664 et
3183 4609 3510 4664 ambitiosis
3541 4611 3828 4668 vestibus

2156 4699 2508 4766 induuntur;
2543 4697 2602 4751 hi
2637 4697 2914 4753 nimirum
2938 4702 2993 4754 et
3013 4697 3178 4753 aulas
3201 4715 3404 4769 regum
3426 4703 3830 4770 appetunt,et

2155 4787 2211 4841 in
2246 4803 2446 4842 corum
2478 4786 2750 4842 domibus
2781 4786 3044 4843 habitare
3076 4789 3460 4859 congaudent.
3516 4787 3583 4842 Et
3613 4789 3829 4844 scien-

2155 4876 2294 4931 dum
2328 4876 2465 4948 quia
2497 4875 2643 4930 falsa
2666 4876 2932 4932 doctrina
2957 4893 3190 4948 semper
3219 4876 3538 4932 humanam
3565 4875 3826 4934 laudem

2155 4965 2416 5036 requirit,
2451 4971 2516 5020 ut
2546 4982 2647 5037 per
2675 4964 2942 5019 eamdem
2975 4968 3205 5020 terrena
3238 4969 3399 5020 lucra
3427 4967 3825 5024 accumulare

2154 5055 2357 5126 possit,
2390 5059 2445 5109 et
2476 5053 2656 5125 copiis
2691 5059 3051 5109 terrenarum
3094 5070 3289 5108 rerum
3324 5053 3582 5109 affluere.
3647 5056 3824 5112 Sicut

2152 5145 2305 5198 enim
2356 5143 2439 5197 illi
2486 5143 2584 5214 qui
2637 5142 2820 5197 serico
2876 5148 2934 5198 et
2991 5161 3252 5215 purpura
3307 5148 3364 5198 et
3414 5145 3585 5216 bysso
3626 5145 3823 5200 nitide

2152 5233 2367 5304 compti
2399 5232 2564 5288 aulas
2595 5248 2796 5303 regum
2823 5237 3188 5304 appetunt,et
3209 5233 3268 5287 in
3290 5248 3490 5288 eorum
3516 5233 3816 5289 domibus

2152 5322 2414 5377 habitare
2463 5321 2850 5392 congaudent,
2883 5322 2967 5376 sic
2999 5338 3029 5375 e
3059 5321 3347 5377 contrario
3405 5321 3824 5378 admouentur

2151 5411 2334 5466 sancti
2369 5410 2474 5465 viri
2508 5414 2590 5480 ut,
2625 5411 2970 5466 necessariis
3001 5411 3365 5466 vestimentis
3393 5413 3688 5477 contenti,
3715 5431 3819 5468 au-

2149 5498 2234 5552 las
2266 5514 2468 5570 regum
2499 5513 2728 5569 semper
2757 5497 3048 5554 declinare
3078 5499 3371 5555 studeant.
3405 5499 3606 5554 Potest
3630 5501 3821 5557 etiam

2148 5588 2258 5644 iste
2289 5587 2451 5646 locus
2473 5586 2650 5646 altius
2672 5587 2917 5661 intelligi
2941 5589 3050 5648 hoc
3072 5587 3438 5664 modo,quasi
3464 5605 3571 5666 per
3588 5589 3825 5654 molles
