4018 6200
270 348 386 408 877

1785 353 2156 413 HOMILLE.

3554 361 3672 421 878

262 485 452 537 vestes
477 480 858 553 designentur
882 479 1145 536 carnales
1165 480 1601 548 delectationes,
1622 490 1678 537 et
1702 498 1913 537 concu-
1943 484 1992 549 Α
2028 487 2136 549 est,
2160 484 2260 537 sed
2285 484 2458 539 etiam
2483 502 2685 541 omnes
2709 486 2807 557 qui
2831 486 3139 542 sacerdotii
3174 486 3407 543 nomine
3437 504 3673 545 censen-

257 570 578 641 piscentiae.
632 568 719 623 Illi
770 585 905 641 ergo
956 568 1233 625 mollibus
1285 570 1617 625 induuntur
1662 572 1763 642 qui
1804 589 1909 643 per

255 660 519 714 carnales
549 658 1051 730 concupiscentias
1082 663 1139 714 et
1168 659 1583 715 delectationes
1616 660 1741 715 suis
1774 676 1906 733 pec-

255 747 597 818 catis,quasi
621 747 978 818 quibusdam
995 747 1378 811 vestimentis,
1394 748 1907 817 induuntur,unde

256 835 572 891 Psalmista
594 836 761 892 dicit:
790 859 811 885 «ι
836 837 1032 891 Induit
1054 854 1115 891 se
1142 836 1548 892 maledictione
1573 838 1907 893 sicutvesti-

260 929 479 980 mento.
515 948 542 973 ››
580 924 780 996 Aliter,
815 926 899 980 illi
933 926 1209 981 mollibus
1239 927 1570 981 vestiuntur
1600 928 1701 998 qui
1736 927 1907 982 malis

259 1013 601 1070 hominibus
628 1015 965 1085 adulantur,
999 1020 1055 1070 et
1083 1015 1260 1071 vitam
1288 1016 1577 1070 malorum
1602 1016 1907 1072 hominum

262 1105 432 1176 quasi
462 1104 817 1176 quibusdam
847 1104 1265 1160 blandimentis
1306 1104 1517 1175 fovent,
1574 1110 1631 1160 et
1673 1111 1909 1176 peccata

261 1211 463 1250 eorum
509 1194 752 1249 diversis
806 1193 1183 1249 suasionibus
1237 1194 1596 1265 cooperiunt.
1650 1197 1907 1250 Joannes

262 1283 417 1338 enim
442 1282 722 1339 mollibus
747 1283 987 1337 vestitus
1014 1299 1128 1338 non
1151 1286 1292 1353 erat,
1309 1283 1446 1354 quia
1469 1282 1646 1337 vitam
1671 1298 1910 1353 peccan-

257 1372 409 1428 tium
442 1389 560 1427 non
592 1371 1004 1427 blandimentis
1037 1371 1286 1441 fovebat,
1319 1372 1421 1426 sed
1470 1371 1657 1442 rigore
1689 1390 1906 1443 aspera:

255 1460 605 1517 invectionis
634 1461 973 1533 increpabat
1002 1460 1204 1515 dicens
1233 1476 1246 1514 :
1282 1483 1309 1509 ‹‹
1343 1460 1652 1517 Genimina
1679 1462 1905 1533 vipera-

258 1567 418 1618 rum,
475 1550 607 1622 quis
653 1549 908 1605 ostendit
944 1549 1107 1605 vobis
1154 1552 1352 1621 t'ugere
1383 1566 1415 1603 a
1444 1555 1685 1605 ventura
1712 1550 1845 1605 ira?
1876 1574 1903 1600 ››

256 1640 405 1695 Hinc
437 1640 710 1695 Salomon
742 1639 919 1695 dicit:
956 1662 982 1688 ‹‹
1012 1638 1202 1693 Verba
1226 1638 1581 1711 sapientium
1610 1640 1777 1711 quasi
1801 1640 1903 1694 sti-

260 1728 430 1797 muli,
453 1733 509 1784 et
531 1728 699 1801 quasi
727 1728 872 1784 clavi
895 1728 953 1783 in
976 1727 1161 1783 altum
1194 1727 1311 1782 ﬁxi.
1341 1751 1361 1777 ιι
1399 1728 1465 1782 Et
1490 1729 1636 1784 bene
1666 1729 1901 1799 quidem

261 1819 437 1872 verba
480 1818 833 1889 sapientium
884 1816 1145 1873 stimulis
1183 1822 1239 1871 et
1268 1817 1446 1873 clavis
1475 1817 1901 1887 assimilantur,
1936 1855 1983 1919 B

264 1907 401 1979 quia
430 1907 631 1978 culpas
663 1907 1027 1977 peccantium
1059 1906 1332 1961 nesciunt
1362 1906 1617 1979 palpare,
1642 1907 1742 1963 sed
1768 1924 1909 1978 pun-

261 2014 436 2069 gere;
490 1996 761 2051 nesciunt
790 1996 1000 2063 fovere,
1054 1996 1155 2051 sed
1185 1996 1502 2066 increpare.
1560 2020 1585 2045 ‹‹
1615 1997 1722 2051 Sed
1766 1995 1904 2067 quid

261 2087 462 2143 existis
493 2085 733 2140 videre?
764 2084 1134 2155 Prophetam.
1169 2106 1196 2132 ››
1243 2085 1404 2149 Quod
1436 2085 1591 2139 enim
1624 2084 1908 2139 Dominus

259 2176 404 2231 dicit
429 2193 440 2230 :
482 2198 502 2223 ι
528 2175 639 2229 Sed
663 2174 803 2244 quid
826 2174 1028 2228 existis
1048 2173 1283 2228 videre?
1302 2194 1327 2224 ι)
1365 2190 1480 2229 non
1504 2174 1613 2228 hoc
1640 2174 1908 2245 negando

257 2264 417 2319 sicut
446 2263 738 2335 superius,
772 2262 874 2317 sed
907 2261 1101 2332 potius
1139 2261 1487 2317 afﬁrmando
1520 2260 1636 2329 ait;
1670 2262 1825 2316 unde
1854 2265 1911 2316 et

255 2369 395 2408 mox
420 2352 755 2424 subjungit:
780 2374 807 2401 ‹‹
831 2351 1006 2405 etiam
1028 2351 1158 2406 dico
1177 2350 1339 2405 vobis
1363 2356 1420 2406 et
1447 2351 1761 2422 plusquam
1786 2368 1912 2422 pro-

255 2442 519 2513 phetam.
546 2461 573 2490 »
599 2441 711 2495 Sed
737 2441 1115 2511 quaerendum
1138 2444 1226 2496 est
1248 2456 1427 2511 quare
1449 2440 1734 2495 Dominus
1757 2440 1912 2495 dicat

257 2531 546 2586 Joannem
566 2528 881 2600 plusquam
897 2528 1405 2600 prophetam,cum
1426 2529 1550 2599 ipse
1567 2528 1705 2583 alibi
1725 2530 1914 2600 requi-

263 2619 423 2681 situs,
448 2617 746 2689 negaverit
776 2634 838 2672 se
869 2634 997 2673 esse
1027 2617 1391 2689 prophetam.
1442 2616 1718 2688 Nunquid
1752 2618 1910 2672 aliud

262 2707 496 2765 Veritas
525 2706 760 2773 clamat,
784 2710 842 2760 et
862 2705 1021 2760 aliud
1044 2722 1230 2777 praeco
1255 2705 1533 2761 Veritatis
1562 2706 1913 2761 denuntiat?

262 2798 375 2853 Sed
408 2814 521 2852 non
554 2797 724 2851 debet
751 2794 932 2849 videri
964 2794 1342 2861 contrarium,
1367 2794 1506 2866 quia
1534 2796 1689 2849 unde
1717 2794 1911 2849 Domi-

272 2904 388 2944 nus
418 2903 552 2942 eum
583 2884 723 2939 dicit
752 2901 879 2939 esse
910 2883 1223 2955 plusquam
1256 2883 1623 2955 prophetam,
1673 2884 1808 2938 inde
1853 2900 1915 2939 se

267 2978 526 3033 Joannes
556 2972 784 3047 negavit
833 2989 961 3028 esse
1004 2972 1372 3044 prophetam.
1423 2972 1569 3027 Nam
1622 2972 1914 3045 propheta:

269 3066 530 3121 ofﬁcium
551 3070 795 3120 ventura
816 3066 907 3117 est
924 3061 1257 3133 praedicere,
1273 3077 1388 3115 non
1413 3062 1589 3115 etiam
1609 3062 1917 3132 praesentia

268 3152 963 3210 demonstrare.Joannes
986 3150 1141 3205 enim
1168 3149 1451 3221 propheta
1470 3149 1579 3203 fuit
1606 3166 1915 3222 quousque

266 3247 467 3301 futura
495 3242 792 3315 praedixit;
827 3241 925 3297 sed
960 3239 1275 3311 plusquam
1310 3240 1592 3310 propheta
1618 3239 1743 3310 fuit,
1778 3239 1916 3311 quia

271 3350 451 3407 quem
482 3331 671 3388 caeteri
704 3330 996 3403 prophetae
1039 3330 1304 3383 futurum
1348 3327 1759 3397 praedixerunt,
1808 3328 1918 3383 iste

270 3424 455 3496 digito
487 3419 957 3495 praemonstravit
995 3418 1234 3473 dicens:
1268 3440 1293 3465 ‹‹
1329 3417 1471 3471 Ecce
1500 3420 1701 3488 Agnus
1730 3416 1850 3472 Dei.
1883 3436 1909 3467 η

266 3515 342 3569 Et
370 3512 508 3583 quia
539 3509 765 3565 dixerat
791 3524 925 3563 eum
948 3506 1233 3562 Dominus
1264 3522 1378 3559 non
1410 3521 1538 3560 esse
1567 3506 1917 3560 arundinem

266 3605 443 3659 vento
464 3600 768 3671 agitatam,
787 3611 976 3667 neque
1001 3593 1279 3649 mollibus
1305 3593 1603 3655 vestitum,
1622 3597 1678 3647 et
1704 3610 1917 3649 nomen

270 3689 567 3763 propheta)
598 3686 733 3742 huic
764 3685 957 3757 impar
985 3700 1113 3740 esse
1142 3683 1432 3749 ostendit;
1486 3686 1543 3737 et
1581 3686 1646 3737 ut
1674 3683 1913 3737 demon-

273 3783 485 3834 straret
537 3776 670 3849 quis
709 3779 862 3831 recte
901 3773 1014 3830 dici
1054 3772 1259 3844 possit,
1314 3770 1617 3842 subjunxit
1664 3772 1865 3827 dicens
1900 3788 1913 3826 :

274 3893 303 3918 (ι
336 3868 441 3922 Hic
473 3871 561 3923 est
601 3867 672 3921 de
710 3882 826 3936 quo
878 3863 1161 3934 scriptum
1206 3867 1339 3917 est:
1392 3862 1536 3916 Ecce
1594 3878 1698 3931 ego
1749 3862 1917 3916 mitto

274 3955 552 4027 angelum
600 3970 815 4009 meum.
854 3974 881 4001 »
932 3952 1051 4006 Hoc
1080 3950 1485 4006 testimonium
1530 3950 1600 4003 de
1630 3949 1916 4005 Malachia

274 4044 560 4119 propheta
575 4046 878 4115 sumptum
896 4046 1003 4107 est,
1020 4040 1119 4096 sed
1137 4039 1253 4094 illic
1270 4039 1530 4110 loquitur
1546 4040 1655 4093 sub
1675 4056 1919 4109 persona

275 4134 426 4200 Filii,
458 4134 553 4189 hic
582 4149 716 4188 vero
746 4133 855 4187 sub
887 4146 1136 4202 persona
1166 4129 1375 4197 Patris,
1408 4131 1465 4182 et
1496 4144 1609 4181 non
1643 4128 1813 4182 debet
1841 4128 1919 4181 vi-

273 4224 400 4280 deri
429 4223 810 4291 contrarium,
836 4219 975 4291 quia
1004 4234 1254 4289 quorum
1282 4234 1401 4272 una
1428 4220 1518 4271 est
1547 4220 1779 4281 natura,
1804 4233 1920 4270 una

271 4317 557 4385 potestas,
608 4327 727 4366 una
776 4308 1071 4373 divinitas,
1120 4324 1239 4361 una
1286 4310 1376 4362 est
1426 4304 1661 4360 locutio.
1717 4328 1745 4355 ‹‹
1778 4304 1921 4359 Ecce

271 4402 446 4459 mitto
478 4399 751 4472 angelum
782 4414 1002 4464 meum,
1031 4418 1060 4446 ››
1091 4396 1148 4451 id
1181 4400 1270 4451 est
1296 4399 1580 4450 Joannem
1612 4416 1641 4444 «
1672 4400 1805 4449 ante
1837 4395 1920 4449 fa-

271 4491 425 4547 ciem
456 4494 640 4557 tuam,
668 4510 695 4538 »
727 4488 837 4544 hoc
866 4490 956 4543 est
985 4490 1117 4542 ante
1148 4483 1491 4557 mysterium
1524 4488 1631 4538 tuae
1656 4483 1921 4538 incarna-

2020 576 2119 626 tur
2149 571 2340 643 angeli
2374 578 2692 640 vocantur;
2729 576 2883 630 unde
2904 575 3046 630 dicit
3076 576 3400 647 Propheta:
3438 602 3463 627 ‹‹
3498 579 3673 633 Lahia

2016 660 2339 716 sacerdotis
2372 663 2701 717 custodient
2722 664 3053 732 scientiam,
3078 668 3132 719 et
3160 664 3347 736 legem
3372 667 3671 738 requirent

2017 766 2086 805 ex
2117 766 2213 804 ore
2246 750 2394 819 ejus,
2421 751 2561 821 quia
2592 752 2835 823 angelus
2856 753 3089 808 Domini
3118 754 3477 810 exercituum
3502 759 3609 811 est.
3640 780 3667 805 ››

2019 839 2083 893 Et
2116 856 2228 893 non
2262 839 2452 893 solum
2485 842 2836 909 sacerdotes,
2871 844 2972 897 sed
2994 844 3169 899 etiam
3194 861 3400 900 omnes
3426 840 3623 901 ﬁdeles
3650 865 3663 914 ;

2018 928 2353 999 quicunque
2398 927 2553 982 enim
2605 928 2791 985 ﬁdelis
2823 932 3117 1002 proximos
3148 950 3287 989 suos
3321 951 3354 988 a
3384 934 3667 1006 pravitate

2016 1017 2283 1083 retrahit,
2313 1022 2369 1072 et
2400 1034 2496 1072 eos
2527 1018 2598 1072 ad
2631 1018 2776 1075 bene
2808 1022 3167 1091 operandam
3200 1022 3559 1090 cohortatur,
3613 1028 3670 1079 et

2018 1107 2102 1162 eis
2127 1110 2405 1161 aeternum
2430 1106 2782 1177 supplicium
2804 1112 2860 1163 et
2882 1109 3111 1165 cceleste
3134 1128 3379 1183 regnum
3408 1113 3666 1179 nuntiat,

2018 1199 2169 1249 recte
2192 1194 2435 1266 angelus
2458 1194 2571 1249 dici
2598 1201 2806 1269 pqtest,
2829 1198 2998 1267 juxta
3018 1198 3162 1254 illud
3187 1202 3341 1271 quod
3370 1202 3431 1257 in
3453 1207 3673 1273 Apoca-

2018 1283 2165 1356 lypsi
2193 1284 2433 1355 legitur:
2466 1308 2485 1333 ι
2510 1285 2618 1349 Qui
2639 1285 2801 1340 audit
2822 1286 3187 1358 dicatzVeni,
3209 1312 3228 1338 ιι
3258 1290 3315 1344 id
3338 1295 3426 1346 est
3447 1292 3546 1362 qui
3571 1290 3673 1346 ali-

2018 1390 2194 1445 quam
2229 1373 2552 1443 spiritalem
2584 1374 2832 1447 gratiam
2865 1392 2966 1446 per
2995 1376 3284 1432 occultam
3331 1378 3670 1450 inspiratio-

2020 1479 2149 1517 nem
2200 1462 2430 1534 accipit,
2487 1467 2543 1517 et
2598 1464 2863 1533 proximo
2925 1481 3031 1519 suo
3086 1466 3360 1521 nuntiare
3412 1468 3669 1536 studeat,

2017 1556 2311 1623 quatenus
2339 1551 2464 1622 ipse
2496 1551 2707 1620 veniat,
2754 1558 2812 1608 et
2842 1569 2975 1607 cum
3008 1570 3074 1609 eo
3104 1554 3371 1625 accipiat.
3408 1556 3551 1611 Uine
3581 1562 3671 1613 est

2015 1640 2189 1695 etiam
2214 1640 2367 1711 quod
2398 1640 2455 1694 in
2482 1641 2697 1713 templo
2721 1642 2954 1697 Domini
2979 1658 3092 1697 non
3119 1642 3311 1698 solum
3335 1643 3541 1715 phialae
3566 1647 3667 1700 sed

2014 1730 2189 1784 etiam
2213 1729 2405 1800 cyathi
2431 1729 2566 1783 facti
2591 1734 2749 1785 sunt.
2769 1731 3073 1802 Sequitur:
3096 1754 3115 1781 ι(
3136 1734 3313 1787 Amen
3335 1733 3464 1787 dico
3480 1733 3666 1802 vobis,

2016 1835 2130 1873 non
2164 1817 2418 1873 surrexit
2448 1818 2601 1873 inter
2631 1823 2798 1874 natos
2840 1820 3154 1875 mulierum
3202 1823 3392 1893 major
3440 1822 3667 1877 Joanne

2019 1906 2345 1979 Baptista.»
2369 1907 2513 1970 Quia
2534 1907 2757 1962 dixerat
2780 1907 3065 1962 Dominus
3088 1909 3360 1979 superius
3380 1909 3669 1965 Joannem

2016 2011 2143 2050 esse
2201 1995 2517 2066 plusquam
2580 1995 2948 2067 prophetam,
3006 1995 3222 2051 idcirco
3277 2001 3334 2051 et
3387 2015 3543 2053 nunc
3597 1998 3670 2052 ad

2018 2084 2398 2139 astruendam
2430 2086 2557 2154 ejus
2591 2084 3060 2156 magnitudinem
3107 2102 3251 2140 usus
3281 2090 3369 2140 est
3400 2102 3670 2141 sermone

2015 2172 2279 2228 veritatis
2300 2173 2503 2227 dicens
2528 2190 2539 2226 :
2568 2196 2593 2221 ‹‹
2617 2176 2824 2238 Amen,
2850 2196 2878 2222 »
2903 2174 3057 2245 quod
3088 2174 3506 2245 interpretatur
3525 2190 3668 2229 vere.

2016 2262 2074 2316 Si
2114 2262 2271 2316 enim
2312 2262 2568 2317 Joannes
2616 2262 2686 2317 de
2740 2262 2971 2318 Christo
3022 2262 3369 2332 dubitasset,
3423 2268 3481 2317 et
3537 2278 3671 2317 eum

2020 2367 2223 2405 verum
2250 2350 2350 2405 Dei
2375 2349 2586 2405 Filium
2612 2350 2960 2423 ignorasset,
2987 2367 3363 2422 nequaquam
3390 2350 3672 2406 Dominus

2018 2442 2105 2493 tot
2143 2438 2416 2493 laudibus
2466 2456 2601 2493 eum
2649 2456 2843 2495 coram
2890 2440 3079 2494 turbis
3128 2438 3503 2510 praztulisset.
3556 2439 3669 2494 Sed

2021 2529 2402 2598 querendum
2424 2533 2513 2583 est
2538 2545 2717 2599 quare
2738 2527 3023 2583 Dominus
3045 2528 3235 2582 dicat:
3263 2551 3290 2577 «
3319 2528 3476 2583 Inter
3503 2532 3671 2583 natos

2023 2617 2337 2671 mulierum
2371 2634 2484 2671 non
2518 2616 2770 2671 surrexit
2792 2617 2980 2685 major
3002 2616 3228 2670 Joanne
3251 2616 3545 2688 Baptista;
3566 2638 3592 2664 »
3621 2617 3671 2671 si

2022 2702 2179 2757 enim
2212 2702 2365 2758 inter
2394 2707 2563 2758 natos
2596 2720 2710 2758 non
2744 2703 2996 2758 surrexit
3024 2704 3213 2773 major
3240 2701 3359 2772 illo,
3394 2719 3531 2775 ergo
3562 2719 3668 2759 nec

2021 2790 2146 2862 ipse
2177 2791 2483 2859 Christus;
2533 2790 2629 2846 ille
2658 2793 2813 2847 enim
2846 2809 2913 2847 ex
2944 2792 3187 2847 muliere
3218 2796 3391 2847 natus
3422 2796 3529 2858 est,
3582 2795 3665 2845 te-

2023 2884 2213 2935 stante
2267 2881 2561 2951 Apostolo,
2622 2882 2718 2951 qui
2770 2882 2893 2936 ait:
2961 2882 3241 2937 «factum
3289 2898 3357 2937 ex
3398 2879 3665 2947 muliere,

2023 2968 2240 3024 factum
2263 2969 2373 3024 sub
2392 2968 2547 3042 lege;
2568 2992 2587 3018 ιο
2612 2987 2725 3024 non
2744 2970 2900 3024 enim
2919 2970 3090 3025 debet
3109 2970 3290 3025 videri
3308 2970 3669 3025 contrarium

2025 3057 2161 3129 quia
2182 3057 2396 3113 mulier
2416 3058 2475 3112 in
2498 3058 2606 3114 hoc
2627 3059 2750 3113 loco
2773 3076 2874 3130 pro
2906 3074 3081 3114 sexus
3103 3058 3473 3129 corruptione
3505 3056 3670 3129 poni-

2025 3152 2140 3201 tur.
2198 3146 2319 3201 Illis
2366 3162 2503 3218 ergo
2555 3148 2835 3202 Dominus
2874 3149 3155 3203 Joannem
3189 3147 3441 3219 praetulit
3472 3148 3571 3218 qui
3605 3163 3673 3201 ex

1946 3222 1988 3287 C
2028 3235 2397 3304 mulieribus,
2452 3235 2559 3289 hoc
2591 3241 2679 3290 est
2706 3253 2774 3290 ex
2804 3237 3177 3306 corruptione
3208 3236 3387 3290 maris
3419 3240 3476 3289 et
3505 3235 3671 3289 femi-

2028 3340 2135 3389 na},
2168 3323 2287 3377 nati
2321 3328 2479 3388 sunt,
2505 3324 2604 3377 scd
2638 3340 2752 3378 non
2784 3322 2869 3376 illi
2902 3328 3054 3378 certe
3076 3323 3175 3394 qui
3199 3339 3267 3377 ex
3289 3321 3511 3392 Spiritu
3534 3338 3668 3376 san-

2028 3415 2117 3466 cto
2150 3428 2219 3466 ex
2246 3410 2485 3483 Virgine
2516 3416 2691 3467 natus
2721 3416 2829 3467 est.

2629 3571 2929 3627 HOMILIA
2970 3572 3063 3626 III.

2028 3680 2088 3734 IN
2134 3695 2288 3733 ILLUD
2340 3678 2657 3733 MA'r'rHaaI:
2716 3680 2865 3733 Venit
2910 3680 3144 3733 Joannes
3176 3680 3423 3747 Baptista
3463 3679 3668 3748 praedi-

2096 3767 2225 3804 cans
2256 3752 2317 3805 in
2358 3750 2562 3806 deserto
2591 3750 2801 3806 Juda’az
2831 3749 3013 3804 (licens
3034 3767 3053 3803 :
3087 3751 3473 3804 Prenitentiam
3502 3752 3665 3819 agite,

2097 3824 2556 3893 appropinquavit
2584 3824 2731 3877 enim
2762 3838 2991 3891 regnum
3023 3822 3307 3888 cmlorum,
3344 3826 3450 3874 etc.

2098 3950 2258 4013 Quod
2282 3948 2426 4002 dicit
2452 3952 2692 4002 sanctus
2715 3946 3071 4017 evangelista
3100 3969 3127 3995 ‹‹
3155 3946 3214 4000 in
3243 3946 3449 4001 diebus
3476 3945 3614 4016 illis,
3643 3969 3670 3995 ››

2028 4037 2076 4091 si
2106 4041 2335 4091 tantum
2367 4036 2768 4106 superioribus
2796 4035 2989 4090 verbis
3019 4036 3430 4107 conjungatur,
3456 4036 3672 4107 quibus

2026 4125 2268 4180 dicitur:
2294 4148 2321 4174 ‹‹
2344 4124 2680 4179 admonitus
2704 4124 2921 4196 Joseph
2946 4124 3187 4181 secessit
3208 4125 3267 4179 in
3292 4128 3486 4196 partes
3514 4123 3665 4179 Gali-

2028 4214 2167 4283 lmae,
2200 4236 2227 4263 »
2286 4213 2453 4268 valde
2500 4213 2857 4268 contrarium
2908 4214 3138 4269 videtur
3192 4214 3358 4268 Lucae
3402 4213 3501 4284 qui
3534 4212 3675 4266 dicit

2029 4319 2276 4376 puerum
2308 4302 2653 4358 duodecimo
2687 4320 2839 4357 anno
2870 4304 3224 4357 remansisse
3258 4302 3315 4355 in
3348 4300 3584 4371 templo,
3619 4304 3676 4354 et

2030 4396 2299 4463 parentes
2331 4393 2459 4461 ejus
2490 4409 2592 4463 per
2611 4409 2814 4447 omnes
2837 4408 3022 4446 annos
3049 4390 3384 4445 ascendisse
3412 4388 3677 4442 Hieroso-

2027 4481 2246 4553 lymam
2278 4480 2336 4533 in
2369 4479 2461 4535 die
2490 4480 2735 4534 solemni
2768 4478 3023 4545 Paschaz,
3075 4484 3131 4533 et
3172 4481 3304 4547 post
3334 4476 3443 4530 hoc
3475 4480 3673 4531 narrat

268 4580 490 4647 tionis;
526 4601 553 4629 «
586 4578 686 4651 qui
719 4576 1068 4650 praeparabit
1096 4575 1248 4630 viam
1276 4579 1440 4629 tuam
1470 4580 1605 4628 ante
1632 4577 1710 4637 te,
1747 4596 1767 4621 ι
1811 4573 1919 4627 hoc
1948 4591 1995 4655 D
2026 4573 2313 4625 Joannem
2372 4569 2684 4639 przedicare
2739 4568 3002 4655 coepisse.
3067 4566 3211 4636 Ergo
3243 4565 3291 4620 si
3325 4566 3405 4655 ita
3446 4569 3555 4632 est,
3607 4570 3673 4655 ut

272 4673 368 4726 est
412 4669 810 4741 paenitentiam
864 4666 1231 4738 praedicando
1288 4669 1344 4719 et
1394 4664 1763 4735 baptizando.
1819 4662 1917 4717 Ille

271 4759 433 4814 enim
456 4758 702 4815 Domino
722 4758 875 4812 viam
908 4760 1075 4828 parat
1102 4754 1202 4826 qui
1234 4757 1451 4809 rectam
1478 4753 1651 4807 ﬁdem
1683 4756 1740 4807 et
1768 4753 1921 4807 bona

273 4863 455 4919 opera
483 4847 795 4919 praedicat;
831 4844 1074 4917 angelus
1099 4859 1354 4914 namque
1376 4859 1587 4896 nomen
1611 4846 1699 4896 est
1723 4841 1918 4908 ofﬁcii,

273 4954 395 4992 non
420 4944 637 4992 naturae
659 4981 671 5003 ,
707 4936 860 5007 quod
882 4934 1037 4989 enim
1062 4934 1253 4988 Grazce
1276 4932 1522 5001 angelus.
1553 4930 1748 4983 Latine
1780 4946 1921 4983 nun-

271 5028 387 5083 tius
415 5027 666 5092 dicitur;
720 5029 775 5079 et
805 5024 1061 5079 Joannes
1093 5022 1309 5076 idcirco
1340 5019 1583 5091 angelus
1614 5020 1807 5072 dictus
1838 5022 1926 5071 est

273 5133 394 5171 non
425 5122 647 5171 naturae
678 5114 974 5179 societate,
1026 5111 1127 5165 sed
1170 5110 1343 5165 officii
1390 5107 1695 5179 dignitate.
1753 5107 1925 5161 Recte

274 5221 417 5277 ergo
439 5206 539 5276 qui
566 5220 889 5276 supernum
911 5201 1177 5255 Judicem
1204 5205 1441 5253 venerat
1464 5198 1731 5251 nuntiare
1758 5213 1927 5267 ange-

272 5295 374 5349 lns
421 5296 615 5350 dictus
662 5299 768 5359 est,
820 5297 883 5345 ut
912 5289 1259 5359 dignitatem
1292 5293 1551 5341 servaret
1582 5286 1639 5339 in
1691 5286 1925 5339 nomine

274 5400 459 5455 quam
491 5382 761 5453 explebat
790 5381 846 5433 in
871 5377 1228 5449 operatione.
1254 5374 1452 5429 Altum
1477 5375 1692 5444 quippe
1717 5389 1925 5426 nomen

273 5479 370 5531 est
398 5470 614 5543 angeli,
638 5469 738 5523 sed
761 5469 878 5521 vita
905 5464 1150 5520 Joannis
1188 5481 1303 5517 non
1334 5462 1574 5516 inferior
1600 5462 1740 5527 fuit;
1779 5465 1927 5515 recte

272 5579 418 5635 ergo
441 5557 631 5631 potuit
652 5556 764 5610 dici
789 5554 1032 5626 angelus
1054 5558 1340 5621 terrenus,
1366 5556 1422 5605 et
1454 5552 1624 5604 homo
1652 5549 1925 5604 caelestis.

278 5653 349 5718 Et
370 5646 675 5713 sciendum
695 5647 834 5718 quia
856 5660 971 5701 non
996 5642 1186 5699 solum
1199 5641 1455 5698 Joannes
1473 5639 1715 5713 angelus
1736 5639 1928 5697 dictus

2029 4658 2333 4713 Malthznus
2358 4656 2519 4726 dicit,
2546 4655 2601 4709 id
2626 4658 2733 4721 est,
2768 4655 2922 4725 quod
2952 4654 3210 4709 Joannes
3237 4653 3437 4708 statim
3470 4653 3675 4726 praedi-

2030 4764 2161 4802 care
2207 4746 2477 4818 cmpisset
2525 4748 2837 4815 postquam
2885 4742 3103 4813 Joseph
3152 4758 3419 4797 reversus
3467 4748 3556 4798 est
3605 4743 3676 4797 de

2032 4841 2275 4908 zEgypto
2307 4852 2440 4890 cum
2474 4850 2678 4905 puero,
2710 4836 2764 4886 et
2795 4832 3031 4885 veniens
3063 4831 3345 4886 habitavit
3365 4831 3672 4896 Nazareth,

2034 4926 2324 4996 quomodo
2352 4940 2552 4978 verum
2603 4928 2692 4975 est
2736 4922 2887 4991 quod
2942 4922 3128 4975 Lucas
3175 4922 3271 4987 ait,
3333 4922 3431 4990 qui
3479 4924 3677 4973 narrat

2035 5031 2281 5085 puerum
2315 5011 2661 5067 duodecimo
2692 5027 2845 5064 anno
2877 5010 3228 5065 remansisse
3261 5010 3317 5062 in
3351 5007 3593 5078 templo,
3624 5012 3681 5061 et

2034 5106 2304 5175 parentes
2326 5102 2453 5170 ejus
2478 5116 2576 5171 per
2598 5115 2801 5153 omnes
2836 5116 3020 5152 annos
3052 5098 3384 5152 ascendisse
3418 5096 3681 5151 Hieroso-

2034 5193 2249 5264 lymam
2276 5192 2332 5243 in
2356 5192 2447 5243 die
2471 5187 2719 5243 solemni
2750 5188 3005 5255 Paschze,
3039 5193 3095 5239 et
3124 5202 3373 5256 puerum
3405 5185 3677 5249 crevisse,

2037 5279 2285 5335 maxime
2308 5295 2439 5333 cum
2458 5278 2711 5331 Joannes
2730 5278 2796 5333 .in
2823 5276 3075 5347 perfecta
3092 5279 3255 5328 aetate
3278 5274 3515 5344 coeperit
3538 5290 3679 5343 prae-

2036 5371 2267 5425 dicare?
2298 5369 2361 5423 Et
2395 5372 2455 5421 ut
2488 5366 2648 5421 nulla
2679 5366 2755 5419 sit
2784 5365 3186 5433 contrarietas,
3211 5363 3365 5433 quod
3398 5362 3536 5415 dicit
3566 5385 3592 5409 ‹‹
3622 5361 3680 5417 in

2037 5458 2243 5511 diebus
2298 5456 2435 5522 illis,
2474 5480 2497 5501 ››
2559 5471 2670 5507 non
2714 5457 2802 5507 est
2851 5451 3182 5523 specialiter
3211 5450 3578 5505 referendum
3609 5452 3683 5505 ad

2038 5546 2177 5599 illud
2213 5551 2443 5615 tempus
2477 5563 2487 5597 :
2537 5570 2561 5591 α
2600 5548 2913 5613 Postquam
2946 5539 3163 5612 Joseph
3198 5555 3462 5593 reversus
3494 5543 3581 5593 est
3613 5539 3682 5594 de

2036 5639 2277 5711 .Egypto
2300 5651 2430 5693 cum
2456 5648 2656 5707 puero,
2680 5637 2736 5687 et
2756 5631 2992 5717 veniens
3014 5630 3298 5689 habitavit
3322 5628 3627 5707 Nazareth,
3653 5652 3677 5687 η
