4018 6200
423 317 538 410 8'19

922 341 1227 405 REMIGII
1271 341 2025 406 ANTISSIODORENSIS
2068 339 2242 402 OPP.
2287 339 2486 401 PARS
2532 340 2608 400 II.
2643 371 2719 384 —
2746 335 3322 400 MISCELLANEA.

3701 329 3835 399 8.8.0

425 465 902 549 scdgeneraliter
949 474 1319 560 referendum
1366 478 1454 530 est
1500 475 1571 530 ad
1621 491 1793 531 omne
1836 477 2069 544 tempus
2099 473 2153 540 Α
2184 470 2406 526 homini
2429 471 2571 543 regi,
2592 474 2688 560 net
2707 470 2845 526 item
2851 485 2874 560 ξ
2898 488 2924 560 _«
2941 468 3144 560 Simile
3167 470 3254 524 est
3273 482 3523 540 regnum
3548 466 3830 560 ctelorum

425 565 687 622 infantiae
737 568 793 619 et
841 562 1099 635 pueritia:
1151 563 1404 629 Domini,
1435 567 1500 619 ut
1530 564 1606 619 sit
1647 580 1898 620 sensus:
1954 585 1981 612 «
2014 562 2074 617 in

425 655 633 710 diebus
682 651 820 719 illis,
855 674 881 701 »
933 651 989 706 id
1021 656 1110 707 est
1139 657 1452 724 postquam
1503 653 1624 707 hzec
1661 652 1749 708 vel
1783 651 1883 706 illa
1911 655 2077 723 gesta

429 748 585 814 sunt,
613 759 737 813 quae
767 739 955 795 caeteri
977 739 1345 813 evangelista:
1369 741 1438 796 de
1467 741 1714 795 infantia
1741 745 1798 795 et
1826 738 2075 810 pueritia

427 831 656 887 Domini
677 845 864 900 usque
887 829 957 883 ad
983 829 1351 900 trigesimum
1376 846 1598 884 annum
1621 833 1917 895 narrant,«
1934 834 2073 884 tunc

425 920 585 975 venit
612 919 869 974 Joannes
897 936 911 984 ;
948 938 969 966 ι
1006 922 1061 973 et
1090 918 1395 973 sciendum
1419 919 1574 988 quod
1601 935 1807 973 omnes
1827 933 2070 990 evange-

426 1008 572 1063 lista:
588 1007 808 1064 faciunt
820 1006 1174 1062 mentionem
1190 1005 1368 1077 hujus
1380 1006 2066 1078 pradicationisJoannis.

425 1098 568 1152 Ecce
614 1097 820 1151 beatus
869 1094 1197 1163 Matthzeus,
1251 1099 1564 1166 postquam
1615 1099 1814 1150 narrat
1852 1095 2069 1166 Joseph

413 1194 722 1240 reversum
746 1185 1070 1255 de/Egypto
1095 1200 1227 1237 cum
1251 1200 1430 1255 puero
1449 1181 1676 1238 venisse
1699 1187 1754 1238 et
1775 1182 2070 1238 habitasse

423 1273 727 1342 Nazareth,
762 1289 897 1327 mox
921 1273 1122 1344 jungit
1151 1272 1348 1328 dicens
1375 1290 1387 1328 :
1430 1295 1456 1326 α
1481 1272 1653 1328 Venit
1680 1273 1931 1328 Joannes
1961 1273 2069 1328 Ba-

424 1365 604 1436 ptista
633 1361 976 1435 pradicans,
1000 1383 1027 1410 ››
1057 1365 1165 1416 etc.
1190 1361 1443 1430 Marcus,
1468 1361 1787 1434 sequipeda
1807 1361 1984 1431 illius,
2009 1364 2066 1417 in

424 1452 710 1525 principio
737 1450 1033 1522 Evangelii
1061 1451 1153 1506 sui
1180 1451 1314 1506 fecit
1337 1451 1692 1507 mentionem
1717 1451 1894 1521 hujus
1924 1469 2069 1523 prae-

423 1541 733 1597 dicationis
765 1539 965 1594 dicens
992 1555 1004 1594 :
1043 1562 1063 1587 a
1101 1539 1343 1593 Initium
1375 1538 1689 1611 Evangelii,
1721 1562 1748 1590 »
1779 1543 1836 1594 et
1865 1545 2070 1596 caetera

422 1646 611 1702 usque
633 1629 733 1684 ubi
758 1629 840 1684 ait
865 1645 876 1683 :
917 1618 946 1677 ci~
963 1627 1085 1683 Vox
1105 1627 1417 1683 clamantis
1443 1628 1502 1682 in
1527 1629 1774 1696 deserto,
1802 1650 1830 1677 »
1855 1633 1911 1685 et
1931 1629 2070 1701 quia

423 1719 571 1775 nihil
602 1717 906 1791 praemisit,
930 1716 1147 1772 idcirco
1178 1733 1293 1771 non
1317 1717 1464 1771 dixit
1495 1740 1521 1766 ‹‹
1551 1716 1607 1771 in
1638 1717 1844 1773 diebus
1877 1718 2011 1787 illis,
2039 1741 2066 1768 »

2185 561 2387 615 decem
2415 559 2760 632 virginibus.
2785 580 2811 609 »
2848 557 3070 613 Dicitur
3090 561 3148 612 et
3168 573 3491 629 supernum
3515 556 3754 626 solium,
3778 564 3832 616 et

2184 647 2327 704 illud
2357 666 2369 704 :
2404 672 2432 699 «
2461 648 2627 703 Multi
2657 649 2891 704 venient
2937 647 3008 702 ab
3061 647 3283 702 oriente
3321 651 3379 702 et
3406 647 3731 718 occidente,
3779 656 3832 704 et

2184 737 2527 793 recumbent
2555 754 2690 794 cum
2711 735 3026 806 Abraham,
3056 737 3236 803 Isaac,
3267 739 3324 791 et
3348 736 3531 792 Jacob
3563 736 3626 791 in
3656 752 3829 809 regno

2183 825 2480 882 caelorum.
2515 849 2542 878 »
2579 830 2644 880 Et
2672 826 2781 881 hoc
2812 828 3001 881 totum
3031 813 3126 879 hic
3155 823 3401 897 intelligi
3437 828 3630 897 potest
3665 830 3729 880 ut
3758 826 3830 882 sit

2181 932 2394 970 sensus
2416 932 2429 970 :
2450 939 2477 965 ‹‹
2504 914 2993 988 appropinquavit
3019 930 3264 986 regnum
3289 913 3593 980 caelorum,
3614 936 3645 964 η
3664 914 3722 970 id
3744 923 3828 972 est

2181 1009 2243 1058 ut
2263 1005 2528 1060 Christus
2554 1007 2756 1076 regnet
2784 1003 2845 1058 in
2877 1002 3040 1058 vobis
3065 1027 3078 1068 ;
3111 1001 3249 1073 sive,
3284 1024 3313 1053 «
3335 1004 3826 1076 appropinquavit

2179 1110 2422 1165 regnum
2439 1093 2644 1148 coeloru
2655 1110 2708 1147 m
2720 1136 2732 1158 ,
2743 1092 2832 1146 nid
2847 1095 3028 1161 est,ut
3041 1091 3139 1162 qui
3153 1090 3822 1165 carnaliter-Scriptura!!!

2180 1182 2618 1253 intelligebatis,
2634 1180 2977 1252 intelligatis
2998 1179 3408 1251 spiritualiter;
3425 1181 3607 1247 εἰναι(
3625 1198 3827 1254 appro-

2179 1271 2485 1343 pinquavit
2512 1287 2760 1342 regnum
2790 1268 3092 1337 caelorum,
3128 1290 3156 1318 »
3188 1269 3245 1324 id
3276 1272 3368 1324 est
3397 1274 3483 1337 ut,
3521 1271 3620 1341 qui
3654 1273 3824 1327 eratis

2180 1362 2503 1433 Synagoga,
2529 1359 2659 1416 sitis
2686 1357 2977 1429 Ecclesia;
3018 1378 3045 1410 α
3067 1357 3208 1424 sive,
3233 1357 3727 1431 appropinquavit
3747 1377 3827 1417 re-

2179 1465 2361 1520 gnum
2393 1447 2692 1514 coelorum,
2727 1471 2757 1499 »
2787 1448 2846 1503 id
2879 1450 2968 1503 est
2997 1450 3059 1502 ut
3080 1463 3215 1502 cum
3239 1446 3470 1503 Christo
3493 1448 3552 1503 in
3577 1459 3825 1521 superno

2179 1538 2325 1594 solio
2356 1537 2629 1610 regnetis.
2682 1559 2711 1587 «
2743 1537 2846 1592 Hic
2877 1540 2968 1592 est
2997 1535 3096 1608 qui
3129 1535 3325 1592 dictus
3354 1541 3443 1592 est
3469 1553 3577 1609 per
3602 1538 3820 1594 Isaiam

2179 1627 2542 1699 prophetam.
2579 1648 2608 1676 »
2659 1625 2914 1680 Dubium
2947 1629 3037 1680 est
3065 1640 3325 1696 namque
3354 1626 3515 1696 cujus
3545 1626 3665 1681 sint
3695 1625 3823 1683 hinc

2174 1717 2369 1787 verba,
2403 1715 2677 1787 Baptistae
2709 1713 2951 1783 scilicet,
2995 1731 3069 1770 an
3099 1713 3481 1786 evangelista.
3525 1714 3822 1772 Videntur

425 1813 526 1864 aut
570 1806 804 1878 aliquod
836 1805 969 1860 tale.
1021 1806 1206 1860 Lucas
1251 1821 1406 1876 vero,
1459 1810 1771 1876 postquam
1814 1807 2070 1863 narravit
2098 1845 2145 1910 B
2178 1805 2413 1877 quidem
2446 1803 2812 1877 evangelista:
2843 1820 2972 1860 esse
2999 1821 3013 1871 ;
3064 1803 3167 1858 sed
3196 1804 3246 1858 si
3276 1803 3468 1859 sobrie
3494 1803 3651 1858 dicta
3680 1820 3820 1859 san-

424 1914 671 1969 puerum
704 1895 1048 1951 duodecimo
1085 1911 1236 1949 anno
1269 1895 1622 1950 remansisse
1651 1894 1709 1949 in
1742 1897 1980 1968 templo,
2014 1902 2070 1953 et

424 1990 698 2059 parentes
719 1987 846 2056 ejus
869 2001 971 2055 per
999 2000 1202 2038 omnes
1233 2000 1418 2038 annos
1443 1983 1775 2040 ascendisse
1799 1985 2065 2043 Hieroso-

425 2076 668 2148 lymam,
684 2091 815 2129 mox
838 2073 1143 2144 subjungit
1160 2072 1360 2128 dicens
1377 2090 1389 2128 :
1407 2074 1613 2129 «Anno
1633 2073 2068 2144 quintodecimo

423 2163 654 2237 imperii
684 2162 900 2218 Tiberii
931 2162 1174 2217 Caesaris
1205 2161 1425 2217 factum
1456 2167 1545 2217 est
1573 2162 1814 2218 verbum
1843 2165 2066 2222 Domini

422 2271 602 2327 super
628 2253 913 2309 Joannem
942 2251 1228 2307 Zachariae
1251 2250 1438 2306 ﬁlium
1465 2251 1523 2305 in
1554 2251 1806 2308 deserto.
1833 2276 1860 2303 »
1891 2255 2067 2312 Joan-

423 2361 527 2400 nes
549 2342 798 2399 ultimus
819 2346 875 2398 et
895 2341 1201 2396 facundior
1221 2341 1442 2397 cz—eteris
1474 2341 1868 2414 evangelistis,
1901 2350 2066 2416 post-

423 2450 601 2504 quam
635 2435 834 2487 narrat
861 2431 1116 2486 Verbum
1151 2430 1211 2484 in
1244 2430 1529 2502 principio
1565 2430 1743 2487 fuisse
1773 2434 1927 2504 apud
1961 2439 2066 2489 Pa-

424 2527 590 2591 trem,
641 2525 698 2575 et
744 2522 973 2574 Patrem
1018 2519 1216 2574 omnia
1247 2536 1348 2589 per
1376 2520 1572 2591 ipsum
1605 2521 1956 2590 condidisse,
2013 2528 2070 2578 et

423 2609 682 2662 Verbum
715 2624 848 2662 caro
880 2608 1101 2661 factum
1134 2607 1335 2676 fuisse,
1371 2612 1427 2661 et
1455 2608 1756 2664 habitasse
1784 2611 1842 2664 in
1876 2612 2064 2678 nobis,

421 2696 621 2752 statim
644 2695 952 2767 subjungit
973 2694 1170 2750 dicens
1198 2711 1210 2748 :
1253 2715 1279 2743 «
1303 2695 1435 2749 Fuit
1454 2695 1628 2751 homo
1650 2697 1869 2752 missus
1895 2717 1928 2752 a
1951 2699 2064 2755 Deo

420 2787 514 2842 cui
547 2803 759 2841 nomen
791 2790 914 2839 erat
940 2783 1216 2839 Joannes.
1252 2806 1280 2832 »
1313 2785 1453 2838 Ecce
1485 2785 1669 2839 sancti
1699 2786 2063 2858 evangelista:

415 2876 575 2930 vario
606 2875 802 2940 modo,
835 2877 892 2927 et
921 2873 1166 2927 diversis
1195 2872 1254 2926 in
1285 2871 1429 2927 locis
1459 2872 1678 2927 iaciunt
1707 2875 2079 2934 mentionem.

417 2963 592 3018 istius
641 2961 1092 3034 praedicationis,
1139 2967 1196 3016 et
1223 2977 1403 3032 quare
1447 2960 1604 3016 hoc?
1645 2962 1782 3034 quia
1829 2963 2060 3022 illorum

416 3053 541 3106 erat
571 3065 894 3123 praparare
925 3066 1040 3114 cor,
1079 3049 1305 3104 Domini
1337 3053 1531 3106 autem
1567 3051 2061 3126 dirigerestylum

419 3146 475 3196 et
500 3140 904 3209 intentionem,
922 3157 1056 3195 nam
1079 3138 1162 3195 sic
1184 3139 1592 3211 unusquisque
1613 3156 1814 3197 eorum
1842 3143 2057 3199 descri-

417 3229 554 3303 psit,
589 3229 740 3284 sicut
769 3228 1018 3299 Spiritus
1048 3231 1288 3284 sanctus
1335 3229 1591 3284 dictavit.
1642 3230 1712 3284 Et
1751 3232 2056 3289 sciendum
2089 3211 2131 3277 C

415 3319 568 3394 quod
600 3319 659 3375 S.
695 3317 1006 3373 Matthaeus
1039 3334 1154 3372 non
1196 3315 1389 3372 solum
1430 3321 1684 3390 tempus,
1735 3317 1950 3392 locum,
2004 3327 2061 3378 et

413 3424 749 3480 personam,
775 3407 876 3462 sed
907 3406 1082 3461 etiam
1117 3406 1374 3461 ofﬁcium
1407 3410 1463 3461 et
1492 3407 1754 3463 studium
1784 3409 1940 3480 beati
1965 3411 2060 3467 Jo-

414 3496 589 3552 annis
619 3495 982 3551 demonstrat
1008 3494 1100 3550 his
1131 3495 1342 3550 verbis.
1377 3495 1694 3551 Personam
1726 3514 1925 3554 revera
1955 3501 2058 3556 de-

412 3588 705 3640 monstrat
733 3601 866 3639 cum
899 3583 1076 3638 dicit:
1111 3607 1138 3633 «
1171 3583 1342 3639 Venit
1369 3584 1622 3640 Joannes
1650 3604 1662 3653 ;
1695 3608 1722 3634 ››
1776 3587 2056 3655 ofﬁcium,

413 3691 548 3730 cum
569 3673 903 3746 subjungit:
923 3695 950 3722 «
973 3673 1250 3744 Baptista,
1272 3696 1297 3721 ι)
1311 3673 1575 3728 studium
1594 3690 1726 3728 cum
1750 3675 1855 3730 ait:
1875 3698 1902 3726 «
1918 3694 2059 3749 pra:-

412 3765 615 3820 dicans
653 3787 673 3812 ιι
727 3763 922 3818 locum
954 3779 1087 3817 cum
1121 3761 1261 3833 dicit
1292 3778 1304 3816 :
1353 3784 1374 3810 α
1409 3761 1470 3815 in
1501 3762 1729 3818 deserto
1758 3763 1991 3837 Judeeze,
2027 3790 2055 3816 ››

411 3852 681 3924 generale
731 3858 964 3924 tempus
1003 3867 1137 3906 cum
1171 3850 1250 3904 ait
1279 3867 1290 3903 :
1347 3872 1373 3900 «
1405 3848 1464 3903 in
1497 3850 1701 3906 diebus
1734 3851 1871 3908 illis.
1909 3879 1929 3907 ι)
1989 3856 2059 3911 Et

411 3939 654 4011 pulchre
674 3943 930 3994 Joannes
952 3957 985 3994 a
1004 3939 1342 4011 poenitentia
1363 3939 1676 4012 prmdicare
1703 3941 1897 4012 ccepit,
1918 3959 2055 4000 nam

410 4026 626 4080 idcirco
657 4043 691 4080 a
721 4027 1056 4096 poenitentia
1089 4028 1403 4099 praedicare
1434 4027 1620 4100 czepit,
1638 4028 1777 4099 quia
1806 4046 1907 4101 per
1937 4048 2055 4102 pce-

412 4114 718 4171 nitentiam
735 4115 1468 4187 errratacorriguntur,nec
1487 4116 1678 4173 solum
1697 4119 1984 4174 naturalia
2000 4125 2056 4176 et

411 4203 737 4276 originalis,
754 4204 855 4258 sed
873 4203 1047 4258 etiam
1071 4204 1729 4262 amissa.Verumtamen
1749 4209 2054 4267 sciendum

410 4299 500 4350 est
529 4293 667 4365 quia
698 4309 812 4348 non
845 4292 970 4365 ipse
1017 4292 1243 4364 primus
1295 4310 1399 4347 nec
1451 4293 1611 4351 solus
1651 4298 2052 4367 paenitentiam

408 4383 766 4456 praedicavit,
820 4383 920 4436 sed
975 4381 1180 4437 habuit
1223 4381 1624 4438 testimonium
1657 4403 1690 4440 a
1719 4389 2047 4458 veteribus;

407 4473 594 4528 multa
624 4488 879 4543 namque
910 4471 1174 4543 exempla
1204 4471 1552 4543 poenitentiae
1592 4476 1963 4546 reperiuntur
1991 4479 2047 4534 in

2179 1899 2402 1952 ctorum
2433 1892 2923 1966 evangelistarum
2957 1891 3421 1959 consideremus,
3475 1909 3590 1948 non
3618 1893 3820 1950 incon-

2177 2002 2319 2058 grue
2349 1983 2625 2056 Baptistze
2656 1999 2786 2038 esse
2817 1983 3154 2037 creduntur.
3207 1981 3518 2036 Mattheus
3563 1982 3716 2037 enim
3750 1983 3818 2039 de

2178 2092 2239 2132 se
2259 2075 2386 2146 ipso
2408 2073 2575 2128 dicit:
2603 2095 2632 2122 «
2655 2072 2802 2126 Dum
2827 2070 3145 2142 praeteriret
3161 2070 3334 2126 Jesus
3353 2071 3504 2126 vidit
3524 2070 3816 2128 hominem

2176 2165 2475 2220 sedentem
2506 2163 2579 2218 ad
2609 2159 2924 2230 teloneum,
2973 2160 3311 2216 Mattheum
3345 2160 3603 2225 nomine,
3640 2183 3670 2210 »
3714 2177 3816 2217 nec

2178 2252 2322 2308 dixit
2348 2250 2494 2305 vidit
2519 2265 2644 2317 me;
2678 2253 2736 2304 et
2763 2249 3054 2304 Joannes:
3092 2269 3120 2298 ‹‹
3149 2247 3482 2320 discipulus
3514 2248 3616 2307 ille
3647 2265 3816 2320 quem

2177 2340 2456 2414 diligebat
2483 2342 2674 2405 JeSus,
2705 2359 2726 2387 υ
2762 2341 2819 2393 et
2847 2337 2986 2392 item
3013 2355 3025 2393 :
3061 2358 3089 2387 «
3110 2337 3214 2416 Hic
3244 2342 3334 2394 est
3356 2337 3694 2410 discipulus
3722 2340 3816 2410 qui

2175 2428 2580 2486 testimonium
2611 2425 2879 2500 perhibet
2900 2427 2972 2482 de
3002 2425 3114 2496 his,
3137 2430 3194 2481 et
3223 2426 3463 2498 scripsit
3491 2426 3633 2498 hac,
3661 2449 3692 2475 n
3723 2444 3820 2483 nec

2177 2518 2320 2573 dixit
2348 2519 2467 2589 Ego
2498 2533 2651 2572 sum.
2703 2519 2770 2570 Et
2799 2516 2859 2570 in
2890 2514 3084 2570 Veteri
3129 2516 3508 2572 Testamento
3558 2515 3777 2588 legitur
3806 2535 3819 2572 :

2177 2629 2205 2656 ‹‹
2237 2608 2373 2661 Erat
2403 2606 2628 2677 Moyses
2657 2602 3034 2673 mitissimus,
3058 2619 3235 2676 super
3261 2621 3468 2659 omnes
3501 2605 3604 2676 qui
3637 2619 3823 2662 mors-

2179 2696 2392 2750 hantur
2420 2695 2480 2749 in
2511 2700 2685 2749 terra.
2717 2713 2744 2745 υ
2779 2693 2849 2747 Et
2875 2692 3021 2748 Job:
3055 2715 3082 2742 ‹‹
3115 2691 3217 2748 Vir
3246 2699 3369 2748 erat
3397 2693 3455 2747 in
3487 2697 3654 2749 terra
3683 2696 3819 2761 Bas,

2174 2784 2409 2839 nomine
2437 2783 2566 2850 Job,
2593 2804 2619 2833 »
2650 2798 2754 2838 nec
2779 2781 2923 2836 dixit
2947 2782 3063 2854 Ego
3087 2797 3268 2838 eram.
3300 2781 3395 2838 Sic
3416 2787 3474 2839 et
3495 2783 3622 2839 haec
3653 2785 3822 2841 verba

2173 2889 2290 2928 non
2319 2872 2639 2944 incongrue
2669 2875 2920 2943 possunt
2948 2885 3077 2926 esse
3114 2871 3360 2926 Joannis
3410 2871 3711 2944 Baptista,
3761 2880 3821 2929 ut

2172 2962 2296 3033 ipse
2328 2961 2398 3016 de
2430 2976 2492 3016 se
2523 2960 2777 3016 dixerit:
2829 2982 2859 3010 «
2891 2958 2997 3014 Hic
3043 2964 3132 3015 est
3178 2961 3279 3032 qui
3330 2960 3531 3016 dictus
3578 2967 3671 3017 est
3717 2980 3820 3034 per

2173 3049 2384 3106 Isaiam
2411 3067 2424 3105 :
2461 3071 2489 3099 »
2540 3049 2606 3104 Et
2636 3048 2790 3121 quod
2832 3048 3049 3104 mirum
3080 3048 3129 3104 si
3161 3047 3286 3121 ipse
3315 3049 3389 3105 de
3419 3066 3481 3106 se
3514 3050 3628 3106 hoc
3655 3051 3816 3117 dixit,

2170 3155 2304 3194 cum
2336 3136 2474 3194 alibi
2505 3137 2897 3211 interrogatus
2929 3137 3063 3208 quis
3092 3142 3248 3194 esset
3269 3139 3618 3211 respondit:
3652 3163 3681 3191 α
3700 3143 3816 3214 Ego

2168 3245 2277 3284 vox
2306 3226 2613 3283 clamantis
2644 3226 2702 3280 in
2734 3227 2982 3282 deserto.
3018 3247 3049 3276 ››
3095 3227 3166 3282 Et
3195 3244 3380 3299 quare
3420 3228 3682 3285 Joannes
3709 3247 3814 3286 vox

2168 3317 2356 3372 dictus
2387 3321 2476 3372 est
2505 3333 2539 3371 a
2567 3315 2894 3388 propheta?
2933 3316 3082 3382 Quia
3108 3315 3367 3372 Verbum
3400 3320 3499 3374 Dei
3527 3320 3810 3392 'praibat;

2167 3422 2303 3461 nam
2337 3421 2405 3461 ex
2435 3405 2563 3477 ipsa
2593 3409 2794 3460 nostra
2814 3405 3106 3460 locutione
3125 3420 3476 3478 cognoscere
3499 3424 3814 3478 possumus

2167 3494 2305 3566 quia
2331 3494 2570 3550 verbum
2595 3493 2783 3549 audiri
2811 3509 2926 3548 non
2958 3498 3166 3565 potest,
3193 3494 3306 3550 nisi
3339 3495 3507 3567 prius
3525 3497 3812 3568 praecedat

2165 3601 2289 3639 vox.
2316 3583 2410 3638 Sic
2431 3587 2487 3638 et
2510 3583 2766 3638 Joannes
2791 3584 3090 3654 praecessit
3108 3582 3363 3640 Verbum
3388 3583 3554 3652 illud,
3587 3585 3814 3641 scilicet

2166 3672 2236 3725 de
2260 3686 2374 3741 quo
2405 3669 2687 3741 scriptum
2710 3673 2799 3724 est
2824 3686 2837 3724 :
2874 3691 2904 3720 «
2936 3671 3000 3725 In
3022 3670 3307 3743 principio
3324 3676 3439 3725 erat
3461 3669 3748 3727 Verbum.
3779 3695 3810 3721 υ

2167 3759 2313 3816 Nam
2345 3757 2561 3813 idcirco
2592 3758 2849 3813 directus
2879 3764 2969 3814 est
2996 3763 3060 3814 ut
3092 3775 3198 3832 per
3228 3759 3548 3832 mysterium
3578 3761 3803 3830 pradi-

2166 3847 2409 3903 cationis
2431 3847 2557 3917 ejus
2579 3846 2837 3902 Verbum
2865 3847 3050 3904 Patris
3071 3849 3142 3904 ab
3165 3847 3496 3904 hominibus
3511 3863 3798 3920 agnosce-

2165 3941 2343 3992 retur.
2394 3934 2500 3990 Ubi
2540 3939 2737 3992 autem
2768 3935 3106 3992 clamaverit
3133 3937 3470 3993 manifestat
3495 3953 3631 3994 eum
3662 3939 3805 3994 sub-

2156 4024 2354 4098 jungit
2396 4047 2423 4075 «
2453 4024 2512 4079 in
2543 4025 2794 4080 deserto.
2830 4049 2856 4075 »
2903 4027 3198 4090 Quantum
3229 4028 3303 4083 ad
3335 4028 3644 4084 historiam
3675 4046 3806 4102 per-

2163 4115 2328 4184 tinet,
2340 4114 2400 4170 in
2418 4115 2646 4170 deserto
2668 4114 2976 4183 clamabat,
2993 4117 3133 4188 quia
3149 4123 3412 4174 remotus
3427 4123 3555 4174 erat
3569 4135 3605 4173 a
3621 4119 3806 4175 turbis

2160 4204 2496 4260 Judazorum
2527 4222 2540 4262 :
2594 4203 2977 4275 spiritualiter
3005 4222 3138 4261 vero
3166 4206 3225 4261 in
3257 4209 3491 4264 deserto
3521 4208 3805 4264 clamasse

2161 4294 2393 4363 dicitur,
2418 4293 2556 4364 quia
2580 4292 2867 4348 derelicta:
2889 4309 2955 4350 ac
2979 4295 3272 4351 destitutae
3289 4297 3509 4352 Judzaze
3529 4297 3804 4354 solatium

2161 4401 2279 4439 suae
2308 4382 2726 4455 redemptionis
2757 4383 3145 4440 annuntiabat
3173 4386 3221 4440 si
3247 4386 3487 4442 credere
3517 4387 3712 4443 vellet.
3742 4387 3805 4441 Rt

2161 4475 2312 4544 quod
2336 4472 2687 4526 clamaverat
2707 4472 3044 4527 manifestat
3061 4489 3197 4528 cum
3219 4475 3627 4532 subinfertur:
3659 4497 3687 4528 ι
3705 4476 3804 4531 Pa-

403 4563 595 4617 Veteri
627 4563 1040 4627 Testamento;
1093 4561 1231 4615 dicit
1280 4562 1432 4616 enim
1468 4561 1751 4618 Dominus
1787 4583 1888 4636 per
1916 4584 2046 4638 pro-
2079 4578 2125 4642 D
2158 4566 2279 4616 rate
2298 4561 2449 4616 viam
2483 4559 2736 4627 Domini,
2767 4565 2954 4616 rectas
2984 4561 3156 4618 facite
3187 4564 3426 4619 semitas
3464 4567 3623 4635 ejus.
3650 4589 3679 4614 υ
3709 4565 3805 4621 Ille

407 4650 684 4720 phetam:
737 4671 764 4697 ‹‹
795 4649 936 4703 Nolo
988 4653 1234 4702 mortem
1283 4649 1625 4719 peccatoris,
1674 4671 1701 4697 »
1750 4655 1806 4704 et
1856 4652 2041 4709 item:

408 4760 435 4788 (ί
470 4738 879 4793 Convertimini
922 4739 990 4791 ad
1037 4753 1128 4792 me
1159 4741 1217 4791 et
1248 4738 1399 4807 agite
1441 4736 1860 4808 paenitentiam.
1902 4764 1922 4788 η
1981 4744 2049 4799 Et

403 4826 512 4883 Job
545 4826 723 4880 dicit:
755 4850 781 4874 ‹‹
809 4826 854 4880 si
880 4828 1108 4896 peccavi
1137 4826 1450 4891 inscius,et
1476 4824 1652 4879 celavi
1675 4826 2043 4898 iniquitatem

404 4932 616 4972 meam.
643 4936 669 4964 »
703 4913 771 4968 Et
802 4914 939 4985 quia
961 4931 1063 4984 per
1084 4915 1482 4985 pmnitentiam
1517 4913 1898 4984 proximiores
1930 4919 2044 4975 Deo

405 5005 716 5068 efficimur,
771 5009 827 5058 et
865 5018 1040 5074 regno
1081 5004 1358 5058 caelorum
1414 5003 1880 5076 appropinquare
1913 5025 2043 5079 pos-

406 5111 637 5164 sumus,
661 5093 788 5147 ideo
811 5091 1051 5164 pulchre
1073 5092 1381 5164 subjungit
1410 5093 1636 5147 dicens:
1670 5113 1691 5140 α
1717 5097 2043 5167 Appropin.

403 5183 603 5254 quavit
618 5199 859 5253 regnum
877 5181 1481 5252 coelorum.»Regnum
1502 5179 1778 5236 ccelorum
1794 5189 2045 5253 quatuor

404 5272 594 5328 modis
649 5271 881 5327 dicitur.
935 5271 1156 5326 Dicitur
1203 5271 1359 5325 enim
1390 5269 1679 5340 Christus,
1730 5275 1794 5326 ut
1847 5271 2037 5328 illud:

403 5384 431 5411 ‹‹
462 5362 725 5432 Regnum
763 5361 857 5415 Dei
893 5361 1048 5415 intra
1077 5378 1174 5416 vos
1206 5366 1328 5416 est:
1359 5379 1384 5410 υ
1423 5358 1637 5413 dicitur
1673 5377 1839 5416 sacra
1888 5362 2040 5416 Scri-

395 5455 590 5523 ptura,
628 5453 689 5504 ut
719 5449 859 5504 illud
890 5466 900 5503 :
940 5473 966 5499 ‹‹
1001 5448 1546 5505 Aufereturavobis
1579 5465 1823 5520 regnum
1852 5452 2042 5518 Dei,et

2156 4654 2352 4704 autem
2383 4648 2634 4704 venienti
2665 4649 2910 4704 Domino
2941 4651 3013 4705 ad
3044 4652 3221 4708 corda
3249 4653 3598 4709 auditorum
3653 4656 3806 4710 viam

2159 4741 2341 4809 parat,
2376 4737 2474 4809 qui
2507 4741 2724 4792 rectam
2747 4738 2923 4793 ﬁdem
2946 4742 3003 4794 et
3023 4740 3176 4795 bona
3200 4758 3376 4812 opera
3404 4745 3715 4815 praedicat,
3747 4749 3809 4800 ut

2156 4827 2276 4882 haec
2299 4827 2387 4881 vis
2410 4825 2608 4898 gratiae
2631 4831 2913 4897 penetret,
2929 4833 2984 4883 et
3006 4828 3204 4885 lumen
3228 4831 3492 4888 veritatis
3515 4832 3808 4898 illustrat;

2155 4921 2211 4971 et
2242 4915 2338 4970 ille
2371 4919 2555 4970 rectas
2578 4915 2817 4971 semitas
2838 4916 2994 4983 facit,
3027 4919 3126 4988 qui
3149 4936 3615 4991 persermonem
3647 4925 3807 4980 bona

2156 5004 2582 5077 praedicationis
2600 5005 2852 5060 mundas
2869 5006 3250 5077 cogitationes
3268 5010 3324 5064 in
3346 5011 3550 5066 animo
3570 5012 3805 5068 format.

2157 5095 2222 5149 Et
2251 5095 2557 5149 sciendum
2591 5093 2732 5162 quia
2762 5110 2877 5148 non
2909 5095 3099 5151 solum
3135 5097 3316 5154 Isaias
3346 5101 3630 5171 praevidit
3655 5103 3804 5157 hunc

2154 5198 2566 5256 prrecursorem
2601 5181 2831 5237 Domini
2861 5189 3197 5256 venturum,
3253 5189 3353 5244 sed
3403 5191 3592 5247 etiam
3643 5192 3806 5247 Psal-

2154 5273 2330 5328 mista
2376 5288 2508 5327 cum
2554 5271 2664 5326 sub
2695 5288 2942 5343 persona
2972 5274 3072 5329 Dei
3104 5275 3291 5332 Patris
3321 5278 3561 5335 dicebat
3590 5299 3603 5336 :
3638 5306 3666 5330 «ε
3702 5282 3800 5336 Pa-

2153 5362 2268 5417 ravi
2325 5361 2622 5416 lucernam
2680 5361 2910 5418 Christo
2970 5381 3117 5427 meo,
3160 5389 3188 5415 ››
3247 5365 3306 5420 id
3365 5359 3460 5422 est
3513 5369 3796 5425 Joannem

2153 5451 2290 5506 Filio
2322 5467 2469 5505 meo.
2525 5449 2594 5504 Et
2622 5450 2769 5505 bene
2797 5450 3054 5508 Joannes
3100 5454 3340 5511 lucerna
3372 5457 3617 5526 dicitur,
3661 5458 3795 5528 quia

395 5538 630 5593 dabitur
654 5539 811 5609 genti
840 5539 1068 5593 facienti
1099 5538 1320 5593 tructus
1343 5541 1505 5610 ejus:
1545 5559 1571 5585 »
1605 5537 1819 5593 dicitur
1839 5545 2039 5596 sancta
2149 5541 2301 5595 sicut
2334 5539 2555 5595 Lucifer
2584 5543 2718 5594 ante
2757 5539 2962 5611 solem,
2994 5542 3228 5600 lucerna
3274 5549 3409 5601 ante
3460 5547 3790 5602 dominum-

381 5623 672 5694 ‘Ecclesia,
692 5629 860 5697 juxta
881 5625 1024 5680 illud
1049 5645 1060 5681 :
1098 5651 1118 5676 ιι
1154 5626 1356 5684 Simile
1376 5632 1467 5683 est
1489 5641 1735 5698 regnum
1758 5628 2037 5686 caelorum

2150 5630 2318 5688 miles
2351 5632 2484 5687 ante
2504 5644 2722 5707 regem,
2745 5645 2930 5703 praeco
2953 5635 3086 5689 ante
3102 5633 3365 5712 judicare
3392 5654 3405 5708 ;
3437 5635 3524 5694 sic
3543 5641 3608 5693 et
3619 5635 3789 5694 ὅσης
