4018 6200
384 369 502 431 883

895 365 1196 427 REMlGlI
1238 362 1985 426 ANTISSIODORENSIS
2031 362 2204 423 OPP.
2252 361 2453 425 PARS
2498 362 2576 423 II.
2610 395 2684 407 —
2714 357 3278 424 MISCELLANEA.

3659 359 3788 422 884

383 500 602 560 mentis
634 501 845 566 fovere,
879 477 980 555 sed
1012 498 1543 571 aspere,increpare
1564 499 1736 570 juxta
1766 496 1910 552 illud
1933 497 2035 550 Sa-
2063 495 2118 562 Α
2149 495 2628 568 conversationis,
2656 499 2712 551 et
2741 498 2950 551 sancta:
2983 491 3133 561 vitae,
3164 496 3221 549 et
3266 493 3432 549 bonaa
3490 492 3793 566 opinionis

383 589 656 649 lomonis:
683 613 708 640 «
735 590 922 644 Verba
949 587 1308 660 sapientium
1333 587 1501 660 quasi
1528 585 2032 658 stimuli,et.quasi

384 681 531 738 clavi
560 681 620 734 in
650 679 832 734 altum
865 676 1057 732 deﬁxi.
1102 698 1130 725 »
1163 676 1407 731 Pulchre
1453 676 1627 732 verba
1679 675 2030 746 sapientium

384 769 643 826 stimulis
673 771 729 822 et
759 767 935 822 clavis
966 765 1534 837 assimilantur,quia
1563 764 1764 837 culpas
1788 781 2029 836 peccan-

386 860 534 916 tium
565 857 837 913 nesciunt
854 856 1220 928 palpare,sed
1245 854 1802 926 pungere,nesciunt
1820 855 2027 922 fovere,

383 950 485 1005 sed
517 948 837 1018 increpare.
896 949 1007 1000 Per
1059 962 1266 1000 zonam
1326 944 1628 1016 pelliceam
1688 943 2032 1014 designatur

383 1036 754 1094 mortiﬁcatio
786 1035 975 1107 ipsius
1004 1034 1246 1090 Joannis
1282 1053 1293 1102 ;
1329 1050 1431 1105 per
1462 1032 1574 1088 mel
1607 1031 2028 1100 silvestre,dul-

383 1127 465 1183 cis
496 1127 624 1197 ejus
654 1123 1005 1197 praedicatio;
1040 1140 1176 1178 nam
1209 1127 1382 1178 tanta
1399 1121 1728 1177 dulcedinis
1750 1138 1817 1176 ea
1837 1121 1945 1175 fuit
1965 1123 2030 1174 ut

380 1216 506 1289 ipse
535 1215 804 1272 Christus
836 1214 908 1268 ab
931 1212 1271 1269 hominibus
1304 1216 1627 1283 putaretur.
1651 1212 1720 1266 Et
1746 1211 1878 1282 ipsa
1899 1212 2026 1283 ejus

381 1305 734 1362 existimatio
764 1303 910 1358 bene
940 1301 1177 1357 locustae
1209 1301 1587 1357 assimilatur:
1621 1301 1847 1370 locusta
1869 1301 2024 1357 enim

381 1395 603 1452 elevata
627 1411 660 1448 a
690 1397 847 1448 terra
877 1391 989 1447 cito
1021 1391 1196 1460 cadit,
1232 1394 1288 1446 et
1319 1390 1402 1446 sic
1424 1390 1524 1445 illa
1554 1390 1906 1445 existimatio
1930 1408 2024 1462 po-

382 1484 524 1556 puli,
559 1500 676 1554 qua
703 1481 960 1538 Joannes
990 1481 1260 1536 Christus
1291 1479 1876 1550 existimabatur,cito
1899 1497 2025 1536 cor-

381 1574 520 1640 ruit,
557 1571 694 1644 quia
724 1570 820 1626 ille
852 1571 952 1641 qui
983 1570 1300 1641 putabatur
1320 1568 1766 1641 propheta,mox
1791 1569 2025 1642 agnitus

381 1667 470 1718 est
496 1661 786 1726 Christus,
823 1664 880 1715 et
905 1659 1001 1714 ille
1035 1658 1134 1730 qui
1167 1659 1455 1729 Christus,
1489 1675 1623 1713 mox
1652 1659 1889 1730 agnitus
1937 1664 2027 1715 est

379 1750 799 1822 propheta.Per
827 1748 1249 1820 Joannem,qui
1277 1750 1500 1804 Domini
1526 1750 1712 1818 gratia
1743 1748 2024 1820 interpre-

378 1843 558 1906 tatur,
581 1837 950 1910 signiﬁcatur
964 1837 1258 1904 Christus;
1299 1841 1360 1936 et.
1384 1854 1637 1936 congrue
1668 1837 1903 1936 quidem
1924 1838 2024 1893 Dei
2057 1871 2104 1936 B

380 1927 568 2001 gratia
597 1927 811 1983 dicitur
840 1928 940 2000 qui
964 1927 1184 1982 mundo
1214 1926 1464 1998 gratiam
1510 1927 1608 1981 Dei
1667 1927 1883 1982 attulit.
1917 1932 2026 1984 Per

377 2017 795 2075 vestimentum
829 2017 987 2074 illius
1026 2017 1368 2088 designatur
1423 2016 1678 2072 Ecclesia
1735 2017 2020 2089 gentium,

380 2125 506 2180 qua
536 2109 683 2163 bene
714 2107 1130 2163 vestimentum
1146 2105 1244 2160 Dei
1266 2105 1668 2176 dicitur,juxta
1697 2106 1841 2162 illud
1866 2109 2021 2178 quod

378 2198 666 2254 Dominus
701 2215 805 2269 per
835 2196 1150 2252 Jeremiam
1183 2195 1527 2267 prophetam
1559 2197 1697 2251 ait:»
1728 2196 1872 2252 Vivo
1895 2213 2020 2269 ego,

379 2288 521 2343 dicit
554 2287 864 2352 Dominus,
898 2286 1036 2358 quia
1069 2284 1344 2341 omnibus
1369 2284 1462 2340 his
1494 2284 1651 2340 velut
1680 2286 2022 2342 vestimento

375 2378 663 2435 vestieris.
700 2400 728 2425 ››
759 2377 1190 2432 Vestimentum
1233 2392 1484 2444 namque
1513 2375 1757 2430 Joannis
1788 2377 1859 2431 de
1890 2377 2022 2448 pilis

376 2457 734 2523 camelorum
766 2466 876 2520 t'uit
906 2468 1260 2534 contextum,
1296 2469 1353 2519 ct
1408 2468 1611 2519 sancta
1668 2464 1923 2522 Ecclesia
1953 2467 2024 2522 de

374 2555 702 2627 gentilitate
718 2557 806 2608 cst
821 2553 1633 2624 congregata.Camelusenim
1650 2554 1726 2608 im
1737 2556 2020 2610 mundum

375 2647 464 2698 est
489 2642 1062 2712 animal,secundum
1090 2641 1236 2712 legis
1267 2647 1720 2713 prwceptum,et
1735 2643 2025 2715 signiﬁcat

377 2729 788 2803 gentilitatem.
820 2730 890 2784 Et
919 2730 1065 2784 bene
1095 2746 1199 2801 per
1227 2729 1539 2794 camelum,
1577 2731 1730 2800 quod
1754 2731 2020 2787 immun-

376 2821 518 2876 dum
549 2825 638 2875 est
665 2817 907 2885 animal,
942 2817 1252 2872 immunda
1282 2815 1579 2889 gentilitas
1599 2817 2024 2888 designatur,et

375 2909 531 2980 quod
566 2908 644 2963 ita
675 2908 750 2962 sit
781 2905 1119 2962 manifestat
1150 2905 1330 2960 Isaias
1360 2905 1560 2960 dicens
1594 2921 1606 2958 :
1652 2929 1678 2952 ‹‹
1717 2907 2022 2963 Inundatio

376 2996 736 3051 camelorum
768 2994 988 3066 operiet
1011 2998 1126 3049 te.»
1151 2999 1258 3048 Per
1272 3010 1478 3049 zonam
1502 2993 1801 3066 pelliceam
1827 2996 2024 3052 morti-

380 3084 574 3139 ﬁcatio
606 3083 794 3155 ipsius
842 3085 1056 3138 sanctae
1114 3082 1382 3138 Ecclesia:
1435 3083 1804 3157 intelligitur,
1867 3087 2023 3142 unde
2053 3129 2065 3141 .

376 3172 692 3244 Apostolus
722 3172 863 3228 dicit
896 3188 909 3226 :
936 3195 965 3222 «
1000 3173 1340 3228 Mortificate
1381 3173 1646 3230 membra
1673 3179 1864 3231 vestra
1890 3193 2018 3248 quis

376 3266 514 3318 sunt
546 3279 724 3334 super
753 3265 970 3316 terram
1003 3278 1017 3328 ;
1049 3284 1078 3311 »
1109 3265 1166 3316 et
1197 3262 1334 3316 item
1369 3277 1381 3316 :
1418 3285 1444 3312 ‹‹
1478 3262 1683 3320 Carnis
1713 3281 1913 3320 curam
1947 3283 2018 3321 ne

371 3350 629 3406 faceritis
660 3350 719 3405 in
747 3349 1235 3422 concupiscentiis
1265 3350 1530 3406 vestris.»
1562 3352 1628 3408 Et
1651 3355 1933 3410 Dominus
1961 3355 2018 3410 in

371 3438 683 3510 Evangelia
719 3456 730 3492 ε
770 3461 790 3488 ι
826 3438 955 3495 Sint
982 3438 1170 3494 lumbi
1203 3440 1377 3494 vestri
1409 3441 1726 3512 praecincti,
1747 3447 1802 3498 et
1832 3444 2017 3499 lucer-

372 3545 458 3582 na:
483 3528 771 3583 ardentes.
806 3550 834 3576 »
867 3529 1090 3585 Pascha
1120 3529 1292 3585 etiam
1325 3529 1672 3586 celebraturi
1714 3553 1739 3584 α
1785 3531 2018 3588 lumbos

367 3617 711 3689 praecinctos
743 3617 960 3673 habere
1011 3642 1038 3668 »
1083 3620 1369 3690 jubentur
1404 3645 1417 3688 ;
1451 3621 1601 3676 hanc
1659 3621 1815 3677 enim
1874 3639 2020 3678 zona

369 3707 608 3780 agnitus
638 3711 728 3763 est
758 3706 934 3776 Elias,
965 3711 1023 3762 et
1051 3707 1161 3762 hac
1188 3725 1353 3776 zona,
1410 3708 1465 3762 id
1522 3713 1632 3778 est,
1691 3709 1802 3764 hoc
1850 3710 2019 3782 signo

369 3797 853 3852 mortiﬁcationis
887 3801 1286 3869 agnoscuntur
1337 3814 1542 3852 omnes
1598 3797 1800 3854 ﬁdeles
1849 3800 2020 3869 juxta

365 3884 512 3940 illud
555 3885 720 3940 Pauli
759 3904 770 3940 :
808 3910 831 3934 ‹‹
870 3885 974 3951 Qui
1034 3889 1228 3941 autem
1290 3885 1503 3942 Christi
1565 3891 1722 3954 sunt,
1783 3904 2018 3944 carnem

371 3989 540 4027 suam
575 3973 992 4029 cruciﬁxerunt
1025 3992 1158 4030 cum
1190 3974 1345 4030 vitiis
1377 3979 1434 4031 et
1471 3976 2017 4048 concupiscentiis.»

373 4061 480 4116 Per
499 4059 762 4115 locustas
777 4062 1162 4134 designantur
1177 4064 1235 4118 hi
1261 4064 1361 4136 qui
1376 4065 1446 4120 de
1458 4065 1662 4137 gentili
1685 4065 1898 4138 populo
1922 4084 2020 4121 an-

376 4153 617 4220 tequam
633 4149 702 4204 ad
722 4149 893 4204 ﬁdem
915 4151 1264 4207 transissent
1282 4151 1590 4209 instabiles
1611 4159 1778 4210 erant
1804 4159 2016 4222 mente,

383 4242 441 4294 et
472 4253 579 4293 nec
610 4238 679 4292 ad
714 4239 848 4309 ista,
884 4255 989 4294 nec
1021 4240 1092 4294 ad
1152 4239 1254 4296 illa
1308 4259 1369 4297 se
1427 4243 1742 4314 ﬂectentes,
1775 4243 2019 4300 rebelles

366 4332 426 4384 et
458 4327 913 4384 contradictores
945 4331 1110 4384 erant
1148 4327 1312 4401 legis.
1373 4330 1442 4384 Hi
1490 4331 1644 4386 enim
1695 4332 1863 4401 tales,
1898 4339 2016 4390 tam

370 4417 782 4490 praedicatione
811 4418 1058 4474 Joannis
1090 4434 1266 4490 quam
1299 4419 1617 4491 apostolica
1642 4422 2015 4492 devicti,con-

365 4507 517 4564 versi
547 4513 689 4563 sunt
720 4507 776 4562 in
837 4509 1032 4563 cibum
1094 4508 1195 4563 Dei
1229 4533 1243 4577 ;
1280 4509 1434 4564 unde
1491 4510 1777 4567 Dominus
1826 4512 1966 4567 dicit
2000 4530 2012 4567 :

2146 585 2481 651 fuerunt,de
2512 585 2726 657 quibus
2757 601 2910 639 unus
2941 583 3050 638 fuit
3070 581 3169 638 ille
3185 582 3492 638 Cornelius
3525 586 3795 641 centurio

2144 675 2216 729 de
2248 692 2362 747 quo
2393 674 2609 747 legitur
2637 675 2696 729 in
2729 674 2972 730 Actibus
3005 672 3579 746 apostolorum,quia
3607 696 3636 722 «
3670 680 3801 730 erat

2140 762 2228 818 vir
2253 764 2449 833 justus
2481 769 2537 820 et
2559 765 2775 819 timens
2801 761 3227 830 Deum,faciens
3258 762 3520 834 quotidie
3543 764 3798 820 eleemo-

2142 869 2319 924 synas
2352 853 2528 926 plebi,
2561 858 2618 908 et
2647 853 2967 925 deprecans
3003 853 3181 907 Deum
3237 851 3330 906 die
3386 868 3453 907 ac
3516 857 3709 908 nocte.
3768 878 3796 901 υ

2141 943 2297 998 unde
2327 942 2651 1015 promeruit
2679 947 2745 997 ut
2775 941 3018 1014 angelus
3055 941 3387 997 mitteretur
3414 943 3486 997 ad
3521 958 3660 997 eum
3691 943 3790 1015 qui

2139 1031 2356 1086 diceret
2387 1049 2400 1086 :
2437 1054 2465 1080 »
2496 1031 2744 1098 Corneli,
2776 1031 3059 1087 exauditae
3099 1040 3238 1086 sunt
3293 1032 3588 1087 orationes
3649 1037 3784 1098 tuae,

2137 1123 2194 1176 et
2237 1121 2616 1194 eleemosynae
2674 1125 2785 1175 tuae
2843 1122 3231 1176 ascenderunt
3285 1120 3346 1175 in
3401 1127 3784 1194 conspectum

2137 1209 2255 1265 Dei.
2296 1234 2316 1262 ι
2355 1211 2434 1266 De
2465 1211 2538 1266 iis
2568 1210 2744 1266 etiam
2777 1211 2887 1264 fuit
2915 1209 3012 1265 ille
3044 1215 3250 1282 potens
3290 1211 3600 1268 eunuchus
3631 1215 3781 1269 Can—

2137 1297 2298 1353 dacis
2327 1298 2538 1371 reginae
2572 1299 2672 1371 qui
2697 1299 2843 1354 tanti
2875 1298 3054 1354 studii
3105 1300 3233 1370 fuit,
3291 1304 3358 1355 ut
3414 1317 3533 1356 non
3589 1301 3779 1358 solum

2137 1403 2239 1457 per
2271 1404 2455 1443 annos
2486 1406 2690 1444 omnes
2722 1389 3035 1444 ascendere
3065 1388 3451 1457 Hierusalem,
3471 1392 3574 1446 sed
3604 1392 3780 1447 etiam

2136 1477 2345 1532 sedens
2376 1477 2434 1532 in
2467 1495 2641 1532 curru
2691 1477 2909 1551 legeret
2938 1478 3153 1533 Isaiam
3214 1478 3578 1551 prophetam,
3641 1499 3788 1554 qua-

2135 1571 2373 1637 propter
2403 1567 2728 1639 promeruit
2760 1572 2822 1622 ut
2854 1566 3207 1639 dirigeretur
3227 1568 3299 1622 ad
3313 1584 3446 1624 eum
3476 1569 3788 1644 Philippus

2136 1653 2442 1725 diaconus,
2477 1660 2768 1726 quatenus
2798 1656 3126 1728 baptizaret;
3183 1672 3323 1712 eum
3353 1673 3365 1711 :
3397 1663 3447 1712 et
3473 1658 3568 1713 isti
3628 1660 3785 1716 tales

2136 1759 2271 1797 cum
2299 1748 2495 1800 essent
2527 1745 2638 1800 mel
2671 1745 2936 1801 silvestre
2967 1746 3027 1800 in
3061 1745 3210 1801 silva
3257 1745 3475 1818 generis
3525 1747 3782 1805 humani

2135 1834 2396 1889 conversi
2429 1835 2499 1889 ad
2534 1835 2708 1890 ﬁdem
2739 1833 2878 1890 facti
2931 1839 3072 1890 sunt
3101 1835 3215 1891 mel
3275 1836 3659 1892 domesticum
3717 1839 3781 1894 in

2135 1919 2266 1977 sinu
2299 1927 2512 1978 sanctae
2545 1922 2868 1979 Ecclesiae.«
2902 1925 3064 1981 Tunc
3098 1924 3294 1980 exibat
3325 1925 3397 1979 ad
3420 1941 3553 1980 eum
3584 1926 3780 1982 Hiero-

2133 2010 2377 2083 solyma,
2409 2018 2465 2068 et
2495 2013 2693 2068 omnia
2723 2013 2947 2069 Judaea.
2985 2035 3012 2061 »
3045 2015 3203 2080 Quod
3237 2013 3382 2070 dicit
3404 2037 3432 2064 «
3454 2015 3612 2070 Tunc
3646 2039 3673 2064 »
3699 2018 3772 2072 ad

2134 2101 2438 2172 superiora
2468 2103 2717 2157 refertur
2748 2102 2848 2157 ubi
2870 2102 3007 2158 ait:«
3037 2102 3208 2157 Venit
3227 2103 3488 2159 Joannes
3519 2105 3775 2176 Baptista

2133 2190 2456 2260 praedicans
2487 2191 2544 2245 in
2595 2192 2845 2248 deserto.
2904 2214 2931 2241 »
2992 2192 3379 2256 Quaerendum
3439 2197 3637 2250 tamen
3690 2200 3778 2251 est

2133 2295 2312 2349 quare
2343 2280 2599 2335 Joannes
2657 2281 3012 2353 baptizabat,
3064 2298 3197 2336 cum
3259 2299 3364 2338 suo
3427 2283 3781 2356 baptismate

2131 2374 2369 2439 peccata
2398 2369 2657 2425 relaxare
2688 2388 2802 2426 non
2827 2370 3134 2443 poterat;in
3158 2371 3280 2428 solo
3304 2371 3460 2427 enim
3485 2374 3778 2446 baptismo

2133 2457 2364 2514 Domini
2417 2464 2652 2532 peccata
2687 2459 2856 2515 nobis
2901 2460 3254 2517 relaxantur.
3286 2461 3511 2517 Verum
3571 2463 3782 2520 idcirco

2131 2547 2470 2620 baptizabat
2499 2554 2788 2621 quatenus
2815 2566 2918 2621 per
2955 2551 3152 2605 omnia
3180 2550 3446 2606 ofﬁcium
3492 2569 3614 2608 suae
3643 2571 3782 2626 prae-

2133 2636 2423 2693 cursionis
2453 2637 2743 2710 impleret,
2790 2644 2854 2693 ut
2912 2639 3013 2710 qui
3073 2639 3260 2695 factus
3313 2644 3405 2696 est
3462 2659 3791 2714 praecursor

2132 2726 2366 2781 Domini
2399 2728 2714 2796 nascendo,
2749 2732 2806 2783 et
2836 2728 3227 2800 pradicando,
3260 2729 3443 2786 simul
3475 2732 3658 2787 etiam
3693 2734 3790 2789 ﬁe-

2133 2818 2218 2869 rct
2250 2816 2620 2886 baptizando.
2656 2816 2785 2873 Sive
2837 2817 2966 2873 ideo
3025 2817 3380 2890 baptizabat,
3431 2821 3577 2892 quia
3607 2821 3792 2894 bapti-

2133 2919 2328 2957 smum
2354 2902 2513 2959 illius
2530 2906 2780 2978 ﬁguram
2797 2906 3034 2978 gerebat
3053 2907 3790 2967 catechumenorum.Nam

2133 2991 2286 3046 sicut
2315 2993 2488 3048 modo
2519 2995 2956 3052 catechizantur
2986 2996 3150 3068 pueri
3170 3001 3234 3051 ut
3263 2998 3430 3070 digni
3459 3000 3608 3055 ﬁant
3636 3018 3794 3057 acce-

2133 3080 2266 3136 dere
2297 3082 2367 3136 ad
2399 3088 2836 3139 sacramentum
2869 3085 3356 3157 baptismatis,ita
3387 3091 3446 3142 et
3471 3087 3571 3144 ille
3593 3090 3785 3163 bapti-

2132 3171 2318 3238 zabat,
2355 3176 2420 3227 ut
2450 3172 2534 3226 illi
2595 3190 2744 3245 quos
2789 3191 2943 3246 aqua
2973 3174 3318 3248 intingebat,
3350 3183 3560 3248 postea
3615 3182 3783 3237 devo-

2050 3242 2092 3308 C
2129 3259 2249 3315 tius
2277 3261 2541 3328 vivendo,
2576 3242 2738 3335 digni
2771 3242 2977 3319 ﬁerent
3005 3265 3075 3318 ad
3116 3242 3482 3336 baptismum
3513 3271 3782 3326 accedere

2130 3348 2367 3404 Christi.
2403 3350 2546 3406 Item
2576 3352 2955 3422 quaerendum
2979 3357 3068 3408 est
3099 3369 3279 3424 quare
3309 3354 3368 3410 in
3397 3356 3660 3414 Jordane
3690 3359 3783 3414 ba-

2130 3435 2651 3510 ptizabat.Duabus
2672 3455 2806 3495 vero
2838 3441 2908 3495 de
2930 3441 3125 3497 causis
3146 3442 3203 3496 id
3217 3443 3426 3500 fecisse
3449 3449 3778 3519 putandum

2131 3531 2220 3582 est
2249 3543 2263 3581 :
2297 3531 2362 3582 ut
2392 3527 2469 3581 ibi
2504 3527 2727 3584 scilicet
2756 3529 3009 3601 aperiret
3029 3531 3274 3601 januam
3310 3535 3472 3605 regni
3504 3535 3778 3603 caelestis,

2131 3617 2231 3671 ubi
2264 3618 2436 3672 datus
2465 3621 2554 3672 est
2581 3618 2776 3673 aditus
2798 3618 2935 3674 ﬁliis
2966 3619 3143 3676 Israel
3183 3619 3438 3677 intrandi
3470 3623 3526 3676 in
3560 3629 3778 3680 terram

2130 3704 2626 3776 repromissionis,
2663 3707 2784 3763 sive
2815 3707 2955 3779 quia
2985 3709 3276 3765 Jordanes
3303 3727 3332 3765 a
3374 3711 3602 3765 duobus
3634 3713 3772 3768 fon-

2129 3793 2288 3847 tibus
2320 3794 2663 3863 nascitur,id
2690 3801 2780 3851 est
2811 3820 2839 3846 ‹‹
2872 3798 3043 3852 Aior»
3075 3803 3133 3853 et
3167 3819 3194 3849 ‹‹
3230 3803 3343 3853 Dan
3370 3821 3395 3848 η
3425 3798 3522 3870 qui
3554 3800 3764 3855 oriun-

2129 3887 2227 3937 tur
2253 3883 2322 3937 ad
2356 3883 2608 3939 radicem
2645 3885 2862 3942 montis
2897 3887 3123 3942 Libani.
3157 3889 3226 3943 Et
3265 3889 3391 3943 ideo
3440 3889 3770 3960 baptizabat

2131 3971 2188 4026 in
2218 3972 2473 4029 Jordane
2503 3977 2567 4028 ut
2596 3977 2927 4031 ostenderet
2957 3977 3097 4048 quia
3127 3993 3364 4034 necesse
3385 3983 3469 4034 est
3500 3981 3776 4036 omnibus

2130 4061 2348 4117 renatis
2380 4078 2482 4134 per
2510 4079 2726 4134 aquam
2759 4065 3062 4137 baptismi,
3097 4070 3161 4121 ut
3190 4068 3472 4123 studeant
3533 4068 3774 4142 implere

2130 4155 2401 4223 precepta
2431 4153 2682 4207 duorum
2714 4153 3224 4211 Testamentorum
3265 4157 3616 4214 conﬁtentes
3647 4175 3772 4230 pec-

2129 4244 2256 4295 cata
2285 4258 2411 4296 sua.
2445 4242 2589 4297 Hinc
2619 4243 2921 4299 descendit
2969 4245 3145 4300 etiam
3205 4247 3570 4302 consuetudo
3599 4247 3779 4304 eccle-

2128 4329 2368 4385 siastica
2398 4335 2463 4386 ut
2489 4331 2571 4386 illi
2605 4333 2705 4403 qui
2737 4332 3069 4405 baptizandi
3107 4338 3243 4390 sunt
3283 4335 3448 4408 prius
3482 4337 3776 4394 abrenun-

2126 4417 2274 4472 tient
2302 4419 2556 4488 diabolo,
2588 4425 2644 4474 et
2675 4421 2949 4492 operibus
2992 4423 3141 4495 ejus,
3175 4423 3407 4491 szeculo,
3441 4431 3503 4480 et
3548 4430 3778 4500 pompis

2126 4505 2334 4578 ipsius.
2373 4529 2401 4557 ‹‹
2457 4509 2676 4564 Videns
2729 4514 2924 4566 autem
2985 4511 3205 4568 multos
3259 4512 3696 4571 Pharisaeorum
3729 4522 3780 4572 et

372 4619 399 4648 «
431 4597 596 4652 Meus
628 4597 792 4653 cibus
840 4603 929 4654 est
975 4602 1040 4653 ut
1078 4598 1287 4654 faciam
1336 4598 1691 4656 voluntatem
1754 4602 1882 4671 ejus
1914 4602 2014 4672 qui
2123 4596 2596 4653 Sadduczeorum.
2653 4621 2678 4647 ››
2733 4599 3007 4656 Pharisaei
3067 4601 3534 4674 interpretantur
3591 4605 3777 4672 divisi,

290 4725 291 4728 η
372 4685 534 4739 misit
565 4702 714 4740 me.»
747 4687 922 4742 Cibus
954 4704 1089 4760 ergo
1123 4688 1352 4742 Domini
1384 4692 1472 4744 est
1502 4687 1772 4743 voluntas
1804 4689 2012 4760 Patris,

373 4777 431 4828 et
460 4774 868 4846 redemptio,et
898 4775 1060 4832 salus
1085 4777 1314 4849 generis
1359 4777 1700 4832 humani.Et
1725 4779 1882 4850 quod
1914 4795 2016 4850 per

369 4863 632 4918 locustas
647 4863 942 4935 gentilitas
957 4865 1294 4937 designetur
1309 4865 1565 4921 ostendit
1593 4865 1860 4922 Salomon
1881 4883 2010 4922 cum

372 4952 515 5008 dicit
552 4970 565 5008 :
602 4975 630 5002 «
665 4953 926 5009 Locusta:
958 4955 1112 5009 enim
1156 4973 1286 5010 cum
1327 4972 1443 5011 non
1490 4955 1745 5011 habeant
1794 4973 2012 5029 regem,

371 5059 476 5098 nec
508 5042 738 5113 duceni,
774 5059 880 5098 nec
910 5047 1341 5115 praeceptorem,
1364 5062 1728 5118 unaquaeque
1751 5046 2018 5119 graditur

371 5149 474 5205 per
501 5136 731 5188 turmas
763 5131 1057 5188 suas.»Sic
1081 5136 1135 5188 et
1161 5133 1458 5204 gentilitas
1481 5152 1614 5189 cun:
1641 5152 1753 5190 non
1775 5135 2015 5190 haberet

369 5239 566 5294 regem
602 5221 920 5290 Christum,
958 5239 1062 5277 nec
1121 5223 1350 5294 ducem,
1412 5241 1518 5278 nec
1578 5230 2010 5296 praeceptorem,

371 5310 430 5365 id
462 5314 549 5365 est
580 5311 837 5382 aliquem
861 5310 1102 5367 latorem
1139 5311 1413 5383 legis,aut
1432 5312 1682 5384 aliquem
1718 5315 2012 5369 doctorem

366 5399 456 5455 vel
490 5400 856 5472 prophetam,
891 5417 1127 5473 egressa
1157 5404 1245 5456 est
1302 5419 1404 5473 per
1456 5406 1702 5474 turmas,
1735 5403 1793 5458 id
1827 5408 1915 5458 est
1943 5405 2013 5459 de

370 5489 714 5544 inﬁdelitate
745 5491 813 5545 ad
849 5491 1096 5562 gratiam
1129 5490 1340 5546 Christi
1375 5493 1482 5546 sub
1506 5493 1725 5546 unitate
1751 5492 1880 5547 ﬁdei
1913 5511 2010 5547 cu-

374 5579 576 5633 currit.
609 5579 716 5634 Per
743 5580 858 5635 mel
892 5579 1155 5637 silvestre
1187 5581 1629 5654 designanturii
1664 5583 1762 5654 qui
1796 5581 1853 5636 in
1880 5599 2016 5654 gen-

374 5665 459 5717 tili
491 5667 730 5736 populo,
762 5674 1073 5738 antequam
1115 5671 1185 5724 ad
1241 5671 1412 5726 ﬁdem
1472 5672 1791 5736 venissent,
1825 5670 2013 5726 dulcis

2126 4687 2429 4741 Sadducaai
2492 4704 2628 4742 vero
2685 4691 2848 4761 justi,
2917 4690 3005 4746 vel
3063 4693 3360 4764 justiﬁcatz'
3418 4709 3432 4761 ;
3497 4693 3779 4750 Pharisai

2124 4775 2281 4830 enim
2310 4780 2478 4832 erant
2509 4779 2854 4850 presbyteri,
2887 4779 2945 4834 id
2978 4783 3067 4834 est
3114 4781 3375 4836 seniores
3432 4781 3780 4840 Judaaorum

2123 4864 2423 4920 Sadducaai
2453 4869 2647 4921 autem
2679 4884 2880 4922 eorum
2939 4868 3197 4924 haeretici
3236 4887 3249 4937 ;
3283 4869 3587 4942 negabant
3626 4875 3779 4930 enim

2123 4953 2401 5025 Spiritum
2437 4960 2705 5010 sanctum
2738 4960 2797 5012 et
2826 4963 3085 5030 angelos,
3145 4963 3202 5013 et
3259 4958 3524 5015 animam
3588 4965 3782 5019 vivere

2124 5047 2256 5114 post
2285 5048 2616 5110 mortem,et
2637 5044 2767 5100 ideo
2789 5046 3081 5118 negabant
3099 5063 3229 5102 esse
3260 5050 3779 5119 resurrectionem,

2123 5137 2180 5188 et
2210 5135 2364 5205 quod
2396 5133 2491 5189 isti
2524 5135 2815 5207 negabant
2847 5136 3115 5192 Pharisaei
3149 5139 3612 5196 conﬁtebantur.
3649 5143 3776 5197 For-

2122 5221 2299 5278 tassis
2328 5223 2551 5278 viderat
2580 5225 2786 5281 beatus
2829 5225 3083 5282 Joannes
3138 5228 3284 5283 istos
3343 5227 3678 5287 Pharisaaos
3723 5238 3776 5287 et

2121 5312 2467 5367 Sadducaeos
2500 5330 2612 5368 non
2647 5313 2899 5385 simplici
2954 5315 3278 5370 intentione
3335 5317 3534 5373 venire
3566 5321 3642 5375 ad
3673 5321 3773 5375 ba-

2124 5401 2408 5474 ptismum
2441 5419 2637 5468 suum,
2671 5420 2822 5475 aque
2853 5403 3069 5459 idcirco
3099 5405 3310 5460 acriter
3339 5420 3440 5462 eos
3475 5409 3770 5482 redarguit

2123 5491 2322 5544 dicens
2353 5509 2364 5545 :
2400 5515 2426 5539 «
2459 5491 2767 5564 Progenies
2791 5492 3143 5564 viperarum,
3178 5494 3312 5564 quis
3334 5497 3767 5552 ostendit-vobis

2123 5580 2321 5653 fugere
2352 5598 2384 5636 a
2412 5584 2657 5638 ventura
2686 5584 2771 5638 ira
2799 5581 2827 5635 ?
2858 5605 2886 5632 »
2919 5600 2983 5638 ac
3013 5583 3062 5639 si
3093 5584 3312 5640 diceret
3345 5601 3358 5638 :
3388 5585 3443 5639 Si
3472 5587 3544 5642 ad
3580 5604 3762 5644 meum

2120 5670 2297 5727 vultis
2327 5673 2522 5728 venire
2551 5672 2931 5746 baptismum,
2967 5672 3221 5746 simplici
3253 5674 3582 5732 intentione
3613 5677 3764 5733 veni~
