4018 6200
242 374 360 438 885

1752 370 2125 437 ΗΟΜΠᾹΛΕ.

3525 374 3643 435 886

241 514 320 578 te,
347 514 403 567 et
434 510 484 568 si
516 525 710 567 meum
742 505 918 565 vultis
966 508 1165 566 audire
1207 507 1517 566 consilium
1565 507 1737 565 facite
1767 507 1885 563 fru-
1915 506 1972 574 Α
2001 506 2181 563 mittit
2208 524 2311 580 pro
2344 508 2561 581 quibus
2593 507 2992 582 paenitentiam
3018 506 3337 580 gessit,aut
3365 505 3647 573 dissimu-‘g

241 606 374 657 ctus
403 602 611 675 dignos
643 599 1012 673 paenitentiae.
1045 598 1135 654 Illi
1166 600 1323 655 enim
1353 600 1452 673 qui
1486 600 1780 672 quondam
1817 599 1887 653 ob

244 691 523 746 meritum
555 690 688 745 ﬁdei
719 688 823 743 ﬁlii
856 688 1099 744 Abrahae
1152 689 1290 744 dicti
1338 694 1499 756 sunt,
1548 690 1722 744 modo
1754 705 1889 760 pro-

245 786 377 851 pter
406 778 809 835 inﬁdelitatem
840 777 942 832 ﬁlii
972 778 1257 850 serpentis
1283 778 1646 848 dicuntur,id
1668 782 1757 833 est
1776 777 1892 832 dia-

246 868 367 924 boli
404 887 416 924 :
455 873 511 924 et
540 868 685 923 bene
733 867 1001 922 diabolus
1050 884 1290 939 serpens
1338 868 1574 934 dicitur,
1610 867 1749 939 quia
1791 883 1893 937 per

248 961 574 1028 serpentem
607 955 998 1028 protoplastos
1027 957 1281 1028 decepit;
1332 960 1388 1011 et
1438 957 1591 1028 quod
1623 955 1893 1011 diabolus

247 1062 488 1117 serpens
555 1045 785 1100 dicatur
846 1045 1183 1100 manifestat
1236 1046 1539 1117 Scriptura
1604 1045 1805 1100 dicens
1876 1060 1889 1098 :

249 1156 277 1183 ‹‹
312 1134 612 1189 Suscitabo
644 1150 819 1205 super
850 1150 948 1189 eos
971 1134 1288 1189 Leviathan
1320 1138 1647 1206 serpentem
1673 1137 1893 1188 tortuo-

247 1239 433 1278 sum.»
465 1223 536 1277 Et
565 1222 871 1277 sciendum
903 1222 1043 1293 quia
1064 1224 1425 1278 consuetudo
1448 1227 1535 1278 est
1556 1227 1892 1278 sanctarum

246 1312 680 1383 Scripturarum
714 1311 785 1365 ab
810 1310 1134 1367 imitatione
1164 1328 1406 1383 operum
1440 1312 1679 1366 nomina
1707 1312 1893 1382 impo-

245 1417 408 1470 nere,
442 1404 507 1454 ut
536 1399 679 1455 illud
716 1418 728 1455 :
763 1422 791 1449 «
828 1399 1363 1472 Audite,principes
1395 1401 1806 1466 Sodomorum,
1839 1404 1896 1455 et

248 1490 494 1545 auribus
526 1488 756 1560 percipe
787 1489 973 1561 legem
1007 1488 1103 1544 Dei
1133 1489 1335 1557 nostri,
1368 1489 1620 1561 populus
1652 1490 1892 1545 Gomor-

248 1578 403 1645 rhaa;
448 1601 468 1626 ο
498 1582 554 1632 et
584 1577 720 1632 alibi
757 1596 768 1632 :
806 1600 833 1627 ‹‹
866 1583 1033 1632 Pater
1065 1584 1201 1633 tuus
1231 1579 1691 1645 Amorrhasus,et
1711 1582 1897 1633 mater

250 1673 354 1721 tua
384 1665 663 1721 Cethman
683 1665 955 1737 Nunquid
990 1666 1205 1721 idcirco
1232 1666 1420 1721 Judaei
1455 1666 1596 1721 adeo
1624 1665 1895 1738 appellati

253 1758 410 1821 sunt,
444 1754 599 1825 quod
648 1772 681 1809 a
729 1753 1067 1819 Sodomitis,
1100 1760 1202 1809 aut
1249 1772 1316 1809 ex
1356 1755 1742 1811 Gomorrhaeis
1776 1755 1895 1810 nati

252 1843 426 1899 sunt?
455 1842 603 1912 Non,
638 1844 737 1898 sed
772 1844 843 1898 ab
875 1843 1200 1898 imitatione
1241 1861 1509 1914 operum:
1563 1849 1693 1899 acta
1740 1845 1893 1899 enim
1930 1880 1977 1943 B

249 1932 481 1988 illorum
516 1932 843 1987 imitantur.
878 1934 945 1987 Et
986 1933 1134 1987 bene
1180 1932 1280 1988 isti
1311 1933 1587 1988 Pharisaei
1640 1938 1698 1988 et
1746 1934 1897 1988 Sad-

249 2021 434 2077 ducaei
465 2021 771 2094 progenies
800 2022 1133 2093 viperarum
1162 2022 1437 2076 dicuntur
1470 2023 1539 2077 ab
1571 2022 1898 2077 imitatione

246 2127 473 2177 eorum;
498 2110 679 2166 fertur
700 2110 857 2165 enim
882 2111 1037 2181 quod
1060 2116 1307 2182 uterque.
1330 2128 1541 2182 parens
1563 2111 1896 2183 viperarum

244 2198 307 2253 in
342 2198 626 2270 conceptu
650 2198 827 2254 simul
859 2204 916 2254 et
948 2200 1005 2253 in
1039 2204 1203 2270 partu
1238 2200 1663 2272 exstinguatur.
1712 2201 1805 2256 Sic
1845 2204 1901 2256 et

244 2286 360 2359 ipsi
392 2287 666 2342 Pharisaei
705 2292 761 2342 et
790 2288 1090 2343 Sadducasi
1130 2312 1149 2337 α
1188 2288 1493 2361 progenies
1513 2290 1846 2360 viperarum
1869 2312 1895 2339 n

246 2380 549 2445 vocantur,
575 2377 714 2447 quia
745 2376 996 2431 maxime
1025 2376 1260 2432 illorum
1288 2378 1530 2433 consilio
1553 2378 1900 2450 cruciﬁgen-

248 2465 361 2519 dus
392 2468 516 2520 erat
546 2464 1009 2533 Christus,Pater
1038 2472 1325 2534 eorum,et
1355 2484 1458 2538 per
1490 2467 1706 2522 malam
1726 2468 1902 2522 inter-

248 2553 639 2623 pretationem
673 2562 859 2608 mater
880 2553 1113 2609 illorum
1145 2560 1450 2628 Synagoga
1472 2561 1561 2611 est
1590 2557 1899 2623 exstincta;

251 2658 387 2697 nam
423 2640 559 2695 mali
594 2641 718 2709 ﬁlii,
755 2642 1043 2697 malorum
1078 2650 1387 2715 parentum
1421 2648 1549 2699 acta
1576 2645 1896 2712 imitantes,

248 2729 395 2784 bene
428 2752 454 2779 ‹‹
490 2729 795 2800 progenies
825 2731 1155 2800 viperarum
1190 2753 1217 2779 »
1250 2731 1548 2799 dicuntur,
1570 2733 1708 2802 quia
1728 2732 1898 2801 quasi

251 2818 320 2873 de
350 2817 649 2872 venenatis
693 2817 1036 2888 parentibus
1083 2820 1351 2874 venenati
1401 2819 1504 2873 ﬁlii
1552 2823 1895 2874 nascuntur.

253 2907 529 2977 Sequitur
556 2924 568 2961 :
594 2906 784 2971 «Quis
816 2907 1241 2962 demonstravit
1270 2909 1436 2964 vobis
1467 2909 1666 2980 fugere
1698 2925 1731 2963 a
1760 2925 1895 2963 ven-

250 2999 381 3049 tura
412 2993 537 3049 ira?
566 2995 743 3059 nQuis
774 2995 1129 3051 subauditur
1160 2995 1274 3051 nisi
1304 2996 1495 3052 Deus?
1525 2997 1574 3051 si
1606 3014 1738 3051 vero
1762 2997 1896 3069 quis

250 3083 675 3138 demonstravit
704 3084 815 3139 sub
848 3085 1043 3139 futuro
1075 3089 1336 3156 tempore
1365 3080 1896 3158 intelligaturzquis

247 3172 467 3238 doctor,
501 3172 702 3244 quisve
732 3173 1074 3244 praedicator
1104 3174 1268 3228 dabit
1292 3174 1457 3229 vobis
1480 3174 1794 3229 consilium
1830 3180 1894 3229 ut

1995 596 2079 654 lat
2108 614 2172 654 se
2197 615 2374 670 agere
2403 601 2829 671 paenitentiam,
2862 603 2962 654 aut
2992 599 3241 671 ignorat.

2602 726 2910 781 HOMILIA
2952 724 3039 780 IV.

2004 816 2065 871 IN
2098 832 2265 870 ILLUD
2297 814 2576 869 Murum
2610 832 2623 868 :
2659 815 2793 869 Cum
2825 822 2958 870 esset
2985 814 3307 885 desponsata
3352 818 3529 869 mater
3554 815 3641 870 Je-

2073 903 2138 941 su
2172 889 2351 942 Maria
2379 886 2591 957 Joseph,
2623 891 2913 956 antequam
2936 889 3288 941 convenirent
3318 888 3539 941 inventa
3567 892 3646 941 est

2075 961 2135 1012 ίη
2164 962 2314 1014 utero
2342 958 2544 1012 habens
2573 958 2638 1013 de
2657 958 2869 1025 Spiritu
2900 961 3103 1013 sancto.

2073 1048 2447 1104 Nativitatem
2471 1048 2699 1102 Domini
2717 1047 3057 1105 nostriJesu
3082 1048 3293 1103 Christi
3318 1048 3644 1104 secundum

2004 1154 2258 1203 carnem,
2306 1153 2421 1208 qua
2469 1136 2570 1191 Dei
2616 1136 2798 1192 Filius
2838 1137 3011 1192 homo
3062 1138 3184 1191 ﬁeri
3230 1139 3506 1208 dignatus
3537 1143 3647 1208 est,

2004 1227 2310 1281 Matthaeus
2341 1226 2698 1298 evangelista
2744 1226 2904 1282 brevi
2955 1228 3192 1298 quidem
3224 1244 3511 1297 sermone,
3546 1229 3648 1283 sed

2006 1315 2177 1386 plena
2192 1317 2430 1371 veritate
2453 1316 2970 1387 descripsit.Cmpit
2990 1333 3245 1388 namque
3267 1318 3339 1372 ab
3360 1317 3654 1373 Abraham

2008 1406 2442 1479 generationem
2478 1408 2711 1476 patrum
2744 1406 3094 1469 describere,
3140 1410 3197 1460 et
3245 1406 3515 1477 perduxit
3557 1424 3655 1462 eas

2007 1512 2194 1565 usque
2225 1495 2295 1549 ad
2329 1494 2652 1562 Christum,
2684 1499 2737 1549 et
2770 1498 2835 1549 ut
2865 1495 3195 1549 ostenderet
3224 1500 3510 1566 quantum
3535 1496 3655 1551 dis-

2007 1587 2157 1637 taret
2185 1583 2469 1638 Nativitas
2502 1582 2731 1637 Domini
2767 1584 2951 1638 nostri
2980 1584 3122 1637 Jesu
3145 1583 3357 1638 Christi
3381 1587 3657 1639 acaztero-

2008 1689 2138 1726 rum
2171 1672 2478 1727 hominum
2512 1673 2829 1742 nativitate,
2867 1673 3171 1741 subjunxit
3203 1691 3214 1728 ε
3252 1695 3282 1722 ‹‹
3314 1675 3458 1728 Cum
3502 1678 3657 1730 esset

2007 1762 2361 1833 desponsata
2391 1765 2578 1816 mater
2623 1762 2762 1816 Jesu
2814 1763 2995 1817 Maria
3045 1763 3284 1835 Joseph.
3321 1785 3349 1810 »
3390 1763 3657 1817 Ostendit

2011 1850 2169 1904 enim
2219 1850 2351 1905 illos
2396 1851 2723 1905 secundum
2765 1850 2997 1905 solitam
3054 1852 3322 1922 copulam
3372 1853 3552 1907 maris
3602 1856 3659 1907 et
3725 1900 3737 1912 .

2010 1938 2239 1993 feminae
2269 1944 2616 2009 generantes
2647 1942 2703 1993 et
2733 1944 3073 2009 generatos;
3107 1942 3343 1996 Justum
3389 1957 3521 1995 vero
3551 1957 3657 1996 nec

2008 2033 2385 2099 generantem
2418 2045 2522 2083 nec
2554 2036 2921 2099 generatum,
2975 2030 3075 2084 sed
3126 2030 3197 2084 de
3248 2030 3470 2101 Spiritu
3517 2048 3657 2085 san-

2009 2121 2098 2172 cto
2150 2135 2218 2172 ex
2272 2116 2508 2189 Virgine
2567 2122 2909 2188 conceptum
2970 2123 3026 2173 et
3082 2124 3307 2174 natum.
3377 2120 3447 2173 Et
3520 2120 3660 2188 quia

2010 2205 2109 2260 Dei
2146 2206 2324 2260 Filius
2356 2206 2689 2261 nasciturus
2720 2210 2843 2261 erat
2872 2208 2932 2261 in
2962 2224 3152 2273 carne,
3174 2208 3414 2261 decebat
3445 2211 3510 2261 ut
3541 2224 3656 2261 non

2010 2312 2078 2349 ex
2107 2294 2223 2349 alia
2251 2300 2607 2364 nasceretur,
2643 2312 2819 2366 quam
2850 2312 2917 2351 ex
2950 2294 3048 2349 illa
3078 2313 3203 2366 quae
3235 2295 3394 2365 virgo
3425 2298 3548 2349 erat
3570 2313 3582 2350 :
3604 2300 3661 2351 et

2010 2383 2147 2454 quia
2174 2384 2352 2455 Virgo
2384 2384 2646 2454 paritura
2678 2388 2821 2451 erat,
2843 2385 3083 2439 decebat
3114 2388 3177 2438 ut
3202 2401 3317 2439 non
3350 2383 3529 2440 alium
3567 2402 3661 2456 pa-

2011 2476 2162 2527 reret
2194 2488 2372 2543 quam
2402 2472 2501 2543 qui
2524 2474 2622 2527 Dei
2648 2472 2829 2528 Filius
2854 2475 3145 2528 esset.Sed
3175 2474 3477 2529 sciendum
3503 2474 3658 2545 quod

2009 2561 2214 2616 beatus
2246 2561 2555 2616 Matthzeus
2590 2579 2703 2616 non
2735 2566 2992 2633 tempus,
3024 2579 3139 2617 non
3164 2562 3379 2631 locum,
3412 2580 3528 2617 non
3561 2580 3659 2618 or-

2009 2650 2204 2705 dinem
2236 2650 2634 2721 conceptionis
2661 2656 2878 2719 narrat,
2912 2667 3038 2721 quin
3071 2651 3269 2705 omnia
3298 2652 3658 2707 manifestis-

2008 2730 2156 2784 sime
2183 2730 2388 2784 beatus
2403 2730 2585 2785 Lucas
2606 2732 3119 2786 demonstratcum
3144 2730 3283 2785 dicit
3314 2736 3433 2785 :«In
3459 2748 3659 2788 mense

2008 2822 2167 2872 sexto
2202 2819 2419 2873 missus
2451 2823 2539 2874 est
2569 2819 2812 2891 angelus
2842 2819 3072 2874 Gabriel
3095 2820 3260 2875 aDeo
3282 2820 3339 2874 in
3362 2820 3655 2876 civitatem

2008 2906 2373 2975 Galilaeaa,cui
2398 2925 2608 2963 nomen
2630 2909 3012 2977 Nazareth,ad
3036 2909 3319 2981 virginem
3343 2910 3657 2981 desponsa-

2005 3000 2124 3051 tam
2158 2997 2403 3067 viro,cui
2432 3014 2641 3052 nomen
2677 3001 2800 3053 erat
2828 2997 3043 3069 Joseph
3077 2999 3146 3053 de
3177 2999 3349 3054 domo
3379 2999 3656 3066 David,et

2006 3102 2217 3139 nomen
2248 3086 2493 3157 virginis
2526 3086 2728 3155 Maria,
2757 3109 2784 3135 »
2800 3087 2867 3141 Et
2887 3087 3027 3157 quia
3049 3087 3225 3158 Virgo
3254 3087 3514 3158 paritura
3532 3093 3656 3143 erat

2004 3174 2105 3229 Dei
2137 3173 2627 3238 Filium,decebat
2657 3180 2722 3230 ut
2752 3176 2915 3247 prius
2946 3175 3018 3229 ab
3051 3176 3255 3246 angelo
3278 3175 3652 3243 salutaretur,

244 3258 485 3333 possitis
511 3261 755 3317 evadere
785 3261 933 3316 iram
982 3265 1205 3317 eterna;
1259 3262 1538 3318 ultionis?
1571 3263 1889 3318 Venturam
1921 3244 1963 3311 (ἶ
2002 3262 2214 3317 deinde
2263 3263 2459 3317 divina
2502 3264 2712 3317 virtute
2760 3263 3177 3327 illustraretur,
3211 3281 3275 3318 ac
3300 3265 3382 3318 sic
3414 3265 3653 3320 demum

245 3348 412 3404 illam
445 3348 699 3421 appellat
748 3354 1025 3405 aeternam
1075 3350 1538 3416 damnationem,
1572 3352 1725 3407 unde
1758 3352 1897 3407 dicit

246 3437 461 3493 Paulus
488 3438 789 3510 apostolus
823 3455 836 3493 :
878 3462 898 3488 (ι
934 3439 992 3494 Si
1025 3435 1341 3494 enim'cum
1374 3439 1595 3494 inimici
1627 3457 1894 3496 essemus

244 3527 607 3583 reconciliati
629 3545 839 3584 sumus
861 3528 976 3583 Deo
999 3545 1102 3600 per
1123 3533 1369 3584 mortem
1396 3528 1523 3583 Filii
1551 3529 1893 3602 ejus,multo

245 3616 456 3690 magis,
491 3634 646 3673 nunc
677 3617 1052 3687 reconciliati,
1087 3617 1232 3672 salvi
1272 3617 1493 3673 erimus
1538 3619 1609 3673 ab
1657 3620 1744 3674 ira
1790 3636 1893 3692 per

243 3705 462 3777 ipsum.
489 3729 516 3757 ››
552 3707 621 3762 Et
649 3706 789 3761 item
823 3723 834 3761 :
861 3730 888 3757 ‹‹
921 3708 1006 3761 Tu
1039 3714 1233 3763 autem
1266 3708 1592 3762 secundum
1613 3708 1890 3763 duritiam

240 3799 427 3863 tuam,
460 3800 517 3850 et
548 3812 648 3850 cor
678 3795 1053 3866 impmnitens
1082 3796 1447 3852 thesaurizas
1496 3796 1599 3851 tibi
1652 3797 1797 3852 iram
1830 3798 1889 3852 in

233 3884 328 3939 die
360 3884 480 3951 iraa,
513 3888 567 3939 et
599 3883 969 3940 revelationis
992 3884 1139 3955 justi
1163 3884 1373 3955 judicii
1404 3886 1524 3941 Dei.
1561 3909 1588 3935 ››
1622 3886 1738 3941 Nos
1758 3904 1888 3942 vero

231 3972 335 4044 qui
396 3973 782 4043 peccavimus,
838 3978 895 4029 et
946 3974 1007 4028 in
1059 3991 1169 4029 usu
1220 3974 1385 4029 malae
1443 3976 1887 4031 consuetudinis

230 4061 482 4117 involuti
515 4080 745 4130 sumus,
779 4064 1073 4137 quomodo
1106 4064 1177 4118 ab
1208 4062 1295 4118 ira
1333 4068 1599 4119 extrema:
1649 4064 1887 4121 ultionis

228 4152 475 4207 evadere
504 4150 988 4222 possimus,dicat
1010 4156 1249 4207 sanctus
1270 4152 1525 4207 Joannes
1556 4153 1722 4207 nobis
1744 4154 1882 4224 quid

231 4241 422 4296 facere
476 4240 815 4295 debeamus.
858 4240 956 4295 Ait
998 4241 1152 4295 enim
1189 4260 1202 4297 :
1237 4264 1263 4290 ‹‹
1302 4240 1491 4295 Facite
1522 4242 1730 4312 dignos
1761 4243 1881 4296 fru-

227 4334 360 4384 ctus
388 4328 795 4400 pcnnitentize.»
816 4330 879 4385 In
912 4330 1129 4401 quibus
1160 4330 1349 4385 verbis
1381 4331 1703 4385 notandum
1727 4334 1882 4403 quod

216 4419 440 4474 beatus
476 4418 731 4473 Joannes
787 4436 903 4474 non
952 4422 1183 4474 tantum
1233 4419 1458 4474 fructus
1506 4419 1878 4491 poenitentiae,

224 4508 330 4563 scd
363 4507 574 4579 dignos
606 4508 832 4563 fructus
874 4508 1150 4563 admonet
1198 4523 1325 4563 esse
1368 4507 1690 4573 faciendos;
1741 4510 1881 4580 quia

2011 3351 2107 3405 Dei
2139 3351 2349 3406 Filium
2382 3352 2440 3405 in
2473 3368 2533 3406 se
2560 3352 2901 3421 susciperet.
2937 3352 3323 3414 Quaerendum
3366 3368 3521 3405 nunc
3566 3358 3656 3408 est

2007 3456 2187 3511 quare
2216 3440 2500 3495 Dominus
2532 3444 2727 3494 noster
2755 3440 2930 3495 Jesus
2961 3439 3229 3494 Christus
3260 3457 3374 3494 non
3404 3440 3475 3495 de
3506 3441 3655 3495 sim-

2006 3528 2143 3600 plici
2174 3528 2418 3599 virgine,
2452 3528 2553 3583 sed
2601 3545 2668 3582 ex
2699 3530 3052 3599 desponsata
3093 3528 3255 3583 nasci
3303 3528 3569 3599 voluerit,
3599 3535 3656 3587 et

2005 3615 2306 3671 sciendum
2326 3617 2479 3687 quod
2494 3615 2759 3688 plurima)
2775 3616 3152 3671 rationabiles
3180 3635 3367 3673 causae
3386 3636 3419 3673 a
3433 3620 3652 3676 sanctis

2003 3706 2275 3762 Patribus
2296 3707 3038 3772 traduntur;verumtamen
3056 3705 3355 3777 praecipuae
3380 3707 3467 3761 hac
3487 3714 3646 3764 sunt:

2001 3794 2198 3850 Prima
2224 3799 2310 3850 est
2333 3800 2397 3850 ut
2418 3811 2520 3866 per
2539 3794 2756 3868 Joseph
2775 3794 2935 3866 origo
2949 3794 3452 3850 demonstraretur
3468 3796 3649 3852 beatae

2002 3885 2360 3951 Marize,cum
2392 3885 2563 3940 ambo
2604 3886 2673 3939 de
2706 3901 2823 3939 una
2855 3884 3177 3954 eademque
3209 3884 3363 3939 tribu
3398 3884 3645 3955 fuerint;

2000 3975 2356 4042 secunda,ne
2389 3973 2556 4044 quasi
2581 3973 2843 4029 adultera
2872 3972 3234 4043 lapidaretur
3255 3974 3327 4027 ab
3348 3975 3647 4043 Judaeis,si

1997 4063 2188 4117 virum
2221 4080 2337 4117 non
2369 4061 2610 4116 haberet
2638 4064 2693 4115 et
2722 4060 2909 4115 ﬁlium
2935 4066 3321 4131 procreasset;
3356 4064 3547 4133 tertia,
3585 4070 3645 4119 ut

1996 4150 2228 4221 fugiens
2252 4150 2309 4203 in
2332 4154 2642 4222 Aigyptum
2665 4149 2905 4205 haberet
2934 4150 3201 4205 maritale
3223 4150 3645 4225 solatium,quo

1994 4238 2557 4305 sustentaretur,hoc
2587 4242 2675 4294 est
2706 4238 2947 4294 haberet
2974 4239 3164 4295 virum
3198 4240 3296 4309 qui
3333 4240 3644 4296 Dominum

1993 4327 2053 4382 in
2087 4329 2396 4400 ngyptum
2431 4329 2603 4383 ferret
2630 4332 2685 4383 et
2714 4328 2976 4393 referret,
3009 4332 3064 4381 et
3110 4328 3440 4383 necessaria
3474 4328 3644 4383 femi-

1993 4433 2111 4472 nea:
2147 4416 2441 4488 fragilitati
2476 4417 2973 4482 subministraret,
3007 4420 3063 4470 et
3108 4415 3299 4470 ﬁdelis
3347 4420 3545 4471 custos
3587 4422 3645 4472 et

1990 4510 2148 4561 tutor
2174 4506 2562 4577 integerrima:
2593 4504 3034 4577 virginitatis,et
3058 4504 3225 4559 testis
3248 4504 3639 4573 certissimus,

218 4595 387 4652 aliud
422 4602 511 4653 est
540 4598 729 4653 facere
752 4597 976 4653 fructus
998 4596 1373 4669 poenitentiae,
1394 4602 1451 4651 et
1489 4597 1644 4653 aliud
1670 4598 1879 4670 dignos
1912 4614 1954 4677 ι)
1988 4601 2044 4652 et
2074 4595 2355 4651 nutritius
2387 4598 2541 4649 esset
2569 4592 2801 4648 Domini
2834 4592 3188 4659 ﬁdissimus;
3223 4596 3638 4666 quarta,quam

224 4686 583 4759 poenitentiae
616 4688 864 4758 fructus,
898 4704 1034 4741 nam
1092 4703 1208 4741 non
1268 4704 1374 4758 par
1425 4687 1684 4743 studium
1716 4689 1888 4754 debet

215 4791 353 4831 esse
381 4773 467 4829 illi
501 4775 601 4847 qui
636 4774 846 4847 multa,
896 4779 953 4831 et
995 4774 1080 4830 illi
1137 4776 1238 4847 qui
1285 4793 1492 4848 pauca,
1536 4782 1591 4831 et
1636 4776 1721 4831 illi
1771 4775 1879 4850 qui

216 4863 427 4934 aliqua
455 4862 661 4920 illicita
701 4864 1017 4921 commisit.
1064 4864 1155 4921 Illi
1204 4864 1305 4936 qui
1354 4864 1515 4919 nulla
1562 4868 1875 4933 commisit,

198 4955 350 5025 jure
380 4954 719 5009 conceditur
768 4957 833 5008 ut
881 4954 1054 5009 licitis
1095 4959 1326 5020 utatur;
1360 4952 1443 5007 illi
1475 4970 1608 5009 vero
1640 4956 1736 5025 qui
1772 4954 1875 5008 ali-

208 5040 364 5114 quid
397 5041 692 5098 commisit
739 5058 977 5098 necesse
1016 5047 1104 5098 est
1132 5047 1197 5097 ut
1226 5046 1386 5098 tanto
1418 5059 1451 5097 a
1482 5059 1544 5097 se
1572 5042 1879 5097 abscindat

202 5129 396 5201 licita,
431 5138 652 5202 quanto
688 5131 959 5186 meminit
989 5148 1049 5186 se
1080 5136 1447 5203 perpetrasse
1495 5129 1717 5185 illicita.
1759 5135 1877 5187 Hac

206 5220 514 5276 sententia
543 5220 1015 5291 uniuscujusque
1046 5224 1313 5275 nostrum
1359 5220 1715 5276 conscientia
1745 5238 1877 5276 con-

202 5307 562 5381 stringitur;
590 5325 725 5363 nam
751 5307 1160 5378 unusquisque
1183 5313 1446 5364 nostrum
1469 5313 1630 5364 tanto
1654 5310 1877 5378 majora

207 5398 386 5454 lucra
419 5397 530 5453 sibi
562 5398 733 5451 debet
766 5396 1065 5467 acquirere
1097 5414 1198 5467 per
1226 5397 1873 5469 pocnitentiam,quanto

212 5486 339 5543 sibi
376 5486 603 5555 majora
646 5486 861 5538 damna
905 5483 1104 5537 intulit
1151 5501 1253 5555 per
1300 5484 1554 5555 culpam.
1590 5485 1688 5540 llle
1717 5486 1871 5541 enim

216 5575 331 5648 qui
358 5576 492 5646 post
512 5575 701 5629 actam
733 5570 1133 5643 paenitentiam
1156 5572 1356 5629 eadem
1378 5573 1465 5628 vel
1484 5574 1701 5631 similia
1721 5592 1873 5631 com-

1996 4686 2224 4741 addidit
2257 4689 2476 4756 martyr
2508 4682 2789 4756 lgnatius,
2828 4687 2891 4736 ut
2943 4686 3145 4752 partus
3194 4683 3321 4752 ejus
3355 4682 3640 4739 celaretur

1990 4774 2245 4836 diabolo,
2273 4775 2328 4828 id
2362 4778 2450 4828 est
2481 4777 2545 4828 ut
2577 4790 2691 4827 non
2726 4771 2965 4825 haberet
2996 4770 3266 4826 diabolus
3294 4778 3636 4845 suspectum

1988 4865 2392 4935 partum,dum
2416 4863 2633 4917 videret
2654 4877 2788 4915 eum
2810 4875 2878 4914 ex
2899 4860 3146 4931 conjuge
3170 4863 3459 4917 natum.Si
3479 4863 3635 4917 enim

1987 4954 2057 5008 de
2090 4953 2344 5024 simplici
2375 4953 2597 5023 virgine
2631 4953 2987 5017 nasceretur,
3014 4949 3177 5004 facile
3211 4951 3478 5006 diabolus
3500 4968 3635 5007 eum

1986 5042 2089 5097 Dei
2119 5041 2327 5096 Filium
2361 5043 2718 5111 agnosceret,
2752 5043 2807 5093 et
2836 5056 3141 5110 nunquam
3174 5038 3632 5109 cruciﬁgeretur;

1989 5132 2141 5186 unde
2174 5134 2263 5185 est
2291 5128 2435 5183 illud
2468 5128 2730 5200 Apostoli
2756 5129 2868 5182 :uSi
2900 5129 3055 5183 enim
3089 5128 3636 5199 agnovissent,nun-

1986 5236 2164 5292 quam
2182 5218 2507 5289 majestatis
2524 5217 2830 5272 Dominum
2845 5216 3290 5272 cruciﬁxisseut.
3303 5217 3632 5288 nSequitur:

1992 5314 2342 5378 «antequam
2376 5307 2930 5361 convenirent.nHoc
2960 5307 3201 5361 verbum
3230 5306 3631 5373 conveniendi,

1984 5416 2098 5453 non
2132 5398 2324 5468 ipsum
2356 5395 2757 5464 concubitum,
2792 5396 2890 5449 sed
2943 5400 3176 5466 tempus
3201 5395 3491 5467 signiﬁcat
3523 5414 3629 5450 nu—

1985 5485 2325 5557 ptiarum,id
2352 5490 2440 5538 est
2460 5485 2694 5554 quando
2718 5501 2783 5537 ea
2804 5501 2929 5554 qua:
2956 5486 3144 5538 fuerat
3175 5502 3392 5555 sponsa
3423 5485 3631 5556 incipit

1983 5591 2108 5630 esse
2136 5591 2299 5641 uxor;
2333 5578 2388 5628 et
2422 5577 2509 5628 est
2539 5590 2785 5628 sensus:
2822 5578 3135 5644 antequam
3168 5574 3629 5644 convenirentjd
