4018 6200
291 342 409 408 889

1811 340 2187 407 HOMILIE.

3576 338 3699 401 890

292 478 683 544 Quarendum
713 479 803 535 est
846 476 1022 534 etiam
1056 492 1237 549 quare
1290 475 1445 533 dicat
1484 478 1727 533 sanctus
1756 491 1933 531 evan-
1966 477 2021 541 Α
2051 472 2198 528 lium
2230 489 2403 529 suum
2436 473 3229 547 primogenitum.»Fuerunt
3258 475 3533 544 praeterea
3548 488 3694 529 non-

291 567 503 641 gelista
535 590 562 617 «
596 566 835 623 habebit
866 582 1035 621 scum
1068 566 1353 637 propheta
1381 564 1939 637 dicatuconcipietp»

291 659 348 712 et
391 656 697 711 sciendum
742 656 897 726 quod
948 654 1087 726 quia
1143 654 1428 726 propheta
1486 654 1684 709 futura
1733 652 1941 725 praedi~

293 745 485 813 cabat,
520 744 735 799 idcirco
761 743 958 816 posuit
995 763 1015 790 ι
1051 742 1395 815 concipiet,»
1419 760 1555 797 nam
1590 742 1735 797 illud
1761 742 1946 797 conci-

294 834 455 905 pitur
486 833 638 905 quod
670 850 783 888 non
817 833 1087 889 habetur.
1121 832 1489 904 Evangelista
1541 849 1672 887 vero
1706 831 1843 903 quia
1873 832 1943 886 de

301 922 592 995 printerito
625 922 901 976 narrabat
932 921 1261 989 historiam,
1292 922 1419 976 ideo
1468 920 1717 975 mutavit
1747 944 1773 969 ‹‹
1807 936 1942 974 con-

298 1010 532 1083 cipiet,»
566 1014 622 1065 et
653 1010 850 1083 posuit
887 1031 914 1061 ‹‹
941 1010 1215 1077 habebit;
1251 1032 1278 1059 ››
1312 1008 1587 1082 quoniam
1620 1008 1761 1063 illud
1789 1009 1942 1081 quod

304 1099 691 1170 habeturjam
712 1116 828 1155 non
862 1098 1207 1171 concipitur,
1242 1099 1340 1155 sed
1375 1102 1621 1153 tenetur.
1649 1098 1808 1163 Quod
1842 1114 1944 1152 au-

300 1193 416 1244 tem
448 1188 624 1245 dicit:
661 1212 688 1237 «
722 1188 1039 1244 Vocabitur
1087 1205 1299 1244 nomen
1347 1188 1475 1259 ejus
1518 1185 1881 1253 Emmanuel,
1920 1210 1945 1235 n

300 1278 629 1349 putandum
653 1278 862 1333 esthoc
885 1294 1093 1333 nomen
1115 1276 1197 1334 sic
1220 1278 1662 1349 interpretatum
1681 1275 1862 1331 fuisse
1874 1275 1945 1330 ab

300 1365 498 1441 aliquo
530 1366 897 1435 translatore,
934 1384 1047 1424 non
1078 1384 1111 1421 a
1140 1366 1422 1438 propheta
1451 1365 1539 1421 vel
1570 1365 1946 1437 evangelista,

300 1471 373 1511 ne
405 1455 515 1511 hoc
546 1455 860 1513 haberetur
881 1456 1194 1512 obscurum
1214 1454 1300 1510 vel
1320 1455 1630 1511 confusum
1666 1455 1818 1526 apud
1842 1454 1945 1509 La-

301 1545 479 1600 tinos.
503 1548 623 1599 Hoc
645 1560 899 1616 namque
924 1542 1158 1599 nomine
1189 1546 1316 1599 duae
1344 1544 1687 1600 substantiae
1724 1541 1948 1597 Domini

304 1633 489 1689 nostri
513 1632 651 1689 Jesu
675 1634 909 1699 Christi,
942 1632 1260 1689 divinitatis
1287 1632 1507 1688 scilicet
1528 1636 1585 1687 et
1614 1631 1948 1686 humanita-

304 1722 379 1776 tis
410 1722 467 1777 in
501 1738 620 1777 una
647 1738 895 1793 persona
918 1722 1471 1793 designantur,quia
1487 1720 1585 1792 qui
1609 1725 1741 1776 ante
1755 1720 1952 1776 omnia

2052 562 2197 618 nulli
2221 562 2475 618 haeretici
2494 565 2591 635 qui
2616 564 2890 620 dixerunt
2905 564 3060 635 quod
3080 562 3297 633 Josepb
3320 566 3376 617 et
3390 562 3561 617 beata
3581 564 3695 616 Ma-

2053 652 2137 708 ria
2167 640 2297 724 pdst
2328 657 2531 707 natum
2577 654 2893 709 Dominum
2943 652 3121 708 simul
3181 650 3606 715 convenissent,
3640 655 3699 706 et

2055 740 2203 795 ﬁlios
2234 758 2332 797 eos
2360 747 2783 812 procreassent,
2809 759 2956 814 quos
2980 741 3167 797 sancti
3188 740 3553 813 evangelista;
3577 740 3696 794 fra-

2053 833 2170 885 tres
2197 830 2429 885 Domini
2461 831 2774 903 appellant,
2810 836 2867 887 et
2892 832 2963 886 ad
2994 847 3169 886 suum
3201 846 3452 885 errorem
3482 829 3696 884 conﬁr—

2056 920 2339 974 mandum
2372 924 2754 992 sumpserunt
2801 920 2909 975 hoc
2970 919 3367 975 testimonium
3411 918 3694 982 dicentes,

2059 1010 2214 1085 quod
2231 1026 2605 1081 nequaquam
2634 1014 2875 1065 sanctus
2897 1008 3507 1081 evangelistadixisset
3535 1030 3562 1057 «
3596 1008 3698 1063 do-

2057 1114 2183 1164 nec,
2203 1121 2229 1146 ››
2254 1098 2362 1153 nisi
2380 1099 2838 1170 postDominum
2859 1102 3058 1154 natum
3076 1097 3251 1154 simul
3270 1097 3694 1153 convenissent.

2056 1188 2163 1242 Sed
2180 1187 2378 1258 procul
2398 1188 2635 1259 repellat
2653 1188 2807 1243 Deus
2820 1188 2975 1243 hunc
2988 1204 3239 1243 errorem
3272 1204 3307 1242 a
3335 1186 3610 1241 cordibus
3632 1186 3698 1240 fi-

2059 1276 2612 1344 delium;sciendum
2628 1293 2883 1348 namque
2896 1282 2985 1333 est
2998 1278 3149 1348 quod
3167 1280 3405 1331 sanctus
3419 1272 3703 1347 evangeli-

2059 1369 2148 1421 sta
2164 1365 2260 1420 illo
2274 1370 2552 1437 tempore,
2578 1364 2801 1422 scilicet
2816 1371 2949 1421 ante
2967 1370 3222 1437 partum,
3246 1381 3456 1437 negare
3477 1362 3705 1420 studuit

2059 1455 2214 1525 quod
2242 1454 2461 1527 Josepb
2490 1472 2603 1511 non
2633 1454 2901 1527 cognovit
2931 1470 3083 1523 eam,
3110 1469 3181 1508 ne
3213 1452 3411 1524 aliqua
3448 1450 3702 1523 suspicio

2061 1544 2408 1615 possetoriri
2435 1562 2448 1610 ;
2484 1549 2615 1617 post
2631 1548 2862 1615 partum
2898 1559 3032 1599 vero
3064 1541 3293 1598 nullum
3317 1540 3562 1596 dubium
3576 1556 3705 1596 esse

2061 1632 2477 1704 crediditquod
2511 1650 2625 1687 non
2663 1633 3055 1698 convenerint,
3090 1632 3339 1704 ideoque
3366 1645 3576 1702 negare
3590 1644 3705 1683 non

2062 1720 2364 1776 curaverit.
2385 1721 2443 1776 Si
2458 1722 2614 1776 enim
2630 1720 2948 1794 illalegalis
2960 1720 3162 1789 Maria,
3183 1723 3495 1792 postquam
3508 1717 3706 1773 divino

307 1809 521 1866 saacula
549 1810 921 1866 ineffabiliter
950 1810 1183 1883 genitus
1229 1814 1318 1867 est
1360 1828 1393 1865 a
1422 1810 1537 1865 Deo
1574 1814 1760 1877 Patre,
1796 1810 1949 1864 idem
1986 1846 2033 1909 Β
2065 1810 2281 1865 meruit
2310 1810 2525 1882 perfrui
2560 1809 2813 1883 eloquio,
2844 1809 3064 1865 carnali
3098 1826 3212 1865 non
3244 1808 3459 1881 legitur
3488 1805 3707 1878 copula;

308 1899 435 1972 ipse
458 1898 517 1953 in
550 1900 663 1954 fine
692 1903 1024 1971 temporum
1059 1899 1245 1955 factus
1276 1903 1365 1956 cst
1392 1898 1755 1966 Emmanuel,
1780 1898 1837 1953 id
1870 1902 1958 1953 est

310 2009 338 2037 «
377 1986 691 2042 Nobiscum
723 1987 879 2042 Deus
912 2010 939 2036 ››
971 2004 1039 2043 ex
1069 1987 1306 2059 Virgine
1336 1992 1542 2043 matre.
1576 1988 1736 2051 Quod
1760 1991 1955 2042 autem

310 2074 553 2130 dicitur:
588 2075 906 2131 Nobiscum
928 2079 1335 2148 Deus,»potest
1356 2075 1600 2147 intelligi
1626 2075 1733 2131 hoc
1751 2076 1953 2131 modo:

308 2162 628 2218 Nobiscum
658 2164 847 2219 factus
873 2167 980 2230 est,
1010 2163 1120 2220 hoc
1171 2168 1259 2220 est
1316 2164 1637 2234 passibilis,
1671 2162 1955 2234 mortalis,

311 2251 599 2321 esuriens,
632 2251 1212 2319 sitiens,lassescens,
1236 2255 1292 2307 et
1321 2268 1421 2324 per
1447 2252 1645 2309 omnia
1676 2252 1859 2308 nostri
1881 2251 1957 2307 si-

315 2339 477 2395 milis
506 2340 729 2411 absque
759 2340 979 2412 peccati
1012 2340 1312 2396 aﬂ'ectione
1337 2358 1348 2395 :
1375 2340 1494 2397 sive
1526 2340 1905 2396 «Emmanuel
1929 2365 1951 2393 ι

314 2428 425 2485 hoc
454 2433 545 2485 est
575 2430 879 2485 nobiscum
909 2430 1065 2486 Deus
1114 2430 1302 2485 factus
1352 2434 1461 2494 est,
1495 2429 1635 2501 quia
1686 2430 1959 2485 substan-

312 2518 458 2572 tiam
482 2521 690 2573 nostraa
704 2518 1243 2591 fragilitatis,quam
1266 2502 1962 2591 assumpsit,substaiitia3

316 2622 435 2661 suae
464 2604 789 2661 divinitatis
846 2608 906 2662 in
940 2608 1164 2663 unitate
1211 2624 1469 2679 personae
1524 2606 1707 2663 univit
1740 2612 1796 2663 et
1823 2625 1960 2663 con-

310 2695 770 2766 junxit,quando
801 2719 830 2745 α
858 2696 1113 2752 Verbum
1148 2713 1279 2751 caro
1312 2698 1530 2752 factum
1554 2701 1723 2762 est,ct
1743 2696 1964 2752 habita-

315 2783 399 2838 vit
430 2783 488 2838 in
523 2783 730 2849 nobis;
766 2806 794 2832 »
828 2788 892 2839 ut
922 2784 1138 2839 mirum
1170 2784 1227 2838 in
1260 2786 1502 2840 modum
1536 2785 1815 2856 inciperet
1835 2801 1963 2840 esse

316 2872 472 2944 quod
504 2889 611 2928 nos
644 2890 872 2940 sumus,
906 2890 1011 2929 nec
1045 2877 1240 2929 tamen
1287 2873 1575 2929 desineret
1633 2890 1762 2929 esse
1805 2873 1958 2945 quod

316 2965 497 3016 erat.«
534 2961 864 3033 Exsurgens
897 2965 1091 3017 autem
1116 2979 1150 3017 a
1178 2978 1383 3018 somno
1413 2962 1632 3032 Josepb
1657 2962 1961 3033 fecitquod

316 3050 651 3122 praecepitei
669 3050 910 3123 angelus
924 3050 1175 3106 Domini.
1194 3052 1303 3107 nEo
1322 3051 1449 3123 ipso
1463 3051 1623 3106 aditu
1661 3051 1809 3108 redit
1824 3052 1959 3118 vita,

316 3156 435 3213 quo
464 3139 731 3213 ingressa
751 3144 841 3196 est
863 3139 1107 3209 mors,id
1127 3144 1213 3195 est
1234 3157 1336 3211 per
1356 3139 1637 3211 virginem
1659 3140 1959 3206 feminam,

2066 1899 2385 1971 permista;
2414 1900 2531 1955 Noe
2564 1900 2739 1955 etiam
2772 1904 2830 1956 et
2874 1900 3101 1971 Moyses
3148 1903 3463 1970 postquam
3495 1895 3711 1950 divinis

2067 1989 2283 2060 perfrui
2307 1988 2554 2060 eloquiis
2586 1993 2928 2045 meruerunt
2960 2005 3076 2043 non
3098 1986 3484 2043 concubuisse
3505 1985 3709 2057 legun-

2067 2082 2183 2143 tur,
2216 2076 2349 2149 quis
2370 2094 2523 2133 sanzn
2548 2079 2677 2134 fidei
2703 2079 2915 2134 audeat
2937 2077 3125 2133 dicere
3147 2077 3297 2132 banc
3317 2073 3710 2146 evangelicam

2069 2166 2397 2232 Mariam,et
2425 2167 2583 2223 hunc
2612 2167 3009 2241 evangelicum
3030 2168 3219 2221 virum
3250 2164 3465 2237 Josepb
3489 2162 3713 2219 scilicet

2069 2262 2201 2327 post
2230 2260 2434 2311 natum
2470 2257 2779 2313 Dominum
2829 2256 3193 2323 convenisse,
3224 2252 3546 2327 praesertim
3577 2268 3712 2306 cum

2071 2344 2185 2400 illis
2209 2345 2268 2401 in
2300 2346 2568 2401 castitate
2596 2346 3076 2417 permanentibus
3104 2342 3391 2417 singulari
3411 2340 3598 2414 gratia
3618 2356 3715 2394 na-

2069 2438 2165 2489 tus
2187 2438 2276 2490 est
2304 2435 2405 2490 Dei
2439 2434 2618 2490 Filius
2644 2438 2665 2490 P
2694 2439 3111 2490 Verumtamen
3136 2432 3441 2489 sciendum
3466 2428 3605 2501 quia
3626 2444 3714 2483 so-

2069 2522 2150 2579 let
2180 2545 2207 2573 ‹‹
2240 2524 2421 2579 donec
2455 2546 2482 2572 »
2517 2540 2619 2596 pro
2641 2522 2870 2578 infinito
2901 2522 3107 2595 accipi,
3131 2526 3197 2576 ut
3223 2526 3313 2577 est
3337 2519 3482 2574 illud
3506 2537 3524 2573 :
3556 2542 3583 2567 ‹‹
3613 2517 3713 2573 do-

2071 2628 2176 2667 nec
2209 2613 2529 2668 senescaris
2564 2630 2668 2685 ego
2701 2629 2853 2667 sum.
2891 2634 2919 2661 »
2952 2610 3251 2683 Nunquid,
3277 2613 3588 2680 postquam
3614 2605 3716 2662 ille

2072 2702 2350 2767 senuerit,
2374 2702 2547 2756 desiit
2571 2718 2699 2757 esse
2724 2702 2877 2757 Deus
2901 2701 2928 2755 ?
2960 2702 3079 2755 Non
3107 2717 3121 2768 ;
3146 2699 3247 2756 sed
3270 2698 3354 2754 sic
3378 2702 3468 2754 est
3496 2694 3715 2751 intelli-

2072 2790 2326 2861 gendum
2353 2807 2364 2845 :
2400 2791 2516 2861 Ego
2549 2806 2779 2861 semper
2808 2806 2905 2845 ero
2946 2789 3122 2845 etiam
3155 2790 3465 2860 postquam
3495 2802 3596 2841 vos
3627 2802 3716 2840 se-

2073 2878 2340 2934 nueritis.
2374 2880 2443 2933 Et
2471 2880 2651 2933 item:
2686 2903 2713 2928 «
2749 2880 2889 2935 Vivo
2923 2894 3050 2951 ego,
3083 2876 3225 2933 dicit
3255 2876 3574 2941 Dominus;
3600 2890 3716 2928 non

2073 2966 2359 3021 delobitur
2376 2967 2484 3023 hoc
2509 2972 2813 3039 peccatum
2834 2972 3096 3024 vestrum
3118 2967 3301 3022 donec
3323 2962 3717 3019 moriamini.»

2070 3055 2347 3128 Nunquid
2380 3062 2693 3129 postquam
2728 3057 2943 3113 mortui
2974 3054 3431 3120 erunt,deletum
3463 3057 3553 3108 est
3583 3067 3721 3123 pec-

2073 3151 2267 3201 catum
2308 3162 2509 3201 eorum
2538 3150 2560 3201 Ρ
2589 3147 2736 3214 Non;
2756 3147 2805 3202 si
2829 3147 2981 3201 enim
3007 3150 3139 3201 ante
3170 3162 3286 3200 non
3319 3148 3408 3198 est
3439 3141 3717 3207 deletum,

314 3232 372 3283 et
401 3244 505 3300 per
535 3227 899 3284 obedientem
932 3227 1142 3283 virum.
1178 3228 1258 3283 De
1287 3228 1509 3299 virgine
1549 3233 1703 3283 terra
1733 3233 1962 3283 creatus
1994 3213 2036 3278 C
2076 3244 2208 3306 post,
2236 3239 2485 3289 mortem
2519 3213 2781 3290 minime,
2804 3236 2875 3289 Et,
2906 3234 3220 3290 Psalmista
3250 3232 3481 3303 inquit:
3514 3251 3535 3279 ι
3574 3228 3723 3284 Dixit.

313 3321 405 3373 est
438 3318 721 3389 Adam,de
746 3317 970 3391 virgine
999 3318 1217 3372 femina
1248 3321 1423 3372 natus
1454 3321 1541 3371 est
1564 3317 1968 3373 Christus.Per

313 3405 769 3462 inobedientiam
796 3407 932 3461 Adae
951 3422 1154 3461 omnes
1169 3405 1377 3477 perditi
1394 3422 1732 3477 sumus,per
1748 3405 1966 3460 bonum

316 3494 660 3551 obedientiae
676 3495 892 3567 Josepb
918 3511 1121 3551 omnes
1144 3495 1213 3549 ad
1234 3493 1549 3567 pristinum
1573 3498 1794 3550 statum
1815 3511 1970 3549 revo-

320 3601 527 3639 camur
552 3601 565 3652 ;
590 3601 726 3639 nam
754 3584 850 3640 his
870 3583 1063 3640 verbis
1083 3598 1298 3655 magna
1319 3582 1486 3639 nobis
1504 3581 1686 3637 virtus
1704 3583 1969 3638 obedien-

321 3674 415 3728 tias
446 3674 917 3741 commendatur,
942 3672 1159 3745 quibus
1189 3672 1440 3727 dicitur:
1478 3672 1612 3728 fecit.
1642 3671 1794 3727 sicut
1826 3689 1966 3743 prze-

322 3763 476 3833 cepit
506 3763 553 3818 ei
588 3761 832 3835 angelus
868 3761 1132 3828 Domini;
1168 3761 1389 3834 accepit
1436 3759 1703 3816 videlicet
1728 3760 1966 3815 Mariam

321 3850 628 3907 celebratis
661 3851 1088 3922 nuptiis,atque
1119 3851 1433 3921 accepit,ut
1463 3866 1530 3906 ea
1559 3849 1772 3920 conjux
1806 3867 1966 3905 voca-

322 3944 507 4006 retur,
543 3958 655 3995 non
684 3944 749 3995 ut
780 3944 976 3995 tamen
1009 3939 1629 4010 concumberent,quia
1659 3939 1961 4011 sequitur:

318 4053 349 4079 «
384 4033 443 4084 et
474 4046 586 4084 non
617 4030 1001 4102 cognoscebat
1032 4046 1182 4084 eam.
1223 4051 1242 4076 »
1279 4028 1535 4083 Fuerunt
1568 4045 1799 4099 quoque
1830 4045 1969 4083 non-

319 4117 471 4175 nulli
490 4119 589 4191 qui
609 4120 870 4175 dixerant
891 4118 1045 4191 quod
1063 4116 1281 4188 Josepb
1297 4133 1413 4171 non
1428 4115 1732 4172 celebratis
1746 4115 1967 4187 nuptiis

319 4208 554 4264 beatam
586 4208 830 4264 Mariam
862 4206 1211 4279 accepit,sed
1236 4206 1381 4261 bene
1412 4206 1493 4260 ait
1524 4206 1708 4261 Beda:
1738 4204 1837 4259 Ille
1867 4203 1968 4275 qui

317 4297 429 4353 hoc
460 4297 664 4353 didicit
696 4298 965 4354 ostendat
997 4295 1095 4351 ubi
1128 4295 1353 4350 licitum
1385 4294 1497 4349 fuit
1527 4310 1787 4367 unquam
1811 4294 1965 4365 apud

318 4387 555 4443 Judaeos
568 4388 723 4459 quod
747 4386 945 4459 sponsi
970 4390 1025 4441 et
1044 4401 1271 4456 sponsae
1288 4383 1466 4439 simul
1484 4382 1969 4439 convenirentab-

318 4492 468 4548 sque
495 4476 884 4531 celebratione
924 4474 1288 4547 nuptiarum,
1320 4477 1377 4528 et
1408 4472 1456 4528 si
1489 4471 1827 4538 ostenderit,
1861 4488 1967 4526 nos

2077 3322 2363 3377 Dominus
2398 3324 2639 3378 Domino
2664 3339 2825 3377 meo:
2857 3323 3001 3377 Sede
3030 3340 3064 3377 a
3093 3321 3310 3376 dextris
3342 3318 3507 3388 meis,
3540 3318 3723 3371 donec

2078 3427 2292 3483 ponam
2326 3410 2597 3466 inimicos
2626 3416 2760 3466 tuos
2793 3409 3117 3466 scabellum
3152 3408 3364 3481 pedum
3398 3412 3653 3462 tuorum.
3692 3426 3720 3454 ››

2078 3499 2354 3571 Nunquid
2389 3504 2700 3571 postquam
2735 3500 2869 3554 facti
2894 3503 3034 3555 sunt
3063 3496 3287 3553 inimici
3318 3496 3478 3551 illius
3508 3492 3727 3551 scabel-

2078 3588 2201 3644 lum
2235 3589 2449 3660 pedum
2481 3588 2812 3660 ejus,desiit
2844 3588 3025 3643 Filius
3056 3588 3258 3644 sedere
3307 3603 3340 3642 a
3369 3584 3587 3641 dextris
3615 3584 3721 3639 Pa-

2078 3678 2231 3733 tris?
2262 3677 2387 3733 Non
2413 3678 2535 3746 ;sed
2568 3677 2701 3733 talis
2732 3682 2821 3733 est
2850 3694 3097 3734 sensus:
3124 3675 3349 3731 Inimici
3377 3674 3613 3747 quidem
3636 3671 3723 3728 tui

2079 3768 2326 3839 pedibus
2356 3769 2473 3824 tuis
2496 3768 2968 3839 subjicientur,et
3000 3772 3061 3822 tu
3095 3785 3129 3822 a
3153 3765 3374 3821 dextris
3404 3763 3550 3819 meis
3574 3778 3723 3817 sem-

2080 3872 2181 3927 per
2212 3856 2462 3911 scdebis.
2497 3857 2566 3910 Et
2600 3855 2654 3910 in
2696 3854 3002 3928 Evangelio
3032 3853 3283 3927 legitur:
3318 3876 3344 3902 «
3377 3854 3561 3907 Amen
3592 3848 3721 3905 dico

2077 3944 2324 4013 tibi,non
2356 3946 2511 4001 exies
2548 3944 2892 4012 inde,donec
2923 3945 3133 3999 reddas
3167 3941 3549 3997 novissimum
3586 3956 3723 4011 qua-

2078 4034 2369 4088 drantem.
2410 4056 2435 4081 n
2468 4036 2536 4089 Et
2566 4038 2654 4089 est
2685 4051 2896 4090 sensus
2922 4052 2933 4089 :
2968 4022 3131 4106 quia.
3155 4049 3459 4103 nunquam
3490 4030 3719 4098 reddes,

2078 4139 2381 4194 nunquam
2415 4123 2589 4178 exies.
2624 4122 2711 4177 Sic
2743 4129 2799 4178 et
2845 4124 2904 4178 in
2936 4122 3045 4178 hoc
3076 4122 3202 4179 loco
3232 4139 3337 4194 pro
3367 4120 3594 4177 infinito
3627 4136 3721 4175 ac-

2077 4211 2329 4283 cipitur:
2364 4236 2389 4259 ‹‹
2427 4216 2482 4266 et
2513 4228 2627 4267 non
2682 4213 3067 4285 cognoscebat
3116 4228 3243 4267 eam
3285 4212 3466 4266 donec
3498 4208 3721 4281 peperit

2078 4299 2266 4355 filium
2297 4318 2527 4367 suum,-
2566 4302 2623 4357 id
2655 4307 2744 4359 est
2775 4318 3081 4376 nunquam
3112 4297 3721 4374 cognoscebat.Scien-

2078 4390 2218 4444 dum
2242 4395 2330 4445 est
2354 4396 2629 4462 praeterea
2644 4391 2783 4463 quia
2799 4392 3035 4446 fuerunt
3053 4388 3316 4445 nonnulli
3340 4386 3594 4442 haeretici
3618 4384 3720 4456 qui

2077 4478 2347 4533 dixerunt
2376 4479 2477 4533 Dei
2504 4478 2711 4533 Filium
2744 4495 2861 4533 non
2892 4493 3087 4533 veram
3120 4491 3355 4531 carnem
3387 4488 3455 4527 ex
3482 4471 3721 4545 Virgine

317 4582 465 4621 sano
486 4567 614 4635 ejus
638 4565 834 4621 sensui
860 4564 1153 4631 cedimus;
1174 4566 1402 4619 tantum
1424 4560 1613 4617 videat
1637 4578 1709 4615 ne
1731 4559 1966 4631 aliquod
2001 4583 2045 4649 Β
2079 4567 2533 4639 ευωρείεεθβεά
2565 4566 2977 4639 imaginarium
3005 4581 3217 4635 corpus
3250 4561 3545 4628 habuisse,
3572 4560 3724 4616 ideo-

318 4654 439 4710 tale
468 4654 906 4727 proferat,quod
932 4658 1180 4710 matrem
1202 4651 1433 4707 Domini
1458 4650 1732 4717 infamet;
1757 4653 1813 4705 et
1833 4666 1968 4704 cum

318 4743 433 4799 hoc
453 4743 759 4800 ostendere
782 4759 895 4798 non
914 4742 1412 4815 potuerit,nostra3
1426 4740 1622 4795 credat
1635 4738 1965 4795 assertioni.

319 4833 392 4909 Et
427 4856 448 4883 ι
486 4850 601 4889 non
633 4830 1021 4905 cognoscebat
1050 4847 1199 4887 eam.
1236 4852 1263 4879 »
1290 4834 1407 4884 Hoc
1439 4830 1679 4885 verbum
1710 4844 1969 4900 cognosco

320 4920 638 4997 aliquando
668 4920 728 4975 in
753 4921 934 4977 sacris
965 4918 1282 4993 Scripturis
1310 4935 1413 4990 pro
1444 4917 1771 4990 cognitione
1804 4916 1968 4988 poni-

315 5016 437 5087 tur,
472 5014 537 5066 ut
567 5009 713 5066 illud
742 5028 754 5066 :
791 5033 818 5061 «
854 5009 1133 5083 Cognovit
1160 5007 1379 5080 Josepb
1408 5007 1618 5062 fratres
1650 5023 1810 5073 suos,
1846 5005 1970 5077 ipse

318 5105 519 5156 tamen
548 5117 663 5155 non
691 5104 781 5157 est
813 5100 1047 5173 agnitus
1079 5099 1150 5153 ab
1172 5098 1256 5154 eis
1280 5115 1291 5152 :
1321 5118 1349 5147 ››
1377 5100 1433 5152 et
1462 5096 1601 5151 item
1626 5113 1643 5150 :
1671 5116 1697 5145 «
1728 5099 1971 5149 Reman-

316 5188 400 5245 sit
428 5206 571 5263 puer
597 5193 769 5245 Jesus
802 5188 861 5243 in
911 5186 1297 5251 Hierusalem,
1326 5190 1382 5240 et
1424 5202 1539 5240 non
1573 5186 1970 5256 cognoverunt

318 5283 593 5351 parentes
623 5278 772 5349 ejus.
810 5300 833 5329 ι
872 5276 979 5331 Pro
1002 5273 1313 5331 concubitu
1338 5273 1511 5329 etiam
1543 5272 1802 5346 ponitur,
1818 5277 1883 5327 ut
1908 5271 1971 5325 i1-

313 5367 421 5423 lud
448 5383 461 5422 :
490 5391 516 5418 α
547 5367 828 5440 Cognovit
855 5365 1039 5419 Adam
1073 5362 1265 5419 adhuc
1296 5363 1475 5417 etiam
1506 5379 1743 5417 uxorem
1776 5377 1969 5428 suam,

314 5461 381 5514 et
409 5456 613 5531 genuit
641 5470 712 5509 ex
741 5470 808 5508 ea
839 5451 992 5507 filios
1023 5456 1081 5507 et
1128 5450 1302 5507 filias.
1338 5471 1367 5500 »
1398 5450 1486 5505 Sic
1517 5456 1574 5505 et
1603 5450 1661 5505 in
1695 5451 1803 5507 hoc
1843 5448 1969 5505 loco

315 5563 429 5620 pro
462 5542 776 5599 concubitu
808 5541 1043 5613 ponitur
1068 5544 1124 5595 et
1155 5562 1182 5589 ‹‹
1217 5556 1330 5595 non
1363 5540 1750 5612 cognoscebat
1779 5556 1965 5605 eam,»

306 5636 375 5694 id
408 5636 497 5691 est
524 5648 640 5689 non
672 5630 1097 5688 concumbebat
1127 5645 1261 5687 cum
1293 5644 1360 5686 ea
1381 5652 1409 5680 «
1432 5630 1614 5687 donec
1645 5630 1869 5703 peperit
1900 5629 1967 5683 ﬁ-

2079 4672 2193 4727 que
2223 4656 2446 4712 addidit
2480 4680 2501 4707 «
2539 4654 2889 4722 suum,»boc
2914 4659 3003 4710 est
3037 4651 3481 4725 proprium,non
3506 4650 3725 4723 adopti-

2078 4762 2362 4813 vum,non
2394 4745 2854 4816 aliunde,neque
2883 4760 2953 4798 ex
2984 4741 3187 4813 nihilo,
3221 4741 3320 4797 sed
3352 4758 3419 4796 ex
3449 4757 3555 4797 sua
3583 4740 3724 4796 sub-

2082 4837 2325 4906 stantia,
2357 4840 2413 4891 et
2445 4840 2647 4892 sancto
2702 4832 2921 4905 Spiritu
2980 4836 3329 4903 conceptum
3387 4835 3445 4886 et
3488 4835 3717 4885 natum.

2082 4926 2361 4997 Sequitur
2387 4948 2414 4973 «
2440 4922 2959 4997 primogenitum.»
2991 4920 3115 4976 Non
3147 4921 3324 4976 etiam
3357 4919 3593 4975 defuere
3616 4917 3726 4971 bae-

2083 5013 2243 5069 retici
2275 5013 2375 5084 qui
2408 5014 2477 5068 ad
2511 5012 2974 5068 confirmandam
3008 5010 3357 5065 sententiam
3391 5008 3481 5063 sui
3512 5004 3725 5062 erroris

2083 5102 2191 5158 hoc
2212 5103 2449 5157 verbum
2467 5104 2884 5173 asumpserunt
2897 5097 3339 5168 dicentes,quod
3354 5110 3726 5166 nequaquam

2083 5197 2323 5247 sanctus
2355 5190 2710 5263 evangelista
2738 5190 2982 5245 dixisset
3014 5210 3040 5237 «
3076 5185 3587 5258 primogenitum,»
3612 5182 3725 5238 nisi

2082 5280 2132 5335 is
2162 5280 2465 5335 habuisset
2499 5277 2881 5345 fratres;falso
2915 5283 3273 5341 tamen,uam
3298 5272 3727 5346 primogenitus

2083 5369 2296 5426 dicitur
2308 5368 2534 5425 nonille
2556 5368 2926 5424 solummodo
2950 5382 3124 5437 quem
3151 5364 3358 5419 fratres
3372 5366 3721 5435 sequuntur,

2084 5452 2183 5507 sed
2217 5450 2316 5522 qui
2349 5449 2575 5521 primus
2610 5448 2890 5513 nascitur,
2928 5447 3047 5502 sive
3091 5462 3227 5500 non.
3264 5443 3430 5517 Legis
3470 5458 3725 5513 namque

2082 5542 2436 5611 praeceptum
2470 5538 2580 5592 fuit
2611 5541 2675 5591 ut
2709 5557 2735 5586 ι(
2767 5552 2937 5591 omne
2962 5533 3356 5589 masculinum
3381 5530 3723 5604 adaperiens

2084 5628 2311 5684 vulvam
2343 5630 2609 5684 sanctum
2641 5624 2889 5684 Domino
2918 5627 3243 5689 vocaretur,
3271 5626 3329 5678 et
3375 5620 3574 5677 omnia
3600 5619 3722 5693 pri-
