4018 6200
321 352 432 418 891
469 383 474 389 ’

829 355 1127 419 REMIGII
1169 355 1918 420 ANTISSIODORENSIS
1962 354 2134 417 OPP.
2183 356 2382 420 PARS
2427 355 2504 419 ll.
2536 354 3208 420 -—MISCELLANEA.

3599 355 3719 419 892

326 487 622 561 mogenita
647 487 764 544 Deo
795 487 854 544 in
889 493 1101 562 templo
1129 490 1494 558 offerrentur,
1513 494 1570 547 et
1600 494 1820 562 septem
1847 490 1966 546 die-
1998 489 2052 556 Α
2079 492 2244 546 vator
2272 489 2484 546 diceris
2515 489 2574 545 in
2605 506 2697 545 me
2726 488 3000 545 salvando
3031 487 3389 562 glorifica,ut
3419 492 3593 544 tuum
3624 504 3728 545 no-

326 578 440 633 bus
470 582 667 633 essent
697 579 806 632 sub
840 579 1119 635 uberibus
1150 585 1426 648 matrum,
1462 587 1665 638 octava
1711 580 1803 636 die
1833 597 1967 636 vero

328 667 674 722 offerrentur
705 667 968 723 Domino.
1004 691 1032 718 »
1062 671 1127 725 Et
1168 671 1433 743 nunquid
1465 671 1566 727 illa
1597 671 1966 727 solummodo

325 757 716 829 primogenita
747 757 1138 814 offerebantur
1158 777 1285 832 quae
1309 761 1514 816 fratres
1536 761 1968 832 sequebantur?

326 847 476 912 Non,
509 847 606 901 sed
642 846 840 901 omnia
871 864 997 918 quas
1048 849 1236 920 primo
1287 850 1692 906 nascebantur.
1726 852 1797 905 Et
1827 851 1965 905 item

327 936 544 1007 legitur
576 935 746 1006 quia«
771 938 1060 1008 percussit
1078 943 1228 994 Deus
1260 939 1713 1012 primogenitum
1731 940 1790 994 in
1815 945 1969 995 terra

323 1025 551 1097 Egypti
577 1040 588 1078 :
625 1046 652 1074 »
679 1029 734 1080 et
762 1027 1029 1098 nunquid
1061 1027 1160 1082 illa
1191 1028 1558 1084 solummodo
1582 1029 1970 1101 primogenita

325 1113 769 1186 percussit,quse
801 1115 1007 1172 fratres
1038 1117 1268 1173 fuerant
1295 1120 1526 1174 secuti?
1556 1119 1820 1188 Non,sed
1843 1136 1965 1174 om-

323 1201 422 1257 nia
453 1219 579 1273 qusa
612 1203 801 1275 primo
834 1197 970 1261 nata
1002 1211 1139 1261 sunt
1170 1211 1289 1262 tam
1321 1208 1392 1262 de
1423 1207 1762 1264 hominibus
1790 1225 1967 1280 quam

325 1291 396 1346 de
429 1291 974 1365 animalibus.Ergo
1003 1295 1194 1350 omnis
1225 1296 1563 1369 unigenitus
1596 1301 1749 1352 recte
1781 1301 1970 1368 potest

325 1379 435 1434 dici
473 1380 896 1452 primogenitus
923 1401 934 1450 ;
968 1389 1369 1440 verumtamen
1402 1403 1516 1440 non
1547 1385 1738 1441 omnis
1757 1385 1970 1458 primo-

325 1468 562 1541 genitus
594 1470 807 1525 dicitur
865 1472 1223 1544 unigenitus.
1251 1475 1530 1531 Dominus
1581 1475 1758 1547 igitur
1796 1476 1968 1530 Jesus

325 1557 593 1613 Christus
613 1575 746 1614 cum
770 1559 848 1614 sit
869 1562 1207 1632 unigenitus
1229 1563 1373 1620 bene
1395 1564 1610 1618 dicitur
1623 1563 1972 1635 primogeni-

326 1649 444 1714 tus,
480 1646 618 1718 quia
648 1649 876 1719 primus
904 1649 974 1704 de
1004 1651 1241 1724 Virgine
1259 1657 1348 1707 est
1368 1656 1624 1718 natus,et
1655 1657 1826 1707 natus
1850 1652 1972 1723 qui-

329 1736 460 1791 dem
496 1753 608 1792 non
642 1737 1024 1811 devirginavit
1076 1746 1344 1810 matrem,
1377 1759 1503 1813 qua:
1534 1743 1694 1821 virgo
1744 1759 1974 1813 semper

2078 595 2210 636 men
2243 579 2319 634 sit
2349 595 2529 652 super
2558 596 2669 636 me.

2700 685 2992 742 HOMILIA
3029 685 3098 740 V.

2079 777 2141 832 IN
2165 792 2325 832 ILLUD
2365 781 2640 832 MA'r'rmsI
2665 792 2677 830 :
2706 776 2928 831 Dicebat
2973 777 3125 832 Jesus
3154 775 3330 830 turbis
3363 776 3724 832 Iudaeorum:

2150 850 2280 904 Ecce
2313 851 2464 904 mitto
2496 849 2580 904 ad
2624 863 2714 904 vos
2757 848 3066 919 prophetas,
3093 855 3145 902 et
3169 849 3466 919 sapientes,
3501 852 3554 903 et
3583 849 3725 903 scri-

2151 921 2261 986 bas,
2294 925 2398 976 etc.

2150 1027 2310 1091 Quod
2342 1031 2537 1082 autem
2569 1026 2840 1099 superius
2871 1026 3013 1081 dicit
3035 1041 3085 1082 :«
3105 1025 3346 1097 Implete
3378 1041 3722 1082 mensuram

2077 1120 2310 1187 patrum
2341 1121 2722 1184 vestrorum,»
2744 1116 2813 1172 ad
2847 1131 3155 1188 personam
3185 1114 3400 1170 Christi
3434 1117 3726 1188 pertinere

2076 1205 2326 1268 videtur,
2360 1206 2640 1276 quoniam
2671 1205 2796 1278 ipse
2823 1206 2895 1260 ab
2928 1204 3044 1259 illis
3076 1204 3435 1260 occidendus
3455 1205 3721 1273 erat,sive

2078 1299 2269 1366 potest
2298 1295 2498 1351 referri
2533 1296 2603 1350 ad
2635 1293 2952 1367 apostolos,
2985 1294 3057 1348 de
3105 1294 3322 1366 quibus
3353 1311 3515 1348 nunc
3545 1294 3714 1351 dicit:

2080 1408 2108 1434 ι‹
2141 1385 2273 1440 Ideo
2303 1402 2433 1441 ecce
2463 1401 2567 1457 ego
2604 1384 2770 1440 mitto
2803 1384 2873 1439 ad
2911 1400 3015 1438 vos
3064 1382 3400 1455 prophetas,
3434 1384 3723 1455 sapientes

2079 1479 2136 1530 et
2165 1475 2516 1542 scribas,-ut
2543 1473 2766 1530 scilicet
2797 1472 3093 1546 impleatis
3124 1489 3462 1528 mensuram
3491 1477 3727 1545 patrum

2078 1568 2428 1633 vestrorum,
2453 1568 2509 1618 et
2537 1563 2668 1618 illos
2697 1562 3012 1618 occidendo
3044 1561 3433 1617 ostendamini
3465 1579 3560 1616 vos
3591 1578 3724 1616 esse

2081 1652 2232 1709 filios
2258 1652 2709 1718 homicidarum,
2742 1656 2799 1707 et
2847 1650 3276 1707 convincamini
3323 1649 3458 1705 falso
3506 1665 3721 1704 ornare

2082 1741 2354 1813 sepulcra
2383 1741 2819 1814 prophetarum.
2866 1739 3164 1812 Propheta!
3196 1739 3350 1795 enim
3379 1755 3488 1794 non
3520 1738 3716 1793 solum

329 1824 692 1895 permansit;
725 1827 796 1882 de
829 1843 895 1882 ea
926 1845 1180 1900 namque
1212 1831 1497 1902 scriptum
1531 1836 1620 1886 est
1643 1829 1972 1887 :Portabwc
2002 1867 2050 1931 B
2082 1830 2166 1885 illi
2196 1831 2334 1885 dicti
2367 1836 2506 1886 sunt
2538 1831 2639 1901 qui
2669 1829 3128 1884 incarnationem
3159 1828 3389 1883 Domini
3418 1831 3725 1882 venturam

330 1913 532 1968 clausa
563 1915 693 1984 erit,
725 1921 781 1971 et
840 1917 925 1971 vir
955 1935 1068 1973 non
1129 1921 1403 1975 transibit
1454 1937 1555 1992 per
1611 1937 1777 1976 eam:
1814 1919 1975 1975 solus

331 2001 620 2058 Dominus
637 2006 969 2075 egredietur
989 2023 1092 2077 per
1117 2013 1331 2075 eam,et
1353 2009 1462 2062 erit
1493 2025 1724 2081 semper
1754 2006 1973 2064 clausa.

335 2091 406 2145 Et
437 2092 572 2163 quid
610 2092 826 2148 mirum
859 2094 906 2149 si
941 2096 1278 2168 unigenitus
1303 2096 1398 2152 Dei
1424 2097 1603 2153 Filius
1627 2096 1977 2169 primogeni-

331 2185 431 2236 tus
463 2181 678 2236 dicitur
701 2199 766 2238 eo
799 2184 953 2254 quod
987 2185 1215 2257 primus
1264 2190 1434 2242 natus
1484 2188 1560 2242 sit
1590 2188 1660 2242 de
1691 2185 1975 2258 Virgine?

333 2287 465 2326 cum
499 2271 672 2327 etiam
705 2273 1129 2346 primogenitus
1152 2280 1518 2333 mortuorum
1550 2276 1797 2345 dicatur,
1823 2275 1978 2330 unde

333 2365 424 2416 est
451 2359 593 2416 illud
624 2380 636 2418 :
665 2385 687 2410 ι
726 2365 856 2434 Ipse
877 2369 965 2420 est
984 2366 1152 2420 testis
1179 2366 1369 2422 fidelis
1393 2367 1979 2440 primogenitusmor-

334 2454 596 2516 tuorum,
629 2455 685 2507 et
714 2453 987 2525 princeps
1018 2472 1222 2527 regum
1274 2462 1459 2512 terra.
1495 2479 1522 2506 »
1555 2457 1707 2512 Bene
1737 2457 1977 2528 quidem

336 2538 761 2610 primogenitus
785 2547 1148 2599 mortuorum
1175 2545 1553 2618 dicitur,quia
1570 2547 1694 2618 ipse
1708 2546 1980 2618 primusa

335 2627 583 2681 mortuis
614 2630 951 2695 resurrexit,
986 2636 1042 2686 et
1071 2633 1240 2688 nobis
1279 2635 1503 2689 aditum
1537 2635 1877 2707 resurgendi
1909 2631 1978 2688 de

335 2717 523 2769 morte
553 2716 624 2770 ad
655 2715 832 2772 vitam
865 2718 1276 2777 dedit.Dicitur
1305 2723 1480 2778 etiam
1515 2723 1977 2795 «primogenitus

333 2804 392 2858 in
426 2804 630 2862 multis
662 2806 960 2880 fratribus,
989 2832 1016 2859 »
1048 2816 1112 2865 ut
1137 2810 1281 2866 illud
1311 2813 1568 2884 Apostoli
1599 2833 1611 2869 :
1648 2817 1840 2881 «Quos
1869 2831 1975 2868 au-

331 2897 448 2949 tem
469 2895 758 2966 praescivit
785 2901 842 2951 et
859 2899 1292 2968 praedestinavit
1326 2903 1652 2958 conformes
1675 2901 1798 2957 fieri
1830 2902 1974 2958 ima-

331 2981 455 3053 gini
481 2983 608 3037 Filii
629 2983 816 3051 sui,ut
841 2985 918 3040 sit
938 2985 1062 3056 ipse
1093 2988 1520 3061 primogenitus
1552 2991 1609 3044 in
1643 2990 1844 3045 multis
1869 2992 1978 3047 fra-

333 3070 651 3128 tribus.»ln
675 3073 892 3144 quibus
914 3074 1116 3130 multis
1129 3075 1222 3130 ?In
1246 3076 1364 3132 illis
1385 3077 1737 3135 videlicetde
1759 3080 1974 3151 quibus

329 3159 586 3217 Joannes
611 3162 910 3234 apostolus
939 3163 1037 3218 ait:
1057 3167 1384 3238 «Quotquot
1403 3171 1599 3224 autem
1631 3175 1976 3242 receperunt

2085 1919 2605 1991 przedixerunt,sed
2633 1918 2809 1973 etiam
2833 1917 2914 1972 illi
2938 1917 3039 1990 qui
3060 1916 3312 1973 caelestis
3329 1917 3489 1988 regni
3513 1917 3730 1988 gaudia

2086 2009 2521 2076 annuntiant,et
2549 2007 2881 2079 Scripturas
2911 2006 3392 2080 interpretantur;
3412 2007 3484 2060 de
3513 2006 3726 2076 quibus

2085 2097 2227 2152 dicit
2256 2097 2608 2170 Apostolus:
2644 2120 2672 2147 «
2701 2095 3001 2169 Prophetas
3045 2097 3157 2151 duo
3207 2100 3309 2151 aut
3359 2101 3479 2150 tres
3511 2095 3722 2163 dicant,

2087 2187 2277 2242 caeteri
2309 2191 2503 2243 autem
2529 2185 2869 2257 dijudicent.
2889 2206 2914 2238 ι)
2951 2185 3198 2250 Quidam
3229 2184 3389 2240 enim
3420 2183 3731 2256 prophetas

2085 2276 2310 2332 Veteris
2331 2277 2410 2331 Te
2421 2276 2696 2331 stamenti
2714 2278 3023 2330 autumant
3042 2291 3169 2330 esse
3193 2273 3585 2346 praeferendos
3607 2289 3736 2344 apo-

2089 2365 2256 2422 stolis
2288 2365 2345 2419 in
2388 2365 2590 2420 ordine
2621 2363 2909 2436 catalogi;
2942 2365 3044 2419 sed
3092 2363 3399 2419 sciendum
3456 2364 3548 2418 est
3596 2361 3734 2432 quia

2087 2454 2422 2526 prophetas,
2448 2452 2742 2526 sapientes
2773 2457 2830 2508 et
2869 2452 3090 2508 scribas
3121 2451 3408 2508 Dominus
3438 2449 3735 2523 apostolos

2089 2560 2228 2599 suos
2251 2542 2563 2615 appellavit
2587 2541 2901 2614 ;prophetae
2933 2540 3088 2597 enim
3111 2540 3250 2596 dicti
3272 2543 3414 2595 sunt
3441 2539 3583 2612 quia
3612 2555 3738 2611 pro-

2087 2632 2316 2704 pbetico
2347 2630 2558 2704 spiritu
2588 2634 2755 2686 erant
2775 2630 2981 2703 repleti
3006 2648 3020 2697 ;
3055 2629 3348 2702 sapientes
3376 2633 3567 2694 erant,
3602 2626 3737 2699 quia

2087 2722 2300 2776 eruditi
2333 2722 2561 2776 fuerant
2591 2719 2812 2775 caelesti
2865 2718 3149 2789 doctrina,
3198 2719 3257 2773 id
3303 2722 3395 2774 est
3441 2715 3736 2788 Evangelii

2086 2810 2310 2881 gratia:
2345 2811 2500 2865 unde
2526 2814 2584 2864 et
2613 2808 2930 2882 prophetas
2960 2808 3060 2875 ait,
3088 2811 3150 2863 ut
3179 2807 3442 2863 eruditos
3474 2806 3649 2862 corde
3678 2806 3734 2859 in

2089 2898 2375 2970 sapientia
2399 2916 2412 2966 ;
2436 2899 2641 2954 scribae
2673 2915 2806 2954 vero
2828 2901 2992 2953 erant
3019 2897 3156 2968 quia
3177 2897 3248 2952 de
3283 2895 3580 2952 thesauris
3614 2896 3735 2950 suis

2087 3005 2235 3044 nova
2261 2992 2317 3042 et
2349 2992 2538 3042 vetera
2560 2987 2950 3060 proferebant.
2974 3006 2995 3034 α
3029 2987 3099 3040 Et
3129 3002 3196 3040 ex
3222 2984 3341 3040 illis
3371 2983 3672 3050 occidetis,
3708 3006 3728 3031 ο

2086 3077 2251 3133 sicut
2273 3076 2517 3132 Paulum
2548 3081 2607 3133 et
2627 3076 2970 3148 Jacobum,«
3002 3079 3059 3130 et
3078 3074 3459 3147 crucifigetis,
3497 3089 3734 3146 nquem-

2086 3166 2404 3222 admodum
2436 3166 2670 3221 Petrum
2703 3169 2759 3222 et
2789 3165 3105 3233 Andream,
3137 3188 3163 3213 ‹‹
3181 3168 3239 3220 et
3269 3162 3643 3236 ﬂagellabitis
3674 3162 3730 3217 in

329 3267 487 3322 eum,
522 3252 680 3308 dedit
704 3252 788 3308 eis
818 3256 1164 3324 potestatem
1195 3257 1346 3313 ﬁlios
1367 3258 1467 3313 Dei
1491 3239 1971 3316 ﬁeri.»Et‘scien-
2005 3239 2048 3306 (ἶ
2087 3257 2401 3328 synagogis
2430 3255 2695 3323 vestris,»
2722 3254 3219 3327 quemadmodum
3251 3269 3458 3308 omnes
3487 3250 3728 3324 apostoli

329 3340 471 3395 dum
502 3341 643 3413 quia
674 3359 789 3398 non
821 3343 1012 3399 solum
1045 3345 1262 3401 dicitur
1308 3347 1734 3421 primogenitus
1766 3349 1824 3405 in
1855 3349 1972 3406 illis

329 3428 430 3500 qui
462 3434 594 3500 post
624 3447 760 3486 eum
793 3431 1050 3500 fuerunt,
1085 3435 1186 3489 sed
1236 3435 1411 3491 etiam
1464 3437 1520 3491 in
1555 3437 1672 3494 illis
1704 3439 1803 3511 qui
1838 3443 1972 3496 ante

328 3517 459 3588 ejus
480 3517 840 3575 nativitatem
865 3521 1340 3596 exstiterunt,qui
1354 3527 1498 3582 bene
1517 3527 1718 3600 utique
1736 3533 1975 3599 possent

329 3604 520 3662 dicere
553 3623 684 3662 cum
715 3608 976 3665 Joanne:
1018 3631 1039 3659 ι
1074 3615 1213 3667 Post
1241 3630 1348 3670 nos
1393 3616 1550 3671 venit
1593 3616 1678 3671 vir
1709 3618 1806 3689 qui
1839 3621 1974 3673 ante

330 3711 438 3752 nos
459 3695 646 3753 factus
669 3701 776 3765 est,
793 3720 820 3748 »
859 3703 1032 3771 atque
1055 3701 1163 3758 etsi
1185 3708 1318 3774 post
1338 3721 1443 3759 nos
1467 3709 1638 3761 natus
1660 3711 1971 3772 est,tamen

328 3787 590 3857 potentia
610 3804 728 3843 suae
751 3787 1071 3846 divinitatis
1091 3808 1199 3847 nos
1221 3794 1975 3867 praecessitPrimogenitus

329 3874 505 3930 etiam
524 3876 637 3930 dici
652 3881 843 3947 potest
859 3881 1184 3935 secundum
1197 3880 1390 3952 ipsam
1421 3888 1690 3938 naturam
1706 3883 1973 3938 divinita-

332 3962 432 4028 tis,
466 3968 529 4017 ut
549 3963 696 4018 illud
722 3982 733 4019 :
761 3989 789 4013 «
812 3967 930 4037 Ego
969 3985 1038 4023 ex
1079 3986 1178 4039 ore
1197 3969 1483 4026 Altissimi
1509 3973 1730 4042 prodivi
1763 3973 1978 4045 primo-

332 4050 532 4121 genita
553 4056 687 4106 ante
703 4069 936 4109 omnem
959 4063 1286 4114 creaturam
1317 4082 1344 4111 »
1377 4061 1676 4131 Sapientia
1693 4061 1974 4134 loquitur,

334 4142 392 4193 et
421 4137 708 4209 sapientia
731 4139 996 4198 Christus
1027 4147 1211 4212 est,de
1229 4164 1343 4218 quo
1365 4150 1679 4222 Apostolus
1704 4168 1716 4206 :
1754 4173 1783 4201 «
1812 4152 1978 4208 Chri-

334 4231 493 4282 stum
526 4227 623 4282 Dei
646 4227 920 4284 virtutem
951 4235 1010 4286 et
1040 4234 1136 4288 Dei
1169 4237 1534 4306 sapientiam.
1562 4262 1590 4286 ››
1624 4241 1784 4296 llunc
1815 4240 1977 4296 Chri-

335 4321 494 4373 stum
517 4317 619 4373 Dei
652 4317 927 4374 virtutem
945 4325 1001 4376 et
1024 4322 1118 4377 Dei
1139 4323 1488 4396 sapientiam
1510 4327 1686 4400 Virgo
1709 4334 1894 4385 mater
1920 4331 1978 4386 in

335 4406 450 4462 ﬁne
481 4410 813 4480 temporum
848 4411 1115 4484 concepit
1144 4417 1201 4468 et
1229 4415 1664 4488 peperit,quem
1698 4419 1851 4474 Deus
1874 4419 1978 4476 Pa-

335 4500 423 4552 ter
444 4502 579 4552 ante
600 4497 799 4554 omnia
816 4499 1028 4556 saecula
1049 4501 1419 4559 ineﬂ‘abiliter
1446 4506 1669 4577 genuit.
1699 4508 1981 4563 Praeterea

2081 3346 2359 3419 leguntur
2371 3343 2745 3418 ﬂagellati,de
2766 3344 2982 3416 quibus
2998 3343 3058 3399 in
3077 3342 3317 3398 Actibus
3331 3341 3732 3415 apostolorum

2083 3434 2328 3490 dicitur:
2365 3433 2644 3506 quoniam
2676 3434 3002 3505 gaudentes
3034 3433 3199 3487 ibant
3224 3430 3501 3504 ﬂagellati
3535 3447 3568 3485 a
3597 3447 3733 3486 con-

2091 3527 2292 3597 spectu
2325 3523 2574 3579 concilii.
2609 3545 2636 3572 «
2671 3523 2742 3578 Et
2770 3520 3204 3594 persequemini
3247 3520 3319 3576 de
3376 3519 3614 3574 civitate
3673 3519 3730 3573 in

2084 3613 2377 3669 civitatem
2404 3629 2466 3667 :»
2497 3616 2553 3666 et
2584 3615 2668 3668 est
2699 3628 2911 3667 sensus
2938 3627 2949 3665 :
2989 3608 3438 3682 Persequemini,
3457 3608 3725 3680 inquam,

2083 3707 2140 3758 et
2160 3700 2383 3773 expulsi
2405 3699 2568 3757 eritis
2591 3717 2624 3754 a
2646 3699 3085 3755 ﬁnibusJudaaa:
3108 3703 3174 3754 ut
3195 3712 3432 3769 congruo
3452 3699 3720 3766 tempore

2084 3791 2262 3864 digna
2291 3790 2392 3844 fiat
2421 3788 2858 3862 transmigratio
2883 3789 2955 3844 ad
2984 3792 3190 3861 gentes
3217 3787 3285 3844 ad
3311 3783 3710 3841 seminandum

2084 3878 2463 3952 Evangelium
2493 3877 2726 3933 Christi.
2767 3901 2787 3927 α
2824 3878 2898 3934 Ut
2940 3877 3135 3933 veniat
3184 3893 3360 3948 super
3386 3887 3479 3931 vos
3525 3872 3717 3928 omnis

2086 3969 2328 4043 sanguis
2345 3969 2546 4039 justus
2569 3968 2668 4039 qui
2693 3968 2914 4024 effusus
2936 3971 3025 4023 est
3061 3984 3238 4040 super
3258 3971 3472 4021 terram
3502 3980 3574 4031 ;a
3594 3980 3731 4019 san-

2087 4060 2262 4133 guine
2289 4058 2427 4113 Abel
2455 4057 2602 4129 justi
2630 4072 2817 4128 usque
2851 4057 2921 4112 ad
2972 4055 3324 4128 sanguinem
3363 4052 3676 4112 Zachariae.
3707 4075 3734 4101 η

2087 4149 2228 4215 Quis
2251 4153 2457 4207 autem
2495 4146 2796 4203 fueritiste
2820 4145 2963 4201 Abel
2995 4163 3111 4201 non
3143 4145 3337 4201 solum
3361 4144 3469 4200 hac
3504 4142 3743 4200 Domini

2088 4238 2401 4305 sententia,
2435 4237 2535 4292 sed
2567 4237 2744 4292 etiam
2776 4235 3110 4292 testimonio
3142 4233 3274 4289 libri
3304 4235 3549 4290 Genesis
3579 4248 3738 4288 com-

2089 4325 2499 4400 probatur,ubi
2531 4327 2658 4397 ejus
2689 4341 2936 4381 munera
2977 4329 3090 4380 Deo
3124 4329 3362 4396 accepta
3394 4323 3576 4378 fuisse
3610 4339 3740 4377 nar-

2090 4421 2314 4472 rantur.
2349 4417 2443 4471 Sic
2475 4416 2631 4471 enim
2664 4414 2951 4486 scriptum
2987 4417 3078 4469 est
3101 4413 3434 4486 :«Respexit
3459 4411 3749 4468 Dominus

2090 4507 2161 4561 ad
2192 4505 2330 4560 Abel
2360 4509 2416 4560 et
2447 4505 2518 4560 ad
2549 4520 2794 4560 munera
2823 4502 3042 4574 ipsius;
3081 4525 3102 4552 ι
3139 4502 3304 4575 prius
3334 4501 3490 4558 enim
3524 4501 3746 4556 dicitur

337 4585 553 4677 dicitur
583 4585 1008 4660 primogenitus
1055 4607 1121 4646 eo
1153 4593 1307 4663 quod
1340 4593 1464 4666 ipse
1495 4596 1720 4666 primus
1752 4596 1981 4668 aperuit
2010 4612 2055 4677 D
2089 4595 2274 4651 Deum
2308 4592 2631 4665 respexisse
2661 4593 2730 4648 ad
2759 4591 2921 4659 Abel,
2954 4591 3177 4663 deinde,
3195 4592 3266 4647 ad
3301 4607 3550 4646 munera
3587 4592 3744 4661 ejus,

335 4673 567 4728 vulvam
599 4681 814 4732 sancta:
841 4677 1045 4734 Matris
1065 4680 1331 4737 Ecclesiae
1353 4683 1423 4738 ad
1454 4685 1842 4754 procreandos
1863 4685 1978 4741 Deo

334 4759 490 4816 ﬁlios
521 4779 626 4834 per
655 4780 870 4836 aquam
898 4767 1292 4840 baptismatis.
1345 4794 1372 4820 ‹‹
1417 4771 1486 4826 Et
1514 4772 1737 4827 vocavit
1766 4789 1979 4830 nomen

338 4851 466 4922 ejus
490 4851 756 4908 Jesum.»
778 4854 984 4927 Liquet
1014 4856 1123 4914 hoc
1144 4875 1356 4915 nomen
1388 4859 1568 4917 fuisse
1601 4861 1978 4920 notissimum

339 4941 562 4997 sanctis
593 4942 864 4999 Patribus
895 4949 952 5000 et
1004 4946 1104 5002 Dei
1159 4949 1477 5022 prophetis,
1501 4954 1556 5006 et
1604 4950 1856 5008 maxime
1892 4952 1978 5008 illi

336 5031 438 5101 qui
466 5031 697 5087 dicebat
719 5033 993 5090 :«Defecit
1023 5036 1083 5090 in
1115 5037 1367 5094 salutare
1384 5042 1550 5096 tuum
1573 5040 1770 5097 anima
1791 5059 1974 5111 mea;»

335 5117 393 5174 id
425 5125 514 5176 est
543 5119 602 5175 in
648 5122 1069 5182 considerando
1117 5126 1373 5194 salutare
1421 5133 1587 5186 tuum
1621 5132 1819 5188 anima
1850 5149 1979 5189 mea

335 5208 545 5264 defecit
567 5215 644 5278 ;et
672 5210 848 5268 item:
891 5234 916 5267 α
945 5214 1256 5272 exsultavit
1287 5235 1385 5272 cor
1415 5236 1612 5275 meum
1643 5221 1703 5276 in
1735 5220 1976 5278 salutari

331 5301 471 5368 tuo,
506 5321 533 5348 ››
569 5315 674 5355 nec
703 5318 817 5356 non
850 5301 931 5357 illi
964 5304 1063 5376 qui
1091 5305 1354 5363 dicebat:
1395 5313 1544 5382 quc
1575 5313 1769 5366 autem
1794 5311 1850 5367 in
1874 5312 1979 5367 Do-

336 5387 498 5443 mino
529 5391 816 5462 gaudebo,
851 5397 907 5447 et
935 5393 1237 5453 exsultabo
1269 5397 1328 5453 in
1361 5403 1474 5455 Deo
1503 5399 1638 5456 Jesu
1671 5417 1821 5458 meo.
1860 5396 1977 5457 {Et

332 5478 761 5546 permaximum
794 5485 880 5536 est
906 5483 1050 5540 illud
1078 5503 1090 5540 :
1123 5507 1150 5538 (ι
1179 5492 1352 5555 Deus,
1377 5489 1436 5544 in
1469 5490 1705 5546 nomine
1735 5495 1839 5546 tuo
1869 5491 1976 5546 sal-

329 5580 463 5627 vum
498 5590 590 5630 me
625 5570 732 5638 fac,
769 5594 794 5618 υ
829 5572 885 5628 id
917 5583 1005 5634 est
1034 5579 1281 5653 gloriam
1313 5579 1400 5635 tui
1433 5581 1690 5640 nominis
1721 5600 1837 5656 quo
1854 5581 1974 5638 Sal-

2089 4685 2337 4756 ideoque
2350 4684 2552 4754 justus
2573 4681 3046 4754 deprehenditur.
3079 4681 3186 4737 Sed
3236 4680 3480 4736 solerter
3502 4679 3743 4735 investi-

2089 4773 2350 4848 gandum
2381 4775 2470 4828 est
2494 4771 2628 4844 quis
2659 4771 2833 4827 fuerit
2861 4771 2970 4827 iste
3000 4769 3485 4839 Zacharias,nam
3519 4768 3746 4825 multos

2089 4863 2340 4936 legimus
2371 4860 2699 4918 Zacharias.
2734 4860 3074 4933 Appellatus
3104 4875 3360 4931 namque
3402 4861 3494 4914 est
3521 4858 3746 4914 Zacha-

2088 4953 2204 5009 rias
2230 4951 2329 5007 ille
2360 4949 2724 5025 penultimus
2741 4949 3048 5006 duodecim
3070 4947 3747 5023 prophetarum.Zacha-

2087 5044 2206 5099 rias
2238 5043 2415 5098 etiam
2446 5041 2638 5096 dictus
2669 5044 2758 5097 est
2783 5044 2947 5112 pater
2972 5039 3238 5108 Joannis,
3261 5043 3319 5097 et
3347 5037 3627 5094 similiter
3647 5038 3749 5093 Za-

2087 5132 2318 5189 charias
2349 5135 2588 5187 vocatus
2620 5134 2708 5185 est
2742 5128 2842 5184 ille
2870 5129 3088 5185 Joiadaa
3120 5127 3441 5184 sacerdotis
3467 5152 3482 5195 ;
3515 5127 3623 5183 sed
3648 5126 3746 5182 ille

2086 5221 2451 5296 penultimus
2483 5218 2798 5276 duodedim
2829 5218 3249 5293 prophetarum
3277 5233 3577 5288 nusquam
3597 5216 3739 5289 legi-

2083 5317 2181 5368 tur
2209 5311 2458 5376 occisus,
2495 5313 2671 5381 atque
2713 5307 2819 5364 etsi
2835 5307 3102 5363 nonnulli
3124 5307 3324 5364 dicant
3343 5307 3502 5379 quod
3522 5306 3739 5362 Zacha-

2085 5403 2201 5458 rias
2219 5406 2386 5474 pater
2397 5397 2642 5455 Joannis
2655 5397 2884 5454 occisus
2899 5397 2976 5453 sit
2991 5397 3144 5452 inter
3154 5395 3445 5468 templum
3460 5400 3519 5452 et
3532 5395 3737 5461 altare,

2082 5509 2148 5547 eo
2202 5491 2355 5562 quod
2389 5489 2601 5544 Christi
2635 5488 2950 5542 adventum
2982 5487 3249 5542 futurum
3294 5486 3590 5558 praedixit,
3625 5484 3732 5539 hoc

2082 5585 2278 5638 tamen
2304 5579 2363 5636 in
2386 5577 2598 5636 divinis
2625 5576 2834 5636 litteris
2874 5594 2988 5634 non
3010 5575 3323 5646 invenitur,
3355 5580 3413 5633 et
3443 5592 3518 5633 ne
3547 5574 3729 5632 libera
