4018 6200
352 367 466 431 893

1862 366 2237 430 ΗΟΜΠΑῙΑΞ.

3633 372 3752 434 894

347 499 594 557 facultas
624 499 854 557 errandi
890 500 1128 556 daretur
1157 518 1261 573 per
1288 500 1571 570 diversos,
1599 500 1728 558 ideo
1753 500 1989 573 signan-
2019 501 2070 567 Α
2103 514 2308 556 omnes
2331 501 2514 557 sancti
2538 505 2825 576 martyres
2841 517 2943 574 per
2962 501 3106 559 istos
3124 500 3510 575 designantur
3530 501 3752 561 laicalis

349 592 437 645 ter
466 589 692 645 addidit
722 589 1004 645 Dominus
1035 607 1047 645 :
1085 612 1111 640 «
1142 607 1316 662 quem
1344 590 1640 646 occidistis
1670 591 1821 646 inter
1845 594 1992 644 tem-

351 678 512 749 plum
537 684 592 733 et
612 679 809 733 altare.
834 700 861 727 »
886 680 1316 751 Congruentius
1337 697 1473 752 ergo
1495 680 1803 735 Zacharias
1825 678 1995 735 intel-

342 766 443 839 ligi
467 771 657 839 potest
686 766 783 822 ille
814 767 972 823 filius
1001 769 1219 824 Joiadze
1256 769 1601 840 sacerdotis,
1638 784 1811 841 quem
1837 769 1994 832 Joas,

351 873 451 911 rex
477 856 664 924 Judaa,
716 856 1003 912 interfecit
1050 858 1205 913 inter
1234 858 1520 930 templum
1552 863 1607 914 et
1637 858 1835 913 altare.
1885 856 1995 912 Sed

349 944 727 1015 quaerendum
760 950 850 999 est
880 947 1176 1017 quomodo
1210 947 1490 1002 Dominus
1522 947 1615 1001 hic
1646 963 1781 1001 eum
1810 945 1996 1000 filium

350 1033 642 1089 Barachiee
666 1034 951 1101 nominet,
975 1052 1131 1102 cum,
1148 1036 1302 1091 sicut
1324 1037 1383 1090 in
1406 1035 1553 1091 libro
1575 1041 1838 1107 Regnum
1857 1035 1998 1106 legi-

345 1126 463 1188 tur,
514 1121 671 1177 ﬁlius
703 1123 878 1177 fuerit
905 1124 1123 1179 Joiadze
1157 1125 1478 1180 sacerdotis
1506 1143 1517 1179 :
1553 1125 1636 1179 sic
1664 1124 1819 1179 enim
1853 1123 1998 1195 legi-

351 1215 485 1265 tur:
539 1234 567 1259 «
602 1211 728 1266 Non
759 1216 849 1266 est
880 1212 1219 1268 recordatus
1248 1217 1385 1269 Joas
1413 1212 1629 1268 Joiadae
1662 1212 1844 1284 patris
1873 1213 2000 1283 ejus

352 1315 483 1371 quae
510 1300 621 1356 sibi
647 1299 879 1355 fecisset
900 1301 1070 1357 bona.
1100 1323 1127 1349 ››
1159 1300 1413 1357 Solvitur
1441 1302 1561 1357 hac
1592 1301 1837 1374 quaestio
1868 1301 1951 1356 ita
1986 1318 1998 1357 :

359 1392 462 1443 aut
491 1389 540 1443 is
570 1394 723 1444 certe
753 1390 867 1444 duo
900 1390 1137 1445 nomina
1166 1392 1488 1447 secundum
1516 1392 2000 1447 consuetudinem

350 1494 472 1532 sua:
488 1479 679 1550 gentis
701 1479 928 1545 habuit,
943 1484 1044 1535 aut
1062 1479 1307 1535 solvitur
1325 1481 1801 1553 interpretatione
1820 1478 2002 1534 nomi-

356 1583 521 1622 num.
574 1568 885 1624 Barachias
930 1568 1085 1623 enim
1119 1568 1537 1641 interpretatur
1567 1571 1871 1625 benedictus
1905 1570 2002 1623 Do-

353 1657 519 1727 mini,
567 1657 806 1712 Joiadas
833 1674 968 1713 vero
999 1659 1097 1713 Dei
1112 1660 1371 1730 justitia;
1420 1658 1567 1713 nihil
1599 1676 1734 1731 ergo
1766 1657 2007 1739 interest:

355 1743 477 1799 sive
496 1744 727 1800 dicatur
756 1744 915 1800 ﬁlius
946 1746 1130 1802 fuisse
1161 1747 1475 1815 Barachiaa,
1506 1746 1562 1801 id
1595 1754 1686 1803 est
1716 1744 2004 1803 benedict1

347 1832 598 1901 Domini,
644 1833 765 1889 sive
792 1834 1031 1906 Joiadaa,
1074 1836 1131 1890 id
1164 1842 1252 1892 est
1276 1838 1420 1908 justi
1450 1836 1696 1903 Domini,
1721 1836 1997 1907 quoniam

341 1939 527 1977 unum
554 1926 662 1978 est.
690 1922 973 1978 Dominus
996 1940 1133 1997 ergo
1162 1925 1234 1979 ob
1267 1926 1733 1997 magnitudinem
1758 1926 1909 1996 ejus,
1940 1930 1997 1979 et

341 2011 413 2065 ad
440 2009 677 2065 laudem
699 2010 887 2083 ipsius
912 2012 1138 2067 vocavit
1168 2012 1335 2067 illum
1368 2013 1555 2069 ﬁlium
1591 2014 1904 2085 Barachiaa,
1940 2015 1998 2069 id

345 2103 435 2155 est
456 2100 747 2155 benedicti
780 2100 1031 2155 Domini.
1067 2105 1291 2158 Rursus
1325 2104 1704 2174 quaerendum
1738 2109 1825 2158 est
1854 2120 1999 2174 quo-

345 2189 523 2243 modo
554 2188 711 2243 dicat
743 2189 1023 2243 Dominus
1055 2207 1292 2245 omnem
1324 2191 1672 2264 sanguinem
1697 2192 1999 2262 justorum

347 2277 731 2348 quaerendum
755 2293 883 2332 esse
905 2278 978 2332 ab
999 2278 1140 2333 Abel
1156 2279 1319 2349 justo
1344 2297 1530 2352 usque
1552 2281 1623 2335 ad
1654 2280 2000 2353 sanguinem

339 2364 631 2420 Zachariae
664 2365 849 2421 filium
883 2365 1173 2423 Barachiaa
1206 2384 1388 2440 super
1416 2369 1850 2449 generationem
1892 2374 2000 2425 Ju-

342 2452 606 2508 dzeorum
625 2470 759 2508 cum
782 2454 894 2526 ipsi
919 2460 1191 2512 neutrum
1213 2472 1415 2511 eorum
1435 2457 2003 2526 occiderint,scilicet

340 2557 449 2595 nec
472 2542 634 2610 Abel,
660 2560 764 2598 nec
787 2544 1145 2600 Zachariam.
1181 2546 1459 2617 Nunquid
1493 2547 1704 2602 merita
1734 2548 1998 2603 omnium

340 2631 783 2701 generationum
809 2649 873 2688 ac
898 2635 1389 2705 subsequentium
1412 2653 1531 2690 una
1554 2638 1853 2708 generatio
1876 2653 2003 2708 per-

342 2718 573 2774 solvet?
622 2737 736 2775 non
770 2722 927 2776 enim
960 2738 1192 2793 aequum
1224 2728 1315 2777 est
1345 2728 1410 2777 ut
1441 2724 1588 2779 alter
1618 2742 1721 2796 pro
1754 2726 1999 2781 alterius

343 2808 598 2880 peccatis
616 2809 915 2880 puniatur.
932 2810 1249 2866 Sciendum
1275 2816 1365 2867 est
1384 2829 1519 2885 ergo
1548 2814 1686 2884 quia
1709 2814 1889 2869 moris
1912 2820 2001 2870 est

340 2913 641 2952 sacrarum
664 2898 1095 2970 Scripturarum
1121 2901 1269 2955 duas
1300 2902 1706 2972 generationes
1734 2919 1993 2971 narrare,

340 3003 520 3041 unam
545 2986 759 3042 bonam
785 2991 841 3041 et
865 2987 1108 3043 alteram
1137 2988 1378 3056 malam,
1398 3007 1574 3044 unam
1599 2992 1916 3060 iustorum,
1940 2996 1998 3046 et

339 3073 585 3131 alteram
617 3075 933 3146 impiorum
961 3094 974 3144 ;
1021 3075 1294 3131 Christus
1325 3077 1481 3131 enim
1533 3081 1622 3132 est
1665 3082 1841 3149 caput
1871 3095 1995 3133 om-

336 3162 505 3220 nium
524 3164 927 3233 electorum,st
947 3181 1151 3220 omnes
1174 3165 1339 3220 electi
1362 3165 1627 3220 membra
1653 3170 1791 3221 sunt
1810 3166 1994 3235 illius,

2104 592 2159 643 et
2189 590 2567 645 sacerdotalis
2589 592 2834 647 ordinis.
2857 592 3167 647 Zacharias
3187 598 3383 647 autem
3408 592 3753 664 interpreta-

2102 682 2201 733 tur
2250 679 2536 734 memoria
2583 681 2831 749 Domini,
2882 682 3037 737 unde
3069 685 3126 737 et
3154 682 3395 753 pulchre
3426 699 3528 754 per
3556 683 3753 754 ipsum

2104 782 2308 822 omnes
2338 765 2504 822 electi
2536 768 2941 840 designantur,
2993 769 3168 825 etiam
3201 774 3257 825 et
3285 769 3383 827 ille
3414 771 3513 841 qui
3548 771 3607 825 in
3640 772 3755 826 {ine

2106 856 2310 911 mundi
2345 856 2683 912 nasciturus
2715 863 2823 927 est,
2858 859 3073 930 quippe
3105 876 3331 915 memor
3364 859 3589 915 Domini
3621 861 3750 915 erit.

2104 944 2404 1015 Sequitur:
2425 966 2452 995 «
2471 951 2654 1000 Amen
2674 946 2803 1001 dico
2820 948 3243 1015 vobis,venient
3259 948 3379 1004 haec
3396 966 3572 1020 super
3587 964 3756 1020 gene-

2107 1034 2391 1090 rationem
2414 1034 2609 1101 istam,
2648 1058 2675 1085 »
2707 1034 2763 1089 id
2798 1039 2887 1090 est
2911 1035 3056 1091 ultio
3082 1040 3138 1091 et
3156 1037 3408 1093 vindicta
3430 1039 3751 1108 justorum,

2109 1140 2357 1194 quorum
2390 1123 2631 1197 sanguis
2663 1125 2885 1179 effusus
2908 1130 2996 1180 est
3016 1142 3192 1197 super
3222 1132 3460 1194 terram,
3488 1132 3546 1181 et
3567 1127 3755 1200 requi-

2106 1216 2269 1267 retur
2288 1229 2400 1267 non
2428 1212 2615 1268 solum
2646 1229 2824 1285 super
2841 1214 3099 1282 Judaeos,
3115 1216 3217 1270 sed
3240 1216 3413 1271 etiam
3440 1233 3616 1288 super
3635 1234 3754 1273 om-

2109 1318 2213 1356 nes
2236 1300 2490 1373 iniquos,
2516 1306 2577 1355 ut
2603 1301 2853 1373 zequales
2876 1302 2995 1358 sint
3016 1304 3084 1358 ad
3121 1305 3465 1375 perferenda
3484 1306 3626 1375 justi
3650 1307 3754 1377 ju-

2110 1390 2244 1445 dicii
2277 1390 2587 1462 supplicia,
2619 1392 2718 1463 qui
2748 1408 2919 1464 pares
2952 1393 3188 1447 fuerunt
3217 1393 3533 1465 impietatis
3559 1394 3751 1466 culpa.

2116 1499 2143 1526 ε(
2170 1478 2552 1547 Hierusalem,
2569 1480 3095 1552 Hierusalem,qum
3118 1482 3336 1537 occidis
3359 1482 3757 1554 prophetas,et

2111 1567 2339 1639 lapidas
2354 1585 2453 1624 eos
2471 1569 2567 1640 qui
2586 1570 2655 1623 ad
2675 1574 2730 1624 te
2753 1570 2916 1625 missi
2936 1570 3505 1627 sunt.»Hierusalem
3525 1590 3756 1645 quoque

2114 1658 2396 1713 Dominus
2418 1675 2532 1713 non
2553 1675 2710 1729 saxa,
2727 1676 2840 1714 non
2863 1659 3109 1715 azdiﬁcia
3124 1661 3223 1716 sed
3243 1660 3600 1717 habitatores
3617 1662 3755 1717 civi-

2114 1747 2251 1802 tatis
2271 1746 2432 1802 illius
2450 1746 2733 1820 appellat;
2758 1747 2979 1820 plangit
2997 1749 3212 1821 quippe
3228 1766 3405 1822 super
3426 1767 3554 1805 eam
3578 1751 3759 1823 patris

2115 1836 2685 1906 atfectu,unde,sicut
2704 1836 2849 1892 alter
2864 1837 3216 1910 evangelista
3233 1840 3606 1905 refert,Jesus
3629 1863 3655 1889 ‹‹
3674 1839 3758 1895 vi-

2112 1926 2256 1982 dens
2269 1926 2559 1982 civitatem
2576 1926 2733 1981 flevit
2746 1943 2922 1998 super
2934 1926 3095 1982 illam
3109 1928 3328 1984 dicens:
3348 1930 3486 2001 quia
3499 1930 3546 1985 si
3564 1947 3761 2003 cogno-

2109 2017 2295 2071 visses
2312 2021 2369 2072 et
2387 2021 2446 2071 tu
2467 2034 2517 2084 ;»
2537 2016 2863 2089 praevidens
2891 2033 3145 2088 namque
3161 2018 3441 2074 Dominus
3459 2018 3691 2091 plagam
3705 2023 3762 2074 et

2111 2105 2343 2160 ruinam
2363 2105 2449 2159 illi
2470 2105 2701 2176 perﬁda:
2721 2105 2939 2160 civitati
2960 2106 3238 2174 futuram,
3256 2124 3359 2163 nec
3378 2108 3758 2179 temporalem

2112 2193 2327 2259 solum,
2344 2212 2470 2265 quze
2496 2212 2528 2249 a
2551 2195 2830 2249 Romanis
2850 2199 3093 2250 ventura
3115 2201 3256 2263 erat,
3273 2196 3372 2250 sed
3396 2197 3571 2251 etiam
3597 2195 3761 2251 illam

2114 2299 2291 2354 quam
2308 2282 2364 2336 in
2383 2283 2982 2339 aeternadamnatione
2996 2289 3120 2339 erat
3135 2284 3336 2339 habitu
3346 2284 3563 2349 ra,ideo
3577 2284 3763 2355 patrio

2112 2372 2323 2426 affectu
2356 2371 2667 2444 deplorans
2699 2372 3059 2428 condolendo
3104 2371 3426 2443 alloquitur
3473 2376 3528 2429 et
3574 2372 3715 2427 dicit
3748 2388 3761 2427 :

2120 2484 2147 2511 ‹‹
2179 2460 2708 2532 Hierusalem,qua=,
2732 2461 2947 2516 occidis
2976 2462 3309 2533 prophetas,
3334 2464 3390 2516 et
3412 2461 3641 2533 lapidas
3667 2478 3766 2517 eos

2116 2551 2217 2623 qui
2237 2552 2307 2606 ad
2354 2555 2410 2606 te
2428 2550 2593 2605 missi
2615 2555 2814 2621 sunt,»
2840 2568 2903 2606 ac
2926 2552 3232 2623 subjungit
3260 2569 3271 2606 :
3299 2552 3619 2623 «quotiens
3668 2568 3767 2605 vo-

2110 2639 2193 2693 lui
2226 2656 2579 2711 congregare
2606 2639 2758 2693 lilios
2788 2644 2921 2695 tuos
2948 2666 2961 2707 ;
2990 2663 3011 2691 ι
3050 2640 3109 2693 in
3142 2657 3257 2711 quo
3282 2639 3537 2694 ostendit
3559 2656 3765 2695 omnes

2113 2733 2265 2783 retro
2294 2728 2608 2799 prophetas
2637 2746 2669 2783 a
2700 2745 2760 2784 se
2784 2728 3032 2784 directos
3059 2729 3261 2795 fuisse,
3296 2732 3353 2784 et
3383 2730 3767 2784 destruuntur

2106 2817 2322 2871 idcirco
2369 2816 2620 2872 hazretici
2652 2818 2751 2889 qui
2785 2818 3056 2873 dixerunt
3088 2817 3403 2873 Dominum
3436 2818 3764 2890 sumpsisse

2112 2906 2339 2960 nitium
2380 2907 2471 2960 sui
2503 2922 2571 2961 ex
2600 2907 2859 2979 Virgine,
2884 2918 2935 2962 et
2968 2906 3146 2961 alium
3185 2907 3365 2962 fuisse
3392 2908 3575 2963 Deum
3599 2911 3764 2963 Vete-

2116 2994 2221 3061 ris,
2246 2994 2427 3049 alium
2454 2996 2595 3050 Novi
2618 2996 2997 3066 Testamenti,
3022 2996 3300 3068 quoniam
3333 2996 3429 3051 ille
3459 2996 3613 3052 idem
3639 3001 3765 3052 erat

2110 3083 2209 3156 qui
2234 3084 2550 3155 prophetas
2572 3088 2705 3139 ante
2721 3084 3021 3157 Virginem
3048 3085 3275 3140 direxit.
3295 3085 3493 3140 Addit:
3515 3108 3535 3135 ε
3555 3087 3762 3151 Quem-

2110 3172 2429 3228 admodum
2455 3173 2673 3244 gallina
2694 3178 3007 3245 congregat
3031 3174 3224 3246 pullos
3248 3192 3387 3229 suos
3419 3175 3529 3229 sub
3561 3176 3705 3244 alas,
3735 3197 3762 3224 »

336 3269 406 3309 ac
438 3269 542 3325 per
570 3252 679 3309 hoc
708 3254 977 3309 omnium
1035 3253 1352 3309 electorum
1397 3254 1469 3309 ab
1516 3254 1658 3309 Abel
1704 3272 1891 3326 usque
1923 3256 1994 3310 ad
2029 3244 2071 3310 C
2111 3266 2169 3316 et
2196 3263 2343 3316 bene
2369 3262 2519 3316 hanc
2542 3244 2990 3318 similitudinem
3022 3244 3293 3331 assumit,
3318 3262 3427 3317 hoc
3455 3263 3611 3318 enim
3636 3264 3762 3318 ani-

334 3342 515 3398 ﬁnem
548 3342 768 3411 saeculi,
817 3343 987 3415 quasi
1039 3360 1159 3397 una
1187 3344 1298 3398 erit
1339 3344 1655 3415 generatio.
1722 3343 1997 3400 Diabolus

330 3448 471 3487 vero
490 3436 667 3504 caput
691 3436 782 3487 est
802 3431 1069 3487 omnium
1096 3432 1462 3503 iniquorum,
1495 3436 1551 3486 et
1577 3449 1782 3487 omnes
1810 3433 1994 3504 iniqui

334 3520 605 3576 membra
635 3525 775 3576 sunt
814 3520 1042 3593 ipsius;
1099 3520 1367 3575 omnium
1422 3536 1559 3592 ergo
1608 3520 1925 3592 impiorum
1967 3539 2000 3576 a

331 3609 474 3665 Cain
537 3627 727 3682 usque
785 3610 854 3665 ad
916 3610 1095 3664 ﬁnem
1163 3610 1393 3680 saeculi,
1466 3627 1583 3664 una
1648 3610 1757 3665 erit
1822 3628 1996 3681 gene-

333 3700 483 3754 ratio
511 3718 523 3767 ,
558 3700 628 3755 de
660 3700 815 3755 bona
846 3716 1103 3771 namque
1137 3700 1515 3771 generatione
1546 3700 1833 3771 scriptum
1866 3704 1955 3755 est
1984 3718 1996 3755 :

335 3812 365 3838 «
401 3789 709 3844 Generatio
760 3792 1054 3844 rectorum
1104 3789 1504 3856 benedieetur,
1544 3812 1563 3836 η
1624 3794 1682 3844 et
1734 3789 1995 3845 iterum:

341 3897 364 3925 ι
399 3878 532 3931 Haec
561 3880 650 3931 est
679 3878 976 3950 generatio
1018 3877 1406 3947 quaerentium
1462 3878 1815 3946 Dominum;
1855 3901 1875 3926 ι»
1929 3879 2001 3933 de

336 3965 497 4021 mala
518 3970 711 4022 autem
736 3966 905 4022 dicit:
928 3990 955 4016 ‹‹
976 3966 1286 4022 Generatio
1312 3966 1467 4021 mala
1489 3970 1546 4022 et
1567 3983 1861 4038 perversa,
1877 3967 1999 4023 hmo

336 4055 591 4113 Domino
622 4056 964 4123 retribuisti,
1002 4079 1023 4104 υ
1080 4061 1135 4111 et
1166 4056 1307 4111 item
1340 4074 1352 4111 :
1414 4075 1435 4102 ι
1469 4056 1774 4111 Generatio
1828 4058 1998 4128 cujus

335 4143 490 4201 oculi
514 4144 821 4213 sublimes,
838 4149 895 4201 et
915 4146 1088 4217 cujus
1110 4144 1404 4217 palpebrae
1427 4144 1486 4198 in
1513 4145 1695 4199 altum
1720 4150 1940 4200 erectze.
1968 4167 1996 4195 ››

335 4235 470 4289 Haec
492 4234 651 4289 enim
676 4239 817 4290 sunt
838 4234 950 4290 illae
972 4236 1099 4290 duae
1126 4233 1411 4299 civitates,
1428 4251 1545 4289 una
1566 4233 1800 4305 Christi,
1818 4234 2000 4289 altera

338 4322 578 4392 diaboli,
604 4323 661 4378 id
687 4329 777 4379 est
802 4341 919 4379 una
942 4323 1310 4379 Hierusalem
1337 4323 1487 4378 visio
1520 4324 1701 4396 pacis,
1735 4329 1791 4379 et
1820 4324 2001 4397 Baby-

335 4412 436 4467 lon
459 4412 665 4469 civitas
688 4412 1071 4469 confusionis.
1100 4412 1346 4467 Pulchre
1368 4428 1503 4485 ergo
1531 4413 1723 4468 omnis
1756 4414 1999 4485 sanguis

328 4503 635 4575 justorum
687 4504 789 4574 qui
840 4504 1063 4559 effusus
1102 4506 1191 4558 est
1241 4502 1312 4557 ab
1345 4501 1487 4557 Abel
1511 4503 1675 4573 justo
1707 4520 1895 4574 usque
1926 4504 1997 4558 ad

2116 3350 2233 3404 mal
2265 3366 2546 3420 magnum
2588 3350 2861 3404 affectum
2910 3349 3085 3404 habet
3131 3351 3283 3403 circa
3314 3350 3508 3418 ﬁlios;
3561 3355 3762 3406 cetera:

2116 3438 2273 3493 enim
2307 3455 2459 3505 aves,
2493 3437 2600 3492 etsi
2635 3436 2787 3492 ﬁlios
2816 3437 3091 3508 habeant,
3142 3456 3257 3493 non
3306 3438 3471 3493 facile
3513 3444 3766 3511 possunt

2112 3526 2348 3599 agnosci
2383 3542 2509 3581 esse
2541 3528 2777 3595 matres,
2803 3526 2916 3580 nisi
2950 3530 3094 3581 forte
3125 3527 3184 3581 in
3216 3526 3370 3582 nidis
3398 3528 3652 3583 residere
3675 3528 3761 3584 vi-

2112 3616 2379 3671 doantur.
2437 3614 2723 3670 Gallinam
2767 3632 2923 3683 vero,
2975 3616 3081 3670 etsi
3115 3615 3258 3688 pulli
3292 3634 3408 3671 non
3441 3622 3764 3689 sequantur

2111 3709 2169 3761 et
2195 3705 2346 3761 filios
2372 3722 2485 3759 non
2508 3704 2727 3776 videas,
2752 3704 2919 3760 facile
2950 3709 3115 3776 potes
3146 3722 3458 3777 agnoscere
3491 3711 3758 3773 matrem,

2110 3793 2194 3849 ita
2215 3794 2367 3849 enim
2398 3794 2462 3847 ﬁt
2483 3792 2590 3848 alis
2614 3792 2910 3860 demissis,
2941 3793 3157 3865 plumis
3183 3794 3438 3866 hispida,
3462 3811 3600 3849 voce
3623 3810 3757 3850 rau-

2113 3901 2199 3951 ca,
2234 3883 2627 3954 omnibusque
2672 3883 2953 3939 membris
2993 3882 3281 3938 dissoluta
3309 3888 3365 3938 ct
3399 3883 3643 3953 abjecta,
3695 3887 3761 3938 ut

2109 3972 2446 4027 inﬁrmitate
2481 3970 2733 4026 filiorum
2766 3988 2899 4026 cum
2933 3970 3009 4026 sit
3047 3972 3268 4039 affecta,
3322 3976 3378 4028 et
3429 3972 3557 4044 ipsa
3594 3973 3757 4027 inﬁr-

2111 4064 2343 4127 metur;
2400 4060 2507 4115 alis
2538 4059 2713 4114 etiam
2748 4064 3024 4131 praeterea
3072 4060 3223 4116 ﬁlios
3254 4060 3522 4134 protegit,
3558 4065 3615 4116 et
3644 4080 3757 4134 pu-

2112 4165 2289 4221 gnam
2331 4148 2440 4202 init
2480 4150 2765 4204 adversus
2813 4148 3080 4205 milvum.
3109 4150 3420 4222 Sapientia
3466 4168 3603 4223 ergo
3652 4151 3754 4206 Dei

2110 4238 2317 4307 Patris,
2351 4254 2478 4308 quae
2510 4240 2599 4293 est
2629 4242 2817 4293 mater
2846 4239 3111 4294 omnium
3146 4245 3435 4307 nostrum,
3468 4240 3756 4294 Dominus

2110 4326 2333 4382 scilicet
2350 4327 2524 4381 Jesus
2546 4327 2811 4383 Christus
2842 4334 3074 4401 propter
3098 4330 3501 4383 infirmitatem
3526 4343 3756 4382 assum-

2111 4420 2220 4488 pta:
2251 4416 2443 4471 carnis
2473 4416 2700 4488 gallina
2731 4434 2793 4472 se
2824 4417 3195 4481 assimilavit,
3245 4419 3400 4471 unde
3442 4415 3756 4487 Apostolus

2113 4505 2287 4560 dicit:
2315 4528 2342 4556 «
2367 4505 2527 4568 Quod
2551 4506 2851 4561 infirmum
2876 4510 2964 4561 est
2988 4505 3111 4571 Dei,
3144 4506 3348 4560 fortius
3379 4509 3468 4560 est
3497 4503 3754 4559 homini-

335 4592 993 4664 sanguinemZacharize
1018 4592 1351 4664 requiretur
1372 4609 1547 4663 super
1564 4592 1996 4665 generationem
2026 4616 2073 4679 D
2110 4596 2260 4661 bus;
2297 4618 2323 4642 ››
2373 4594 2657 4649 infirmari
2694 4595 2908 4666 quippe
2940 4594 3125 4649 voluit
3157 4599 3221 4648 ut
3250 4612 3355 4648 nos
3388 4612 3497 4648 sua
3542 4595 3755 4650 virtute

332 4682 702 4754 iniquorum.
736 4682 954 4739 Iterum
987 4683 1367 4754 quarendum
1402 4686 1490 4737 est
1521 4683 1813 4754 quomodo
1842 4682 1997 4737 dicat

336 4788 576 4828 omnem
610 4772 962 4845 sanguinem
994 4773 1291 4843 justorum
1323 4772 1741 4844 requirendum
1769 4788 1897 4828 esse
1925 4772 1998 4827 ab

335 4859 487 4915 Abel
508 4864 765 4929 tantum,
794 4878 983 4933 usque
1010 4861 1082 4915 ad
1107 4860 1446 4916 Zachariam
1470 4860 1657 4915 filium
1682 4862 1996 4916 Barachie.

338 4950 459 5006 Cur
476 4954 671 5005 autem
696 4950 1080 5019 abAbel,non
1104 4956 1195 5006 est
1216 4950 1453 5018 mirum,
1470 4950 1568 5005 sed
1590 4948 1756 5005 valde
1779 4950 1997 5004 mirum

336 5043 432 5097 est
461 5041 757 5112 quomodo
788 5057 976 5113 usque
1007 5040 1080 5097 ad
1112 5038 1459 5112 sanguinem
1499 5038 1810 5108 Zachariae,
1860 5055 1996 5094 cum

337 5128 736 5202 plurimorum
784 5135 1122 5187 sanctorum
1164 5130 1408 5202 sanguis
1439 5132 1641 5201 postea
1671 5129 1892 5184 effusus
1924 5128 1999 5184 sit

336 5220 775 5287 innocentium,
807 5225 865 5276 et
894 5220 1083 5292 ipsius
1112 5219 1350 5286 Christi,
1381 5223 1438 5274 et
1466 5220 1863 5290 apostolorum
1892 5234 1997 5274 nec

338 5325 461 5366 non
516 5314 574 5365 et
627 5308 1151 5365 innumerabilium
1184 5313 1531 5379 martyrum,
1574 5311 1630 5362 et
1667 5308 1999 5363 effundetur

334 5414 533 5469 usque
563 5398 634 5453 ad
668 5399 845 5451 ﬁnem
879 5396 1098 5452 sweuli.
1155 5394 1413 5450 Solvitur
1443 5400 1639 5451 autem
1674 5396 1757 5452 sic
1793 5414 1805 5451 :
1854 5396 1995 5452 Abel

332 5490 545 5560 pastor
574 5486 772 5539 ovium
808 5484 937 5552 fuit,
974 5489 1027 5539 et
1061 5485 1118 5538 in
1151 5500 1359 5555 campo
1392 5483 1639 5555 occisus,
1692 5486 1996 5541 Zacharias

333 5576 456 5633 fuit
482 5574 775 5641 sacerdos,
802 5578 858 5628 et
887 5573 947 5629 in
970 5574 1119 5629 atrio
1148 5572 1350 5646 templi
1382 5573 1608 5630 Domini
1634 5574 1992 5632 interfectus.

335 5664 480 5724 Ideo
512 5678 649 5737 ergo
682 5663 965 5721 Dominus
995 5664 1103 5721 hos
1134 5664 1281 5721 duos
1312 5664 1672 5733 memoravit,
1715 5666 1993 5738 quoniam

2105 4689 2453 4757 protegeret,
2479 4701 2584 4739 nec
2605 4683 2874 4739 diabolus
2897 4688 3127 4755 raperet
3147 4700 3295 4755 quos
3318 4684 3439 4756 ipse
3460 4684 3751 4753 defendit;

2109 4790 2245 4830 nam
2265 4774 2418 4845 quod
2443 4773 2661 4847 gallina
2685 4777 2906 4828 natura:
2926 4773 3131 4828 affectu
3152 4789 3410 4845 pugnam
3432 4772 3542 4828 init
3558 4773 3756 4829 adver-

2110 4881 2213 4919 sus
2236 4864 2504 4929 milvum,
2520 4863 2627 4919 hoc
2643 4862 2923 4919 Dominus
2946 4861 3180 4933 propria
3201 4879 3309 4917 sua
3331 4866 3614 4934 potestate
3636 4861 3757 4934 agit

2109 4954 2389 5009 adversus
2412 4952 2733 5007 diabolum.
2752 4953 2821 5006 Et
2844 4956 2907 5006 ut
2924 4952 3255 5007 ostenderet
3271 4952 3555 5007 Dominus
3579 4967 3752 5022 quem

2109 5041 2382 5096 affectum
2417 5041 2655 5096 haberet
2685 5058 2814 5113 erga
2850 5041 3097 5096 salutem
3133 5039 3375 5095 humani
3407 5039 3657 5111 generis,
3703 5044 3759 5093 et

2108 5129 2439 5201 specialiter
2467 5128 2625 5185 illius
2653 5130 2883 5184 Judaici
2916 5129 3137 5202 populi,
3169 5129 3239 5184 ad
3274 5145 3448 5200 quem
3479 5128 3754 5200 loqueba-

2107 5222 2223 5286 tur,
2241 5217 2472 5290 gallinaa
2498 5234 2559 5273 se
2582 5218 2949 5273 assimilavit,
2968 5220 3075 5271 Sed
3100 5218 3478 5288 quaerendum
3501 5222 3589 5272 est
3613 5217 3752 5288 quid

2108 5306 2185 5363 sit
2214 5307 2368 5378 quod
2420 5306 2697 5362 Dominus
2731 5307 2909 5363 dicit:
2948 5332 2972 5356 «
3007 5307 3282 5371 Quotiens
3314 5306 3467 5360 volui
3513 5322 3754 5378 congre-

2107 5413 2243 5469 gare
2267 5395 2419 5451 ﬁlios
2442 5397 2852 5467 tuos,quemad
2864 5396 3099 5450 modum
3126 5395 3426 5467 gallina,et
3448 5395 3685 5450 noluisti
3703 5414 3754 5464 ;»

2108 5487 2189 5540 sic
2221 5485 2377 5541 enim
2407 5485 2678 5541 videntur
2705 5490 2879 5540 verba
2910 5503 3139 5553 sonare,
3174 5502 3238 5540 ac
3272 5485 3318 5539 si
3352 5483 3621 5539 voluntas
3655 5485 3752 5539 Dei

2109 5579 2385 5647 superata
2415 5575 2491 5631 sit
2522 5594 2554 5631 a
2584 5574 2879 5631 voluntate
2920 5575 3258 5647 iniquorum
3312 5574 3639 5643 hominum,
3699 5580 3755 5631 et

2102 5664 2527 5723 inﬁrmissimis
2543 5666 2792 5724 nolendo
2810 5665 3287 5741 impedientibus,
3302 5663 3753 5737 Omnipotentis-
