4018 6200
313 305 435 378 895

809 311 1112 374 REMIGII
1155 312 1904 380 ANTISSIODORENSIS
1950 319 2124 382 OPP.
2172 318 2370 381 P-AltS
2416 319 2494 381 Il.
2530 353 2606 364 -—
2635 315 3209 381 MISCELLANEA.

3595 311 3718 380 896

313 437 504 494 simus
525 456 638 505 non
661 443 917 514 potuerit
933 446 1119 509 facere
1133 449 1289 519 quod
1315 449 1695 510 voluerit.Ubi
1717 456 1805 510 est
1822 469 1957 526 ergo
1987 455 2042 524 Α
2072 469 2212 526 pore
2237 452 2468 526 prefuit
2487 451 3018 508 HerodesGalilzeae.
3034 449 3178 505 Nam
3202 447 3439 520 quando
3463 447 3730 504 Herodes

316 526 420 583 illa
450 530 873 608 omnipotentis
920 536 991 590 de
1029 553 1145 608 qua
1189 529 1475 611 scriptum
1506 546 1595 597 est
1627 560 1639 598 :
1694 564 1721 593 «
1753 543 1962 599 Omnia

321 632 689 700 quacunque
709 621 892 678 voluit
915 624 1114 681 fecit?»
1129 627 1254 682 Non
1271 629 1426 684 enim
1446 631 1528 686 ait
1546 633 1810 704 quaedam
1831 631 1963 689 fecit

324 722 453 780 quae
473 707 674 776 vol-uit,
701 711 801 765 sed
829 713 1045 768 omnia.
1072 715 1521 788 Intelligendum
1543 725 1632 774 est
1649 721 1806 776 enim
1828 721 1964 790 quia

324 797 594 868 quotiens
616 798 770 856 volui
795 817 1146 876 congregare
1172 804 1322 862 ﬁlios
1344 810 1476 864 tuos
1503 812 1559 864 et
1579 808 1840 875 noluisti,
1858 827 1962 881 ego

324 901 473 956 quos
499 887 654 941 volui
677 892 730 943 te
752 890 983 947 nolente
1005 893 1074 949 de
1096 893 1230 950 filiis
1253 897 1615 969 congregavi.
1648 898 1924 970 Sequitur
1947 913 1960 952 :

327 996 354 1022 ‹‹
379 975 523 1030 Ecce
543 977 906 1051 relinquetur
933 983 1098 1058 vobis
1125 985 1336 1046 domus
1356 990 1548 1043 vestra
1569 989 1830 1056 deserta;
1855 1010 1880 1036 ››
1911 992 1968 1044 et

325 1066 648 1120 notandum
673 1067 812 1140 quia
830 1086 946 1124 non
974 1071 1056 1126 ait
1076 1090 1223 1144 mea,
1258 1075 1359 1131 sed
1391 1080 1600 1144 vestra,
1626 1082 1682 1132 et
1711 1077 1837 1132 ideo
1869 1079 1965 1133 de-

326 1157 500 1227 serta,
549 1171 615 1210 ac
670 1156 716 1211 si
768 1158 1026 1216 diceret:
1076 1162 1201 1221 Non
1239 1163 1381 1220 estis
1420 1165 1581 1238 digni
1612 1183 1742 1222 mea
1772 1171 1968 1237 prote-

327 1242 535 1311 ctione,
561 1243 697 1300 hinc
720 1250 810 1302 est
838 1249 992 1319 quod
1023 1267 1190 1307 voces
1221 1252 1562 1325 angelorum
1583 1255 1971 1311 insonuerunt

327 1331 588 1388 dicentes
617 1351 630 1388 :
685 1336 1079 1395 Transeamus
1111 1341 1182 1396 ab
1213 1341 1306 1398 his
1335 1343 1595 1400 sedibus.
1651 1346 1763 1400 Hoc
1792 1344 1968 1401 etiam

327 1426 499 1490 antea
535 1421 705 1495 longe
737 1426 1075 1495 praedictum
1109 1429 1299 1486 fuerat
1328 1449 1360 1487 a
1389 1432 1641 1490 Jeremia
1688 1433 1971 1506 propheta

329 1509 592 1565 dicente:
627 1533 654 1561 «
685 1511 917 1586 Reliqui
945 1516 1184 1573 domum
1211 1536 1422 1589 meam,
1446 1521 1642 1578 dimisi
1670 1521 1971 1578 haredita-

325 1601 445 1653 tem
478 1615 686 1655 meam.
724 1626 744 1655 ιι
798 1602 1160 1677 Hierusalem
1194 1626 1425 1682 quoque
1456 1610 1757 1678 Dominus,
1790 1628 1968 1684 quam

329 1689 652 1752 secundum
676 1690 926 1749 alterum
948 1695 1323 1769 Evangelium
1348 1699 1552 1756 nidum
1580 1700 1853 1774 appellat,
1877 1701 1970 1757 hic

328 1776 570 1891 domum
592 1780 872 1850 nominat,
900 1799 1024 1854 quas
1049 1803 1154 1842 suo
1183 1788 1622 1854 merito,divino
1643 1790 1856 1846 auxilio
1879 1790 1972 1846 de-
2003 1827 2051 1891 B

329 1881 406 1891 ..η
457 1870 542 1891 -._
619 1885 732 1891 ____
1010 1888 1024 1891 ,
1074 1878 1082 1891 .
1138 1876 1151 1891 .
1258 1876 1294 1891 ..
1341 1881 1349 1891 .
1553 1877 1563 1889 .
1853 1879 1862 1891 .

329 1866 570 1938 nudata,
619 1885 735 1923 suae
765 1871 970 1928 ditioni
1003 1878 1091 1930 est
1120 1876 1416 1944 derelicta,
1467 1877 1605 1948 quia
1635 1895 1750 1935 non
1781 1879 1973 1936 solum

330 1956 553 2028 protegi
576 1957 839 2030 despexit
859 1960 966 2017 alis
989 1963 1146 2019 illius
1174 1967 1590 2036 potentissimae
1621 1969 1762 2035 avis,
1797 1985 1974 2040 quam

330 2042 609 2116 gallinam
624 2049 1015 2118 nominat,sed
1031 2051 1205 2108 etiam
1225 2054 1352 2127 ipsa
1365 2056 1973 2130 avis,idestChristus,

331 2150 364 2188 a
395 2134 624 2192 duabus
653 2137 929 2209 vulpibus
959 2144 1048 2196 est
1074 2143 1311 2212 tradita,
1361 2144 1472 2201 hoc
1516 2150 1604 2202 est
1636 2148 1878 2219 Herode,
1919 2151 1977 2204 et

331 2221 536 2294 Pilato,
589 2229 646 2280 et
676 2225 805 2281 ideo
836 2231 1081 2286 Romani
1112 2233 1280 2304 quasi
1312 2251 1555 2292 vacuam
1601 2237 1867 2305 domum,
1922 2240 1980 2293 et

334 2312 538 2387 nidum
563 2314 885 2374 invidentes
903 2320 1101 2376 omnia
1112 2323 1565 2396 diripuerunt,id
1584 2330 1673 2382 est
1688 2331 1744 2384 et
1760 2324 1975 2396 locum,

333 2406 389 2456 et
421 2407 673 2474 gentem,
706 2412 763 2461 et
795 2423 1062 2480 regnum.
1107 2433 1134 2460 «
1165 2411 1304 2468 Dico
1333 2413 1488 2470 enim
1519 2415 1705 2485 vobis,
1739 2431 1856 2471 non
1887 2431 1979 2472 me

329 2490 602 2547 videbitis
623 2495 853 2550 amodo.
872 2519 900 2547 ››
920 2498 1004 2552 Ad
1028 2499 1391 2558 Hierusalem
1421 2521 1676 2575 quoque,
1703 2509 1758 2560 et
1778 2505 1851 2560 ad
1876 2521 1976 2574 po-

333 2579 540 2654 pulum
554 2581 868 2637 Judaicum
894 2584 1054 2656 loqui
1072 2591 1740 2661 pergebatDominus,ac
1763 2593 1810 2648 si
1829 2592 1978 2648 dice-

332 2670 419 2719 ret
446 2681 458 2719 :
495 2666 609 2720 nisi
643 2669 1043 2738 paenitentiam
1075 2677 1333 2747 egeritis,
1367 2682 1424 2733 et
1454 2697 1546 2735 me
1577 2680 1828 2735 confessi
1860 2679 1978 2736 fue—

331 2753 460 2812 ritis
491 2753 660 2810 illum
693 2773 821 2813 esse
850 2759 922 2815 de
951 2777 1066 2832 quo
1098 2765 1392 2836 prophetae
1422 2768 1758 2823 cecinerunt
1777 2766 1976 2822 Omni-

277 2907 288 2915 ,
331 2843 586 2915 potentis
614 2845 709 2900 Dei
734 2847 970 2920 Filium,
994 2867 1108 2906 non
1134 2869 1225 2908 me
1248 2854 1541 2926 videbitis,
1577 2857 1633 2910 id
1665 2860 1756 2910 est
1781 2855 1977 2927 cogni-

331 2931 552 3004 tionem
568 2950 760 2989 meam
778 2952 892 2991 non
912 2936 1203 2994 habebitis
1220 2965 1233 3008 ;
1248 2942 1304 2996 id
1319 2943 1474 3013 quod
1491 2943 1980 2998 nonnulliintelli-

332 3025 480 3090 gunt
509 3022 579 3075 de
611 3025 868 3079 secundo
890 3026 1121 3082 Domini
1143 3029 1415 3102 adventu,
1441 3033 1674 3102 quando
1696 3037 1978 3088 venturus

2072 543 2143 598 de
2169 543 2412 616 {Egypto
2446 559 2710 598 reversus
2737 546 2845 612 est,
2882 539 3201 594 Archelaus
3230 537 3517 609 regnabat
3546 553 3730 610 super

2070 632 2360 698 Judaeam,
2407 637 2463 686 et
2491 632 2743 687 Herodes
2775 630 3035 685 nondum
3068 633 3312 699 praerat
3342 626 3615 695 Galilaeaa,
3665 632 3729 682 et

2071 719 2290 776 idcirco
2323 725 2592 793 parentes
2614 718 2844 775 Domini
2871 733 3073 774 secure
3104 721 3419 788 potuerunt
3451 715 3725 771 habitare

2073 809 2131 864 in
2156 808 2410 866 Galilaea.
2445 809 2587 865 Item
2609 808 2789 880 quaeri
2811 810 2998 878 potest
3027 822 3207 878 quare
3229 805 3386 860 dicat
3413 804 3727 860 Mattheus

2071 898 2289 970 Joseph
2318 897 2530 954 timore
2559 896 2823 952 Archelai
2855 896 3167 952 secessisse
3206 894 3266 949 in
3298 892 3624 960 Galilaeam,
3670 900 3728 949 et

2076 987 2369 1044 habitasse
2400 987 2460 1042 in
2494 986 2797 1056 Nazareth,
2846 1001 2980 1041 cum
3022 985 3209 1040 Lucas
3237 982 3507 1038 videatur
3536 983 3728 1038 dicere

2076 1077 2229 1148 quod
2261 1077 2445 1146 gratia
2473 1076 2714 1149 propriae
2762 1075 3012 1131 civitatis
3043 1073 3447 1130 descendisset
3476 1072 3540 1127 in
3571 1073 3726 1128 Gali-

2075 1165 2264 1235 laeam,
2307 1171 2364 1220 et
2413 1165 2736 1222 habitasset
2773 1163 3083 1232 Nazareth,
3139 1163 3238 1219 sed
3298 1161 3546 1218 solvitur
3594 1163 3722 1216 sic:

2079 1255 2310 1328 quando
2329 1254 2548 1328 Joseph
2577 1255 2919 1310 admonitus
2940 1258 3029 1309 est
3059 1252 3120 1309 in
3138 1253 3382 1325 [Egypto
3414 1251 3489 1306 ab
3521 1251 3722 1325 angelo

2079 1331 2144 1398 ut
2174 1347 2554 1398 reverteretur
2583 1343 2644 1399 in
2672 1346 2889 1399 terram
2924 1341 3124 1408 Israel,
3164 1340 3452 1396 intellexit
3485 1340 3586 1396 ille
3610 1345 3722 1396 ter—

2079 1447 2205 1486 ram
2237 1430 2413 1488 Israel
2446 1431 2559 1486 dici
2589 1435 2808 1487 terram
2838 1430 3128 1501 Judaeum,
3155 1430 3260 1485 sed
3291 1434 3609 1501 postquam
3639 1445 3727 1484 re-

2079 1536 2280 1576 versus
2310 1525 2398 1576 est
2427 1520 2650 1576 audivit
2679 1520 2834 1591 quod
2864 1517 3186 1578 Archelaus
3215 1523 3484 1592 regnaret
3526 1518 3628 1588 ibi,
3671 1523 3733 1573 et

2080 1613 2220 1666 tunc
2243 1608 2525 1665 intellexit
2543 1613 2753 1666 terram
2775 1608 2951 1665 Israel
2974 1625 3092 1664 non
3112 1608 3310 1664 solum
3321 1606 3350 1662 ,Ι
3358 1608 3594 1677 udaam,
3613 1607 3722 1663 sed

2080 1697 2258 1753 etiam
2287 1701 2346 1753 et
2373 1696 2692 1765 Galilaeam,
2724 1697 2864 1769 quia
2902 1695 3178 1753 Israelita;
3210 1712 3338 1752 eam
3365 1695 3716 1751 incolebant.

2079 1785 2360 1858 Nunquid
2407 1802 2599 1842 errore
2629 1785 2819 1858 angeli
2849 1785 2960 1841 hoc
2991 1785 3213 1840 factum
3241 1784 3370 1840 est?
3414 1785 3563 1848 Non,
3611 1783 3722 1839 sed

2079 1875 2296 1948 Joseph
2322 1893 2336 1942 ;
2371 1875 2511 1946 quia
2532 1876 2765 1948 quando
2789 1873 3035 1947 angelus
3059 1873 3367 1930 admonuit
3387 1889 3524 1929 eum
3545 1877 3611 1928 ut
3640 1889 3728 1929 re—

2082 1967 2401 2022 verteretur
2429 1965 2489 2018 in
2521 1968 2733 2020 terram
2774 1963 2976 2027 Israel,
3025 1979 3142 2018 non
3189 1961 3336 2017 dixit
3382 1961 3609 2033 proprie
3652 1963 3728 2017 ad

2085 2070 2258 2125 quem
2288 2053 2480 2110 locum
2513 2054 2802 2109 declinare
2823 2052 3141 2120 debuisset,
3175 2051 3296 2108 sive
3326 2051 3468 2122 quia
3488 2051 3728 2107 credidit

2083 2143 2296 2216 Joseph
2329 2142 2484 2216 quod
2515 2159 2659 2215 puer
2685 2146 2861 2198 tantae
2891 2141 3252 2198 auctoritatis
3281 2157 3400 2196 non
3432 2140 3735 2195 debuisset

2085 2232 2299 2294 alicubi
2321 2232 2534 2288 nutriri
2554 2231 2668 2286 nisi
2695 2232 2758 2294 in
2777 2231 3014 2304 egregia
3042 2230 3185 2288 urbe
3204 2231 3265 2285 in
3287 2246 3409 2302 qua
3430 2245 3551 2296 rex,
3577 2232 3732 2302 prin-

2087 2323 2244 2396 cipes
2267 2322 2657 2389 sacerdotum,
2682 2325 2742 2376 et
2767 2320 2914 2394 legis
2938 2320 3200 2377 doctores
3228 2323 3422 2384 erant,
3439 2324 3500 2373 et
3524 2318 3738 2375 idcirco

2087 2410 2450 2468 Hierusalem
2470 2410 2783 2467 ascendere
2801 2409 3012 2479 voluit;
3047 2408 3150 2464 sed
3175 2411 3496 2480 postquam
3519 2409 3744 2464 audivit

2086 2502 2240 2574 quod
2289 2499 2610 2558 Archelaus
2638 2502 2908 2574 regnaret
2949 2498 3051 2565 ibi,
3101 2497 3270 2570 cepit
3298 2497 3652 2570 angustiari,
3686 2502 3744 2553 et

2085 2590 2216 2646 ideo
2237 2590 2494 2646 secundo
2520 2588 2824 2646 admonuit
2845 2586 3092 2660 angelus
3112 2603 3246 2643 eum
3269 2590 3334 2640 ut
3354 2590 3739 2642 reverteretur

2086 2678 2146 2734 in
2169 2678 2490 2735 Galilaeam.
2508 2680 2649 2735 Item
2669 2677 3052 2749 quaerendum
3072 2679 3160 2732 est
3181 2690 3362 2754 quare
3385 2674 3740 2730 dicatLucas

2086 2771 2357 2839 parentes
2384 2765 2618 2822 Domini
2649 2783 2749 2838 per
2779 2781 2986 2822 omnes
3015 2780 3198 2820 annos
3228 2763 3576 2819 ascendisse
3607 2764 3738 2819 Hie-

2086 2855 2465 2927 rosolymam,
2479 2872 2613 2911 cum
2636 2855 2944 2911 Matthzeus
2964 2855 3121 2910 dicat
3142 2852 3366 2924 Joseph
3387 2852 3606 2908 timore
3637 2859 3737 2908 Ar-

2087 2943 2273 3000 chelai
2304 2943 2620 3000 secessisse
2663 2945 2723 2999 in
2755 2943 3074 3000 Galilaeam.
3123 2942 3425 3006 Quomodo
3470 2959 3613 3015 ergo
3643 2959 3744 3014 per

2088 3049 2292 3096 omnes
2322 3049 2509 3087 annos
2539 3033 2950 3100 ascenderunt,
3002 3032 3050 3087 si
3081 3031 3292 3087 timore
3320 3031 3594 3088 Archelai
3629 3048 3739 3088 non

332 3112 421 3163 est
449 3107 508 3162 in
541 3108 820 3178 claritate,
880 3118 945 3169 ut
991 3115 1068 3192 sit
1107 3133 1318 3175 sensus
1354 3137 1366 3174 :
1420 3137 1536 3176 non
1568 3137 1661 3178 me
1708 3122 1978 3178 videbitis
2020 3187 2049 3192 ῳ
2089 3121 2219 3178 ausi
2238 3125 2376 3178 sunt
2393 3121 2473 3178 ibi
2491 3120 3067 3179 habitarei’Solvitur
3083 3124 3280 3178 tamen
3303 3121 3422 3177 sic:
3446 3122 3603 3192 quod
3625 3122 3737 3176 for-

331 3197 562 3282 amodo,
586 3197 806 3256 scilicet
833 3219 946 3258 non
975 3187 1066 3260 me
1087 3205 1359 3266 videbitis
1382 3218 1694 3268 venturum
1716 3211 1776 3268 i—n
1809 3211 1976 3268 clari-
2009 3187 2052 3255 α
2089 3211 2268 3268 tussis
2288 3209 2510 3268 scilicet
2533 3211 2849 3268 Archelaus
2875 3227 3049 3283 parvo
3073 3214 3338 3282 tempore
3367 3187 3654 3283 reg—navit,
3684 3214 3742 3265 et

334 3271 473 3358 tate,
498 3287 599 3342 sed
621 3289 964 3363 terribilem,
989 3292 1207 3351 habent
1227 3296 1383 3354 enim
1415 3299 1590 3356 etiam
1615 3318 1772 3358 nunc
1791 3302 1980 3359 Judaei

333 3368 568 3449 tempus
599 3379 952 3449 pmnitentiae
983 3399 1350 3442 concessum.
1399 3388 1796 3446 Conﬁteantur
1847 3407 1980 3462 ergo

335 3463 634 3521 Christum
666 3483 796 3523 esse
826 3469 927 3525 Dei
961 3471 1192 3539 Filium,
1218 3480 1277 3531 et
1304 3476 1541 3534 dicant:
1574 3501 1602 3528 «
1634 3479 1982 3538 Benedictus

337 3554 438 3628 qui
460 3555 616 3610 venit
637 3554 696 3611 in
719 3558 954 3615 nomine
974 3560 1230 3630 Domini,
1255 3586 1283 3613 »
1307 3569 1363 3620 et
1383 3566 1591 3622 faciam
1614 3566 1801 3640 ipsius
1824 3568 1980 3626 vide-

335 3643 508 3710 bunt,
533 3643 590 3698 id
611 3649 699 3700 est
719 3647 1108 3719 cognitionem
1137 3653 1266 3724 ejus
1286 3653 1501 3711 habere
1522 3661 1854 3730 potuerunt,
1880 3658 1982 3731 qui

337 3731 479 3788 vivit
505 3737 562 3788 et
591 3740 815 3807 regnat,
847 3741 951 3793 etc.

942 3827 1247 3887 IIOMILIA
1281 3832 1377 3887 VI.

340 3893 400 3946 IN
441 3909 610 3974 1Lw_n
659 3895 935 3974 Manum
971 3917 984 3955 :
1035 3903 1299 3972 Defuncto
1349 3914 1536 3960 autem
1585 3907 1817 3974 Herode,
1866 3924 1985 3964 ecce

411 3967 640 4051 uirgatis
699 3967 1240 4051 Pomz’nz'nappdruit
1297 3978 1354 4031 in
1411 3981 1616 4034 somnis
1672 3967 1870 4051 Joseph
1924 3983 1985 4036 in

410 4039 644 4122 @gypto
672 4038 857 4122 dicens
883 4060 901 4096 :
925 4038 1107 4122 ‘Sui'pe
1133 4051 1186 4122 e_t
1213 4050 1396 4122 accipe
1421 4067 1658 4122 puerum
1677 4056 1727 4107 et
1755 4038 1987 4108 ηίαινθγη

411 4109 553 4178 ejus,
587 4114 638 4162 et
667 4109 800 4164 vade
829 4113 888 4167 in
916 4109 1122 4170 terram
1148 4109 1340 4178 Israel:

411 4174 606 4232 Primo
637 4181 902 4238 omnium
926 4174 1310 4256 quaerendum
1329 4174 1423 4248 est
1452 4209 1631 4264 quare
1663 4195 1820 4251 dicat
1844 4199 1985 4252 Mat-

343 4264 532 4322 thzeus
557 4268 835 4326 Herodem
861 4272 1222 4348 defunctum,
1253 4295 1388 4336 cum
1421 4287 1603 4339 Lucas
1633 4285 1788 4340 dicat
1810 4286 1984 4342 Joan-

347 4371 480 4411 nem
512 4357 624 4413 sub
655 4359 879 4418 Herode
911 4363 1159 4435 caapisse
1201 4369 1532 4438 praedicare.
1585 4373 1840 4431 Solvitur
1868 4376 1990 4432 haec

347 4447 578 4517 questio
607 4453 804 4506 tamen
837 4452 896 4507 in
924 4454 1157 4512 duobus
1187 4455 1528 4518 hominibus
1561 4479 1745 4520 unum
1776 4482 1990 4522 nomen

2089 3301 2217 3357 ideo
2249 3307 2518 3374 parentes
2549 3299 2783 3356 Domini
2815 3317 2921 3372 per
2949 3315 3152 3357 omnes
3184 3315 3377 3354 annos
3406 3315 3617 3354 secure
3643 3315 3742 3371 po-

2087 3394 2328 3446 tuerunt
2357 3390 2671 3447 ascendere
2703 3388 3102 3456 Hierusalem;
3154 3403 3316 3455 nam,
3358 3387 3517 3444 sicut
3546 3392 3748 3444 narrat

2087 3479 2384 3552 Josephus
2409 3478 2940 3552 historiographus,
2963 3478 3056 3534 vix
3085 3478 3288 3534 decem
3316 3477 3490 3534 annis
3521 3477 3743 3550 potitus

2090 3585 2266 3643 regno
2284 3572 2592 3625 accusatus
2609 3573 2699 3625 est
2710 3568 3015 3625 abJudaeis
3031 3567 3188 3641 apud
3199 3568 3479 3623 Caesarem
3495 3572 3746 3637 propter

2091 3659 2338 3714 nimiam
2359 3656 2732 3714 insolentiam
2753 3662 2810 3715 et
2829 3656 3191 3714 ferocitatem
3215 3653 3403 3720 animi,
3419 3657 3474 3708 et
3493 3652 3732 3724 relega-

2089 3752 2188 3804 tus
2223 3751 2314 3802 est
2353 3745 2555 3803 exsilio
2586 3747 2740 3818 apud
2772 3746 3058 3804 Viennam
3089 3745 3392 3802 civitatem.
3433 3740 3540 3796 Sed
3568 3740 3721 3795 forte

2091 3834 2248 3892 dicet
2267 3833 2482 3906 aliquis
2503 3836 2657 3906 quod
2679 3833 2997 3892 Archelaus
3029 3832 3216 3889 multo
3238 3836 3491 3902 tempore
3516 3843 3722 3900 regna-

2093 3925 2194 3983 vit.
2218 3925 2304 3981 Ad
2326 3924 2446 3979 haec
2470 3924 2940 3995 respondendum
2969 3927 3062 3980 est
3089 3922 3208 3978 ita:
3243 3920 3444 3977 Solent
3467 3917 3740 3974 homines

2074 4015 2328 4071 visitare
2353 4014 2480 4070 loca.
2500 4013 2573 4069 ad
2597 4019 2852 4085 tempus,
2875 4013 2936 4068 in
2959 4011 3176 4085 quibus
3198 4026 3320 4066 non
3342 4009 3564 4064 audent
3586 4024 3746 4064 sem-

2095 4121 2196 4176 per
2225 4104 2509 4161 habitare.
2565 4103 2840 4160 Parentes
2884 4100 3042 4156 enim
3082 4098 3270 4156 nostri
3314 4097 3636 4154 Salvatoris
3663 4097 3747 4152 sic

2095 4194 2385 4250 timebant
2415 4192 2764 4250 Archelaum
2815 4194 2881 4246 ut
2919 4207 3037 4247 non
3075 4192 3274 4246 essent
3311 4191 3749 4258 contemptores

2097 4281 2242 4355 legis
2263 4286 2321 4340 et
2340 4283 2470 4340 ideo
2491 4297 2593 4354 per
2616 4295 2822 4340 omnes
2843 4296 3027 4336 annos
3048 4275 3416 4336 Hierusalem
3436 4277 3752 4332 ascendam

2099 4376 2438 4444 potuerunt,
2461 4371 2562 4426 ubi
2588 4387 2702 4426 non
2728 4385 2960 4441 semper
2979 4368 3107 4424 ausi
3128 4370 3298 4424 erant
3316 4363 3608 4435 habitare,
3633 4365 3753 4420 sive

2099 4461 2250 4518 inter
2279 4460 2597 4534 plurimam
2629 4459 2864 4516 turbam
2896 4455 3251 4530 populorum
3298 4455 3614 4511 ascendere
3645 4470 3752 4526 po.-

345 4533 734 4627 habentibus;
767 4541 883 4597 duo
907 4542 1062 4598 enim
1086 4543 1321 4602 fuerunt
1346 4548 1696 4621 Herodes,id
1717 4558 1806 4610 est
1829 4558 1991 4627 pater
2019 4559 2066 4625 D
2096 4533 2358 4619 tuerunt,
2391 4555 2457 4606 ut
2485 4565 2602 4608 non
2631 4552 3111 4624 agnoscerentur.
3162 4548 3312 4602 Item
3341 4542 3523 4623 queri
3554 4545 3755 4615 potest

345 4628 401 4713 et
421 4625 608 4694 filius;
639 4645 772 4684 nam
796 4634 1031 4703 quando
1051 4634 1268 4708 Joseph
1291 4637 1352 4693 in
1376 4640 1617 4713 Egypto
1651 4641 1778 4711 fuit,
1810 4625 1987 4700 Hero-

349 4712 450 4767 des
482 4719 644 4785 pater
673 4722 988 4791 regnabat;
1021 4727 1256 4796 quando
1287 4743 1420 4784 vero
1451 4712 1718 4788 reversus
1739 4736 1849 4800 est,
1880 4739 1991 4789 Ar-

347 4802 606 4893 chelaus,
640 4806 797 4864 filius
826 4811 976 4882 ejus,
1018 4815 1352 4885 potiebatur
1380 4834 1556 4890 regno
1587 4837 1600 4888 ;
1653 4825 1711 4875 et
1754 4824 1988 4893 quando

344 4892 602 4968 Joannes
623 4897 796 4968 cmpit
819 4901 1148 4973 praedicare,
1164 4905 1419 4966 Herodes
1438 4906 1598 4965 filius
1617 4892 1859 4982 praerat
1875 4911 1986 4968 Ga-

345 4983 529 5056 lilmae,
554 4985 709 5042 unde
728 4989 1032 5046 Matthacus
1062 4991 1243 5050 istum
1265 5013 1460 5068 regem
1493 4999 1777 5070 nominat,
1803 5001 1990 5059 Lucas

345 5072 514 5130 illum
541 5072 912 5135 tetrarcham.
945 5081 1090 5138 Item
1114 5087 1494 5154 quaerendum
1524 5092 1611 5144 est
1634 5105 1813 5160 quare
1835 5091 1992 5148 dicat

347 5164 657 5222 Matthaaus
676 5166 891 5240 Joseph
924 5169 1133 5226 timore
1152 5173 1416 5230 Archelai
1447 5177 1760 5234 secessisse
1790 5179 1851 5234 in
1877 5179 1987 5236 Ga-

345 5252 576 5321 lilaeam,
602 5273 734 5311 cum
765 5263 942 5315 Lucas
966 5259 1122 5317 dicat
1142 5261 1423 5320 Herodem
1448 5281 1696 5337 praeesse
1721 5267 1988 5338 Galileze,

345 5350 400 5424 et
430 5362 612 5418 quare
642 5347 830 5420 magis
852 5349 1054 5405 debuit
1075 5350 1280 5408 timere
1299 5352 1649 5410 Archelaum
1673 5372 1852 5428 quam
1877 5355 1986 5413 He-

345 5436 567 5506 rodem,
597 5454 728 5492 cum
752 5439 959 5494 fratres
984 5446 1201 5510 essent,
1233 5447 1290 5498 et
1310 5443 1487 5502 unius
1509 5446 1691 5516 patris
1714 5446 1839 5502 ﬁlii.
1867 5446 1986 5502 Sol-

342 5524 496 5579 vitur
517 5525 636 5581 hsec
657 5527 899 5597 quaestio
920 5527 979 5582 in
1003 5532 1325 5588 mutatione
1345 5537 1696 5608 temporum,
1714 5553 1849 5592 nam
1873 5535 1986 5592 alio

344 5616 604 5689 tempore
636 5617 898 5692 regnavit
927 5617 1248 5688 Archelaus
1281 5620 1342 5678 in
1369 5621 1594 5693 Judeea,
1620 5628 1678 5681 et
1705 5623 1816 5683 alio
1847 5630 1988 5684 tem-

2095 4658 2275 4715 quare
2299 4639 2455 4696 dicat
2481 4640 2665 4695 Lucas
2686 4636 3041 4710 evangelista
3063 4635 3382 4692 Dominum
3415 4631 3756 4707 quadrage-

2099 4731 2250 4796 simo
2277 4729 2370 4785 die
2389 4729 2448 4784 in
2468 4727 2685 4800 templo
2716 4730 3155 4800 praesentatum,
3178 4729 3238 4781 et
3268 4739 3516 4779 munera
3544 4739 3653 4794 pro
3684 4737 3752 4777 eo

2097 4819 2294 4878 oblata
2311 4835 2324 4875 2
2339 4821 2397 4874 et
2408 4817 2715 4874 Mattheus
2730 4817 2888 4872 dicat
2899 4816 3183 4872 Herodem
3199 4813 3500 4870 turbatum
3517 4810 3756 4868 venien-

2096 4908 2255 4970 tibus
2287 4907 2496 4979 magis,
2518 4910 2574 4962 et
2605 4906 3014 4964 nuntiantibus
3037 4920 3234 4978 regem
3251 4901 3600 4960 Judteorum
3622 4916 3754 4958 esse

2097 5002 2320 5057 natum.
2355 4997 2417 5054 Si
2447 4997 2704 5053 Herodes
2735 4999 2971 5069 propter
3002 4993 3248 5052 relatum
3279 5006 3597 5064 magorum
3626 4993 3755 5045 tur-

2097 5091 2271 5147 batus
2283 5087 2689 5159 est,quomodo
2704 5088 2973 5159 parentes
2984 5084 3123 5142 Jesu
3138 5083 3267 5140 ausi
3280 5079 3755 5138 suntascendere

2097 5180 2170 5236 ad
2197 5178 2483 5251 templum
2504 5178 2531 5234 ‘I
2579 5176 2642 5234 Si
2680 5176 2814 5249 quis
2861 5172 3295 5247 aliquantulam
3325 5169 3753 5243 experientiam

2097 5268 2493 5324 humanarum
2523 5281 2723 5326 rerum
2752 5265 2949 5326 habet.
2976 5280 3091 5321 non
3117 5262 3350 5336 ignorat
3379 5258 3542 5333 quod
3573 5256 3756 5314 corda

2096 5375 2301 5432 regum
2319 5355 2564 5414 diversis
2579 5355 2734 5411 curis
2751 5359 2809 5410 et
2829 5350 3323 5411 sollicitudinibus
3340 5349 3752 5421 preoccupata

2097 5452 2256 5515 sunt,
2290 5446 2542 5503 maxime
2564 5445 2800 5502 illorum
2822 5443 2924 5516 qui
2944 5446 3084 5500 sunt
3107 5438 3414 5498 constituti
3433 5437 3545 5493 sub
3567 5434 3750 5507 impe-

2097 5536 2182 5592 rio
2212 5536 2472 5594 alterius.
2498 5535 2637 5602 Quis
2666 5533 2822 5592 enim
2855 5532 3005 5590 scire
3035 5534 3226 5606 potest
3253 5530 3480 5600 quanta
3497 5524 3612 5581 iste
3645 5540 3740 5578 au-

2097 5625 2272 5682 dierit
2299 5630 2400 5686 aut
2427 5642 2496 5700 ex
2525 5629 2686 5700 parte
2716 5623 2981 5696 Cesaris,
3023 5624 3126 5694 aut
3164 5635 3239 5678 ex
3261 5619 3430 5694 parte
3456 5612 3733 5681 hostium.
