4018 6200
324 336 428 405 89Ἴ

1830 332 2209 401 ΗΟΜΙΙᾸᾹΞ.

3602 342 3718 417 8'98

325 481 417 534 aut
445 476 641 549 aliqua
671 474 891 546 majore
916 488 1095 529 causa
1124 474 1648 546 praeoccupatus,et
1676 469 1806 526 ideo
1838 487 1962 526 ma-
1991 472 2045 537 Α
2073 470 2192 527 lore
2224 473 2355 541 coli,
2388 478 2615 531 tumore
2655 477 2892 549 pedum,
2939 482 2995 534 et
3025 480 3178 537 inter
3209 487 3434 550 caetera,
3469 489 3722 543 verenda

325 584 420 639 gos
452 564 726 623 oblivioni
755 562 998 618 tradidit
1028 562 1098 617 ad
1134 566 1390 633 tempus,
1421 563 1477 615 et
1516 560 1646 615 ideo
1692 563 1964 630 parentes

326 656 546 711 Domini
578 654 768 711 securi
800 652 1111 708 ascendere
1148 654 1465 723 potuerunt
1512 650 1583 705 ad
1631 648 1917 721 templum
1948 674 1963 718 ς

324 746 442 801 sive
484 743 733 800 credidit
762 742 1016 797 Herodes
1066 740 1221 813 quod
1274 740 1428 811 magi
1460 755 1575 793 non
1604 737 1968 794 invenissent

325 850 589 907 puerum,
623 838 679 888 et
708 832 837 887 ideo
865 829 1237 886 verecundati
1269 828 1519 883 fuissent
1549 827 1756 883 reverti
1786 828 1857 883 ad
1882 843 1964 896 se,

325 928 378 978 et
407 924 619 978 idcirco
648 938 765 977 non
798 919 1023 976 curavit
1053 935 1307 991 querere
1339 932 1609 990 puerum.
1654 918 1763 972 Sed
1811 924 1966 988 post-

325 1028 496 1083 quam
530 1009 792 1083 pervenit
821 1009 977 1064 fama
1010 1008 1081 1062 ad
1113 1023 1287 1062 aures
1317 1005 1475 1061 illius
1506 1005 1645 1077 quia
1692 1021 1835 1077 puer
1872 1006 1968 1061 de-

325 1101 475 1157 latus
504 1099 716 1154 fuisset
743 1098 813 1154 ad
846 1097 1223 1169 templum,et
1254 1112 1499 1151 munera
1528 1111 1632 1166 pro
1657 1111 1723 1149 eo
1756 1093 1969 1159 oblata,

323 1195 379 1246 et
405 1189 642 1244 Simeon
672 1191 729 1243 et
748 1192 930 1243 ’Anna
957 1186 1145 1241 multa
1165 1186 1235 1241 de
1265 1201 1331 1241 eo
1354 1185 1971 1257 pr-Ophetassent,tunc

322 1279 589 1352 cognovit
611 1294 671 1333 se
703 1276 977 1332 delusum
1010 1291 1043 1331 a
1074 1274 1283 1347 magis,
1326 1278 1383 1328 et
1418 1273 1601 1328 iratus
1649 1277 1738 1327 est
1784 1271 1969 1327 valde.

322 1368 384 1424 In
413 1384 480 1423 eo
506 1367 661 1438 quod
697 1365 978 1421 Dominus
1011 1362 1357 1436 fugit,nobis
1389 1361 1718 1433 exemplum
1740 1360 1975 1432 reliquit

323 1456 604 1531 fugiendi,
641 1453 1097 1529 reprehensibile
1130 1453 1287 1509 enim
1316 1451 1611 1507 videretur
1641 1452 1795 1522 apud
1846 1467 1975 1505 san-

320 1551 444 1602 ctos
475 1561 635 1617 suos,
672 1546 720 1601 si
752 1544 866 1617 ipsi
897 1544 1183 1616 fugerent,
1220 1545 1276 1597 et
1303 1540 1401 1596 ille
1431 1541 1596 1612 prius
1640 1557 1756 1595 non
1790 1539 1972 1611 fugis-

324 1639 441 1701 set;
476 1650 613 1689 nam
647 1634 801 1705 quod
835 1633 998 1704 prius
1030 1630 1297 1703 exemplo
1321 1629 1593 1697 ostendit,
1628 1631 1832 1700 postea
1852 1643 1974 1682 ver-

324 1722 418 1778 bis
447 1722 647 1778 docuit
677 1737 810 1777 cum
844 1721 926 1775 ait
958 1737 972 1775 :
1013 1740 1035 1769 ι
1066 1720 1123 1774 Si
1155 1737 1255 1775 vos
1295 1718 1585 1791 persecuti
1640 1717 1858 1772 fuerint
1914 1716 1975 1771 in

328 1829 447 1868 una
476 1810 725 1881 civitate,
759 1810 941 1883 fugite
969 1809 1029 1864 in
1060 1808 1253 1864 aliam.
1289 1830 1317 1858 »
1371 1813 1480 1863 Per
1509 1808 1616 1862 hoc
1650 1806 1806 1878 quod
1838 1823 1975 1876 par-

329 1900 449 1956 vuli
481 1900 655 1955 occisi
690 1902 913 1966 sunt,et
938 1915 1085 1970 puer
1106 1898 1278 1953 Jesus
1302 1897 1795 1969 qui-quaerebatur
1815 1895 1979 1949 vivus

333 1989 537 2056 evasit,
574 1988 1017 2060 significabatur
1046 1987 1183 2060 quia
1208 2003 1445 2058 corpora
1479 1990 1815 2041 sanctorum
1837 2000 1989 2039 mar-

336 2082 533 2151 tyrum
565 2080 841 2149 poterunt
872 2076 1080 2146 occidi,
1113 2075 1215 2130 sed
1246 2075 1393 2130 fides
1425 2091 1549 2145 quae
1598 2074 1658 2128 in
1706 2073 1824 2127 illis
1864 2076 1987 2127 erat

339 2165 502 2222 nullo
534 2166 706 2220 modo
729 2169 927 2237 posset
946 2163 1259 2236 exstingui,
1284 2162 1383 2234 qui
1414 2162 1694 2218 veraciter
1724 2165 1990 2233 poterant

342 2255 534 2310 dicere
564 2270 697 2309 cum
730 2252 908 2309 Paulo
941 2252 1138 2307 :«Sive
1166 2251 1415 2307 vivimus
1448 2251 1692 2307 Domino
1714 2250 1985 2320 vivimus,

342 2343 462 2399 sive
495 2342 782 2397 morimur
800 2342 1045 2397 Domino
1069 2341 1374 2407 morimur,
1390 2340 1509 2396 sive
1530 2339 1687 2396 enim
1711 2339 1988 2406 vivimus,

340 2431 463 2487 sive
494 2429 1037 2501 morimur,Domini
1072 2428 1446 2485 sumus.»Per
1468 2426 1577 2484 hoc
1598 2428 1751 2500 quod
1772 2426 1988 2499 Joseph

340 2526 579 2592 propter
607 2520 1076 2592 persecutionem
1107 2518 1349 2574 Herodis
1380 2518 1529 2590 fugit
1558 2518 1619 2572 in
1656 2519 1989 2590 Egyptum,

344 2612 402 2665 et
420 2608 703 2664 exstincto
727 2607 825 2663 illo
860 2624 1123 2663 reversus
1154 2611 1244 2663 est
1273 2608 1333 2662 in
1364 2612 1579 2663 terram
1609 2605 1784 2663 Israel
1809 2605 1991 2677 signi-

345 2697 631 2752 ficabatur
647 2697 803 2768 quod
828 2694 998 2751 multi
1022 2701 1361 2751 sanctorum
1395 2695 1717 2768 expellendi
1740 2699 1906 2749 erant
1924 2710 1993 2748 ex

345 2786 471 2841 suis
502 2785 761 2853 sedibus,
795 2790 850 2840 et
880 2780 1147 2840 nonnulli
1178 2786 1353 2840 etiam
1385 2784 1585 2840 exsilio
1617 2783 1995 2855 relegandi,et

347 2874 649 2930 exstinctis
680 2872 1172 2945 persecutoribus,
1224 2876 1297 2939 et,
1348 2873 1537 2927 denuo
1588 2872 1813 2927 reddita
1856 2885 1994 2943 pace

348 2962 639 3029 Ecclesiae,
670 2962 959 3019 reversuri
988 2966 1154 3018 erant
1183 2962 1254 3016 ad
1296 2962 1563 3034 proprias
1612 2961 1797 3017 sedes.
1847 2960 1994 3015 Nam

351 3054 506 3125 quod
538 3068 682 3125 puer
710 3051 883 3107 Jesus
922 3050 1273 3123 quaerendus
1324 3054 1480 3105 esset
1527 3050 1599 3105 ab
1649 3049 1893 3117 Herode,
1941 3052 1997 3104 et

352 3159 468 3197 non
500 3140 884 3196 inveniendus
915 3144 1084 3195 antea
1105 3139 1233 3210 jam
1261 3139 1604 3210 przedictum
1655 3138 1766 3193 fuit
1802 3158 1814 3206 ;
1851 3154 1993 3209 prm-

2072 560 2233 616 illius
2257 563 2553 619 vermibus
2584 570 2805 621 scatere
2836 574 3148 639 coeperant;
3173 577 3229 626 et
3253 589 3386 629 cum
3410 575 3603 631 adhuc
3629 578 3720 633 ha-

2074 649 2236 705 beret
2262 667 2425 722 spem
2455 652 2704 720 vivendi,
2740 654 3078 727 deportatus
3119 663 3207 715 est
3256 663 3315 716 in
3366 663 3668 721 Jerichum
3704 685 3719 723 :

2076 744 2307 828 accepto
2357 756 2488 795 vero
2533 742 2775 798 consilio
2829 746 3187 802 medicorum
3242 751 3516 808 utebatur
3555 755 3726 828 aquis

2076 826 2299 897 calidis,
2334 833 2391 884 et
2423 829 2681 884 introivit
2727 827 2792 886 in’
2838 832 3030 889 oleum
3075 836 3359 908 calidum;
3398 844 3550 897 unde
3583 826 3725 901 adeo

2079 922 2219 972 sunt
2248 918 2503 973 resoluta
2535 920 2731 974 omnia
2764 924 3029 979 membra
3060 925 3240 997 illius,
3286 934 3349 984 ut
3386 932 3560 987 etiam
3613 934 3726 1006 ipsi

2079 1007 2230 1061 oculi
2263 1025 2295 1061 a
2327 1008 2576 1080 propriis
2610 1009 2848 1065 sedibus
2877 1014 3080 1084 expelli
3111 1016 3465 1087 viderentur,
3485 1027 3541 1077 et
3566 1027 3730 1080 tanta

2081 1095 2326 1151 aviditas
2358 1096 2753 1152 manducandi
2802 1099 2860 1154 in
2916 1101 3012 1157 illo
3065 1104 3192 1175 fuit,
3228 1113 3291 1161 ut
3346 1126 3548 1166 omnes
3580 1130 3725 1184 pene

2082 1185 2251 1255 coqui
2284 1186 2410 1255 ejus
2432 1186 2525 1240 vix
2556 1193 2796 1258 possent
2822 1192 2981 1246 tanta
3011 1205 3581 1269 praeparare,quanta
3604 1202 3729 1273 ipse

2084 1273 2531 1340 manducare,et
2560 1291 2694 1330 cum
2718 1276 2843 1345 jam
2880 1279 3224 1351 desperatus
3255 1294 3408 1341 esset
3439 1289 3509 1343 de
3540 1291 3728 1347 salute

2082 1361 2341 1433 corporis
2372 1363 2485 1430 sui,
2510 1364 2694 1433 jussit
2725 1364 2915 1438 colligi
2967 1369 3037 1422 ad
3089 1387 3150 1426 se
3179 1390 3383 1431 omnes
3416 1378 3730 1438 nobiliores

2083 1456 2138 1506 et
2168 1452 2479 1523 primarios
2527 1454 2597 1509 de
2626 1453 2789 1523 vicis,
2822 1457 3079 1514 castellis
3102 1464 3158 1515 et
3186 1461 3518 1522 civitatibus
3549 1471 3731 1526 totius

2082 1539 2316 1631 Judaaae,
2347 1541 2602 1611 etjussit
2631 1559 2729 1597 eos
2757 1543 2975 1599 recludi
3010 1547 3065 1602 in
3093 1547 3217 1605 loco
3241 1553 3340 1623 qui
3373 1553 3587 1612 dicitur
3608 1558 3736 1631 hip-

2084 1629 2435 1700 podromus;
2470 1634 2525 1684 et
2552 1646 2687 1686 cum
2706 1632 3051 1690 videretsibi
3076 1637 3383 1698 imminere
3409 1644 3563 1701 diem
3587 1629 3737 1703 mor-

2087 1717 2164 1771 tis
2195 1734 2334 1786 suae,
2367 1718 2594 1773 vocavit
2649 1736 2908 1777 sororem
2965 1740 3134 1781 suam
3176 1728 3425 1797 Salome,
3460 1738 3516 1788 et
3546 1735 3734 1790 virum

2088 1805 2215 1875 ejus
2245 1804 2665 1874 Alexandrum,
2697 1813 2753 1862 et
2799 1810 2944 1865 dixit
2992 1812 3111 1868 illis
3145 1832 3157 1868 :
3194 1817 3322 1874 Scio
3354 1821 3590 1891 quidem
3633 1824 3733 1879 Ju-

2093 1893 2248 1948 daeos
2279 1895 2583 1965 gavisuros
2632 1897 2701 1951 de
2751 1904 2935 1954 morte
2967 1918 3114 1970 mea,
3150 1908 3249 1961 sed
3297 1914 3494 1980 potero
3527 1912 3739 1970 habere

2095 1982 2620 2055 multoslugentes,
2673 1992 2727 2040 et
2779 1989 2999 2047 nobiles
3045 1999 3353 2067 exsequias
3387 2000 3629 2069 funeris,
3686 2004 3735 2059 si

2094 2071 2241 2160 meis
2272 2072 2570 2129 volueritis
2600 2078 2900 2148 praeceptis
2930 2081 3181 2154 obedire,
3216 2103 3468 2160 cumque
3513 2107 3606 2145 me
3636 2109 3737 2147 au-

2096 2159 2317 2215 dieritis
2348 2166 2669 2231 mortuum,
2708 2170 3044 2238 praeparatis
3089 2159 3396 2248 militibus,
3430 2178 3739 2236 interficite

2097 2266 2476 2321 omnes,quos
2505 2268 2609 2323 ego
2640 2253 2825 2310 habeo
2858 2256 3116 2316 reclusos
3146 2262 3205 2318 in
3238 2267 3595 2337 custodia,ut
3615 2285 3741 2324 om-

2097 2337 2191 2392 nis
2221 2338 2515 2405 domus,et
2537 2340 2727 2396 omnis
2755 2342 2961 2400 Judaea
2989 2348 3166 2404 etiam
3198 2352 3377 2408 invita
3407 2354 3617 2411 deﬂeat
3647 2358 3744 2413 ob-

2097 2426 2245 2480 itum
2278 2427 2766 2486 meum.Habebat
2794 2431 2844 2487 is
2872 2440 3147 2506 preterea
3171 2444 3656 2502 consuetudinem
3680 2452 3745 2502 ut

2100 2517 2231 2585 post
2262 2528 2494 2569 omnem
2527 2516 2723 2572 cibum
2754 2528 3030 2593 purgaret
3072 2525 3197 2597 ipse
3220 2528 3442 2585 malum
3465 2537 3523 2587 et
3548 2550 3740 2591 come-

2101 2603 2452 2674 deretzquod
2481 2620 2613 2659 cum
2638 2607 2871 2663 fecisset
2890 2612 3145 2681 quadam
3177 2616 3269 2671 die
3291 2620 3515 2690 aspexit
3543 2621 3659 2678 huc
3689 2629 3745 2680 et

2102 2690 2240 2746 illuc
2274 2696 2338 2744 ut
2355 2691 2573 2747 videret
2602 2693 2651 2748 si
2684 2700 2839 2753 esset
2868 2697 3079 2771 aliquis
3104 2704 3201 2774 qui
3222 2722 3355 2761 eum
3382 2709 3741 2779 prohiberet:

2104 2796 2355 2851 cumque
2374 2782 2667 2838 neminem
2687 2784 3180 2857 vidisset,vibrato
3202 2794 3436 2852 cultello
3458 2802 3750 2870 percussit

2104 2872 2306 2940 pectus
2337 2885 2511 2924 suum
2560 2875 2615 2927 et
2661 2874 2871 2931 cecidit
2914 2885 3205 2937 mortuus.
3239 2884 3356 2940 Hoc
3380 2878 3541 2945 facto
3574 2891 3749 2947 occisi

2104 2962 2243 3013 sunt
2273 2974 2476 3014 omnes
2508 2960 2605 3031 qui
2636 2964 2987 3021 tenebantur
3016 2969 3075 3023 in
3108 2974 3394 3042 custodia,
3427 2982 3485 3032 et
3532 2978 3615 3034 sic
3664 2980 3747 3036 fa-

2106 3051 2265 3141 ctum
2290 3051 2463 3141 estut
2492 3050 2685 3105 subito
2716 3054 3226 3128 exstinguerentur
3254 3080 3457 3122 omnes
3478 3069 3576 3139 qui
3602 3086 3753 3141 quae-

2107 3137 2331 3192 sierunt
2350 3137 2603 3193 animam
2627 3144 2883 3211 pueri.In
2902 3162 2967 3200 eo
2991 3149 3143 3218 quod
3164 3151 3306 3206 dicit
3327 3137 3565 3211 sanctus
3587 3137 3754 3214 evan-

352 3231 501 3285 dixit
527 3228 682 3285 enim
716 3228 821 3283 hoc
854 3227 1128 3284 Salomon
1176 3226 1237 3281 in
1286 3242 1534 3299 persona
1562 3226 1829 3282 Ecclesiaa
1862 3238 1996 3281 cum
2026 3221 2070 3287 C
2107 3224 2317 3297 gelista
2345 3225 2603 3282 animam
2624 3230 3198 3301 pueri,destruuntur
3217 3239 3751 3315 haereticiquidixe-

354 3320 435 3376 ait
466 3337 478 3374 :
511 3342 538 3370 «
573 3318 714 3384 Quis
746 3318 909 3373 dabit
948 3317 1055 3373 tibi
1085 3315 1390 3371 fratuelem
1448 3331 1646 3371 meum
1694 3320 1999 3387 sugentem

352 3409 536 3465 ubera
566 3408 771 3464 matris
802 3406 962 3462 suae?
992 3428 1019 3456 »
1048 3405 1271 3471 Quibus
1296 3404 1487 3460 verbis
1514 3404 1767 3460 ostendit
1786 3404 2003 3476 impos-

354 3497 695 3555 sibilitatem
724 3494 1059 3551 inveniendi
1086 3493 1421 3561 Christum;
1450 3498 1507 3549 et
1536 3492 1853 3548 Psalmista
1882 3493 1999 3547 ait:

359 3611 388 3639 ‹‹
418 3588 500 3643 Ex
529 3591 716 3653 utero,
748 3586 819 3641 de
846 3588 1043 3640 ventre
1074 3584 1280 3639 matris
1311 3598 1452 3638 mea:
1484 3587 1546 3637 tu
1578 3599 1638 3638 es
1672 3597 1838 3637 meus
1870 3596 2002 3654 pro-

356 3680 574 3745 tector;
610 3698 637 3725 ››
670 3679 727 3730 et
761 3673 1042 3729 Dominus
1072 3689 1174 3745 per
1219 3671 1592 3727 Salomonem
1626 3688 1639 3725 :
1676 3693 1702 3720 «
1736 3674 2006 3735 Quazrent

357 3784 453 3822 me
483 3771 541 3822 et
569 3782 685 3821 non
718 3763 1044 3829 invenient;
1070 3785 1097 3812 ‹‹
1133 3766 1189 3817 et
1218 3761 1570 3817 subauditur
1600 3760 1825 3829 mali;et
1846 3760 2002 3833 Moy-

359 3873 456 3912 ses
485 3855 596 3911 hoc
622 3855 819 3925 ipsum
850 3851 1112 3925 mysticis
1142 3851 1335 3905 verbis
1366 3850 1629 3922 praedixit
1678 3866 1812 3905 cum
1864 3850 1942 3905 ait
1988 3868 2001 3906 :

364 3968 392 3996 «
428 3945 553 3999 Non
585 3959 800 4014 coques
831 3942 1063 3996 hzedum
1096 3940 1155 3994 in
1189 3940 1338 3995 lacte
1370 3940 1576 3994 matris
1609 3938 2006 4011 suae,»quibus

361 4032 556 4090 verbis
585 4031 840 4089 ostendit
872 4029 1169 4086 Christum
1201 4046 1317 4083 non
1349 4028 1409 4083 in
1442 4028 1708 4095 infantia,
1732 4046 1921 4100 neque
1946 4030 2006 4085 in

360 4123 629 4198 pueritia,
664 4123 765 4177 sed
798 4121 857 4175 in
888 4120 1141 4190 perfecta
1180 4122 1345 4173 aetate
1392 4118 1872 4190 cruciﬁgendum.
1905 4119 2011 4173 Per

360 4214 597 4269 haedum
630 4214 960 4284 peccatores
991 4205 1424 4278 intelliguntur,
1469 4210 1525 4261 et
1564 4206 1695 4261 ideo
1725 4206 2009 4263 Dominus

362 4303 567 4359 haedus
596 4301 828 4369 dicitur,
880 4297 1019 4369 quia
1066 4294 1511 4351 similitudinem
1553 4295 1745 4350 carnis
1794 4297 2009 4368 peccati

363 4391 641 4463 sumpsit,
677 4390 796 4444 sive
826 4387 965 4459 quia
996 4384 1207 4441 obtulit
1257 4401 1318 4441 se
1370 4384 1623 4440 hostiam
1672 4384 1789 4440 Deo
1821 4385 1880 4440 in
1911 4403 2012 4441 ara

364 4481 560 4538 crucis
590 4497 692 4552 pro
720 4477 909 4533 nobis.
961 4500 987 4525 ‹‹
1039 4473 1307 4530 Defuncti
1355 4478 1492 4529 sunt
1538 4472 1637 4545 qui
1678 4474 2012 4546 quaerebant

269 4578 276 4584 '
365 4571 624 4626 animam
656 4567 879 4640 pueri.»
910 4564 1296 4629 Quaerendum
1332 4567 1419 4618 est
1449 4578 1628 4633 quare
1658 4561 1800 4617 dicit
1820 4561 2013 4634 plura-

364 4661 500 4716 liter
529 4657 787 4714 defuncti
819 4658 976 4721 sunt,
1012 4670 1144 4709 cum
1178 4652 1445 4724 superius
1478 4650 1669 4707 solum
1728 4652 2012 4709 Herodem

369 4749 694 4806 narraverit
742 4746 1020 4819 quaesisse
1066 4743 1324 4797 animam
1377 4741 1562 4813 pueri.
1611 4741 1864 4797 Solvitur
1893 4742 2014 4797 haec

370 4838 615 4912 quaestio
646 4842 840 4893 tamen
872 4835 1101 4890 duobus
1125 4831 1453 4887 modis:aut
1473 4835 1625 4885 certe
1647 4831 1876 4887 locutus
1908 4832 2018 4886 fuit

370 4933 614 4984 sanctus
635 4921 990 4997 evangelista
1010 4938 1112 4995 per
1132 4920 1387 4992 speciem
1408 4920 1822 4990 tropi,quando
1845 4920 2016 4975 multi

370 5022 671 5090 ponuntur
696 5032 797 5088 pro
821 5016 1063 5083 uno,aut
1094 5014 1245 5065 certe
1277 5009 1450 5064 datur
1478 5007 1723 5079 intelligi
1748 5008 2015 5079 quianon

372 5106 564 5163 solum
598 5104 873 5171 Herodes,
895 5102 992 5157 sed
1028 5099 1195 5155 multi
1226 5098 1565 5153 Judaeorum
1586 5096 2018 5153 consentientes

372 5196 609 5252 fuerunt
638 5196 699 5250 in
731 5210 869 5249 nece
899 5186 1353 5246 Salvatoris.Sed
1386 5203 1519 5241 cum
1553 5185 1723 5241 multi
1762 5188 2018 5253 fuerunt,

373 5286 756 5357 quaerendum
778 5287 867 5337 est
885 5278 1176 5351 quomodo
1200 5276 1256 5330 in
1284 5280 1399 5329 tam
1422 5274 1582 5329 brevi
1602 5275 1791 5346 spatio
1808 5276 2021 5330 exstin-

372 5375 451 5429 cti
484 5378 640 5430 sunt.
676 5368 976 5434 Quomodo
1004 5381 1138 5420 vero
1171 5363 1437 5418 exstincti
1470 5361 1589 5417 sint
1623 5368 1816 5419 narrat
1836 5364 2018 5420 histo-

374 5463 463 5518 ria
489 5457 913 5522 ecclesiastica;
942 5454 1086 5508 dicit
1114 5452 1271 5506 enim
1306 5449 1443 5521 quia
1487 5450 1739 5506 Herodes
1789 5462 2023 5525 propter

376 5564 581 5606 necem
612 5543 986 5617 parvulorum
1011 5540 1258 5596 diversis
1284 5539 1639 5594 cruciatibus
1668 5542 1983 5597 vexabatur
2007 5560 2019 5600 :

377 5636 618 5699 assidue
646 5631 803 5690 enim
835 5630 1204 5688 cruciabatur
1232 5628 1410 5702 febre,
1443 5632 1499 5686 et
1527 5629 1876 5689 creberrimo
1920 5633 2020 5690 do-

2108 3318 2248 3367 runt
2267 3313 2563 3370 Christum
2587 3334 2701 3372 non
2727 3323 3052 3392 sumpsisse
3078 3327 3467 3394 animam,sed
3490 3313 3613 3388 loco
3627 3336 3752 3389 ani-

2110 3418 2219 3456 mae
2262 3401 2538 3459 habuisse
2586 3404 2971 3465 divinitatem.
3024 3412 3135 3469 Sed
3188 3416 3325 3486 quia
3372 3421 3529 3476 totus
3578 3421 3753 3479 homo

2111 3491 2604 3579 perierat,idcirco
2636 3493 2735 3550 Dei
2760 3497 2937 3555 Filius
2960 3504 3143 3558 totum
3168 3508 3427 3579 suscepit
3449 3513 3513 3564 ut
3533 3515 3756 3568 utrum-

2113 3595 2226 3671 que
2255 3578 2583 3671 redimeret,
2617 3582 2673 3637 id
2706 3589 2794 3640 est
2823 3588 3081 3645 animam
3114 3596 3169 3647 et
3199 3578 3455 3653 carnem.
3486 3600 3556 3654 Et
3599 3604 3753 3671 quod

2112 3667 2210 3722 ille
2238 3684 2432 3723 veram
2465 3669 2724 3728 animam
2758 3673 3049 3742 habuerit,
3082 3680 3207 3751 ipse
3237 3685 3575 3742 manifestat
3614 3667 3754 3746 cum

2114 3756 2197 3812 ait
2232 3773 2279 3812 ;‹‹
2302 3758 2651 3816 Potestatem
2686 3761 2870 3819 habeo
2905 3770 3158 3838 ponendi
3190 3771 3449 3829 animam
3481 3783 3759 3851 meam,et

2115 3850 2458 3918 potestatem
2490 3847 2675 3905 habeo
2705 3851 2916 3908 iterum
2948 3859 3218 3913 sumendi
3250 3876 3399 3917 eam.
3419 3885 3447 3911 »
3468 3863 3539 3919 Et
3565 3847 3705 3922 item
3740 3887 3753 3925 :

2117 3958 2144 3985 ‹‹
2176 3936 2357 3991 Nemo
2402 3936 2561 3993 tollet
2600 3940 2857 3997 animam
2899 3961 3089 4001 meam
3122 3964 3156 4003 a
3186 3966 3297 4005 me.
3331 3975 3359 4002 ››
3396 3956 3463 4007 Et
3493 3955 3704 4012 iterum
3741 3976 3753 4015 :

2123 4047 2143 4072 ι
2179 4024 2388 4080 Tristis
2420 4030 2508 4081 est
2539 4028 2735 4084 anima
2781 4048 2912 4087 mea
2957 4052 3143 4107 usque
3186 4041 3256 4094 ad
3300 4048 3571 4102 mortem.
3614 4069 3641 4096 ››
3696 4048 3761 4103 Et

2117 4113 2472 4208 evangelista
2506 4134 2518 4171 :
2559 4136 2591 4208 ct
2614 4118 2894 4177 Inclinato
2925 4127 3131 4197 capite,
3163 4126 3335 4186 Jesus
3368 4134 3612 4191 tradidit
3640 4138 3758 4208 spi-

2118 4202 2322 4257 ritum.
2360 4226 2396 4295 ri
2421 4204 2697 4295 Sequitur
2726 4226 2739 4264 :
2777 4232 2803 4260 «
2836 4212 2933 4275 Qui
2964 4231 3326 4290 consurgens
3357 4224 3577 4293 accepit
3618 4202 3757 4295 pue-

2118 4308 2270 4346 rum.
2307 4314 2333 4340 »
2367 4292 2474 4348 Per
2502 4293 2609 4350 hoc
2642 4299 2795 4367 quod
2826 4301 3039 4375 Joseph
3089 4307 3372 4363 exstincto
3421 4292 3640 4366 Herode
3673 4330 3761 4368 re-

2117 4396 2323 4435 versus
2344 4382 2509 4472 estin
2533 4388 2747 4441 terram
2771 4388 2945 4445 Israel
2978 4392 3589 4469 signiﬁcabatur,quia
3611 4406 3763 4472 post-

2120 4484 2297 4540 quam
2320 4471 2605 4527 exstincta
2626 4473 2799 4530 fuerit
2822 4477 3035 4534 invidia
3058 4480 3116 4535 in
3134 4483 3406 4539 cordibus
3426 4471 3763 4547 Judanrum

2042 4587 2089 4651 D
2119 4556 2485 4651 circafinem‘
2528 4561 2745 4651 seculi,
2777 4567 3231 4635 praedicantibus
3275 4572 3398 4628 Elia
3444 4579 3500 4631 et
3550 4577 3761 4648 Henoc,

2121 4646 2406 4703 Dominus
2435 4647 2694 4703 visitabit
2721 4650 2981 4708 Judaeam
3015 4656 3074 4710 in
3107 4657 3231 4714 suis
3264 4646 3761 4731 praedicatoribus.

2126 4735 2402 4827 Sequitur
2434 4754 2481 4791 ;‹‹
2515 4739 2774 4795 Audiens
2806 4747 3001 4799 autem
3035 4748 3188 4817 quod
3222 4751 3540 4809 Archelaus
3565 4772 3766 4827 regna-

2127 4830 2214 4880 ret
2243 4827 2299 4879 in
2330 4826 2549 4882 Judaaa.
2590 4851 2615 4876 ››
2646 4830 2968 4888 Archelaus
3012 4834 3425 4908 interpretatur
3471 4826 3767 4914 agnoscens

2126 4916 2238 4975 leo;
2266 4920 2324 4969 et
2354 4915 2646 4987 significat
2675 4917 2838 4974 illum
2893 4921 3115 4980 leonem
3147 4927 3217 4982 de
3248 4946 3361 5000 quo
3396 4930 3596 4987 Petrus
3636 4935 3718 4988 ait
3750 4954 3763 4993 :

2128 5028 2154 5053 ‹‹
2189 5004 2431 5058 Solliciti
2462 5010 2644 5060 estote
2676 5012 2731 5061 et
2759 5009 2990 5081 vigilate
3022 5015 3161 5084 quia
3189 5018 3557 5074 adversarius
3580 5026 3770 5078 vester

2127 5096 2410 5162 tanquam
2460 5091 2547 5147 leo
2598 5095 2834 5167 rugiens
2877 5100 3102 5156 circuit.
3138 5127 3165 5153 »
3198 5105 3305 5159 Per
3347 5107 3506 5163 illam
3540 5115 3769 5180 partem

2129 5180 2327 5252 p0puli
2360 5181 2416 5233 in
2451 5198 2566 5252 qua
2594 5200 2710 5238 non
2741 5202 2921 5242 ausus
2946 5190 3117 5246 fuerit
3142 5193 3406 5250 habitare
3426 5196 3768 5269 Joseph,de-

2130 5269 2438 5358 signantur
2464 5270 2549 5325 illi
2582 5274 2680 5343 qui
2704 5275 2860 5331 circa
2892 5278 3066 5334 tinem
3099 5283 3296 5338 saeculi
3319 5285 3642 5358 suscipiant
3660 5289 3773 5343 An-

2130 5357 2487 5425 tichristum,
2521 5360 2580 5415 in
2615 5364 2830 5433 quibus
2860 5365 3147 5425 habitabit
3174 5357 3515 5441 Archelaus,
3566 5376 3624 5430 id
3682 5380 3774 5432 est

2132 5445 2434 5516 diabolus;
2471 5466 2571 5521 per
2602 5450 2763 5507 illam
2795 5470 2927 5510 vero
2960 5464 3184 5527 partem
3215 5461 3272 5515 in
3307 5479 3422 5534 qua
3452 5480 3654 5521 secure
3674 5466 3775 5523 ha-

2133 5536 2356 5592 bitabat
2383 5539 3014 5614 Joseph,designantur
3042 5550 3141 5619 qui
3172 5551 3325 5606 circa
3356 5554 3528 5610 finem
3553 5556 3772 5625 saeculi,

2134 5626 2585 5702 pradicantibus
2614 5629 2740 5690 Elia
2766 5636 2823 5691 et
2852 5633 3067 5709 Henoc,
3097 5640 3421 5716 suscipiant
3454 5642 3775 5723 Christum,
