4018 6200
267 341 386 400 909

1783 339 2156 402 HOMlLl/E.

3550 346 3671 406 9i0

272 470 552 526 habuisse
583 471 828 539 dicebat,
852 475 906 526 et
939 471 1066 527 ideo
1099 471 1382 528 Dominus
1414 473 1595 531 dixit:
1635 495 1654 521 α
1691 473 1854 540 Volo,
1880 495 1909 524 »
1944 475 1996 539 Α
2027 477 2224 542 retur;
2255 490 2358 527 nec
2388 473 2560 527 etiam
2615 471 2855 526 decebat
2902 474 2966 526 ut
3014 476 3187 543 typus
3233 478 3289 528 et
3339 477 3548 530 umbra
3582 495 3670 532 re-

272 563 338 614 ut
370 562 700 616 ostenderet
725 577 786 616 se
805 578 1002 616 veram
1025 562 1282 617 animam
1307 562 1633 634 sumpsisse
1665 581 1677 629 ;
1705 567 1760 618 et
1783 562 1922 633 quia

264 648 539 704 voluntas
561 665 629 704 ex
642 650 836 704 animo
860 652 1448 723 procedit,imperavit
1468 656 1703 722 propter
1716 651 1918 706 Arium

271 737 372 809 qui
396 738 624 792 dicebat
645 755 777 792 eum
803 737 1088 794 minorem
1127 757 1254 795 esse
1276 741 1467 810 Patre,
1499 745 1554 795 et
1584 740 1800 796 idcirco
1827 757 1920 795 ex-

271 826 463 881 tendit
495 831 560 881 ut
582 827 915 882 ostenderet
937 844 999 883 se
1022 829 1305 899 aequalem
1332 845 1459 884 esse
1485 829 1599 885 Deo
1622 830 1923 884 Patri.Ma—

273 932 413 970 num
438 920 634 971 autem
666 916 927 971 extendit
958 921 1014 972 et
1042 918 1234 990 tetigit
1274 924 1512 990 propter
1541 919 1922 973 Manicheum

273 1005 374 1076 qui
392 1004 788 1077 negabateum
808 1021 1002 1061 veram
1019 1023 1252 1061 carnem
1273 1005 1826 1080 sumpsiSse,etideo
1842 1013 1924 1062 te-

270 1092 402 1165 tigit
416 1099 479 1147 ut
495 1110 556 1148 se
569 1109 763 1148 veram
779 1109 1015 1149 carnem
1036 1095 1250 1150 habere
1264 1096 1331 1150 de
1341 1096 1786 1151 monstraret.Et
1801 1094 1926 1166 pul-

275 1181 743 1254 chrepostquam
761 1182 1228 1238 Dominusdixit:
1265 1204 1286 1231 «
1313 1184 1651 1252 Mundare,»
1685 1188 1927 1239 sanctus

268 1269 632 1342 evangelista
655 1271 982 1342 subjunxit:
1003 1276 1104 1327 «Et
1134 1273 1332 1328 statim
1357 1275 1637 1329 mundata
1659 1277 1747 1328 est
1766 1272 1926 1344 lepra

271 1359 432 1430 ejus.
457 1381 478 1410 ι
515 1359 785 1415 Ostendit
815 1361 1014 1432 itaque
1045 1361 1136 1416 his
1165 1362 1356 1416 verbis
1389 1362 1528 1433 quia
1558 1362 1676 1417 hazc
1708 1361 1930 1417 curatio

271 1465 390 1503 non
411 1449 521 1504 fuit
552 1449 1013 1521 fortuita,neque
1043 1467 1203 1506 more
1223 1451 1583 1506 medicorum
1616 1468 1717 1523 per
1750 1451 1929 1506 inter-

272 1535 429 1591 valla
458 1537 737 1609 temporis
769 1538 1054 1604 restituta,
1089 1540 1189 1593 sed
1240 1539 1338 1594 Dei
1385 1543 1668 1609 potestate
1694 1540 1924 1609 absque

276 1623 401 1680 ulla
434 1642 598 1680 mora
628 1630 717 1681 est
747 1625 973 1681 collata.
1001 1628 1065 1680 Et
1089 1626 1396 1682 sciendum
1429 1629 1567 1699 quia
1598 1627 1657 1682 in
1684 1645 1749 1683 eo
1776 1627 1928 1699 quod

281 1715 570 1770 Dominus
603 1714 683 1769 ait
710 1733 725 1767 :
760 1737 789 1763 «
823 1715 1126 1784 Mundare,
1155 1739 1182 1765 ››
1215 1717 1522 1771 confestim
1547 1719 1830 1772 mundata
1845 1719 1933 1772 est

280 1803 441 1875 lepra
461 1803 932 1904 ejus,ostepdens
952 1809 1192 1859 sanctus
1215 1805 1697 1877 evangelista,qui
1716 1805 1840 1860 hzec
1861 1806 1932 1860 de
1965 1840 2011 1904 B

282 1908 388 1948 suo
421 1889 822 1960 addidit,nihil
845 1909 972 1948 esse
991 1893 1250 1948 medium
1273 1893 1426 1949 inter
1446 1893 1808 1950 voluntatem
1837 1893 1933 1949 Dei

283 1987 341 2036 et
371 1998 540 2053 opus,
583 1980 722 2052 quia
752 1981 1037 2052 scriptum
1067 1987 1158 2038 est
1183 2000 1195 2037 :
1231 2005 1260 2032 «
1296 1983 1424 2054 Ipse
1453 1983 1618 2049 dixit,
1652 1987 1708 2038 et
1737 1982 1935 2038 omnia

282 2071 434 2126 facta
463 2075 603 2125 sunt
631 2087 646 2136 ;
680 2070 980 2124 mandavit
1025 2075 1081 2125 et
1113 2075 1308 2126 creata
1352 2077 1511 2139 sunt,
1550 2095 1577 2120 ››
1610 2088 1674 2127 ac
1702 2089 1803 2142 per
1825 2071 1934 2127 hoc

279 2159 552 2216 voluntas
582 2163 780 2214 manet
814 2159 870 2212 in
908 2160 1202 2230 operibus,
1237 2164 1293 2214 et
1322 2177 1496 2231 Opera
1525 2160 1583 2215 in
1617 2159 1935 2228 voluntate,

282 2253 342 2304 et
371 2246 642 2304 voluntas
673 2253 871 2303 manet
894 2249 951 2302 in
984 2253 1353 2320 potestate,et
1375 2255 1632 2321 potestas
1655 2249 1713 2304 in
1739 2249 1936 2304 volun-

283 2335 539 2392 tate.«Et
571 2336 652 2391 ait
681 2335 765 2390 illi
795 2337 988 2404 Jesus,
1014 2336 1144 2392 vide
1175 2337 1393 2392 nemini
1426 2338 1660 2394 dixeris.
1694 2364 1721 2390 ››
1752 2340 1938 2402 Quare

287 2425 574 2481 Dominus
598 2426 871 2496 pracepit
901 2426 951 2481 ei
985 2430 1048 2480 ut
1080 2427 1300 2482 nemini
1333 2427 1549 2483 diceret
1572 2432 1593 2484 Ρ
1614 2428 1759 2490 Quid
1781 2428 1936 2483 enim

287 2530 530 2570 necesse
553 2514 1043 2570 fueratoccultare
1066 2532 1395 2571 sermonem
1420 2518 1571 2580 quod
1603 2518 1938 2572 manifesta-

289 2606 394 2659 bat
420 2619 662 2674 corpore
685 2603 712 2657 ‘?
749 2604 964 2660 Idcirco
997 2606 1270 2676 praecepit
1299 2606 1349 2660 ei
1383 2607 1600 2660 nemini
1634 2607 1844 2674 dicere,
1877 2609 1942 2659 ut

295 2693 466 2747 nobis
499 2691 854 2762 relinqueret
884 2693 1536 2764 exemplum,quatenus
1569 2699 1768 2749 nostra
1790 2695 1942 2749 bona

294 2796 471 2851 opera
502 2783 559 2833 et
589 2779 869 2836 beneﬁcia
920 2797 1033 2835 non
1064 2780 1312 2835 velimus
1343 2781 1639 2852 publicare
1669 2787 1726 2838 et
1756 2781 1940 2836 mani-

295 2869 526 2933 festare,
560 2869 660 2923 sed
695 2869 883 2940 magis
933 2869 1245 2940 reprimere
1289 2874 1345 2924 et
1395 2870 1707 2940 occultare,
1740 2876 1796 2925 et
1828 2887 1940 2924 non

297 2957 488 3013 solum
504 2958 908 3013 abstineamus
928 2975 1032 3012 nos
1056 2959 1634 3030 amercedepecunite
1657 2965 1713 3014 et
1738 2976 1942 3014 mune-

297 3047 400 3115 ris,
429 3047 530 3101 sed
563 3047 737 3102 etiam
771 3065 804 3101 a
834 3048 1099 3102 mercede
1120 3047 1317 3119 gratia:
1344 3053 1401 3102 et
1426 3048 1616 3103 laudis
1649 3049 1938 3104 humanae.

295 3135 577 3206 Sequitur
599 3152 647 3190 ;‹‹
683 3136 791 3190 Sed
823 3137 1248 3202 vade,ostende
1279 3141 1334 3190 te
1364 3138 1670 3206 sacerdoti,
1715 3141 1772 3191 et
1802 3137 1944 3192 olI‘er

2029 562 2297 617 cederent
2352 561 2692 633 priusquam
2752 560 2966 616 veritas
3041 566 3097 615 et
3175 561 3273 616 lux
3344 571 3667 636 appareret.

2029 652 2188 716 Quod
2223 655 2414 705 autem
2439 651 2580 705 dicit
2602 651 2660 704 in
2683 649 3085 705 testimonium
3111 650 3248 720 illis,
3271 652 3404 706 talis
3432 657 3518 708 est
3540 671 3672 708 sen-

2031 758 2168 795 sus:
2206 740 2264 795 Si
2288 740 2344 793 in
2378 740 2622 794 Domino
2655 740 2913 806 credant,
2961 741 3010 794 si
3058 740 3219 812 lepra
3250 741 3571 813 impietatis
3604 743 3674 798 ab

2033 829 2150 883 illis
2183 829 2487 895 abscedat;
2523 828 2639 882 sive
2670 834 2734 882 ut
2764 829 2844 882 sis
2865 829 2923 882 in
2953 830 3361 884 testimonium
3396 830 3680 903 illis,quo-

2035 919 2187 973 niam
2223 918 2595 988 omnipotens
2621 933 2773 984 sum,
2808 922 2865 972 et
2895 934 2989 973 eos
3020 917 3242 973 salvare
3265 922 3586 991 possum,si
3620 921 3679 976 in

2039 1025 2130 1063 me
2162 1006 2532 1073 crediderint,
2558 1007 2709 1061 sicut
2740 1010 2797 1060 et
2823 1010 2878 1061 te
2907 1007 3104 1062 vident
3134 1011 3677 1081 sanatum.Spirita-

2036 1097 2171 1153 liter
2201 1112 2371 1150 mons
2409 1095 2520 1150 iste
2552 1094 2842 1166 signiﬁcat
2872 1095 3104 1161 coelum,
3138 1098 3291 1152 sicut
3324 1115 3504 1170 supra
3532 1100 3679 1155 dixi-

2040 1203 2209 1253 mus;
2245 1184 2527 1239 Dominus
2559 1185 2628 1238 de
2661 1187 2855 1238 monte
2887 1185 3350 1258 descendit,quia
3379 1188 3476 1242 Dei
3500 1189 3682 1245 Filius

2037 1291 2172 1330 cum
2203 1278 2357 1330 esset
2386 1272 2695 1328 invisibilis
2727 1276 2783 1328 et
2813 1273 3185 1341 immortalis,
3218 1293 3321 1346 pro
3353 1277 3542 1333 salute
3572 1278 3684 1333 hu-

2039 1361 2197 1418 mani
2219 1363 2445 1434 generis
2494 1361 2681 1416 factus
2724 1365 2812 1416 est
2865 1361 3115 1417 visibilis
3165 1368 3341 1435 atque
3373 1366 3678 1434 mortalis;

2039 1452 2193 1507 unde
2220 1450 2360 1505 dicit
2389 1450 2737 1505 Psalmista:
2777 1472 2797 1499 «
2833 1451 2878 1504 A
2937 1467 3168 1506 summo
3229 1453 3370 1508 ccelo
3427 1455 3682 1527 egressio

2040 1541 2547 1611 ejus.»Postquam
2571 1543 2764 1594 autem
2789 1539 3093 1594 descendit
3114 1539 3400 1596 Dominus
3431 1543 3502 1597 de
3523 1560 3684 1598 mon—

2039 1635 2095 1684 te
2133 1650 2159 1682 ε
2191 1633 2399 1684 secutae
2424 1633 2564 1683 sunt
2592 1644 2724 1683 eum
2743 1627 2928 1682 turbae
2953 1627 3236 1696 multaa,et
3266 1646 3395 1685 ecce
3421 1630 3686 1703 leprosus

2040 1719 2276 1774 veniens
2309 1718 2590 1772 adorabat
2621 1733 2775 1770 eum.
2815 1739 2842 1765 ››
2872 1717 3099 1772 Viriste
3129 1719 3317 1790 typice
3349 1719 3687 1776 universum

2043 1824 2228 1881 genus
2241 1807 2569 1861 humanum
2586 1805 2876 1877 signiﬁcat
2893 1806 3145 1876 peccatis
3160 1806 3690 1879 languidum,unde

2042 1898 2188 1952 bene
2218 1913 2334 1951 non
2368 1894 2561 1950 solum
2595 1895 2862 1966 leprosus
2885 1893 3122 1959 dicitur,
3146 1896 3246 1950 sed
3277 1897 3692 1966 etiam,secun-

2044 1987 2184 2040 dum
2215 1983 2592 2056 Evangelium
2617 1984 2807 2050 Lucze,
2844 1981 3053 2054 plenus
3077 1984 3257 2040 fuisse
3279 1985 3442 2056 lepra
3474 1986 3690 2041 descri-

2044 2074 2202 2130 bitur
2229 2092 2241 2128 :
2276 2073 2414 2144 quia
2446 2073 2786 2127 universum
2817 2087 3003 2142 genus
3026 2072 3352 2127 humanum
3385 2074 3546 2144 lepra
3567 2074 3694 2127 inﬁ-

2046 2161 2393 2232 delitatis,et
2425 2160 2670 2215 maculis
2701 2161 2962 2215 omnium
2996 2160 3269 2216 vitiorum
3301 2166 3424 2216 erat
3453 2177 3690 2233 corrup-

2046 2256 2171 2305 tum
2203 2255 2259 2305 et
2291 2251 2569 2303 fmdatum
2597 2265 2608 2302 :
2644 2249 2798 2302 unde
2846 2248 2988 2302 dicit
3021 2248 3340 2319 Apostolus
3368 2265 3379 2304 :
3419 2271 3445 2299 «
3476 2250 3691 2306 Omnes

2047 2339 2203 2394 enim
2237 2343 2640 2408 peccaverunt,
2672 2341 2728 2391 et
2757 2341 2928 2407 egent
2975 2336 3162 2408 gratia
3193 2337 3317 2395 Dei.
3352 2360 3378 2387 »
3412 2340 3535 2403 Qua
3560 2355 3690 2410 gra-

2048 2430 2128 2483 tia
2149 2427 2175 2481 ?
2208 2427 2550 2482 Extensione
2581 2442 2793 2480 manus
2821 2427 2954 2480 Jesu
2983 2444 2995 2492 ;
3031 2441 3235 2481 omnes
3283 2427 3439 2482 enim
3469 2427 3693 2499 indige-

2048 2519 2189 2571 bant
2212 2520 2274 2570 ut
2296 2516 2388 2570 Dei
2417 2515 2574 2570 ﬁlius
2603 2515 2763 2569 ﬁeret
2788 2513 2941 2568 ﬁlius
2963 2513 3258 2582 hominis;
3294 2519 3358 2569 ut
3388 2516 3689 2573 incarnato

2051 2608 2148 2661 Dei
2185 2606 2369 2659 Verbo
2403 2605 2512 2675 ipsi
2548 2621 2580 2657 a
2621 2603 2781 2673 lepra
2811 2602 3172 2657 inﬁdelitatis
3203 2608 3259 2658 et
3288 2604 3536 2659 maculis
3570 2621 3694 2660 om-

2052 2697 2214 2749 nium
2239 2694 2511 2747 vitiorum
2534 2695 3023 2762 purgarentur.In
3055 2708 3121 2746 eo
3152 2709 3286 2747 vero
3318 2694 3476 2763 quod
3507 2695 3698 2765 proci-

2052 2786 2196 2838 dens
2223 2781 2482 2836 adoravit
2512 2785 2732 2847 eum,et
2764 2779 3071 2850 subjunxit
3100 2780 3299 2836 dicens
3324 2799 3336 2836 :
3366 2805 3392 2831 ‹‹
3427 2782 3696 2852 Domine,

2053 2873 2101 2927 si
2132 2872 2239 2936 vis,
2274 2874 2436 2942 potes
2469 2886 2561 2924 me
2593 2869 2876 2924 mundare
2903 2887 2915 2936 ;
2954 2892 2979 2917 »
3012 2869 3156 2925 ﬁdes
3187 2871 3574 2926 Ecclesiastici
3601 2889 3698 2944 po-

2052 2961 2175 3033 puli
2206 2959 2566 3030 designatur,
2604 2958 2700 3029 qui
2755 2957 2965 3012 Filium
3013 2958 3110 3013 Dei
3145 2964 3201 3014 et
3231 2960 3693 3032 omnipotentem

2053 3049 2319 3114 credidit,
2352 3052 2408 3102 et
2437 3063 2670 3101 omnem
2716 3047 2942 3118 copiam
2994 3064 3110 3102 suae
3142 3048 3477 3104 salvationis
3511 3051 3569 3104 in
3599 3068 3699 3106 vo-

2052 3138 2277 3192 luntate
2307 3136 2493 3207 ipsius
2517 3135 2979 3202 collocavit;nam
3005 3135 3148 3189 nihil
3177 3141 3264 3191 est
3286 3137 3444 3192 aliud
3471 3139 3699 3195 dicere:

298 3240 518 3279 munus
549 3225 703 3295 quod
736 3223 1008 3295 praecepit
1039 3223 1266 3294 Moyses
1299 3223 1356 3277 in
1388 3225 1813 3279 testimonium.
1844 3224 1943 3278 »Εἰ
1973 3202 2014 3268 C
2055 3225 2374 3292 Domine,si
2403 3225 2681 3294 vis,potes
2715 3240 2807 3277 me
2839 3224 3142 3291 mundare,
3178 3225 3290 3278 nisi
3322 3226 3698 3296 omnipoten-

299 3314 623 3369 notandum
648 3313 785 3384 quia
807 3313 1022 3368 multos
1043 3312 1258 3384 legitur
1278 3313 1560 3368 Dominus
1582 3313 1946 3382 curasse,sed

301 3403 530 3458 nullum
565 3403 635 3458 ad
669 3403 996 3458 sacerdotes
1027 3401 1207 3469 misit,
1241 3401 1354 3455 nisi
1385 3401 1541 3456 solos
1571 3401 1852 3473 leprosos.
1881 3402 1950 3455 Et

299 3492 492 3547 varias
515 3492 586 3546 ob
610 3508 820 3547 causas
841 3492 912 3545 ad
938 3491 1268 3546 sacerdotes
1292 3491 1472 3555 misit,
1502 3491 1766 3546 deferens
1797 3489 1952 3545 debi—

302 3585 432 3635 tum
463 3580 743 3635 honorem
799 3578 1223 3642 sacerdotibus,
1257 3583 1321 3632 ut
1377 3578 1544 3633 nobis
1600 3579 1955 3650 relinqueret

306 3669 641 3741 exemplum
677 3667 1350 3739 humilitatis,quatenus
1377 3668 1638 3722 debitum
1673 3668 1952 3723 honorem

307 3759 707 3815 sacerdotibus
753 3773 985 3829 semper
1033 3758 1371 3829 impendere
1424 3757 1807 3825 studeamus;
1838 3756 1954 3812 sive

308 3849 439 3903 ideo
467 3847 626 3902 misit
647 3847 864 3902 utdum
891 3846 1150 3901 viderent
1171 3862 1304 3900 eum
1332 3851 1649 3919 purgatum
1675 3845 1958 3918 intellige-

310 3941 441 3992 rent
471 3936 782 3990 Dominum
816 3952 930 3989 non
963 3952 1090 3990 esse
1115 3936 1223 3989 sub
1254 3934 1400 4006 lege,
1421 3936 1520 3990 sed
1549 3953 1726 4006 super
1746 3936 1956 4006 legem,

313 4029 371 4080 et
401 4025 699 4080 crederent
727 4040 862 4079 eum
896 4041 1011 4078 non
1043 4040 1145 4094 per
1173 4022 1359 4093 legem
1392 4039 1520 4078 esse
1546 4023 1958 4091 sanatum,sed

312 4130 416 4185 per
441 4113 687 4185 gratiam
721 4113 822 4167 Dei
855 4129 981 4183 quae
1003 4116 1091 4167 est
1111 4128 1288 4183 supra
1308 4111 1708 4183 legem.Aliter
1733 4116 1798 4166 ut
1819 4112 1960 4164 dum

314 4203 579 4257 viderent
610 4218 744 4256 eum
777 4201 1150 4267 mundatum,
1186 4200 1233 4254 si
1267 4201 1498 4254 credere
1528 4198 1963 4266 vellent,salva-

316 4299 538 4358 rentur,
557 4289 814 4361 alioquin
846 4288 1271 4344 inexcusabiles
1303 4287 1764 4343 manerent.Alio
1791 4288 1963 4342 modo

319 4381 458 4451 quia
489 4382 838 4451 praeceptum
872 4382 995 4433 erat
1022 4377 1081 4432 in
1113 4378 1330 4449 lege,ut
1353 4378 1422 4432 ad
1449 4381 1748 4448 aspectum
1775 4391 1965 4430 sacer-

321 4470 526 4524 dotum
557 4468 955 4523 indicerentur
985 4474 1183 4521 utrum
1234 4471 1431 4521 essent
1483 4466 1707 4531 mundi,
1743 4482 1816 4518 an
1858 4466 1966 4518 im-

2053 3321 2171 3371 tem
2202 3330 2334 3368 eum
2369 3312 2620 3368 credere.
2659 3312 2760 3365 «Et
2789 3312 3105 3366 extendens
3136 3313 3308 3367 Jesus
3339 3329 3584 3368 manum
3616 3321 3702 3369 te-

2058 3403 2189 3474 tigit
2218 3403 2525 3455 eum.»Per
2553 3399 2948 3454 extensionem
2979 3416 3189 3454 manus
3219 3399 3358 3456 Jesu
3392 3401 3577 3472 ipsius
3610 3403 3699 3458 in-

2060 3489 2318 3547 carnatio
2353 3489 2734 3559 designatur;
2768 3492 2908 3542 tunc
2951 3505 3086 3543 nam
3138 3489 3421 3546 Dominus
3457 3508 3701 3549 manum

2061 3579 2317 3636 extendit
2348 3582 2402 3632 et
2432 3577 2729 3648 leprosum
2762 3576 3214 3648 tetigit,quando
3248 3579 3706 3637 misericorditer

2065 3672 2321 3724 nostram
2352 3671 2622 3721 naturam
2656 3665 2932 3736 suscepit,
2965 3672 3022 3722 et
3067 3666 3289 3738 lepram
3322 3668 3707 3737 inﬁdelitatis,

2065 3762 2123 3813 ct
2154 3755 2415 3811 maculas
2449 3754 2713 3810 omnium
2745 3754 3019 3809 vitiorum
3051 3760 3316 3825 potenter
3346 3758 3714 3829 purgavit.Et

2068 3847 2137 3900 ad
2171 3845 2279 3899 hoc
2313 3843 2551 3915 respicit
2581 3844 2735 3914 quod
2768 3843 2884 3898 ait:
2923 3865 2950 3892 ‹‹
2983 3842 3144 3909 Volo,
3166 3866 3194 3893 »
3221 3844 3359 3915 quia
3388 3869 3415 3894 ‹‹
3447 3847 3713 3903 volunta-

2069 3935 2153 3989 rie
2183 3951 2289 3988 nos
2320 3932 2522 4004 genuit
2567 3933 2740 3986 verbo
2788 3931 3088 3996 veritatis;
3136 3955 3162 3980 »
3209 3935 3366 4005 quod
3411 3940 3608 3991 autem
3639 3938 3713 3993 ad

2071 4023 2211 4077 illud
2242 4045 2268 4071 «
2304 4021 2610 4086 mundare,
2646 4043 2672 4067 ››
2706 4020 2776 4073 ad
2807 4019 2952 4074 illud
3001 4021 3254 4092 profecto
3286 4023 3523 4089 respicit
3551 4027 3707 4096 quod

2070 4110 2208 4167 alibi
2241 4110 2418 4163 dicit:
2449 4131 2475 4157 ‹‹
2511 4109 2727 4163 Euntes
2759 4109 2816 4162 in
2850 4111 3136 4165 mundum
3171 4111 3534 4184 universum,
3568 4132 3720 4185 prae-

2074 4201 2264 4254 dicate
2288 4196 2662 4268 Evangelium
2687 4198 2842 4252 omni
2867 4204 3198 4255 creaturae.»
3225 4201 3287 4256 In
3311 4216 3376 4257 eo
3407 4218 3540 4256 vero
3562 4205 3725 4271 quod

2075 4286 2436 4358 evangelista
2466 4287 2771 4358 subjungit
2798 4303 2809 4342 :
2839 4293 2894 4342 et
2919 4312 2944 4337 ‹‹
2981 4289 3286 4343 confestim
3319 4291 3600 4344 mundata
3635 4296 3726 4346 est

2077 4378 2238 4449 lepra
2269 4376 2414 4446 ejus,
2448 4399 2474 4424 ››
2510 4376 2580 4429 ad
2613 4375 2720 4430 hoc
2770 4378 3017 4432 refertur
3066 4379 3218 4447 quod
3253 4377 3370 4431 illic
3405 4379 3720 4434 subditur:

2079 4491 2105 4515 ‹‹
2141 4465 2249 4529 Qui
2279 4465 2588 4518 crediderit
2619 4470 2672 4517 et
2718 4465 3050 4535 baptizatus
3103 4464 3276 4519 fuerit
3321 4465 3517 4520 salvus
3538 4467 3666 4521 erit.
3701 4490 3723 4516 ι

324 4557 530 4612 mundi
558 4556 698 4612 :sive
727 4557 854 4611 ideo
889 4556 1051 4610 misit
1082 4571 1152 4610 ne
1172 4555 1467 4612 videretur
1497 4570 1624 4610 esse
1646 4559 1968 4626 transgres-
2004 4569 2049 4633 D
2083 4556 2149 4610 Et
2179 4571 2312 4608 cum
2345 4553 2427 4608 ait
2455 4551 2541 4606 illi
2571 4551 2742 4607 Jesus
2769 4569 2780 4606 :
2817 4576 2844 4600 «
2879 4553 3108 4607 Nemini
3161 4554 3397 4621 dixeris,
3425 4572 3459 4603 ν
3492 4556 3732 4612 docetur

323 4663 426 4702 sor
453 4646 778 4718 legis,quod
803 4645 914 4716 ipsi
930 4645 1262 4716 frequenter
1281 4644 1335 4698 in
1355 4660 1421 4699 eo
1436 4643 1969 4698 calumniabantur.

330 4736 497 4791 Forte
522 4736 672 4790 dicet
704 4733 937 4806 aliquis;
957 4751 1136 4805 quare
1172 4750 1285 4788 non
1320 4733 1530 4788 retinet
1560 4733 1748 4788 adhuc
1776 4736 1979 4787 sancta

328 4825 586 4880 Ecclesia
607 4823 750 4878 illud
776 4822 1093 4879 Mosaicum
1115 4823 1491 4889 sacriﬁcium,
1515 4823 1668 4893 quod
1701 4822 1978 4876 Dominus

330 4914 563 4968 videtur
582 4913 939 4985 approbasse
957 4911 1301 4966 ?Sciendum
1325 4915 1521 4966 tamen
1542 4911 1678 4982 quia
1692 4909 1791 4964 illa
1808 4910 1982 4965 sacri-

331 5001 464 5057 ﬁcia
486 5003 734 5074 ﬁguram
757 5002 1066 5074 gestabant
1087 5001 1258 5055 istius
1281 5000 1394 5055 veri
1419 4999 1689 5054 sacriﬁcii
1719 4999 1871 5069 quod
1896 5003 1984 5054 est

331 5093 616 5147 Sanctum
649 5091 1277 5155 sanctorum,nondum
1310 5089 1526 5161 quippe
1554 5088 1741 5142 fuerat
1763 5087 1870 5142 hoc
1895 5104 1984 5142 ve-

336 5198 468 5236 rum
485 5180 837 5236 sacriﬁcium
854 5178 1292 5233 manifestatum
1307 5178 1434 5244 ,hoc
1446 5182 1534 5232 est
1547 5179 1984 5232 sacramentum

319 5269 599 5340 corporis
631 5273 689 5324 et
719 5266 1022 5339 sanguinis
1072 5266 1300 5319 Domini
1351 5266 1533 5320 nostri
1581 5265 1718 5320 Jesu
1748 5264 1985 5334 Christi,

339 5357 478 5429 quia
510 5373 615 5411 nec
646 5358 786 5411 dum
821 5370 1033 5424 corpus
1065 5368 1238 5406 suum
1272 5351 1562 5406 obtulerat
1593 5358 1703 5406 Deo
1748 5351 1898 5406 Patri
1931 5353 1988 5406 in

341 5463 444 5502 ara
475 5445 667 5499 crucis
699 5459 800 5514 pro
834 5440 1022 5497 salute
1051 5439 1280 5511 generis
1312 5438 1556 5493 humani
1588 5444 1681 5495 :et
1711 5440 1838 5494 ideo
1873 5457 1990 5495 non

343 5533 588 5592 decebat
620 5534 684 5584 ut
735 5529 834 5584 illa
893 5527 1288 5600 signiﬁcantia
1343 5527 1631 5582 sacriﬁcia
1686 5528 1850 5598 prius
1881 5527 1994 5584 tol-

341 5625 630 5693 lerentur,
664 5618 800 5692 quia
851 5617 957 5676 hoc
1006 5631 1204 5678 verum
1258 5614 1609 5676 sacriﬁcium
1655 5618 1994 5674 manifesta-

2084 4644 2175 4698 his
2206 4641 2398 4697 verbis
2425 4640 2857 4696 ecclesiasticus
2907 4640 3160 4712 populus
3201 4646 3266 4696 ut
3305 4644 3582 4715 mysteria
3612 4661 3730 4700 suae

2088 4731 2298 4787 salutis
2311 4735 2367 4785 et
2396 4730 2527 4784 ﬁdei
2547 4746 2666 4784 sum
2689 4735 3053 4785 sacramenta
3077 4748 3188 4785 non
3204 4732 3423 4802 passim
3448 4735 3732 4790 obtrecta-

2088 4821 2317 4876 toribus
2348 4823 2403 4874 et
2433 4818 2936 4890 oppugnatoribus
2959 4824 3170 4875 sanctae
3193 4820 3458 4876 Ecclesia
3473 4823 3737 4876 commit-

2095 4909 2403 4979 tant,quod
2438 4908 2575 4963 alibi
2610 4912 2805 4978 aperte
2838 4908 3122 4964 Dominus
3147 4910 3313 4965 docet
3335 4911 3567 4967 dicens:
3600 4911 3743 4966 «No-

2093 5000 2193 5054 lite
2224 4999 2504 5052 Sanctum
2542 4997 2678 5051 dare
2728 4998 2995 5066 canibus,
3029 5015 3218 5070 neque
3269 4999 3620 5070 margaritas
3649 5017 3743 5056 ve-

2099 5093 2253 5143 stras
2287 5085 2532 5139 mittatis
2565 5089 2697 5140 ante
2724 5103 2949 5157 porcos.
2986 5109 3014 5136 »
3045 5087 3321 5158 Sequitur
3348 5106 3359 5142 :
3401 5088 3544 5142 «Sed
3572 5089 3744 5158 vade,

2098 5174 2339 5231 ostende
2369 5177 2423 5227 te
2456 5173 2760 5244 sacerdoti,
2787 5178 2842 5228 et
2875 5174 3016 5229 offer
3047 5191 3264 5230 munus
3296 5176 3452 5246 quod
3476 5178 3750 5249 praecepit

2103 5265 2330 5334 Moyses
2362 5262 2420 5315 in
2451 5262 2853 5317 testimonium
2885 5262 3054 5318 illis.»
3095 5264 3378 5318 Sacerdos
3411 5263 3521 5319 iste
3543 5265 3752 5337 cuiju-

2102 5353 2271 5407 betur
2300 5350 2564 5420 leprosus
2595 5351 2819 5416 offerre,
2854 5351 2951 5406 ille
2982 5356 3070 5407 est
3099 5351 3517 5423 intelligendus
3539 5354 3610 5408 de
3633 5371 3745 5425 quo

2104 5439 2418 5494 Psalmista
2450 5438 2530 5492 ait
2554 5456 2601 5492 τι(
2629 5441 2716 5492 'l‘u
2748 5457 2810 5494 es
2843 5441 3114 5496 sacerdos
3139 5441 3197 5494 iu
3229 5445 3510 5495 aeternum
3543 5458 3749 5497 secun-

2107 5531 2247 5584 dum
2281 5528 2543 5582 ordinem
2574 5527 2992 5584 Melchisedech
3023 5534 3363 5597 ;-monetur
3383 5546 3637 5603 namque
3661 5530 3754 5590 his

2110 5616 2304 5673 verbis
2334 5616 2585 5689 populus
2615 5616 3042 5676 ecclesiasticus
3074 5618 3296 5677 utillud
3318 5618 3500 5693 legale
3532 5622 3751 5682 sacriﬁ-
