4018 6200
391 347 496 407 911

889 342 1190 405 REMIGII
1236 343 1986 406 ANTISSIODORENSIS
2033 343 2206 405 OPP.
2252 343 2453 406 PARS
2497 343 2577 404 II.
2609 377 2685 387 —
2715 340 3290 404 MISCELLANEA.

3669 340 3787 401 9l2

395 479 552 533 rium
585 474 844 548 quotidie
874 475 1104 545 recolat,
1129 480 1185 530 et
1217 475 1441 547 jugiter
1485 481 1598 531 Deo
1631 476 1780 532 Patri
1815 477 2036 542 olferat,
2068 487 2121 552 Α
2153 481 2279 542 tor;
2317 475 2456 547 quid
2486 476 2639 532 enim
2664 475 2819 531 aliud
2847 477 2984 530 sunt
3009 471 3384 546 peccata,nisi
3415 471 3791 544 lepra?Nam

395 567 550 639 quod
575 583 679 639 pro
699 566 1112 622 emundatione
1143 564 1356 636 leprosi
1380 566 1436 620 in
1457 567 1643 638 ﬁgura
1665 566 2032 635 otl'erebatur,

394 660 451 710 et
483 661 683 726 postea
710 655 989 710 veraciter
1018 671 1121 725 pro
1146 654 1333 709 salute
1356 655 1768 726 totiusgeneris
1792 654 2035 709 humani

394 749 482 799 est
511 744 793 799 oblatum.
819 744 1176 816 Praaceptum
1211 761 1464 814 namque
1496 745 1604 798 fuit
1633 744 1691 798 in
1716 745 1839 815 lege
1871 749 1934 797 ut
1955 744 2036 799 le-

395 849 607 905 prosus
633 848 736 904 pro
767 832 1142 887 emudatione
1190 849 1299 888 sua
1332 833 1479 888 duos
1514 849 1778 903 passeres
1809 834 2040 887 olferret

393 920 858 991 sacerdoti,quos
881 921 1154 975 sacerdos
1179 921 1778 992 accipiens,utrosque
1792 921 2036 976 Domino

394 1008 646 1079 oﬁ‘erret,
677 1017 734 1064 et
762 1025 942 1064 unum
973 1009 1303 1064 immolaret
1332 1025 1462 1064 cum
1512 1009 1670 1081 ligno
1723 1010 1954 1064 cedrino
1981 1014 2038 1063 et

392 1113 581 1168 cocco,
617 1103 674 1152 et
709 1097 984 1153 fasciculo
1030 1097 1267 1170 hyssopi
1324 1097 1382 1152 in
1439 1115 1576 1154 vase
1638 1099 1801 1153 ﬁctili
1862 1114 2039 1170 super

392 1202 598 1258 aquas,
619 1185 866 1242 alterum
889 1202 1024 1243 vero
1045 1187 1358 1260 intingeret
1373 1187 1431 1242 in
1455 1188 2036 1260 sanguineimmolati

391 1276 736 1348 passeris,et
753 1275 1072 1331 dimitteret
1102 1291 1237 1332 eum
1271 1275 1522 1332 liberum
1554 1275 1858 1332 avolarein
1873 1294 2034 1349 agro;

392 1363 660 1442 leprosus
688 1380 820 1420 vero
851 1365 1065 1436 septies
1109 1359 1514 1436 aspergeretur
1567 1358 1700 1420 cum
1759 1366 2036 1422 fasciculo

395 1453 633 1526 hyssopi
667 1455 739 1510 de
770 1453 1055 1526 sanguine
1085 1453 1370 1508 immolati
1404 1455 1678 1526 passeris,
1701 1460 1758 1510 et
1788 1455 2036 1527 septimo

393 1543 487 1598 die
518 1543 747 1598 raderet
777 1559 980 1598 omnes
1013 1541 1161 1614 pilos
1191 1543 1399 1614 capitis
1431 1545 1543 1611 sui,
1579 1549 1635 1599 et
1656 1545 1932 1611 barbae,et
1950 1549 2036 1599 to-

394 1631 514 1687 tius
545 1632 824 1703 corporis,
844 1636 907 1686 ut
935 1636 1135 1687 octavo
1166 1633 1258 1686 die
1290 1635 1547 1688 mundus
1578 1635 1920 1689 redderetur
1944 1651 2037 1688 ca-

393 1721 668 1777 stris.Per
679 1722 785 1777 hoc
801 1720 1151 1777 sacriﬁcium
1169 1721 1437 1776 nonnulli
1463 1720 1800 1794 intelligunt
1817 1723 2038 1794 passio-

395 1826 530 1866 nem
557 1810 790 1866 Domini
823 1811 1005 1865 nostri
1036 1811 1176 1865 Jesu
1209 1809 1446 1875 Christi,
1478 1828 1577 1881 per
1607 1828 1784 1881 quam
1815 1811 2040 1866 univcr—
2069 1850 2115 1914 Β

397 1916 529 1954 sum
549 1916 736 1971 genus
759 1899 1087 1954 humanum
1107 1916 1140 1954 a
1161 1898 1695 1970 leprainﬁdelitatis
1720 1904 1775 1954 et
1795 1901 2040 1956 maculis

394 1989 670 2045 vitiorum
703 1993 792 2044 est
818 1988 1218 2061 ereptum.Per
1248 1987 1395 2042 duos
1417 2004 1684 2059 passeres
1707 1988 2042 2060 intelligunt

401 2084 548 2138 duas
578 2077 809 2134 Domini
841 2077 1220 2146 substantias,
1255 2077 1461 2132 animae
1488 2077 1710 2132 scilicet
1738 2083 1795 2133 et
1825 2079 2038 2148 carnis,

400 2185 547 2242 quas
578 2183 647 2223 ex
678 2168 881 2220 sancta
907 2163 1146 2236 Virgine
1176 2163 1450 2236 sumpsit.
1468 2164 1573 2219 Per
1602 2163 1826 2236 lignum
1855 2165 2039 2220 cedri-

397 2275 561 2327 num,
594 2255 822 2329 lignum
854 2258 1067 2310 sancta
1113 2254 1303 2309 crucis
1341 2253 1744 2325 signiﬁcatur;
1779 2271 1881 2326 per
1910 2270 2038 2309 coc-

395 2365 550 2417 cum,
585 2346 685 2420 qui
717 2349 806 2401 est
834 2343 999 2400 rubei
1025 2343 1257 2411 coloris,
1279 2342 1484 2399 etl‘usio
1517 2343 1820 2414 sanguinis
1843 2344 2038 2399 Domi-

396 2437 495 2505 ni;
532 2453 635 2508 per
663 2450 849 2490 unum
884 2433 2039 2506 passerem,quiimmolabatur,designa-

390 2531 491 2580 tur
521 2525 661 2595 quia
688 2522 972 2577 Dominus
989 2523 1368 2577 nosterJesus
1381 2521 1648 2576 Christus
1669 2521 2036 2578 solummodo

393 2628 607 2682 corpus
637 2625 813 2665 suum
845 2609 904 2662 in
936 2625 1037 2663 ara
1055 2609 1246 2663 crucis
1268 2627 1368 2680 pro
1393 2609 1580 2664 salute
1611 2610 1789 2664 totius
1806 2610 2036 2682 generis

394 2698 640 2756 humani
662 2703 776 2753 Deo
797 2695 954 2751 Patri
975 2695 1190 2752 obtulit
1213 2714 1226 2763 ;
1253 2713 1354 2768 per
1385 2697 1630 2752 alterum
1655 2698 1755 2768 qui
1789 2698 2036 2770 intinge-

389 2790 566 2845 batur
590 2788 650 2843 iu
695 2786 979 2858 sanguine
1030 2785 1318 2841 immolati
1362 2787 1640 2856 passeris,
1672 2785 2036 2856 signiﬁcatur

393 2879 532 2951 quia
563 2877 729 2933 dolor
759 2873 1052 2947 passionis
1101 2874 1171 2928 ad
1232 2873 1489 2928 animam
1549 2875 1814 2940 refertur,
1847 2879 1903 2929 et
1933 2891 2036 2947 per

391 2966 652 3021 animam
683 2963 942 3019 dolorem
991 2961 1284 3033 passionis
1343 2961 1544 3016 sensit.
1579 2961 1686 3016 Per
1725 2963 1834 3017 hoc
1876 2980 2030 3035 vero,

387 3055 542 3126 quod
572 3052 720 3108 liber
739 3050 1144 3106 dimittebatur
1163 3048 1391 3105 avolare
1419 3049 1478 3104 in
1502 3066 1660 3124 agro,
1693 3051 2035 3124 designatur

388 3143 548 3214 quia,
599 3144 832 3214 peracto
883 3138 1196 3194 Dominicae
1244 3138 1540 3195 Passionis
1585 3141 1881 3212 mysterio,
1922 3148 2031 3198 Do-

2145 565 2192 620 si
2222 565 2383 637 lepra
2413 565 2803 629 immundam,
2836 568 2891 618 et
2921 559 3163 628 variam,
3187 567 3242 617 et
3264 561 3628 617 maculosam
3662 562 3791 617 red-

2145 655 2231 708 dit
2260 659 2450 709 cutem
2480 672 2493 720 ;
2529 655 2612 709 sic
2642 659 2698 708 et
2728 657 2965 726 peccata
2992 651 3362 706 immundam
3390 655 3449 705 et
3485 652 3712 706 variam
3737 657 3793 707 et

2147 745 2425 799 miseram
2459 743 2679 798 faciunt
2701 743 3097 798 animam.lste
3121 757 3421 812 nunquam
3443 741 3716 812 leprosus
3735 741 3792 795 in

2149 839 2405 888 montem
2440 833 2751 888 ascendere
2783 848 2894 886 non
2929 830 3292 902 potest,quia
3322 838 3595 901 peccator
3626 829 3793 886 caele-

2147 923 2260 977 stia
2291 921 2672 994 contemplari
2721 938 2836 976 non
2868 920 3036 976 valet.
3073 920 3142 974 Et
3189 919 3329 991 quid
3372 919 3456 973 illi
3498 921 3797 991 agendum

2145 1011 2278 1067 est?
2308 1011 2582 1082 Nunquid
2636 1010 3115 1081 desperandum?
3170 1008 3317 1077 Non,
3371 1009 3642 1081 inquam,
3696 1010 3794 1065 sed

2147 1100 2425 1171 quoniam
2457 1100 2528 1154 ad
2562 1103 2816 1153 montem
2850 1098 3161 1152 ascendere
3189 1114 3304 1152 non
3339 1102 3797 1169 potest,necesse

2146 1194 2233 1244 est
2261 1188 2344 1243 illi
2379 1193 2443 1243 ut
2470 1189 2672 1244 Jesum
2705 1188 2776 1242 de
2808 1193 3007 1242 monte
3048 1187 3399 1242 descendere
3430 1187 3651 1244 videat.
3685 1189 3792 1244 To-

2146 1283 2254 1334 tics
2285 1278 2482 1349 itaque
2529 1277 2795 1349 leprosus
2824 1276 3027 1331 Jesum
3091 1276 3160 1330 de
3209 1280 3406 1331 monte
3439 1277 3789 1333 descendam

2146 1368 2318 1434 videt,
2353 1366 2583 1438 quoties
2616 1369 2883 1439 peccator
2911 1365 3312 1421 reminiscitur
3336 1365 3478 1437 quia
3511 1367 3790 1422 Dominus

2149 1471 2250 1527 pro
2280 1455 2465 1512 salute
2498 1459 2865 1527 peccatorum
2897 1454 2967 1509 de
2981 1453 3139 1509 caelis
3162 1453 3467 1510 descendit
3483 1455 3556 1510 ad
3585 1460 3794 1510 terras.

2145 1545 2307 1600 Tunc
2329 1545 2484 1599 enim
2510 1543 2777 1615 leprosus
2800 1543 3106 1614 procidens
3130 1543 3335 1598 adorat
3354 1543 3576 1614 Jesum,
3603 1561 3792 1616 quan-

2147 1635 2220 1689 do
2243 1640 2507 1706 peccator
2529 1634 2600 1688 de
2621 1632 2886 1704 pristinis
2913 1632 3377 1702 confunditur,et
3398 1639 3530 1688 tunc
3551 1634 3608 1688 in
3637 1633 3794 1690 facie

2147 1723 2322 1790 cadit,
2340 1723 2574 1794 quando
2597 1722 2653 1776 in
2679 1722 3074 1776 recordatione
3088 1724 3372 1777 scelerum
3392 1739 3624 1777 suorum
3645 1739 3788 1794 pec-

2149 1817 2308 1867 cator
2324 1811 2634 1876 erubescit;
2666 1811 2820 1865 unde
2840 1810 3047 1865 beatus
3077 1809 3296 1864 Paulus
3327 1811 3619 1881 apostolus
3652 1812 3794 1882 qui-

2151 1902 2398 1956 busdam
2433 1899 2832 1971 peccatoribus
2856 1901 2982 1969 jam
3028 1900 3344 1963 conversis,
3376 1901 3478 1954 sed
3508 1900 3702 1955 adhuc
3731 1901 3788 1956 in

2152 1991 2293 2044 facie
2315 1990 2650 2060 jacentibus
2681 1987 2910 2043 dicebat
2933 2005 2982 2042 ;‹‹
3014 1992 3197 2052 Quem
3218 1988 3375 2044 enim
3407 1989 3659 2044 fructum
3687 1990 3789 2044 ha-

2148 2077 2360 2134 buistis
2395 2083 2532 2134 tunc
2567 2078 2624 2132 in
2658 2077 2797 2148 illis,
2825 2077 2884 2132 in
2915 2078 3129 2150 quibus
3160 2095 3316 2133 nunc
3342 2077 3724 2134 erubescitis?
3751 2097 3780 2130 ι

2150 2173 2420 2223 Attamen
2451 2167 2580 2239 ipsa
2612 2166 2876 2222 confusio
2904 2184 3019 2222 non
3052 2167 3221 2222 debet
3259 2168 3581 2239 reprimere
3611 2167 3788 2222 medi-

2148 2262 2480 2312 camentum
2514 2256 2863 2329 paenitentiae
2894 2272 3050 2324 ;nam
3075 2256 3340 2328 leprosus
3362 2257 3583 2312 vulnus
3609 2263 3792 2312 osten-

2148 2347 2253 2415 dit,
2276 2351 2342 2420 ,εἰ
2373 2346 2694 2401 remedium
2724 2344 3058 2416 postulavit.
3082 2344 3363 2401 Similiter
3391 2352 3672 2415 peccator
3699 2346 3789 2402 de-

2147 2437 2245 2492 bet
2275 2436 2534 2491 conﬁteri
2569 2435 2790 2490 scelera
2820 2451 2949 2500 sua,
2982 2438 3039 2490 et
3077 2435 3405 2490 remedium
3439 2436 3792 2507 paenitentiae

2146 2524 2464 2597 postulare,
2496 2525 2733 2579 dicens:
2772 2524 3035 2592 Domine,
3067 2523 3115 2578 si
3158 2524 3263 2594 vis,
3298 2528 3467 2596 potes
3498 2541 3600 2581 me
3633 2542 3792 2580 mun-

2145 2615 2304 2677 dare,
2339 2614 2507 2686 quasi
2537 2615 2691 2668 dicat
2730 2612 2860 2668 aliis
2909 2613 3134 2668 verbis:
3167 2611 3356 2668 multa
3383 2620 3532 2669 sunt
3564 2619 3792 2686 peccata

2145 2718 2295 2771 mea,
2320 2703 2584 2767 Domine,
2621 2703 2722 2757 sed
2750 2703 2936 2757 multo
2959 2704 3146 2773 major
3175 2708 3264 2758 est
3292 2708 3405 2757 ture
3428 2703 3668 2775 pietatis
3691 2705 3790 2758 mi-

2145 2791 2391 2846 seratio:
2427 2807 2623 2846 meum
2656 2796 2745 2846 est
2775 2808 2978 2864 rogare
3026 2796 3090 2846 ut
3144 2790 3308 2857 velis,
3359 2793 3464 2847 sed
3507 2798 3680 2848 tuum
3707 2801 3788 2849 est

2143 2883 2380 2950 peccata
2410 2895 2540 2934 mea
2596 2880 2754 2935 velut
2809 2879 3084 2934 nebulam
3115 2879 3325 2935 delere.
3353 2880 3418 2935 Et
3473 2883 3787 2938 extendens

2140 2967 2312 3022 Jesus
2344 2981 2586 3023 manum
2616 2969 2808 3042 tetigit
2865 2985 2999 3024 eum
3059 2970 3298 3024 dicens:
3329 2993 3358 3018 ‹‹
3416 2969 3586 3026 Volo.
3631 2995 3659 3021 η
3690 2971 3790 3027 Per

2141 3062 2304 3112 exten
2314 3057 2536 3112 sionem
2553 3075 2766 3114 manus
2780 3058 2919 3113 Jesu
2945 3059 3037 3129 adj
3049 3059 3301 3113 utorium
3316 3058 3529 3114 divinae
3555 3062 3786 3117 misera-

2143 3146 2318 3202 tionis
2346 3146 2692 3218 designatur
2719 3165 2731 3214 ;
2757 3151 2896 3202 tunc
2928 3148 3084 3202 enim
3114 3147 3288 3202 Jesus
3321 3165 3567 3204 manum
3596 3155 3788 3205 exten-

385 3232 585 3288 minus
613 3233 814 3288 noster
840 3229 1014 3285 Jesus
1045 3227 1309 3284 Christus
1339 3229 1509 3284 tertia
1539 3229 1632 3284 die
1663 3247 1972 3304 resurgens
1995 3251 2029 3289 a
2059 3219 2100 3285 C
2140 3235 2487 3307 dit,quan’do
2520 3235 2800 3291 auxilium
2832 3236 3039 3292 divina:
3071 3236 3470 3293 miserationis
3504 3240 3783 3311 peccatori

383 3321 733 3390 mortuis,de
757 3319 980 3392 agro,id
1002 3322 1091 3374 est
1110 3318 1180 3374 de
1201 3318 1309 3374 hoc
1334 3319 2029 3393 mundo,quadragesimo

383 3411 478 3468 die
504 3411 564 3464 in
594 3409 804 3465 caslum
826 3407 1129 3475 ascendit;
1166 3409 1320 3462 unde
1343 3408 1484 3463 dicit
1509 3406 1823 3464 Psalmista
1856 3428 1868 3465 :
1901 3432 1929 3460 «
1962 3415 2051 3480 Et,

382 3515 666 3556 occursus
695 3499 824 3570 ejus
854 3513 1042 3569 usque
1073 3497 1144 3551 ad
1178 3513 1477 3552 summum
1523 3498 1672 3568 ejus,
1703 3521 1730 3547 »
1763 3503 1818 3554 et
1846 3499 1984 3555 item
2011 3517 2022 3556 :

382 3610 410 3639 ‹‹
443 3588 723 3645 Ascendit
752 3603 930 3659 super
952 3585 1350 3656 Cherubim,et
1375 3586 1580 3642 volavit
1613 3604 1789 3658 super
1805 3604 2025 3660 pennas

379 3683 704 3736 ventorum.
741 3699 769 3726 »
803 3676 910 3731 Per
957 3674 1303 3731 fasciculum
1353 3675 1592 3747 hyssopi
1626 3678 1813 3731 sancti
1864 3678 2023 3734 desi-

378 3772 635 3839 gnantur
667 3763 914 3837 apostoli
941 3780 952 3818 :
986 3780 1088 3834 per
1118 3765 1491 3833 aqUas,aquae
1523 3763 1673 3816 sacri
1705 3763 2022 3833 baptisma-

366 3856 455 3911 tis
483 3874 497 3924 ;
529 3871 633 3927 per
664 3854 773 3909 hoc
805 3853 962 3924 quod
1014 3851 1281 3923 leprosus
1339 3849 1552 3921 septies
1607 3852 2026 3923 aspergebatur

379 3959 514 3997 cum
547 3941 828 3997 fasciculo
860 3941 1097 4013 hyssopi
1120 3941 1191 3995 de
1219 3939 1503 4012 sanguine
1523 3939 1811 3994 immolati
1834 3958 2025 4012 passe-

379 4031 484 4098 ris,
519 4035 741 4101 septem
770 4029 920 4084 dona
951 4030 1138 4084 sancti
1186 4030 1458 4102 Spiritus.
1493 4029 1731 4099 Mystice
1783 4031 2021 4101 quidem

376 4117 820 4191 signiﬁcabatur
849 4117 988 4188 quia
1013 4119 1355 4175 universum
1373 4136 1558 4191 genus
1589 4119 1916 4174 humanum
1939 4137 2023 4176 re-

373 4209 679 4280 demptum
712 4207 996 4278 sanguine
1026 4206 1242 4262 Christi
1273 4224 1375 4278 per
1405 4209 1846 4278 praedicationes
1879 4226 2017 4264 san-

369 4302 597 4354 ctorum
631 4295 1117 4370 apostolorum,et
1145 4312 1248 4366 per
1276 4313 1490 4367 aquam
1523 4298 1670 4353 sacri
1696 4298 2015 4370 baptisma-

361 4387 444 4444 tis
474 4392 531 4444 et
561 4393 784 4460 septem
815 4386 970 4442 dona
999 4384 1251 4456 Spiritus
1282 4386 1490 4452 sancti,
1525 4394 1902 4442 consecutum
1927 4391 2017 4443 est

365 4478 774 4534 remissionem
804 4475 1070 4531 omnium
1102 4478 1471 4547 peccatorum
1498 4475 1681 4543 ;unde
1704 4475 2014 4532 Psalmista

2140 3325 2464 3396 impendit;
2495 3329 2550 3380 et
2581 3329 2718 3380 tunc
2753 3325 3019 3397 leprosus
3067 3343 3246 3381 manu
3303 3327 3445 3382 Jesu
3489 3330 3779 3400 tangitur;

2138 3415 2371 3485 quando
2403 3432 2506 3486 per
2536 3414 2825 3470 occultam
2862 3415 3299 3471 miserationem
3343 3422 3614 3488 peccator
3643 3418 3782 3474 revi-

2134 3503 2323 3560 viscit.
2360 3504 2422 3558 In
2451 3521 2516 3559 eo
2547 3521 2679 3559 vero
2709 3504 2864 3574 quod
2901 3504 3010 3559 ait:
3063 3504 3230 3574 Volo,
3281 3506 3529 3562 aﬂ'ectus
3579 3508 3781 3562 divine

2137 3592 2368 3662 pietatis
2399 3593 2858 3660 demonstratur,
2893 3610 3067 3664 quem
3113 3593 3320 3649 habuit
3360 3612 3490 3665 erga
3524 3596 3780 3652 salutem

2136 3681 2706 3753 peccantium,quasi
2737 3682 2954 3737 diceret
2982 3700 2994 3736 :
3021 3684 3064 3738 Ο
3087 3689 3362 3754 peccator,
3392 3683 3686 3738 sollicitus
3714 3702 3778 3741 es

2135 3775 2330 3825 utrum
2354 3770 2526 3824 velim
2548 3771 2652 3825 tibi
2676 3770 2968 3828 dimittere
2993 3776 3231 3844 peccata
3265 3789 3331 3827 an
3360 3787 3490 3837 non,
3516 3772 3615 3826 sed
3653 3789 3763 3826 no-

2130 3858 2281 3912 veris
2315 3858 2452 3929 quia
2484 3859 2606 3914 volo
2631 3878 2642 3926 ;
2674 3864 2730 3915 et
2759 3861 2867 3915 hoc
2899 3865 2986 3915 est
3008 3862 3160 3932 quod
3188 3878 3289 3934 per
3309 3859 3640 3932 prophetam
3669 3861 3759 3916 di-

2133 3947 2237 4004 cit:
2269 3971 2294 3996 ‹<
2327 3947 2468 4003 ΝοΙο
2515 3953 2764 4004 mortem
2813 3951 3154 4021 peccatoris,
3217 3951 3318 4006 sed
3367 3956 3432 4005 ut
3474 3955 3774 4006 converta-

2131 4040 2227 4090 tur
2249 4041 2305 4091 et
2323 4037 2494 4092 vivat.
2525 4037 2667 4092 nPer
2689 4038 2795 4093 hoc
2823 4039 3060 4109 quidem
3085 4040 3241 4110 quod
3268 4041 3555 4095 Dominus
3588 4039 3778 4112 impe-

2132 4126 2312 4180 rando
2344 4125 2463 4181 ait:
2500 4148 2528 4176 «
2579 4127 2885 4195 Mundare,
2920 4149 2947 4177 »
3003 4132 3061 4183 et
3121 4132 3364 4184 sanctus
3418 4130 3778 4202 evangelista

2130 4215 2467 4285 subjunxit:
2503 4219 2560 4270 et
2589 4217 2897 4271 confestim
2957 4218 3241 4273 mundata
3289 4223 3380 4274 est
3433 4217 3599 4291 lepra
3629 4221 3783 4290 ejus,

2127 4305 2564 4359 demonstratur
2617 4306 2756 4376 quia
2803 4322 2936 4361 mox
2966 4312 3030 4361 ut
3060 4307 3346 4363 Dominus
3378 4308 3781 4365 misericordi-

2123 4395 2212 4446 ter
2263 4392 2542 4465 dignatur
2596 4394 2884 4466 respicere
2939 4401 3323 4468 peccatorcm,
3366 4398 3524 4453 sicut
3586 4415 3781 4470 respe—

2124 4483 2205 4534 xit
2238 4482 2469 4536 Petrum
2502 4482 2942 4555 lacrymantem.
2976 4486 3043 4540 Et
3091 4486 3174 4541 ait
3212 4486 3296 4541 illi
3326 4487 3544 4543 Jesus:
3579 4512 3610 4535 cc
3643 4489 3783 4544 Vide

363 4569 482 4624 ait:
516 4590 544 4618 ‹‹
575 4570 864 4638 Asperges
890 4583 1004 4634 me,
1056 4565 1320 4632 Domine,
1362 4564 1635 4636 hyssopo,
1671 4570 1727 4621 et
1758 4566 2005 4620 munda-
2034 4589 2076 4654 Ι)
2122 4571 2342 4625 nemini
2375 4571 2611 4639 dixeris,
2646 4573 2744 4627 sed
2792 4573 2935 4629 vade
2992 4577 3234 4631 ostende
3290 4583 3346 4632 te
3399 4577 3718 4634 sacerdoti.
3753 4600 3779 4624 ι

361 4657 635 4711 bor.»Per
652 4656 1049 4727 septenarium
1073 4671 1385 4710 numerum
1407 4653 1598 4709 omnis
1620 4658 1809 4709 status
1826 4654 1998 4710 istius

357 4744 494 4800 vitaa
517 4745 822 4815 praesentis
848 4743 1348 4815 designatur,quae
1371 4746 1591 4813 septem
1619 4743 1826 4797 diebus
1841 4743 2013 4798 volvi-

356 4837 491 4901 tur;
529 4849 630 4904 per
652 4832 806 4886 diem
840 4834 1262 4902 octavum,dies
1295 4831 1795 4899 Hesurrectionis;
1827 4836 1883 4886 et
1912 4849 2014 4904 per

353 4923 466 4979 hoc
498 4922 653 4994 quod
687 4920 959 4993 leprosus
982 4923 1230 4992 septimo
1253 4920 1343 4975 die
1366 4921 1606 4976 radebat
1635 4938 1840 4977 omnes
1865 4921 2010 4993 pilos

350 5012 561 5084 capitis
593 5011 708 5076 sui,
741 5015 796 5066 et
830 5010 1044 5080 barbae,
1079 5015 1135 5065 et
1187 5013 1365 5066 totius
1396 5010 1678 5082 corporis,
1713 5015 1776 5065 ut
1804 5016 2006 5067 octavo

347 5103 444 5158 die
476 5102 737 5156 mundus
761 5101 1354 5169 reddereturcastris,
1379 5100 1749 5170 signiﬁcabat
1779 5101 1916 5172 quia
1946 5101 2003 5156 in

346 5192 456 5248 hac
490 5191 760 5264 praesenti
795 5191 913 5245 vita
934 5190 1330 5245 abscindenda
1352 5195 1490 5244 sunt
1512 5191 1728 5255 vitia,et
1750 5207 2002 5262 purgan-

348 5282 422 5337 da
454 5286 594 5336 sunt
618 5285 1178 5352 peccata,quatenus
1205 5283 1404 5333 octavo
1427 5279 1519 5332 die
1542 5279 2003 5335 Resurrectionis

344 5369 429 5424 illi
458 5369 556 5440 qui
585 5370 751 5442 prius
783 5375 955 5425 erant
993 5369 1211 5440 leprosi
1260 5372 1316 5423 et
1346 5368 1659 5434 immundi,
1691 5369 1921 5440 purgati
1946 5375 2001 5423 et

339 5459 615 5514 mundati
651 5477 684 5514 a
717 5459 879 5532 lepra
912 5459 1279 5515 inﬁdelitatis
1310 5464 1366 5514 et
1413 5457 1660 5513 maculis
1701 5459 1996 5528 vitiorum,

342 5555 682 5604 mereantur
713 5551 1018 5622 aggregari
1050 5550 1295 5604 coetibus
1327 5549 2001 5604 sanctorum.l\'loraliter

341 5651 444 5706 per
456 5633 612 5692 hunc
630 5637 928 5709 leprosum
948 5656 1064 5695 non
1090 5640 1408 5710 incongrue
1425 5639 1772 5710 designatur
1791 5655 1996 5713 pecca-

2135 4658 2233 4714 His
2264 4660 2454 4716 verbis
2487 4671 2755 4716 monetur
2775 4668 3044 4734 peccator
3063 4665 3190 4736 jam
3223 4682 3545 4722 conversus
3567 4674 3638 4722 ut
3667 4685 3781 4741 my-

2125 4748 2304 4803 steria
2335 4766 2452 4804 suae
2477 4749 2706 4817 salutis,
2741 4756 2798 4806 et
2837 4752 3110 4823 quaelibet
3160 4759 3531 4811 sacramenta
3580 4757 3778 4812 divina

2125 4855 2238 4893 non
2274 4839 2491 4908 passim
2527 4839 2981 4913 quibuscunque
3013 4844 3362 4898 committat.
3387 4849 3502 4898 Per
3533 4844 3650 4902 hoc
3674 4848 3774 4901 ita-

2122 4944 2232 4998 que
2256 4929 2406 4998 quod
2435 4933 2550 4983 tam
2575 4945 2738 4983 sacra
2771 4929 2859 4984 lex
2893 4936 2981 4985 est
3013 4937 3077 4986 ut
3107 4936 3162 4986 et
3193 4932 3479 4988 Dominus
3513 4933 3774 5007 leprosos

2119 5017 2187 5070 ad
2216 5016 2542 5071 sacerdotes
2557 5017 2848 5084 direxerit,
2881 5020 3224 5092 designatur
3244 5022 3379 5094 quia
3396 5038 3535 5078 cum
3561 5025 3772 5096 aliquis

2117 5107 2188 5159 de
2219 5104 2415 5176 gentili
2451 5112 2768 5175 errore,aut
2797 5107 3242 5177 Judaismo,seu
3277 5111 3552 5168 haeretica
3586 5114 3768 5186 pravi-

2117 5200 2234 5249 tate
2255 5194 2377 5248 vult
2399 5196 2603 5248 revorti
2625 5196 2696 5249 ad
2717 5196 3050 5252 societatem
3091 5206 3306 5255 sanctae
3327 5201 3626 5268 Ecclesiae,
3664 5220 3767 5258 non

2115 5285 2284 5338 debet
2315 5284 2529 5354 suscipi
2558 5284 2902 5356 priusquam
2932 5305 2992 5342 se
3015 5288 3219 5344 otl‘erat
3240 5291 3762 5363 sacerdoti,quate-

2114 5391 2224 5428 nus
2258 5373 2402 5428 ﬁdes
2426 5373 2842 5444 ipsiusjudicio
2861 5378 3184 5433 sacerdotis
3205 5380 3761 5451 approbetur.Simi-

2110 5461 2244 5516 liter
2274 5479 2406 5517 cum
2440 5478 2542 5532 pro
2575 5461 2770 5534 aliquo
2804 5471 3039 5535 peccato
3072 5467 3205 5538 quis
3240 5467 3549 5541 repellitur
3580 5471 3652 5526 de
3669 5471 3758 5525 Ec-

2109 5551 2429 5618 clesia,non
2464 5549 2632 5605 aliter
2661 5552 2832 5606 debet
2863 5555 3246 5626 reconciliari,
3284 5558 3398 5611 nisi
3443 5558 3754 5614 sacerdotis

2098 5639 2347 5715 judicio.
2363 5640 2524 5707 Quod
2545 5640 2617 5698 de
2641 5641 2986 5715 capitalibus
3000 5648 3055 5702 et
3075 5645 3487 5706 criminalibus
3508 5647 3752 5730 peccatis
