4018 6200
299 408 419 475 913

1820 404 2199 468 HOMILLE.

3594 409 3714 472 9M

280 548 393 617 est
422 540 895 615 intelligendum,
928 556 1031 612 pro
1064 539 1280 613 quibus
1310 538 1581 597 homines
1614 555 1648 595 a
1677 538 1951 598 societate
1980 537 2037 605 Α
2064 540 2175 597 Sed
2205 539 2372 596 valde
2402 540 2814 599 admirandum
2847 544 2937 599 est
2966 538 3246 614 quoniam
3286 538 3384 598 ille
3433 539 3714 615 dignatus

304 637 523 690 sanctis
548 631 813 687 Ecclesiae
839 629 1234 703 repelluntur;
1253 637 1520 686 caeterum
1543 646 1678 685 nam
1700 628 1954 683 minores

305 721 509 793 culpae,
567 720 625 773 id
670 724 759 775 est
808 721 1039 776 minuta
1083 726 1139 777 et
1177 720 1324 775 levia
1354 724 1587 792 peccata
1616 718 1957 791 quotidiana

306 812 555 867 fratrum
587 809 949 879 confessione
980 815 1329 882 purgantur,
1371 811 1541 881 juxta
1582 808 1724 863 illud
1756 807 1954 862 Jacobi

307 898 554 972 apostoli
588 915 600 953 :
639 920 665 947 «
690 899 1058 954 Conﬁtemini
1094 900 1441 953 alterutrum
1472 902 1710 970 peccata
1740 901 1951 963 vestra,

307 995 366 1045 et
394 993 551 1044 orate
581 1005 683 1059 pro
715 988 960 1045 invicem
995 994 1057 1043 ut
1086 988 1410 1044 salvemini.
1447 1010 1475 1037 ››
1526 988 1807 1043 Sacerdos
1848 987 1955 1040 iste

308 1078 594 1134 Dominus
622 1077 796 1132 Jesus
827 1077 1112 1147 Christus,
1140 1078 1290 1132 sicut
1319 1094 1497 1148 supra
1527 1077 1803 1140 diximus,
1830 1078 1950 1139 est;

303 1166 592 1238 templum
625 1166 779 1221 enim
813 1171 901 1221 est
930 1167 1127 1234 homo,
1176 1166 1231 1221 id
1263 1171 1351 1221 est
1381 1166 1595 1229 anima,
1631 1166 1785 1219 unde
1816 1162 1957 1218 dicit

302 1256 620 1328 Apostolus
656 1273 669 1310 :
724 1278 751 1305 α
786 1256 1093 1327 Templum
1128 1256 1281 1311 enim
1316 1260 1586 1311 sanctum
1632 1260 1742 1320 est,
1798 1254 1951 1326 quod

311 1346 455 1401 estis
502 1362 625 1400 vos.
667 1366 695 1393 »
759 1345 868 1400 Sed
901 1345 1003 1400 ubi
1045 1346 1215 1400 debet
1262 1349 1529 1417 peccator
1558 1360 1816 1416 qumrere
1846 1344 1954 1398 hoc

310 1434 686 1501 sacrificium,
708 1434 861 1505 quod
885 1434 1084 1489 offerat
1104 1433 1433 1489 sacerdoti?
1456 1433 1813 1489 Intrinsecus
1831 1433 1955 1503 qui-

298 1523 445 1587 dem
472 1524 644 1593 juxta
676 1521 817 1577 illud
860 1523 1179 1578 Psalmistae
1216 1539 1227 1577 :
1286 1545 1313 1572 «
1351 1525 1408 1577 In
1442 1538 1534 1577 me
1566 1527 1725 1591 sunt,
1777 1522 1949 1588 Deus,

304 1616 439 1667 vota
470 1616 573 1665 tua
604 1628 728 1682 quae
761 1611 1021 1678 reddam,
1056 1611 1426 1667 laudationes
1456 1610 1581 1666 tibi.
1618 1634 1646 1660 »
1680 1611 1746 1665 Et
1775 1611 1913 1666 item
1940 1626 1951 1664 :

307 1722 335 1750 «
370 1699 731 1755 Sacriﬁcium
756 1704 867 1754 Deo
891 1699 1135 1771 spiritus
1158 1701 1585 1757 contribulatus
1611 1719 1623 1768 ;
1650 1724 1677 1749 ››
1700 1706 1757 1754 et
1778 1699 1949 1754 alibi:

310 1811 338 1839 «
370 1788 719 1845 Holocausta
736 1790 865 1844 med
876 1789 1055 1845 ullata
1073 1792 1311 1846 offeram
1333 1789 1459 1846 tibi.
1480 1812 1507 1839 ››
1522 1788 1913 1861 EtApostolus
1939 1805 1949 1841 :

308 1899 336 1927 ‹‹
371 1878 621 1934 Obsecro
651 1894 753 1932 vos
784 1895 886 1949 per
917 1878 1377 1935 misericordiam
1411 1879 1508 1934 Dei
1539 1883 1601 1934 ut
1631 1877 1953 1933 exhibeatis
1988 1912 2034 1977 B

305 1983 551 2039 corpora
601 1971 795 2023 vestra
845 1967 1099 2023 hostiam
1148 1969 1458 2037 viventem,
1513 1973 1799 2034 sanctam,
1846 1969 1956 2022 Deo

302 2054 658 2127 placentem,
684 2055 1027 2112 rationabile
1050 2058 1400 2129 obsequium
1423 2062 1700 2114 vestrum.
1727 2080 1746 2106 η
1778 2056 1959 2111 Debet

304 2144 521 2215 quippe
568 2148 840 2215 peccator
889 2145 1034 2199 illud
1080 2146 1265 2217 legale
1314 2146 1665 2201 sacriﬁcium
1700 2145 1957 2216 quotidie

306 2232 519 2289 offerre
571 2233 880 2297 sacerdoti,
929 2234 987 2288 id
1021 2238 1109 2289 est
1139 2236 1284 2290 duos
1316 2252 1601 2306 passeres.
1656 2236 1764 2290 Per
1811 2235 1959 2289 duos

309 2336 583 2392 passeres
598 2321 856 2376 nonnulli
877 2321 1217 2393 intelligunt
1234 2324 1379 2378 duas
1398 2323 1760 2379 substantias
1779 2321 1961 2377 homi-

296 2409 431 2477 nis,
453 2409 563 2465 hoc
592 2414 682 2465 est
710 2427 921 2481 corpus
952 2415 1009 2466 et
1042 2412 1323 2482 animam,
1350 2412 1455 2467 hos
1484 2429 1737 2483 namque
1768 2416 1959 2466 utros-

310 2513 425 2570 que
457 2514 725 2569 passeres
752 2500 922 2554 debet
950 2498 1219 2570 leprosus
1250 2501 1454 2557 otI‘erre
1486 2501 1793 2569 sacerdoti,
1826 2499 1961 2569 quia

302 2591 577 2658 peccator
596 2591 785 2642 totum
809 2604 871 2642 se
893 2588 1064 2643 debet
1084 2587 1267 2645 libare
1294 2591 1423 2644 Deo.
1441 2590 1604 2645 Tunc
1626 2590 1780 2644 enim
1805 2605 1959 2643 unus

310 2690 516 2747 passer
559 2674 924 2743 immolatur,
986 2678 1221 2748 quando
1282 2695 1495 2749 corpus
1553 2677 1853 2749 affligitur,
1905 2679 1962 2731 et

310 2763 450 2818 vitia
479 2763 674 2818 carnis
708 2765 1159 2830 mortiﬁcantur,
1185 2782 1321 2821 nam
1352 2772 1572 2837 quanto
1595 2768 1783 2837 magis
1808 2782 1961 2820 unus

311 2867 515 2923 passer
536 2851 897 2920 immolatur,
915 2857 1077 2907 tanto
1100 2855 1289 2926 magis
1312 2854 1457 2909 alter
1478 2853 1623 2909 liber
1644 2853 1962 2907 dimittitur

313 2941 384 2996 ad
417 2938 733 2996 volandum
783 2940 841 2995 in
890 2957 1119 3013 agrum,
1170 2943 1309 3012 quia
1360 2959 1475 3014 quo
1520 2943 1709 3014 magis
1749 2959 1960 3013 corpus

314 3031 619 3103 afﬂigitur,
673 3036 731 3086 et
766 3031 907 3086 vitia
937 3032 1130 3087 carnis
1162 3033 1606 3103 mortiﬁcantur,
1657 3050 1721 3087 eo
1774 3031 1959 3102 magis

311 3120 511 3176 anima
536 3119 799 3174 redditur
827 3119 1011 3181 libera
1034 3121 1106 3175 ad
1130 3121 1575 3192 contemplanda
1599 3120 1872 3175 coelestia.
1894 3120 1962 3173 Et

309 3208 419 3264 hoc
442 3210 637 3280 ipsum
661 3224 792 3263 cum
815 3209 973 3281 ligno
1006 3210 1260 3273 cedrino,
1288 3211 1425 3277 quia
1446 3213 1713 3281 peccator
1734 3210 1803 3264 ad
1828 3208 1959 3263 imi-

310 3299 594 3354 tationem
619 3298 932 3353 Dominicze
965 3298 1258 3369 passionis
1289 3315 1350 3353 se
1384 3300 1493 3353 Deo
1517 3299 1721 3353 offerre
1751 3298 1959 3361 debet;

313 3393 527 3442 etcum
560 3387 840 3443 fasciculo
872 3387 1112 3459 hyssopi
1138 3408 1151 3454 ς
1186 3387 1477 3459 hyssopus
1500 3387 1653 3442 enim
1679 3393 1768 3441 est
1789 3385 1967 3439 herba

298 3475 584 3541 humilis,
607 3493 867 3548 purgans
922 3480 1145 3546 pectus,
1169 3478 1338 3546 cujus
1362 3476 1523 3530 radix
1545 3474 1760 3530 scindit
1789 3490 1964 3538 saxa;

317 3566 475 3622 unde
497 3566 644 3621 bene
667 3582 770 3637 per
790 3564 1110 3637 hyssopum
1134 3566 1320 3620 virtus
1343 3564 1692 3619 humilitatis
1706 3564 1969 3633 designa-

322 3659 437 3721 tur,
470 3671 597 3724 quae
632 3670 871 3719 saxeum
903 3659 1107 3726 pectus
1138 3655 1353 3710 scindit
1382 3660 1439 3709 et
1470 3660 1698 3726 purgat.
1738 3657 1838 3707 Per
1868 3667 1968 3705 vas

320 3743 498 3799 ﬁctile
521 3748 712 3816 potest
738 3743 988 3816 intelligi
1021 3761 1253 3816 corpus,
1290 3744 1427 3816 quia
1457 3748 1723 3815 peccator
1752 3742 1809 3796 in
1842 3740 1968 3812 ipso

322 3849 565 3903 corpore
583 3849 753 3906 agere
783 3834 954 3888 debet
984 3834 1042 3887 in
1076 3850 1191 3905 quo
1229 3839 1441 3888 manet.
1470 3834 1575 3888 Per
1603 3849 1785 3903 aquas
1810 3832 1971 3885 vivas

325 3921 712 3993 designantur
740 3910 1074 3993 Scriptura},
1121 3926 1177 3977 et
1206 3926 1430 3994 oportet
1459 3927 1521 3976 ut
1551 3926 1818 3993 peccator
1850 3920 1969 3974 hac

326 4010 525 4066 omnia
555 4011 625 4067 ad
655 4010 987 4082 exemplum
1021 4028 1322 4067 sacrarum
1354 4011 1783 4082 Scripturarum
1814 4012 1965 4081 agat.

930 4137 1233 4194 HOMILIA
1274 4138 1363 4192 IX.

294 4226 389 4282 ‘IN
432 4242 600 4282 ILLUD
652 4227 925 4282 Murum
961 4244 973 4282 :
1026 4227 1352 4282 Ascendente
1386 4231 1524 4282 Jesu
1561 4228 1621 4279 in
1660 4227 1973 4280 naviculam

395 4300 568 4353 secuti
609 4308 737 4354 sunt
784 4315 908 4354 eum
953 4299 1212 4370 discipuli
1248 4300 1384 4370 ejus,
1430 4302 1480 4354 et
1521 4302 1697 4353 motus
1738 4314 1975 4367 magnus

395 4372 575 4439 factus
618 4374 697 4426 est
743 4372 804 4425 in
852 4374 1019 4425 mari.

398 4458 464 4513 In
495 4458 604 4516 hac
635 4475 868 4531 quoque
890 4459 1256 4529 navigatione
1277 4459 1403 4514 duae
1427 4458 1773 4513 substantiae
1800 4456 1974 4512 unius

324 4548 710 4620 ejusdemque
732 4565 992 4620 personae
1014 4548 1245 4603 Domini
1269 4547 1451 4603 nostri
1471 4547 1611 4603 Jesu
1641 4547 1853 4601 Christi
1878 4546 1974 4600 de-

328 4642 753 4705 monstrantur,
788 4638 1109 4693 divinitatis
1138 4636 1359 4693 scilicet
1391 4643 1446 4693 et
1474 4637 1884 4691 humanitatis.
1911 4637 1975 4690 In
2005 4657 2051 4721 D

327 4741 396 4781 eo
428 4730 625 4783 autem
656 4726 810 4797 quod
844 4726 1117 4781 dormivit
1146 4726 1475 4782 ostenditur
1502 4725 1833 4781 substantia
1862 4724 1968 4779 hu-

328 4815 652 4871 manitatis.
709 4816 771 4871 In
824 4816 933 4871 hoc
984 4833 1116 4872 vero
1164 4817 1318 4887 quod
1376 4832 1622 4888 surgens
1671 4812 1979 4886 imperavit

328 4905 518 4961 ventis
540 4909 598 4961 et
628 4904 796 4972 mari,
822 4909 879 4961 et
899 4906 1155 4961 reddidit
1182 4902 1977 4976 tranquillitatem,substan-

331 4993 415 5051 tia
443 4993 773 5057 divinitatis
802 4995 1256 5051 demonstratur.
1310 4994 1459 5049 Sunt
1504 5008 1758 5061 namque
1805 5007 1979 5062 opera

335 5099 461 5154 quas
484 5086 714 5140 tantum
740 5084 811 5139 ad
835 5084 1224 5139 substantiam
1249 5080 1635 5138 humanitatis
1667 5080 1976 5151 pertinent,

334 5176 391 5228 et
419 5171 559 5228 item
591 5177 730 5230 sunt
773 5172 887 5228 alia
926 5189 1050 5244 quae
1084 5172 1451 5228 solummodo
1483 5171 1553 5226 ad
1586 5169 1977 5224 substantiam

335 5260 657 5319 divinitatis
680 5262 1028 5317 referuntur.
1053 5261 1196 5315 Nam
1222 5259 1495 5315 dormitio
1516 5262 1745 5313 tantum
1778 5257 1982 5311 huma-

336 5349 506 5407 nitati
532 5350 822 5422 congruit,
850 5353 907 5404 et
927 5366 1042 5404 non
1075 5347 1360 5403 divinitati
1387 5365 1399 5415 ;
1435 5362 1673 5418 surgere
1706 5350 1899 5400 autem
1928 5348 1985 5399 et

292 5498 295 5499 ν
334 5440 525 5498 ventis
546 5439 855 5509 imperare,
878 5443 934 5492 et
955 5454 1113 5492 mare
1136 5436 1462 5507 pacificare,
1500 5435 1683 5490 solius
1709 5433 1981 5489 divinita-

336 5527 415 5584 tis
438 5530 558 5583 est:
594 5527 654 5579 in
674 5525 783 5580 hoc
811 5524 1026 5596 quippe
1047 5525 1171 5579 loco
1193 5526 1578 5580 destruuntur
1598 5540 1821 5578 errores
1853 5522 1981 5578 illo-

342 5631 472 5672 rum
506 5614 606 5686 qui
639 5614 911 5669 dixerunt
942 5631 1118 5669 unam
1160 5630 1287 5669 csse
1334 5612 1563 5668 Domini
1618 5612 1796 5667 nostri
1845 5611 1980 5667 Jesu

341 5703 556 5762 Christi
572 5703 1491 5776 substantiam,quemadmodum
1510 5719 1627 5760 una
1643 5706 1701 5759 et
1715 5717 1981 5774 persona.

2066 635 2157 686 est
2185 633 2497 687 ascendere
2528 634 2587 688 in
2618 648 2863 704 parvum
2892 631 3177 698 lembum,
3230 632 3330 704 qui
3365 649 3475 688 sua
3501 632 3713 690 virtute

2066 720 2263 775 omnia
2294 738 2419 791 quae
2452 721 2785 777 subsistunt
2814 722 3091 787 continet,
3126 720 3274 793 regit
3318 726 3375 777 et
3404 723 3710 794 gubernat.

2064 808 2166 864 llle
2198 811 2461 864 ascendit
2510 811 2704 865 navim
2753 812 2892 882 quia
2922 810 3120 866 omnia
3148 828 3215 867 ex
3246 810 3428 867 nihilo
3461 812 3709 879 ereavit;

2064 898 2161 954 ille
2195 904 2389 955 autem
2420 900 2687 955 dormivit
2718 901 2777 954 in
2809 901 2961 967 navi,
3016 902 3087 956 de
3120 917 3234 972 quo
3266 901 3548 973 scriptum
3579 906 3668 958 est
3695 919 3707 957 :

2066 988 2234 1052 «Qui
2290 1005 2404 1042 non
2460 989 2757 1057 dormitat,
2817 1005 3007 1061 neque
3064 991 3315 1045 dormiet
3373 991 3710 1047 custodiens

2067 1077 2261 1133 Israel.
2299 1099 2325 1125 ››
2360 1078 2459 1132 His
2490 1094 2698 1149 nempe
2729 1080 2921 1134 verbis
2965 1084 3161 1151 aperte
3192 1080 3537 1145 ostenditur,
3572 1079 3711 1152 quia

2064 1172 2339 1221 creaturae
2363 1167 2624 1221 sentiunt
2652 1167 2961 1239 imperium
2990 1170 3077 1223 sui
3099 1168 3382 1224 Creatoris
3406 1186 3419 1236 ;
3453 1173 3708 1224 attamen

2066 1256 2124 1311 in
2156 1272 2221 1311 eo
2254 1257 2408 1327 quod
2439 1257 2728 1311 elementa
2760 1257 3023 1312 sentiunt
3054 1257 3370 1328 imperium
3402 1257 3492 1313 sui
3537 1261 3709 1313 Crea-

2062 1346 2226 1412 toris,
2259 1363 2371 1400 non
2400 1350 2489 1400 est
2511 1344 3149 1417 intelligendumjuxta
3169 1346 3499 1417 opinionem
3535 1346 3711 1403 haere—

2064 1434 2336 1501 ticorum,
2386 1434 2487 1505 qui
2520 1435 2795 1490 dixerunt
2827 1435 3025 1489 omnia
3055 1451 3181 1490 esse
3213 1436 3555 1501 animantia,
3607 1436 3707 1490 sed

2063 1523 2369 1578 sciendum
2398 1524 2552 1593 quod
2580 1539 2647 1578 ea
2669 1540 2795 1593 quae
2828 1523 2997 1579 nobis
3020 1528 3160 1579 sunt
3183 1524 3568 1590 insensibilia,
3593 1524 3708 1580 Deo

2065 1613 2330 1666 omnium
2380 1628 2574 1667 rerum
2606 1612 2888 1669 conditori
2921 1617 3059 1668 sunt
3088 1611 3408 1668 sensibilia.
3458 1614 3528 1668 Et
3572 1613 3711 1684 quia

2066 1702 2331 1756 futurum
2352 1707 2477 1757 erat
2499 1704 2651 1773 quod
2689 1702 2967 1757 Dominus
2988 1704 3160 1759 Jesus
3192 1702 3460 1757 Christus
3490 1701 3709 1756 dormi-

2065 1794 2171 1858 ret,
2223 1795 2281 1845 et
2332 1790 2607 1862 discipuli
2666 1793 2793 1861 ejus
2846 1790 3014 1845 illum
3073 1791 3446 1856 suscitarent,
3497 1788 3710 1845 idcirco

2064 1879 2241 1935 David
2273 1880 2445 1951 longe
2476 1884 2609 1936 ante
2642 1880 3042 1953 prophetando
3081 1878 3345 1951 praedixit
3374 1880 3433 1935 in
3464 1895 3712 1950 persona

2067 1968 2466 2041 apostolorum
2499 1970 2735 2026 dicens:
2793 1993 2813 2018 «ι
2848 1974 3126 2040 Exsurge,
3179 1985 3359 2040 quare
3390 1968 3708 2035 obdormis,

2067 2057 2311 2113 Domine
2332 2058 2358 2112 τί
2392 2081 2418 2106 ››
2468 2059 2537 2113 Et
2567 2059 2722 2129 quod
2755 2058 2850 2113 ille
2883 2057 3267 2113 nihilominus
3317 2058 3712 2129 imperaturus

2067 2152 2222 2203 esset
2245 2147 2418 2215 mari,
2448 2148 2506 2202 id
2529 2152 2617 2203 est
2650 2169 2676 2197 ‹‹
2700 2148 2944 2203 turbatae
2976 2152 3117 2203 sunt
3146 2147 3361 2218 abyssi,
3399 2145 3713 2201 multitudo

2068 2236 2294 2291 sonitus
2314 2253 2827 2309 aquarum,vocem
2846 2237 3132 2292 dederunt
3152 2235 3339 2290 nubes
3354 2234 3711 2300 Altissimo,»

2069 2325 2255 2380 nubes
2304 2326 2597 2396 siquidem
2645 2325 2703 2380 in
2749 2326 2857 2380 hoc
2897 2324 3021 2379 loco
3062 2324 3247 2380 sancti
3280 2321 3528 2394 apostoli
3578 2326 3719 2378 sunt

2068 2414 2473 2486 intelligendi;
2525 2419 2665 2469 tunc
2713 2414 2909 2486 itaque
2960 2415 3248 2469 dederunt
3297 2414 3482 2469 nubes
3512 2426 3713 2467 vocem

2073 2502 2405 2570 Altissimo,
2464 2504 2695 2574 quando
2752 2504 2939 2559 sancti
3005 2502 3255 2573 apostoli
3321 2500 3517 2557 valida
3578 2514 3716 2556 voce

2070 2591 2466 2647 clamaverunt
2497 2594 2793 2648 dicentes:
2847 2615 2873 2641 «
2907 2592 3171 2657 Domine,
3206 2589 3367 2646 salva
3394 2603 3523 2659 nos,
3558 2588 3715 2659 peri-

2072 2698 2269 2735 mus.»
2294 2682 2361 2736 Et
2383 2686 2523 2737 tunc
2546 2682 2807 2736 futurum
2833 2684 2955 2735 erat
2981 2680 3134 2752 quod
3158 2680 3473 2750 imperaret
3492 2676 3713 2744 ventis;

2071 2768 2223 2823 idem
2260 2770 2417 2824 enim
2450 2771 2733 2841 propheta
2764 2768 2937 2824 David
2972 2773 3143 2823 antea
3173 2767 3429 2823 ostendit
3465 2765 3665 2821 dicens
3700 2782 3711 2820 :

2071 2879 2098 2906 «
2131 2857 2285 2912 Dixit
2314 2862 2371 2912 et
2401 2858 2562 2913 stetit
2594 2857 2835 2929 spiritus
2876 2856 3159 2929 procellae.
3191 2878 3219 2906 »
3271 2856 3340 2911 Et
3388 2854 3543 2926 quod
3592 2854 3716 2924 ipse

2070 2946 2355 3003 Dominus
2374 2948 2548 3003 Jesus
2573 2947 2836 3003 Christus
2865 2950 3090 3002 tantam
3120 2944 3607 3017 tranquillitatem
3631 2942 3717 2998 fa-

2071 3041 2272 3091 cturus
2320 3039 2492 3102 esset,
2547 3042 2611 3091 ut
2654 3036 2923 3091 homines
2954 3035 3386 3091 admirarentur
3413 3033 3713 3088 dicentes:

2072 3124 2271 3188 Qualis
2293 3124 2388 3180 hic
2410 3129 2517 3192 est,
2534 3127 2672 3195 quia
2690 3124 2843 3179 venti
2867 3129 2921 3179 et
2943 3141 3102 3179 mare
3125 3123 3405 3179 obediunt
3424 3122 3553 3177 ei‘h
3575 3121 3719 3176 Item

2074 3212 2363 3283 Propheta
2385 3212 2647 3283 loquitur
2664 3214 2893 3269 dicens:
2919 3236 2945 3263 ‹‹
2968 3212 3075 3279 Qui
3099 3212 3462 3267 descendunt
3482 3225 3642 3263 mare
3661 3208 3719 3262 in

1993 3285 2035 3352 C
2075 3302 2341 3365 navibus,
2374 3301 2651 3356 facientes
2673 3301 3036 3370 operationes
3060 3301 3117 3354 in
3147 3299 3314 3369 aquis
3342 3296 3575 3361 multis;
3609 3295 3720 3365 ipsi

2076 3388 2349 3443 viderunt
2378 3405 2551 3459 opera
2579 3389 2823 3458 Domini,
2849 3393 2905 3442 et
2926 3387 3214 3442 mirabilia
3236 3388 3364 3456 ejus
3390 3385 3448 3439 in
3481 3384 3720 3456 profun-

2078 3478 2170 3532 do.
2201 3500 2227 3526 ››
2248 3479 2519 3548 Sequitur
2540 3478 2747 3533 deinde
2774 3495 2785 3532 :
2823 3502 2849 3526 ‹‹
2878 3479 3049 3533 Porro
3074 3475 3343 3531 homines
3366 3472 3560 3529 mirati
3584 3477 3724 3528 sunt

2077 3566 2356 3632 dicentes,
2383 3565 2574 3636 qualis
2597 3570 2685 3621 est
2708 3566 2819 3632 hic,
2846 3566 2984 3637 quia
3004 3564 3158 3621 venti
3181 3569 3238 3619 et
3263 3579 3422 3618 mare
3442 3562 3724 3618 obediunt

2078 3655 2177 3709 ei?
2200 3676 2227 3703 ››
2276 3655 2554 3709 Homines
2587 3656 2686 3725 qui
2718 3654 2913 3709 mirati
2945 3659 3101 3720 sunt,
3156 3653 3309 3708 sicut
3339 3650 3523 3724 placet
3552 3652 3719 3707 beato

2078 3742 2447 3815 Hieronymo,
2464 3761 2578 3798 non
2599 3750 2736 3799 sunt
2757 3742 3115 3815 intelligendi
3134 3741 3318 3797 sancti
3337 3739 3603 3812 apostoli,
3618 3740 3721 3795 sed

2080 3837 2290 3899 nautae,
2344 3833 2428 3887 vel
2478 3834 2665 3889 caeteri
2697 3833 2793 3905 qui
2843 3849 2975 3887 cum
3007 3832 3134 3902 ipso
3165 3835 3332 3886 erant
3361 3830 3420 3884 in
3452 3828 3604 3884 navi.
3655 3828 3721 3883 Et

2078 3921 2225 3976 bene
2255 3921 2526 3976 admirati
2558 3922 2739 3978 fuisse
2769 3921 3044 3976 dicuntur
3067 3920 3206 3991 quia
3232 3918 3501 3974 homines
3532 3922 3718 3988 erant,

2078 4009 2136 4065 id
2177 4014 2265 4066 est
2306 4010 2587 4066 carnales.
2637 4012 2746 4066 Sed
2799 4012 2847 4066 si
2898 4009 3028 4081 quis
3075 4009 3432 4065 contentiose
3477 4007 3727 4064 voluerit

2080 4098 2269 4154 dicere
2302 4102 2439 4171 quia
2480 4104 2719 4155 sanctus
2749 4099 3105 4172 evangelista
3134 4098 3400 4154 homines
3431 4096 3723 4169 apostolos

2082 4188 2355 4259 appellat,
2407 4190 2879 4261 respondendum
2920 4193 3009 4245 est
3039 4188 3315 4260 quoniam
3349 4191 3406 4243 et
3433 4186 3545 4258 ipsi
3580 4187 3727 4240 bene

2082 4277 2351 4332 homines
2383 4278 2519 4333 dicti
2554 4282 2708 4345 sunt,
2761 4278 2900 4351 quia
2928 4278 3191 4333 nondum
3224 4277 3516 4332 habebant
3562 4272 3724 4327 illam

2083 4367 2398 4437 perfectam
2431 4368 2627 4437 ﬁdem,
2680 4385 2806 4440 quae
2854 4384 3036 4439 grano
3084 4365 3309 4436 sinapis
3340 4361 3723 4431 assimilatur,

2084 4456 2238 4511 unde
2259 4455 2408 4510 alius
2427 4456 2783 4529 evangelista
2799 4456 2967 4511 dicit:
2994 4479 3013 4503 σ
3036 4454 3299 4509 nondum
3318 4451 3579 4523 perfectas
3602 4453 3728 4506 erat

2086 4544 2253 4611 fidei;
2281 4568 2302 4597 ι
2341 4544 2390 4599 si
2415 4545 2571 4599 enim
2595 4545 2907 4615 perfectam
2931 4544 3105 4597 fidem
3128 4541 3493 4605 habuissent,
3516 4537 3728 4594 intelli-

2082 4638 2283 4706 gerent
2302 4634 2439 4704 quia
2461 4633 2658 4688 nullus
2691 4636 2976 4705 praesente
3006 4630 3255 4687 Domino
3287 4621 3474 4701 perire
3503 4627 3726 4700 potuis-

2083 4728 2189 4779 set.
2239 4722 2558 4794 Allegorice
2590 4738 2691 4793 per
2721 4722 2829 4777 hoc
2862 4736 3021 4775 mare
3053 4718 3206 4791 quod
3258 4717 3541 4773 Dominus
3591 4733 3727 4773 cum

2087 4812 2393 4884 discipulis
2424 4812 2547 4867 suis
2578 4811 2827 4867 transire
2856 4808 3147 4881 cupiebat,
3172 4811 3327 4863 recte
3357 4806 3534 4878 hujus
3556 4821 3729 4862 mun-

2088 4902 2145 4957 di
2170 4920 2407 4959 amarus
2429 4907 2484 4959 et
2505 4903 2847 4958 tenebrosus
2870 4903 3045 4955 metus
3078 4898 3460 4970 designatur;
3488 4900 3545 4951 et
3572 4894 3729 4966 quod

2090 5008 2247 5046 mare
2277 5008 2533 5063 praesens
2564 4989 2839 5046 saeculum
2873 4989 3157 5061 designet,
3198 4984 3513 5043 Psalmista
3540 4982 3732 5038 mani-

2088 5082 2263 5135 festat
2294 5080 2493 5135 dicens
2520 5097 2531 5134 :
2580 5102 2605 5129 ‹‹
2642 5084 2757 5135 Hoc
2791 5094 2950 5134 mare
2982 5093 3264 5149 magnum
3296 5080 3353 5130 et
3382 5072 3731 5145 spatiosum,

2089 5170 2168 5223 ibi
2195 5168 2422 5240 reptilia
2448 5186 2697 5241 quorum
2722 5186 2837 5224 non
2861 5172 2949 5224 est
2971 5182 3253 5221 numerus
3281 5190 3294 5231 ;
3327 5160 3605 5219 animalia
3635 5178 3736 5233 pu-

2091 5258 2221 5314 silla
2269 5274 2401 5313 cum
2454 5258 2854 5329 majoribus.»
2905 5258 2975 5310 Et
3004 5253 3255 5326 qualiter
3298 5251 3581 5307 Dominus
3628 5249 3736 5305 hoc

2093 5364 2254 5403 mare
2293 5347 2589 5402 transierit
2636 5346 2971 5400 manifestat
3018 5340 3375 5414 evangelista
3422 5355 3557 5395 cum
3608 5337 3734 5393 ait:

2098 5461 2125 5486 ‹‹
2157 5438 2511 5492 Ascendente
2532 5452 2598 5491 eo
2621 5435 2678 5490 in
2702 5432 3029 5490 naviculam
3054 5430 3237 5487 secuti
3260 5433 3399 5485 sunt
3418 5444 3553 5485 eum
3570 5424 3741 5481 disci-

2095 5525 2217 5597 puli
2236 5528 2383 5595 cjus.
2404 5548 2430 5573 ››
2446 5523 2725 5579 Navicula
2742 5522 2862 5577 haec
2881 5520 3044 5575 nulla
3058 5517 3269 5575 melius
3288 5516 3532 5588 intelligi
3550 5517 3741 5588 potest

2095 5632 2271 5685 quam
2304 5616 2477 5669 arbor
2510 5612 2916 5667 sacratissima:
2950 5608 3263 5681 passionis,
3289 5608 3458 5677 cujus
3489 5603 3739 5660 admini-

2096 5704 2225 5762 culo
2257 5710 2313 5762 et
2344 5704 2624 5761 beneficio
2657 5702 2875 5776 quique
2905 5698 3168 5756 fidelium
3200 5696 3330 5753 fulti
3370 5702 3579 5767 mente,
3632 5694 3740 5751 hoc
