4018 6200
343 390 460 457 915

839 397 1139 460 REMIGII
1185 398 1939 463 ANTISSIODORENSIS
1985 398 2157 462 OPP.
2206 399 2409 463 PARS
2457 400 2535 462 ΙΙ.
2569 434 2646 445 -
2684 398 3263 464 MISCELLANEA.

3642 398 3769 463 916

350 548 512 589 mare
533 531 908 588 tenebrosum
933 536 989 587 et
1008 549 1274 588 amarum
1299 533 1525 589 calcant
1555 538 1611 590 et
1639 534 1991 607 despiciunt,
2022 536 2077 601 Α
2106 534 2384 602 deorum,
2439 539 2496 590 et
2543 534 2762 592 rabiem
2804 533 3091 590 destruxit
3128 531 3680 606 blasphemantium
3709 540 3769 593 et

352 625 411 679 et
440 621 610 694 quasi
659 623 731 676 ad
781 620 1137 677 soliditatem
1186 622 1375 678 securi
1421 622 1655 694 littoris,
1712 624 1769 679 id
1815 628 1903 679 est
1929 624 2001 679 ad

355 712 619 783 requiem
641 712 873 766 beatam
904 711 1172 767 tendunt.
1206 713 1369 767 Tunc
1400 712 1683 768 Dominus
1716 714 1774 767 in
1808 713 2001 768 navim

359 798 622 857 ascendit
641 799 1004 855 dormiturus
1027 816 1160 855 cum
1184 799 1243 855 in
1276 818 1445 856 cruce
1475 801 1731 857 elevatus
1766 805 1855 858 est
1884 819 2005 858 mo-

358 889 613 955 riturus;
647 892 703 943 et
722 891 863 943 tunc
883 888 943 943 in
966 889 1096 944 navi
1125 890 1417 956 dormivit,
1452 907 1583 945 cum
1615 891 1675 945 in
1703 908 1872 946 cruce
1901 908 2003 963 po-

359 978 508 1035 situs
539 976 816 1033 inclinato
848 978 1036 1050 capite
1066 978 1338 1051 spiritum
1370 979 1585 1035 emisit.
1619 980 1781 1043 Quod
1810 984 2003 1035 autem

357 1067 651 1138 sequitur:
677 1088 705 1115 ‹‹
726 1066 906 1122 secuti
931 1072 1071 1122 sunt
1093 1085 1227 1123 eum
1250 1068 1523 1140 discipuli
1548 1070 1741 1140 ejus,»
1765 1070 2007 1142 mystice

359 1154 705 1229 designatur
724 1155 858 1224 quia
889 1157 1074 1212 sancti
1106 1156 1355 1229 apostoli
1388 1158 1572 1213 secuti
1603 1162 1742 1213 sunt
1766 1158 2011 1231 vestigia

361 1245 653 1316 passionis
683 1246 811 1315 ejus
838 1263 850 1312 ;
884 1262 1021 1300 nam
1055 1246 1193 1318 quid
1227 1251 1315 1302 est
1336 1248 1649 1303 Dominum
1672 1248 1861 1319 sequi,
1894 1249 2007 1304 nisi

358 1333 607 1406 vestigia
635 1333 926 1405 passionis
958 1336 1086 1405 ejus
1118 1335 1336 1391 imitari
1362 1338 1388 1391 ‘?
1418 1336 1563 1391 Hinc
1594 1341 1682 1392 est
1703 1338 1855 1408 quod
1882 1338 2005 1409 ipse

360 1422 614 1494 exponit,
666 1422 764 1477 ubi
814 1423 1139 1493 praedicans
1171 1424 1448 1497 mysteria
1479 1442 1595 1480 suae
1627 1425 1921 1481 Passionis
1952 1429 2009 1480 et

362 1510 846 1579 Resurrectionis,
881 1513 1231 1567 coarctando
1276 1515 1582 1584 subjunxit
1610 1514 1847 1573 dicens:
1884 1538 1911 1564 «
1949 1515 2009 1570 Si

362 1601 494 1672 quis
521 1600 647 1655 vult
677 1604 810 1671 post
838 1617 932 1654 me
960 1600 1175 1670 venire,
1231 1603 1480 1674 abneget
1529 1604 1915 1675 semetipsum
1956 1608 2013 1659 et

360 1689 528 1745 tollat
558 1704 789 1743 crucem
822 1705 1011 1754 suam,
1045 1693 1101 1744 et
1134 1696 1415 1762 sequatur
1445 1708 1557 1747 me.
1594 1716 1620 1742 ››
1661 1692 1822 1747 Multi
1854 1693 2010 1748 enim

359 1776 853 1833 videnturtollere
875 1794 1107 1833 crucem
1135 1797 1325 1851 suam,
1344 1782 1443 1836 sed
1474 1798 1589 1837 non
1613 1781 1730 1837 illis
1754 1783 2010 1854 prodest,

363 1864 499 1937 quia
521 1882 637 1920 non
661 1867 1321 1940 sequunturChristum,
1338 1870 1394 1924 id
1419 1874 1506 1925 est
1527 1871 1770 1942 vestigia
1792 1871 2010 1943 passio-

362 1954 455 2009 nis
484 1956 612 2025 ejus
645 1972 758 2010 non
791 1956 1118 2012 imitantur.
1149 1959 1385 2030 Oportet
1416 1974 1551 2031 ergo
1585 1965 1649 2014 ut
1673 1960 2011 2032 quicunque

359 2043 486 2100 vult
538 2044 646 2100 hoc
694 2061 854 2100 mare
903 2063 1171 2101 amarum
1228 2051 1285 2102 et
1330 2049 1709 2103 tenebrosum
1758 2050 2009 2105 transire

363 2132 531 2189 tollat
562 2149 795 2190 crucem
828 2152 1017 2204 suam,
1070 2140 1125 2190 et
1153 2135 1451 2191 Christum
1483 2141 1783 2209 sequatur,
1834 2138 1892 2192 id
1924 2142 2013 2193 est

361 2223 611 2297 vestigia
639 2224 932 2296 passionis
980 2224 1108 2295 ejus
1152 2224 1432 2281 imitetur.
1465 2226 1887 2299 Navigantibus
1918 2226 2011 2280 di-

366 2312 608 2385 scipulis
674 2313 1025 2369 obdormivit
1098 2314 1305 2382 Jesus,
1376 2316 1516 2387 quia
1585 2316 1805 2371 sanctis
1870 2332 2008 2388 apo—

367 2402 555 2470 stolis,
598 2418 665 2457 ac
704 2402 956 2475 singulis
989 2403 1321 2475 quibusque
1352 2404 1647 2471 fidelibus,
1680 2410 1872 2460 mente
1904 2405 2011 2459 hoc

366 2507 624 2562 presens
649 2491 926 2546 saedulum
950 2491 1310 2548 calcantibus
1332 2510 1397 2548 ac
1424 2492 1903 2565 despicientibus,
1920 2493 2011 2549 vel

368 2579 624 2633 secundo
656 2578 797 2633 flatu
832 2580 1015 2634 sancti
1050 2580 1327 2651 Spiritus,
1357 2582 1444 2637 vel
1488 2582 1729 2654 remigio
1777 2583 2010 2654 proprio

367 2664 630 2720 certatim
652 2682 754 2736 spe
774 2667 845 2720 ad
879 2666 1045 2722 littus
1077 2674 1367 2739 perpetua
1397 2669 1691 2725 felicitatis
1722 2670 2005 2726 tendenti-

366 2752 502 2821 bus,
536 2770 670 2809 mox
699 2754 1132 2827 appropinquat
1161 2761 1394 2828 tempus
1426 2757 1716 2830 passionis
1757 2758 2005 2813 Domini.

364 2841 527 2897 Unde
575 2843 782 2898 beatus
829 2844 1061 2899 Marcus
1109 2844 1350 2916 pulchre
1396 2863 1633 2917 vespere
1672 2846 1781 2901 hoc
1812 2850 2011 2901 narrat

370 2932 589 2986 factum
640 2930 843 3001 fuisse,
896 2931 953 2985 id
986 2937 1075 2987 est
1104 2937 1237 3003 post
1265 2933 1404 2988 solis
1434 2950 1729 3003 occasum,
1780 2939 1844 2990 ut
1893 2953 2007 2991 non

367 3018 559 3073 solum
592 3018 723 3089 ipsa
747 3019 1042 3090 dormitio,
1068 3021 1165 3075 sed
1198 3020 1372 3075 etiam
1405 3021 1548 3078 hora
1569 3023 1889 3080 decidentis
1921 3024 2007 3080 lu-

362 3106 449 3162 cis
476 3107 810 3163 occubitum
831 3108 950 3163 veri
974 3108 1135 3176 solis,
1162 3109 1217 3164 id
1244 3115 1334 3165 est
1358 3115 1605 3167 mortem
1627 3112 1859 3169 Domini
1881 3113 2010 3170 Sal-

361 3195 579 3252 vatoris
593 3242 604 3266 ,
618 3198 1309 3255 ostenderet.Dormiente
1323 3200 1567 3256 Domino
1591 3201 1649 3257 in
1668 3201 1795 3258 navi
1815 3206 2008 3258 motus

2114 624 2525 695 quassantium
2572 628 2746 696 caput
2774 640 2840 680 ac
2868 622 3229 678 dicentium:
3286 644 3314 673 ‹‹
3345 623 3405 678 Si
3448 623 3635 679 Filius
3672 626 3771 682 Dei

2115 717 2222 778 est,
2248 712 2561 767 descendat
2583 729 2737 767 nunc
2760 713 2831 767 de
2851 728 3039 779 cruce,
3063 715 3120 766 et
3140 712 3445 767 credemus
3467 712 3558 779 ei;
3587 735 3614 761 ››
3648 729 3773 768 ma-

2108 802 2210 871 jus
2239 801 2399 857 enim
2431 801 2541 856 fuit
2570 802 2640 856 de
2671 800 2937 872 sepulcro
2967 816 3227 872 surgere,
3278 816 3460 871 quam
3494 801 3571 857 de
3600 818 3773 858 cruce

2115 890 2484 946 descendere.
2539 890 2705 955 Quod
2736 893 2932 945 autem
2963 889 3233 960 sequitur
3266 905 3281 943 :
3335 910 3363 938 ‹‹
3395 890 3549 957 Quid
3582 891 3777 947 timidi

2115 980 2256 1034 estis
2279 980 2519 1035 modicae
2542 978 2724 1034 ﬁdei?
2743 1000 2769 1027 ››
2798 977 2944 1033 illud
2964 977 3262 1050 significat
3279 978 3437 1049 quod
3458 995 3775 1051 resurgens

2114 1085 2146 1123 a
2170 1069 2418 1125 mortuis
2440 1072 2497 1123 et
2519 1083 2806 1139 apparens
2829 1065 2912 1122 eis
2943 1088 2970 1115 «
3000 1066 3373 1138 exprobravit
3394 1066 3780 1123 incredulita-

2115 1160 2233 1213 tem
2264 1161 2322 1211 et
2350 1158 2631 1213 duritiam
2672 1156 2865 1212 cordis
2908 1155 3166 1224 illorum,
3212 1156 3496 1228 quoniam
3549 1156 3621 1212 iis
3673 1158 3775 1229 qui

2116 1246 2382 1303 viderant
2437 1262 2571 1301 eum
2605 1245 2993 1302 resurrexisse
3033 1261 3067 1299 ει
3092 1245 3344 1301 mortuis
3372 1262 3490 1301 non
3519 1245 3777 1302 credide-

2120 1339 2273 1390 runt.
2302 1357 2331 1383 η
2381 1334 2655 1406 Sequitur
2681 1352 2693 1389 :
2746 1357 2773 1383 ‹‹
2808 1335 2879 1389 Et
2910 1334 3060 1389 facta
3090 1337 3179 1389 est
3208 1334 3615 1407 tranquillitas
3647 1352 3765 1390 ma-

2118 1441 2252 1497 gna.
2290 1446 2317 1473 ››
2368 1422 2789 1495 Tranquillitas
2834 1439 3051 1495 magna
3080 1423 3232 1478 facta
3258 1428 3367 1489 est,
3404 1423 3546 1496 quia
3576 1440 3772 1479 resur-

2119 1515 2290 1583 gente
2320 1512 2587 1579 Domino,
2620 1516 2677 1566 et
2707 1516 3023 1584 apparente
3073 1514 3207 1583 post
3253 1512 3770 1579 resurrectionem,

2118 1617 2184 1655 ac
2214 1601 2442 1655 dicente
2470 1599 2774 1671 discipulis
2804 1599 2930 1655 suis
2956 1616 2968 1653 :
3024 1620 3053 1649 «
3087 1603 3207 1654 Pax
3254 1599 3433 1667 vobis,
3465 1616 3569 1672 ego
3600 1616 3767 1667 sum,

2120 1690 2299 1745 nolite
2321 1689 2544 1757 timere,
2571 1711 2599 1738 »
2632 1688 2881 1744 solidata
2908 1692 2997 1744 est
3018 1688 3163 1743 fides
3195 1689 3255 1743 in
3289 1688 3573 1761 apostolis,
3606 1694 3667 1744 et
3700 1689 3764 1744 in

2121 1782 2352 1834 tantum
2376 1777 2627 1833 solidata
2651 1781 2739 1834 est
2769 1778 2912 1832 fides
2942 1778 2999 1832 in
3032 1777 3137 1845 eis,
3171 1782 3237 1833 ut
3258 1778 3356 1848 qui
3386 1781 3516 1832 ante
3544 1777 3770 1833 clausis

2044 1911 2092 1976 B
2115 1867 2318 1938 januis
2350 1871 2584 1939 propter
2614 1871 2835 1923 metum
2864 1866 3207 1922 Judmorum
3230 1866 3389 1922 intus
3414 1865 3770 1935 residebant,

2121 1962 2322 2029 postea
2344 1955 2721 2023 corroborati,
2749 1955 2935 2011 libera
2954 1970 3092 2011 voce
3112 1971 3309 2011 coram
3332 1954 3695 2027 principibus
3718 1961 3774 2011 et

2121 2044 2509 2118 potestatibus
2539 2044 2889 2100 ﬁducialiter
2935 2060 3070 2100 eum
3113 2043 3567 2100 confitebantur.
3595 2043 3774 2100 Aliter

2122 2151 2223 2206 per
2254 2133 2581 2190 naviculam
2615 2132 2984 2206 significatur
3015 2138 3219 2188 sancta
3272 2132 3554 2203 Ecclesia,
3605 2137 3770 2206 cujus

2121 2223 2473 2296 gubernator
2492 2226 2581 2278 est
2608 2222 2893 2278 Dominus
2924 2226 3121 2279 noster
3147 2222 3179 2277 J
3188 2239 3324 2278 esus
3353 2222 3654 2293 Christus,
3684 2239 3775 2278 re-

2122 2313 2306 2384 miges
2356 2316 2552 2367 autem
2598 2315 2740 2367 sunt
2769 2311 2958 2367 sancti
2990 2310 3259 2384 apostoli.
3294 2313 3460 2368 Tunc
3494 2312 3775 2367 Dominus

2122 2401 2271 2456 hanc
2302 2401 2631 2457 naviculam
2665 2400 2948 2470 ascendit,
3000 2400 3234 2472 quando
3285 2417 3387 2471 per
3430 2400 3686 2471 gratiam
3716 2402 3771 2456 in

2121 2494 2325 2546 sancta
2350 2490 2602 2547 Ecclesia
2619 2490 2885 2545 habitare
2904 2489 3097 2561 ccepit.
3132 2493 3201 2544 Et
3224 2489 3379 2560 quod
3405 2506 3513 2562 per
3534 2489 3766 2545 navicu-

2120 2578 2238 2634 lam
2271 2584 2473 2635 sancta
2501 2579 2761 2635 Ecclesia
2798 2577 3137 2651 designetur
3179 2578 3442 2634 ostendit
3489 2578 3762 2635 Salomon

2120 2668 2221 2740 qui
2242 2669 2502 2740 loquitur
2530 2668 2640 2724 sub
2672 2666 2863 2739 specie
2894 2668 3123 2723 femina:
3152 2667 3388 2723 dicens:
3428 2688 3458 2717 «
3480 2668 3659 2723 Facta
3684 2670 3766 2723 est

2120 2757 2291 2828 quasi
2304 2758 2468 2813 navis
2486 2757 2772 2813 institoris
2785 2758 2857 2812 de
2868 2756 3038 2830 longe
3052 2760 3290 2828 portans
3305 2772 3524 2828 panem
3538 2773 3762 2825 suum,»

2120 2846 2239 2902 sive
2260 2838 2533 2917 pretium.
2570 2846 2826 2913 lnstitor,
2851 2845 2960 2902 hoc
2982 2851 3071 2902 est
3091 2846 3439 2918 negotiator,
3472 2850 3566 2902 est
3586 2846 3768 2903 Domi-

2120 2951 2232 2991 nus
2264 2939 2465 2991 noster
2492 2935 2665 2992 Jesus
2694 2933 2999 3002 Christus;
3033 2938 3233 2991 sancta
3262 2935 3481 2991 etenim
3520 2934 3768 2992 Ecclesia

2120 3022 2272 3079 facta
2293 3028 2382 3080 est
2405 3022 2562 3079 velut
2587 3025 2749 3081 navis
2776 3024 3084 3091 institoris,
3117 3023 3339 3080 scilicet
3369 3024 3609 3081 Domini
3639 3024 3764 3081 Sal-

2118 3112 2353 3169 vatoris.
2380 3113 2485 3169 Per
2508 3130 2716 3185 panem
2739 3114 3085 3187 designatur
3103 3119 3545 3170 sacramentum
3570 3129 3763 3186 corpo-

2119 3200 2201 3256 ris
2231 3206 2287 3256 et
2317 3202 2624 3274 sanguinis
2646 3202 2878 3258 Domini
2912 3201 3097 3258 nostri
3118 3202 3258 3258 Jesu
3281 3201 3497 3258 Christi
3523 3222 3535 3270 ;
3570 3207 3763 3259 sancta

363 3302 614 3358 magnus
633 3286 820 3341 factus
838 3290 926 3342 est
947 3287 1004 3342 in
1029 3288 1196 3355 mari,
1213 3288 1351 3360 quia
1371 3291 1634 3361 capiente
1651 3308 1716 3348 eo
1734 3309 2008 3348 somnum
2040 3274 2083 3341 C
2123 3308 2375 3363 namque
2398 3292 2652 3348 Ecclesia
2676 3293 2747 3348 de
2768 3292 2940 3364 longe
2963 3296 3153 3364 portat
3175 3308 3389 3364 panem
3412 3309 3613 3360 suum,
3636 3292 3766 3365 quia

364 3374 573 3431 mortis
590 3392 770 3447 supra
786 3376 1029 3448 puppim
1050 3382 1260 3433 sanctae
1280 3379 1487 3449 crucis,
1506 3379 1781 3437 ﬂantibus
1796 3381 2004 3447 ventis,

362 3464 419 3519 id
451 3469 540 3519 est
568 3464 991 3537 instigantibus
1022 3466 1347 3522 immundis
1377 3468 1775 3540 spiritibus,et
1804 3488 2009 3543 sugge-

361 3552 630 3607 rentibus
678 3554 1064 3621 daamonibus,
1120 3561 1421 3628 coeperunt
1464 3559 1765 3631 insurgere
1796 3560 2007 3616 ﬂuctus

361 3639 900 3713 blasphemantium
914 3643 1275 3713 Judmorum,
1294 3649 1350 3700 et
1367 3652 1657 3702 commota
1676 3653 1815 3704 sunt
1833 3650 2010 3705 corda

361 3746 564 3787 eorum
601 3734 672 3788 ad
704 3736 1140 3805 persequendos
1172 3742 1409 3793 sanctos
1441 3736 1756 3809 apostolos.
1788 3738 1890 3793 His
1919 3744 2010 3793 et-

359 3820 516 3876 enim
540 3822 808 3892 procellis
830 3824 1111 3896 patientia
1134 3826 1360 3882 Domini
1393 3843 1506 3881 non
1532 3826 2005 3899 perturbabatur,

362 3909 461 3964 sed
486 3910 860 3968 imbecillitas
877 3914 1272 3986 apostolorum
1292 3914 2009 3988 concutiebatur,trepida-

360 3996 479 4063 bat,
512 4002 567 4050 et
597 3999 1055 4073 periclitabatur,
1078 4005 1220 4061 adeo
1256 4022 1507 4078 namque
1537 4009 1731 4061 motus
1758 4021 2008 4078 magnus

362 4083 552 4139 factus
573 4091 663 4140 est
693 4086 751 4141 in
786 4090 932 4143 mari
964 4096 1029 4145 ut
1058 4093 1324 4149 navicula
1356 4095 1679 4167 operiretur
1708 4095 2005 4161 fluctibus,

363 4171 503 4243 quia
527 4172 669 4229 adeo
695 4180 990 4231 commota
1011 4185 1149 4234 sunt
1170 4182 1505 4239 Judaeorum
1530 4183 1705 4239 corda
1726 4184 1795 4239 ad
1821 4198 2011 4254 perse-

362 4262 627 4333 quendos
650 4264 965 4336 apostolos,
994 4272 1058 4321 ut
1088 4284 1233 4339 pene
1266 4270 1409 4325 ﬁdes
1432 4271 1491 4326 in
1513 4272 1629 4327 illis
1653 4271 2007 4343 periclitare-

360 4356 496 4419 tur;
530 4369 667 4408 nam
700 4370 854 4411 unus
881 4372 1084 4411 eorum
1108 4362 1195 4412 ter
1216 4358 1528 4415 Dominum
1554 4360 2008 4433 negavit,czeteri

359 4456 493 4495 vero
527 4440 727 4497 relicto
760 4459 825 4498 eo
860 4444 1150 4517 fugerunt.
1201 4446 1312 4501 Sed
1346 4448 1483 4519 quid
1517 4449 1778 4505 fecerunt
1825 4451 2007 4505 sancti

361 4530 649 4600 apostoli;
702 4540 1076 4589 accesserunt
1122 4552 1235 4591 non
1285 4552 1544 4609 corpore,
1596 4539 1696 4593 sed
1730 4543 1924 4594 mente
1953 4544 2011 4593 et

2117 3380 2292 3436 etiam
2318 3382 2387 3437 ab
2411 3380 2636 3437 ultimis
2661 3380 2879 3437 finibus
2904 3380 3144 3437 veniens
3165 3385 3608 3437 sacramentum
3637 3397 3763 3439 cor-

2118 3468 2275 3541 poris
2307 3474 2363 3524 et
2392 3470 2701 3543 sanguinis
2733 3469 2963 3525 Domini
2994 3474 3209 3541 portat,
3254 3468 3308 3525 id
3363 3474 3452 3525 est
3492 3469 3765 3527 celebrat.

2117 3562 2235 3612 Hoc
2264 3563 2353 3614 est
2380 3563 2501 3614 tam
2532 3575 2813 3631 magnum
2846 3557 3128 3630 pretium,
3150 3574 3265 3629 quo
3286 3559 3661 3629 redemptum
3683 3564 3769 3615 est

2116 3663 2300 3719 genus
2323 3646 2681 3715 humanum;
2704 3652 2761 3703 et
2780 3647 2934 3702 idem
2958 3646 3237 3703 Salomon
3258 3647 3363 3701 ait:
3382 3669 3410 3694 «
3440 3646 3763 3717 Vestigium

2118 3735 2280 3790 navis
2332 3736 2389 3790 in
2436 3736 2582 3790 mari
2630 3754 2745 3792 non
2786 3737 3098 3807 invenitur,
3139 3760 3167 3786 ››
3223 3736 3348 3808 quia
3391 3736 3755 3791 conversatio

2117 3828 2327 3879 sanctae
2358 3823 2621 3879 Ecclesiae
2652 3841 2767 3880 non
2800 3829 2888 3880 est
2918 3830 3167 3897 terrena,
3225 3825 3327 3881 sed
3354 3822 3594 3879 coelestia
3622 3840 3639 3889 ',
3690 3826 3752 3877 et

2118 3929 2272 3967 unus
2301 3912 2516 3969 idcirco
2548 3929 2745 3969 remex
2774 3915 2903 3985 ejus
2936 3914 3200 3970 dicebat:
3256 3936 3283 3963 ‹‹
3318 3918 3511 3970 nostra
3564 3917 3760 3969 autem

2117 4003 2474 4059 conversatio
2506 4004 2563 4058 in
2597 4003 2757 4059 caelis
2787 4007 2895 4059 est.
2932 4026 2959 4052 ››
3010 4004 3079 4058 Et
3117 4003 3393 4075 quamvis
3424 4008 3637 4058 sanctis
3666 4002 3770 4059 Ec-

2118 4090 2302 4146 clesiae
2327 4096 2560 4147 terrena
2577 4092 2770 4148 officia
2787 4108 3051 4148 exercere
3069 4091 3356 4160 videatur,
3370 4097 3775 4149 verumtamen

2118 4180 2245 4251 ejus
2269 4180 2512 4238 intentio
2534 4180 2819 4254 spiritalis
2840 4186 2928 4236 est
2958 4185 3015 4237 et
3043 4180 3317 4237 cmlestis.
3348 4181 3773 4255 Navigantibus

2120 4268 2425 4341 discipulis
2456 4270 2809 4326 obdormivit
2852 4270 3141 4334 Christus,
3193 4269 3335 4342 quia
3365 4270 3644 4327 fidelibus
3676 4287 3777 4343 sps

2117 4359 2495 4427 tendentibus
2526 4360 2595 4414 ad
2632 4358 2923 4415 caelestem
2957 4359 3205 4432 patriam
3256 4359 3601 4431 frequenter
3630 4359 3775 4416 solet

2061 4484 2073 4495 -
2119 4448 2367 4515 evenire,
2390 4454 2456 4503 ut
2477 4449 2729 4503 dormiat
2750 4448 2923 4505 Jesus
2955 4448 3013 4503 in
3044 4448 3154 4504 hac
3190 4448 3479 4516 navicula,
3503 4448 3565 4504 id
3596 4455 3688 4505 est
3718 4454 3777 4505 ut

2119 4536 2393 4592 solatium
2426 4538 2819 4593 miserationis
2849 4554 2883 4593 a
2911 4543 3115 4593 sancta
3144 4536 3405 4593 Ecclesia
3443 4538 3773 4593 abstrahat.

362 4618 689 4687 devotione,
739 4622 879 4693 quia
909 4625 1078 4694 cujus
1107 4624 1375 4680 viderant
1407 4632 1677 4697 mortem,
1734 4626 2010 4683 omnibus
2040 4645 2087 4710 Ι)
2119 4625 2282 4680 Tunc
2315 4626 2594 4681 Dominus
2626 4627 2684 4680 in
2717 4626 2986 4682 navicula
3015 4626 3125 4682 hac
3155 4626 3451 4695 dormivit,
3501 4627 3653 4697 quia
3694 4625 3774 4681 vel

358 4706 509 4760 votis
540 4712 596 4761 et
628 4711 844 4767 mentis
873 4713 1293 4777 affectionibus
1332 4716 1459 4785 ejus
1492 4715 1868 4786 postulabant
1911 4732 2007 4771 re-
2040 4706 2076 4710 —
2116 4714 2406 4786 principes
2429 4715 2607 4786 hujus
2630 4714 2949 4784 smouli,vel
2972 4715 3522 4783 haeresiarchas,vel
3546 4716 3777 4789 aliquos

362 4795 781 4853 surrectionem
814 4801 1073 4857 dicentes
1105 4819 1239 4857 cum
1274 4803 1623 4859 Psalmista:
1668 4826 1695 4853 «
1730 4805 2007 4876 Exsurge,

363 4899 545 4955 quare
577 4885 897 4954 obdormis,
931 4890 1218 4946 Domine?
1265 4908 1531 4964 exsurge,
1573 4896 1629 4947 et
1660 4909 1731 4947 ne
1762 4892 2009 4965 repellas

362 4990 469 5029 nos
500 4992 689 5049 usque
727 4975 786 5031 in
836 4977 1052 5045 finem;
1088 5001 1117 5028 υ
1168 4980 1215 5033 si
1248 4980 1403 5035 enim
1453 4981 1740 5037 Dominus
1785 4981 2009 5037 diutius

364 5079 571 5120 somno
597 5065 799 5121 mortis
822 5066 1134 5139 sopiretur,
1169 5072 1391 5124 mentes
1420 5070 1814 5141 apostolorum
1847 5076 2007 5127 aeter-

365 5169 441 5207 na
459 5158 645 5210 morte
664 5155 1103 5212 damnarentur.
1120 5156 1864 5232 Suscitantibusdiscipulis
1884 5178 2010 5216 sur-

361 5242 508 5297 rexit
526 5242 718 5311 Jesus,
739 5250 797 5300 et
817 5246 941 5318 ipse
962 5251 1126 5302 stans
1148 5246 1467 5317 increpavit
1489 5253 1722 5304 ventum
1748 5254 1801 5305 et
1826 5267 2003 5305 mare.

361 5332 525 5387 Tunc
555 5338 791 5390 ventum
824 5335 1143 5408 increpavit
1166 5337 1399 5409 quando
1423 5340 1777 5411 resurgendo
1809 5357 2005 5411 super-

358 5422 514 5477 biam
539 5421 752 5479 diaboli
776 5426 1107 5496 prostravit,
1134 5431 1191 5481 et
1213 5426 1512 5481 moriendo
1539 5444 1672 5483 eum
1697 5428 2001 5498 destruxit,

358 5512 460 5579 qui
493 5512 697 5567 mortis
728 5513 1039 5585 imperium
1076 5516 1343 5571 habebat.
1397 5516 1707 5587 Imperavit
1736 5522 1792 5573 et
1820 5517 2003 5573 ventis

358 5600 497 5667 quia
526 5604 875 5669 potestatem
908 5606 1240 5660 darmonum
1271 5606 1537 5661 cohibuit
1557 5612 1611 5661 et
1632 5607 2000 5678 compressit.

360 5685 667 5753 Imperavit
693 5690 867 5746 etiam
901 5692 1049 5747 mari
1080 5694 1219 5762 quia
1248 5710 1524 5751 vesanam
1557 5695 1862 5765 perfidiam
1893 5696 1996 5751 Ju-

2120 4819 2327 4874 pravos
2373 4803 2640 4860 homines
2672 4804 2957 4875 permittit
2989 4820 3157 4860 suam
3195 4809 3461 4860 sanctam
3494 4804 3776 4877 persequi

2120 4891 2459 4961 Ecclesiam,
2494 4898 2557 4948 ut
2588 4893 2627 4948 ii
2660 4893 2759 4965 qui
2793 4893 3019 4965 probati
3051 4898 3193 4949 sunt
3221 4893 3522 4950 manifesti
3550 4894 3701 4950 fiant
3722 4894 3774 4948 in

2120 4980 2308 5046 nobis,
2357 4982 2509 5037 unde
2539 4982 2665 5054 ipse
2695 4981 2981 5037 Dominus
3012 4981 3156 5036 dicit
3185 4997 3198 5036 :
3251 5004 3278 5031 ‹‹
3312 4980 3567 5037 Necesse
3596 4986 3691 5037 est
3718 4984 3779 5035 ut

2116 5070 2354 5125 veniant
2374 5070 2680 5137 scandala;
2709 5092 2736 5119 ››
2759 5074 2815 5125 et
2837 5068 3053 5125 Paulus
3078 5069 3381 5141 apostolus
3405 5069 3513 5125 ait:
3547 5093 3578 5119 ‹‹
3603 5070 3779 5143 Opor-

2116 5162 2201 5214 tet
2224 5159 2381 5214 enim
2406 5160 2528 5216 fieri
2553 5159 2823 5230 haereses,
2852 5163 2918 5214 ut
2937 5158 2996 5214 hi
3020 5159 3121 5231 qui
3144 5159 3377 5231 probati
3409 5163 3557 5214 sunt
3588 5160 3778 5215 mani-

2118 5248 2248 5303 festi
2270 5248 2431 5303 ﬁant.
2460 5271 2487 5297 ››
2511 5248 2805 5304 Multoties
2826 5251 3022 5303 autem
3050 5248 3345 5321 principes
3369 5248 3556 5319 hujus
3580 5246 3776 5305 saeculi

2116 5337 2455 5393 comminati
2478 5342 2614 5394 sunt
2638 5342 2694 5392 et
2717 5337 3019 5393 devastare
3045 5342 3316 5394 sanctam
3338 5337 3693 5403 Ecclesiam,
3723 5341 3775 5393 et

2115 5428 2355 5498 perdere
2382 5426 2532 5483 ﬁlios
2553 5427 2714 5497 ejus;
2744 5443 2880 5481 nam
2904 5426 3226 5482 dormiente
3242 5426 3499 5487 Domino
3521 5428 3583 5483 in
3616 5427 3767 5494 navi,

2116 5522 2310 5573 motus
2332 5533 2582 5590 magnus
2606 5518 2792 5572 t'actus
2814 5520 2903 5571 est
2931 5514 2992 5571 in
3024 5516 3194 5582 mari,
3218 5516 3359 5589 quia
3376 5515 3765 5574 abstrahente

2112 5621 2177 5660 eo
2201 5605 2483 5661 auxilium
2506 5623 2621 5661 suae
2647 5604 3039 5662 miserationis
3070 5622 3103 5660 a
3133 5605 3257 5661 suis
3286 5604 3587 5676 fidelibus,
3626 5606 3761 5661 adeo

2112 5694 2378 5767 permisit
2404 5694 2589 5753 malos
2618 5696 2891 5768 persequi
2923 5698 3188 5753 sanctam
3209 5693 3555 5767 Ecclesiam,
3580 5700 3647 5752 ut
3667 5708 3765 5768 pe-
