  <div class='ocr_page' id='page_1' title='image "/cluster/home/n/w/nwhite01/storage/ocr_20150623/131/hvd.32044054759923/468.png"; bbox 0 0 4018 6200; ppageno 0'>
   <div class='ocr_carea' id='block_1_1' title="bbox 317 427 435 489">
    <p class='ocr_par' dir='ltr' id='par_1_1' title="bbox 317 427 435 489">
     <span class='ocr_line' id='line_1_1' title="bbox 317 427 435 489; baseline -0.017 0"><span class='ocrx_word' id='word_1_1' title='bbox 317 427 435 489; x_wconf 77' lang='grc'><strong>921</strong></span> 
     </span>
    </p>
   </div>
   <div class='ocr_carea' id='block_1_2' title="bbox 1846 412 2217 478">
    <p class='ocr_par' dir='ltr' id='par_1_2' title="bbox 1846 412 2217 478">
     <span class='ocr_line' id='line_1_2' title="bbox 1846 412 2217 478; baseline 0 -2"><span class='ocrx_word' id='word_1_2' title='bbox 1846 412 2217 478; x_wconf 67' lang='lat' dir='ltr'><strong>HOMILIE.</strong></span> 
     </span>
    </p>
   </div>
   <div class='ocr_carea' id='block_1_3' title="bbox 3602 401 3721 465">
    <p class='ocr_par' dir='ltr' id='par_1_3' title="bbox 3602 401 3721 465">
     <span class='ocr_line' id='line_1_3' title="bbox 3602 401 3721 465; baseline -0.017 0"><span class='ocrx_word' id='word_1_3' title='bbox 3602 401 3721 465; x_wconf 72' lang='lat'><strong>922</strong></span> 
     </span>
    </p>
   </div>
   <div class='ocr_carea' id='block_1_4' title="bbox 320 532 3722 629">
    <p class='ocr_par' dir='ltr' id='par_1_4' title="bbox 320 532 3722 629">
     <span class='ocr_line' id='line_1_4' title="bbox 320 532 3722 629; baseline -0.008 -13"><span class='ocrx_word' id='word_1_4' title='bbox 320 561 417 616; x_wconf 91' lang='lat' dir='ltr'><strong>nis</strong></span> <span class='ocrx_word' id='word_1_5' title='bbox 449 561 775 615; x_wconf 89' lang='lat' dir='ltr'><strong>humanum</strong></span> <span class='ocrx_word' id='word_1_6' title='bbox 803 572 986 629; x_wconf 87' lang='lat' dir='ltr'><strong>genus</strong></span> <span class='ocrx_word' id='word_1_7' title='bbox 1010 556 1121 612; x_wconf 95' lang='lat' dir='ltr'><strong>sub</strong></span> <span class='ocrx_word' id='word_1_8' title='bbox 1138 554 1467 610; x_wconf 88' lang='lat' dir='ltr'><strong>conditione</strong></span> <span class='ocrx_word' id='word_1_9' title='bbox 1497 552 1709 608; x_wconf 87' lang='lat' dir='ltr'><strong>diaboli</strong></span> <span class='ocrx_word' id='word_1_10' title='bbox 1742 551 1968 607; x_wconf 89' lang='lat' dir='ltr'><strong>labora-</strong></span> <span class='ocrx_word' id='word_1_11' title='bbox 1998 552 2054 618; x_wconf 85' lang='grc' dir='ltr'><strong>Α</strong></span> <span class='ocrx_word' id='word_1_12' title='bbox 2082 566 2285 605; x_wconf 91' lang='lat' dir='ltr'><strong>omnes</strong></span> <span class='ocrx_word' id='word_1_13' title='bbox 2316 564 2531 617; x_wconf 84' lang='lat' dir='ltr'><strong>amare,</strong></span> <span class='ocrx_word' id='word_1_14' title='bbox 2567 548 2863 605; x_wconf 89' lang='lat' dir='ltr'><strong>neminem</strong></span> <span class='ocrx_word' id='word_1_15' title='bbox 2894 544 3107 608; x_wconf 88' lang='lat' dir='ltr'><strong>odisse,</strong></span> <span class='ocrx_word' id='word_1_16' title='bbox 3139 540 3361 629; x_wconf 89' lang='lat' dir='ltr'><strong>bonum</strong></span> <span class='ocrx_word' id='word_1_17' title='bbox 3392 532 3559 629; x_wconf 78' lang='lat' dir='ltr'><strong>velle,</strong></span> <span class='ocrx_word' id='word_1_18' title='bbox 3590 548 3722 591; x_wconf 42' lang='lat' dir='ltr'><strong>ma;-</strong></span> 
     </span>
    </p>
   </div>
   <div class='ocr_carea' id='block_1_5' title="bbox 321 642 1968 720">
    <p class='ocr_par' dir='ltr' id='par_1_5' title="bbox 321 642 1968 720">
     <span class='ocr_line' id='line_1_5' title="bbox 321 642 1968 720; baseline -0.007 -13"><span class='ocrx_word' id='word_1_19' title='bbox 321 652 443 719; x_wconf 87' lang='lat' dir='ltr'><strong>bat,</strong></span> <span class='ocrx_word' id='word_1_20' title='bbox 477 648 729 720; x_wconf 82' lang='lat' dir='ltr'><strong>exceptis</strong></span> <span class='ocrx_word' id='word_1_21' title='bbox 762 646 878 701; x_wconf 85' lang='lat' dir='ltr'>illis</span> <span class='ocrx_word' id='word_1_22' title='bbox 928 647 1027 717; x_wconf 86' lang='lat' dir='ltr'><strong>qui</strong></span> <span class='ocrx_word' id='word_1_23' title='bbox 1060 646 1184 702; x_wconf 87' lang='lat' dir='ltr'><strong>sola</strong></span> <span class='ocrx_word' id='word_1_24' title='bbox 1214 645 1313 700; x_wconf 89' lang='lat' dir='ltr'><strong>Dei</strong></span> <span class='ocrx_word' id='word_1_25' title='bbox 1361 644 1551 716; x_wconf 90' lang='lat' dir='ltr'><strong>gratia</strong></span> <span class='ocrx_word' id='word_1_26' title='bbox 1581 642 1813 698; x_wconf 88' lang='lat' dir='ltr'><strong>liberari</strong></span> <span class='ocrx_word' id='word_1_27' title='bbox 1844 659 1968 697; x_wconf 89' lang='lat' dir='ltr'><strong>me-</strong></span> 
     </span>
    </p>
   </div>
   <div class='ocr_carea' id='block_1_6' title="bbox 315 731 1972 804">
    <p class='ocr_par' dir='ltr' id='par_1_6' title="bbox 315 731 1972 804">
     <span class='ocr_line' id='line_1_6' title="bbox 315 731 1972 804; baseline -0.005 -9"><span class='ocrx_word' id='word_1_28' title='bbox 315 742 587 803; x_wconf 81' lang='lat' dir='ltr'><strong>ruerunt,</strong></span> <span class='ocrx_word' id='word_1_29' title='bbox 603 738 756 791; x_wconf 90' lang='lat' dir='ltr'><strong>unde</strong></span> <span class='ocrx_word' id='word_1_30' title='bbox 780 735 1089 791; x_wconf 89' lang='lat' dir='ltr'><strong>Psalmista</strong></span> <span class='ocrx_word' id='word_1_31' title='bbox 1103 736 1293 790; x_wconf 84' lang='lat' dir='ltr'><strong>aiebat</strong></span> <span class='ocrx_word' id='word_1_32' title='bbox 1316 752 1372 789; x_wconf 81' lang='grc'><strong>;‹‹</strong></span> <span class='ocrx_word' id='word_1_33' title='bbox 1394 732 1677 800; x_wconf 83' lang='lat' dir='ltr'>Quoniam</span> <span class='ocrx_word' id='word_1_34' title='bbox 1700 731 1972 804; x_wconf 88' lang='lat' dir='ltr'><strong>iniquita-</strong></span> 
     </span>
    </p>
   </div>
   <div class='ocr_carea' id='block_1_7' title="bbox 323 822 1973 897">
    <p class='ocr_par' dir='ltr' id='par_1_7' title="bbox 323 822 1973 897">
     <span class='ocr_line' id='line_1_7' title="bbox 323 822 1973 897; baseline -0.005 -13"><span class='ocrx_word' id='word_1_35' title='bbox 323 834 415 885; x_wconf 86' lang='lat' dir='ltr'><strong>tes</strong></span> <span class='ocrx_word' id='word_1_36' title='bbox 445 844 585 883; x_wconf 70' lang='lat' dir='ltr'><strong>meee</strong></span> <span class='ocrx_word' id='word_1_37' title='bbox 639 842 1030 897; x_wconf 68' lang='lat' dir='ltr'><strong>supergressa:</strong></span> <span class='ocrx_word' id='word_1_38' title='bbox 1079 829 1218 880; x_wconf 87' lang='lat' dir='ltr'><strong>sunt</strong></span> <span class='ocrx_word' id='word_1_39' title='bbox 1246 828 1420 895; x_wconf 90' lang='lat' dir='ltr'><strong>caput</strong></span> <span class='ocrx_word' id='word_1_40' title='bbox 1468 839 1686 888; x_wconf 89' lang='lat' dir='ltr'><strong>meum,</strong></span> <span class='ocrx_word' id='word_1_41' title='bbox 1715 826 1772 877; x_wconf 89' lang='lat' dir='ltr'><strong>et</strong></span> <span class='ocrx_word' id='word_1_42' title='bbox 1821 822 1973 875; x_wconf 87' lang='lat' dir='ltr'>sicut</span> 
     </span>
    </p>
   </div>
   <div class='ocr_carea' id='block_1_8' title="bbox 327 910 1972 988">
    <p class='ocr_par' dir='ltr' id='par_1_8' title="bbox 327 910 1972 988">
     <span class='ocr_line' id='line_1_8' title="bbox 327 910 1972 988; baseline -0.005 -15"><span class='ocrx_word' id='word_1_43' title='bbox 327 933 478 973; x_wconf 90' lang='lat' dir='ltr'><strong>onus</strong></span> <span class='ocrx_word' id='word_1_44' title='bbox 526 931 697 988; x_wconf 90' lang='lat' dir='ltr'><strong>grave</strong></span> <span class='ocrx_word' id='word_1_45' title='bbox 729 917 976 987; x_wconf 63' lang='lat' dir='ltr'><strong>gravatae</strong></span> <span class='ocrx_word' id='word_1_46' title='bbox 1021 917 1161 968; x_wconf 90' lang='lat' dir='ltr'><strong>sunt</strong></span> <span class='ocrx_word' id='word_1_47' title='bbox 1209 929 1385 984; x_wconf 81' lang='lat' dir='ltr'><strong>super</strong></span> <span class='ocrx_word' id='word_1_48' title='bbox 1416 929 1527 967; x_wconf 92' lang='lat' dir='ltr'><strong>me.</strong></span> <span class='ocrx_word' id='word_1_49' title='bbox 1557 930 1586 962; x_wconf 78' lang='grc' dir='ltr'><strong>ιι</strong></span> <span class='ocrx_word' id='word_1_50' title='bbox 1624 912 1690 965; x_wconf 90' lang='lat' dir='ltr'><strong>Et</strong></span> <span class='ocrx_word' id='word_1_51' title='bbox 1730 910 1972 982; x_wconf 87' lang='lat' dir='ltr'><strong>pulchre</strong></span> 
     </span>
    </p>
   </div>
   <div class='ocr_carea' id='block_1_9' title="bbox 327 999 1973 1074">
    <p class='ocr_par' dir='ltr' id='par_1_9' title="bbox 327 999 1973 1074">
     <span class='ocr_line' id='line_1_9' title="bbox 327 999 1973 1074; baseline -0.006 -11"><span class='ocrx_word' id='word_1_52' title='bbox 327 1005 612 1062; x_wconf 84' lang='lat' dir='ltr'><strong>Dominus</strong></span> <span class='ocrx_word' id='word_1_53' title='bbox 631 1003 937 1074; x_wconf 77' lang='lat' dir='ltr'><strong>subjunxit</strong></span> <span class='ocrx_word' id='word_1_54' title='bbox 956 1019 969 1058; x_wconf 89' lang='lat'>:</span> <span class='ocrx_word' id='word_1_55' title='bbox 991 1024 1019 1051; x_wconf 86' lang='grc'><strong>‹‹</strong></span> <span class='ocrx_word' id='word_1_56' title='bbox 1052 1004 1168 1074; x_wconf 89' lang='lat' dir='ltr'><strong>Ego</strong></span> <span class='ocrx_word' id='word_1_57' title='bbox 1190 1018 1290 1057; x_wconf 90' lang='lat' dir='ltr'><strong>vos</strong></span> <span class='ocrx_word' id='word_1_58' title='bbox 1318 1002 1596 1066; x_wconf 83' lang='lat' dir='ltr'><strong>reﬁciam,</strong></span> <span class='ocrx_word' id='word_1_59' title='bbox 1621 1020 1646 1053; x_wconf 71' lang='grc' dir='ltr'><strong><em>η</em></strong></span> <span class='ocrx_word' id='word_1_60' title='bbox 1682 1000 1821 1071; x_wconf 82' lang='lat' dir='ltr'><strong>quia</strong></span> <span class='ocrx_word' id='word_1_61' title='bbox 1847 999 1973 1070; x_wconf 87' lang='lat' dir='ltr'><strong>ipse</strong></span> 
     </span>
    </p>
   </div>
   <div class='ocr_carea' id='block_1_10' title="bbox 331 1087 1971 1166">
    <p class='ocr_par' dir='ltr' id='par_1_10' title="bbox 331 1087 1971 1166">
     <span class='ocr_line' id='line_1_10' title="bbox 331 1087 1971 1166; baseline -0.006 -15"><span class='ocrx_word' id='word_1_62' title='bbox 331 1098 420 1151; x_wconf 89' lang='lat' dir='ltr'><strong>est</strong></span> <span class='ocrx_word' id='word_1_63' title='bbox 439 1092 608 1166; x_wconf 90' lang='lat' dir='ltr'><strong>panis</strong></span> <span class='ocrx_word' id='word_1_64' title='bbox 626 1092 991 1164; x_wconf 84' lang='lat' dir='ltr'><strong>angelorum,</strong></span> <span class='ocrx_word' id='word_1_65' title='bbox 1010 1097 1066 1145; x_wconf 90' lang='lat' dir='ltr'><strong>et</strong></span> <span class='ocrx_word' id='word_1_66' title='bbox 1087 1107 1319 1146; x_wconf 88' lang='lat' dir='ltr'><strong>summa</strong></span> <span class='ocrx_word' id='word_1_67' title='bbox 1340 1091 1575 1145; x_wconf 82' lang='lat' dir='ltr'><strong>refectio</strong></span> <span class='ocrx_word' id='word_1_68' title='bbox 1607 1094 1776 1160; x_wconf 88' lang='lat' dir='ltr'><strong>atque</strong></span> <span class='ocrx_word' id='word_1_69' title='bbox 1794 1087 1971 1143; x_wconf 89' lang='lat' dir='ltr'><strong>satie-</strong></span> 
     </span>
    </p>
   </div>
   <div class='ocr_carea' id='block_1_11' title="bbox 330 1180 1973 1253">
    <p class='ocr_par' dir='ltr' id='par_1_11' title="bbox 330 1180 1973 1253">
     <span class='ocr_line' id='line_1_11' title="bbox 330 1180 1973 1253; baseline -0.004 -14"><span class='ocrx_word' id='word_1_70' title='bbox 330 1189 422 1239; x_wconf 85' lang='lat' dir='ltr'><strong>tas</strong></span> <span class='ocrx_word' id='word_1_71' title='bbox 444 1184 751 1238; x_wconf 84' lang='lat' dir='ltr'><strong>beatorum</strong></span> <span class='ocrx_word' id='word_1_72' title='bbox 773 1180 1115 1253; x_wconf 82' lang='lat' dir='ltr'><strong>spirituum,</strong></span> <span class='ocrx_word' id='word_1_73' title='bbox 1136 1181 1289 1235; x_wconf 91' lang='lat' dir='ltr'><strong>unde</strong></span> <span class='ocrx_word' id='word_1_74' title='bbox 1318 1180 1600 1252; x_wconf 81' lang='lat' dir='ltr'><strong>propheta</strong></span> <span class='ocrx_word' id='word_1_75' title='bbox 1622 1183 1813 1234; x_wconf 85' lang='lat' dir='ltr'><strong>mente</strong></span> <span class='ocrx_word' id='word_1_76' title='bbox 1836 1194 1973 1233; x_wconf 83' lang='lat' dir='ltr'><strong>con-</strong></span> 
     </span>
    </p>
   </div>
   <div class='ocr_carea' id='block_1_12' title="bbox 331 1266 1976 1345">
    <p class='ocr_par' dir='ltr' id='par_1_12' title="bbox 331 1266 1976 1345">
     <span class='ocr_line' id='line_1_12' title="bbox 331 1266 1976 1345; baseline -0.005 -17"><span class='ocrx_word' id='word_1_77' title='bbox 331 1272 587 1345; x_wconf 91' lang='lat' dir='ltr'><strong>spiciens</strong></span> <span class='ocrx_word' id='word_1_78' title='bbox 618 1270 847 1326; x_wconf 90' lang='lat' dir='ltr'><strong>dicebat</strong></span> <span class='ocrx_word' id='word_1_79' title='bbox 872 1289 884 1325; x_wconf 92' lang='lat'><strong>:</strong></span> <span class='ocrx_word' id='word_1_80' title='bbox 915 1292 935 1320; x_wconf 80' lang='grc' dir='ltr'>ι</span> <span class='ocrx_word' id='word_1_81' title='bbox 972 1270 1236 1325; x_wconf 88' lang='lat' dir='ltr'><strong>Satiabor</strong></span> <span class='ocrx_word' id='word_1_82' title='bbox 1264 1286 1397 1323; x_wconf 93' lang='lat' dir='ltr'><strong>cum</strong></span> <span class='ocrx_word' id='word_1_83' title='bbox 1426 1268 1761 1340; x_wconf 81' lang='lat' dir='ltr'><strong>apparuerit</strong></span> <span class='ocrx_word' id='word_1_84' title='bbox 1790 1266 1976 1339; x_wconf 84' lang='lat' dir='ltr'><strong>gloria</strong></span> 
     </span>
    </p>
   </div>
   <div class='ocr_carea' id='block_1_13' title="bbox 329 1352 1975 1417">
    <p class='ocr_par' dir='ltr' id='par_1_13' title="bbox 329 1352 1975 1417">
     <span class='ocr_line' id='line_1_13' title="bbox 329 1352 1975 1417; baseline -0.004 0"><span class='ocrx_word' id='word_1_85' title='bbox 329 1366 454 1417; x_wconf 89' lang='lat' dir='ltr'><strong>tua.</strong></span> <span class='ocrx_word' id='word_1_86' title='bbox 492 1384 518 1408; x_wconf 82' lang='lat'>»</span> <span class='ocrx_word' id='word_1_87' title='bbox 554 1359 903 1416; x_wconf 79' lang='lat' dir='ltr'><strong>Refectionis</strong></span> <span class='ocrx_word' id='word_1_88' title='bbox 936 1359 1143 1415; x_wconf 85' lang='lat' dir='ltr'><strong>deinde</strong></span> <span class='ocrx_word' id='word_1_89' title='bbox 1174 1359 1414 1413; x_wconf 89' lang='lat' dir='ltr'><strong>modum</strong></span> <span class='ocrx_word' id='word_1_90' title='bbox 1446 1352 1700 1413; x_wconf 77' lang='lat' dir='ltr'><strong>ostendit</strong></span> <span class='ocrx_word' id='word_1_91' title='bbox 1729 1374 1861 1412; x_wconf 90' lang='lat' dir='ltr'><strong>cum</strong></span> <span class='ocrx_word' id='word_1_92' title='bbox 1894 1356 1975 1410; x_wconf 89' lang='lat' dir='ltr'><strong>di-</strong></span> 
     </span>
    </p>
   </div>
   <div class='ocr_carea' id='block_1_14' title="bbox 332 1447 1973 1521">
    <p class='ocr_par' dir='ltr' id='par_1_14' title="bbox 332 1447 1973 1521">
     <span class='ocr_line' id='line_1_14' title="bbox 332 1447 1973 1521; baseline -0.004 -16"><span class='ocrx_word' id='word_1_93' title='bbox 332 1450 412 1506; x_wconf 89' lang='lat' dir='ltr'><strong>cit</strong></span> <span class='ocrx_word' id='word_1_94' title='bbox 444 1467 457 1504; x_wconf 89' lang='lat'><strong>:</strong></span> <span class='ocrx_word' id='word_1_95' title='bbox 490 1472 517 1498; x_wconf 87' lang='lat'><strong><em>«</em></strong></span> <span class='ocrx_word' id='word_1_96' title='bbox 552 1449 758 1505; x_wconf 87' lang='lat' dir='ltr'><strong>Tollite</strong></span> <span class='ocrx_word' id='word_1_97' title='bbox 772 1451 985 1521; x_wconf 81' lang='lat' dir='ltr'><strong>jugum</strong></span> <span class='ocrx_word' id='word_1_98' title='bbox 1009 1464 1205 1503; x_wconf 89' lang='lat' dir='ltr'><strong>meum</strong></span> <span class='ocrx_word' id='word_1_99' title='bbox 1234 1464 1410 1518; x_wconf 89' lang='lat' dir='ltr'><strong>super</strong></span> <span class='ocrx_word' id='word_1_100' title='bbox 1437 1464 1558 1515; x_wconf 89' lang='lat' dir='ltr'><strong>vos,</strong></span> <span class='ocrx_word' id='word_1_101' title='bbox 1586 1470 1610 1495; x_wconf 87' lang='grc'><strong>››</strong></span> <span class='ocrx_word' id='word_1_102' title='bbox 1643 1463 1707 1501; x_wconf 91' lang='lat' dir='ltr'><strong>ac</strong></span> <span class='ocrx_word' id='word_1_103' title='bbox 1738 1447 1786 1501; x_wconf 90' lang='lat' dir='ltr'><strong>si</strong></span> <span class='ocrx_word' id='word_1_104' title='bbox 1821 1447 1973 1500; x_wconf 84' lang='lat' dir='ltr'><strong>diee-</strong></span> 
     </span>
    </p>
   </div>
   <div class='ocr_carea' id='block_1_15' title="bbox 334 1535 1978 1610">
    <p class='ocr_par' dir='ltr' id='par_1_15' title="bbox 334 1535 1978 1610">
     <span class='ocr_line' id='line_1_15' title="bbox 334 1535 1978 1610; baseline -0.003 -16"><span class='ocrx_word' id='word_1_105' title='bbox 334 1542 423 1594; x_wconf 80' lang='lat' dir='ltr'><strong>ret</strong></span> <span class='ocrx_word' id='word_1_106' title='bbox 453 1558 471 1592; x_wconf 90' lang='lat'><strong><em>:</em></strong></span> <span class='ocrx_word' id='word_1_107' title='bbox 502 1540 779 1610; x_wconf 91' lang='lat' dir='ltr'><strong>Deponite</strong></span> <span class='ocrx_word' id='word_1_108' title='bbox 802 1540 1013 1609; x_wconf 89' lang='lat' dir='ltr'><strong>jugum</strong></span> <span class='ocrx_word' id='word_1_109' title='bbox 1048 1537 1194 1609; x_wconf 84' lang='lat' dir='ltr'><strong>legis</strong></span> <span class='ocrx_word' id='word_1_110' title='bbox 1224 1541 1282 1593; x_wconf 89' lang='lat' dir='ltr'><strong>et</strong></span> <span class='ocrx_word' id='word_1_111' title='bbox 1311 1536 1525 1591; x_wconf 86' lang='lat' dir='ltr'><strong>sumite</strong></span> <span class='ocrx_word' id='word_1_112' title='bbox 1557 1552 1774 1602; x_wconf 91' lang='lat' dir='ltr'><strong>meum,</strong></span> <span class='ocrx_word' id='word_1_113' title='bbox 1800 1535 1857 1589; x_wconf 91' lang='lat' dir='ltr'><strong>id</strong></span> <span class='ocrx_word' id='word_1_114' title='bbox 1890 1538 1978 1590; x_wconf 90' lang='lat' dir='ltr'><strong>est</strong></span> 
     </span>
    </p>
   </div>
   <div class='ocr_carea' id='block_1_16' title="bbox 332 1624 1978 1697">
    <p class='ocr_par' dir='ltr' id='par_1_16' title="bbox 332 1624 1978 1697">
     <span class='ocr_line' id='line_1_16' title="bbox 332 1624 1978 1697; baseline -0.004 -14"><span class='ocrx_word' id='word_1_115' title='bbox 332 1644 449 1683; x_wconf 91' lang='lat' dir='ltr'><strong>non</strong></span> <span class='ocrx_word' id='word_1_116' title='bbox 468 1628 904 1697; x_wconf 88' lang='lat' dir='ltr'><strong>interemptoris</strong></span> <span class='ocrx_word' id='word_1_117' title='bbox 926 1628 1025 1682; x_wconf 92' lang='lat' dir='ltr'><strong>sed</strong></span> <span class='ocrx_word' id='word_1_118' title='bbox 1049 1625 1474 1697; x_wconf 79' lang='lat' dir='ltr'><strong>Redemptoris.</strong></span> <span class='ocrx_word' id='word_1_119' title='bbox 1490 1624 1739 1681; x_wconf 80' lang='lat' dir='ltr'><strong>Multum</strong></span> <span class='ocrx_word' id='word_1_120' title='bbox 1763 1624 1978 1696; x_wconf 89' lang='lat' dir='ltr'><strong>quippe</strong></span> 
     </span>
    </p>
   </div>
   <div class='ocr_carea' id='block_1_17' title="bbox 333 1713 1977 1786">
    <p class='ocr_par' dir='ltr' id='par_1_17' title="bbox 333 1713 1977 1786">
     <span class='ocr_line' id='line_1_17' title="bbox 333 1713 1977 1786; baseline -0.004 -15"><span class='ocrx_word' id='word_1_121' title='bbox 333 1717 513 1771; x_wconf 87' lang='lat' dir='ltr'><strong>distat</strong></span> <span class='ocrx_word' id='word_1_122' title='bbox 542 1716 919 1786; x_wconf 89' lang='lat' dir='ltr'><strong>interjugum</strong></span> <span class='ocrx_word' id='word_1_123' title='bbox 941 1713 1157 1770; x_wconf 87' lang='lat' dir='ltr'><strong>diaboli</strong></span> <span class='ocrx_word' id='word_1_124' title='bbox 1192 1719 1247 1769; x_wconf 91' lang='lat' dir='ltr'><strong>et</strong></span> <span class='ocrx_word' id='word_1_125' title='bbox 1264 1714 1571 1780; x_wconf 89' lang='lat' dir='ltr'><strong>Christi,et</strong></span> <span class='ocrx_word' id='word_1_126' title='bbox 1600 1714 1977 1785; x_wconf 84' lang='lat' dir='ltr'><strong>interjugum</strong></span> 
     </span>
    </p>
   </div>
   <div class='ocr_carea' id='block_1_18' title="bbox 333 1800 1979 1876">
    <p class='ocr_par' dir='ltr' id='par_1_18' title="bbox 333 1800 1979 1876">
     <span class='ocr_line' id='line_1_18' title="bbox 333 1800 1979 1876; baseline -0.003 -16"><span class='ocrx_word' id='word_1_127' title='bbox 333 1805 480 1876; x_wconf 87' lang='lat' dir='ltr'><strong>legis</strong></span> <span class='ocrx_word' id='word_1_128' title='bbox 496 1808 553 1860; x_wconf 90' lang='lat' dir='ltr'><strong>et</strong></span> <span class='ocrx_word' id='word_1_129' title='bbox 578 1803 890 1876; x_wconf 84' lang='lat' dir='ltr'><strong>Evangelii.</strong></span> <span class='ocrx_word' id='word_1_130' title='bbox 924 1802 1400 1876; x_wconf 87' lang='lat' dir='ltr'><strong>Jugum,diaboli</strong></span> <span class='ocrx_word' id='word_1_131' title='bbox 1426 1807 1757 1875; x_wconf 81' lang='lat' dir='ltr'><strong>peceatores</strong></span> <span class='ocrx_word' id='word_1_132' title='bbox 1786 1800 1979 1873; x_wconf 85' lang='lat' dir='ltr'><strong>depri-</strong></span> 
     </span>
    </p>
   </div>
   <div class='ocr_carea' id='block_1_19' title="bbox 2080 626 3719 715">
    <p class='ocr_par' dir='ltr' id='par_1_19' title="bbox 2080 626 3719 715">
     <span class='ocr_line' id='line_1_19' title="bbox 2080 626 3719 715; baseline -0.009 -21"><span class='ocrx_word' id='word_1_133' title='bbox 2080 639 2205 695; x_wconf 92' lang='lat' dir='ltr'><strong>lum</strong></span> <span class='ocrx_word' id='word_1_134' title='bbox 2237 639 2410 708; x_wconf 91' lang='lat' dir='ltr'><strong>nolle,</strong></span> <span class='ocrx_word' id='word_1_135' title='bbox 2444 645 2498 696; x_wconf 91' lang='lat' dir='ltr'><strong>et</strong></span> <span class='ocrx_word' id='word_1_136' title='bbox 2551 640 2705 711; x_wconf 91' lang='lat' dir='ltr'><strong>quod</strong></span> <span class='ocrx_word' id='word_1_137' title='bbox 2759 636 2871 693; x_wconf 86' lang='lat' dir='ltr'><strong>sibi</strong></span> <span class='ocrx_word' id='word_1_138' title='bbox 2920 652 3036 691; x_wconf 89' lang='lat' dir='ltr'><strong>non</strong></span> <span class='ocrx_word' id='word_1_139' title='bbox 3072 631 3197 688; x_wconf 90' lang='lat' dir='ltr'><strong>vult</strong></span> <span class='ocrx_word' id='word_1_140' title='bbox 3242 628 3387 697; x_wconf 84' lang='lat' dir='ltr'><strong>ﬁeri,</strong></span> <span class='ocrx_word' id='word_1_141' title='bbox 3423 626 3561 683; x_wconf 90' lang='lat' dir='ltr'><strong>aliis</strong></span> <span class='ocrx_word' id='word_1_142' title='bbox 3604 640 3719 715; x_wconf 90' lang='lat' dir='ltr'><strong>non</strong></span> 
     </span>
    </p>
   </div>
   <div class='ocr_carea' id='block_1_20' title="bbox 2079 729 2311 785">
    <p class='ocr_par' dir='ltr' id='par_1_20' title="bbox 2079 729 2311 785">
     <span class='ocr_line' id='line_1_20' title="bbox 2079 729 2311 785; baseline -0.004 -1"><span class='ocrx_word' id='word_1_143' title='bbox 2079 729 2311 785; x_wconf 83' lang='lat' dir='ltr'><strong>inferre.</strong></span> 
     </span>
    </p>
   </div>
   <div class='ocr_carea' id='block_1_21' title="bbox 2690 844 3115 903">
    <p class='ocr_par' dir='ltr' id='par_1_21' title="bbox 2690 844 3115 903">
     <span class='ocr_line' id='line_1_21' title="bbox 2690 844 3115 903; baseline -0.009 -2"><span class='ocrx_word' id='word_1_144' title='bbox 2690 848 2996 903; x_wconf 86' lang='lat' dir='ltr'><strong>HOMILIA</strong></span> <span class='ocrx_word' id='word_1_145' title='bbox 3026 844 3115 900; x_wconf 82' lang='lat' dir='ltr'><strong>XI.</strong></span> 
     </span>
    </p>
   </div>
   <div class='ocr_carea' id='block_1_22' title="bbox 2082 946 3723 1026">
    <p class='ocr_par' dir='ltr' id='par_1_22' title="bbox 2082 946 3723 1026">
     <span class='ocr_line' id='line_1_22' title="bbox 2082 946 3723 1026; baseline -0.01 -13"><span class='ocrx_word' id='word_1_146' title='bbox 2082 958 2146 1013; x_wconf 77' lang='lat' dir='ltr'><strong>IN</strong></span> <span class='ocrx_word' id='word_1_147' title='bbox 2178 972 2343 1011; x_wconf 84' lang='lat' dir='ltr'><strong>ILLUD</strong></span> <span class='ocrx_word' id='word_1_148' title='bbox 2394 956 2669 1012; x_wconf 58' lang='lat' dir='ltr'><strong>Murrum</strong></span> <span class='ocrx_word' id='word_1_149' title='bbox 2706 972 2717 1010; x_wconf 92' lang='lat'>:</span> <span class='ocrx_word' id='word_1_150' title='bbox 2752 956 3055 1011; x_wconf 82' lang='lat' dir='ltr'><strong>Ascendens</strong></span> <span class='ocrx_word' id='word_1_151' title='bbox 3099 954 3251 1008; x_wconf 84' lang='lat' dir='ltr'><strong>Jesus</strong></span> <span class='ocrx_word' id='word_1_152' title='bbox 3283 946 3723 1026; x_wconf 56' lang='lat' dir='ltr'><strong>Hierosolymam</strong></span> 
     </span>
    </p>
   </div>
   <div class='ocr_carea' id='block_1_23' title="bbox 2152 1019 3724 1097">
    <p class='ocr_par' dir='ltr' id='par_1_23' title="bbox 2152 1019 3724 1097">
     <span class='ocr_line' id='line_1_23' title="bbox 2152 1019 3724 1097; baseline -0.008 -15"><span class='ocrx_word' id='word_1_153' title='bbox 2152 1030 2442 1097; x_wconf 78' lang='lat' dir='ltr'><strong>assumpsit</strong></span> <span class='ocrx_word' id='word_1_154' title='bbox 2487 1029 2775 1083; x_wconf 78' lang='lat' dir='ltr'><strong>duodecim</strong></span> <span class='ocrx_word' id='word_1_155' title='bbox 2810 1027 3104 1091; x_wconf 78' lang='lat' dir='ltr'><strong>discipulos</strong></span> <span class='ocrx_word' id='word_1_156' title='bbox 3134 1039 3257 1077; x_wconf 87' lang='lat' dir='ltr'><strong>suos</strong></span> <span class='ocrx_word' id='word_1_157' title='bbox 3304 1026 3523 1083; x_wconf 80' lang='lat' dir='ltr'><strong>secreto,</strong></span> <span class='ocrx_word' id='word_1_158' title='bbox 3555 1019 3605 1072; x_wconf 81' lang='lat' dir='ltr'><strong>et</strong></span> <span class='ocrx_word' id='word_1_159' title='bbox 3644 1019 3724 1070; x_wconf 79' lang='lat' dir='ltr'><strong>ait</strong></span> 
     </span>
    </p>
   </div>
   <div class='ocr_carea' id='block_1_24' title="bbox 2151 1096 3721 1166">
    <p class='ocr_par' dir='ltr' id='par_1_24' title="bbox 2151 1096 3721 1166">
     <span class='ocr_line' id='line_1_24' title="bbox 2151 1096 3721 1166; baseline -0.009 -12"><span class='ocrx_word' id='word_1_160' title='bbox 2151 1100 2267 1155; x_wconf 76' lang='lat' dir='ltr'><strong>illis</strong></span> <span class='ocrx_word' id='word_1_161' title='bbox 2296 1117 2313 1152; x_wconf 88' lang='lat'><em>:</em></span> <span class='ocrx_word' id='word_1_162' title='bbox 2345 1100 2473 1155; x_wconf 81' lang='lat' dir='ltr'><strong>Ecce</strong></span> <span class='ocrx_word' id='word_1_163' title='bbox 2519 1099 2863 1155; x_wconf 80' lang='lat' dir='ltr'><strong>ascendimus</strong></span> <span class='ocrx_word' id='word_1_164' title='bbox 2912 1096 3358 1166; x_wconf 80' lang='lat' dir='ltr'><strong>Hiesorolymam,</strong></span> <span class='ocrx_word' id='word_1_165' title='bbox 3391 1098 3441 1146; x_wconf 82' lang='lat' dir='ltr'><strong>ct</strong></span> <span class='ocrx_word' id='word_1_166' title='bbox 3473 1103 3721 1166; x_wconf 74' lang='lat' dir='ltr'><strong>consum-</strong></span> 
     </span>
    </p>
   </div>
   <div class='ocr_carea' id='block_1_25' title="bbox 2152 1159 3724 1241">
    <p class='ocr_par' dir='ltr' id='par_1_25' title="bbox 2152 1159 3724 1241">
     <span class='ocr_line' id='line_1_25' title="bbox 2152 1159 3724 1241; baseline -0.008 -16"><span class='ocrx_word' id='word_1_167' title='bbox 2152 1170 2452 1226; x_wconf 82' lang='lat' dir='ltr'><strong>mabuntur</strong></span> <span class='ocrx_word' id='word_1_168' title='bbox 2500 1174 2688 1226; x_wconf 81' lang='lat' dir='ltr'><strong>omnia</strong></span> <span class='ocrx_word' id='word_1_169' title='bbox 2731 1186 2853 1241; x_wconf 55' lang='lat' dir='ltr'><strong>qua</strong></span> <span class='ocrx_word' id='word_1_170' title='bbox 2895 1171 3099 1239; x_wconf 75' lang='lat' dir='ltr'><strong>scripta</strong></span> <span class='ocrx_word' id='word_1_171' title='bbox 3128 1159 3264 1237; x_wconf 68' lang='lat' dir='ltr'><strong>sunt</strong></span> <span class='ocrx_word' id='word_1_172' title='bbox 3304 1159 3404 1235; x_wconf 79' lang='lat' dir='ltr'><strong>per</strong></span> <span class='ocrx_word' id='word_1_173' title='bbox 3430 1159 3724 1233; x_wconf 79' lang='lat' dir='ltr'><strong>prophetas</strong></span> 
     </span>
    </p>
   </div>
   <div class='ocr_carea' id='block_1_26' title="bbox 2154 1243 2824 1309">
    <p class='ocr_par' dir='ltr' id='par_1_26' title="bbox 2154 1243 2824 1309">
     <span class='ocr_line' id='line_1_26' title="bbox 2154 1243 2824 1309; baseline -0.004 -10"><span class='ocrx_word' id='word_1_174' title='bbox 2154 1244 2218 1299; x_wconf 76' lang='lat' dir='ltr'><strong>de</strong></span> <span class='ocrx_word' id='word_1_175' title='bbox 2252 1243 2396 1301; x_wconf 75' lang='lat' dir='ltr'><strong>Filio</strong></span> <span class='ocrx_word' id='word_1_176' title='bbox 2425 1244 2680 1309; x_wconf 76' lang='lat' dir='ltr'><strong>hominis,</strong></span> <span class='ocrx_word' id='word_1_177' title='bbox 2716 1247 2824 1296; x_wconf 85' lang='lat' dir='ltr'><strong>etc.</strong></span> 
     </span>
    </p>
   </div>
   <div class='ocr_carea' id='block_1_27' title="bbox 2156 1351 3727 1424">
    <p class='ocr_par' dir='ltr' id='par_1_27' title="bbox 2156 1351 3727 1424">
     <span class='ocr_line' id='line_1_27' title="bbox 2156 1351 3727 1424; baseline -0.01 -9"><span class='ocrx_word' id='word_1_178' title='bbox 2156 1360 2480 1415; x_wconf 74' lang='lat' dir='ltr'><strong>Przevidens</strong></span> <span class='ocrx_word' id='word_1_179' title='bbox 2514 1359 2792 1415; x_wconf 86' lang='lat' dir='ltr'><strong>Dominus</strong></span> <span class='ocrx_word' id='word_1_180' title='bbox 2815 1358 3041 1412; x_wconf 91' lang='lat' dir='ltr'><strong>animos</strong></span> <span class='ocrx_word' id='word_1_181' title='bbox 3072 1351 3494 1424; x_wconf 90' lang='lat' dir='ltr'><strong>discipulorum</strong></span> <span class='ocrx_word' id='word_1_182' title='bbox 3522 1364 3590 1403; x_wconf 85' lang='lat' dir='ltr'><strong>ex</strong></span> <span class='ocrx_word' id='word_1_183' title='bbox 3618 1361 3727 1402; x_wconf 89' lang='lat' dir='ltr'><strong>sua</strong></span> 
     </span>
    </p>
   </div>
   <div class='ocr_carea' id='block_1_28' title="bbox 2086 1435 3725 1521">
    <p class='ocr_par' dir='ltr' id='par_1_28' title="bbox 2086 1435 3725 1521">
     <span class='ocr_line' id='line_1_28' title="bbox 2086 1435 3725 1521; baseline -0.009 -17"><span class='ocrx_word' id='word_1_184' title='bbox 2086 1450 2356 1521; x_wconf 89' lang='lat' dir='ltr'><strong>passione</strong></span> <span class='ocrx_word' id='word_1_185' title='bbox 2372 1449 2817 1521; x_wconf 75' lang='lat' dir='ltr'><strong>perturbandos,</strong></span> <span class='ocrx_word' id='word_1_186' title='bbox 2834 1447 3046 1501; x_wconf 91' lang='lat' dir='ltr'><strong>idcirco</strong></span> <span class='ocrx_word' id='word_1_187' title='bbox 3069 1448 3125 1499; x_wconf 89' lang='lat' dir='ltr'><strong>et</strong></span> <span class='ocrx_word' id='word_1_188' title='bbox 3144 1442 3408 1513; x_wconf 86' lang='lat' dir='ltr'><strong>ejusdem</strong></span> <span class='ocrx_word' id='word_1_189' title='bbox 3434 1435 3725 1511; x_wconf 89' lang='lat' dir='ltr'><strong>passionis</strong></span> 
     </span>
    </p>
   </div>
   <div class='ocr_carea' id='block_1_29' title="bbox 2086 1523 3727 1610">
    <p class='ocr_par' dir='ltr' id='par_1_29' title="bbox 2086 1523 3727 1610">
     <span class='ocr_line' id='line_1_29' title="bbox 2086 1523 3727 1610; baseline -0.012 -16"><span class='ocrx_word' id='word_1_190' title='bbox 2086 1555 2339 1610; x_wconf 75' lang='lat' dir='ltr'><strong>pmnam,</strong></span> <span class='ocrx_word' id='word_1_191' title='bbox 2372 1542 2428 1593; x_wconf 88' lang='lat' dir='ltr'><strong>et</strong></span> <span class='ocrx_word' id='word_1_192' title='bbox 2458 1555 2575 1592; x_wconf 80' lang='lat' dir='ltr'><strong>suae</strong></span> <span class='ocrx_word' id='word_1_193' title='bbox 2607 1533 3047 1592; x_wconf 88' lang='lat' dir='ltr'><strong>resurrectionis</strong></span> <span class='ocrx_word' id='word_1_194' title='bbox 3079 1530 3322 1604; x_wconf 83' lang='lat' dir='ltr'><strong>gloriam</strong></span> <span class='ocrx_word' id='word_1_195' title='bbox 3355 1524 3638 1599; x_wconf 76' lang='lat' dir='ltr'><strong>praedixit,</strong></span> <span class='ocrx_word' id='word_1_196' title='bbox 3662 1523 3727 1577; x_wconf 86' lang='lat' dir='ltr'><strong>ut</strong></span> 
     </span>
    </p>
   </div>
   <div class='ocr_carea' id='block_1_30' title="bbox 2087 1616 3727 1691">
    <p class='ocr_par' dir='ltr' id='par_1_30' title="bbox 2087 1616 3727 1691">
     <span class='ocr_line' id='line_1_30' title="bbox 2087 1616 3727 1691; baseline -0.01 -9"><span class='ocrx_word' id='word_1_197' title='bbox 2087 1644 2221 1682; x_wconf 91' lang='lat' dir='ltr'><strong>eum</strong></span> <span class='ocrx_word' id='word_1_198' title='bbox 2252 1630 2553 1683; x_wconf 87' lang='lat' dir='ltr'><strong>cernerent</strong></span> <span class='ocrx_word' id='word_1_199' title='bbox 2583 1642 2715 1681; x_wconf 87' lang='lat' dir='ltr'><strong>eum</strong></span> <span class='ocrx_word' id='word_1_200' title='bbox 2736 1625 3101 1691; x_wconf 89' lang='lat' dir='ltr'><strong>morientem,</strong></span> <span class='ocrx_word' id='word_1_201' title='bbox 3120 1620 3272 1676; x_wconf 87' lang='lat' dir='ltr'><strong>sicut</strong></span> <span class='ocrx_word' id='word_1_202' title='bbox 3300 1616 3584 1689; x_wconf 80' lang='lat' dir='ltr'><strong>praedixit,</strong></span> <span class='ocrx_word' id='word_1_203' title='bbox 3610 1629 3727 1667; x_wconf 91' lang='lat' dir='ltr'><strong>non</strong></span> 
     </span>
    </p>
   </div>
   <div class='ocr_carea' id='block_1_31' title="bbox 2089 1700 3727 1779">
    <p class='ocr_par' dir='ltr' id='par_1_31' title="bbox 2089 1700 3727 1779">
     <span class='ocr_line' id='line_1_31' title="bbox 2089 1700 3727 1779; baseline -0.01 -8"><span class='ocrx_word' id='word_1_204' title='bbox 2089 1717 2428 1771; x_wconf 87' lang='lat' dir='ltr'><strong>dubitarent</strong></span> <span class='ocrx_word' id='word_1_205' title='bbox 2457 1732 2591 1771; x_wconf 90' lang='lat' dir='ltr'><strong>eum</strong></span> <span class='ocrx_word' id='word_1_206' title='bbox 2622 1700 3087 1770; x_wconf 83' lang='lat' dir='ltr'><strong>resurrecturum</strong></span> <span class='ocrx_word' id='word_1_207' title='bbox 3118 1711 3268 1765; x_wconf 88' lang='lat' dir='ltr'><strong>sicut</strong></span> <span class='ocrx_word' id='word_1_208' title='bbox 3294 1704 3581 1779; x_wconf 87' lang='lat' dir='ltr'><strong>promisit.</strong></span> <span class='ocrx_word' id='word_1_209' title='bbox 3624 1705 3727 1756; x_wconf 85' lang='lat' dir='ltr'><strong>Ar-</strong></span> 
     </span>
    </p>
   </div>
   <div class='ocr_carea' id='block_1_32' title="bbox 2090 1792 3733 1877">
    <p class='ocr_par' dir='ltr' id='par_1_32' title="bbox 2090 1792 3733 1877">
     <span class='ocr_line' id='line_1_32' title="bbox 2090 1792 3733 1877; baseline -0.01 -16"><span class='ocrx_word' id='word_1_210' title='bbox 2090 1806 2270 1861; x_wconf 88' lang='lat' dir='ltr'><strong>mavit</strong></span> <span class='ocrx_word' id='word_1_211' title='bbox 2298 1804 2513 1877; x_wconf 89' lang='lat' dir='ltr'><strong>quippe</strong></span> <span class='ocrx_word' id='word_1_212' title='bbox 2544 1821 2642 1860; x_wconf 91' lang='lat' dir='ltr'><strong>eos</strong></span> <span class='ocrx_word' id='word_1_213' title='bbox 2681 1820 2813 1859; x_wconf 91' lang='lat' dir='ltr'><strong>cum</strong></span> <span class='ocrx_word' id='word_1_214' title='bbox 2846 1799 3109 1874; x_wconf 64' lang='lat' dir='ltr'><strong>prmdixit</strong></span> <span class='ocrx_word' id='word_1_215' title='bbox 3137 1799 3222 1854; x_wconf 87' lang='lat' dir='ltr'><strong>eis</strong></span> <span class='ocrx_word' id='word_1_216' title='bbox 3267 1794 3424 1852; x_wconf 88' lang='lat' dir='ltr'><strong>mala</strong></span> <span class='ocrx_word' id='word_1_217' title='bbox 3453 1809 3577 1865; x_wconf 69' lang='lat' dir='ltr'><strong>quae</strong></span> <span class='ocrx_word' id='word_1_218' title='bbox 3609 1792 3733 1846; x_wconf 87' lang='lat' dir='ltr'><strong>erat</strong></span> 
     </span>
    </p>
   </div>
   <div class='ocr_carea' id='block_1_33' title="bbox 335 1879 3733 1993">
    <p class='ocr_par' dir='ltr' id='par_1_33' title="bbox 335 1879 3733 1993">
     <span class='ocr_line' id='line_1_33' title="bbox 335 1879 3733 1993; baseline -0.004 -45"><span class='ocrx_word' id='word_1_219' title='bbox 335 1894 461 1961; x_wconf 90' lang='lat' dir='ltr'><strong>mit,</strong></span> <span class='ocrx_word' id='word_1_220' title='bbox 496 1892 639 1947; x_wconf 92' lang='lat' dir='ltr'><strong>illud</strong></span> <span class='ocrx_word' id='word_1_221' title='bbox 672 1893 884 1949; x_wconf 83' lang='lat' dir='ltr'><strong>Christi</strong></span> <span class='ocrx_word' id='word_1_222' title='bbox 907 1909 1040 1948; x_wconf 92' lang='lat' dir='ltr'><strong>vero</strong></span> <span class='ocrx_word' id='word_1_223' title='bbox 1068 1893 1259 1965; x_wconf 85' lang='lat' dir='ltr'><strong>erigit.</strong></span> <span class='ocrx_word' id='word_1_224' title='bbox 1286 1894 1505 1963; x_wconf 88' lang='lat' dir='ltr'><strong>Jugum</strong></span> <span class='ocrx_word' id='word_1_225' title='bbox 1536 1891 1679 1964; x_wconf 84' lang='lat' dir='ltr'><strong>legis</strong></span> <span class='ocrx_word' id='word_1_226' title='bbox 1708 1890 1979 1947; x_wconf 86' lang='lat' dir='ltr'><strong>severita—</strong></span> <span class='ocrx_word' id='word_1_227' title='bbox 2012 1928 2060 1993; x_wconf 82' lang='lat' dir='ltr'><strong>B</strong></span> <span class='ocrx_word' id='word_1_228' title='bbox 2090 1911 2394 1965; x_wconf 88' lang='lat' dir='ltr'><strong>passurus,</strong></span> <span class='ocrx_word' id='word_1_229' title='bbox 2431 1894 2709 1965; x_wconf 88' lang='lat' dir='ltr'><strong>quoniam</strong></span> <span class='ocrx_word' id='word_1_230' title='bbox 2741 1891 2926 1947; x_wconf 90' lang='lat' dir='ltr'><strong>levius</strong></span> <span class='ocrx_word' id='word_1_231' title='bbox 2967 1890 3233 1993; x_wconf 47' lang='lat' dir='ltr'><strong>feru&#39;ptur</strong></span> <span class='ocrx_word' id='word_1_232' title='bbox 3261 1879 3733 1993; x_wconf 49' lang='lat' dir='ltr'><strong>malaprmscifa,</strong></span> 
     </span>
    </p>
   </div>
   <div class='ocr_carea' id='block_1_34' title="bbox 332 1980 1980 2053">
    <p class='ocr_par' dir='ltr' id='par_1_34' title="bbox 332 1980 1980 2053">
     <span class='ocr_line' id='line_1_34' title="bbox 332 1980 1980 2053; baseline -0.003 -15"><span class='ocrx_word' id='word_1_233' title='bbox 332 1982 410 2038; x_wconf 86' lang='lat' dir='ltr'><strong>tis</strong></span> <span class='ocrx_word' id='word_1_234' title='bbox 442 1984 694 2053; x_wconf 89' lang='lat' dir='ltr'><strong>pondere</strong></span> <span class='ocrx_word' id='word_1_235' title='bbox 723 1986 1054 2053; x_wconf 89' lang='lat' dir='ltr'><strong>peccatores</strong></span> <span class='ocrx_word' id='word_1_236' title='bbox 1085 1987 1382 2053; x_wconf 86' lang='lat' dir='ltr'><strong>aggravat,</strong></span> <span class='ocrx_word' id='word_1_237' title='bbox 1398 1984 1610 2053; x_wconf 80' lang='lat' dir='ltr'><strong>jugum</strong></span> <span class='ocrx_word' id='word_1_238' title='bbox 1640 1980 1980 2053; x_wconf 69' lang='lat' dir='ltr'><strong>evangelicae</strong></span> 
     </span>
    </p>
   </div>
   <div class='ocr_carea' id='block_1_35' title="bbox 336 2070 1981 2145">
    <p class='ocr_par' dir='ltr' id='par_1_35' title="bbox 336 2070 1981 2145">
     <span class='ocr_line' id='line_1_35' title="bbox 336 2070 1981 2145; baseline -0.001 -19"><span class='ocrx_word' id='word_1_239' title='bbox 336 2072 535 2145; x_wconf 68' lang='lat' dir='ltr'><strong>gratia:</strong></span> <span class='ocrx_word' id='word_1_240' title='bbox 568 2088 731 2142; x_wconf 87' lang='lat' dir='ltr'><strong>spem</strong></span> <span class='ocrx_word' id='word_1_241' title='bbox 764 2071 942 2125; x_wconf 85' lang='lat' dir='ltr'><strong>veniae</strong></span> <span class='ocrx_word' id='word_1_242' title='bbox 990 2070 1381 2143; x_wconf 90' lang='lat' dir='ltr'><strong>promittendo</strong></span> <span class='ocrx_word' id='word_1_243' title='bbox 1414 2071 1694 2126; x_wconf 85' lang='lat' dir='ltr'><strong>sublevat.</strong></span> <span class='ocrx_word' id='word_1_244' title='bbox 1729 2070 1797 2125; x_wconf 90' lang='lat' dir='ltr'><strong>Et</strong></span> <span class='ocrx_word' id='word_1_245' title='bbox 1827 2070 1981 2141; x_wconf 91' lang='lat' dir='ltr'><strong>quod</strong></span> 
     </span>
    </p>
   </div>
   <div class='ocr_carea' id='block_1_36' title="bbox 335 2159 1984 2232">
    <p class='ocr_par' dir='ltr' id='par_1_36' title="bbox 335 2159 1984 2232">
     <span class='ocr_line' id='line_1_36' title="bbox 335 2159 1984 2232; baseline -0.002 -15"><span class='ocrx_word' id='word_1_246' title='bbox 335 2161 447 2217; x_wconf 87' lang='lat' dir='ltr'><strong>hoc</strong></span> <span class='ocrx_word' id='word_1_247' title='bbox 469 2162 685 2231; x_wconf 88' lang='lat' dir='ltr'><strong>jugum</strong></span> <span class='ocrx_word' id='word_1_248' title='bbox 714 2160 928 2215; x_wconf 88' lang='lat' dir='ltr'><strong>Christi</strong></span> <span class='ocrx_word' id='word_1_249' title='bbox 978 2176 1161 2231; x_wconf 89' lang='lat' dir='ltr'><strong>genus</strong></span> <span class='ocrx_word' id='word_1_250' title='bbox 1212 2159 1539 2215; x_wconf 89' lang='lat' dir='ltr'><strong>humanum</strong></span> <span class='ocrx_word' id='word_1_251' title='bbox 1574 2166 1984 2232; x_wconf 89' lang='lat' dir='ltr'><strong>suscepturum</strong></span> 
     </span>
    </p>
   </div>
   <div class='ocr_carea' id='block_1_37' title="bbox 340 2248 1985 2321">
    <p class='ocr_par' dir='ltr' id='par_1_37' title="bbox 340 2248 1985 2321">
     <span class='ocr_line' id='line_1_37' title="bbox 340 2248 1985 2321; baseline -0.001 -17"><span class='ocrx_word' id='word_1_252' title='bbox 340 2253 514 2315; x_wconf 89' lang='lat' dir='ltr'><strong>esset,</strong></span> <span class='ocrx_word' id='word_1_253' title='bbox 532 2248 703 2321; x_wconf 90' lang='lat' dir='ltr'><strong>longe</strong></span> <span class='ocrx_word' id='word_1_254' title='bbox 736 2254 867 2303; x_wconf 87' lang='lat' dir='ltr'><strong>ante</strong></span> <span class='ocrx_word' id='word_1_255' title='bbox 899 2249 1163 2319; x_wconf 81' lang='lat' dir='ltr'><strong>praedixit</strong></span> <span class='ocrx_word' id='word_1_256' title='bbox 1180 2250 1507 2321; x_wconf 87' lang='lat' dir='ltr'><strong>Sophonias</strong></span> <span class='ocrx_word' id='word_1_257' title='bbox 1538 2249 1821 2321; x_wconf 87' lang='lat' dir='ltr'><strong>propheta</strong></span> <span class='ocrx_word' id='word_1_258' title='bbox 1852 2266 1985 2303; x_wconf 91' lang='lat' dir='ltr'><strong>eum</strong></span> 
     </span>
    </p>
   </div>
   <div class='ocr_carea' id='block_1_38' title="bbox 342 2337 1987 2402">
    <p class='ocr_par' dir='ltr' id='par_1_38' title="bbox 342 2337 1987 2402">
     <span class='ocr_line' id='line_1_38' title="bbox 342 2337 1987 2402; baseline 0.001 -10"><span class='ocrx_word' id='word_1_259' title='bbox 342 2337 424 2393; x_wconf 89' lang='lat' dir='ltr'><strong>ait</strong></span> <span class='ocrx_word' id='word_1_260' title='bbox 457 2356 469 2392; x_wconf 91' lang='lat'><strong>:</strong></span> <span class='ocrx_word' id='word_1_261' title='bbox 506 2361 533 2387; x_wconf 84' lang='lat'><strong><em>«</em></strong></span> <span class='ocrx_word' id='word_1_262' title='bbox 566 2338 634 2392; x_wconf 88' lang='lat' dir='ltr'><strong>Et</strong></span> <span class='ocrx_word' id='word_1_263' title='bbox 661 2342 865 2392; x_wconf 89' lang='lat' dir='ltr'><strong>vocent</strong></span> <span class='ocrx_word' id='word_1_264' title='bbox 896 2354 1099 2393; x_wconf 89' lang='lat' dir='ltr'><strong>omnes</strong></span> <span class='ocrx_word' id='word_1_265' title='bbox 1132 2339 1193 2393; x_wconf 93' lang='lat' dir='ltr'><strong>in</strong></span> <span class='ocrx_word' id='word_1_266' title='bbox 1226 2338 1465 2393; x_wconf 89' lang='lat' dir='ltr'><strong>nomine</strong></span> <span class='ocrx_word' id='word_1_267' title='bbox 1494 2338 1749 2402; x_wconf 89' lang='lat' dir='ltr'><strong>Domini,</strong></span> <span class='ocrx_word' id='word_1_268' title='bbox 1782 2343 1838 2393; x_wconf 90' lang='lat' dir='ltr'><strong>et</strong></span> <span class='ocrx_word' id='word_1_269' title='bbox 1868 2355 1987 2393; x_wconf 89' lang='lat' dir='ltr'><strong>ser-</strong></span> 
     </span>
    </p>
   </div>
   <div class='ocr_carea' id='block_1_39' title="bbox 340 2426 1991 2500">
    <p class='ocr_par' dir='ltr' id='par_1_39' title="bbox 340 2426 1991 2500">
     <span class='ocr_line' id='line_1_39' title="bbox 340 2426 1991 2500; baseline -0.002 -15"><span class='ocrx_word' id='word_1_270' title='bbox 340 2427 500 2485; x_wconf 89' lang='lat' dir='ltr'><strong>vient</strong></span> <span class='ocrx_word' id='word_1_271' title='bbox 529 2428 578 2482; x_wconf 89' lang='lat' dir='ltr'><strong>ei</strong></span> <span class='ocrx_word' id='word_1_272' title='bbox 626 2427 871 2482; x_wconf 89' lang='lat' dir='ltr'><strong>humero</strong></span> <span class='ocrx_word' id='word_1_273' title='bbox 903 2444 1020 2482; x_wconf 93' lang='lat' dir='ltr'><strong>uno</strong></span> <span class='ocrx_word' id='word_1_274' title='bbox 1070 2426 1223 2483; x_wconf 89' lang='lat' dir='ltr'><strong>ultra</strong></span> <span class='ocrx_word' id='word_1_275' title='bbox 1251 2428 1470 2483; x_wconf 85' lang='lat' dir='ltr'><strong>flumen</strong></span> <span class='ocrx_word' id='word_1_276' title='bbox 1502 2428 1779 2500; x_wconf 71' lang='lat' dir='ltr'><strong>Ethiopia:</strong></span> <span class='ocrx_word' id='word_1_277' title='bbox 1808 2446 1820 2495; x_wconf 91' lang='lat'><strong>;</strong></span> <span class='ocrx_word' id='word_1_278' title='bbox 1856 2428 1991 2483; x_wconf 91' lang='lat' dir='ltr'><strong>inde</strong></span> 
     </span>
    </p>
   </div>
   <div class='ocr_carea' id='block_1_40' title="bbox 344 2516 1991 2590">
    <p class='ocr_par' dir='ltr' id='par_1_40' title="bbox 344 2516 1991 2590">
     <span class='ocr_line' id='line_1_40' title="bbox 344 2516 1991 2590; baseline 0.001 -17"><span class='ocrx_word' id='word_1_279' title='bbox 344 2516 643 2588; x_wconf 86' lang='lat' dir='ltr'><strong>supplices</strong></span> <span class='ocrx_word' id='word_1_280' title='bbox 691 2518 806 2572; x_wconf 90' lang='lat' dir='ltr'><strong>mei</strong></span> <span class='ocrx_word' id='word_1_281' title='bbox 836 2518 1071 2572; x_wconf 87' lang='lat' dir='ltr'><strong>venient</strong></span> <span class='ocrx_word' id='word_1_282' title='bbox 1118 2517 1219 2572; x_wconf 84' lang='lat' dir='ltr'><strong>filii</strong></span> <span class='ocrx_word' id='word_1_283' title='bbox 1271 2518 1673 2590; x_wconf 89' lang='lat' dir='ltr'><strong>dispersorum</strong></span> <span class='ocrx_word' id='word_1_284' title='bbox 1725 2535 1991 2574; x_wconf 88' lang='lat' dir='ltr'><strong>meorum</strong></span> 
     </span>
    </p>
   </div>
   <div class='ocr_carea' id='block_1_41' title="bbox 342 2605 1992 2675">
    <p class='ocr_par' dir='ltr' id='par_1_41' title="bbox 342 2605 1992 2675">
     <span class='ocr_line' id='line_1_41' title="bbox 342 2605 1992 2675; baseline 0.002 -15"><span class='ocrx_word' id='word_1_285' title='bbox 342 2605 669 2663; x_wconf 85' lang='lat' dir='ltr'><strong>deferentes</strong></span> <span class='ocrx_word' id='word_1_286' title='bbox 692 2622 927 2661; x_wconf 89' lang='lat' dir='ltr'><strong>murum</strong></span> <span class='ocrx_word' id='word_1_287' title='bbox 960 2606 1124 2661; x_wconf 87' lang='lat' dir='ltr'><strong>mihi.</strong></span> <span class='ocrx_word' id='word_1_288' title='bbox 1151 2629 1179 2656; x_wconf 85' lang='lat'>»</span> <span class='ocrx_word' id='word_1_289' title='bbox 1214 2608 1475 2663; x_wconf 93' lang='lat' dir='ltr'><strong>Servient</strong></span> <span class='ocrx_word' id='word_1_290' title='bbox 1496 2607 1546 2661; x_wconf 90' lang='lat' dir='ltr'><strong>ei</strong></span> <span class='ocrx_word' id='word_1_291' title='bbox 1578 2608 1822 2663; x_wconf 91' lang='lat' dir='ltr'><strong>humero</strong></span> <span class='ocrx_word' id='word_1_292' title='bbox 1854 2624 1992 2675; x_wconf 92' lang='lat' dir='ltr'><strong>uno,</strong></span> 
     </span>
    </p>
   </div>
   <div class='ocr_carea' id='block_1_42' title="bbox 348 2694 1991 2768">
    <p class='ocr_par' dir='ltr' id='par_1_42' title="bbox 348 2694 1991 2768">
     <span class='ocr_line' id='line_1_42' title="bbox 348 2694 1991 2768; baseline 0.002 -21"><span class='ocrx_word' id='word_1_293' title='bbox 348 2694 405 2749; x_wconf 91' lang='lat' dir='ltr'><strong>id</strong></span> <span class='ocrx_word' id='word_1_294' title='bbox 442 2698 531 2749; x_wconf 88' lang='lat' dir='ltr'><strong>est</strong></span> <span class='ocrx_word' id='word_1_295' title='bbox 585 2710 702 2748; x_wconf 91' lang='lat' dir='ltr'><strong>una</strong></span> <span class='ocrx_word' id='word_1_296' title='bbox 748 2694 885 2749; x_wconf 86' lang='lat' dir='ltr'><strong>ﬁdei</strong></span> <span class='ocrx_word' id='word_1_297' title='bbox 933 2695 1260 2760; x_wconf 77' lang='lat' dir='ltr'><strong>devotione,</strong></span> <span class='ocrx_word' id='word_1_298' title='bbox 1294 2695 1460 2766; x_wconf 88' lang='lat' dir='ltr'><strong>quasi</strong></span> <span class='ocrx_word' id='word_1_299' title='bbox 1513 2696 1622 2750; x_wconf 93' lang='lat' dir='ltr'><strong>sub</strong></span> <span class='ocrx_word' id='word_1_300' title='bbox 1671 2713 1787 2751; x_wconf 84' lang='lat' dir='ltr'><strong>uno</strong></span> <span class='ocrx_word' id='word_1_301' title='bbox 1827 2699 1991 2768; x_wconf 92' lang='lat' dir='ltr'><strong>jugo.</strong></span> 
     </span>
    </p>
   </div>
   <div class='ocr_carea' id='block_1_43' title="bbox 345 2781 1997 2846">
    <p class='ocr_par' dir='ltr' id='par_1_43' title="bbox 345 2781 1997 2846">
     <span class='ocr_line' id='line_1_43' title="bbox 345 2781 1997 2846; baseline 0.004 -13"><span class='ocrx_word' id='word_1_302' title='bbox 345 2807 371 2833; x_wconf 88' lang='grc'><strong>‹‹</strong></span> <span class='ocrx_word' id='word_1_303' title='bbox 406 2784 476 2838; x_wconf 90' lang='lat' dir='ltr'><strong>Et</strong></span> <span class='ocrx_word' id='word_1_304' title='bbox 507 2781 714 2838; x_wconf 87' lang='lat' dir='ltr'><strong>discite</strong></span> <span class='ocrx_word' id='word_1_305' title='bbox 744 2800 777 2837; x_wconf 88' lang='lat' dir='ltr'><strong>a</strong></span> <span class='ocrx_word' id='word_1_306' title='bbox 804 2799 916 2838; x_wconf 90' lang='lat' dir='ltr'><strong>me.</strong></span> <span class='ocrx_word' id='word_1_307' title='bbox 941 2802 967 2835; x_wconf 80' lang='grc' dir='ltr'><strong>ι)</strong></span> <span class='ocrx_word' id='word_1_308' title='bbox 1008 2783 1153 2846; x_wconf 92' lang='lat' dir='ltr'><strong>Quid</strong></span> <span class='ocrx_word' id='word_1_309' title='bbox 1186 2784 1261 2839; x_wconf 90' lang='lat' dir='ltr'><strong>sit</strong></span> <span class='ocrx_word' id='word_1_310' title='bbox 1284 2785 1629 2839; x_wconf 89' lang='lat' dir='ltr'><strong>discendum</strong></span> <span class='ocrx_word' id='word_1_311' title='bbox 1660 2785 1997 2841; x_wconf 87' lang='lat' dir='ltr'><strong>manifestat</strong></span> 
     </span>
    </p>
   </div>
   <div class='ocr_carea' id='block_1_44' title="bbox 343 2871 1991 2946">
    <p class='ocr_par' dir='ltr' id='par_1_44' title="bbox 343 2871 1991 2946">
     <span class='ocr_line' id='line_1_44' title="bbox 343 2871 1991 2946; baseline -0.002 -19"><span class='ocrx_word' id='word_1_312' title='bbox 343 2888 479 2927; x_wconf 89' lang='lat' dir='ltr'><strong>cum</strong></span> <span class='ocrx_word' id='word_1_313' title='bbox 509 2871 844 2943; x_wconf 82' lang='lat' dir='ltr'><strong>subjungit:</strong></span> <span class='ocrx_word' id='word_1_314' title='bbox 867 2893 895 2921; x_wconf 86' lang='lat'><strong>«</strong></span> <span class='ocrx_word' id='word_1_315' title='bbox 929 2871 1067 2943; x_wconf 89' lang='lat' dir='ltr'><strong>quia</strong></span> <span class='ocrx_word' id='word_1_316' title='bbox 1084 2873 1245 2927; x_wconf 90' lang='lat' dir='ltr'><strong>mitis</strong></span> <span class='ocrx_word' id='word_1_317' title='bbox 1264 2888 1396 2927; x_wconf 92' lang='lat' dir='ltr'><strong>sum</strong></span> <span class='ocrx_word' id='word_1_318' title='bbox 1423 2878 1481 2928; x_wconf 90' lang='lat' dir='ltr'><strong>et</strong></span> <span class='ocrx_word' id='word_1_319' title='bbox 1500 2872 1743 2929; x_wconf 91' lang='lat' dir='ltr'><strong>humilis</strong></span> <span class='ocrx_word' id='word_1_320' title='bbox 1766 2874 1991 2946; x_wconf 80' lang='lat' dir='ltr'><strong>corde,»</strong></span> 
     </span>
    </p>
   </div>
   <div class='ocr_carea' id='block_1_45' title="bbox 346 2960 1993 3032">
    <p class='ocr_par' dir='ltr' id='par_1_45' title="bbox 346 2960 1993 3032">
     <span class='ocr_line' id='line_1_45' title="bbox 346 2960 1993 3032; baseline 0.001 -16"><span class='ocrx_word' id='word_1_321' title='bbox 346 2977 411 3016; x_wconf 90' lang='lat' dir='ltr'><strong>ac</strong></span> <span class='ocrx_word' id='word_1_322' title='bbox 443 2960 493 3016; x_wconf 92' lang='lat' dir='ltr'><strong>si</strong></span> <span class='ocrx_word' id='word_1_323' title='bbox 526 2961 743 3016; x_wconf 90' lang='lat' dir='ltr'><strong>diceret</strong></span> <span class='ocrx_word' id='word_1_324' title='bbox 774 2978 787 3015; x_wconf 92' lang='lat'><strong>:</strong></span> <span class='ocrx_word' id='word_1_325' title='bbox 822 2964 937 3016; x_wconf 90' lang='lat' dir='ltr'><strong>Vos</strong></span> <span class='ocrx_word' id='word_1_326' title='bbox 970 2960 1286 3032; x_wconf 89' lang='lat' dir='ltr'><strong>aliquando</strong></span> <span class='ocrx_word' id='word_1_327' title='bbox 1318 2961 1493 3017; x_wconf 88' lang='lat' dir='ltr'><strong>eratis</strong></span> <span class='ocrx_word' id='word_1_328' title='bbox 1526 2962 1782 3018; x_wconf 87' lang='lat' dir='ltr'><strong>immites</strong></span> <span class='ocrx_word' id='word_1_329' title='bbox 1812 2966 1869 3018; x_wconf 89' lang='lat' dir='ltr'><strong>et</strong></span> <span class='ocrx_word' id='word_1_330' title='bbox 1897 2980 1993 3017; x_wconf 93' lang='lat' dir='ltr'><strong>su-</strong></span> 
     </span>
    </p>
   </div>
   <div class='ocr_carea' id='block_1_46' title="bbox 348 3049 1999 3122">
    <p class='ocr_par' dir='ltr' id='par_1_46' title="bbox 348 3049 1999 3122">
     <span class='ocr_line' id='line_1_46' title="bbox 348 3049 1999 3122; baseline 0.002 -17"><span class='ocrx_word' id='word_1_331' title='bbox 348 3049 533 3122; x_wconf 89' lang='lat' dir='ltr'><strong>perbi,</strong></span> <span class='ocrx_word' id='word_1_332' title='bbox 568 3066 602 3105; x_wconf 89' lang='lat' dir='ltr'><strong>a</strong></span> <span class='ocrx_word' id='word_1_333' title='bbox 636 3065 730 3104; x_wconf 90' lang='lat' dir='ltr'><strong>me</strong></span> <span class='ocrx_word' id='word_1_334' title='bbox 761 3066 897 3122; x_wconf 92' lang='lat' dir='ltr'><strong>ergo</strong></span> <span class='ocrx_word' id='word_1_335' title='bbox 945 3054 1001 3105; x_wconf 89' lang='lat' dir='ltr'><strong>et</strong></span> <span class='ocrx_word' id='word_1_336' title='bbox 1026 3051 1086 3104; x_wconf 92' lang='lat' dir='ltr'><strong>in</strong></span> <span class='ocrx_word' id='word_1_337' title='bbox 1138 3067 1231 3106; x_wconf 89' lang='lat' dir='ltr'><strong>me</strong></span> <span class='ocrx_word' id='word_1_338' title='bbox 1262 3051 1467 3107; x_wconf 86' lang='lat' dir='ltr'><strong>discite</strong></span> <span class='ocrx_word' id='word_1_339' title='bbox 1515 3051 1910 3107; x_wconf 88' lang='lat' dir='ltr'><strong>humilitatem</strong></span> <span class='ocrx_word' id='word_1_340' title='bbox 1941 3057 1999 3108; x_wconf 89' lang='lat' dir='ltr'><strong>et</strong></span> 
     </span>
    </p>
   </div>
   <div class='ocr_carea' id='block_1_47' title="bbox 347 3138 1999 3211">
    <p class='ocr_par' dir='ltr' id='par_1_47' title="bbox 347 3138 1999 3211">
     <span class='ocr_line' id='line_1_47' title="bbox 347 3138 1999 3211; baseline 0.002 -18"><span class='ocrx_word' id='word_1_341' title='bbox 347 3138 886 3206; x_wconf 89' lang='lat' dir='ltr'><strong>mansuetudinem,</strong></span> <span class='ocrx_word' id='word_1_342' title='bbox 914 3162 941 3187; x_wconf 85' lang='lat'><strong>«</strong></span> <span class='ocrx_word' id='word_1_343' title='bbox 977 3143 1033 3194; x_wconf 91' lang='lat' dir='ltr'><strong>et</strong></span> <span class='ocrx_word' id='word_1_344' title='bbox 1062 3140 1369 3195; x_wconf 86' lang='lat' dir='ltr'><strong>invenietis</strong></span> <span class='ocrx_word' id='word_1_345' title='bbox 1392 3141 1653 3211; x_wconf 86' lang='lat' dir='ltr'><strong>requiem</strong></span> <span class='ocrx_word' id='word_1_346' title='bbox 1686 3142 1999 3197; x_wconf 89' lang='lat' dir='ltr'><strong>animabus</strong></span> 
     </span>
    </p>
   </div>
   <div class='ocr_carea' id='block_1_48' title="bbox 345 3228 1997 3301">
    <p class='ocr_par' dir='ltr' id='par_1_48' title="bbox 345 3228 1997 3301">
     <span class='ocr_line' id='line_1_48' title="bbox 345 3228 1997 3301; baseline 0.002 -19"><span class='ocrx_word' id='word_1_347' title='bbox 345 3228 577 3295; x_wconf 89' lang='lat' dir='ltr'><strong>vestris,</strong></span> <span class='ocrx_word' id='word_1_348' title='bbox 615 3250 635 3278; x_wconf 76' lang='grc' dir='ltr'><strong>ι»</strong></span> <span class='ocrx_word' id='word_1_349' title='bbox 670 3228 837 3299; x_wconf 89' lang='lat' dir='ltr'><strong>quasi</strong></span> <span class='ocrx_word' id='word_1_350' title='bbox 872 3228 1270 3284; x_wconf 82' lang='lat' dir='ltr'><strong>diceretzJam</strong></span> <span class='ocrx_word' id='word_1_351' title='bbox 1304 3228 1557 3301; x_wconf 89' lang='lat' dir='ltr'><strong>fastigati</strong></span> <span class='ocrx_word' id='word_1_352' title='bbox 1582 3230 1723 3285; x_wconf 90' lang='lat' dir='ltr'><strong>estis</strong></span> <span class='ocrx_word' id='word_1_353' title='bbox 1741 3230 1880 3301; x_wconf 89' lang='lat' dir='ltr'><strong>quia</strong></span> <span class='ocrx_word' id='word_1_354' title='bbox 1911 3247 1997 3286; x_wconf 91' lang='lat' dir='ltr'><strong>re-</strong></span> 
     </span>
    </p>
   </div>
   <div class='ocr_carea' id='block_1_49' title="bbox 2090 1969 3733 2055">
    <p class='ocr_par' dir='ltr' id='par_1_49' title="bbox 2090 1969 3733 2055">
     <span class='ocr_line' id='line_1_49' title="bbox 2090 1969 3733 2055; baseline -0.01 -16"><span class='ocrx_word' id='word_1_355' title='bbox 2090 2000 2269 2055; x_wconf 89' lang='lat' dir='ltr'><strong>quam</strong></span> <span class='ocrx_word' id='word_1_356' title='bbox 2301 2000 2368 2039; x_wconf 92' lang='lat' dir='ltr'><strong>ea</strong></span> <span class='ocrx_word' id='word_1_357' title='bbox 2398 2000 2523 2055; x_wconf 64' lang='lat' dir='ltr'><strong>qua</strong></span> <span class='ocrx_word' id='word_1_358' title='bbox 2547 1982 2739 2039; x_wconf 88' lang='lat' dir='ltr'><strong>subito</strong></span> <span class='ocrx_word' id='word_1_359' title='bbox 2771 1980 3059 2037; x_wconf 90' lang='lat' dir='ltr'><strong>accidunt.</strong></span> <span class='ocrx_word' id='word_1_360' title='bbox 3076 1975 3406 2033; x_wconf 90' lang='lat' dir='ltr'><strong>Destruitur</strong></span> <span class='ocrx_word' id='word_1_361' title='bbox 3427 1972 3519 2027; x_wconf 89' lang='lat' dir='ltr'><strong>his</strong></span> <span class='ocrx_word' id='word_1_362' title='bbox 3542 1969 3733 2025; x_wconf 91' lang='lat' dir='ltr'><strong>verbis</strong></span> 
     </span>
    </p>
   </div>
   <div class='ocr_carea' id='block_1_50' title="bbox 2091 2062 3737 2139">
    <p class='ocr_par' dir='ltr' id='par_1_50' title="bbox 2091 2062 3737 2139">
     <span class='ocr_line' id='line_1_50' title="bbox 2091 2062 3737 2139; baseline -0.01 -9"><span class='ocrx_word' id='word_1_363' title='bbox 2091 2090 2251 2130; x_wconf 86' lang='lat' dir='ltr'><strong>error</strong></span> <span class='ocrx_word' id='word_1_364' title='bbox 2299 2072 2646 2139; x_wconf 83' lang='lat' dir='ltr'><strong>inﬁdelium,</strong></span> <span class='ocrx_word' id='word_1_365' title='bbox 2681 2078 2737 2127; x_wconf 92' lang='lat' dir='ltr'><strong>et</strong></span> <span class='ocrx_word' id='word_1_366' title='bbox 2785 2068 3079 2126; x_wconf 89' lang='lat' dir='ltr'><strong>dementia</strong></span> <span class='ocrx_word' id='word_1_367' title='bbox 3110 2066 3345 2121; x_wconf 91' lang='lat' dir='ltr'><strong>illorum</strong></span> <span class='ocrx_word' id='word_1_368' title='bbox 3395 2064 3495 2133; x_wconf 92' lang='lat' dir='ltr'><strong>qui</strong></span> <span class='ocrx_word' id='word_1_369' title='bbox 3547 2062 3737 2117; x_wconf 90' lang='lat' dir='ltr'><strong>solent</strong></span> 
     </span>
    </p>
   </div>
   <div class='ocr_carea' id='block_1_51' title="bbox 2094 2149 3736 2230">
    <p class='ocr_par' dir='ltr' id='par_1_51' title="bbox 2094 2149 3736 2230">
     <span class='ocr_line' id='line_1_51' title="bbox 2094 2149 3736 2230; baseline -0.012 -11"><span class='ocrx_word' id='word_1_370' title='bbox 2094 2163 2409 2220; x_wconf 90' lang='lat' dir='ltr'><strong>Dominum</strong></span> <span class='ocrx_word' id='word_1_371' title='bbox 2442 2163 2723 2227; x_wconf 89' lang='lat' dir='ltr'><strong>deridere,</strong></span> <span class='ocrx_word' id='word_1_372' title='bbox 2741 2166 2797 2217; x_wconf 90' lang='lat' dir='ltr'><strong>et</strong></span> <span class='ocrx_word' id='word_1_373' title='bbox 2826 2161 3017 2216; x_wconf 88' lang='lat' dir='ltr'><strong>dicere</strong></span> <span class='ocrx_word' id='word_1_374' title='bbox 3040 2156 3193 2230; x_wconf 92' lang='lat' dir='ltr'><strong>quod</strong></span> <span class='ocrx_word' id='word_1_375' title='bbox 3214 2156 3339 2227; x_wconf 91' lang='lat' dir='ltr'><strong>ipse</strong></span> <span class='ocrx_word' id='word_1_376' title='bbox 3370 2156 3602 2208; x_wconf 90' lang='lat' dir='ltr'><strong>coactus</strong></span> <span class='ocrx_word' id='word_1_377' title='bbox 3627 2149 3736 2202; x_wconf 92' lang='lat' dir='ltr'><strong>du-</strong></span> 
     </span>
    </p>
   </div>
   <div class='ocr_carea' id='block_1_52' title="bbox 2097 2239 3745 2324">
    <p class='ocr_par' dir='ltr' id='par_1_52' title="bbox 2097 2239 3745 2324">
     <span class='ocr_line' id='line_1_52' title="bbox 2097 2239 3745 2324; baseline -0.009 -16"><span class='ocrx_word' id='word_1_378' title='bbox 2097 2257 2225 2308; x_wconf 90' lang='lat' dir='ltr'><strong>ctus</strong></span> <span class='ocrx_word' id='word_1_379' title='bbox 2257 2253 2517 2307; x_wconf 84' lang='lat' dir='ltr'><strong>fueritad</strong></span> <span class='ocrx_word' id='word_1_380' title='bbox 2552 2251 2883 2324; x_wconf 88' lang='lat' dir='ltr'><strong>passionem</strong></span> <span class='ocrx_word' id='word_1_381' title='bbox 2912 2267 2925 2315; x_wconf 88' lang='lat'>;</span> <span class='ocrx_word' id='word_1_382' title='bbox 2959 2264 3093 2302; x_wconf 89' lang='lat' dir='ltr'><strong>nam</strong></span> <span class='ocrx_word' id='word_1_383' title='bbox 3121 2243 3381 2302; x_wconf 88' lang='lat' dir='ltr'><strong>sicuthic</strong></span> <span class='ocrx_word' id='word_1_384' title='bbox 3412 2239 3745 2296; x_wconf 83' lang='lat' dir='ltr'><strong>manifesta-</strong></span> 
     </span>
    </p>
   </div>
   <div class='ocr_carea' id='block_1_53' title="bbox 2103 2328 3745 2414">
    <p class='ocr_par' dir='ltr' id='par_1_53' title="bbox 2103 2328 3745 2414">
     <span class='ocr_line' id='line_1_53' title="bbox 2103 2328 3745 2414; baseline -0.009 -17"><span class='ocrx_word' id='word_1_385' title='bbox 2103 2347 2221 2413; x_wconf 87' lang='lat' dir='ltr'><strong>tur,</strong></span> <span class='ocrx_word' id='word_1_386' title='bbox 2251 2342 2377 2414; x_wconf 90' lang='lat' dir='ltr'><strong>ipse</strong></span> <span class='ocrx_word' id='word_1_387' title='bbox 2409 2346 2466 2396; x_wconf 89' lang='lat' dir='ltr'><strong>et</strong></span> <span class='ocrx_word' id='word_1_388' title='bbox 2512 2346 2745 2412; x_wconf 89' lang='lat' dir='ltr'><strong>tempus</strong></span> <span class='ocrx_word' id='word_1_389' title='bbox 2792 2338 3083 2412; x_wconf 89' lang='lat' dir='ltr'><strong>passionis</strong></span> <span class='ocrx_word' id='word_1_390' title='bbox 3113 2333 3416 2408; x_wconf 82' lang='lat' dir='ltr'><strong>praeseivit,</strong></span> <span class='ocrx_word' id='word_1_391' title='bbox 3452 2334 3509 2386; x_wconf 86' lang='lat' dir='ltr'><strong>et</strong></span> <span class='ocrx_word' id='word_1_392' title='bbox 3549 2328 3745 2385; x_wconf 90' lang='lat' dir='ltr'><strong>locum</strong></span> 
     </span>
    </p>
   </div>
   <div class='ocr_carea' id='block_1_54' title="bbox 2101 2418 3742 2504">
    <p class='ocr_par' dir='ltr' id='par_1_54' title="bbox 2101 2418 3742 2504">
     <span class='ocr_line' id='line_1_54' title="bbox 2101 2418 3742 2504; baseline -0.01 -17"><span class='ocrx_word' id='word_1_393' title='bbox 2101 2433 2369 2504; x_wconf 86' lang='lat' dir='ltr'><strong>ejusdem</strong></span> <span class='ocrx_word' id='word_1_394' title='bbox 2386 2430 2675 2502; x_wconf 88' lang='lat' dir='ltr'><strong>passionis</strong></span> <span class='ocrx_word' id='word_1_395' title='bbox 2706 2428 3035 2500; x_wconf 87' lang='lat' dir='ltr'><strong>intrepidus</strong></span> <span class='ocrx_word' id='word_1_396' title='bbox 3066 2418 3742 2481; x_wconf 88' lang='lat' dir='ltr'><strong>adiit.Monenturetiam</strong></span> 
     </span>
    </p>
   </div>
   <div class='ocr_carea' id='block_1_55' title="bbox 2101 2506 3743 2592">
    <p class='ocr_par' dir='ltr' id='par_1_55' title="bbox 2101 2506 3743 2592">
     <span class='ocr_line' id='line_1_55' title="bbox 2101 2506 3743 2592; baseline -0.011 -15"><span class='ocrx_word' id='word_1_397' title='bbox 2101 2521 2284 2577; x_wconf 89' lang='lat' dir='ltr'><strong>sancti</strong></span> <span class='ocrx_word' id='word_1_398' title='bbox 2319 2519 2723 2592; x_wconf 70' lang='lat' dir='ltr'><strong>praedicatores</strong></span> <span class='ocrx_word' id='word_1_399' title='bbox 2754 2518 2810 2572; x_wconf 91' lang='lat' dir='ltr'><strong>in</strong></span> <span class='ocrx_word' id='word_1_400' title='bbox 2836 2518 2945 2572; x_wconf 90' lang='lat' dir='ltr'><strong>hoc</strong></span> <span class='ocrx_word' id='word_1_401' title='bbox 2970 2518 3118 2571; x_wconf 85' lang='lat' dir='ltr'><strong>facto</strong></span> <span class='ocrx_word' id='word_1_402' title='bbox 3151 2517 3216 2569; x_wconf 90' lang='lat' dir='ltr'><strong>ut</strong></span> <span class='ocrx_word' id='word_1_403' title='bbox 3236 2511 3358 2567; x_wconf 91' lang='lat' dir='ltr'><strong>suis</strong></span> <span class='ocrx_word' id='word_1_404' title='bbox 3377 2506 3743 2566; x_wconf 88' lang='lat' dir='ltr'><strong>auditoribus</strong></span> 
     </span>
    </p>
   </div>
   <div class='ocr_carea' id='block_1_56' title="bbox 2102 2598 3742 2681">
    <p class='ocr_par' dir='ltr' id='par_1_56' title="bbox 2102 2598 3742 2681">
     <span class='ocr_line' id='line_1_56' title="bbox 2102 2598 3742 2681; baseline -0.01 -15"><span class='ocrx_word' id='word_1_405' title='bbox 2102 2610 2325 2681; x_wconf 88' lang='lat' dir='ltr'><strong>antiqui</strong></span> <span class='ocrx_word' id='word_1_406' title='bbox 2358 2610 2543 2664; x_wconf 89' lang='lat' dir='ltr'><strong>hostis</strong></span> <span class='ocrx_word' id='word_1_407' title='bbox 2572 2607 2817 2663; x_wconf 89' lang='lat' dir='ltr'><strong>insidias</strong></span> <span class='ocrx_word' id='word_1_408' title='bbox 2836 2611 2892 2662; x_wconf 89' lang='lat' dir='ltr'><strong>et</strong></span> <span class='ocrx_word' id='word_1_409' title='bbox 2912 2604 3068 2660; x_wconf 89' lang='lat' dir='ltr'><strong>mala</strong></span> <span class='ocrx_word' id='word_1_410' title='bbox 3089 2617 3333 2674; x_wconf 84' lang='lat' dir='ltr'><strong>quaeque</strong></span> <span class='ocrx_word' id='word_1_411' title='bbox 3357 2598 3587 2654; x_wconf 90' lang='lat' dir='ltr'><strong>evenire</strong></span> <span class='ocrx_word' id='word_1_412' title='bbox 3609 2611 3742 2668; x_wconf 88' lang='lat' dir='ltr'><strong>pos-</strong></span> 
     </span>
    </p>
   </div>
   <div class='ocr_carea' id='block_1_57' title="bbox 2103 2682 3745 2770">
    <p class='ocr_par' dir='ltr' id='par_1_57' title="bbox 2103 2682 3745 2770">
     <span class='ocr_line' id='line_1_57' title="bbox 2103 2682 3745 2770; baseline -0.01 -16"><span class='ocrx_word' id='word_1_413' title='bbox 2103 2703 2239 2755; x_wconf 90' lang='lat' dir='ltr'><strong>sunt</strong></span> <span class='ocrx_word' id='word_1_414' title='bbox 2270 2699 2680 2770; x_wconf 84' lang='lat' dir='ltr'><strong>praenuntient,</strong></span> <span class='ocrx_word' id='word_1_415' title='bbox 2714 2701 3001 2767; x_wconf 89' lang='lat' dir='ltr'><strong>quatenus</strong></span> <span class='ocrx_word' id='word_1_416' title='bbox 3031 2692 3253 2749; x_wconf 79' lang='lat' dir='ltr'><strong>fortiter</strong></span> <span class='ocrx_word' id='word_1_417' title='bbox 3277 2690 3557 2745; x_wconf 88' lang='lat' dir='ltr'><strong>adversus</strong></span> <span class='ocrx_word' id='word_1_418' title='bbox 3591 2682 3745 2740; x_wconf 85' lang='lat' dir='ltr'><strong>anti-</strong></span> 
     </span>
    </p>
   </div>
   <div class='ocr_carea' id='block_1_58' title="bbox 2104 2772 3747 2860">
    <p class='ocr_par' dir='ltr' id='par_1_58' title="bbox 2104 2772 3747 2860">
     <span class='ocr_line' id='line_1_58' title="bbox 2104 2772 3747 2860; baseline -0.01 -18"><span class='ocrx_word' id='word_1_419' title='bbox 2104 2789 2204 2860; x_wconf 90' lang='lat' dir='ltr'><strong>qui</strong></span> <span class='ocrx_word' id='word_1_420' title='bbox 2252 2787 2438 2843; x_wconf 89' lang='lat' dir='ltr'><strong>hostis</strong></span> <span class='ocrx_word' id='word_1_421' title='bbox 2488 2786 2736 2842; x_wconf 88' lang='lat' dir='ltr'><strong>insidias</strong></span> <span class='ocrx_word' id='word_1_422' title='bbox 2768 2800 3063 2856; x_wconf 87' lang='lat' dir='ltr'><strong>superare,</strong></span> <span class='ocrx_word' id='word_1_423' title='bbox 3096 2786 3153 2838; x_wconf 84' lang='lat' dir='ltr'><strong>et</strong></span> <span class='ocrx_word' id='word_1_424' title='bbox 3203 2782 3444 2836; x_wconf 90' lang='lat' dir='ltr'><strong>adversa</strong></span> <span class='ocrx_word' id='word_1_425' title='bbox 3473 2792 3597 2846; x_wconf 66' lang='lat' dir='ltr'><strong>quin</strong></span> <span class='ocrx_word' id='word_1_426' title='bbox 3629 2772 3747 2828; x_wconf 88' lang='lat' dir='ltr'><strong>illis</strong></span> 
     </span>
    </p>
   </div>
   <div class='ocr_carea' id='block_1_59' title="bbox 2104 2864 3748 2947">
    <p class='ocr_par' dir='ltr' id='par_1_59' title="bbox 2104 2864 3748 2947">
     <span class='ocr_line' id='line_1_59' title="bbox 2104 2864 3748 2947; baseline -0.009 -16"><span class='ocrx_word' id='word_1_427' title='bbox 2104 2876 2379 2933; x_wconf 88' lang='lat' dir='ltr'><strong>accidunt</strong></span> <span class='ocrx_word' id='word_1_428' title='bbox 2422 2875 2607 2931; x_wconf 89' lang='lat' dir='ltr'><strong>levius</strong></span> <span class='ocrx_word' id='word_1_429' title='bbox 2638 2874 2787 2931; x_wconf 84' lang='lat' dir='ltr'><strong>ferre</strong></span> <span class='ocrx_word' id='word_1_430' title='bbox 2837 2873 3083 2947; x_wconf 86' lang='lat' dir='ltr'><strong>possint.</strong></span> <span class='ocrx_word' id='word_1_431' title='bbox 3132 2869 3407 2942; x_wconf 89' lang='lat' dir='ltr'><strong>Sequitur</strong></span> <span class='ocrx_word' id='word_1_432' title='bbox 3455 2884 3467 2922; x_wconf 90' lang='lat'>:</span> <span class='ocrx_word' id='word_1_433' title='bbox 3526 2884 3548 2912; x_wconf 72' lang='grc' dir='ltr'><strong>α</strong></span> <span class='ocrx_word' id='word_1_434' title='bbox 3583 2864 3748 2918; x_wconf 91' lang='lat' dir='ltr'><strong>Tune</strong></span> 
     </span>
    </p>
   </div>
   <div class='ocr_carea' id='block_1_60' title="bbox 2104 2950 3746 3021">
    <p class='ocr_par' dir='ltr' id='par_1_60' title="bbox 2104 2950 3746 3021">
     <span class='ocr_line' id='line_1_60' title="bbox 2104 2950 3746 3021; baseline -0.009 -1"><span class='ocrx_word' id='word_1_435' title='bbox 2104 2964 2349 3021; x_wconf 87' lang='lat' dir='ltr'><strong>accessit</strong></span> <span class='ocrx_word' id='word_1_436' title='bbox 2378 2966 2448 3019; x_wconf 90' lang='lat' dir='ltr'><strong>ad</strong></span> <span class='ocrx_word' id='word_1_437' title='bbox 2481 2981 2614 3019; x_wconf 89' lang='lat' dir='ltr'><strong>eum</strong></span> <span class='ocrx_word' id='word_1_438' title='bbox 2648 2968 2835 3019; x_wconf 89' lang='lat' dir='ltr'><strong>mater</strong></span> <span class='ocrx_word' id='word_1_439' title='bbox 2866 2962 3120 3018; x_wconf 79' lang='lat' dir='ltr'><strong>ﬁliorum</strong></span> <span class='ocrx_word' id='word_1_440' title='bbox 3152 2956 3409 3015; x_wconf 76' lang='lat' dir='ltr'><strong>Zebedzei</strong></span> <span class='ocrx_word' id='word_1_441' title='bbox 3441 2971 3574 3010; x_wconf 90' lang='lat' dir='ltr'><strong>cum</strong></span> <span class='ocrx_word' id='word_1_442' title='bbox 3609 2950 3746 3007; x_wconf 84' lang='lat' dir='ltr'><strong>ﬁliis</strong></span> 
     </span>
    </p>
   </div>
   <div class='ocr_carea' id='block_1_61' title="bbox 2105 3041 3750 3125">
    <p class='ocr_par' dir='ltr' id='par_1_61' title="bbox 2105 3041 3750 3125">
     <span class='ocr_line' id='line_1_61' title="bbox 2105 3041 3750 3125; baseline -0.009 -15"><span class='ocrx_word' id='word_1_443' title='bbox 2105 3054 2231 3110; x_wconf 88' lang='lat' dir='ltr'><strong>suis</strong></span> <span class='ocrx_word' id='word_1_444' title='bbox 2262 3055 2512 3110; x_wconf 83' lang='lat' dir='ltr'><strong>adorans</strong></span> <span class='ocrx_word' id='word_1_445' title='bbox 2536 3058 2595 3109; x_wconf 90' lang='lat' dir='ltr'><strong>et</strong></span> <span class='ocrx_word' id='word_1_446' title='bbox 2626 3058 2829 3125; x_wconf 91' lang='lat' dir='ltr'><strong>petens</strong></span> <span class='ocrx_word' id='word_1_447' title='bbox 2878 3050 3099 3125; x_wconf 90' lang='lat' dir='ltr'><strong>aliquid</strong></span> <span class='ocrx_word' id='word_1_448' title='bbox 3133 3050 3204 3106; x_wconf 90' lang='lat' dir='ltr'><strong>ab</strong></span> <span class='ocrx_word' id='word_1_449' title='bbox 3237 3065 3323 3104; x_wconf 92' lang='lat' dir='ltr'><strong>eo.</strong></span> <span class='ocrx_word' id='word_1_450' title='bbox 3354 3069 3382 3097; x_wconf 84' lang='lat'>»</span> <span class='ocrx_word' id='word_1_451' title='bbox 3414 3045 3578 3112; x_wconf 89' lang='lat' dir='ltr'><strong>Quod</strong></span> <span class='ocrx_word' id='word_1_452' title='bbox 3610 3041 3750 3097; x_wconf 90' lang='lat' dir='ltr'><strong>dicit</strong></span> 
     </span>
    </p>
   </div>
   <div class='ocr_carea' id='block_1_62' title="bbox 2106 3135 3749 3214">
    <p class='ocr_par' dir='ltr' id='par_1_62' title="bbox 2106 3135 3749 3214">
     <span class='ocr_line' id='line_1_62' title="bbox 2106 3135 3749 3214; baseline -0.008 -15"><span class='ocrx_word' id='word_1_453' title='bbox 2106 3166 2133 3193; x_wconf 83' lang='lat'><strong>«</strong></span> <span class='ocrx_word' id='word_1_454' title='bbox 2167 3145 2329 3198; x_wconf 91' lang='lat' dir='ltr'><strong>Tune</strong></span> <span class='ocrx_word' id='word_1_455' title='bbox 2366 3166 2390 3190; x_wconf 79' lang='grc' dir='ltr'>η</span> <span class='ocrx_word' id='word_1_456' title='bbox 2423 3144 2494 3198; x_wconf 91' lang='lat' dir='ltr'><strong>ad</strong></span> <span class='ocrx_word' id='word_1_457' title='bbox 2522 3143 2821 3214; x_wconf 88' lang='lat' dir='ltr'><strong>superiora</strong></span> <span class='ocrx_word' id='word_1_458' title='bbox 2852 3141 3106 3213; x_wconf 88' lang='lat' dir='ltr'><strong>respicit,</strong></span> <span class='ocrx_word' id='word_1_459' title='bbox 3139 3140 3193 3193; x_wconf 90' lang='lat' dir='ltr'><strong>id</strong></span> <span class='ocrx_word' id='word_1_460' title='bbox 3228 3142 3318 3194; x_wconf 87' lang='lat' dir='ltr'><strong>est</strong></span> <span class='ocrx_word' id='word_1_461' title='bbox 3365 3135 3599 3208; x_wconf 81' lang='lat' dir='ltr'><strong>quando</strong></span> <span class='ocrx_word' id='word_1_462' title='bbox 3631 3148 3749 3188; x_wconf 65' lang='lat' dir='ltr'><strong>suae</strong></span> 
     </span>
    </p>
   </div>
   <div class='ocr_carea' id='block_1_63' title="bbox 2108 3222 3752 3303">
    <p class='ocr_par' dir='ltr' id='par_1_63' title="bbox 2108 3222 3752 3303">
     <span class='ocr_line' id='line_1_63' title="bbox 2108 3222 3752 3303; baseline -0.007 -17"><span class='ocrx_word' id='word_1_463' title='bbox 2108 3231 2401 3303; x_wconf 87' lang='lat' dir='ltr'><strong>passionis</strong></span> <span class='ocrx_word' id='word_1_464' title='bbox 2423 3248 2651 3303; x_wconf 78' lang='lat' dir='ltr'><strong>poenam</strong></span> <span class='ocrx_word' id='word_1_465' title='bbox 2675 3236 2731 3286; x_wconf 89' lang='lat' dir='ltr'><strong>et</strong></span> <span class='ocrx_word' id='word_1_466' title='bbox 2760 3228 3203 3285; x_wconf 87' lang='lat' dir='ltr'><strong>resurrectionis</strong></span> <span class='ocrx_word' id='word_1_467' title='bbox 3222 3226 3465 3299; x_wconf 87' lang='lat' dir='ltr'><strong>gloriam</strong></span> <span class='ocrx_word' id='word_1_468' title='bbox 3500 3222 3752 3293; x_wconf 88' lang='lat' dir='ltr'><strong>discipu-</strong></span> 
     </span>
    </p>
   </div>
   <div class='ocr_carea' id='block_1_64' title="bbox 350 3296 3752 3391">
    <p class='ocr_par' dir='ltr' id='par_1_64' title="bbox 350 3296 3752 3391">
     <span class='ocr_line' id='line_1_64' title="bbox 350 3296 3752 3391; baseline -0.003 -21"><span class='ocrx_word' id='word_1_469' title='bbox 350 3314 549 3387; x_wconf 89' lang='lat' dir='ltr'><strong>quiem</strong></span> <span class='ocrx_word' id='word_1_470' title='bbox 599 3296 920 3388; x_wconf 46' lang='lat' dir='ltr'><strong>qua—ssitivis</strong></span> <span class='ocrx_word' id='word_1_471' title='bbox 960 3320 1017 3372; x_wconf 90' lang='lat' dir='ltr'><strong>et</strong></span> <span class='ocrx_word' id='word_1_472' title='bbox 1060 3316 1318 3372; x_wconf 90' lang='lat' dir='ltr'><strong>invenire</strong></span> <span class='ocrx_word' id='word_1_473' title='bbox 1366 3296 1481 3372; x_wconf 75' lang='lat' dir='ltr'><strong>non</strong></span> <span class='ocrx_word' id='word_1_474' title='bbox 1533 3296 1829 3389; x_wconf 82' lang='lat' dir='ltr'><strong>potuistis,</strong></span> <span class='ocrx_word' id='word_1_475' title='bbox 1863 3317 2000 3389; x_wconf 90' lang='lat' dir='ltr'><strong>quia</strong></span> <span class='ocrx_word' id='word_1_476' title='bbox 2029 3296 2071 3362; x_wconf 65' lang='grc' dir='ltr'><strong>(ἶ</strong></span> <span class='ocrx_word' id='word_1_477' title='bbox 2110 3296 2184 3375; x_wconf 85' lang='lat' dir='ltr'><strong>lis</strong></span> <span class='ocrx_word' id='word_1_478' title='bbox 2206 3296 2487 3390; x_wconf 80' lang='lat' dir='ltr'><strong>praedixit.</strong></span> <span class='ocrx_word' id='word_1_479' title='bbox 2512 3320 2623 3374; x_wconf 91' lang='lat' dir='ltr'><strong>Sed</strong></span> <span class='ocrx_word' id='word_1_480' title='bbox 2658 3320 3034 3391; x_wconf 80' lang='lat' dir='ltr'><strong>quaerendum</strong></span> <span class='ocrx_word' id='word_1_481' title='bbox 3059 3322 3147 3372; x_wconf 91' lang='lat' dir='ltr'><strong>est</strong></span> <span class='ocrx_word' id='word_1_482' title='bbox 3176 3296 3330 3370; x_wconf 79' lang='lat' dir='ltr'><strong>unde</strong></span> <span class='ocrx_word' id='word_1_483' title='bbox 3363 3308 3618 3382; x_wconf 89' lang='lat' dir='ltr'><strong>sumpsit</strong></span> <span class='ocrx_word' id='word_1_484' title='bbox 3639 3308 3752 3363; x_wconf 90' lang='lat' dir='ltr'><strong>ista</strong></span> 
     </span>
    </p>
   </div>
   <div class='ocr_carea' id='block_1_65' title="bbox 351 3403 1999 3479">
    <p class='ocr_par' dir='ltr' id='par_1_65' title="bbox 351 3403 1999 3479">
     <span class='ocr_line' id='line_1_65' title="bbox 351 3403 1999 3479; baseline 0.002 -20"><span class='ocrx_word' id='word_1_485' title='bbox 351 3420 467 3459; x_wconf 92' lang='lat' dir='ltr'><strong>non</strong></span> <span class='ocrx_word' id='word_1_486' title='bbox 498 3403 793 3460; x_wconf 90' lang='lat' dir='ltr'><strong>invenitur</strong></span> <span class='ocrx_word' id='word_1_487' title='bbox 821 3404 938 3459; x_wconf 91' lang='lat' dir='ltr'><strong>vita</strong></span> <span class='ocrx_word' id='word_1_488' title='bbox 969 3404 1028 3459; x_wconf 92' lang='lat' dir='ltr'><strong>in</strong></span> <span class='ocrx_word' id='word_1_489' title='bbox 1058 3406 1354 3477; x_wconf 90' lang='lat' dir='ltr'><strong>provincia</strong></span> <span class='ocrx_word' id='word_1_490' title='bbox 1378 3406 1606 3473; x_wconf 90' lang='lat' dir='ltr'><strong>mortis,</strong></span> <span class='ocrx_word' id='word_1_491' title='bbox 1640 3423 1828 3478; x_wconf 89' lang='lat' dir='ltr'><strong>neque</strong></span> <span class='ocrx_word' id='word_1_492' title='bbox 1858 3424 1999 3479; x_wconf 91' lang='lat' dir='ltr'><strong>gau-</strong></span> 
     </span>
    </p>
   </div>
   <div class='ocr_carea' id='block_1_66' title="bbox 352 3493 2001 3568">
    <p class='ocr_par' dir='ltr' id='par_1_66' title="bbox 352 3493 2001 3568">
     <span class='ocr_line' id='line_1_66' title="bbox 352 3493 2001 3568; baseline 0.002 -20"><span class='ocrx_word' id='word_1_493' title='bbox 352 3494 517 3549; x_wconf 88' lang='lat' dir='ltr'><strong>dium</strong></span> <span class='ocrx_word' id='word_1_494' title='bbox 548 3493 608 3548; x_wconf 93' lang='lat' dir='ltr'><strong>in</strong></span> <span class='ocrx_word' id='word_1_495' title='bbox 640 3494 831 3566; x_wconf 92' lang='lat' dir='ltr'><strong>patria</strong></span> <span class='ocrx_word' id='word_1_496' title='bbox 860 3495 1148 3559; x_wconf 81' lang='lat' dir='ltr'><strong>maeroris,</strong></span> <span class='ocrx_word' id='word_1_497' title='bbox 1182 3511 1369 3566; x_wconf 90' lang='lat' dir='ltr'><strong>neque</strong></span> <span class='ocrx_word' id='word_1_498' title='bbox 1412 3496 1646 3567; x_wconf 88' lang='lat' dir='ltr'><strong>requies</strong></span> <span class='ocrx_word' id='word_1_499' title='bbox 1677 3497 1734 3550; x_wconf 91' lang='lat' dir='ltr'><strong>in</strong></span> <span class='ocrx_word' id='word_1_500' title='bbox 1768 3495 2001 3568; x_wconf 88' lang='lat' dir='ltr'><strong>regione</strong></span> 
     </span>
    </p>
   </div>
   <div class='ocr_carea' id='block_1_67' title="bbox 352 3581 2001 3657">
    <p class='ocr_par' dir='ltr' id='par_1_67' title="bbox 352 3581 2001 3657">
     <span class='ocr_line' id='line_1_67' title="bbox 352 3581 2001 3657; baseline 0.001 -20"><span class='ocrx_word' id='word_1_501' title='bbox 352 3581 591 3638; x_wconf 90' lang='lat' dir='ltr'><strong>laboris.</strong></span> <span class='ocrx_word' id='word_1_502' title='bbox 618 3583 705 3637; x_wconf 81' lang='lat' dir='ltr'><strong>Ad</strong></span> <span class='ocrx_word' id='word_1_503' title='bbox 720 3600 814 3638; x_wconf 89' lang='lat' dir='ltr'><strong>me</strong></span> <span class='ocrx_word' id='word_1_504' title='bbox 836 3599 972 3655; x_wconf 89' lang='lat' dir='ltr'><strong>ergo</strong></span> <span class='ocrx_word' id='word_1_505' title='bbox 985 3582 1175 3639; x_wconf 89' lang='lat' dir='ltr'><strong>venite</strong></span> <span class='ocrx_word' id='word_1_506' title='bbox 1201 3583 1456 3656; x_wconf 90' lang='lat' dir='ltr'><strong>quiaego</strong></span> <span class='ocrx_word' id='word_1_507' title='bbox 1476 3601 1608 3639; x_wconf 91' lang='lat' dir='ltr'><strong>sum</strong></span> <span class='ocrx_word' id='word_1_508' title='bbox 1636 3589 1823 3641; x_wconf 90' lang='lat' dir='ltr'><strong>totum</strong></span> <span class='ocrx_word' id='word_1_509' title='bbox 1846 3586 2001 3657; x_wconf 91' lang='lat' dir='ltr'><strong>quod</strong></span> 
     </span>
    </p>
   </div>
   <div class='ocr_carea' id='block_1_68' title="bbox 352 3672 2002 3747">
    <p class='ocr_par' dir='ltr' id='par_1_68' title="bbox 352 3672 2002 3747">
     <span class='ocr_line' id='line_1_68' title="bbox 352 3672 2002 3747; baseline 0.002 -20"><span class='ocrx_word' id='word_1_510' title='bbox 352 3672 633 3742; x_wconf 83' lang='lat' dir='ltr'><strong>quaeritis.</strong></span> <span class='ocrx_word' id='word_1_511' title='bbox 666 3672 735 3727; x_wconf 89' lang='lat' dir='ltr'><strong>Et</strong></span> <span class='ocrx_word' id='word_1_512' title='bbox 766 3689 838 3727; x_wconf 92' lang='lat' dir='ltr'><strong>ne</strong></span> <span class='ocrx_word' id='word_1_513' title='bbox 868 3673 1011 3728; x_wconf 87' lang='lat' dir='ltr'><strong>forte</strong></span> <span class='ocrx_word' id='word_1_514' title='bbox 1042 3673 1309 3729; x_wconf 90' lang='lat' dir='ltr'><strong>homines</strong></span> <span class='ocrx_word' id='word_1_515' title='bbox 1342 3674 1874 3747; x_wconf 89' lang='lat' dir='ltr'><strong>audientesjugum</strong></span> <span class='ocrx_word' id='word_1_516' title='bbox 1906 3692 2002 3730; x_wconf 84' lang='lat' dir='ltr'><strong>ex-</strong></span> 
     </span>
    </p>
   </div>
   <div class='ocr_carea' id='block_1_69' title="bbox 351 3759 2001 3835">
    <p class='ocr_par' dir='ltr' id='par_1_69' title="bbox 351 3759 2001 3835">
     <span class='ocr_line' id='line_1_69' title="bbox 351 3759 2001 3835; baseline 0.001 -19"><span class='ocrx_word' id='word_1_517' title='bbox 351 3759 971 3832; x_wconf 87' lang='lat' dir='ltr'><strong>pavescerent,idcireo</strong></span> <span class='ocrx_word' id='word_1_518' title='bbox 986 3762 1291 3832; x_wconf 86' lang='lat' dir='ltr'><strong>subjunxit</strong></span> <span class='ocrx_word' id='word_1_519' title='bbox 1308 3779 1321 3816; x_wconf 87' lang='lat'>:</span> <span class='ocrx_word' id='word_1_520' title='bbox 1339 3785 1365 3812; x_wconf 83' lang='lat'><strong>«</strong></span> <span class='ocrx_word' id='word_1_521' title='bbox 1390 3762 1609 3835; x_wconf 90' lang='lat' dir='ltr'><strong>Jugum</strong></span> <span class='ocrx_word' id='word_1_522' title='bbox 1624 3762 1779 3818; x_wconf 90' lang='lat' dir='ltr'><strong>enim</strong></span> <span class='ocrx_word' id='word_1_523' title='bbox 1803 3780 2001 3819; x_wconf 91' lang='lat' dir='ltr'><strong>meum</strong></span> 
     </span>
    </p>
   </div>
   <div class='ocr_carea' id='block_1_70' title="bbox 350 3850 2001 3923">
    <p class='ocr_par' dir='ltr' id='par_1_70' title="bbox 350 3850 2001 3923">
     <span class='ocr_line' id='line_1_70' title="bbox 350 3850 2001 3923; baseline 0.002 -19"><span class='ocrx_word' id='word_1_524' title='bbox 350 3865 527 3904; x_wconf 89' lang='lat' dir='ltr'><strong>suave</strong></span> <span class='ocrx_word' id='word_1_525' title='bbox 552 3854 659 3919; x_wconf 87' lang='lat' dir='ltr'><strong>est,</strong></span> <span class='ocrx_word' id='word_1_526' title='bbox 691 3853 748 3904; x_wconf 89' lang='lat' dir='ltr'><strong>et</strong></span> <span class='ocrx_word' id='word_1_527' title='bbox 778 3866 927 3905; x_wconf 89' lang='lat' dir='ltr'><strong>onus</strong></span> <span class='ocrx_word' id='word_1_528' title='bbox 948 3867 1145 3906; x_wconf 90' lang='lat' dir='ltr'><strong>meum</strong></span> <span class='ocrx_word' id='word_1_529' title='bbox 1165 3850 1305 3918; x_wconf 91' lang='lat' dir='ltr'><strong>leve,</strong></span> <span class='ocrx_word' id='word_1_530' title='bbox 1337 3873 1364 3900; x_wconf 82' lang='lat'>»</span> <span class='ocrx_word' id='word_1_531' title='bbox 1397 3850 1617 3907; x_wconf 89' lang='lat' dir='ltr'><strong>scilicet</strong></span> <span class='ocrx_word' id='word_1_532' title='bbox 1647 3869 1716 3908; x_wconf 89' lang='lat' dir='ltr'><strong>ne</strong></span> <span class='ocrx_word' id='word_1_533' title='bbox 1746 3853 2001 3923; x_wconf 82' lang='lat' dir='ltr'><strong>paveatis</strong></span> 
     </span>
    </p>
   </div>
   <div class='ocr_carea' id='block_1_71' title="bbox 352 3939 1991 4011">
    <p class='ocr_par' dir='ltr' id='par_1_71' title="bbox 352 3939 1991 4011">
     <span class='ocr_line' id='line_1_71' title="bbox 352 3939 1991 4011; baseline 0.004 -19"><span class='ocrx_word' id='word_1_534' title='bbox 352 3953 489 3993; x_wconf 89' lang='lat' dir='ltr'><strong>cum</strong></span> <span class='ocrx_word' id='word_1_535' title='bbox 515 3939 725 4011; x_wconf 88' lang='lat' dir='ltr'><strong>jugum</strong></span> <span class='ocrx_word' id='word_1_536' title='bbox 776 3939 1048 4009; x_wconf 88' lang='lat' dir='ltr'><strong>audistis,</strong></span> <span class='ocrx_word' id='word_1_537' title='bbox 1079 3940 1359 4011; x_wconf 88' lang='lat' dir='ltr'><strong>quoniam</strong></span> <span class='ocrx_word' id='word_1_538' title='bbox 1413 3958 1589 3996; x_wconf 90' lang='lat' dir='ltr'><strong>suave</strong></span> <span class='ocrx_word' id='word_1_539' title='bbox 1619 3946 1676 3996; x_wconf 90' lang='lat' dir='ltr'><strong>et</strong></span> <span class='ocrx_word' id='word_1_540' title='bbox 1729 3941 1849 3998; x_wconf 91' lang='lat' dir='ltr'><strong>leve</strong></span> <span class='ocrx_word' id='word_1_541' title='bbox 1880 3947 1991 3998; x_wconf 92' lang='lat' dir='ltr'><strong>est.</strong></span> 
     </span>
    </p>
   </div>
   <div class='ocr_carea' id='block_1_72' title="bbox 351 4026 2000 4102">
    <p class='ocr_par' dir='ltr' id='par_1_72' title="bbox 351 4026 2000 4102">
     <span class='ocr_line' id='line_1_72' title="bbox 351 4026 2000 4102; baseline 0.003 -20"><span class='ocrx_word' id='word_1_542' title='bbox 351 4026 465 4082; x_wconf 87' lang='lat' dir='ltr'><strong>Sed</strong></span> <span class='ocrx_word' id='word_1_543' title='bbox 496 4029 877 4098; x_wconf 74' lang='lat' dir='ltr'><strong>quaerendum</strong></span> <span class='ocrx_word' id='word_1_544' title='bbox 910 4032 999 4084; x_wconf 90' lang='lat' dir='ltr'><strong>est</strong></span> <span class='ocrx_word' id='word_1_545' title='bbox 1028 4046 1207 4101; x_wconf 89' lang='lat' dir='ltr'><strong>quare</strong></span> <span class='ocrx_word' id='word_1_546' title='bbox 1257 4029 1542 4085; x_wconf 89' lang='lat' dir='ltr'><strong>Dominus</strong></span> <span class='ocrx_word' id='word_1_547' title='bbox 1592 4031 1749 4086; x_wconf 89' lang='lat' dir='ltr'><strong>dicat</strong></span> <span class='ocrx_word' id='word_1_548' title='bbox 1790 4033 2000 4102; x_wconf 83' lang='lat' dir='ltr'><strong>jugum</strong></span> 
     </span>
    </p>
   </div>
   <div class='ocr_carea' id='block_1_73' title="bbox 349 4120 1999 4177">
    <p class='ocr_par' dir='ltr' id='par_1_73' title="bbox 349 4120 1999 4177">
     <span class='ocr_line' id='line_1_73' title="bbox 349 4120 1999 4177; baseline 0.004 -6"><span class='ocrx_word' id='word_1_549' title='bbox 349 4132 527 4171; x_wconf 90' lang='lat' dir='ltr'><strong>suum</strong></span> <span class='ocrx_word' id='word_1_550' title='bbox 586 4134 761 4172; x_wconf 91' lang='lat' dir='ltr'><strong>suave</strong></span> <span class='ocrx_word' id='word_1_551' title='bbox 805 4122 861 4172; x_wconf 90' lang='lat' dir='ltr'><strong>et</strong></span> <span class='ocrx_word' id='word_1_552' title='bbox 892 4134 1044 4172; x_wconf 89' lang='lat' dir='ltr'><strong>onus</strong></span> <span class='ocrx_word' id='word_1_553' title='bbox 1097 4120 1219 4173; x_wconf 89' lang='lat' dir='ltr'><strong>leve</strong></span> <span class='ocrx_word' id='word_1_554' title='bbox 1253 4135 1384 4173; x_wconf 89' lang='lat' dir='ltr'><strong>cum</strong></span> <span class='ocrx_word' id='word_1_555' title='bbox 1442 4120 1755 4174; x_wconf 86' lang='lat' dir='ltr'><strong>Psalmista</strong></span> <span class='ocrx_word' id='word_1_556' title='bbox 1802 4121 1999 4177; x_wconf 88' lang='lat' dir='ltr'><strong>dicat:</strong></span> 
     </span>
    </p>
   </div>
   <div class='ocr_carea' id='block_1_74' title="bbox 351 4205 1999 4279">
    <p class='ocr_par' dir='ltr' id='par_1_74' title="bbox 351 4205 1999 4279">
     <span class='ocr_line' id='line_1_74' title="bbox 351 4205 1999 4279; baseline 0.002 -20"><span class='ocrx_word' id='word_1_557' title='bbox 351 4227 379 4253; x_wconf 89' lang='grc'><strong>‹‹</strong></span> <span class='ocrx_word' id='word_1_558' title='bbox 412 4205 529 4276; x_wconf 77' lang='lat' dir='ltr'><strong>Ego</strong></span> <span class='ocrx_word' id='word_1_559' title='bbox 560 4206 847 4261; x_wconf 91' lang='lat' dir='ltr'><strong>custodivi</strong></span> <span class='ocrx_word' id='word_1_560' title='bbox 877 4207 1001 4261; x_wconf 90' lang='lat' dir='ltr'><strong>vias</strong></span> <span class='ocrx_word' id='word_1_561' title='bbox 1035 4207 1216 4262; x_wconf 90' lang='lat' dir='ltr'><strong>duras</strong></span> <span class='ocrx_word' id='word_1_562' title='bbox 1240 4225 1254 4274; x_wconf 88' lang='lat'><strong>;</strong></span> <span class='ocrx_word' id='word_1_563' title='bbox 1277 4229 1304 4255; x_wconf 84' lang='lat'>»</span> <span class='ocrx_word' id='word_1_564' title='bbox 1323 4210 1380 4261; x_wconf 92' lang='lat' dir='ltr'><strong>et</strong></span> <span class='ocrx_word' id='word_1_565' title='bbox 1410 4208 1536 4278; x_wconf 89' lang='lat' dir='ltr'><strong>ipse</strong></span> <span class='ocrx_word' id='word_1_566' title='bbox 1570 4208 1629 4262; x_wconf 92' lang='lat' dir='ltr'><strong>in</strong></span> <span class='ocrx_word' id='word_1_567' title='bbox 1658 4209 1999 4279; x_wconf 89' lang='lat' dir='ltr'><strong>Evangelio:</strong></span> 
     </span>
    </p>
   </div>
   <div class='ocr_carea' id='block_1_75' title="bbox 362 4297 2003 4367">
    <p class='ocr_par' dir='ltr' id='par_1_75' title="bbox 362 4297 2003 4367">
     <span class='ocr_line' id='line_1_75' title="bbox 362 4297 2003 4367; baseline 0.002 -19"><span class='ocrx_word' id='word_1_568' title='bbox 362 4312 383 4341; x_wconf 77' lang='grc' dir='ltr'>ι</span> <span class='ocrx_word' id='word_1_569' title='bbox 420 4310 594 4363; x_wconf 89' lang='lat' dir='ltr'><strong>quam</strong></span> <span class='ocrx_word' id='word_1_570' title='bbox 626 4298 877 4365; x_wconf 88' lang='lat' dir='ltr'><strong>angusta</strong></span> <span class='ocrx_word' id='word_1_571' title='bbox 921 4298 1088 4367; x_wconf 89' lang='lat' dir='ltr'><strong>porta</strong></span> <span class='ocrx_word' id='word_1_572' title='bbox 1114 4299 1221 4365; x_wconf 90' lang='lat' dir='ltr'><strong>est,</strong></span> <span class='ocrx_word' id='word_1_573' title='bbox 1256 4299 1313 4350; x_wconf 89' lang='lat' dir='ltr'><strong>et</strong></span> <span class='ocrx_word' id='word_1_574' title='bbox 1361 4301 1520 4351; x_wconf 88' lang='lat' dir='ltr'><strong>arcta</strong></span> <span class='ocrx_word' id='word_1_575' title='bbox 1549 4297 1661 4352; x_wconf 91' lang='lat' dir='ltr'><strong>via.</strong></span> <span class='ocrx_word' id='word_1_576' title='bbox 1701 4320 1727 4344; x_wconf 84' lang='lat'>»</span> <span class='ocrx_word' id='word_1_577' title='bbox 1760 4301 1887 4350; x_wconf 65' lang='lat' dir='ltr'><strong>Haec</strong></span> <span class='ocrx_word' id='word_1_578' title='bbox 1917 4302 2003 4352; x_wconf 89' lang='lat' dir='ltr'><strong>ta-</strong></span> 
     </span>
    </p>
   </div>
   <div class='ocr_carea' id='block_1_76' title="bbox 353 4384 2003 4458">
    <p class='ocr_par' dir='ltr' id='par_1_76' title="bbox 353 4384 2003 4458">
     <span class='ocr_line' id='line_1_76' title="bbox 353 4384 2003 4458; baseline 0.002 -21"><span class='ocrx_word' id='word_1_579' title='bbox 353 4398 491 4446; x_wconf 78' lang='lat' dir='ltr'><strong>men</strong></span> <span class='ocrx_word' id='word_1_580' title='bbox 526 4400 640 4438; x_wconf 92' lang='lat' dir='ltr'><strong>non</strong></span> <span class='ocrx_word' id='word_1_581' title='bbox 673 4385 889 4440; x_wconf 90' lang='lat' dir='ltr'><strong>debent</strong></span> <span class='ocrx_word' id='word_1_582' title='bbox 915 4384 1099 4439; x_wconf 87' lang='lat' dir='ltr'><strong>videri</strong></span> <span class='ocrx_word' id='word_1_583' title='bbox 1148 4384 1300 4439; x_wconf 90' lang='lat' dir='ltr'><strong>inter</strong></span> <span class='ocrx_word' id='word_1_584' title='bbox 1331 4401 1392 4440; x_wconf 92' lang='lat' dir='ltr'><strong>se</strong></span> <span class='ocrx_word' id='word_1_585' title='bbox 1439 4384 1751 4440; x_wconf 90' lang='lat' dir='ltr'><strong>contraria.</strong></span> <span class='ocrx_word' id='word_1_586' title='bbox 1783 4386 2003 4458; x_wconf 86' lang='lat' dir='ltr'><strong>Jugum</strong></span> 
     </span>
    </p>
   </div>
   <div class='ocr_carea' id='block_1_77' title="bbox 350 4471 2003 4545">
    <p class='ocr_par' dir='ltr' id='par_1_77' title="bbox 350 4471 2003 4545">
     <span class='ocr_line' id='line_1_77' title="bbox 350 4471 2003 4545; baseline 0.002 -20"><span class='ocrx_word' id='word_1_587' title='bbox 350 4471 509 4526; x_wconf 91' lang='lat' dir='ltr'><strong>enim</strong></span> <span class='ocrx_word' id='word_1_588' title='bbox 545 4489 721 4528; x_wconf 91' lang='lat' dir='ltr'><strong>suum</strong></span> <span class='ocrx_word' id='word_1_589' title='bbox 752 4473 1088 4529; x_wconf 87' lang='lat' dir='ltr'><strong>volentibus</strong></span> <span class='ocrx_word' id='word_1_590' title='bbox 1121 4472 1245 4528; x_wconf 85' lang='lat' dir='ltr'><strong>leve</strong></span> <span class='ocrx_word' id='word_1_591' title='bbox 1274 4478 1382 4542; x_wconf 90' lang='lat' dir='ltr'><strong>est,</strong></span> <span class='ocrx_word' id='word_1_592' title='bbox 1416 4474 1515 4529; x_wconf 91' lang='lat' dir='ltr'><strong>sed</strong></span> <span class='ocrx_word' id='word_1_593' title='bbox 1549 4490 1721 4545; x_wconf 90' lang='lat' dir='ltr'><strong>grave</strong></span> <span class='ocrx_word' id='word_1_594' title='bbox 1752 4474 2003 4530; x_wconf 88' lang='lat' dir='ltr'><strong>nolenti-</strong></span> 
     </span>
    </p>
   </div>
   <div class='ocr_carea' id='block_1_78' title="bbox 348 4559 2005 4635">
    <p class='ocr_par' dir='ltr' id='par_1_78' title="bbox 348 4559 2005 4635">
     <span class='ocr_line' id='line_1_78' title="bbox 348 4559 2005 4635; baseline 0.003 -21"><span class='ocrx_word' id='word_1_595' title='bbox 348 4559 463 4615; x_wconf 88' lang='lat' dir='ltr'><strong>bus</strong></span> <span class='ocrx_word' id='word_1_596' title='bbox 498 4578 511 4616; x_wconf 88' lang='lat'><strong>:</strong></span> <span class='ocrx_word' id='word_1_597' title='bbox 546 4578 721 4633; x_wconf 89' lang='lat' dir='ltr'><strong>grave</strong></span> <span class='ocrx_word' id='word_1_598' title='bbox 738 4567 827 4617; x_wconf 90' lang='lat' dir='ltr'><strong>est</strong></span> <span class='ocrx_word' id='word_1_599' title='bbox 856 4562 1293 4633; x_wconf 85' lang='lat' dir='ltr'><strong>inchoantibus,</strong></span> <span class='ocrx_word' id='word_1_600' title='bbox 1324 4564 1423 4617; x_wconf 89' lang='lat' dir='ltr'><strong>sed</strong></span> <span class='ocrx_word' id='word_1_601' title='bbox 1444 4561 1564 4618; x_wconf 92' lang='lat' dir='ltr'><strong>leve</strong></span> <span class='ocrx_word' id='word_1_602' title='bbox 1594 4568 1685 4620; x_wconf 88' lang='lat' dir='ltr'><strong>est</strong></span> <span class='ocrx_word' id='word_1_603' title='bbox 1707 4565 2005 4635; x_wconf 83' lang='lat' dir='ltr'><strong>proﬁcien-</strong></span> 
     </span>
    </p>
   </div>
   <div class='ocr_carea' id='block_1_79' title="bbox 2112 3395 3751 3463">
    <p class='ocr_par' dir='ltr' id='par_1_79' title="bbox 2112 3395 3751 3463">
     <span class='ocr_line' id='line_1_79' title="bbox 2112 3395 3751 3463; baseline -0.009 0"><span class='ocrx_word' id='word_1_604' title='bbox 2112 3412 2301 3463; x_wconf 89' lang='lat' dir='ltr'><strong>mater</strong></span> <span class='ocrx_word' id='word_1_605' title='bbox 2346 3409 2602 3463; x_wconf 82' lang='lat' dir='ltr'><strong>filiorum</strong></span> <span class='ocrx_word' id='word_1_606' title='bbox 2636 3408 2891 3462; x_wconf 72' lang='lat' dir='ltr'><strong>Zebedzei</strong></span> <span class='ocrx_word' id='word_1_607' title='bbox 2932 3405 3295 3462; x_wconf 88' lang='lat' dir='ltr'><strong>occasionem</strong></span> <span class='ocrx_word' id='word_1_608' title='bbox 3344 3397 3653 3457; x_wconf 90' lang='lat' dir='ltr'><strong>accedendi</strong></span> <span class='ocrx_word' id='word_1_609' title='bbox 3681 3395 3751 3451; x_wconf 92' lang='lat' dir='ltr'><strong>ad</strong></span> 
     </span>
    </p>
   </div>
   <div class='ocr_carea' id='block_1_80' title="bbox 2112 3486 3752 3568">
    <p class='ocr_par' dir='ltr' id='par_1_80' title="bbox 2112 3486 3752 3568">
     <span class='ocr_line' id='line_1_80' title="bbox 2112 3486 3752 3568; baseline -0.007 -18"><span class='ocrx_word' id='word_1_610' title='bbox 2112 3497 2448 3561; x_wconf 86' lang='lat' dir='ltr'><strong>Dominum,</strong></span> <span class='ocrx_word' id='word_1_611' title='bbox 2480 3502 2537 3552; x_wconf 91' lang='lat' dir='ltr'><strong>et</strong></span> <span class='ocrx_word' id='word_1_612' title='bbox 2586 3496 2923 3568; x_wconf 89' lang='lat' dir='ltr'><strong>postulandi</strong></span> <span class='ocrx_word' id='word_1_613' title='bbox 2970 3494 3188 3565; x_wconf 89' lang='lat' dir='ltr'><strong>aliquid</strong></span> <span class='ocrx_word' id='word_1_614' title='bbox 3241 3493 3313 3547; x_wconf 91' lang='lat' dir='ltr'><strong>ab</strong></span> <span class='ocrx_word' id='word_1_615' title='bbox 3346 3507 3435 3547; x_wconf 93' lang='lat' dir='ltr'><strong>eo.</strong></span> <span class='ocrx_word' id='word_1_616' title='bbox 3469 3486 3752 3544; x_wconf 89' lang='lat' dir='ltr'><strong>Dominus</strong></span> 
     </span>
    </p>
   </div>
   <div class='ocr_carea' id='block_1_81' title="bbox 2112 3580 3758 3658">
    <p class='ocr_par' dir='ltr' id='par_1_81' title="bbox 2112 3580 3758 3658">
     <span class='ocr_line' id='line_1_81' title="bbox 2112 3580 3758 3658; baseline -0.007 -15"><span class='ocrx_word' id='word_1_617' title='bbox 2112 3587 2269 3643; x_wconf 90' lang='lat' dir='ltr'><strong>enim</strong></span> <span class='ocrx_word' id='word_1_618' title='bbox 2303 3585 2607 3658; x_wconf 91' lang='lat' dir='ltr'><strong>discipulis</strong></span> <span class='ocrx_word' id='word_1_619' title='bbox 2637 3585 2936 3641; x_wconf 86' lang='lat' dir='ltr'><strong>tristitiam</strong></span> <span class='ocrx_word' id='word_1_620' title='bbox 2972 3580 3401 3657; x_wconf 85' lang='lat' dir='ltr'><strong>praenuntiavit,</strong></span> <span class='ocrx_word' id='word_1_621' title='bbox 3420 3580 3477 3634; x_wconf 90' lang='lat' dir='ltr'><strong>id</strong></span> <span class='ocrx_word' id='word_1_622' title='bbox 3508 3582 3597 3634; x_wconf 89' lang='lat' dir='ltr'><strong>est</strong></span> <span class='ocrx_word' id='word_1_623' title='bbox 3619 3594 3758 3648; x_wconf 70' lang='lat' dir='ltr'><strong>prae-</strong></span> 
     </span>
    </p>
   </div>
   <div class='ocr_carea' id='block_1_82' title="bbox 2111 3666 3754 3749">
    <p class='ocr_par' dir='ltr' id='par_1_82' title="bbox 2111 3666 3754 3749">
     <span class='ocr_line' id='line_1_82' title="bbox 2111 3666 3754 3749; baseline -0.007 -18"><span class='ocrx_word' id='word_1_624' title='bbox 2111 3677 2259 3732; x_wconf 83' lang='lat' dir='ltr'><strong>dixit</strong></span> <span class='ocrx_word' id='word_1_625' title='bbox 2282 3676 2666 3749; x_wconf 87' lang='lat' dir='ltr'><strong>ignominiam</strong></span> <span class='ocrx_word' id='word_1_626' title='bbox 2686 3675 2977 3746; x_wconf 90' lang='lat' dir='ltr'><strong>passionis</strong></span> <span class='ocrx_word' id='word_1_627' title='bbox 3004 3691 3016 3741; x_wconf 89' lang='lat'><strong>;</strong></span> <span class='ocrx_word' id='word_1_628' title='bbox 3049 3673 3205 3727; x_wconf 92' lang='lat' dir='ltr'><strong>unde</strong></span> <span class='ocrx_word' id='word_1_629' title='bbox 3222 3687 3359 3743; x_wconf 86' lang='lat' dir='ltr'><strong>ergo</strong></span> <span class='ocrx_word' id='word_1_630' title='bbox 3382 3666 3637 3739; x_wconf 90' lang='lat' dir='ltr'><strong>sumpsit</strong></span> <span class='ocrx_word' id='word_1_631' title='bbox 3659 3682 3754 3721; x_wconf 86' lang='lat' dir='ltr'><strong>oc-</strong></span> 
     </span>
    </p>
   </div>
   <div class='ocr_carea' id='block_1_83' title="bbox 2112 3755 3757 3831">
    <p class='ocr_par' dir='ltr' id='par_1_83' title="bbox 2112 3755 3757 3831">
     <span class='ocr_line' id='line_1_83' title="bbox 2112 3755 3757 3831; baseline -0.009 -9"><span class='ocrx_word' id='word_1_632' title='bbox 2112 3767 2406 3822; x_wconf 88' lang='lat' dir='ltr'><strong>casionem</strong></span> <span class='ocrx_word' id='word_1_633' title='bbox 2439 3765 2749 3821; x_wconf 86' lang='lat' dir='ltr'><strong>accedendi</strong></span> <span class='ocrx_word' id='word_1_634' title='bbox 2771 3764 2840 3819; x_wconf 90' lang='lat' dir='ltr'><strong>ad</strong></span> <span class='ocrx_word' id='word_1_635' title='bbox 2874 3763 3215 3828; x_wconf 90' lang='lat' dir='ltr'><strong>Dominum,</strong></span> <span class='ocrx_word' id='word_1_636' title='bbox 3246 3765 3313 3814; x_wconf 91' lang='lat' dir='ltr'><strong>ut</strong></span> <span class='ocrx_word' id='word_1_637' title='bbox 3335 3756 3655 3831; x_wconf 88' lang='lat' dir='ltr'><strong>postularet</strong></span> <span class='ocrx_word' id='word_1_638' title='bbox 3684 3755 3757 3810; x_wconf 91' lang='lat' dir='ltr'><strong>ab</strong></span> 
     </span>
    </p>
   </div>
   <div class='ocr_carea' id='block_1_84' title="bbox 2111 3845 3753 3928">
    <p class='ocr_par' dir='ltr' id='par_1_84' title="bbox 2111 3845 3753 3928">
     <span class='ocr_line' id='line_1_84' title="bbox 2111 3845 3753 3928; baseline -0.008 -16"><span class='ocrx_word' id='word_1_639' title='bbox 2111 3873 2177 3912; x_wconf 90' lang='lat' dir='ltr'><strong>eo</strong></span> <span class='ocrx_word' id='word_1_640' title='bbox 2209 3855 2453 3928; x_wconf 88' lang='lat' dir='ltr'><strong>gloriam</strong></span> <span class='ocrx_word' id='word_1_641' title='bbox 2476 3854 2796 3926; x_wconf 83' lang='lat' dir='ltr'><strong>regnandi?</strong></span> <span class='ocrx_word' id='word_1_642' title='bbox 2828 3848 3375 3909; x_wconf 82' lang='lat' dir='ltr'><strong>Recordabaturilla</strong></span> <span class='ocrx_word' id='word_1_643' title='bbox 3396 3846 3533 3918; x_wconf 88' lang='lat' dir='ltr'><strong>quia</strong></span> <span class='ocrx_word' id='word_1_644' title='bbox 3558 3845 3753 3901; x_wconf 89' lang='lat' dir='ltr'><strong>Domi-</strong></span> 
     </span>
    </p>
   </div>
   <div class='ocr_carea' id='block_1_85' title="bbox 2112 3933 3752 4016">
    <p class='ocr_par' dir='ltr' id='par_1_85' title="bbox 2112 3933 3752 4016">
     <span class='ocr_line' id='line_1_85' title="bbox 2112 3933 3752 4016; baseline -0.007 -16"><span class='ocrx_word' id='word_1_645' title='bbox 2112 3963 2223 4001; x_wconf 88' lang='lat' dir='ltr'><strong>nus</strong></span> <span class='ocrx_word' id='word_1_646' title='bbox 2254 3944 2525 4016; x_wconf 90' lang='lat' dir='ltr'><strong>superius</strong></span> <span class='ocrx_word' id='word_1_647' title='bbox 2547 3940 3138 4015; x_wconf 89' lang='lat' dir='ltr'><strong>promisitdiscipulis</strong></span> <span class='ocrx_word' id='word_1_648' title='bbox 3172 3939 3296 3995; x_wconf 89' lang='lat' dir='ltr'><strong>suis</strong></span> <span class='ocrx_word' id='word_1_649' title='bbox 3326 3937 3526 3993; x_wconf 90' lang='lat' dir='ltr'><strong>dicens</strong></span> <span class='ocrx_word' id='word_1_650' title='bbox 3547 3952 3559 3989; x_wconf 90' lang='lat'>:</span> <span class='ocrx_word' id='word_1_651' title='bbox 3579 3957 3607 3986; x_wconf 86' lang='lat'><strong>«</strong></span> <span class='ocrx_word' id='word_1_652' title='bbox 3635 3933 3752 3989; x_wconf 88' lang='lat' dir='ltr'><strong>Vos</strong></span> 
     </span>
    </p>
   </div>
   <div class='ocr_carea' id='block_1_86' title="bbox 2112 4022 3758 4105">
    <p class='ocr_par' dir='ltr' id='par_1_86' title="bbox 2112 4022 3758 4105">
     <span class='ocr_line' id='line_1_86' title="bbox 2112 4022 3758 4105; baseline -0.006 -17"><span class='ocrx_word' id='word_1_653' title='bbox 2112 4035 2213 4105; x_wconf 91' lang='lat' dir='ltr'><strong>qui</strong></span> <span class='ocrx_word' id='word_1_654' title='bbox 2246 4035 2429 4090; x_wconf 90' lang='lat' dir='ltr'><strong>secuti</strong></span> <span class='ocrx_word' id='word_1_655' title='bbox 2471 4033 2611 4087; x_wconf 82' lang='lat' dir='ltr'><strong>estis</strong></span> <span class='ocrx_word' id='word_1_656' title='bbox 2662 4049 2755 4087; x_wconf 90' lang='lat' dir='ltr'><strong>me</strong></span> <span class='ocrx_word' id='word_1_657' title='bbox 2784 4033 2843 4086; x_wconf 90' lang='lat' dir='ltr'><strong>in</strong></span> <span class='ocrx_word' id='word_1_658' title='bbox 2892 4030 3347 4103; x_wconf 85' lang='lat' dir='ltr'><strong>regeneratione,</strong></span> <span class='ocrx_word' id='word_1_659' title='bbox 3376 4042 3510 4082; x_wconf 89' lang='lat' dir='ltr'><strong>cum</strong></span> <span class='ocrx_word' id='word_1_660' title='bbox 3542 4022 3758 4082; x_wconf 91' lang='lat' dir='ltr'><strong>sederit</strong></span> 
     </span>
    </p>
   </div>
   <div class='ocr_carea' id='block_1_87' title="bbox 2112 4114 3762 4191">
    <p class='ocr_par' dir='ltr' id='par_1_87' title="bbox 2112 4114 3762 4191">
     <span class='ocr_line' id='line_1_87' title="bbox 2112 4114 3762 4191; baseline -0.006 -13"><span class='ocrx_word' id='word_1_661' title='bbox 2112 4122 2292 4178; x_wconf 86' lang='lat' dir='ltr'><strong>Filius</strong></span> <span class='ocrx_word' id='word_1_662' title='bbox 2323 4122 2579 4176; x_wconf 90' lang='lat' dir='ltr'><strong>hominis</strong></span> <span class='ocrx_word' id='word_1_663' title='bbox 2610 4120 2666 4175; x_wconf 92' lang='lat' dir='ltr'><strong>in</strong></span> <span class='ocrx_word' id='word_1_664' title='bbox 2702 4121 2838 4175; x_wconf 90' lang='lat' dir='ltr'><strong>sede</strong></span> <span class='ocrx_word' id='word_1_665' title='bbox 2870 4118 3192 4191; x_wconf 83' lang='lat' dir='ltr'><strong>majestatis</strong></span> <span class='ocrx_word' id='word_1_666' title='bbox 3224 4135 3363 4183; x_wconf 67' lang='lat' dir='ltr'><strong>suae,</strong></span> <span class='ocrx_word' id='word_1_667' title='bbox 3396 4114 3673 4172; x_wconf 88' lang='lat' dir='ltr'><strong>sedebitis</strong></span> <span class='ocrx_word' id='word_1_668' title='bbox 3705 4117 3762 4169; x_wconf 93' lang='lat' dir='ltr'><strong>et</strong></span> 
     </span>
    </p>
   </div>
   <div class='ocr_carea' id='block_1_88' title="bbox 2110 4205 3757 4283">
    <p class='ocr_par' dir='ltr' id='par_1_88' title="bbox 2110 4205 3757 4283">
     <span class='ocr_line' id='line_1_88' title="bbox 2110 4205 3757 4283; baseline -0.004 -17"><span class='ocrx_word' id='word_1_669' title='bbox 2110 4229 2212 4267; x_wconf 91' lang='lat' dir='ltr'><strong>vos</strong></span> <span class='ocrx_word' id='word_1_670' title='bbox 2274 4228 2450 4283; x_wconf 88' lang='lat' dir='ltr'><strong>super</strong></span> <span class='ocrx_word' id='word_1_671' title='bbox 2500 4211 2668 4266; x_wconf 87' lang='lat' dir='ltr'><strong>sedes</strong></span> <span class='ocrx_word' id='word_1_672' title='bbox 2718 4211 3025 4266; x_wconf 90' lang='lat' dir='ltr'><strong>duodecim</strong></span> <span class='ocrx_word' id='word_1_673' title='bbox 3066 4209 3399 4279; x_wconf 88' lang='lat' dir='ltr'><strong>judicantes</strong></span> <span class='ocrx_word' id='word_1_674' title='bbox 3450 4205 3757 4262; x_wconf 91' lang='lat' dir='ltr'><strong>duodecim</strong></span> 
     </span>
    </p>
   </div>
   <div class='ocr_carea' id='block_1_89' title="bbox 2111 4294 3756 4372">
    <p class='ocr_par' dir='ltr' id='par_1_89' title="bbox 2111 4294 3756 4372">
     <span class='ocr_line' id='line_1_89' title="bbox 2111 4294 3756 4372; baseline -0.005 -17"><span class='ocrx_word' id='word_1_675' title='bbox 2111 4301 2300 4356; x_wconf 89' lang='lat' dir='ltr'><strong>tribus</strong></span> <span class='ocrx_word' id='word_1_676' title='bbox 2336 4299 2530 4355; x_wconf 83' lang='lat' dir='ltr'><strong>Israel.</strong></span> <span class='ocrx_word' id='word_1_677' title='bbox 2568 4323 2595 4348; x_wconf 85' lang='lat'>»</span> <span class='ocrx_word' id='word_1_678' title='bbox 2628 4302 2698 4355; x_wconf 87' lang='lat' dir='ltr'><strong>Et</strong></span> <span class='ocrx_word' id='word_1_679' title='bbox 2727 4301 2866 4372; x_wconf 87' lang='lat' dir='ltr'><strong>quia</strong></span> <span class='ocrx_word' id='word_1_680' title='bbox 2896 4301 3181 4356; x_wconf 90' lang='lat' dir='ltr'><strong>Dominus</strong></span> <span class='ocrx_word' id='word_1_681' title='bbox 3203 4302 3334 4370; x_wconf 89' lang='lat' dir='ltr'><strong>post</strong></span> <span class='ocrx_word' id='word_1_682' title='bbox 3365 4296 3563 4351; x_wconf 90' lang='lat' dir='ltr'><strong>omnia</strong></span> <span class='ocrx_word' id='word_1_683' title='bbox 3592 4294 3756 4348; x_wconf 86' lang='lat' dir='ltr'><strong>dixe-</strong></span> 
     </span>
    </p>
   </div>
   <div class='ocr_carea' id='block_1_90' title="bbox 2113 4383 3755 4462">
    <p class='ocr_par' dir='ltr' id='par_1_90' title="bbox 2113 4383 3755 4462">
     <span class='ocr_line' id='line_1_90' title="bbox 2113 4383 3755 4462; baseline -0.004 -18"><span class='ocrx_word' id='word_1_684' title='bbox 2113 4394 2202 4445; x_wconf 87' lang='lat' dir='ltr'><strong>rat</strong></span> <span class='ocrx_word' id='word_1_685' title='bbox 2236 4407 2248 4444; x_wconf 92' lang='lat'>:</span> <span class='ocrx_word' id='word_1_686' title='bbox 2288 4412 2315 4439; x_wconf 85' lang='lat'><strong>«</strong></span> <span class='ocrx_word' id='word_1_687' title='bbox 2346 4393 2401 4445; x_wconf 90' lang='lat' dir='ltr'><strong>et</strong></span> <span class='ocrx_word' id='word_1_688' title='bbox 2432 4390 2599 4443; x_wconf 89' lang='lat' dir='ltr'><strong>tertia</strong></span> <span class='ocrx_word' id='word_1_689' title='bbox 2631 4390 2721 4445; x_wconf 89' lang='lat' dir='ltr'><strong>die</strong></span> <span class='ocrx_word' id='word_1_690' title='bbox 2755 4394 3040 4462; x_wconf 88' lang='lat' dir='ltr'><strong>resurget,</strong></span> <span class='ocrx_word' id='word_1_691' title='bbox 3076 4410 3103 4437; x_wconf 73' lang='grc' dir='ltr'>υ</span> <span class='ocrx_word' id='word_1_692' title='bbox 3136 4388 3359 4459; x_wconf 86' lang='lat' dir='ltr'><strong>putavit</strong></span> <span class='ocrx_word' id='word_1_693' title='bbox 3388 4400 3520 4441; x_wconf 92' lang='lat' dir='ltr'><strong>eum</strong></span> <span class='ocrx_word' id='word_1_694' title='bbox 3553 4383 3755 4438; x_wconf 88' lang='lat' dir='ltr'><strong>statim</strong></span> 
     </span>
    </p>
   </div>
   <div class='ocr_carea' id='block_1_91' title="bbox 2112 4473 3753 4550">
    <p class='ocr_par' dir='ltr' id='par_1_91' title="bbox 2112 4473 3753 4550">
     <span class='ocr_line' id='line_1_91' title="bbox 2112 4473 3753 4550; baseline -0.004 -17"><span class='ocrx_word' id='word_1_695' title='bbox 2112 4483 2244 4550; x_wconf 90' lang='lat' dir='ltr'><strong>post</strong></span> <span class='ocrx_word' id='word_1_696' title='bbox 2274 4480 2757 4533; x_wconf 89' lang='lat' dir='ltr'><strong>resurrectionem</strong></span> <span class='ocrx_word' id='word_1_697' title='bbox 2777 4484 3090 4532; x_wconf 89' lang='lat' dir='ltr'><strong>venturum</strong></span> <span class='ocrx_word' id='word_1_698' title='bbox 3113 4494 3240 4532; x_wconf 90' lang='lat' dir='ltr'><strong>esse</strong></span> <span class='ocrx_word' id='word_1_699' title='bbox 3265 4475 3334 4529; x_wconf 85' lang='lat' dir='ltr'><strong>ad</strong></span> <span class='ocrx_word' id='word_1_700' title='bbox 3364 4473 3753 4545; x_wconf 87' lang='lat' dir='ltr'><strong>regnandum,</strong></span> 
     </span>
    </p>
   </div>
   <div class='ocr_carea' id='block_1_92' title="bbox 2112 4562 3757 4639">
    <p class='ocr_par' dir='ltr' id='par_1_92' title="bbox 2112 4562 3757 4639">
     <span class='ocr_line' id='line_1_92' title="bbox 2112 4562 3757 4639; baseline -0.004 -17"><span class='ocrx_word' id='word_1_701' title='bbox 2112 4573 2168 4623; x_wconf 90' lang='lat' dir='ltr'><strong>et</strong></span> <span class='ocrx_word' id='word_1_702' title='bbox 2200 4568 2355 4639; x_wconf 91' lang='lat' dir='ltr'><strong>quod</strong></span> <span class='ocrx_word' id='word_1_703' title='bbox 2387 4567 2446 4621; x_wconf 92' lang='lat' dir='ltr'><strong>in</strong></span> <span class='ocrx_word' id='word_1_704' title='bbox 2471 4567 2659 4637; x_wconf 90' lang='lat' dir='ltr'><strong>primo</strong></span> <span class='ocrx_word' id='word_1_705' title='bbox 2682 4569 2929 4621; x_wconf 88' lang='lat' dir='ltr'><strong>adventu</strong></span> <span class='ocrx_word' id='word_1_706' title='bbox 2963 4565 3374 4636; x_wconf 90' lang='lat' dir='ltr'><strong>complendum</strong></span> <span class='ocrx_word' id='word_1_707' title='bbox 3409 4562 3757 4633; x_wconf 89' lang='lat' dir='ltr'><strong>esset,quod</strong></span> 
     </span>
    </p>
   </div>
   <div class='ocr_carea' id='block_1_93' title="bbox 347 4647 3761 4733">
    <p class='ocr_par' dir='ltr' id='par_1_93' title="bbox 347 4647 3761 4733">
     <span class='ocr_line' id='line_1_93' title="bbox 347 4647 3761 4733; baseline 0.001 -30"><span class='ocrx_word' id='word_1_708' title='bbox 347 4647 530 4720; x_wconf 88' lang='lat' dir='ltr'><strong>tibus,</strong></span> <span class='ocrx_word' id='word_1_709' title='bbox 563 4654 621 4705; x_wconf 87' lang='lat' dir='ltr'><strong>et</strong></span> <span class='ocrx_word' id='word_1_710' title='bbox 650 4667 838 4723; x_wconf 89' lang='lat' dir='ltr'><strong>usque</strong></span> <span class='ocrx_word' id='word_1_711' title='bbox 869 4652 939 4706; x_wconf 88' lang='lat' dir='ltr'><strong>ad</strong></span> <span class='ocrx_word' id='word_1_712' title='bbox 973 4652 1343 4722; x_wconf 85' lang='lat' dir='ltr'><strong>perfectionis</strong></span> <span class='ocrx_word' id='word_1_713' title='bbox 1374 4651 1591 4707; x_wconf 86' lang='lat' dir='ltr'><strong>calcem</strong></span> <span class='ocrx_word' id='word_1_714' title='bbox 1626 4653 2005 4725; x_wconf 87' lang='lat' dir='ltr'><strong>pervenienti-</strong></span> <span class='ocrx_word' id='word_1_715' title='bbox 2034 4671 2080 4733; x_wconf 74' lang='grc' dir='ltr'><strong>Ι)</strong></span> <span class='ocrx_word' id='word_1_716' title='bbox 2113 4656 2523 4729; x_wconf 90' lang='lat' dir='ltr'><strong>complendum</strong></span> <span class='ocrx_word' id='word_1_717' title='bbox 2547 4656 2747 4713; x_wconf 85' lang='lat' dir='ltr'><strong>eratin</strong></span> <span class='ocrx_word' id='word_1_718' title='bbox 2772 4656 3049 4711; x_wconf 92' lang='lat' dir='ltr'><strong>secundo.</strong></span> <span class='ocrx_word' id='word_1_719' title='bbox 3075 4654 3290 4709; x_wconf 86' lang='lat' dir='ltr'><strong>Idcirco</strong></span> <span class='ocrx_word' id='word_1_720' title='bbox 3314 4652 3562 4707; x_wconf 85' lang='lat' dir='ltr'><strong>feminea</strong></span> <span class='ocrx_word' id='word_1_721' title='bbox 3583 4649 3761 4706; x_wconf 88' lang='lat' dir='ltr'><strong>avidi-</strong></span> 
     </span>
    </p>
   </div>
   <div class='ocr_carea' id='block_1_94' title="bbox 348 4736 2001 4813">
    <p class='ocr_par' dir='ltr' id='par_1_94' title="bbox 348 4736 2001 4813">
     <span class='ocr_line' id='line_1_94' title="bbox 348 4736 2001 4813; baseline 0.004 -22"><span class='ocrx_word' id='word_1_722' title='bbox 348 4736 483 4793; x_wconf 89' lang='lat' dir='ltr'><strong>bus.</strong></span> <span class='ocrx_word' id='word_1_723' title='bbox 517 4743 740 4794; x_wconf 90' lang='lat' dir='ltr'><strong>Durum</strong></span> <span class='ocrx_word' id='word_1_724' title='bbox 775 4743 831 4795; x_wconf 90' lang='lat' dir='ltr'><strong>et</strong></span> <span class='ocrx_word' id='word_1_725' title='bbox 863 4756 1135 4811; x_wconf 86' lang='lat' dir='ltr'><strong>asperum</strong></span> <span class='ocrx_word' id='word_1_726' title='bbox 1178 4746 1269 4795; x_wconf 88' lang='lat' dir='ltr'><strong>est</strong></span> <span class='ocrx_word' id='word_1_727' title='bbox 1300 4740 1438 4813; x_wconf 91' lang='lat' dir='ltr'><strong>quia</strong></span> <span class='ocrx_word' id='word_1_728' title='bbox 1466 4742 1668 4796; x_wconf 89' lang='lat' dir='ltr'><strong>multis</strong></span> <span class='ocrx_word' id='word_1_729' title='bbox 1702 4744 2001 4813; x_wconf 83' lang='lat' dir='ltr'><strong>quaeritur,</strong></span> 
     </span>
    </p>
   </div>
   <div class='ocr_carea' id='block_1_95' title="bbox 351 4827 2006 4902">
    <p class='ocr_par' dir='ltr' id='par_1_95' title="bbox 351 4827 2006 4902">
     <span class='ocr_line' id='line_1_95' title="bbox 351 4827 2006 4902; baseline 0.002 -19"><span class='ocrx_word' id='word_1_730' title='bbox 351 4827 453 4883; x_wconf 86' lang='lat' dir='ltr'><strong>sed</strong></span> <span class='ocrx_word' id='word_1_731' title='bbox 489 4844 524 4883; x_wconf 90' lang='lat' dir='ltr'><strong>a</strong></span> <span class='ocrx_word' id='word_1_732' title='bbox 552 4828 757 4899; x_wconf 88' lang='lat' dir='ltr'><strong>paucis</strong></span> <span class='ocrx_word' id='word_1_733' title='bbox 787 4827 1100 4884; x_wconf 89' lang='lat' dir='ltr'><strong>invenitur.</strong></span> <span class='ocrx_word' id='word_1_734' title='bbox 1115 4829 1247 4885; x_wconf 76' lang='lat' dir='ltr'><strong>Sive</strong></span> <span class='ocrx_word' id='word_1_735' title='bbox 1268 4831 1482 4902; x_wconf 86' lang='lat' dir='ltr'><strong>jugum</strong></span> <span class='ocrx_word' id='word_1_736' title='bbox 1515 4848 1691 4885; x_wconf 91' lang='lat' dir='ltr'><strong>suum</strong></span> <span class='ocrx_word' id='word_1_737' title='bbox 1723 4831 1843 4887; x_wconf 91' lang='lat' dir='ltr'><strong>leve</strong></span> <span class='ocrx_word' id='word_1_738' title='bbox 1864 4831 2006 4887; x_wconf 90' lang='lat' dir='ltr'><strong>dicit</strong></span> 
     </span>
    </p>
   </div>
   <div class='ocr_carea' id='block_1_96' title="bbox 352 4917 2005 4994">
    <p class='ocr_par' dir='ltr' id='par_1_96' title="bbox 352 4917 2005 4994">
     <span class='ocr_line' id='line_1_96' title="bbox 352 4917 2005 4994; baseline 0.003 -23"><span class='ocrx_word' id='word_1_739' title='bbox 352 4920 421 4971; x_wconf 88' lang='lat' dir='ltr'><strong>ut</strong></span> <span class='ocrx_word' id='word_1_740' title='bbox 448 4918 1005 4990; x_wconf 88' lang='lat' dir='ltr'><strong>ostenderetjugum</strong></span> <span class='ocrx_word' id='word_1_741' title='bbox 1031 4917 1176 4991; x_wconf 89' lang='lat' dir='ltr'><strong>legis</strong></span> <span class='ocrx_word' id='word_1_742' title='bbox 1192 4935 1367 4991; x_wconf 89' lang='lat' dir='ltr'><strong>grave</strong></span> <span class='ocrx_word' id='word_1_743' title='bbox 1390 4937 1404 4987; x_wconf 90' lang='lat'><strong>;</strong></span> <span class='ocrx_word' id='word_1_744' title='bbox 1429 4920 1641 4993; x_wconf 89' lang='lat' dir='ltr'><strong>jugum</strong></span> <span class='ocrx_word' id='word_1_745' title='bbox 1674 4921 1828 4976; x_wconf 89' lang='lat' dir='ltr'><strong>enim</strong></span> <span class='ocrx_word' id='word_1_746' title='bbox 1859 4921 2005 4994; x_wconf 86' lang='lat' dir='ltr'><strong>legis</strong></span> 
     </span>
    </p>
   </div>
   <div class='ocr_carea' id='block_1_97' title="bbox 354 5007 2006 5082">
    <p class='ocr_par' dir='ltr' id='par_1_97' title="bbox 354 5007 2006 5082">
     <span class='ocr_line' id='line_1_97' title="bbox 354 5007 2006 5082; baseline 0.004 -23"><span class='ocrx_word' id='word_1_747' title='bbox 354 5020 528 5080; x_wconf 82' lang='lat' dir='ltr'><strong>grave</strong></span> <span class='ocrx_word' id='word_1_748' title='bbox 558 5011 699 5076; x_wconf 90' lang='lat' dir='ltr'><strong>erat,</strong></span> <span class='ocrx_word' id='word_1_749' title='bbox 733 5007 871 5080; x_wconf 89' lang='lat' dir='ltr'><strong>quia</strong></span> <span class='ocrx_word' id='word_1_750' title='bbox 902 5025 1018 5063; x_wconf 73' lang='lat' dir='ltr'><strong>suae</strong></span> <span class='ocrx_word' id='word_1_751' title='bbox 1050 5010 1375 5065; x_wconf 86' lang='lat' dir='ltr'><strong>severitatis</strong></span> <span class='ocrx_word' id='word_1_752' title='bbox 1406 5010 1657 5082; x_wconf 80' lang='lat' dir='ltr'><strong>pondere</strong></span> <span class='ocrx_word' id='word_1_753' title='bbox 1692 5011 2006 5065; x_wconf 83' lang='lat' dir='ltr'><strong>mortifica-</strong></span> 
     </span>
    </p>
   </div>
   <div class='ocr_carea' id='block_1_98' title="bbox 355 5096 2007 5171">
    <p class='ocr_par' dir='ltr' id='par_1_98' title="bbox 355 5096 2007 5171">
     <span class='ocr_line' id='line_1_98' title="bbox 355 5096 2007 5171; baseline 0.002 -20"><span class='ocrx_word' id='word_1_754' title='bbox 355 5096 495 5166; x_wconf 87' lang='lat' dir='ltr'><strong>bat;</strong></span> <span class='ocrx_word' id='word_1_755' title='bbox 519 5096 734 5170; x_wconf 88' lang='lat' dir='ltr'><strong>jugum</strong></span> <span class='ocrx_word' id='word_1_756' title='bbox 778 5114 911 5154; x_wconf 89' lang='lat' dir='ltr'><strong>vero</strong></span> <span class='ocrx_word' id='word_1_757' title='bbox 943 5098 1155 5154; x_wconf 86' lang='lat' dir='ltr'><strong>Christi</strong></span> <span class='ocrx_word' id='word_1_758' title='bbox 1200 5099 1326 5155; x_wconf 89' lang='lat' dir='ltr'><strong>leve</strong></span> <span class='ocrx_word' id='word_1_759' title='bbox 1374 5102 1463 5154; x_wconf 88' lang='lat' dir='ltr'><strong>est</strong></span> <span class='ocrx_word' id='word_1_760' title='bbox 1493 5098 1630 5171; x_wconf 90' lang='lat' dir='ltr'><strong>quia</strong></span> <span class='ocrx_word' id='word_1_761' title='bbox 1677 5104 2007 5171; x_wconf 87' lang='lat' dir='ltr'><strong>peccatores</strong></span> 
     </span>
    </p>
   </div>
   <div class='ocr_carea' id='block_1_99' title="bbox 353 5187 2009 5259">
    <p class='ocr_par' dir='ltr' id='par_1_99' title="bbox 353 5187 2009 5259">
     <span class='ocr_line' id='line_1_99' title="bbox 353 5187 2009 5259; baseline 0.001 -18"><span class='ocrx_word' id='word_1_762' title='bbox 353 5201 459 5257; x_wconf 87' lang='lat' dir='ltr'><strong>spe</strong></span> <span class='ocrx_word' id='word_1_763' title='bbox 488 5188 667 5242; x_wconf 61' lang='lat' dir='ltr'><strong>venia</strong></span> <span class='ocrx_word' id='word_1_764' title='bbox 702 5190 759 5243; x_wconf 90' lang='lat' dir='ltr'><strong>et</strong></span> <span class='ocrx_word' id='word_1_765' title='bbox 788 5187 1109 5243; x_wconf 68' lang='lat' dir='ltr'><strong>caelestium</strong></span> <span class='ocrx_word' id='word_1_766' title='bbox 1142 5189 1603 5259; x_wconf 82' lang='lat' dir='ltr'><strong>promissionum</strong></span> <span class='ocrx_word' id='word_1_767' title='bbox 1635 5189 1907 5246; x_wconf 83' lang='lat' dir='ltr'><strong>viviﬁcat.</strong></span> <span class='ocrx_word' id='word_1_768' title='bbox 1942 5189 2009 5243; x_wconf 91' lang='lat' dir='ltr'><strong>Et</strong></span> 
     </span>
    </p>
   </div>
   <div class='ocr_carea' id='block_1_100' title="bbox 353 5276 2007 5351">
    <p class='ocr_par' dir='ltr' id='par_1_100' title="bbox 353 5276 2007 5351">
     <span class='ocr_line' id='line_1_100' title="bbox 353 5276 2007 5351; baseline 0.003 -22"><span class='ocrx_word' id='word_1_769' title='bbox 353 5277 509 5346; x_wconf 86' lang='lat' dir='ltr'><strong>quod</strong></span> <span class='ocrx_word' id='word_1_770' title='bbox 536 5277 750 5349; x_wconf 89' lang='lat' dir='ltr'><strong>jugum</strong></span> <span class='ocrx_word' id='word_1_771' title='bbox 784 5276 930 5348; x_wconf 88' lang='lat' dir='ltr'><strong>legis</strong></span> <span class='ocrx_word' id='word_1_772' title='bbox 950 5293 1123 5348; x_wconf 89' lang='lat' dir='ltr'><strong>grave</strong></span> <span class='ocrx_word' id='word_1_773' title='bbox 1154 5277 1250 5343; x_wconf 89' lang='lat' dir='ltr'><strong>sit,</strong></span> <span class='ocrx_word' id='word_1_774' title='bbox 1270 5278 1609 5333; x_wconf 86' lang='lat' dir='ltr'><strong>manifestat</strong></span> <span class='ocrx_word' id='word_1_775' title='bbox 1631 5278 1835 5333; x_wconf 89' lang='lat' dir='ltr'><strong>Petrus</strong></span> <span class='ocrx_word' id='word_1_776' title='bbox 1868 5296 2007 5351; x_wconf 89' lang='lat' dir='ltr'><strong>apo-</strong></span> 
     </span>
    </p>
   </div>
   <div class='ocr_carea' id='block_1_101' title="bbox 351 5363 2009 5438">
    <p class='ocr_par' dir='ltr' id='par_1_101' title="bbox 351 5363 2009 5438">
     <span class='ocr_line' id='line_1_101' title="bbox 351 5363 2009 5438; baseline 0.002 -20"><span class='ocrx_word' id='word_1_777' title='bbox 351 5363 543 5420; x_wconf 89' lang='lat' dir='ltr'><strong>stolus</strong></span> <span class='ocrx_word' id='word_1_778' title='bbox 574 5382 708 5420; x_wconf 93' lang='lat' dir='ltr'><strong>cum</strong></span> <span class='ocrx_word' id='word_1_779' title='bbox 760 5365 842 5419; x_wconf 86' lang='lat' dir='ltr'><strong>ait</strong></span> <span class='ocrx_word' id='word_1_780' title='bbox 874 5381 887 5418; x_wconf 90' lang='lat'><strong>:</strong></span> <span class='ocrx_word' id='word_1_781' title='bbox 925 5386 953 5415; x_wconf 85' lang='grc'><em>‹‹</em></span> <span class='ocrx_word' id='word_1_782' title='bbox 987 5364 1061 5419; x_wconf 91' lang='lat' dir='ltr'><strong>Ut</strong></span> <span class='ocrx_word' id='word_1_783' title='bbox 1091 5365 1228 5436; x_wconf 90' lang='lat' dir='ltr'><strong>quid</strong></span> <span class='ocrx_word' id='word_1_784' title='bbox 1277 5366 1469 5421; x_wconf 91' lang='lat' dir='ltr'><strong>denuo</strong></span> <span class='ocrx_word' id='word_1_785' title='bbox 1498 5366 1677 5421; x_wconf 91' lang='lat' dir='ltr'><strong>vultis</strong></span> <span class='ocrx_word' id='word_1_786' title='bbox 1708 5368 2009 5438; x_wconf 89' lang='lat' dir='ltr'><strong>imponere</strong></span> 
     </span>
    </p>
   </div>
   <div class='ocr_carea' id='block_1_102' title="bbox 343 5453 2010 5527">
    <p class='ocr_par' dir='ltr' id='par_1_102' title="bbox 343 5453 2010 5527">
     <span class='ocr_line' id='line_1_102' title="bbox 343 5453 2010 5527; baseline 0.002 -20"><span class='ocrx_word' id='word_1_787' title='bbox 343 5454 559 5525; x_wconf 87' lang='lat' dir='ltr'><strong>jugum</strong></span> <span class='ocrx_word' id='word_1_788' title='bbox 591 5453 738 5523; x_wconf 87' lang='lat' dir='ltr'><strong>legis</strong></span> <span class='ocrx_word' id='word_1_789' title='bbox 760 5453 789 5507; x_wconf 82' lang='lat'><strong>?</strong></span> <span class='ocrx_word' id='word_1_790' title='bbox 820 5474 848 5502; x_wconf 87' lang='grc'><strong>››</strong></span> <span class='ocrx_word' id='word_1_791' title='bbox 881 5453 1027 5517; x_wconf 88' lang='lat' dir='ltr'><strong>Quid</strong></span> <span class='ocrx_word' id='word_1_792' title='bbox 1052 5453 1290 5509; x_wconf 88' lang='lat' dir='ltr'><strong>suavius</strong></span> <span class='ocrx_word' id='word_1_793' title='bbox 1320 5471 1453 5509; x_wconf 90' lang='lat' dir='ltr'><strong>vero</strong></span> <span class='ocrx_word' id='word_1_794' title='bbox 1477 5455 1621 5527; x_wconf 87' lang='lat' dir='ltr'><strong>jugo</strong></span> <span class='ocrx_word' id='word_1_795' title='bbox 1653 5455 1887 5526; x_wconf 87' lang='lat' dir='ltr'><strong>Christi,</strong></span> <span class='ocrx_word' id='word_1_796' title='bbox 1909 5461 2010 5511; x_wconf 89' lang='lat' dir='ltr'><strong>aut</strong></span> 
     </span>
    </p>
   </div>
   <div class='ocr_carea' id='block_1_103' title="bbox 358 5540 2009 5615">
    <p class='ocr_par' dir='ltr' id='par_1_103' title="bbox 358 5540 2009 5615">
     <span class='ocr_line' id='line_1_103' title="bbox 358 5540 2009 5615; baseline 0.004 -20"><span class='ocrx_word' id='word_1_797' title='bbox 358 5542 502 5613; x_wconf 90' lang='lat' dir='ltr'><strong>quid</strong></span> <span class='ocrx_word' id='word_1_798' title='bbox 533 5540 721 5595; x_wconf 89' lang='lat' dir='ltr'><strong>levius</strong></span> <span class='ocrx_word' id='word_1_799' title='bbox 773 5557 945 5595; x_wconf 89' lang='lat' dir='ltr'><strong>onere</strong></span> <span class='ocrx_word' id='word_1_800' title='bbox 971 5541 1169 5613; x_wconf 66' lang='lat' dir='ltr'><strong>gratia)</strong></span> <span class='ocrx_word' id='word_1_801' title='bbox 1215 5542 1557 5615; x_wconf 74' lang='lat' dir='ltr'><strong>evangelicae</strong></span> <span class='ocrx_word' id='word_1_802' title='bbox 1576 5545 1604 5599; x_wconf 79' lang='lat'><strong>‘?</strong></span> <span class='ocrx_word' id='word_1_803' title='bbox 1635 5544 1699 5599; x_wconf 89' lang='lat' dir='ltr'><strong>Et</strong></span> <span class='ocrx_word' id='word_1_804' title='bbox 1727 5561 1856 5601; x_wconf 90' lang='lat' dir='ltr'><strong>vere</strong></span> <span class='ocrx_word' id='word_1_805' title='bbox 1887 5546 2009 5602; x_wconf 91' lang='lat' dir='ltr'><strong>leve</strong></span> 
     </span>
    </p>
   </div>
   <div class='ocr_carea' id='block_1_104' title="bbox 332 5628 2008 5705">
    <p class='ocr_par' dir='ltr' id='par_1_104' title="bbox 332 5628 2008 5705">
     <span class='ocr_line' id='line_1_104' title="bbox 332 5628 2008 5705; baseline 0.004 -21"><span class='ocrx_word' id='word_1_806' title='bbox 332 5632 451 5684; x_wconf 64' lang='lat' dir='ltr'><strong>&#39;est</strong></span> <span class='ocrx_word' id='word_1_807' title='bbox 480 5628 797 5685; x_wconf 88' lang='lat' dir='ltr'><strong>sceleribus</strong></span> <span class='ocrx_word' id='word_1_808' title='bbox 820 5645 936 5685; x_wconf 91' lang='lat' dir='ltr'><strong>non</strong></span> <span class='ocrx_word' id='word_1_809' title='bbox 960 5631 1344 5702; x_wconf 87' lang='lat' dir='ltr'><strong>acquiescere,</strong></span> <span class='ocrx_word' id='word_1_810' title='bbox 1368 5632 1725 5705; x_wconf 82' lang='lat' dir='ltr'><strong>probabilem</strong></span> <span class='ocrx_word' id='word_1_811' title='bbox 1761 5635 1883 5690; x_wconf 83' lang='lat' dir='ltr'><strong>ﬁeri</strong></span> <span class='ocrx_word' id='word_1_812' title='bbox 1901 5636 2008 5690; x_wconf 84' lang='lat' dir='ltr'><strong>ini-</strong></span> 
     </span>
    </p>
   </div>
   <div class='ocr_carea' id='block_1_105' title="bbox 362 5716 2004 5796">
    <p class='ocr_par' dir='ltr' id='par_1_105' title="bbox 362 5716 2004 5796">
     <span class='ocr_line' id='line_1_105' title="bbox 362 5716 2004 5796; baseline 0.002 -19"><span class='ocrx_word' id='word_1_813' title='bbox 362 5717 532 5777; x_wconf 84' lang='lat' dir='ltr'><strong>micis</strong></span> <span class='ocrx_word' id='word_1_814' title='bbox 553 5721 790 5792; x_wconf 85' lang='lat' dir='ltr'><strong>preptsr</strong></span> <span class='ocrx_word' id='word_1_815' title='bbox 804 5716 1373 5793; x_wconf 78' lang='lat' dir='ltr'><strong>Dominum,amicos</strong></span> <span class='ocrx_word' id='word_1_816' title='bbox 1399 5720 1458 5780; x_wconf 91' lang='lat' dir='ltr'><strong>in</strong></span> <span class='ocrx_word' id='word_1_817' title='bbox 1479 5723 1721 5783; x_wconf 89' lang='lat' dir='ltr'><strong>Domino</strong></span> <span class='ocrx_word' id='word_1_818' title='bbox 1744 5722 2004 5796; x_wconf 85' lang='lat' dir='ltr'><strong>diligere,</strong></span> 
     </span>
    </p>
   </div>
   <div class='ocr_carea' id='block_1_106' title="bbox 2114 4740 3755 4814">
    <p class='ocr_par' dir='ltr' id='par_1_106' title="bbox 2114 4740 3755 4814">
     <span class='ocr_line' id='line_1_106' title="bbox 2114 4740 3755 4814; baseline -0.004 -13"><span class='ocrx_word' id='word_1_819' title='bbox 2114 4752 2227 4802; x_wconf 88' lang='lat' dir='ltr'><strong>tate</strong></span> <span class='ocrx_word' id='word_1_820' title='bbox 2259 4746 2571 4801; x_wconf 90' lang='lat' dir='ltr'><strong>immemor</strong></span> <span class='ocrx_word' id='word_1_821' title='bbox 2592 4746 2923 4800; x_wconf 89' lang='lat' dir='ltr'><strong>futurorum</strong></span> <span class='ocrx_word' id='word_1_822' title='bbox 2944 4748 3173 4799; x_wconf 91' lang='lat' dir='ltr'><strong>tantum</strong></span> <span class='ocrx_word' id='word_1_823' title='bbox 3200 4740 3506 4814; x_wconf 67' lang='lat' dir='ltr'><strong>praesentia</strong></span> <span class='ocrx_word' id='word_1_824' title='bbox 3528 4740 3755 4797; x_wconf 89' lang='lat' dir='ltr'><strong>deside-</strong></span> 
     </span>
    </p>
   </div>
   <div class='ocr_carea' id='block_1_107' title="bbox 2114 4830 3755 4905">
    <p class='ocr_par' dir='ltr' id='par_1_107' title="bbox 2114 4830 3755 4905">
     <span class='ocr_line' id='line_1_107' title="bbox 2114 4830 3755 4905; baseline -0.004 -15"><span class='ocrx_word' id='word_1_825' title='bbox 2114 4837 2281 4891; x_wconf 89' lang='lat' dir='ltr'><strong>ravit.</strong></span> <span class='ocrx_word' id='word_1_826' title='bbox 2318 4858 2344 4884; x_wconf 89' lang='grc'><strong>‹‹</strong></span> <span class='ocrx_word' id='word_1_827' title='bbox 2379 4835 2485 4898; x_wconf 90' lang='lat' dir='ltr'><strong>Qui</strong></span> <span class='ocrx_word' id='word_1_828' title='bbox 2516 4835 2662 4891; x_wconf 90' lang='lat' dir='ltr'><strong>dixit</strong></span> <span class='ocrx_word' id='word_1_829' title='bbox 2682 4834 2733 4890; x_wconf 92' lang='lat' dir='ltr'><strong>ei</strong></span> <span class='ocrx_word' id='word_1_830' title='bbox 2764 4834 2904 4905; x_wconf 91' lang='lat' dir='ltr'><strong>quid</strong></span> <span class='ocrx_word' id='word_1_831' title='bbox 2932 4832 3065 4887; x_wconf 82' lang='lat' dir='ltr'><strong>vis?</strong></span> <span class='ocrx_word' id='word_1_832' title='bbox 3097 4854 3123 4880; x_wconf 89' lang='grc'><strong>››</strong></span> <span class='ocrx_word' id='word_1_833' title='bbox 3160 4831 3439 4887; x_wconf 90' lang='lat' dir='ltr'><strong>Dominus</strong></span> <span class='ocrx_word' id='word_1_834' title='bbox 3460 4830 3615 4886; x_wconf 89' lang='lat' dir='ltr'><strong>enim</strong></span> <span class='ocrx_word' id='word_1_835' title='bbox 3639 4846 3755 4884; x_wconf 91' lang='lat' dir='ltr'><strong>non</strong></span> 
     </span>
    </p>
   </div>
   <div class='ocr_carea' id='block_1_108' title="bbox 2118 4917 3756 4997">
    <p class='ocr_par' dir='ltr' id='par_1_108' title="bbox 2118 4917 3756 4997">
     <span class='ocr_line' id='line_1_108' title="bbox 2118 4917 3756 4997; baseline -0.005 -17"><span class='ocrx_word' id='word_1_836' title='bbox 2118 4925 2285 4997; x_wconf 89' lang='lat' dir='ltr'><strong>quasi</strong></span> <span class='ocrx_word' id='word_1_837' title='bbox 2318 4924 2552 4980; x_wconf 89' lang='lat' dir='ltr'><strong>nescius</strong></span> <span class='ocrx_word' id='word_1_838' title='bbox 2576 4922 2948 4995; x_wconf 89' lang='lat' dir='ltr'><strong>interrogavit</strong></span> <span class='ocrx_word' id='word_1_839' title='bbox 2970 4926 3034 4977; x_wconf 88' lang='lat' dir='ltr'><strong>ut</strong></span> <span class='ocrx_word' id='word_1_840' title='bbox 3064 4920 3289 4977; x_wconf 90' lang='lat' dir='ltr'><strong>audiret</strong></span> <span class='ocrx_word' id='word_1_841' title='bbox 3310 4921 3449 4992; x_wconf 93' lang='lat' dir='ltr'><strong>quid</strong></span> <span class='ocrx_word' id='word_1_842' title='bbox 3472 4920 3601 4991; x_wconf 88' lang='lat' dir='ltr'><strong>ipsa</strong></span> <span class='ocrx_word' id='word_1_843' title='bbox 3632 4917 3756 4972; x_wconf 85' lang='lat' dir='ltr'><strong>vel—</strong></span> 
     </span>
    </p>
   </div>
   <div class='ocr_carea' id='block_1_109' title="bbox 2114 5006 3760 5083">
    <p class='ocr_par' dir='ltr' id='par_1_109' title="bbox 2114 5006 3760 5083">
     <span class='ocr_line' id='line_1_109' title="bbox 2114 5006 3760 5083; baseline -0.004 -17"><span class='ocrx_word' id='word_1_844' title='bbox 2114 5012 2212 5083; x_wconf 89' lang='lat' dir='ltr'><strong>let,</strong></span> <span class='ocrx_word' id='word_1_845' title='bbox 2248 5014 2349 5068; x_wconf 90' lang='lat' dir='ltr'><strong>sed</strong></span> <span class='ocrx_word' id='word_1_846' title='bbox 2403 5017 2467 5067; x_wconf 89' lang='lat' dir='ltr'><strong>ut</strong></span> <span class='ocrx_word' id='word_1_847' title='bbox 2514 5012 2615 5067; x_wconf 88' lang='lat' dir='ltr'><strong>illa</strong></span> <span class='ocrx_word' id='word_1_848' title='bbox 2643 5016 2986 5083; x_wconf 76' lang='lat' dir='ltr'><strong>exponente,</strong></span> <span class='ocrx_word' id='word_1_849' title='bbox 3018 5010 3142 5083; x_wconf 89' lang='lat' dir='ltr'><strong>ipse</strong></span> <span class='ocrx_word' id='word_1_850' title='bbox 3192 5006 3653 5064; x_wconf 72' lang='lat' dir='ltr'><strong>irrationabilem</strong></span> <span class='ocrx_word' id='word_1_851' title='bbox 3703 5009 3760 5061; x_wconf 88' lang='lat' dir='ltr'><strong>et</strong></span> 
     </span>
    </p>
   </div>
   <div class='ocr_carea' id='block_1_110' title="bbox 2116 5094 3761 5173">
    <p class='ocr_par' dir='ltr' id='par_1_110' title="bbox 2116 5094 3761 5173">
     <span class='ocr_line' id='line_1_110' title="bbox 2116 5094 3761 5173; baseline -0.004 -17"><span class='ocrx_word' id='word_1_852' title='bbox 2116 5099 2634 5173; x_wconf 89' lang='lat' dir='ltr'><strong>reprehensibilem</strong></span> <span class='ocrx_word' id='word_1_853' title='bbox 2653 5117 2779 5156; x_wconf 89' lang='lat' dir='ltr'><strong>esse</strong></span> <span class='ocrx_word' id='word_1_854' title='bbox 2812 5100 3143 5155; x_wconf 90' lang='lat' dir='ltr'><strong>ostenderet</strong></span> <span class='ocrx_word' id='word_1_855' title='bbox 3162 5097 3495 5170; x_wconf 90' lang='lat' dir='ltr'><strong>petitionem</strong></span> <span class='ocrx_word' id='word_1_856' title='bbox 3521 5094 3681 5149; x_wconf 89' lang='lat' dir='ltr'><strong>illius</strong></span> <span class='ocrx_word' id='word_1_857' title='bbox 3703 5098 3761 5149; x_wconf 90' lang='lat' dir='ltr'><strong>et</strong></span> 
     </span>
    </p>
   </div>
   <div class='ocr_carea' id='block_1_111' title="bbox 2116 5183 3763 5261">
    <p class='ocr_par' dir='ltr' id='par_1_111' title="bbox 2116 5183 3763 5261">
     <span class='ocr_line' id='line_1_111' title="bbox 2116 5183 3763 5261; baseline -0.005 -17"><span class='ocrx_word' id='word_1_858' title='bbox 2116 5190 2371 5246; x_wconf 80' lang='lat' dir='ltr'><strong>filiorum</strong></span> <span class='ocrx_word' id='word_1_859' title='bbox 2422 5191 2550 5261; x_wconf 81' lang='lat' dir='ltr'><strong>ejus</strong></span> <span class='ocrx_word' id='word_1_860' title='bbox 2591 5211 2605 5255; x_wconf 73' lang='grc' dir='ltr'>ς</span> <span class='ocrx_word' id='word_1_861' title='bbox 2657 5191 2927 5261; x_wconf 84' lang='lat' dir='ltr'><strong>petebant</strong></span> <span class='ocrx_word' id='word_1_862' title='bbox 2978 5187 3133 5244; x_wconf 86' lang='lat' dir='ltr'><strong>enim</strong></span> <span class='ocrx_word' id='word_1_863' title='bbox 3188 5186 3353 5258; x_wconf 89' lang='lat' dir='ltr'><strong>quasi</strong></span> <span class='ocrx_word' id='word_1_864' title='bbox 3401 5183 3657 5256; x_wconf 87' lang='lat' dir='ltr'><strong>religiosi</strong></span> <span class='ocrx_word' id='word_1_865' title='bbox 3706 5186 3763 5237; x_wconf 88' lang='lat' dir='ltr'><strong>et</strong></span> 
     </span>
    </p>
   </div>
   <div class='ocr_carea' id='block_1_112' title="bbox 2118 5275 3761 5352">
    <p class='ocr_par' dir='ltr' id='par_1_112' title="bbox 2118 5275 3761 5352">
     <span class='ocr_line' id='line_1_112' title="bbox 2118 5275 3761 5352; baseline -0.004 -19"><span class='ocrx_word' id='word_1_866' title='bbox 2118 5284 2407 5334; x_wconf 85' lang='lat' dir='ltr'><strong>amatores</strong></span> <span class='ocrx_word' id='word_1_867' title='bbox 2456 5278 2706 5335; x_wconf 81' lang='lat' dir='ltr'><strong>caelestis</strong></span> <span class='ocrx_word' id='word_1_868' title='bbox 2755 5279 2972 5352; x_wconf 67' lang='lat' dir='ltr'><strong>patriae,</strong></span> <span class='ocrx_word' id='word_1_869' title='bbox 3006 5278 3103 5332; x_wconf 72' lang='lat' dir='ltr'><strong>sed</strong></span> <span class='ocrx_word' id='word_1_870' title='bbox 3160 5293 3273 5331; x_wconf 90' lang='lat' dir='ltr'><strong>non</strong></span> <span class='ocrx_word' id='word_1_871' title='bbox 3323 5275 3493 5346; x_wconf 90' lang='lat' dir='ltr'><strong>quasi</strong></span> <span class='ocrx_word' id='word_1_872' title='bbox 3533 5276 3761 5328; x_wconf 87' lang='lat' dir='ltr'><strong>senten-</strong></span> 
     </span>
    </p>
   </div>
   <div class='ocr_carea' id='block_1_113' title="bbox 2118 5363 3755 5434">
    <p class='ocr_par' dir='ltr' id='par_1_113' title="bbox 2118 5363 3755 5434">
     <span class='ocr_line' id='line_1_113' title="bbox 2118 5363 3755 5434; baseline -0.005 -11"><span class='ocrx_word' id='word_1_873' title='bbox 2118 5368 2259 5423; x_wconf 90' lang='lat' dir='ltr'><strong>tiam</strong></span> <span class='ocrx_word' id='word_1_874' title='bbox 2286 5368 2570 5423; x_wconf 90' lang='lat' dir='ltr'><strong>habentes</strong></span> <span class='ocrx_word' id='word_1_875' title='bbox 2618 5368 2852 5424; x_wconf 91' lang='lat' dir='ltr'><strong>utilium</strong></span> <span class='ocrx_word' id='word_1_876' title='bbox 2885 5372 2941 5422; x_wconf 89' lang='lat' dir='ltr'><strong>et</strong></span> <span class='ocrx_word' id='word_1_877' title='bbox 2986 5366 3353 5421; x_wconf 86' lang='lat' dir='ltr'><strong>iunoxiarum</strong></span> <span class='ocrx_word' id='word_1_878' title='bbox 3387 5363 3755 5434; x_wconf 89' lang='lat' dir='ltr'><strong>petitionum.</strong></span> 
     </span>
    </p>
   </div>
   <div class='ocr_carea' id='block_1_114' title="bbox 2121 5452 3762 5528">
    <p class='ocr_par' dir='ltr' id='par_1_114' title="bbox 2121 5452 3762 5528">
     <span class='ocr_line' id='line_1_114' title="bbox 2121 5452 3762 5528; baseline -0.003 -16"><span class='ocrx_word' id='word_1_879' title='bbox 2121 5462 2280 5528; x_wconf 66' lang='lat' dir='ltr'><strong>Saepe</strong></span> <span class='ocrx_word' id='word_1_880' title='bbox 2295 5473 2548 5528; x_wconf 90' lang='lat' dir='ltr'><strong>namque</strong></span> <span class='ocrx_word' id='word_1_881' title='bbox 2570 5457 2837 5528; x_wconf 84' lang='lat' dir='ltr'><strong>permisit</strong></span> <span class='ocrx_word' id='word_1_882' title='bbox 2859 5457 3139 5510; x_wconf 83' lang='lat' dir='ltr'><strong>Dominus</strong></span> <span class='ocrx_word' id='word_1_883' title='bbox 3154 5452 3471 5524; x_wconf 89' lang='lat' dir='ltr'><strong>discipulos</strong></span> <span class='ocrx_word' id='word_1_884' title='bbox 3486 5468 3624 5507; x_wconf 92' lang='lat' dir='ltr'><strong>suos</strong></span> <span class='ocrx_word' id='word_1_885' title='bbox 3646 5468 3762 5507; x_wconf 91' lang='lat' dir='ltr'><strong>non</strong></span> 
     </span>
    </p>
   </div>
   <div class='ocr_carea' id='block_1_115' title="bbox 2118 5542 3765 5617">
    <p class='ocr_par' dir='ltr' id='par_1_115' title="bbox 2118 5542 3765 5617">
     <span class='ocr_line' id='line_1_115' title="bbox 2118 5542 3765 5617; baseline -0.003 -16"><span class='ocrx_word' id='word_1_886' title='bbox 2118 5551 2270 5601; x_wconf 87' lang='lat' dir='ltr'><strong>recte</strong></span> <span class='ocrx_word' id='word_1_887' title='bbox 2284 5546 2792 5617; x_wconf 87' lang='lat' dir='ltr'><strong>eogitarealiquid,</strong></span> <span class='ocrx_word' id='word_1_888' title='bbox 2818 5546 3143 5609; x_wconf 85' lang='lat' dir='ltr'><strong>autdicere,</strong></span> <span class='ocrx_word' id='word_1_889' title='bbox 3174 5542 3261 5597; x_wconf 89' lang='lat' dir='ltr'><strong>vel</strong></span> <span class='ocrx_word' id='word_1_890' title='bbox 3276 5542 3451 5597; x_wconf 90' lang='lat' dir='ltr'><strong>etiam</strong></span> <span class='ocrx_word' id='word_1_891' title='bbox 3469 5542 3675 5607; x_wconf 79' lang='lat' dir='ltr'><strong>facere,</strong></span> <span class='ocrx_word' id='word_1_892' title='bbox 3698 5546 3765 5597; x_wconf 88' lang='lat' dir='ltr'><strong>ut</strong></span> 
     </span>
    </p>
   </div>
   <div class='ocr_carea' id='block_1_116' title="bbox 2117 5631 3761 5707">
    <p class='ocr_par' dir='ltr' id='par_1_116' title="bbox 2117 5631 3761 5707">
     <span class='ocr_line' id='line_1_116' title="bbox 2117 5631 3761 5707; baseline -0.001 -18"><span class='ocrx_word' id='word_1_893' title='bbox 2117 5652 2185 5689; x_wconf 74' lang='lat' dir='ltr'><strong>ex</strong></span> <span class='ocrx_word' id='word_1_894' title='bbox 2206 5651 2407 5691; x_wconf 83' lang='lat' dir='ltr'><strong>eorum</strong></span> <span class='ocrx_word' id='word_1_895' title='bbox 2429 5635 2600 5707; x_wconf 89' lang='lat' dir='ltr'><strong>culpa</strong></span> <span class='ocrx_word' id='word_1_896' title='bbox 2613 5634 3248 5690; x_wconf 77' lang='lat' dir='ltr'><strong>suiueretoceasionein</strong></span> <span class='ocrx_word' id='word_1_897' title='bbox 3268 5631 3761 5704; x_wconf 85' lang='lat' dir='ltr'><strong>docendietexpo-</strong></span> 
     </span>
    </p>
   </div>
   <div class='ocr_carea' id='block_1_117' title="bbox 2117 5720 3757 5797">
    <p class='ocr_par' dir='ltr' id='par_1_117' title="bbox 2117 5720 3757 5797">
     <span class='ocr_line' id='line_1_117' title="bbox 2117 5720 3757 5797; baseline -0.001 -16"><span class='ocrx_word' id='word_1_898' title='bbox 2117 5723 2293 5782; x_wconf 87' lang='lat' dir='ltr'><strong>nendi</strong></span> <span class='ocrx_word' id='word_1_899' title='bbox 2306 5722 2567 5796; x_wconf 82' lang='lat' dir='ltr'><strong>regulam</strong></span> <span class='ocrx_word' id='word_1_900' title='bbox 2584 5722 3064 5796; x_wconf 87' lang='lat' dir='ltr'><strong>pietatis;sciebat</strong></span> <span class='ocrx_word' id='word_1_901' title='bbox 3077 5722 3235 5780; x_wconf 86' lang='lat' dir='ltr'><strong>enirn</strong></span> <span class='ocrx_word' id='word_1_902' title='bbox 3251 5720 3522 5794; x_wconf 89' lang='lat' dir='ltr'><strong>quiaipse</strong></span> <span class='ocrx_word' id='word_1_903' title='bbox 3536 5737 3757 5797; x_wconf 85' lang='lat' dir='ltr'><strong>eorum,</strong></span> 
     </span>
    </p>
   </div>
  </div>
