4018 6200
344 383 461 448 923

842 382 1143 448 REMIGII
1188 380 1942 450 ANTISSIODORENSIS
1989 380 2160 445 OPP.
2210 340 2411 444 pAas
2455 381 2641 444 11.—
2682 371 3246 443 MISCELLANEA.

3629 365 3765 451 924

345 536 508 577 error
535 519 683 578 nihil
713 522 798 579 eis
828 523 1073 579 nocebat
1120 527 1403 595 prasente
1434 523 1737 597 magistro,
1769 527 1826 580 et
1856 523 1988 593 ejus
2018 517 2072 584 Α
2101 515 2320 572 imitari
2363 532 2468 589 per
2516 514 2847 589 passionem
2873 530 2887 579 ;
2920 508 3121 565 nullus
3150 504 3366 564 etenim
3416 501 3761 561 sublimiter

349 609 618 666 doctrina
663 628 868 667 omnes
898 613 1209 669 aediﬁcaret
1257 631 1372 669 non
1422 614 1614 669 solum
1646 614 1704 668 in
1738 630 1989 685 prasen-

350 699 416 766 ti,
478 700 577 755 sed
635 701 812 757 etiam
870 702 929 756 in
994 703 1207 758 futuro.
1266 708 1341 758 At
1393 703 1495 761 illa
1550 704 1699 759 dixit
1758 721 1769 759 :
1836 727 1856 752 α
1920 703 1992 758 Ut

350 790 587 845 sedeant
616 788 675 843 hi
707 791 821 846 duo
851 790 957 845 ﬁlii
1006 792 1139 858 mei,
1174 809 1326 848 unus
1376 794 1447 848 ad
1478 793 1773 848 dexteram
1809 796 1990 860 tuam,

351 882 408 934 et
438 894 590 934 unus
645 880 717 933 ad
748 879 1049 936 sinistram
1094 886 1258 937 tuam
1307 882 1366 936 in
1418 898 1594 953 regno
1643 886 1763 937 tuo.
1799 904 1826 931 »
1858 882 1993 937 Pos-

350 966 559 1022 tulavit
627 968 747 1023 hac
801 973 987 1025 mater
1042 969 1313 1025 muliebri
1370 988 1585 1036 errore,
1644 975 1701 1025 et
1762 969 1992 1042 pietatis

350 1056 558 1111 affectu
607 1056 872 1113 nesciens
922 1058 1061 1130 quid
1112 1059 1349 1114 diceret.
1382 1060 1451 1114 Et
1502 1058 1643 1131 quid
1694 1059 1909 1114 mirum
1944 1058 1992 1113 si

350 1145 464 1200 ista
519 1146 908 1219 redarguetur
964 1148 1270 1219 imperitia
1328 1152 1384 1204 et
1433 1148 1799 1220 ignorantia,
1860 1163 1993 1202 cum

351 1235 624 1305 superius
679 1236 902 1292 dictum
951 1238 1027 1291 sit
1075 1239 1145 1292 de
1192 1242 1381 1304 Petro,
1432 1220 1667 1309 quando
1718 1238 1768 1293 is
1812 1236 1996 1292 voluit

349 1323 536 1379 facere
586 1324 698 1380 tria
749 1326 1125 1381 tabernacula
1181 1328 1448 1382 nesciens
1507 1328 1648 1398 quid
1708 1326 1997 1381 diceret?

352 1413 463 1468 Sed
496 1416 872 1484 quarendum
905 1420 995 1471 est
1039 1432 1217 1487 quare
1251 1417 1407 1471 dicat
1454 1417 1660 1472 beatus
1687 1416 1996 1471 Matthaus

352 1501 529 1557 istam
588 1504 892 1560 mulierem
950 1506 1269 1561 accessisse
1336 1507 1406 1560 ad
1466 1506 1801 1570 Dominum,
1861 1522 1995 1559 cum

353 1591 583 1648 Marcus
613 1593 768 1648 dicat
798 1593 948 1649 ﬁlios
992 1596 1120 1664 ejus
1151 1595 1469 1650 accessisse
1504 1612 1515 1648 :
1551 1595 1651 1649 sed
1692 1594 1997 1649 sciendum

353 1686 441 1736 est
470 1682 610 1753 quia
657 1686 844 1738 mater
889 1684 959 1738 ad
1013 1684 1329 1739 Dominum
1376 1683 1831 1756 suggerentibus
1862 1682 1997 1737 ﬁliis

354 1772 638 1839 accessit;
699 1773 964 1828 sciebant
1012 1772 1168 1828 enim
1219 1782 1465 1828 matrem
1509 1789 1677 1828 suam
1727 1772 1997 1828 dilectam

356 1875 485 1915 esse
536 1878 570 1916 a
616 1861 885 1927 Domino,
918 1867 976 1917 et
1026 1862 1242 1918 idcirco
1302 1864 1573 1918 affectum
1627 1867 1684 1917 et
1733 1861 1999 1918 volunta-

354 1952 474 2003 tem
526 1950 823 2022 propriam
874 1968 1131 2023 peream
1186 1952 1428 2007 Domino
1480 1952 1857 2008 manifestare
1904 1968 2001 2006 vo-

353 2036 610 2093 luerunt.
663 2040 730 2095 Et
779 2046 1084 2111 propterea
1137 2040 1339 2096 beatus
1388 2041 1617 2097 Marcus
1676 2046 1739 2096 ut
1799 2057 2001 2096 eorum

354 2126 710 2184 desiderium
738 2133 796 2184 et
825 2129 1137 2185 consilium
1170 2129 1501 2202 legentibus
1533 2134 1736 2185 notum
1772 2129 2000 2196 laceret,

354 2217 540 2274 tacuit
587 2218 658 2273 de
710 2218 1129 2275 interveniente
1178 2224 1384 2291 matre,
1417 2226 1473 2275 et
1499 2219 1632 2276 illos
1682 2219 1838 2275 solos
1869 2236 2002 2274 nar-

356 2311 446 2363 rat
502 2308 841 2376 accessisse,
893 2312 1110 2383 quibus
1158 2310 1609 2383 suggerentibus
1675 2313 1863 2365 mater
1909 2325 2003 2363 ac-

356 2398 553 2453 cessit.
612 2398 777 2455 Unde
837 2404 893 2455 et
944 2400 1232 2457 Dominus
1310 2401 1633 2456 secundum
1686 2403 2006 2471 utrumque

357 2484 773 2558 evangelistam
829 2505 943 2543 non
997 2488 1191 2559 matri,
1243 2489 1341 2544 sed
1392 2488 1529 2544 filiis
1574 2488 1876 2560 respondit
1919 2487 2005 2541 di-

358 2590 497 2629 cens
528 2592 541 2629 :
578 2596 606 2623 ‹‹
640 2575 887 2630 Nescitis
935 2578 1075 2647 quid
1121 2578 1370 2649 petatis;
1404 2600 1433 2627 ››
1465 2578 1801 2633 nesciebant
1847 2576 2003 2632 enim

360 2662 503 2731 quid
551 2664 829 2731 peterent,
863 2664 1001 2733 quia
1048 2666 1245 2720 sedem
1278 2665 1473 2736 gloria
1523 2683 1699 2736 quam
1744 2682 1856 2720 non
1890 2681 2005 2719 me-

358 2749 639 2805 rebantur
685 2752 960 2822 petebant
1014 2770 1026 2820 ;
1086 2752 1174 2809 vel
1234 2753 1573 2809 nesciebant
1632 2754 1808 2808 etiam
1863 2753 2004 2823 quid

353 2843 636 2911 peterent,
665 2842 804 2913 quia
858 2842 1146 2913 putabant
1193 2843 1347 2915 quod
1383 2842 1596 2913 aliquis
1647 2842 1846 2897 sedere
1876 2858 2006 2913 pos-

358 2933 447 2984 set
498 2929 558 2984 in
607 2928 706 2984 illo
764 2946 942 3003 regno
991 2932 1064 2985 ad
1116 2931 1440 2998 sinistram,
1478 2947 1611 2986 cum
1662 2930 1721 2984 in
1779 2930 1871 2984 die
1916 2929 2005 2984 ul-

280 3046 299 3057 ι-
359 3017 490 3071 timi
548 3018 831 3074 examinis
890 3034 1093 3074 omnes
1146 3017 1348 3075 ﬁdeles
1415 3018 1708 3074 statuendi
1758 3018 1876 3075 sint
1933 3020 2005 3075 ad

361 3104 656 3195 dexteram
729 3108 945 3163 summi
1003 3107 1178 3180 Regis
1239 3113 1296 3164 et
1346 3108 1594 3179 Judicis,
1654 3125 1787 3164 cum
1847 3108 2006 3165 illius

357 3210 605 3266 regnum
663 3194 805 3250 nihil
853 3196 1063 3252 habeat
1111 3197 1439 3263 sinistrum,
1501 3201 1557 3253 et
1610 3198 1709 3254 illa
1762 3197 2004 3254 felicitas

2099 606 2254 662 valet
2307 623 2549 679 regnare
2602 621 2735 661 cum
2784 600 3031 665 Christo,
3066 596 3179 653 nisi
3228 596 3395 668 prius
3447 591 3761 648 humiliter

2102 696 2397 753 studuerit
2450 694 2568 766 pati
2599 710 2701 765 pro
2734 692 2881 762 ipso.
2940 688 3104 743 Unde
3160 684 3477 757 Apostolus
3538 682 3683 736 dicit
3741 699 3755 735 ε

2104 808 2130 836 (ι
2162 786 2222 841 Si
2254 784 2628 856 complantati
2682 780 2816 836 facti
2861 793 3068 834 sumus
3116 771 3495 831 similitudini
3538 772 3756 827 mortis

2101 875 2249 947 ejus,
2305 873 2479 929 simul
2530 878 2586 927 et
2633 865 3076 927 resurrectionis
3133 865 3263 935 ejus
3320 862 3567 917 erimus.
3620 883 3648 909 η
3695 861 3761 914 Et

2102 964 2266 1019 item.
2318 986 2345 1013 «
2379 963 2439 1018 Si
2488 960 2880 1033 compatimur
2928 961 2985 1012 et
3035 951 3571 1025 conregnabimus;
3606 954 3666 1005 et
3710 949 3761 1005 si

2105 1052 2245 1108 socii
2304 1051 2590 1106 fuerimus
2650 1045 2963 1120 passionis,
3023 1043 3244 1098 erimus
3296 1044 3354 1096 et
3401 1038 3763 1095 consolatio-

2105 1141 2216 1196 nis.
2263 1164 2289 1189 ››
2336 1143 2605 1196 Attamen
2655 1137 2753 1193 isti
2807 1133 3232 1201 responderunt
3286 1153 3314 1179 ‹‹
3371 1146 3696 1200 possumus
3730 1149 3759 1177 ι)

2106 1248 2220 1286 non
2267 1235 2497 1285 tantum
2545 1245 2613 1284 ex
2657 1223 3013 1282 confidentia
3042 1219 3234 1276 cordis
3282 1223 3341 1274 et
3387 1218 3609 1273 ﬁducia
3640 1234 3760 1271 sua

2106 1318 2481 1389 fortitudinis,
2546 1320 2834 1387 quantum
2883 1311 3075 1385 potius
3123 1326 3193 1365 ex
3242 1307 3599 1380 ignorantia,
3650 1322 3751 1361 ne-

2106 1408 2428 1465 scientibus
2478 1406 2717 1478 quidem
2763 1402 2948 1468 illud;
2982 1396 3368 1455 desiderabile
3414 1400 3505 1451 est
3538 1394 3761 1450 bellum

2106 1497 2445 1562 scientibus,
2507 1494 2670 1550 valde
2716 1509 2849 1547 vero
2908 1485 3302 1545 formidabile.
3362 1484 3650 1540 Similiter
3704 1487 3763 1537 et

2110 1586 2422 1658 inexpertis
2454 1584 2597 1641 levis
2636 1582 2864 1637 videtur
2891 1578 3135 1635 tentatio
3173 1574 3463 1647 passionis
3510 1577 3566 1628 et
3598 1590 3762 1626 mor-

2106 1676 2204 1731 tis.
2239 1676 2297 1730 Si
2328 1674 2483 1730 enim
2514 1672 2796 1728 Dominus
2821 1668 3305 1741 appropinquans
3335 1661 3581 1735 passioni
3615 1678 3757 1716 ora-

2108 1764 2211 1819 bat
2268 1781 2280 1819 :
2340 1785 2369 1813 «
2424 1766 2612 1829 Pater,
2675 1759 2725 1815 si
2794 1757 2921 1812 ﬁeri
2978 1758 3190 1827 potest,
3248 1756 3499 1807 transeat
3553 1767 3589 1804 a
3655 1764 3757 1804 me

2108 1852 2257 1908 calix
2330 1852 2494 1919 iste;
2557 1873 2585 1899 ››
2649 1848 2832 1905 multo
2892 1846 3090 1901 minus
3149 1842 3246 1897 isti
3320 1838 3767 1912 respondissent

2113 1964 2141 1992 «
2174 1958 2514 2013 possumus,
2549 1962 2576 1989 n
2610 1939 2661 1995 si
2704 1937 2921 1994 scirent
2949 1932 3141 2006 qualis
3192 1933 3349 1988 esset
3380 1930 3437 1984 in
3488 1928 3763 2000 prasenti

2112 2031 2278 2087 dolor
2328 2029 2640 2103 passionis,
2696 2032 2753 2083 et
2815 2026 2992 2080 timor
3036 2021 3242 2078 mortis
3295 2038 3307 2087 ;
3364 2019 3545 2074 habet
3604 2016 3763 2071 enim

2112 2121 2307 2194 passio
2356 2135 2636 2191 magnum
2702 2114 2983 2185 dolorem,
3032 2115 3089 2168 et
3133 2126 3292 2165 mors
3343 2123 3631 2179 magnum
3682 2107 3759 2160 ti-

2115 2226 2358 2267 morem.
2408 2206 2727 2279 Sequitur:
2776 2227 2797 2254 ι
2849 2202 3100 2260 Calicem
3148 2198 3391 2272 quidem
3442 2212 3651 2251 meum
3681 2196 3764 2250 bi-

2113 2300 2285 2369 betis,
2320 2298 2519 2354 sedere
2549 2299 2744 2351 autem
2794 2293 2866 2348 ad
2912 2292 3209 2346 dexteram
3262 2301 3456 2341 meam
3503 2283 3594 2339 vel
3629 2283 3767 2338 sini-

2115 2394 2297 2446 stram
2330 2405 2445 2443 non
2497 2389 2587 2442 est
2637 2398 2835 2439 meum
2867 2381 3003 2435 dare
3046 2376 3231 2442 vobis,
3266 2376 3368 2430 sed
3416 2374 3645 2443 quibus
3672 2390 3767 2443 pa-

2115 2487 2305 2534 ratum
2357 2480 2446 2532 est
2493 2493 2526 2530 a
2576 2475 2744 2529 Patre
2791 2486 2943 2526 meo.
2995 2490 3015 2517 ιο
3080 2464 3326 2521 Pulchre
3372 2467 3578 2518 autem
3632 2462 3767 2517 dicit

2116 2590 2145 2617 «
2201 2582 2421 2630 meum,
2475 2586 2503 2612 »
2552 2563 2611 2618 id
2660 2565 2749 2617 est
2797 2559 2914 2616 sive
2962 2573 3056 2612 me
3114 2553 3422 2621 imitando,
3488 2551 3613 2606 sive
3670 2568 3765 2621 pro

2116 2654 2482 2712 confessione
2504 2650 2759 2707 nominis
2792 2646 3049 2703 mei.Sed
3072 2642 3455 2717 quarendum
3481 2645 3577 2695 est
3592 2654 3766 2711 quare

2116 2746 2271 2800 dicat
2300 2741 2587 2799 Dominus
2636 2738 2875 2795 calicem
2923 2751 3121 2791 meum
3153 2730 3387 2799 bibetis,
3421 2747 3564 2785 cum
3618 2746 3766 2784 unus

2116 2833 2354 2905 quidem
2402 2847 2627 2898 eorum,
2689 2829 2748 2884 id
2797 2831 2886 2883 est
2932 2824 3210 2891 Jacobus,
3258 2837 3360 2892 per
3416 2818 3766 2874 effusionem

2116 2920 2423 2993 sanguinis
2470 2920 2651 2975 vitam
2700 2916 2934 2982 ﬁnierit,
2965 2914 3110 2969 alter
3155 2927 3309 2975 vero,
3340 2908 3401 2963 id
3453 2912 3549 2964 est
3590 2908 3760 2963 Joan-

2116 3028 2239 3080 nes,
2271 3009 2330 3064 in
2363 3025 2503 3081 pace
2546 3006 2810 3064 Ecclesia
2851 3002 3155 3077 quieverit.
3176 3001 3255 3055 De
3291 2997 3568 3071 passione
3601 3014 3765 3052 nam-

2116 3118 2230 3172 que
2259 3099 2457 3155 Jacobi
2492 3101 2677 3154 Lucas
2724 3094 3094 3170 apertissime
3126 3091 3185 3146 in
3232 3088 3482 3144 Actibus
3536 3094 3768 3159 aposto-

2115 3189 2305 3245 lorum
2359 3187 2693 3244 manifestat
2723 3201 2858 3240 cum
2905 3182 3088 3238 dicit:
3128 3199 3151 3228 ι
3182 3178 3343 3234 Misit
3383 3178 3637 3233 Herodes
3670 3193 3767 3230 rex

357 3258 766 3339 nillil-habeat
821 3286 1154 3357 reprobum.
1209 3286 1308 3342 Isti
1355 3258 1511 3341 enim
1568 3287 1835 3358 quamvis
1885 3304 2001 3342 non
2033 3258 2077 3325 ί)
2118 3295 2332 3335 manus
2363 3282 2428 3333 ut
2474 3276 2759 3347 afﬂigeret
2789 3272 3074 3345 quosdam
3124 3270 3195 3324 de
3222 3265 3527 3332 Ecclesia;
3559 3265 3769 3320 occidit

356 3373 635 3429 deberent
683 3373 944 3446 accipere
993 3377 1148 3447 quod
1199 3378 1555 3447 quarebant,
1601 3380 2002 3431 verumtamen

358 3477 560 3517 eorum
611 3462 962 3534 simplicitas
1001 3482 1116 3520 non
1160 3466 1494 3520 merebatur
1540 3465 1834 3533 confundi,
1869 3465 2007 3536 quia

359 3566 429 3606 ex
480 3568 676 3607 amore
727 3553 955 3611 Domini
1000 3558 1138 3609 nata
1184 3558 1327 3610 erat.
1359 3556 1431 3609 Et
1477 3554 1616 3626 quia
1663 3553 2009 3627 simpliciter

363 3639 827 3712 postulaverunt,
882 3642 1097 3698 idcirco
1146 3643 1433 3699 Dominus
1481 3659 1682 3698 eorum
1732 3643 2006 3699 affectum

361 3731 463 3783 aut
533 3729 973 3801 simplicitatem
1031 3748 1145 3787 non
1222 3731 1615 3803 reprehendit,
1684 3732 1785 3787 sed
1843 3731 2007 3802 igno-

364 3818 618 3873 rantiam
650 3824 707 3875 et
753 3819 1109 3893 imperitiam
1141 3820 1396 3893 culpavit
1435 3820 1633 3875 dicens
1686 3837 1699 3875 :
1752 3843 1777 3869 α
1812 3820 2007 3875 Nesci-

365 3905 441 3960 tis
501 3907 641 3977 quid
697 3910 934 3980 petatis,
996 3934 1018 3961 ι
1073 3926 1141 3966 ac
1199 3910 1249 3964 si
1308 3908 1439 3964 aliis
1496 3908 1688 3964 verbis
1743 3909 2005 3966 diceret:

369 3992 591 4048 bonum
641 3997 878 4065 quidem
926 4003 1017 4055 est
1064 4004 1321 4056 vestrum
1366 3998 1743 4069 desiderium,
1778 3999 1879 4053 sed
1930 3998 2014 4053 in-

373 4081 741 4138 considerata
790 4086 1029 4156 petitio;
1063 4104 1184 4143 rem
1263 4088 1571 4143 honestam
1652 4086 1963 4160 postulatis
1996 4130 2010 4154 ,

372 4167 514 4239 quia
548 4169 692 4224 mihi
740 4171 915 4228 vultis
960 4175 1234 4246 conjungi
1269 4177 1328 4231 in
1362 4193 1539 4249 regno
1569 4202 1583 4243 ς
1614 4176 1865 4232 delectat
1910 4193 2014 4233 vos

372 4256 627 4314 culmem
666 4258 927 4329 honoris,
960 4263 1063 4318 sed
1112 4268 1304 4318 tamen
1351 4281 1587 4321 necesse
1635 4270 1724 4320 est
1755 4269 1819 4320 ut
1848 4265 2014 4337 prius

370 4364 472 4403 vos
529 4354 791 4406 exerceat
843 4351 937 4406 via
991 4350 1231 4407 laboris.
1292 4352 1569 4423 Sequitur
1626 4369 1639 4407 :
1692 4376 1719 4402 «
1772 4354 2015 4425 potestis

373 4436 572 4493 bibere
619 4438 859 4496 calicem
909 4456 1086 4513 quem
1132 4458 1237 4514 ego
1286 4442 1579 4497 bibiturus
1627 4442 1812 4497 sum?
1845 4465 1873 4493 ››
1905 4443 2016 4498 Ca-

371 4523 539 4582 licem
583 4528 840 4601 appellat
886 4531 1321 4587 amarissimam
1374 4531 1748 4603 passionem;
1782 4531 2016 4587 nomine

2115 3373 2309 3425 autem
2340 3367 2619 3422 Iacobum
2654 3365 2891 3418 fratrem
2922 3358 3168 3417 Joannis
3197 3355 3414 3429 gladio.
3447 3378 3476 3404 υ
3512 3355 3767 3409 Joannes

2112 3474 2268 3524 vero,
2303 3456 2455 3512 sicut
2482 3455 2542 3509 in
2575 3456 2814 3508 Patrum
2840 3449 3052 3506 litteris
3084 3447 3318 3519 legitur,
3351 3448 3410 3500 et
3440 3444 3593 3499 sicut
3628 3444 3766 3497 ﬁde-

2114 3546 2200 3602 les
2222 3543 2478 3601 historia
2495 3543 2772 3608 referunt,
2787 3556 2919 3595 cum
2934 3539 3060 3609 jam
3081 3536 3253 3607 longo
3282 3532 3581 3589 confectus
3604 3530 3768 3587 senio

2118 3635 2294 3692 sciret
2323 3633 2435 3689 sibi
2462 3632 2771 3687 imminere
2800 3628 2956 3684 diem
3004 3624 3234 3690 mortis,
3264 3620 3589 3678 convocatis
3622 3620 3774 3675 ﬁde-

2118 3725 2272 3781 libus
2303 3725 2435 3795 post
2464 3721 2781 3775 missarum
2814 3715 3281 3783 celebrationem,
3309 3715 3361 3765 et
3405 3707 3631 3763 monita
3663 3724 3766 3762 ex-

2118 3811 2485 3881 hortationis,
2518 3808 2796 3864 ultimum
2845 3807 2930 3862 eis
2977 3804 3260 3873 valefecit,
3290 3816 3349 3856 ac
3394 3796 3597 3853 deinde
3643 3796 3756 3851 de-

2121 3901 2406 3958 scendens
2436 3898 2494 3954 in
2524 3898 2826 3953 defossum
2875 3892 3190 3966 sepultura
3224 3905 3341 3946 sua
3371 3889 3579 3955 locum,
3610 3884 3765 3940 tacta

2122 3991 2381 4048 oratione
2430 3987 2735 4061 appositus
2783 3991 2871 4040 est
2918 3984 2991 4038 ad
3042 3985 3237 4054 patres
3290 3994 3448 4044 suos,
3501 3980 3559 4029 et
3603 3973 3691 4029 sic
3741 3992 3777 4031 a

2122 4082 2319 4136 dolore
2350 4078 2559 4134 mortis
2608 4078 2917 4131 extraneus
2946 4071 3080 4138 fuit,
3113 4068 3268 4125 sicut
3314 4066 3543 4122 alienus
3588 4064 3780 4119 fuerat

2124 4188 2158 4225 a
2186 4166 2556 4240 corruptione
2588 4164 2803 4221 carnis.
2834 4160 3135 4227 Quomodo
3183 4173 3321 4230 ergo
3351 4157 3615 4212 Joannes
3647 4152 3779 4208 cali-

2124 4276 2249 4315 cem
2280 4257 2513 4313 Domini
2561 4254 2731 4324 bibit,
2766 4251 2867 4324 qui
2911 4252 3135 4321 absque
3166 4246 3364 4304 dolore
3413 4245 3627 4299 mortis
3670 4242 3777 4297 mi-

2125 4348 2310 4422 gravit
2339 4347 2409 4401 de
2442 4345 2662 4400 mundo
2686 4344 2713 4397 ?
2745 4342 2855 4397 Sed
2883 4339 3191 4396 sciendum
3220 4336 3359 4407 quia
3388 4334 3628 4388 duobus
3656 4347 3780 4421 m.o-

2125 4438 2217 4493 dis
2248 4435 2412 4497 calix
2463 4432 2694 4489 Domini
2744 4430 2986 4486 bibitur.
3036 4426 3161 4482 Uno
3210 4424 3385 4480 modo
3429 4438 3567 4477 cum
3621 4435 3782 4475 mors

2126 4525 2290 4581 illata
2336 4541 2370 4579 a
2425 4525 2792 4594 persecutore
2839 4517 3127 4590 patienter
3178 4511 3543 4583 suscipitur;
3597 4508 3781 4564 altero

376 4630 631 4687 namque
676 4617 874 4675 calicis
921 4619 1047 4675 vult
1074 4619 1321 4692 intelligi
1370 4620 1704 4691 passionem
1756 4618 2020 4691 martyrii
2046 4628 2092 4692 D
2123 4632 2257 4671 vero
2288 4629 2421 4668 cum
2445 4611 2681 4667 animus
2702 4612 2939 4681 paratus
2967 4609 3057 4662 est
3072 4605 3144 4660 ad
3168 4599 3583 4676 perferendam
3619 4614 3783 4653 mor-

377 4717 479 4772 per
524 4719 703 4773 quam
763 4723 1001 4765 necesse
1047 4713 1171 4765 erat
1222 4713 1288 4765 ut
1330 4708 1455 4780 ipse
1502 4712 1559 4763 et
1604 4707 1689 4763 illi
1739 4724 2016 4763 consum-

374 4797 694 4848 marentur.
728 4795 873 4852 Hinc
903 4802 993 4854 est
1034 4798 1190 4870 quod
1221 4798 1504 4854 Dominus
1534 4797 2014 4870 appropinquans
2034 4818 2049 4839 θ

369 4880 629 4950 passioni
680 4882 954 4940 dicebat:
1004 4910 1031 4937 «
1084 4890 1272 4955 Pater,
1305 4887 1355 4943 si
1404 4885 1527 4941 ﬁeri
1579 4888 1787 4956 potest,
1822 4888 2013 4942 trans-

370 4972 463 5024 eat
494 4985 528 5025 a
553 4987 646 5027 me
667 4971 815 5027 calix
844 4972 973 5029 iste.
993 4996 1020 5017 ι»
1046 4976 1115 5030 Et
1143 4975 1456 5031 Psalmista
1481 4992 1493 5031 :
1524 4998 1551 5024 «
1586 4973 1837 5031 Calicem
1855 4974 2013 5031 salu-

371 5057 510 5115 taris
559 5060 924 5133 accipiam,»
982 5064 1091 5118 Sed
1131 5065 1510 5135 quarendum
1554 5068 1643 5120 est
1692 5080 1870 5135 quare
1900 5064 2013 5120 Do-

371 5147 570 5204 minus
600 5148 743 5206 istos
762 5150 1175 5225 interrogavit:
1211 5176 1239 5201 «
1274 5153 1514 5223 potestis
1543 5153 1745 5208 bibere
1774 5152 2012 5208 calicem

369 5254 545 5309 quem
576 5256 681 5313 ego
726 5240 1019 5297 bibiturus
1065 5257 1199 5297 sum
1224 5241 1252 5296 ?
1284 5263 1312 5290 ››
1342 5244 1427 5296 An
1460 5241 1766 5313 ignorabat
1808 5242 1933 5313 ipse
1963 5242 2012 5297 si

369 5342 505 5382 eum
564 5335 805 5400 possent
861 5330 1080 5387 imitari
1133 5346 1237 5403 per
1280 5329 1662 5403 passionem?
1711 5331 1858 5397 Non,
1909 5333 2009 5387 sed

364 5414 492 5515 ideo
542 5417 901 5493 interrogare
966 5420 1151 5477 voluit
1207 5424 1271 5475 ut
1325 5419 1423 5476 illo
1478 5421 1896 5491 interrogante,
1954 5423 2013 5475 et

366 5505 511 5577 ipsis
560 5510 1051 5579 respondentibus
1099 5533 1126 5560 ‹‹
1179 5527 1517 5582 possumus,
1550 5532 1579 5558 ››
1610 5526 1718 5565 nos
1770 5508 2009 5580 quidem

365 5596 705 5652 audiremus
759 5603 816 5653 et
871 5599 1354 5672 intelligeremus,
1414 5600 1555 5672 quia
1606 5598 1805 5654 nullus
1858 5597 2011 5653 valet

364 5700 499 5739 cum
548 5684 778 5743 Christo
828 5703 1083 5759 regnare.
1117 5688 1178 5743 in
1210 5687 1393 5755 caelis,
1424 5688 1538 5745 nisi
1587 5687 1825 5744 studeat
1871 5702 2008 5742 eum

2124 4707 2264 4774 tem,
2298 4705 2355 4757 et
2382 4701 2474 4755 via
2522 4698 2699 4771 digna
2728 4696 2952 4770 geritur
2994 4691 3296 4766 martyrio.
3326 4690 3592 4745 Joannes
3645 4702 3783 4759 ergo

2126 4791 2363 4849 calicem
2410 4788 2640 4845 Domini
2687 4786 2855 4851 bibit,
2901 4784 3041 4857 quia
3088 4786 3330 4856 paratus
3381 4777 3493 4833 fuit
3540 4776 3618 4831 ad
3652 4793 3782 4848 per-

2122 4880 2419 4938 ferendam
2470 4881 2739 4946 mortem,
2774 4879 2831 4932 et
2872 4873 2991 4930 vita
3038 4873 3168 4945 ejus
3217 4869 3397 4942 digna
3440 4870 3570 4922 erat
3624 4882 3780 4922 mar-

2120 4971 2290 5041 tyrio.
2350 4969 2496 5025 Nam
2547 4967 2662 5022 duo
2713 4967 2852 5023 sunt
2898 4978 3111 5036 genera
3156 4957 3443 5032 martyrii,
3476 4972 3677 5010 unum
3720 4956 3779 5009 in

2122 5062 2321 5132 aperta
2394 5054 2819 5130 persecutione,
2880 5050 3128 5107 alterum
3205 5063 3337 5104 vero
3408 5044 3469 5099 in
3546 5042 3779 5099 occulta

2122 5131 2314 5206 carnis
2358 5145 2767 5202 maceratione.
2797 5144 3049 5199 Joannes
3093 5155 3231 5213 ergo
3264 5135 3506 5194 calicem
3538 5131 3777 5190 Domini

2119 5237 2289 5307 bibit,
2352 5240 2408 5290 et
2461 5233 2511 5290 si
2573 5250 2690 5289 non
2748 5230 2896 5288 bibit
2968 5229 3028 5285 in
3085 5232 3286 5302 aperta
3340 5224 3771 5298 persecutione,

2120 5326 2269 5383 bibit
2296 5325 2356 5381 in
2390 5322 2616 5380 occulta
2645 5320 2838 5378 carnis
2891 5318 3307 5376 maceratione.
3346 5318 3768 5371 Verumtamen

2119 5416 2266 5471 bibit
2280 5416 2536 5472 Joannes
2560 5411 2799 5468 calicem
2824 5409 3053 5466 Domini
3074 5407 3251 5465 etiam
3267 5422 3372 5479 per
3388 5402 3763 5476 passionem;

2120 5522 2278 5574 nam,
2312 5505 2465 5560 sicut
2502 5502 2572 5581 in
2625 5500 2864 5558 Actibus
2912 5497 3314 5571 apostolorum
3368 5492 3610 5565 legitur,
3639 5504 3759 5546 cum

2118 5593 2340 5650 cateris
2383 5578 2663 5666 apostolis
2712 5604 3004 5645 carcerem
3035 5592 3095 5644 et
3140 5586 3382 5643 verbera
3428 5578 3759 5663 sustinuit:

2124 5706 2145 5733 α
2179 5670 2346 5743 Ibant
2372 5662 2528 5740 enim
2559 5680 2880 5755 gaudentes
2912 5695 2947 5736 ο.
2974 5663 3290 5755 conspectu
3322 5662 3589 5755 conCilii,
3621 5682 3753 5741 quo-
