4018 6200
249 413 370 478 925

1787 406 2161 471 HOMILUE.

3537 399 3657 461 926

254 551 418 606 niam
450 548 613 623 digni
644 547 826 606 habiti
873 551 1012 604 sunt
1060 565 1162 620 pro
1215 545 1449 602 nomine
1505 549 1642 602 Jesu
1695 547 1896 600 contu-
1929 546 1981 613 Α
2013 545 2326 617 aliquando
2347 561 2414 600 ex
2444 541 2775 600 substantia
2802 535 3207 605 humanitatis,
3241 533 3557 607 aliquando
3588 550 3658 590 ex

256 639 492 697 meliam
526 639 666 711 pati:
687 663 712 688 n
747 640 815 694 Et
845 639 916 694 ob
949 637 1405 710 insuperabilem
1431 635 1903 709 praedicationem

257 727 528 801 Evangeli
561 745 594 783 a
623 728 952 783 Domitiano
983 727 1334 799 impiissimo
1372 727 1634 799 principe
1686 725 1904 781 missus

256 823 344 874 est
370 818 428 872 in
462 817 886 872 ferventissimo
919 816 1028 872 olei
1075 817 1249 882 dolio,
1283 817 1353 872 de
1401 833 1514 887 qno
1564 816 1643 870 ita
1685 814 1904 869 illzesus

257 907 433 963 exivit
489 923 523 960 a
577 905 774 960 dolore
805 905 1119 977 passionis,
1167 905 1664 976 quemadmodum
1713 909 1904 959 extra-

257 1012 404 1052 neus
444 996 631 1050 fuerat
678 1012 711 1049 a
761 994 1129 1066 corruptione
1160 995 1374 1060 carnis,
1408 999 1464 1049 et
1495 993 1786 1066 relegatus
1818 997 1906 1048 est

256 1084 456 1140 exsilio
486 1083 546 1138 in
579 1083 856 1139 Pathmos
887 1083 1100 1139 insula.
1134 1085 1388 1139 Joannes
1419 1100 1553 1154 ergo
1607 1100 1740 1138 cum
1797 1083 1904 1137 fra-

258 1180 343 1229 tre
375 1191 481 1228 suo
527 1172 764 1228 calicem
823 1173 1052 1228 Domini
1101 1173 1265 1238 bibit,
1318 1173 1456 1244 quia
1503 1173 1602 1244 qui
1658 1171 1798 1226 talia
1838 1189 1903 1226 ac

254 1267 421 1318 tanta
453 1262 756 1329 sustinuit,
788 1266 985 1333 aperte
1030 1263 1466 1317 demonstratur
1497 1262 1634 1333 quia
1664 1265 1902 1332 paratus

255 1357 382 1408 erat
428 1352 498 1407 ad
541 1351 944 1422 perferendam
979 1355 1223 1407 mortem
1256 1352 1454 1416 etiam,
1489 1351 1537 1406 si
1590 1351 1640 1406 ei
1693 1368 1726 1404 a
1769 1367 1902 1420 per-

256 1444 524 1496 secutore
557 1440 886 1496 inferretur.
922 1441 1030 1496 Sed
1065 1441 1444 1511 quaerendum
1476 1445 1564 1494 est
1611 1440 1902 1511 quomodo

253 1547 430 1585 verax
489 1529 768 1601 magister
824 1529 981 1583 dicat
1035 1547 1108 1583 ;‹‹
1145 1530 1355 1584 Sedere
1403 1534 1597 1584 autem
1639 1530 1709 1583 ad
1768 1529 1902 1582 dex-

256 1623 442 1674 teram
496 1635 685 1672 meam
736 1617 825 1672 vel
870 1617 1170 1673 sinistram
1224 1635 1337 1673 non
1389 1623 1479 1674 est
1530 1635 1726 1673 meum
1768 1618 1904 1672 dare

253 1706 442 1773 vobis,
485 1729 511 1754 ››
541 1722 674 1760 cum
706 1707 831 1777 ipse
875 1706 1010 1761 alibi
1043 1708 1197 1763 dicat
1231 1725 1242 1762 :
1278 1708 1486 1763 Omnia
1516 1707 1658 1762 mihi
1692 1707 1905 1762 tradita

256 1801 396 1852 sunt
413 1813 446 1850 a
467 1795 634 1851 Patre
657 1802 908 1864 meo;»et
927 1797 1342 1852 itemmOmnia
1363 1813 1745 1868 quaecumque
1768 1797 1906 1851 facit

2013 637 2112 692 illa
2145 635 2462 690 divinitatis
2494 632 2773 705 loquitur.
2799 631 2867 686 Et
2886 629 3024 700 quia
3046 627 3165 682 haec
3187 629 3372 680 mater
3402 624 3656 679 ﬁliorum

2012 727 2264 782 Zebedaei
2298 727 2577 780 honorem
2610 723 2679 777 ad
2715 720 3108 777 substantiam
3139 713 3527 771 humanitatis
3559 730 3655 769 re-

2013 815 2168 882 tulit,
2201 821 2256 870 et
2285 814 2531 886 gloriam
2582 811 2862 883 regnandi
2912 811 2971 864 in
3021 806 3307 878 corporali
3352 805 3478 875 ejus
3510 820 3653 874 prae-

2014 901 2836 970 sentiacollocaverat,idcirco
2859 899 3143 954 Dominus
3162 895 3486 952 secundum
3509 909 3662 948 eam-

2017 996 2148 1051 dem
2182 992 2573 1049 substantiam
2605 991 2691 1046 eis
2740 988 3040 1060 respondit
3070 1004 3135 1042 ac
3175 986 3223 1040 si
3263 984 3478 1039 diceret
3510 999 3521 1037 :
3556 986 3654 1037 Se-

2015 1085 2273 1139 cundum
2305 1083 2453 1138 hanc
2475 1079 2888 1144 substantiam,
2912 1093 3028 1148 qua
3047 1075 3347 1131 vobiscum
3365 1071 3660 1127 bibiturus

2014 1191 2146 1230 sum
2180 1173 2440 1242 calicem,
2477 1189 2590 1226 non
2625 1174 2715 1224 est
2755 1183 2950 1222 meum
3001 1167 3138 1221 dare
3184 1164 3348 1218 vobis
3380 1180 3392 1218 :
3425 1177 3655 1218 verum-

2013 1268 2207 1319 tamen
2233 1279 2427 1318 meum
2447 1266 2535 1317 est
2557 1260 2612 1314 id
2637 1259 2892 1313 tribuere
2917 1255 3238 1310 secundum
3260 1250 3654 1308 substantiam

2013 1351 2350 1416 divinitatis,
2383 1351 2521 1421 quia
2551 1365 2653 1420 per
2683 1346 2880 1403 omnia
2910 1343 3148 1415 aequalis
3180 1359 3311 1396 sum
3343 1341 3456 1395 Deo
3480 1338 3666 1394 Patri.

2012 1442 2281 1511 Sequitur
2314 1458 2326 1496 :
2361 1464 2386 1487 ‹‹
2422 1442 2492 1494 Et
2520 1438 2821 1493 audientes
2852 1436 3051 1489 decem
3102 1429 3385 1501 indignati
3417 1431 3555 1482 sunt
3584 1428 3655 1481 de

2012 1532 2241 1586 duobus
2274 1529 2572 1584 fratribus.
2610 1550 2635 1574 n
2668 1522 2959 1596 Indignati
2989 1536 3124 1591 ergo
3157 1522 3297 1573 sunt
3333 1517 3428 1571 alii
3461 1517 3659 1571 decem

2015 1619 2260 1691 apostoli
2295 1637 2408 1673 non
2444 1615 2615 1671 matri
2649 1615 2902 1669 filiorum
2949 1607 3226 1671 Zebedaai,
3278 1606 3378 1661 sed
3428 1605 3657 1659 duobus

2014 1709 2314 1774 fratribus,
2352 1711 2407 1761 et
2452 1704 2757 1760 audaciam
2807 1699 3104 1772 petitionis
3135 1714 3248 1751 non
3285 1695 3355 1749 ad
3388 1697 3661 1758 matrem,

2015 1799 2114 1852 sed
2157 1798 2226 1852 ad
2261 1795 2412 1850 filios
2443 1793 2786 1858 retulerunt,
2821 1789 3035 1861 quibus
3084 1783 3532 1857 suggerentibus
3564 1797 3658 1836 ac-

253 1885 571 1950 Pater,bazc
593 1887 796 1941 eadem
821 1885 1073 1941 etFllius
1090 1886 1347 1942 facit.»Si
1367 1886 1521 1942 cnim
1546 1887 1724 1942 Filius
1747 1885 1905 1942 simi-
1941 1917 1988 1981 B
2019 1887 2195 1942 cessit
2225 1889 2429 1949 mater,
2453 1883 2589 1954 quia
2621 1882 2959 1952 ignorantes
2997 1876 3291 1947 propriam
3324 1885 3662 1926 mensuram

409 1975 429 1981 _
498 1973 531 1981 ._
698 1976 708 1981 _
945 1975 1072 1981 ,__
1261 1976 1310 1981 .-
1405 1980 1408 1981 ν
1715 1976 1876 1981 ._
2022 1975 2032 1981 .
2223 1976 2236 1981 _
2355 1979 2360 1981 Α
2549 1971 2706 1981 .
3093 1961 3658 1981 ,ηηη---εηλημ

254 1974 388 2030 liter
404 1973 540 2029 facit
553 1976 751 2029 omnia
764 1991 890 2045 quae
905 1980 960 2029 et
984 1975 1315 2046 Pater,quid
1331 1980 1565 2046 estergo
1581 1976 1731 2046 quod
1747 1976 1905 2030 dicit:

254 2064 468 2120 Sedere
489 2068 685 2118 autem
710 2063 782 2117 ad
816 2064 1116 2118 dexteram
1144 2080 1335 2118 meam
1356 2063 1444 2119 vel
1466 2064 1768 2119 sinistram
1792 2080 1909 2118 non

252 2158 345 2208 est
359 2168 558 2208 meum
574 2152 713 2208 dare
729 2151 921 2207 vobis?
944 2153 1160 2208 Tribus
1183 2169 1438 2224 namque
1453 2153 1642 2208 modis
1666 2152 1909 2222 intelligi

257 2244 474 2312 potest.
498 2239 622 2296 Non
658 2245 746 2295 est
776 2257 973 2295 meum
1006 2242 1144 2296 dare
1159 2241 1720 2312 dicit,quiaregnum
1741 2240 1910 2296 ccelo-

261 2346 395 2385 rum
419 2345 533 2385 non
558 2334 646 2384 est
668 2330 883 2397 dantis,
910 2331 1010 2386 sed
1031 2331 1394 2402 accipientis;
1419 2331 1571 2403 apud
1597 2330 1911 2386 Dominum

263 2435 519 2490 namque
535 2435 648 2474 non
664 2423 752 2474 est
766 2436 1146 2492 personarum
1166 2421 1503 2492 acceptio,et
1519 2420 1646 2474 ideo
1666 2435 1910 2491 regnum

265 2507 546 2563 caelorum
582 2525 694 2563 non
726 2508 1190 2580 tribuiturjuxta
1212 2526 1593 2581 personarum
1630 2508 1911 2580 acceptio—

268 2594 532 2660 nem,sed
548 2594 719 2664 juxta
741 2595 1083 2666 qualitatem
1098 2597 1584 2666 meritorum,non
1599 2597 1753 2651 enim
1777 2613 1914 2668 pra-

267 2687 539 2754 paratum
554 2687 643 2737 est
665 2681 808 2738 illud
832 2701 1074 2755 regnum
1098 2702 1358 2756 personae
1381 2687 1482 2741 sed
1497 2685 1757 2748 vitae.Qui
1777 2702 1912 2756 ergo

265 2771 443 2826 talem
467 2787 527 2826 se
549 2770 878 2826 exhibuerit
897 2778 962 2827 ut
979 2772 1192 2845 dignus
1216 2775 1292 2828 sit
1313 2773 1912 2845 percipere,continuo

266 2860 591 2930 accipietget
609 2877 711 2915 vos
730 2860 924 2931 itaque
947 2861 996 2916 si
1018 2861 1162 2917 tales
1175 2863 1512 2918 exstiteritis
1531 2863 1764 2932 utdigni
1785 2862 1913 2917 sitis

268 2949 574 3020 consequit
629 2950 906 3005 continuo
934 2950 1265 3022 percipiatis
1289 2968 1532 3023 regnum
1569 2953 1722 3022 quod
1746 2953 1912 3007 Pater

266 3054 436 3094 meus
459 3038 683 3109 paravit
705 3040 1098 3110 torpentibus,
1132 3041 1231 3095 sed
1282 3041 1599 3097 victoribus
1622 3047 1677 3096 et
1699 3041 1874 3095 trium
1890 3071 1910 3082 -

265 3127 792 3198 phantibus.Aliter
812 3145 926 3184 non
951 3133 1039 3184 est
1060 3146 1255 3184 meum
1279 3131 1416 3185 dare
1437 3130 1683 3200 vobis,id
1709 3135 1796 3185 est
1817 3147 1910 3185 su-

264 3216 458 3289 perbis
490 3216 936 3290 talibus,quales
963 3235 1063 3274 vos
1094 3219 1234 3273 estis
1270 3219 1368 3290 qui
1405 3218 1643 3274 exaltari
1675 3219 1907 3290 cupitis,

2019 1975 2407 2030 immoderata
2429 1971 2747 2044 cupiditate
2769 1965 3207 2023 exarserunt.Et
3226 1963 3335 2018 hoc
3358 1961 3665 2017 sciendum

2021 2066 2174 2136 quod
2227 2063 2379 2118 sicut
2429 2061 2511 2116 illi
2558 2061 2673 2116 duo
2723 2055 3032 2113 carnaliter
3074 2052 3366 2124 petierunt
3393 2054 3457 2104 ut
3487 2063 3668 2136 supra

2020 2135 2224 2210 omnes
2253 2156 2467 2222 essent,
2493 2151 2574 2205 ita
2604 2154 2660 2205 et
2687 2148 2786 2202 isti
2820 2148 3018 2202 decem
3051 2135 3670 2208 carnaliterindignati

2021 2249 2195 2309 sunt;
2228 2243 2276 2297 si
2309 2241 2463 2297 enim
2497 2236 2882 2311 spiritualiter
2911 2232 3261 2304 sapuissent,
3299 2225 3461 2283 nullo
3493 2224 3666 2279 modo

2021 2332 2328 2403 petiissent
2352 2334 2416 2384 ut
2447 2345 2626 2400 supra
2657 2341 2860 2381 omnes
2891 2325 3108 2386 essent,
3163 2323 3219 2374 et
3267 2317 3316 2372 si
3367 2314 3463 2370 isti
3495 2312 3666 2384 spiri-

2019 2420 2258 2476 tualiter
2285 2418 2727 2483 intellexissent,
2763 2413 2922 2468 nullo
2952 2411 3123 2466 modo
3154 2404 3436 2478 indignati
3470 2404 3668 2458 essent

2023 2527 2198 2581 super
2229 2506 2517 2564 desiderio
2534 2507 2806 2560 duorum.
2833 2502 2976 2556 Nam
3001 2491 3554 2566 sicutvituperabile
3575 2494 3667 2547 est

2020 2599 2166 2654 velle
2192 2614 2319 2653 esse
2351 2613 2526 2667 super
2555 2610 2778 2657 omnes,
2822 2591 2902 2645 ita
2933 2594 2988 2644 et
3015 2587 3179 2642 valde
3227 2583 3548 2656 gloriosum
3575 2583 3666 2635 est

2021 2686 2166 2743 alios
2213 2687 2501 2757 patienter
2539 2699 2718 2754 supra
2746 2697 2806 2736 se
2838 2678 3146 2734 sustinere.
3177 2673 3288 2729 Sed
3321 2671 3416 2726 ille
3446 2669 3579 2740 pius
3609 2672 3666 2723 et

2022 2777 2182 2831 mitis
2211 2775 2485 2845 Magister
2515 2789 2620 2827 nec
2648 2772 2792 2826 istos
2831 2770 2978 2823 duos
3010 2763 3408 2820 immoderatis
3437 2757 3663 2830 cupidi-

2021 2866 2158 2920 tatis
2190 2864 2508 2934 redarguit,
2565 2877 2668 2916 nec
2717 2859 2848 2913 illos
2897 2857 3097 2910 decem
3145 2846 3568 2921 indignationis
3608 2849 3665 2901 et

2019 2953 2216 3008 livoris
2246 2951 2639 3024 reprehendit,
2662 2949 2761 3004 sed
2786 2962 2989 3002 omnes
3023 2943 3093 2998 ad
3123 2941 3276 2995 viam
3308 2935 3664 2994 humilitatis

2020 3042 2324 3108 revocavit,
2360 3046 2417 3095 et
2447 3039 2703 3095 ostendit
2748 3037 2831 3092 eis
2881 3032 3215 3104 exemplum
3269 3045 3383 3100 quo
3433 3027 3666 3082 doceret

2018 3131 2184 3187 illum
2219 3148 2346 3186 esse
2368 3130 2652 3185 minorem
2681 3127 2780 3198 qui
2803 3130 2891 3181 est
2911 3126 3099 3195 major
3124 3119 3473 3186 omnium,et
3495 3114 3663 3170 illum

2021 3237 2148 3276 esse
2181 3219 2494 3274 Dominum
2527 3217 2627 3288 qui
2649 3222 2738 3271 est
2768 3231 2969 3269 servus
3002 3204 3659 3272 cunctorum,aitenim:

263 3284 1907 3379 sedhumilibus'corde,quibusparatumestaPatremeo.
1941 3284 1983 3350 C
2025 3331 2052 3358 υ
2083 3309 2331 3363 Nescitis
2366 3307 2504 3378 quia
2543 3284 2833 3376 principes
2872 3301 3134 3372 gentium
3177 3295 3554 3351 dominantur
3575 3307 3665 3345 ea-

263 3396 412 3468 Ergo
435 3396 484 3450 si
508 3395 682 3450 vultis
705 3394 849 3450 illud
882 3395 1161 3468 accipere,
1197 3396 1374 3451 nolite
1405 3413 1532 3452 esse
1565 3397 1716 3468 quod
1747 3396 1907 3463 estis,

262 3483 395 3540 aliis
417 3484 572 3540 enim
598 3489 990 3556 praeparatum
1014 3490 1122 3552 est;
1145 3489 1200 3539 et
1222 3503 1322 3542 vos
1345 3485 1471 3540 ideo
1504 3485 1599 3540 alii
1642 3490 1823 3540 estote
1855 3490 1912 3540 et

261 3572 428 3627 vobis
472 3573 647 3628 etiam
697 3578 1087 3645 praeparatum
1133 3575 1395 3638 est.Quid
1429 3579 1517 3629 est
1565 3573 1702 3628 alii?
1731 3574 1787 3627 id
1822 3578 1912 3628 est

261 3663 426 3733 prius
448 3661 844 3716 humiliamini
876 3663 975 3733 qui
998 3663 1235 3718 exaltari
1259 3664 1491 3736 cupitis.
1519 3663 1723 3730 Aliter,
1759 3663 1912 3717 sicut

262 3750 404 3805 dicit
434 3751 587 3805 Beda
619 3766 632 3804 :
666 3750 917 3806 Sinistra
949 3752 1176 3807 Domini
1210 3753 1442 3824 quando
1475 3753 1531 3808 in
1564 3753 1718 3808 bona
1748 3757 1911 3824 parte

261 3839 521 3911 ponitur,
549 3839 700 3894 hanc
761 3845 1105 3911 przesentem
1150 3841 1329 3896 vitam
1378 3848 1593 3898 sancta:
1645 3842 1909 3897 Ecclesiae

260 3927 553 3998 designat,
587 3929 820 3983 dextera
842 3946 1099 4001 namque
1136 3930 1323 4000 ipsius
1365 3931 1782 3985 beatitudinem
1812 3947 1910 3984 su-

260 4015 430 4088 perni
463 4017 624 4089 regni
657 4018 970 4090 signiﬁcat.
999 4019 1159 4074 Unde
1181 4019 1323 4074 dicit
1352 4019 1619 4075 Salomon
1651 4035 1663 4076 :
1703 4043 1728 4067 ‹‹
1764 4020 1908 4074 Lon-

257 4105 462 4178 gitudo
487 4106 646 4178 regni
669 4107 899 4162 dierum
929 4108 987 4161 in
1011 4109 1246 4163 dextera
1266 4108 1604 4180 ejus,gloria
1625 4112 1680 4163 et
1701 4108 1911 4163 divitiae

258 4193 321 4248 in
356 4193 595 4249 sinistra
624 4195 833 4266 ipsius.
871 4218 897 4245 »
940 4197 1162 4268 Quippe
1193 4215 1325 4252 vero
1368 4197 1425 4251 in
1459 4199 1696 4253 dextera
1725 4197 1912 4268 ipsius

258 4281 565 4354 longitudo
619 4289 847 4340 constat
895 4287 1162 4342 dierum?
1210 4287 1348 4358 quia
1380 4286 1436 4340 in
1469 4286 1570 4340 illa
1601 4287 1715 4339 vita
1747 4286 1914 4341 beata

259 4371 609 4426 indefectiva
639 4372 740 4428 lux
771 4375 989 4429 sanctis
1019 4375 1331 4441 tribuitur;
1391 4375 1448 4428 in
1501 4375 1741 4430 sinistra
1779 4391 1910 4428 vero

259 4459 447 4532 gloria
478 4465 534 4515 et
563 4461 794 4530 divitiae,
850 4465 1127 4535 quoniam
1184 4464 1242 4518 in
1292 4465 1470 4534 hujus
1500 4465 1625 4518 vitae
1657 4463 1914 4536 percgri-

260 4546 501 4602 natione
533 4547 721 4620 gloria
751 4551 882 4605 fidei
917 4556 972 4606 et
1014 4552 1232 4607 divitiis
1280 4552 1562 4608 virtutum
1597 4553 1909 4608 reficimur.

2021 3414 2149 3451 rum
2169 3399 2304 3450 PnAc
2329 3394 2376 3449 si
2403 3391 2756 3456 diceretzoui
2783 3390 2938 3444 enim
2963 3386 3253 3459 principes
3276 3385 3414 3438 sunt
3438 3381 3496 3434 in
3523 3395 3661 3451 gen-

2024 3487 2174 3541 tibus
2190 3485 2478 3555 imperant
2500 3480 2863 3552 subjectis,et
2879 3477 2978 3549 qui
2997 3477 3249 3544 majores
3266 3474 3404 3527 sunt
3422 3471 3666 3542 potesta-

2021 3580 2137 3631 tem
2161 3578 2424 3629 exercent
2445 3572 2504 3626 in
2529 3571 2818 3635 minores;
2853 3568 2952 3624 sed
2983 3567 3138 3621 inter
3166 3579 3266 3616 vos
3297 3576 3411 3615 non
3434 3558 3541 3613 erit
3561 3556 3661 3622 ita,

2022 3664 2161 3735 quia
2182 3661 2543 3733 quivoluerit
2559 3676 2688 3715 esse
2707 3659 2915 3727 major,
2939 3655 3050 3710 erit
3070 3657 3258 3707 vester
3289 3647 3576 3712 minister,
3609 3649 3668 3699 et

2022 3733 2119 3824 qui
2144 3751 2395 3807 voluerit
2416 3767 2544 3805 esse
2577 3749 2764 3820 primo
2796 3745 2906 3800 erit
2937 3747 3124 3799 vester
3153 3755 3373 3796 servus.
3400 3733 3666 3824 Ostendit

2022 3821 2176 3895 enim
2201 3841 2485 3896 Dominus
2500 3839 2593 3893 his
2606 3836 2797 3893 verbis
2821 3834 2957 3906 quia
2977 3829 3309 3887 humilitate
3331 3821 3666 3896 pervenitur

2022 3931 2091 3985 ad
2126 3946 2392 4002 regnum,
2426 3927 2802 3998 simplicitate
2844 3939 2976 3978 vero
3018 3921 3357 3992 penetratur
3405 3911 3614 4002 ccelum
3649 3925 3661 3964 :

2022 3999 2292 4088 quisquis
2324 4016 2479 4072 enim
2511 4012 2753 4084 vestigia
2785 4008 3107 4066 divinitatis
3137 4010 3329 4062 tenere
3374 3999 3667 4058 desiderat

2022 4087 2258 4162 necesse
2284 4111 2456 4159 estut
2472 4102 2804 4173 exemplum
2830 4095 3212 4156 humanitatis
3231 4087 3669 4164 sequatur.Qui-

2023 4213 2250 4266 cunque
2277 4195 2510 4248 fratrem
2537 4191 2660 4245 vult
2690 4189 3001 4262 praevenire
3024 4188 3081 4240 in
3105 4182 3666 4266 regnando,necesse

2022 4289 2110 4340 est
2141 4265 2205 4337 ut
2235 4281 2547 4354 preeveniat
2575 4298 2708 4336 eum
2741 4279 2798 4334 in
2849 4275 3249 4347 obsequendo;
3285 4275 3341 4325 et
3371 4269 3522 4324 sicut
3553 4265 3664 4336 ipsi

2022 4380 2310 4428 terrenam
2346 4371 2796 4426 similitudinem
2825 4369 3073 4422 fortasse
3112 4360 3568 4419 contemnerent,
3604 4370 3666 4408 se

2023 4463 2218 4535 ipsum
2270 4461 2572 4531 proposuit
2611 4459 2694 4514 eis
2743 4454 3096 4525 exemplum,
3125 4463 3187 4504 ut
3219 4449 3264 4502 si
3301 4442 3665 4513 dictaipsius

2023 4533 3030 4623 parvipendercnt,confunderentur
3050 4540 3118 4594 ad
3146 4533 3664 4623 opera.Dicitergo:

258 4637 490 4708 Accipit
519 4638 654 4708 quis
686 4640 886 4695 sedere
935 4641 1006 4695 ad
1061 4641 1354 4697 dexteram
1390 4661 1521 4697 cum
1564 4643 1623 4697 in
1665 4641 1914 4698 caelestis
1946 4655 1988 4718 ι)
2023 4620 2051 4691 2.
2081 4620 2242 4696 Sicut
2263 4639 2444 4693 Filius
2466 4637 2722 4692 hominis
2753 4650 2869 4689 non
2895 4630 3052 4686 venit
3081 4624 3407 4718 ministrari
3427 4622 3527 4677 sed
3553 4620 3667 4718 mi-

258 4725 648 4782 beatitudinis
671 4743 848 4800 regno
861 4729 930 4783 de
953 4730 1669 4800 presentisuiConditoris
1690 4731 1911 4786 visione

257 4812 770 4888 laitatur;percipit
787 4821 844 4872 et
858 4818 1058 4874 sedere
1088 4820 1158 4874 ad
1183 4819 1483 4875 sinistram
1499 4837 1630 4876 cum
1656 4821 1714 4874 in
1733 4820 1911 4891 hujus

257 4903 734 4975 peregrinatione
763 4907 893 4963 vita:
919 4908 1049 4963 aliis
1071 4909 1379 4980 praesidere
1411 4910 1656 4981 suscipit
1677 4909 1908 4980 regimi-

258 5009 336 5048 ne
365 4993 942 5053 sacerdotii.Constat
963 5013 1098 5070 ergo
1131 4999 1510 5054 notissimum
1542 5015 1670 5054 esse
1700 4997 1910 5069 quiahi

253 5081 378 5137 duo
409 5081 511 5138 ﬁlii
541 5085 798 5143 Zebedaei
831 5103 946 5142 non
979 5104 1134 5143 unus
1165 5089 1237 5144 ad
1268 5090 1649 5156 dexteram,et
1671 5086 1816 5143 alter
1838 5087 1909 5142 ad

255 5171 569 5231 sinistram
601 5175 834 5232 Domini
866 5177 1064 5232 sedere
1094 5183 1497 5250 perceperunt,
1513 5179 1613 5234 sed
1643 5177 1814 5233 ambo
1840 5178 1909 5232 ad

254 5265 497 5334 tempus
530 5265 601 5320 ad
636 5265 960 5334 sinistram,
993 5267 1270 5335 quoniam
1320 5267 1682 5339 apostolatus
1724 5267 1913 5322 officio

256 5347 394 5405 aliis
426 5355 859 5424 prasederunt;
921 5370 1077 5407 nunc
1125 5370 1256 5410 vero
1290 5358 1460 5411 ambo
1511 5357 1579 5411 ad
1615 5357 1912 5410 dexteram

257 5439 488 5508 sedent,
515 5441 656 5513 quia
685 5443 757 5496 de
787 5441 1056 5512 praesenti
1089 5442 1179 5496 sui
1207 5443 1544 5500 Conditonis
1574 5445 1794 5500 visione
1826 5443 1917 5498 lae-

257 5530 661 5593 tantur.0uod
696 5545 827 5585 vero
857 5529 1124 5586 Christus
1155 5531 1310 5586 dicat
1343 5549 1352 5586 :
1391 5556 1416 5580 ‹‹
1451 5533 1661 5588 Sedere
1718 5537 1915 5589 autem

263 5616 341 5672 ad
353 5615 652 5674 dexteram
668 5633 858 5674 meam
877 5617 963 5674 vel
983 5618 1284 5676 sinistram
1312 5637 1424 5676 non
1449 5627 1537 5678 est
1559 5639 1756 5678 meum
1779 5624 1918 5678 dare

263 5705 453 5777 vobis,
488 5730 516 5758 »
551 5705 856 5773 sciendum
888 5711 976 5767 est
1019 5708 1154 5781 quia
1201 5708 1484 5769 Dominus
1515 5711 1573 5768 in
1605 5712 1916 5785 Evangelio

2021 4731 2290 4799 nistrare,
2314 4733 2370 4783 ct
2401 4728 2537 4782 dare
2568 4724 2825 4780 animam
2877 4737 3045 4777 suam
3095 4735 3198 4790 pro
3242 4712 3463 4769 multis.
3499 4734 3525 4761 n
3561 4710 3668 4764 Pro

2023 4819 2229 4875 multis
2261 4817 2498 4890 quidem
2549 4815 2708 4883 dicit,
2743 4829 2846 4885 pro
2876 4810 2994 4866 illis
3027 4807 3247 4864 scilicet
3293 4802 3394 4876 qui
3437 4801 3496 4856 in
3529 4815 3662 4855 eum

2020 4910 2249 4965 credere
2280 4906 2614 4970 voluerunt;
2649 4909 2704 4958 et
2736 4918 2870 4957 cum
2906 4900 3049 4955 dicit
3081 4921 3106 4946 ‹‹
3149 4895 3430 4960 animam,
3467 4913 3492 4938 n
3533 4890 3668 4943 des-

2021 4998 2240 5055 truitur
2269 5013 2429 5051 error
2459 4995 2692 5049 illorum
2740 4993 2840 5064 qui
2891 4991 3162 5045 dixerunt
3191 4982 3506 5040 Dominum
3555 4992 3669 5031 non

2019 5103 2214 5143 veram
2246 5085 2506 5140 animam
2539 5083 2885 5154 sumpsisse.

2622 5208 2918 5265 HOMIIJA
2959 5204 3073 5260 ΧΙΙ.

2027 5303 2088 5358 ΙΝ
2122 5317 2286 5356 ILLUD
2320 5301 2591 5356 Manum
2624 5315 2637 5353 :
2673 5299 3018 5367 Accesserant
3048 5291 3132 5367 (id
3175 5291 3357 5367 desim}
3385 5281 3595 5367 Scribe
3625 5285 3675 5367 et

2096 5373 2370 5429 Pharisaci
2421 5373 2657 5428 dicentes
2689 5389 2705 5424 :
2739 5372 2918 5436 Quare
2947 5363 3214 5434 discipuli
3260 5360 3345 5412 tui
3372 5360 3676 5438 ctransgre:

2388 5425 2713 5498 traditiones
2743 5425 3095 5499 “seniorum;
3123 5449 3234 5488 non
3284 5430 3437 5483 enim
3488 5425 3676 5479 lavant

2101 5533 2300 5572 manus
2328 5532 2455 5572 suas
2485 5531 2610 5570 cum
2638 5529 2836 5584 panem
2865 5507 3234 5564 manducant?

2100 5623 2245 5678 Mira
2261 5622 2497 5693 quidem
2522 5619 2858 5676 Scribarum
2885 5611 3380 5672 etPharismorum
3405 5600 3674 5665 stultitia,

2030 5711 2127 5783 qui
2149 5712 2465 5771 Dominum
2485 5710 2724 5784 quidem
2744 5702 3249 5779 reprehendebant
3265 5714 3369 5754 cur
3391 5694 3677 5769 precepts
