4018 6200
251 322 368 384 929

1752 318 2147 381 ‘HOMlLl/E.

3535 332 3655 397 930

257 452 400 509 mali
432 454 727 523 catholici,
760 455 859 527 qui
893 454 1043 510 bona
1075 470 1108 511 ι
1136 454 1307 509 malis
1365 470 1637 526 separare
1680 452 1893 520 sciunt,
1928 474 1981 539 Α
2011 459 2076 507 ut
2105 470 2309 508 omnes
2340 453 2591 509 haeretici
2616 457 2672 509 et
2692 452 2938 525 quilibet
2966 454 3490 527 pessimidoctores
3520 481 3650 535 pro-

253 545 357 599 sed
392 549 588 600 tamen
624 550 909 616 praecepta
940 544 1039 598 Dei
1099 544 1457 613 meditando,
1492 547 1548 597 et
1604 542 1897 597 memoriae

252 635 724 688 commendando
756 650 871 687 non
906 633 1225 687 ruminant.
1261 637 1371 687 Per
1401 648 1637 687 corvum
1669 646 1902 702 quoque

254 728 339 783 illi
370 735 619 801 possunt
648 730 892 802 intelligi
918 730 1018 800 qui
1040 730 1367 783 humanum
1402 728 1747 799 sanguinem
1764 728 1899 782 fun-

255 819 391 873 dere
422 820 679 890 gaudent
712 837 724 885 ;
761 836 862 889 per
890 819 1092 889 cignos
1150 818 1533 890 designantur
1566 817 1715 872 relati
1754 834 1767 884 ;
1802 832 1904 888 per

255 907 562 977 accipitres
590 913 649 961 et
679 906 888 961 milvos
936 906 1019 961 illi
1079 906 1179 977 qui
1238 906 1430 961 aliena
1487 906 1723 977 rapiunt
1756 922 1768 971 ;
1803 919 1905 975 per

257 994 447 1067 pisces
480 996 579 1067 qui
614 1012 719 1051 nec
752 1012 1051 1066 squamas,
1086 1012 1189 1050 nec
1235 994 1510 1066 pinnulas
1569 994 1805 1062 habent,
1839 1008 1905 1046 ac

259 1084 511 1139 maxime
542 1084 601 1138 in
634 1084 753 1139 luto
786 1090 1244 1151 commorantur,
1277 1083 1568 1138 immundi
1602 1086 1657 1137 et
1686 1081 1904 1153 impuri

259 1180 529 1237 homines
560 1182 947 1254 designantur
964 1183 1061 1255 qui
1096 1182 1434 1237 volutantur
1451 1181 1510 1234 in
1530 1196 1691 1235 coeno
1714 1195 1907 1251 pecca-

255 1273 475 1324 torum.
506 1269 633 1326 Sive
663 1287 767 1343 per
797 1271 1137 1342 hujusmodi
1169 1272 1360 1343 pisces
1390 1273 1637 1342 possunt
1664 1267 1909 1337 intelligi

260 1358 399 1413 mali
434 1359 701 1415 catholici
735 1361 835 1432 qui
870 1378 985 1416 non
1016 1360 1234 1416 habent
1290 1376 1569 1431 squamas
1620 1359 1906 1413 bonorum

257 1463 526 1519 operum,
560 1466 747 1521 neque
805 1467 1029 1522 pennas
1075 1449 1380 1519 virtutum,
1413 1452 1470 1504 et
1529 1448 1659 1503 ideo
1720 1447 1908 1503 saltus

259 1553 439 1608 super
468 1555 651 1609 aquas
691 1539 829 1594 dare
888 1555 1004 1594 non
1064 1543 1330 1611 possunt,
1388 1538 1446 1592 id
1506 1542 1596 1593 est
1653 1536 1912 1592 cmlestia

262 1639 565 1706 penetrare
594 1652 709 1689 non
765 1637 979 1692 valent.
1043 1636 1153 1691 Sed
1214 1637 1359 1692 forte
1420 1640 1636 1708 quaaret
1694 1634 1909 1706 aliquis

264 1739 397 1778 cum
456 1723 741 1779 Dominus
793 1726 947 1779 dicat
983 1744 994 1781 :
1032 1749 1058 1773 ‹‹
1093 1725 1217 1780 Non
1282 1725 1435 1797 quod
1489 1724 1669 1779 intrat
1728 1724 1786 1778 in
1846 1739 1909 1778 os

266 1813 606 1883 coinquinat
638 1812 957 1879 hominem,
982 1834 1003 1862 ι
1037 1831 1216 1885 quare
1248 1831 1361 1869 non
1395 1814 1472 1868 sit
1500 1813 1725 1868 licitum
1757 1812 1906 1868 vesci
1944 1843 1991 1906 Β

266 1900 335 1956 de
367 1900 713 1971 idolothitis,
746 1907 847 1957 aut
877 1920 1057 1974 quare
1117 1904 1275 1957 dicat
1326 1902 1641 1974 Apostolus
1675 1920 1687 1957 :
1726 1925 1751 1952 ‹‹
1785 1901 1910 1956 Non

266 1989 511 2061 potestis
544 1990 741 2046 bibere
772 1990 1011 2046 calicem
1049 1990 1275 2046 Domini
1336 1996 1394 2045 et
1433 1990 1669 2045 calicem
1700 1991 1912 2044 dmmo-

274 2078 527 2132 nierum.
566 2100 594 2127 ››
631 2079 742 2133 Sed
802 2080 1108 2134 sciendum
1168 2084 1257 2133 est
1309 2080 1447 2150 quia
1504 2079 1697 2134 omnis
1754 2094 1911 2133 crea-

270 2170 405 2221 tura
440 2166 535 2221 Dei
569 2183 671 2238 per
714 2184 775 2222 se
834 2168 989 2223 bona
1044 2173 1101 2223 et
1146 2170 1369 2222 munda
1425 2172 1533 2235 est,
1589 2169 1690 2221 sed
1748 2167 1913 2221 invo-

271 2255 421 2310 catio
453 2255 871 2312 daemoniorum
905 2258 1041 2312 facit
1073 2273 1139 2312 ea
1192 2256 1520 2323 immunda,
1554 2262 1611 2311 et
1640 2256 1767 2311 ideo
1799 2272 1914 2312 non

270 2348 359 2400 est
389 2343 617 2400 licitum
651 2346 953 2401 comedere
996 2345 1322 2401 idolothita.
1382 2345 1725 2416 Quicunque
1756 2345 1913 2400 enim

270 2445 447 2497 tantae
480 2442 613 2498 ﬁdei
645 2448 733 2498 est
763 2448 827 2498 ut
858 2443 1148 2516 intelligat
1210 2449 1535 2499 creaturam
1594 2443 1694 2498 Dei
1754 2442 1915 2498 nullo

278 2534 453 2588 modo
485 2533 850 2605 coinquinari
884 2550 1075 2606 posse,
1109 2533 1507 2589 sanctiﬁcetur
1530 2550 1633 2604 per
1675 2533 1916 2588 verbum

275 2620 372 2676 Dei
403 2625 459 2676 et
490 2621 906 2692 orationem,et
934 2623 1200 2678 comedat
1229 2638 1590 2694 quaecunque
1620 2620 1916 2676 vult.Hinc

271 2711 528 2781 estquod
544 2710 861 2783 Apostolus
880 2710 1153 2783 prmeepit
1168 2727 1297 2765 esse
1309 2711 1730 2765 comedendum
1747 2709 1915 2778 quid-

274 2798 415 2870 quid
449 2799 507 2853 in
536 2800 779 2855 macello
809 2800 1200 2866 venundatur,
1233 2798 1497 2870 nihilque
1553 2798 1916 2869 interrogan-

274 2888 441 2954 dum,
474 2888 613 2960 quia
644 2887 692 2943 si
724 2888 938 2959 aliquis
972 2888 1179 2943 dixerit
1210 2887 1317 2943 hoc
1374 2886 1749 2942 idolothitum
1808 2889 1913 2951 est,

274 2977 549 3047 praecepit
579 2994 695 3032 non
727 2993 854 3032 esse
884 2976 1308 3031 comedendum
1342 2980 1576 3047 propter
1617 2974 1916 3031 conscien-

278 3066 417 3120 tiam
449 3065 709 3133 alterius,
769 3064 929 3120 illius
984 3064 1255 3119 videlicet
1312 3064 1412 3135 qui
1467 3063 1915 3119 scandalizatur.

274 3186 301 3211 «
334 3163 495 3218 Tunc
529 3168 901 3219 accesserunt
930 3163 999 3217 ad
1031 3178 1165 3217 eum
1198 3161 1472 3233 discipuli
1498 3164 1625 3232 ejus
1657 3162 1916 3216 dicentes

275 3252 401 3307 Scis
433 3252 570 3323 quia
601 3251 873 3307 Pharisaei
907 3251 1105 3306 audito
1160 3250 1269 3305 hoc
1326 3251 1498 3305 verbo
1542 3249 1917 3306 scandalizati

270 3340 444 3396 sunt?
474 3364 503 3389 »
535 3340 810 3396 Pharisaei
843 3356 1098 3411 namque
1129 3340 1328 3395 audito
1352 3339 1524 3394 verbo
1545 3339 1699 3409 quod
1726 3338 1919 3393 Domi-

273 3445 387 3483 nus
419 3429 501 3485 ait
532 3452 558 3479 ‹‹
589 3447 705 3485 non
738 3430 891 3500 quod
922 3429 1100 3484 intrat
1130 3428 1189 3483 in
1249 3445 1314 3483 os
1344 3427 1686 3498 coinquinat
1732 3426 1918 3481 homi-

274 3534 409 3574 nem
436 3541 463 3569 »
488 3517 865 3574 scandalizati
888 3518 1191 3589 sunt,quia
1216 3533 1511 3573 summam
1526 3521 1582 3571 et
1603 3516 1917 3571 maximam

274 3606 617 3680 religionem
651 3608 937 3679 putabant
967 3623 1095 3663 esse
1123 3608 1182 3662 in
1234 3606 1603 3662 observantia
1632 3607 1917 3661 ciborum.

272 3707 384 3761 Sed
416 3707 531 3762 ista
561 3724 685 3777 vos,
717 3707 774 3761 id
808 3710 896 3761 est
925 3705 1291 3772 scandalum,
1334 3705 1601 3777 quamvis
1656 3704 1921 3760 usitatis-

276 3795 431 3849 sima
460 3795 757 3866 sit,tamen
787 3794 1105 3849 videndum
1134 3799 1221 3849 est
1252 3795 1391 3865 quid
1426 3794 1921 3866 signiﬁcet.Scan-

277 3883 479 3938 datum
510 3889 599 3939 est
629 3883 1069 3950 oti‘endiculum,
1100 3884 1219 3939 sive
1266 3884 1458 3949 ruina,
1500 3884 1618 3938 sive
1648 3882 1921 3953 impactio

276 3973 495 4044 pedum
530 3990 543 4039 ;
574 3974 729 4044 quod
762 3989 897 4043 ergo
929 3972 1213 4027 Dominus
1247 3972 1330 4027 ait
1352 3989 1399 4026 τα
1430 3972 1536 4036 Qui
1571 3970 1923 4025 scandaliza-

273 4061 425 4115 verit
458 4078 639 4115 unum
671 4061 743 4116 de
776 4060 1006 4132 pusillis
1038 4060 1224 4131 istis,»
1250 4061 1333 4115 sic
1354 4065 1445 4115 est
1476 4059 1923 4129 intelligendum

275 4158 378 4229 qui
413 4175 518 4214 suo
550 4160 703 4214 dicto
736 4158 821 4214 vel
854 4160 1004 4213 facto
1033 4158 1396 4214 occasionem
1428 4158 1609 4212 ruinae
1642 4156 1822 4212 alicui
1857 4173 1925 4211 ex

276 4246 542 4303 minimis
573 4248 704 4303 istis
738 4247 982 4303 dederit.
1018 4271 1043 4296 ‹‹
1074 4248 1142 4301 Et
1171 4247 1251 4301 ait
1308 4246 1424 4301 illis
1458 4264 1470 4301 :
1505 4245 1695 4300 omnis
1754 4244 1920 4316 plan-

272 4335 418 4390 tatio
447 4352 625 4407 quam
655 4353 768 4391 non
801 4336 1086 4407 plantavit
1116 4340 1285 4391 Pater
1316 4352 1480 4390 meus
1530 4334 1926 4389 eradicabitur

272 4433 347 4488 Et
376 4438 464 4488 est
496 4434 937 4490 sensus:0mnis
970 4434 1117 4489 falsa
1145 4434 1492 4505 doctrina,et
1517 4432 1925 4504 superstitiosa

276 4522 607 4578 observatio
640 4540 773 4578 cum
805 4524 930 4578 suis
960 4523 1297 4579 auctoribus
1320 4537 1661 4593 permanere
1692 4537 1805 4577 non
1828 4537 1923 4591 po-

277 4614 399 4665 test
430 4629 443 4680 ;
476 4617 533 4666 et
562 4612 699 4683 quia
729 4630 762 4667 a
792 4617 905 4668 Deo
962 4617 1129 4666 Patre
1186 4627 1302 4666 non
1353 4615 1463 4679 est,
1520 4610 1732 4666 idcirco
1791 4626 1924 4665 cum

276 4699 500 4755 eisdem
533 4700 1057 4757 eradicabitur.llla
1088 4718 1223 4773 ergo
1256 4700 1379 4755 sola
1409 4699 1776 4771 permanebit
1797 4716 1924 4771 quae

278 4806 314 4844 a
346 4789 461 4845 Deo
496 4790 664 4845 Patre
696 4791 1137 4846 est.Videndum
1157 4795 1246 4844 est
1276 4805 1410 4860 ergo
1436 4789 1483 4843 si
1516 4788 1615 4843 illa
1642 4788 1924 4859 plantatio

274 4904 460 4959 quam
475 4889 788 4961 Apostolus
804 4888 1087 4961 plantavit
1108 4887 1457 4943 eradicanda
1479 4885 1653 4950 sit,an
1679 4902 1814 4939 non.
1834 4884 1926 4939 Ait

273 4978 439 5033 enim
472 4997 488 5031 :
522 5000 550 5029 «
585 4978 700 5050 Ego
728 4977 1216 5050 plantavi,Apollo
1250 4976 1455 5047 rigavit
1488 4994 1504 5027 :
1540 4998 1567 5022 ››
1599 4978 1727 5028 Haec
1759 4990 1923 5027 nam-

276 5083 397 5139 que
427 5066 745 5139 apostolica
777 5067 1077 5139 plantatio,
1114 5067 1251 5138 quia
1281 5082 1314 5121 a
1340 5065 1453 5119 Deo
1494 5064 1662 5117 Patre
1694 5067 1801 5127 est,
1836 5062 1922 5116 id-

273 5156 433 5211 circo
456 5157 855 5227 permanebit:
882 5158 1033 5210 unde
1052 5157 1175 5226 ipse
1198 5170 1329 5210 mox
1351 5152 1695 5223 subjungit:
1727 5152 1924 5206 «Deus

274 5260 477 5310 autem
510 5256 934 5310 incrementum
994 5254 1172 5308 dedit.
1238 5276 1263 5299 ››
1321 5250 1636 5322 Sequitur:
1670 5273 1695 5295 ‹‹
1741 5250 1925 5305 Sinite

272 5343 433 5415 illos,
467 5344 601 5397 caci
633 5348 793 5413 sunt,
826 5349 881 5397 et
912 5344 1089 5396 duces
1120 5357 1423 5395 caecorum.
1450 5364 1474 5385 ››
1506 5339 1623 5392 Hoc
1651 5343 1739 5391 est
1767 5340 1922 5408 quod

274 5431 596 5503 Apostolus
630 5432 771 5485 dicit
804 5449 814 5485 :
850 5454 876 5480 ‹‹
912 5430 1250 5483 llaereticum
1281 5428 1581 5482 hominem
1622 5432 1753 5497 post
1804 5428 1922 5498 pri-

276 5538 441 5579 mam
473 5524 530 5572 et
558 5520 874 5572 secundam
909 5517 1328 5588 correptionem
1358 5515 1763 5581 devita,sciens
1786 5517 1924 5586 quia

278 5610 604 5668 subversus
618 5605 815 5675 esthuj
827 5605 1139 5671 usmodi,et
1153 5604 1511 5674 asemetipso
1525 5602 1859 5660 damnatus.
1894 5629 1921 5652 ››

278 5701 462 5765 Juxta
489 5696 649 5755 hunc
674 5710 915 5759 sensum
946 5695 1217 5773 praecepit
1245 5692 1527 5754 Dominus
1560 5692 1616 5750 in
1655 5692 1766 5753 hoc
1796 5693 1921 5753 loco

1956 4572 2003 4635 D

2012 542 2136 612 prio
2167 542 2407 595 arbitrio
2430 542 3144 615 relinquantur,quoniam
3178 547 3499 605 difﬁculter
3520 568 3652 623 pos-

2010 634 2148 685 sunt
2177 629 2329 684 trahi
2361 631 2430 684 ad
2464 630 2768 686 scientiam
2799 632 3083 690 veritatis:
3105 640 3160 689 et
3174 637 3311 705 quia
3340 640 3469 694 caeci
3491 647 3655 697 erant

2011 719 2224 773 ideirco
2238 735 2417 773 caecos
2442 718 2689 790 populos
2707 720 2776 773 ad
2808 737 3061 776 errorem
3086 724 3415 782 trahebant.
3440 729 3651 786 Scriba:

2012 808 2165 861 enim
2181 812 2236 861 et
2256 807 2527 862 Pharisaei
2546 809 2677 863 caeci
2710 814 2875 864 erant
2906 812 3045 881 quia
3072 814 3649 887 scandalizabantur;

2014 898 2190 952 duces
2219 912 2502 951 caecorum
2534 903 2719 965 erant,
2754 898 2891 968 quia
2920 916 3041 967 eos,
3063 918 3209 970 quos
3241 903 3545 976 docebant,
3578 910 3651 964 ad

2014 1002 2266 1041 errorem
2307 986 2635 1040 trahebant.
2700 986 2862 1042 Unde
2920 995 2975 1042 et
3034 989 3272 1060 pulchre
3330 995 3648 1063 subditur;

2017 1097 2045 1125 ι‹
2076 1075 2273 1131 Caecus
2305 1080 2499 1130 autem
2532 1075 2582 1129 si
2606 1090 2753 1130 caeco
2784 1076 3060 1133 ducatum
3093 1086 3343 1150 praestet,
3386 1082 3650 1142 amboin

1962 1207 1967 1213 .
2018 1165 2239 1219 foveam
2275 1166 2510 1227 cadunt,
2547 1185 2573 1212 n
2606 1168 2805 1219 Potest
2834 1165 2941 1220 hoc
2999 1166 3244 1240 intelligi
3276 1171 3499 1228 dictum
3534 1192 3650 1232 non

2016 1253 2206 1309 solum
2238 1254 2308 1309 de
2335 1253 2550 1308 Scribis
2581 1257 2636 1307 et
2657 1254 2988 1320 Pharisaeis,
3020 1258 3121 1312 sed
3168 1259 3344 1315 etiam
3375 1262 3444 1316 de
3477 1263 3655 1321 haere-

2016 1343 2146 1398 ticis
2171 1348 2223 1397 et
2255 1341 2616 1414 quibuslibet
2649 1360 2820 1414 prave
2864 1344 3209 1402 docentibus
3241 1366 3253 1415 ;
3288 1352 3568 1420 quoniam
3602 1356 3653 1409 si

2017 1431 2324 1487 haereticus
2356 1432 2643 1499 haeretico,
2678 1437 2733 1487 et
2764 1438 3030 1502 peccator
3062 1438 3343 1503 peccatori
3375 1439 3653 1498 ducatum

2018 1525 2268 1592 praestet,
2313 1521 2485 1575 ambo
2540 1520 2973 1592 praecipitantur
3030 1523 3087 1577 in
3148 1524 3369 1581 foveam
3430 1536 3655 1587 aeterna:

2018 1610 2732 1680 damnationis.Sequitur:
2768 1633 2793 1658 «
2834 1611 3208 1681 Respondeas
3241 1620 3433 1672 autem
3458 1619 3658 1676 Petrus

2018 1698 2161 1753 dixit
2193 1715 2205 1751 :
2243 1699 2509 1753 Edissere
2543 1698 2709 1752 nobis
2742 1699 3077 1769 parabolam
3110 1702 3305 1757 istam:
3344 1728 3371 1753 ‹‹
3410 1723 3657 1765 censue-

2018 1792 2180 1842 verat
2208 1787 2424 1858 quippe
2456 1786 2738 1841 Dominus
2783 1787 2942 1857 loqui
3000 1791 3351 1860 parabolice,
3413 1801 3469 1849 et
3527 1796 3657 1853 ideo

2025 1877 2227 1931 Petrus
2258 1893 2393 1931 cum
2426 1876 2687 1930 audisset
2715 1892 2849 1930 eum
2892 1876 3116 1931 dicere«
3150 1896 3262 1935 non
3298 1885 3450 1953 quod
3485 1884 3664 1942 intrat,

2024 1982 2201 2037 peros
2221 1964 2932 2037 coinquinathominem,»
2950 1964 3113 2021 illum
3130 1970 3458 2038 parabolice
3482 1974 3662 2030 fuisse

2022 2053 2281 2109 locutum
2309 2053 2551 2124 putavit,
2584 2060 2642 2107 et
2669 2052 2793 2108 ideo
2852 2052 3264 2127 interrogavit;
3298 2064 3354 2113 et
3384 2060 3521 2130 quia
3550 2064 3660 2119 sub

2024 2161 2272 2215 persona
2328 2148 2383 2198 et
2434 2160 2531 2198 ore
2562 2147 2900 2198 ceterorum
2933 2143 3040 2199 hoc
3071 2145 3463 2215 dixit,idcirco
3485 2150 3664 2206 simul

2025 2248 2159 2287 cum
2192 2233 2275 2287 eis
2306 2236 2600 2287 correctus
2647 2236 2705 2286 et
2761 2232 3153 2303 reprehensus
3214 2240 3303 2291 est
3349 2254 3383 2292 a
3416 2238 3663 2296 Domino

2025 2321 2252 2377 dicente
2278 2338 2289 2375 :
2326 2345 2352 2369 ‹‹
2384 2320 2587 2374 Adhuc
2617 2325 2674 2375 et
2704 2337 2803 2375 vos
2836 2321 2961 2376 sine
2986 2321 3277 2379 intellectu
3308 2327 3447 2382 estis
3478 2327 3537 2381 ?n
3567 2328 3668 2386 His

2025 2410 2217 2465 verbis
2252 2414 2446 2480 aperte
2478 2409 2911 2465 demonstratur
2941 2427 3079 2481 quia
3108 2412 3351 2470 vitiosus
3374 2420 3430 2469 et
3478 2431 3667 2488 repre-

2027 2498 2333 2552 hensibilis
2366 2502 2455 2552 est
2486 2498 2736 2563 auditor,
2772 2498 2869 2568 qui
2933 2499 3259 2571 simplicem
3317 2506 3667 2562 sententiam

2028 2586 2377 2658 parabolice,
2410 2591 2466 2641 et
2496 2587 2650 2657 quod
2677 2587 3002 2658 parabolice
3057 2589 3293 2656 dicitur,
3326 2592 3671 2664 simpliciter

2025 2674 2149 2727 vult
2178 2673 2520 2745 intelligere.
2557 2674 2835 2744 Sequitur
2866 2692 2878 2729 :
2917 2697 2943 2724 ‹‹
2974 2676 3097 2731 Non
3158 2678 3482 2751 intelligitis
3532 2683 3670 2753 quia

2028 2779 2200 2817 omne
2230 2762 2382 2833 quod
2412 2761 2470 2815 in
2503 2779 2568 2817 os
2600 2763 2780 2817 intrat
2811 2764 2869 2816 in
2902 2770 3162 2821 ventrem
3195 2768 3371 2834 vadit,
3404 2775 3461 2826 et
3490 2771 3549 2826 in
3582 2787 3670 2827 so-

2027 2867 2259 2905 oessum
2282 2851 2624 2906 emittitur?»
2651 2852 2910 2907 Fuerunt
2929 2853 3084 2909 enim
3109 2855 3359 2911 haeretici
3385 2860 3481 2929 qui
3506 2860 3670 2916 dixe-

2030 2944 2165 2993 runt
2194 2938 2508 2993 Dominum
2542 2939 2813 3011 ignarum
2845 2940 3029 2996 fuisse
3054 2942 3668 3019 physicazdisciplinze,

2028 3028 2167 3100 quia
2196 3027 2548 3083 dixit:0mne
2579 3028 2731 3099 quod
2756 3029 2811 3083 in
2842 3046 2905 3084 os
2931 3030 3109 3086 intrat
3142 3032 3198 3087 in
3226 3039 3485 3090 ventrem
3510 3037 3669 3093 vadit

2027 3123 2083 3173 et
2114 3118 2169 3172 in
2204 3134 2499 3172 secessum
2532 3117 3073 3190 emittitur.Physici
3104 3121 3259 3177 enim
3291 3124 3495 3179 dicunt
3527 3126 3665 3197 quia

1950 3208 1991 3273 C
2031 3224 2163 3261 mox
2194 3210 2258 3260 ut
2287 3222 2429 3260 esca:
2463 3209 2519 3259 et
2550 3205 2663 3259 cibi
2710 3212 3049 3277 sumuntur,
3107 3210 3295 3266 virtus
3354 3228 3557 3267 eorum
3616 3219 3675 3270 et

2028 3293 2288 3364 liquidus
2320 3293 2532 3347 humor
2552 3309 2653 3363 per
2681 3298 3050 3359 artus,venas
3080 3302 3135 3351 et
3166 3314 3368 3355 nervos
3400 3302 3674 3356 diffundi-

2034 3387 2154 3448 tur;
2177 3383 2329 3436 unde
2351 3380 2615 3435 nonnulli
2631 3383 3087 3453 postprandium
3103 3390 3204 3440 aut
3225 3402 3448 3443 ccenam
3469 3406 3673 3461 quam-

2027 3471 2115 3525 vis
2140 3470 2276 3525 vitio
2308 3468 2594 3524 stomachi
2629 3475 2899 3525 evomant
2957 3488 3025 3526 ca
3082 3488 3209 3544 quae.
3268 3483 3671 3550 sumpserunt,

2030 3564 2225 3614 tamen
2258 3557 2700 3613 rubicundiores
2733 3564 2789 3613 et
2846 3560 3308 3632 corpulentiores
3350 3566 3542 3622 solent
3571 3585 3674 3640 ap-

2034 3665 2252 3721 parere.
2276 3646 2362 3702 Illi
2385 3646 2603 3711 enim,d
2616 3664 2713 3702 um
2746 3648 2971 3703 Domini
2990 3650 3343 3723 imperitiam
3372 3657 3677 3712 ostendere

2029 3737 2427 3804 voluerunt,se
2458 3735 2761 3807 imperitos
2790 3745 2846 3792 et
2867 3738 3079 3795 stultos
3103 3742 3674 3800 demonstraverunt.
3709 3774 3715 3780 -

2029 3828 2171 3882 Nam
2185 3826 2474 3899 ,quamvis
2495 3826 2678 3880 virtus
2701 3826 3049 3893 ciborum,et
3063 3829 3447 3887 tenuissimus
3462 3833 3675 3889 humor

2033 3934 2232 3971 eorum
2266 3920 2745 3985 perartus,venas
2759 3921 2814 3969 et
2834 3932 3037 3971 nervos
3062 3934 3263 3973 eorum
3287 3920 3672 3989 diffundatur,

2032 4009 2430 4058 verumtamen
2465 4021 2565 4074 per
2596 4004 2853 4059 occultos
2888 4009 3299 4078 meatus,quos
3330 4010 3477 4065 Gaaci
3502 4029 3673 4083 poros

2033 4098 2259 4160 vocant,
2292 4093 2361 4146 ad
2395 4092 2671 4147 inferiora
2702 4093 3087 4161 descendunt,
3148 4101 3204 4151 et
3259 4098 3317 4152 in
3375 4116 3675 4157 secessum

2034 4182 2473 4247 emittuntur,ut
2503 4180 2713 4235 iterum
2747 4199 2925 4238 novos
2947 4184 3109 4240 cibos
3134 4189 3679 4259 sumant.Sequitur

2036 4295 2062 4321 ‹‹
2102 4273 2176 4325 De
2207 4270 2377 4324 corde
2407 4270 2563 4325 enim
2594 4276 2807 4325 exeunt
2838 4273 3219 4344 cogitationes
3280 4276 3464 4331 malae.
3504 4300 3524 4324 ι
3563 4277 3677 4332 De-

2035 4361 2281 4415 struitur
2315 4358 2405 4414 his
2430 4360 2619 4415 verbis
2652 4377 2812 4416 error
2844 4362 3304 4432 Platonicus,qui
3336 4364 3485 4418 dixit
3514 4365 3673 4436 prin-

2035 4448 2219 4521 cipale
2254 4448 2528 4517 hominis,
2565 4449 2620 4502 id
2650 4454 2739 4503 est
2770 4467 2980 4504 sensus
3012 4455 3068 4505 et
3097 4450 3583 4517 intellectus,esse
3614 4452 3673 4509 in

2035 4538 2290 4593 cerebro.
2319 4538 2495 4591 Juxta
2523 4536 2824 4591 Platonem
2854 4554 2988 4609 ergo
3046 4540 3366 4611 principale
3418 4542 3675 4599 hominis

2036 4632 2125 4683 est
2155 4628 2212 4680 in
2244 4626 2499 4690 cerebro,
2525 4628 2695 4695 juxta
2725 4625 3041 4680 Dominum
3074 4643 3206 4683 vero
3240 4628 3297 4683 in
3341 4632 3531 4686 corde.
3569 4632 3677 4688 Re-

2036 4716 2478 4789 prehenduntur
2523 4713 2697 4767 etiam
2748 4713 2805 4767 in
2856 4713 2963 4770 hoc
3018 4714 3139 4769 loco
3199 4716 3281 4771 illi
3330 4719 3428 4789 qui
3476 4719 3679 4775 dicunt

2036 4822 2240 4861 omnes
2273 4802 2457 4858 malas
2486 4802 2866 4874 cogitotiones
2899 4820 2932 4857 a
2962 4803 3193 4859 diabolo
3226 4806 3675 4873 immitti,etnon

2036 4897 2269 4967 prOpria
2300 4892 2593 4947 voluntate
2626 4891 2803 4945 nasci.
2838 4891 3116 4948 Diabolus
3149 4912 3401 4967 namque
3441 4898 3677 4966 adjutor

2036 4990 2092 5039 et
2122 4986 2384 5037 incentor
2415 4979 2699 5034 malarum
2736 4980 3154 5052 cogitationum
3187 5001 3314 5039 esse
3347 4987 3665 5056 potest,sed

2036 5077 2240 5128 auctor
2272 5069 2429 5123 nullo
2462 5070 2632 5122 modo
2666 5074 2855 5139 potest
2884 5071 3148 5126 existere.
3190 5078 3330 5127 Cum
3362 5074 3517 5129 enim
3547 5074 3670 5129 dia-

2033 5159 2203 5215 bolus
2235 5158 2490 5229 aliquam
2526 5157 2705 5211 levem
2751 5158 3063 5214 scintillam
3118 5160 3404 5215 malarum
3451 5162 3670 5234 cogita-

2035 5250 2260 5303 tianum
2287 5246 2485 5300 fomite
2506 5247 2871 5300 suamalitia
2906 5250 3209 5302 succendit
3239 5254 3293 5303 et
3323 5250 3670 5318 inflammat,

2036 5354 2146 5392 non
2182 5336 2459 5390 debemus
2491 5334 2812 5405 intelligere
2845 5337 2985 5403 quia
3013 5337 3136 5408 ipse
3178 5337 3454 5393 interiora
3483 5340 3675 5395 cordis

2037 5427 2214 5482 nostri
2249 5424 2433 5478 valeat
2466 5425 2835 5495 investigare,
2868 5431 2969 5480 aut
3026 5427 3404 5497 cogitationes
3460 5427 3673 5482 intelli-

2033 5533 2185 5587 gere,
2220 5514 2319 5568 sed
2352 5513 2667 5583 aliquando
2698 5529 2799 5583 per
2826 5514 3090 5568 habitum
3150 5520 3207 5569 et
3235 5521 3458 5571 motum
3517 5520 3670 5573 exte-

2033 5603 2202 5658 rioris
2232 5601 2487 5657 hominis
2515 5601 2811 5672 cognoscit
2839 5602 3133 5659 interiora.
3194 5605 3361 5660 Verbi
3390 5604 3598 5677 gratia,
3621 5604 3671 5662 si

2030 5692 2239 5752 viderit
2267 5707 2373 5750 nos
2403 5690 2624 5750 intente
2656 5690 2944 5765 inspicere
2972 5692 3197 5752 vultum
3217 5692 3673 5771 mulierisﬁntel-
