4018 6200
299 356 408 414 941

1768 360 1868 419 DE
1913 358 2231 420 MUSICA.

3584 363 3712 424 942

296 487 519 543 dissoni
553 485 834 566 (διάφωνοι
859 498 1059 562 autem,
1093 491 1149 546 id
1177 500 1254 548 est
1271 492 1646 548 dissentientes
1666 496 1816 559 sunt,
1839 495 1938 562 qui
1967 492 2021 557 Α
2050 492 2246 562 quibus
2275 508 2388 547 non
2425 492 2602 548 subest
2624 494 2784 561 ratio,
2817 491 2874 546 id
2907 495 2995 547 est
3021 490 3184 548 nulla
3205 492 3430 548 ratione
3453 495 3704 564 conjun-

292 593 417 631 cum
440 582 689 648 percussi
712 581 942 650 fuerint,
976 582 1212 637 invicem
1252 582 1580 655 discrepant.
1612 579 1941 658 Ὀμόφωνοι,

291 667 388 737 qui
420 669 558 722 vocis
591 669 828 739 quidem)
861 670 1038 724 aliam
1063 672 1534 744 signiﬁcationem
1581 676 1638 727 et
1667 671 1944 727 virtutem

292 765 486 826 gerunt
495 773 515 817 ;
548 758 820 828 (eumdem
840 763 1026 814 autem
1050 761 1335 832 impetum,
1366 763 1425 816 id
1445 770 1522 816 est
1541 763 1942 832 percussionem

293 846 690 916 servant)unus
704 847 861 902 enim
876 847 1150 920 idemque
1165 867 1344 906 sonus
1360 850 1560 906 multis
1575 856 1948 922 comparatur

297 933 356 988 in
382 934 627 991 diversis
649 935 987 1007 virtutibus,
1012 938 1166 993 verbi
1189 938 1398 1010 gratia,
1421 956 1554 994 cum
1582 956 1697 994 uno
1718 943 1946 1008 tonum,

297 1038 432 1078 cum
455 1022 568 1078 alio
589 1024 1003 1092 hemitonium,
1019 1042 1151 1082 cum
1175 1027 1344 1084 tertio
1362 1029 1569 1083 diesin.
1591 1029 1948 1099 (Suntautem

297 1114 346 1166 et
368 1112 495 1166 aliae
515 1129 776 1169 sonorum
794 1114 1180 1183 diversitates),
1211 1121 1261 1172 et
1285 1119 1487 1189 prima,
1510 1116 1733 1173 scilicet
1762 1117 1948 1171 diver-

299 1199 463 1269 sitas,
491 1217 592 1272 per
639 1204 1021 1275 intensionem,
1053 1205 1109 1260 id
1139 1210 1229 1260 est
1273 1206 1672 1261 extensionem
1718 1205 1949 1283 chordae

298 1291 507 1358 (utaut
555 1293 814 1346 acumine
865 1300 962 1348 aut
986 1295 1257 1363 gravitate
1308 1294 1643 1365 dissentiat).
1679 1293 1945 1360 Secunda,

299 1377 522 1434 scilicet
550 1378 878 1447 diversitas,
903 1396 1004 1452 per
1029 1381 1414 1452 spatiorum,id
1438 1388 1527 1438 est
1556 1387 1831 1439 tonorum
1861 1382 1948 1438 vel

298 1467 725 1526 semitonorum
745 1472 1165 1542 perceptionem,
1189 1488 1314 1526 cum
1339 1474 1456 1539 uni,
1481 1471 1706 1527 scilicet
1735 1472 1948 1544 spatio,

297 1560 396 1626 aut
420 1557 688 1627 plurimis
703 1560 1094 1633 conjungitur,
1109 1562 1344 1631 quando
1366 1559 1663 1632 colligitur
1695 1579 1850 1617 unus
1869 1566 1952 1616 to-

302 1661 412 1700 nus
443 1661 513 1700 ex
543 1646 773 1703 duobus
823 1648 1055 1719 spatiis,
1090 1654 1146 1704 et
1179 1649 1571 1704 hemitonium
1619 1668 1690 1706 ex
1721 1651 1950 1706 duobus

301 1733 525 1805 spatiis.
561 1739 768 1804 Tertia,
795 1736 1339 1794 scilicetdiversitas
1362 1738 1420 1793 in
1441 1739 1602 1794 sonis
1622 1741 1684 1809 ﬁt
1701 1757 1804 1811 per
1821 1756 1950 1795 con-

299 1822 635 1890 iunctionem
655 1827 984 1896 systematis,
1011 1826 1121 1882 hoc
1137 1831 1409 1898 est,quan
1419 1826 1602 1882 titatis
1620 1827 1709 1883 vel
1725 1828 1951 1900 magni-

301 1911 522 1968 tudinis
551 1931 759 1970 vocum
789 1933 802 1970 :
839 1915 939 1971 sed
972 1915 1081 1971 hoc
1104 1916 1348 1972 interest
1372 1916 1525 1972 inter
1554 1917 1860 1984 diastema,
1892 1917 1950 1972 id

304 2006 393 2057 est
420 2002 698 2074 spatium,
723 2007 779 2058 et
828 2009 1074 2077 sytema,
1107 2005 1216 2061 hoc
1265 2011 1373 2073 est,
1407 2006 1563 2062 vocis
1597 2006 1952 2078 magnitudi-

304 2107 460 2156 nem,
495 2092 649 2162 quod
681 2093 942 2164 spatium
997 2093 1150 2149 inter
1180 2095 1330 2150 duos
1378 2112 1552 2151 sonos
1583 2096 1669 2151 vel
1717 2101 1836 2152 tres
1863 2095 1951 2151 vel

304 2184 560 2249 quatuor
606 2179 925 2248 invenitur,
959 2186 1016 2237 et
1044 2199 1110 2238 eo
1159 2182 1451 2254 amplius;
1485 2187 1712 2256 sytema
1755 2189 1951 2240 autem

304 2283 420 2322 non
445 2267 642 2323 minus
663 2286 841 2341 quam
859 2269 916 2325 in
940 2271 1244 2342 diapason,
1266 2272 1407 2343 quod
1427 2276 1522 2327 aut
1541 2290 1715 2328 unum
1734 2276 1950 2347 recipit,

303 2355 525 2412 scilicet
555 2358 709 2413 sicut
737 2362 934 2427 tonus,
967 2363 1060 2414 aut
1103 2360 1273 2431 plura
1301 2363 1515 2429 recipit,
1550 2362 1769 2418 scilicet
1801 2363 1954 2418 sicut

301 2445 608 2518 diapason,
639 2463 766 2518 quas
787 2465 866 2503 VII
889 2448 1078 2520 spatia
1108 2454 1211 2504 aut
1235 2467 1332 2504 VIII
1359 2449 1607 2506 chordas
1637 2452 1860 2524 recipit.
1889 2454 1953 2508 Et

303 2535 447 2606 quod
472 2535 768 2591 secundum
796 2553 1006 2593 morem
1029 2537 1254 2605 dicitur,
1275 2539 1330 2594 id
1350 2545 1431 2594 est
1460 2540 1594 2592 κατά
1609 2539 1764 2608 ἦθος,
1784 2543 1839 2596 id
1866 2546 1956 2597 est

300 2624 630 2680 secundum
666 2641 911 2693 morem,
944 2626 1167 2683 scilicet
1185 2644 1288 2699 per
1307 2627 1414 2684 hoc
1440 2629 1505 2684 ﬁt
1524 2630 1950 2702 discrepantia:

303 2713 628 2768 secundum
646 2714 952 2784 morem,id
968 2717 1570 2786 est,consuetudinem
1584 2717 1951 2790 singularum

305 2800 608 2857 nationum
629 2802 841 2874 reperti
860 2808 999 2858 sunt
1014 2804 1163 2875 tropi
1183 2823 1196 2872 ;
1216 2805 1570 2876 quibusdam
1592 2807 1746 2862 enim
1771 2825 1953 2865 sonus

306 2891 498 2963 gravis
527 2890 816 2956 convenit,
832 2891 1186 2963 quibusdam
1206 2897 1435 2962 acutus,
1457 2895 1816 2966 quibusdam
1838 2914 1955 2953 me-

307 2979 461 3034 dius.
495 2980 682 3035 Alium
709 2983 909 3052 quippe
945 2997 1171 3049 morem,
1205 2980 1428 3038 scilicet
1456 3000 1758 3056 generum,
1793 2991 1955 3042 acuta

305 3069 638 3140 signiﬁcant,
686 3069 865 3124 alium
908 3072 1186 3138 graviora,
1231 3070 1387 3141 quod
1433 3074 1702 3143 quaedam
1749 3081 1953 3145 gentes

307 3156 669 3212 delectantur
697 3157 1062 3229 acutissimo,
1097 3159 1366 3230 quaedam
1395 3161 1576 3230 gravi.

2056 585 2276 650 guntur
2324 597 2336 635 :
2362 582 2477 636 alia
2499 582 2876 648 conhibentia,
2924 581 2980 636 id
3007 586 3095 637 est
3117 582 3562 649 concordantia,
3589 585 3704 639 sibi

2056 674 2447 724 consentanea
2506 672 2645 741 (alia
2699 671 3114 741 discrepantia),
3165 672 3278 725 alia
3329 676 3702 746 enarmonica,

2056 758 2467 813 concordantia
2497 759 2647 814 inter
2677 777 2771 827 se;
2805 761 2918 815 alia
2948 761 3301 828 chromatica,
3333 762 3705 832 colorabilia;

2055 847 2172 902 alia
2201 847 2503 913 diatonica,
2538 847 2595 902 id
2629 853 2716 903 est
2743 855 2972 905 extenta
3003 871 3016 917 ;
3049 851 3168 904 alia
3190 850 3378 904 archia
3406 851 3502 922 (a),
3527 852 3584 906 id
3618 857 3707 906 est

2058 935 2403 1007 principalia
2431 935 2518 990 vel
2548 936 2830 1007 aequalia;
2864 939 2976 992 alia
3005 941 3242 1008 perissa,
3275 939 3332 993 id
3366 943 3454 994 est
3495 957 3706 995 excur-

2058 1024 2280 1091 rentia;
2313 1025 2412 1080 sed
2437 1026 2640 1096 prima,
2674 1025 2732 1079 id
2785 1031 2874 1081 est
2923 1027 3158 1094 archia;
3195 1029 3451 1098 aqualia,
3488 1027 3708 1084 scilicet

2059 1112 2272 1168 dicitur
2301 1131 2436 1169 voce
2469 1113 2686 1180 latina;
2718 1116 2980 1185 secunda,
3013 1115 3067 1170 id
3102 1119 3190 1172 est
3220 1115 3482 1188 perisse;
3516 1133 3707 1172 excur-

2059 1204 2242 1276 rentia,
2265 1203 2591 1272 memorabo,
2615 1202 2674 1257 id
2699 1207 2806 1270 est,
2831 1203 3023 1259 dicam
3049 1208 3106 1258 et
3135 1221 3441 1276 exponam.
3475 1205 3705 1276 (Verum

2057 1291 2308 1361 aequalia
2332 1298 2484 1358 sunt,
2504 1309 2624 1363 quae
2655 1295 2710 1346 in
2743 1309 2926 1363 aequas
2938 1297 3126 1364 partes
3138 1299 3406 1363 poterunt
3425 1297 3707 1366 separari,

2062 1385 2120 1435 ut
2165 1385 2325 1437 tonus
2358 1384 2416 1436 in
2443 1381 2549 1437 duo
2579 1381 2939 1453 hemitonia);
2965 1384 3204 1453 perisssa
3248 1387 3455 1452 autem,
3487 1384 3709 1440 scilicet

2061 1475 2198 1525 sunt
2228 1472 2378 1542 (quae
2428 1472 2488 1525 in
2538 1473 2651 1526 tria
2683 1470 2982 1526 hemitonia
3029 1471 3438 1528 discernuntur.
3477 1474 3709 1542 Deinde)

2060 1559 2176 1614 alia
2213 1559 2548 1615 deastemata
2577 1562 2773 1630 spissa,
2808 1559 3031 1615 scilicet
3062 1565 3220 1630 sunt,
3238 1562 3355 1616 alia
3384 1564 3625 1635 rariora,
3650 1563 3709 1618 id

2061 1652 2151 1704 est
2198 1649 2509 1720 apertiora.
2543 1649 2751 1720 (Spissa
2779 1653 2927 1714 sunt,
2961 1654 3105 1720 qua)
3137 1665 3237 1718 per
3283 1651 3474 1720 dieses,
3508 1651 3565 1705 id
3601 1657 3708 1719 est,

2063 1754 2166 1808 per
2196 1742 2434 1808 quartas
2468 1743 2661 1808 partes
2712 1739 3066 1808 colliguntur,
3100 1739 3371 1810 (rariora)
3401 1756 3519 1811 quae
3549 1748 3711 1806 tonis,

2063 1824 2288 1880 scilicet
2322 1826 2488 1880 fiunt.
2517 1826 2612 1896 (Et
2639 1827 2694 1880 in
2721 1825 2825 1896 his)
2855 1827 2975 1880 alia
3003 1829 3112 1882 sibi
3136 1836 3466 1899 congruunt,
3491 1828 3715 1884 scilicet

2061 1931 2165 1986 per
2213 1915 2672 1987 proportionem,
2708 1914 2763 1968 id
2797 1919 2886 1970 est
2934 1915 3326 1984 conveniunt;
3360 1919 3475 1972 alia
3504 1918 3710 1973 discre-

2056 2008 2200 2075 pant
2258 2004 2314 2058 id
2348 2009 2435 2067 est
2467 2004 2828 2058 discordant.

2127 2092 2236 2150 Sed
2258 2094 2710 2164 discrepantium,
2744 2091 2967 2148 scilicet
3016 2109 3315 2164 sonorum,
3349 2096 3530 2148 nimia
3561 2097 3710 2149 mul-
3748 2130 3756 2137 -

2061 2184 2232 2238 tituao
2263 2181 2484 2237 scilicet
2503 2186 2623 2246 est;
2661 2181 3061 2252 (convenientia
3078 2197 3201 2237 vero
3216 2198 3316 2253 per
3343 2184 3589 2253 singulos
3605 2192 3711 2238 tro—

2059 2273 2175 2343 pos)
2208 2287 2306 2327 sex
2341 2273 2468 2325 sunt
2515 2268 2738 2324 scilicet
2812 2270 3198 2337 diastemata;
3233 2270 3290 2324 id
3343 2276 3431 2326 est
3462 2267 3549 2323 διὰ
3591 2291 3710 2324 τεσ-

2060 2360 2258 2435 σάρων,
2289 2359 2431 2430 quod
2477 2359 2541 2414 de
2571 2362 2804 2430 quatuor
2841 2358 3076 2414 dicimus
3103 2378 3119 2425 ;
3149 2355 3237 2411 διὰ
3267 2359 3444 2429 πέντε,
3479 2361 3621 2432 quod
3649 2361 3714 2416 de

2061 2467 2298 2522 qumque
2317 2467 2338 2510 ;
2368 2449 2435 2504 de
2467 2449 2599 2503 hinc
2631 2444 2717 2501 διὰ
2746 2448 2950 2515 ﬁdem,
2974 2448 3116 2519 quod
3145 2465 3214 2503 ea:
3243 2449 3494 2505 omnibus
3525 2453 3714 2505 conci-

2061 2541 2165 2604 nit,
2200 2539 2254 2593 id
2288 2543 2380 2592 est
2428 2542 2731 2593 consonat.
2763 2537 2912 2592 Illud
2945 2539 3131 2602 etiam,
3167 2535 3388 2592 scilicet
3416 2543 3715 2609 est-quar-

2062 2627 2368 2698 tum,quod
2385 2643 2454 2681 ex
2481 2625 2824 2697 omnibus,id
2852 2630 2939 2680 est
2960 2625 3264 2696 diapason,
3291 2631 3344 2680 et
3369 2643 3439 2681 ex
3459 2631 3715 2698 quatuor,

2063 2717 2121 2771 id
2153 2722 2243 2772 est
2273 2733 2342 2772 ex
2370 2716 2736 2770 diatessaron
2767 2717 2992 2779 constat,
3024 2715 3108 2769 vet
3137 2731 3207 2770 ea:
3242 2716 3517 2783 omnibus,
3551 2716 3711 2772 scili-

2062 2810 2151 2861 cet
2181 2809 2268 2860 est
2299 2803 2594 2876 quintum,
2621 2802 2681 2858 id
2710 2807 2798 2858 est
2828 2802 3134 2873 diapason,
3166 2807 3217 2859 et
3263 2820 3332 2859 ex
3360 2806 3621 2876 quinque,
3653 2805 3712 2860 id

2061 2899 2152 2950 est
2181 2893 2452 2964 diapente
2477 2911 2489 2960 ;
2523 2893 2605 2947 vel
2624 2893 2703 2946 bis
2723 2908 2791 2946 ex
2808 2892 3083 2958 omnibus,
3107 2891 3329 2948 scilicet
3348 2899 3439 2950 est
3460 2900 3684 2951 sextum
3700 2937 3713 2962 ,

2062 2982 2202 3053 quod
2232 2983 2312 3038 bis
2340 2982 2603 3053 diapason
2649 2981 2876 3036 dicitur.
2909 2981 3016 3036 Sed
3045 2980 3210 3049 illud,
3245 2983 3468 3039 scilicet
3498 2985 3714 3039 diaste-

2063 3089 2180 3138 ma,
2213 3070 2354 3142 quod
2383 3069 2751 3135 diatessaron,
2781 3071 2880 3124 hoc
2905 3078 2980 3125 est
3008 3087 3077 3125 ex
3100 3075 3339 3142 quatuor
3370 3073 3596 3136 dicitur.
3626 3090 3714 3128 re-

2061 3162 2194 3231 cipit
2221 3175 2396 3225 sonos,
2428 3158 2487 3212 id
2518 3163 2606 3212 est
2653 3157 2900 3212 chordas
2932 3163 3185 3228 quatuor,
3218 3163 3406 3230 epatia
3435 3166 3492 3216 et
3530 3163 3717 3216 inter-

378 3246 535 3300 Nunc
550 3247 672 3318 jam
711 3246 776 3302 de
803 3246 1143 3303 diastematis
1172 3247 1571 3316 disserendum,
1595 3249 1818 3306 scilicet
1846 3255 1954 3322 est,
1989 3232 2031 3298 C
2069 3247 2219 3302 valla
2247 3250 2377 3313 tria,
2412 3251 2562 3301 tonos
2588 3246 2722 3300 duos
2749 3248 2934 3311 semis,
2963 3247 3265 3303 hemitonia
3307 3251 3570 3319 quinque,
3598 3251 3717 3304 die-

309 3335 503 3391 Grazce
523 3335 594 3390 de
607 3335 1323 3408 diastematis,genitivum
1340 3336 1563 3393 scilicet
1583 3356 1685 3410 pro
1705 3338 1956 3396 ablativo

309 3429 513 3480 nostro
544 3441 792 3496 ponens,
822 3424 1002 3479 Graeci
1030 3423 1182 3479 enim
1217 3442 1331 3480 non
1364 3425 1585 3482 habent
1613 3425 1956 3497 ablativum,

308 3529 418 3585 pro
449 3512 572 3568 loco
604 3513 732 3584 ejus
779 3512 1032 3585 genitivo
1065 3517 1330 3571 utuntur.
1365 3514 1656 3570 Diastema
1687 3511 1960 3588 διάστημα

309 3607 392 3658 est
419 3604 562 3658 vocis
610 3603 872 3674 spatium,
905 3618 1009 3673 quo
1056 3611 1238 3670 acuta,
1275 3602 1496 3659 scilicet
1523 3621 1648 3672 vox,
1692 3605 1748 3660 id
1782 3611 1872 3663 est
1902 3607 1960 3662 in

313 3697 606 3764 quantum
639 3696 829 3763 acuta,
860 3699 910 3748 et
938 3694 1180 3764 gravior,
1211 3693 1270 3747 id
1304 3697 1394 3748 est
1424 3692 1481 3748 in
1514 3699 1800 3764 quantum
1829 3712 1960 3768 gra-

313 3781 460 3851 vior,
493 3781 818 3848 includitur,
849 3781 908 3836 id
938 3785 1027 3837 est
1057 3781 1589 3854 comprehenditur.
1623 3783 1728 3839 Sed
1758 3786 1816 3839 in
1846 3785 1963 3841 dia-

313 3871 574 3941 stematis,
604 3873 796 3925 Graece
825 3869 971 3924 dixit
1018 3870 1171 3925 sicut
1198 3875 1255 3925 et
1302 3888 1481 3942 supra
1509 3872 1827 3943 genitivum
1858 3892 1963 3946 pro

316 3958 572 4016 ablavito
601 3975 846 4032 ponens,
875 3959 1011 4027 alia,
1044 3959 1267 4015 scilicet
1283 3963 1442 4026 sunt,
1463 3963 1719 4028 graviora
1740 3963 1964 4035 (Meib.,

320 4049 589 4120 breviora)
618 4048 720 4104 illa
749 4047 989 4116 scilicet,
1021 4064 1142 4120 quae
1170 4052 1300 4103 sunt
1327 4051 1388 4103 in
1425 4048 1962 4122 diesi.Enarmonia,

321 4139 380 4194 id
415 4142 503 4194 est
532 4138 594 4193 in
628 4141 836 4209 quarta
857 4141 1020 4209 parte
1039 4137 1160 4193 toni
1188 4156 1202 4206 ;
1235 4139 1448 4209 majora
1476 4155 1600 4195 vero
1628 4148 1772 4206 sunt,
1808 4142 1966 4197 scili-

323 4233 415 4285 cet
442 4228 790 4283 diastemata
814 4227 959 4299 (quae
983 4243 1083 4298 per
1109 4227 1350 4298 singulos
1380 4229 1609 4300 tropos),
1643 4231 1723 4284 bis
1753 4246 1823 4285 ex
1851 4247 1969 4285 om-

322 4317 508 4386 nibus,
540 4315 629 4373 vel
658 4316 749 4372 bis
798 4316 1082 4388 diapason
1113 4319 1328 4387 faciunt
1357 4317 1482 4388 (quo
1511 4318 1655 4372 nihil
1699 4321 1879 4390 majus
1911 4322 1970 4376 in

323 4408 498 4480 tropis
524 4421 809 4478 possumus
839 4407 1110 4461 invenire.
1136 4407 1305 4478 Atque
1329 4408 1389 4462 in
1414 4409 1606 4478 spatiis
1624 4409 1740 4464 alia
1760 4425 1970 4482 compo-

320 4499 432 4554 sita
457 4493 771 4568 sunt,(alia
791 4495 1064 4568 disjuncta
1079 4503 1242 4566 atque
1265 4497 1570 4567 asyntheta.
1592 4498 1656 4551 Et
1675 4501 1973 4570 composita

2065 3353 2144 3392 ses
2172 3351 2294 3391 vero
2325 3353 2379 3404 x,
2411 3341 2462 3389 et
2493 3343 2572 3390 est
2592 3337 2651 3388 in
2682 3335 2892 3404 epitriti
2921 3338 3152 3406 ratione,
3187 3336 3243 3390 id
3276 3341 3365 3391 est
3396 3337 3719 3408 sesquiter-

2066 3425 2168 3490 tia,
2200 3427 2375 3479 instar
2404 3431 2634 3494 quatuor
2653 3422 2724 3476 ad
2751 3427 2883 3478 tres.
2915 3425 3358 3495 Diapente,quod
3389 3441 3458 3480 ex
3480 3427 3721 3498 quinque

2069 3519 2170 3580 est,
2199 3512 2447 3582 sonos,id
2479 3516 2570 3567 est
2591 3511 2861 3583 chordas,
2885 3514 3081 3584 recipit
3097 3514 3360 3585 quinque,
3386 3519 3568 3587 spatia
3583 3534 3718 3588 qua-

2070 3611 2211 3671 tuor,
2245 3606 2396 3657 tonos
2444 3609 2556 3656 tres
2594 3609 2646 3656 et
2691 3603 2883 3670 semis,
2913 3603 3213 3657 hemitonia
3259 3620 3362 3670 VII,
3403 3603 3572 3660 dieses
3601 3622 3718 3684 xiv,

2071 3697 2122 3747 et
2151 3700 2228 3748 est
2258 3694 2317 3746 in
2348 3689 2614 3746 hemiolio
2645 3691 2876 3760 ratione,
2909 3690 2966 3744 id
3019 3696 3107 3746 est
3138 3691 3540 3763 sesquialtera,
3573 3695 3714 3765 quod

2070 3787 2201 3839 sunt
2229 3787 2338 3837 tres
2366 3781 2436 3835 ad
2464 3779 2593 3836 duo.
2628 3780 2897 3852 Diapason
2930 3791 3112 3834 autem
3141 3797 3316 3852 sonos,
3350 3781 3408 3836 id
3441 3787 3530 3837 est
3551 3782 3719 3838 chor-

2073 3874 2200 3935 das,
2233 3871 2392 3926 habet
2435 3887 2573 3937 VIII;
2606 3871 2806 3940 spatia,
2848 3868 2906 3923 id
2952 3875 3039 3924 est
3085 3869 3389 3926 intervalla
3434 3889 3536 3938 VII,
3567 3876 3719 3928 tonos

2072 3981 2150 4030 VI,
2183 3961 2489 4016 hemitonia
2535 3961 2796 4028 geminat,
2832 3957 2888 4012 id
2922 3961 3010 4012 est
3039 3975 3119 4013 xu
3148 3959 3470 4016 hemitonia
3501 3962 3716 4027 habet;

2074 4051 2242 4107 dieses
2271 4048 2676 4120 quadruplicat,
2711 4047 2766 4100 id
2818 4051 2906 4101 est
2932 4064 3066 4102 XXIV
3095 4048 3286 4105 dieses
3332 4049 3525 4123 habet,
3558 4057 3719 4125 atque

2075 4141 2136 4194 in
2167 4139 2424 4210 diplasia,
2458 4137 2516 4190 id
2562 4140 2651 4192 est
2696 4134 2894 4206 dupla,
2928 4139 3146 4193 ratione
3188 4148 3454 4208 versatur,
3485 4158 3611 4213 quae
3642 4148 3722 4199 est

2077 4246 2250 4284 unum
2297 4227 2368 4281 ad
2412 4225 2537 4281 duo.
2572 4225 2721 4294 Quod
2768 4241 2892 4281 vero
2934 4242 3003 4281 ex
3050 4228 3324 4296 omnibus,
3361 4229 3417 4283 id
3462 4236 3550 4284 est
3595 4249 3722 4300 VIII,

2079 4317 2233 4390 quod
2256 4320 2346 4371 est
2371 4313 2674 4386 diapason,
2701 4322 2750 4370 et
2769 4332 2839 4370 eae
2866 4320 3120 4385 quatuor,
3147 4316 3203 4370 id
3228 4321 3315 4370 est
3335 4317 3725 4386 diatessaron,

2078 4408 2302 4468 dicitur,
2346 4420 2627 4471 sonorum,
2664 4402 2721 4457 id
2752 4407 2841 4458 est
2870 4403 3242 4470 chordarum,
3275 4408 3352 4458 est
3385 4423 3459 4472 XI,
3492 4405 3628 4461 licet
3658 4424 3728 4463 ex

2081 4492 2376 4563 omnibus,
2399 4490 2456 4545 id
2490 4496 2576 4546 est
2596 4508 2664 4545 ex
2683 4508 2783 4545 VIII
2815 4495 2871 4545 et
2893 4507 2962 4545 ex
2989 4495 3240 4562 quatuor
3256 4493 3505 4564 dicatur,
3529 4499 3728 4551 tamen

323 4590 477 4658 sunt,
509 4601 629 4657 quae
667 4601 770 4657 per
795 4585 1044 4640 ordinem
1065 4587 1324 4656 currunt)
1356 4603 1485 4658 quae
1534 4587 1739 4642 eodem
1771 4589 1976 4645 ordine
2005 4607 2051 4671 D
2085 4601 2198 4639 non
2231 4586 2369 4638 sunt
2398 4595 2496 4647 χιι,
2529 4581 2629 4634 sed
2656 4579 3017 4671 AXI,AquodAin
3067 4584 3266 4636 octava
3297 4582 3499 4638 {initur
3527 4585 3730 4656 diapa-

328 4679 577 4732 currunt
607 4692 620 4730 :
655 4674 711 4730 id
742 4677 831 4730 est
860 4690 963 4746 per
993 4673 1240 4747 aequalia
1264 4674 1454 4747 spatia
1476 4679 1753 4732 tonorum
1784 4683 1840 4734 et
1871 4678 1973 4735 he-

329 4763 714 4820 mitoniorum
748 4781 760 4818 :
797 4763 1150 4836 incomposita
1175 4780 1321 4830 vero,
1353 4779 1479 4836 quae
1505 4780 1578 4820 ea:
1596 4765 1846 4835 diversis,
1872 4767 1981 4823 sci-

331 4853 470 4909 licet
498 4852 760 4918 vocibus,
785 4854 892 4908 sibi
922 4854 1153 4908 invicem
1184 4853 1536 4925 c0pulantur.
1577 4854 1712 4908 Item
1740 4857 1857 4910 alia
1892 4855 1975 4912 lo-

331 4945 477 5012 gica,
503 4941 562 4998 id
595 4947 684 4998 est
713 4942 1102 5011 rationabilia,
1125 4943 1239 4998 alia
1266 4944 1450 5014 aloga,
1466 4941 1524 4997 id
1556 4948 1643 4998 est
1675 4943 1980 4999 irrationa-

335 5030 480 5088 bilia
524 5036 915 5089 memorantur.
949 5033 1343 5096 Rationabilia,
1387 5033 1444 5087 id
1499 5038 1586 5086 est
1632 5031 1839 5104 logica,
1874 5033 1982 5089 illa

336 5130 486 5189 sunt,
520 5138 752 5194 quorum
797 5137 1107 5184 consensus,
1158 5121 1216 5175 id
1267 5128 1357 5176 est
1400 5121 1746 5187 concordiae,
1774 5137 1982 5178 conve-

341 5211 598 5279 nientiae,
623 5227 905 5282 possumus
929 5219 1199 5282 prwstare
1223 5212 1655 5282 proportionem,
1689 5226 1863 5279 quam
1897 5211 1985 5266 in-

341 5300 538 5356 venire
569 5317 686 5355 non
734 5300 943 5372 potuit,
973 5299 1030 5353 id
1077 5303 1186 5365 est,
1219 5315 1536 5371 possumus
1565 5299 1777 5366 dicere,
1808 5315 1986 5371 quam

341 5390 777 5464 proportionem
809 5389 882 5444 ad
914 5387 1160 5444 invicem
1207 5387 1462 5443 habeant
1487 5387 1941 5461 (irrationabilia)
1972 5404 1986 5445 :

422 5581 798 5662 (a)_Ita_co_dex
828 5600 962 5662 ως.)
989 5585 1141 5657 quod
1177 5583 1324 5641 foret
1358 5580 1549 5662 Graece
1586 5578 1780 5662 ἀρχεῖα
1807 5610 1821 5656 ;
1853 5584 1990 5662 Mei-

343 5655 584 5728 boinius
605 5655 781 5728 habet
800 5655 1146 5734 artata—quas
1168 5673 1284 5716 non
1306 5662 1395 5717 est
1414 5655 1757 5731 Graeca'v'ox,
1781 5659 1994 5720 melius

2084 4691 2210 4739 son,
2244 4678 2301 4728 et
2329 4671 2386 4725 in
2420 4669 2622 4724 eadem
2654 4667 2891 4723 inchoat
2918 4667 3306 4738 diatessaron,
3337 4675 3642 4743 spatiorum
3668 4677 3726 4743 X,

2087 4767 2240 4818 tonos
2269 4761 2424 4816 habet
2451 4767 2562 4816 octo
2605 4765 2659 4813 et
2701 4760 2888 4822 semis,
2920 4757 3227 4814 hemitonia
3255 4761 3518 4833 duplicat,
3551 4765 3608 4819 id
3641 4770 3733 4820 est

2089 4868 2223 4919 xVII,
2256 4850 2429 4905 dieses
2454 4848 2727 4920 praedicta
2757 4849 2970 4903 ratione
2998 4849 3350 4922 multiplicat,
3383 4853 3439 4907 id
3471 4859 3559 4909 est
3587 4871 3732 4924 qua-

2089 4939 2402 5011 druplicat,
2440 4938 2496 4992 id
2542 4941 2631 4993 est
2678 4953 2846 4990 XXXVI
2879 4935 3074 5002 habet,
3108 4947 3158 4994 et
3203 4944 3283 4994 est
3315 4943 3374 4994 in
3421 4943 3601 5013 diplas
3635 4945 3735 4998 iet

2091 5028 2356 5082 diametri
2394 5025 2602 5080 binarii
2636 5026 2846 5093 regula,
2880 5031 2941 5080 ut
2987 5031 3116 5082 sunt
3147 5032 3258 5083 octo
3287 5029 3356 5083 ad
3387 5034 3530 5090 tres;
3564 5031 3741 5086 habet

2093 5116 2248 5172 enim
2281 5115 2612 5170 oclonarius
2633 5115 2956 5169 ternarium
2987 5116 3098 5181 bis,
3123 5121 3180 5171 et
3209 5119 3355 5174 duas
3377 5119 3577 5175 tertias
3609 5137 3738 5192 par-

2096 5211 2182 5260 tes
2213 5204 2472 5271 ternarii,
2507 5220 2652 5274 quas
2673 5203 3023 5259 diametrum
3056 5205 3308 5276 appellat
3342 5225 3354 5261 :
3388 5214 3446 5263 et
3473 5207 3743 5264 diametri

2097 5293 2302 5366 regula
2330 5297 2522 5366 potest
2537 5293 2620 5348 sic
2644 5292 2891 5365 intelligi
2925 5310 2938 5348 :
2974 5293 3309 5368 ubicunque
3339 5297 3604 5354 binarius
3628 5300 3744 5354 fue-

2099 5385 2193 5457 rit,
2228 5384 2580 5440 diametrum
2634 5381 2869 5451 dicitur,
2903 5384 3058 5454 quod
3113 5401 3216 5457 per
3244 5385 3540 5443 hinarium
3573 5403 3746 5444 omne

2103 5581 2221 5641 fore
2251 5575 2408 5672 ᾅρτια
2446 5580 2844 5672 'wqualia‘pari
2893 5595 3158 5668 numero;
3191 5589 3257 5642 ut
3303 5591 3630 5661 opponatur
3658 5599 3748 5644 se-

2104 5663 2306 5736 quenti
2337 5663 2460 5717 voci
2488 5663 2735 5736 περισσὰ,
2768 5663 2974 5732 impari
3001 5671 3248 5720 numero.
