4018 6200
311 371 430 440 949

1781 373 1884 437 DE
1928 368 2221 438 MUSIGA
2238 415 2252 433 .

3601 365 3720 436 950

389 511 514 571 Hac
553 511 626 568 de
690 514 895 584 septem
921 511 1194 583 partibus,
1213 507 1433 568 scilicet
1465 508 1735 583 superius
1765 507 1958 577 dictis,
1989 509 2200 578 Anem
2221 525 2240 563 :
2273 511 2433 582 atque
2456 509 2517 565 in
2544 507 2725 577 verba,
2757 520 2877 582 quae
2906 503 3130 563 scilicet
3170 502 3367 575 verba,
3413 510 3540 577 apta
3576 507 3721 564 ratio

313 604 457 658 artis
485 606 692 658 nostra?
747 601 955 656 dixisse
1002 601 1262 674 sufﬁciat.
1313 603 1467 657 Nunc
1511 600 1792 672 rhythmos
1823 641 1837 666 ,
1869 600 1967 654 hoc

311 693 410 756 est,
430 707 688 746 numeros
704 691 1165 763 perstringamus,
1184 691 1241 745 id
1266 694 1374 758 est,
1399 690 1656 746 breviter
1675 689 1961 758 dicamus,

314 780 598 852 (quoniam
629 783 806 851 ipsam
850 784 1078 851 quoque)
1124 783 1454 853 portionem,
1507 784 1752 851 partem,
1788 779 1845 833 id
1877 783 1966 834 est

314 869 683 943 rhythmum,
711 871 889 924 nostri
935 886 1054 925 esse
1109 887 1218 926 non
1275 870 1506 925 dubium
1529 879 1630 924 est.
1666 867 1965 939 Rhgthmus

311 961 487 1028 igitur
516 962 594 1014 est
620 949 910 1030 composito
968 959 1220 1030 quaedam
1275 976 1345 1014 ea:
1398 959 1797 1022 scnsibilibus;
1827 961 1966 1012 sunt

315 1049 472 1106 enim
502 1049 729 1104 numeri
743 1047 1142 1120 intelligibiles
1156 1047 1636 1119 etincorporales,
1653 1062 1786 1101 cum
1805 1044 1964 1100 nullo

314 1155 494 1195 sensu
526 1154 801 1209 corporeo
834 1137 1290 1205 discernuntur;
1315 1134 1805 1201 suntsensibiles,
1830 1151 1964 1188 cum

316 1227 390 1283 ad
421 1227 614 1282 visum
651 1230 707 1281 et
755 1227 1022 1282 auditum
1055 1230 1113 1282 et
1154 1233 1372 1282 tactum
1425 1225 1734 1295 pertinent,
1767 1223 1965 1279 collata

314 1317 680 1388 temporibus,
714 1315 772 1370 id
814 1321 904 1371 est
936 1315 1305 1383 conveniens,
1330 1318 1527 1387 aptata
1545 1313 1631 1368 vel
1655 1314 1966 1384 conjuncta

315 1407 385 1462 ad
415 1407 656 1477 aliquem
705 1405 961 1460 habitum
1007 1404 1383 1475 ordinemque,
1434 1402 1653 1458 scilicet
1683 1401 1964 1473 temporis

317 1493 622 1567 praesentis
637 1494 911 1566 praeteriti
925 1497 980 1548 et
994 1493 1196 1560 futuri,
1208 1493 1606 1563 connexa,conj
1619 1491 1963 1548 uncta.Cum

316 1584 511 1640 omnis
546 1583 774 1638 musica
796 1599 1039 1638 numero
1063 1581 1444 1648 constat,sola
1474 1585 1670 1637 tamen
1704 1581 1965 1635 humana

313 1689 441 1740 vox,
475 1675 712 1745 propter
750 1671 1095 1743 dignitatem
1129 1669 1624 1739 rationabilitatis,
1653 1668 1963 1741 rhythmus

312 1765 572 1830 vocatur,
606 1761 761 1816 unde
789 1760 1068 1833 Virgilius
1092 1776 1105 1815 :

563 1894 863 1944 ..Numeros
904 1893 1142 1952 memini,
1176 1893 1219 1942 si
1257 1893 1423 1944 verba
1451 1895 1708 1942 tenerem.

337 2038 343 2044 '
382 2033 624 2083 Rursum
651 2029 734 2082 sic
763 2027 1048 2098 deﬁnitur,
1073 2026 1295 2082 scilicet
1325 2025 1595 2098 rhytmus
1624 2043 1638 2082 :
1673 2027 1962 2098 (numerus

309 2125 390 2172 est
417 2116 778 2187 diversorum)
826 2115 1128 2186 modorum,
1189 2118 1484 2182 tonorum,
1517 2119 1872 2186 temporum,
1907 2121 1964 2171 et

308 2205 526 2278 pedum
558 2204 864 2275 (ordinata)
893 2206 1186 2273 connexio,
1233 2207 1510 2275 junctura
1539 2205 1832 2276 (tempori),
1863 2223 1962 2277 pro

303 2294 879 2363 ratione,secundum
898 2292 1373 2362 rationem(modu
1383 2291 1958 2365 lationis)inserviens,

305 2381 608 2449 obediens,
641 2384 762 2454 (per
792 2382 867 2450 id,
899 2382 1038 2453 quod
1068 2384 1185 2453 aut)
1207 2381 1498 2454 eﬁerenda,
1524 2382 1881 2440 sublevanda
1902 2385 1959 2438 in

301 2487 576 2539 acumen,
601 2487 706 2528 vox
727 2473 942 2544 (fuerit)
973 2477 1070 2526 aut
1097 2471 1418 2542 premenda,
1450 2470 1674 2528 scilicet
1697 2472 1754 2527 in
1777 2473 1962 2544 gravi-

302 2565 507 2628 tatem,
540 2565 593 2616 et
614 2562 728 2632 qui,
762 2560 986 2616 scilicet
1016 2577 1319 2630 numerus,
1353 2577 1449 2616 nos
1475 2563 1814 2633 constringat
1838 2580 1871 2617 a
1892 2564 1960 2617 li-

301 2651 502 2717 centia,
536 2649 761 2706 scilicet
815 2648 1061 2722 vulgari,
1119 2649 1531 2718 modulationis,
1595 2650 1652 2704 id
1686 2655 1775 2706 est
1803 2651 1961 2706 inor-

306 2739 534 2804 dinata,
555 2756 685 2810 quae
707 2743 798 2794 est
822 2738 947 2795 sine
968 2737 1188 2811 regula,
1208 2739 1286 2794 ad
1309 2746 1504 2804 artem,
1524 2739 1582 2794 id
1607 2743 1714 2805 est,
1739 2741 1810 2795 ad
1834 2757 1961 2795 cer-

307 2831 436 2882 tum
463 2825 706 2898 aliquid,
731 2827 1212 2898 disciplinamque,
1239 2825 1462 2882 scilicet
1483 2843 1554 2882 ne
1588 2827 1736 2882 forte
1758 2844 1961 2900 evage-

309 2919 409 2970 tur
429 2931 555 2986 vox,
580 2921 636 2970 et
655 2915 836 2970 libere
857 2915 1076 2971 effluat.
1098 2917 1328 2972 Interest
1365 2921 1555 2971 tamen
1595 2917 1742 2972 inter
1760 2917 1959 2987 rhyth-

311 3021 464 3060 mum
494 3013 543 3060 et
582 3004 1131 3078 rhythmitomenon;
1180 3007 1380 3077 quippe
1427 3005 1959 3077 rhythmizomenon,

313 3096 747 3151 numerandum
770 3094 858 3149 vel
883 3093 1268 3160 numerabile,
1293 3095 1447 3166 quod
1486 3095 1546 3149 in
1569 3111 1880 3151 numerum
1907 3100 1964 3151 et

313 3190 501 3240 artem
532 3184 717 3256 redigi
745 3186 957 3256 potest,
987 3185 1223 3238 materia
1259 3187 1336 3238 est
1377 3199 1752 3249 numerorum,
1787 3186 1962 3256 pedes

2072 598 2268 666 modis,
2304 599 2361 653 id
2393 604 2481 656 est
2511 597 3013 654 modulationibus
3042 594 3341 666 colligarit,
3365 609 3490 666 quae
3507 607 3717 664 cuncta,

2073 687 2131 743 id
2162 693 2250 743 est
2278 687 2400 742 haec
2421 687 2534 743 tria
2551 690 2718 755 socia,
2744 703 2846 759 pro
2891 685 3129 749 sociata,
3170 686 3472 756 perfectam
3499 686 3720 750 faciunt

2072 778 2433 833 cantilenam.
2466 778 2745 832 Dividitur
2771 792 2904 831 sane
2932 790 3200 830 numerus
3239 774 3300 827 in
3330 776 3573 830 oratione
3601 774 3720 846 (per

2072 867 2357 940 syllabas),
2390 867 2447 921 id
2481 868 2732 938 pertinet
2761 868 2830 921 ad
2862 866 3073 931 verba;
3117 866 3179 919 in
3220 865 3594 921 modulatione
3618 883 3720 940 per

2074 959 2231 1012 arsin
2253 974 2315 1012 ac
2335 958 2532 1023 thesin,
2572 956 2680 1011 hoc
2718 955 2970 1027 pertinet
3005 953 3074 1008 ad
3100 970 3334 1024 sonum,
3376 971 3507 1010 cum
3530 956 3716 1012 eleva-

2077 1051 2172 1103 tur
2202 1051 2304 1102 aut
2333 1046 2644 1118 deponitur
2672 1062 2816 1112 vox;
2848 1047 2909 1100 in
2934 1048 3102 1115 gestu,
3118 1045 3332 1114 ﬁguris,
3371 1043 3717 1101 ﬂexionibus

2075 1137 2472 1191 membrorum
2495 1136 2893 1205 determinatis,
2913 1134 2970 1188 id
2996 1137 3084 1188 est
3106 1132 3720 1200 distributis,schema-

2075 1226 2251 1296 tisque
2279 1227 2598 1297 completur,
2633 1242 2737 1297 pro
2759 1222 3180 1290 schematibus,
3222 1222 3426 1293 ﬁguris
3465 1227 3522 1279 et
3551 1223 3718 1280 sche-

2074 1314 2333 1370 matibus
2362 1313 2516 1369 idem
2549 1318 2655 1369 est.

2150 1409 2348 1459 Verum
2393 1405 2615 1459 numeri
2676 1418 2872 1474 genero
2928 1408 3056 1458 sunt
3085 1409 3327 1475 septem:
3381 1404 3626 1476 primum
3652 1405 3720 1460 de

2072 1493 2420 1565 temporibus,
2463 1491 2683 1548 scilicet
2715 1491 2907 1565 longis
2938 1497 2996 1547 et
3015 1493 3308 1549 brevibus.
3333 1493 3638 1550 Secundum
3657 1493 3722 1550 de

2070 1584 2482 1640 enumeratione
2522 1583 2830 1653 verborum,
2873 1599 3007 1637 cum
3067 1583 3530 1654 consideramus,
3590 1599 3719 1654 quae

2073 1675 2259 1728 metra
2276 1671 2365 1727 vel
2391 1671 2652 1744 rhythmi
2675 1675 2924 1743 quatuor
2946 1675 3143 1743 partes
3164 1671 3472 1744 recipiant,
3508 1689 3629 1744 qum
3659 1675 3722 1728 in

2070 1777 2369 1817 numerum
2413 1761 2610 1817 cadere
2653 1777 2766 1816 non
2805 1765 3059 1831 possunt,
3105 1761 3325 1816 scilicet
3372 1762 3526 1833 quod
3558 1777 3721 1817 exce-

1988 1889 2037 1953 B
2073 1852 2222 1906 dunt
2241 1850 2546 1924 legitimos
2559 1851 2759 1922 pedes,
2781 1848 2881 1922 qui
2899 1853 3038 1905 sunt
3053 1849 3112 1904 in
3131 1850 3508 1920 quaternario
3523 1866 3728 1906 nume.

2073 1958 2171 2008 ro;
2215 1956 2360 2012 quae,
2393 1939 2616 1995 scilicet
2643 1940 2840 2006 verba,
2872 1938 3268 2011 rhythmoides,
3302 1939 3360 1994 id
3399 1945 3476 1995 est
3513 1940 3728 1996 similia

2070 2032 2325 2086 numeris
2345 2030 2700 2102 judicantur,
2723 2029 2780 2084 id
2803 2031 2892 2085 est
2925 2027 3008 2084 sic
3045 2029 3428 2100 scanduntur,
3456 2028 3596 2100 quia
3615 2027 3727 2084 sibi

2071 2120 2424 2177 terminatur
2453 2137 2609 2191 pars,
2643 2118 2745 2174 ubi
2778 2117 2984 2173 ﬁnitur
3008 2133 3150 2190 pes:
3187 2117 3632 2189 Rhytbmoides,
3665 2117 3724 2171 id

2072 2213 2162 2265 est
2191 2208 2422 2265 numeri
2455 2210 2643 2263 forma
2672 2207 2759 2263 vel
2794 2207 3016 2280 species
3047 2222 3301 2280 quaeque,
3336 2205 3558 2262 scilicet
3593 2221 3726 2260 ver-

2070 2299 2162 2368 ba,
2193 2299 2371 2353 tribus
2410 2298 2685 2354 vocabulis
2731 2297 3139 2364 discernuntur,
3187 2297 3284 2352 hoc
3328 2303 3428 2366 est,
3461 2294 3725 2366 enrhyth-

2069 2404 2217 2454 mon,
2247 2388 2602 2460 arhythmon,
2633 2386 3040 2458 rhythmoides:
3090 2385 3483 2458 enrhythmon
3517 2400 3722 2439 nume-

2071 2476 2277 2542 rabile,
2309 2481 2366 2531 et
2398 2476 2550 2548 quod
2585 2475 2834 2530 formam
2860 2474 3091 2530 numeri
3122 2474 3336 2531 habet:
3370 2472 3723 2545 arhythmon

2072 2565 2457 2630 numerabile,
2489 2582 2734 2620 numero
2767 2580 2992 2630 carens,
3035 2564 3190 2636 quod
3242 2563 3302 2618 in
3335 2561 3564 2618 nullum
3595 2578 3724 2618 cer-

2071 2659 2197 2710 tum
2229 2655 2387 2710 cadit
2419 2671 2730 2710 numerum
2757 2674 2771 2723 ;
2815 2653 3238 2726 rhythmoides,
3271 2650 3723 2707 similitudinem

2070 2744 2294 2800 habens
2319 2744 2570 2810 numeri,
2595 2760 2722 2814 quae
2744 2743 2954 2815 partim
2975 2758 3252 2797 numeros
3269 2738 3578 2810 assimilat,
3599 2756 3727 2813 par-

2071 2833 2178 2888 tim
2208 2850 2241 2886 a
2261 2832 2525 2888 numeris
2546 2832 2839 2888 dissentit.
2869 2833 3131 2902 Tertium,
3170 2829 3391 2886 scilicet
3423 2845 3633 2903 genus,
3662 2829 3728 2885 de

2065 2922 2316 2995 pedibus.
2350 2925 2623 2992 Quartum
2651 2921 2715 2977 de
2744 2936 2958 2987 eorum,
2993 2919 3214 2976 scilicet
3242 2921 3485 2992 pedum,
3506 2934 3723 2988 genere.

2072 3012 2333 3080 Quintum
2353 3015 2450 3076 est,
2475 3010 2614 3082 quod
2642 3026 2848 3082 agogen
2869 3009 3258 3082 rhythmicam,
3282 3009 3341 3064 id
3380 3012 3470 3064 est
3521 3023 3728 3064 ascen-

2072 3102 2305 3156 dentem
2335 3099 2423 3155 vel
2451 3100 2689 3155 ductam
2723 3099 3215 3166 numerationem,
3261 3100 3637 3162 nominamus,
3669 3096 3729 3151 id

2073 3194 2152 3246 est
2185 3206 2288 3262 quo
2312 3205 2527 3260 genere,
2562 3189 2784 3244 scilicet
2829 3189 3023 3255 metri,
3075 3192 3275 3244 utrum
3325 3185 3609 3259 dactylico
3638 3185 3728 3241 vel

310 3273 602 3341 videlicet,
627 3273 727 3344 qui
746 3275 1030 3345 praestant
1049 3271 1312 3327 numeris
1349 3272 1680 3340 materiam,
1704 3290 1837 3328 nam
1863 3291 1964 3345 per
1993 3258 2035 3324 C
2075 3258 2350 3342 iam-hicn,
2380 3294 2644 3333 numerus
2690 3278 2964 3348 modique,
3016 3276 3239 3332 scilicet
3283 3258 3724 3341 modulationis,

313 3364 493 3436 pedes
520 3362 748 3419 scansio
772 3378 786 3417 :
821 3377 1082 3416 numerus
1111 3365 1295 3416 autem
1324 3361 1494 3432 (velut
1514 3362 1740 3433 quidam
1761 3364 1967 3432 arti/“ea:

315 3460 417 3508 aut
433 3455 637 3524 species
657 3451 1079 3519 modulationis)
1103 3449 1160 3504 id
1203 3454 1292 3505 est
1330 3450 1460 3521 ipsa
1497 3450 1772 3506 materies
1790 3467 1964 3523 appo-

315 3544 492 3609 nitur,
518 3541 576 3596 id
589 3540 926 3597 estadditur
939 3544 1176 3612 propter
1190 3539 1494 3594 materiam
1509 3539 1699 3610 ipsius
1713 3541 1965 3596 numeri.

317 3632 502 3688 Omnis
532 3632 706 3702 igitur
733 3645 997 3684 numerus
1029 3629 1239 3701 triplici
1277 3629 1514 3696 ratione,
1567 3628 1624 3683 id
1659 3634 1745 3686 est
1777 3629 1968 3685 tribus

317 3721 509 3777 modis
529 3719 885 3776 discernitur.
913 3720 1057 3787 visu,
1082 3718 1389 3790 audituque
1408 3726 1460 3773 et
1474 3722 1623 3774 tactu
1642 3736 1654 3774 :
1670 3721 1811 3786 visu,
1830 3721 1970 3774 sicut

313 3813 446 3866 sunt
471 3826 546 3865 ea
575 3823 701 3881 qum
728 3816 878 3863 motu
897 3810 1140 3879 corporis
1177 3808 1534 3878 colliguntur,
1557 3809 1616 3863 id
1656 3811 1747 3864 est
1767 3812 1967 3881 gestus

321 3897 580 3970 corporis
609 3901 667 3954 et
686 3895 1026 3953 saltationes
1055 3913 1069 3951 :
1104 3897 1333 3963 Auditu,
1368 3913 1493 3952 cum
1509 3897 1582 3952 ad
1591 3897 1873 3968 judicium
1891 3898 1969 3967 (a)

320 3987 708 4043 modulationis
741 3986 1098 4052 intendimus,
1149 3984 1371 4040 scilicet
1412 3985 1470 4040 in
1532 3986 1823 4058 organicis
1851 3985 1971 4042 sive

317 4075 598 4132 humanis
628 4074 906 4130 vocibus:
939 4078 1110 4138 tactu,
1161 4072 1284 4128 hac
1333 4073 1556 4145 species
1610 4075 1682 4130 ad
1715 4075 1971 4130 medicos

317 4165 590 4238 pertinet,
619 4169 681 4218 ut
713 4180 782 4218 ex
811 4163 1004 4232 digitis
1043 4163 1399 4234 exploremus
1445 4179 1708 4218 venarum
1741 4162 1969 4234 indicia,

319 4253 542 4310 scilicet
571 4253 630 4308 in
663 4251 1004 4324 corporibus
1055 4251 1387 4321 hominum,
1437 4251 1646 4333 pulsus
1684 4251 1971 4317 videlicet,

321 4359 460 4399 nam
475 4347 532 4398 et
552 4342 664 4414 ipsi
689 4341 1016 4398 secundum
1039 4339 1197 4410 ipsos
1212 4339 1518 4412 rhythmos
1533 4340 1702 4407 ﬁunt,
1716 4344 1771 4394 et
1787 4339 1976 4411 explo-

323 4436 530 4489 rantur
559 4429 777 4486 indicia
808 4429 977 4501 signa
1025 4427 1252 4500 pulsus.
1317 4429 1511 4484 Verum
1559 4429 1739 4496 nobis,
1773 4429 1833 4483 id
1865 4433 1972 4496 est,

326 4521 573 4578 musicis
604 4521 928 4575 attribuitur
956 4516 1200 4572 maxime
1228 4518 1288 4572 in
1337 4516 1540 4572 auditu
1585 4518 1832 4590 visuque.
1874 4518 1977 4573 Sed

2073 3367 2368 3423 ducantur.
2399 3369 2631 3422 Sextum
2663 3367 2728 3421 de
2747 3365 3215 3430 conversionibus,
3239 3364 3296 3418 id
3320 3368 3412 3419 est
3431 3363 3724 3435 quomodo

2075 3459 2450 3512 convertatur
2478 3471 2664 3510 unum
2696 3470 2884 3526 genus
2915 3453 3086 3509 metri
3121 3453 3181 3508 in
3221 3449 3402 3508 aliud.
3439 3451 3723 3520 Ultimum,

2076 3545 2134 3600 id
2167 3550 2255 3600 est
2285 3544 2624 3616 septimum.
2660 3543 3074 3615 Rhythmopaeia
3120 3545 3228 3610 est,
3278 3541 3336 3596 id
3377 3544 3467 3596 est
3493 3539 3721 3596 numeri

2077 3633 2322 3700 factura,
2347 3634 2412 3689 id
2443 3637 2520 3688 est
2550 3632 3017 3704 quemadmodum
3036 3632 3343 3703 procreatio
3364 3630 3585 3684 numeri
3599 3645 3727 3701 pos-

2076 3724 2152 3779 sit
2179 3723 2373 3793 efﬁngi
2403 3725 2464 3778 in
2484 3726 2660 3778 metro
2684 3722 2767 3778 vel
2797 3737 2977 3776 versu.

2149 3814 2402 3868 Primum
2432 3814 2626 3884 igitur,
2653 3810 2876 3867 scilicet
2904 3826 3110 3883 genus,
3143 3813 3352 3880 tempus
3382 3810 3480 3876 est,
3512 3805 3733 3862 scilicet

2080 3918 2357 3976 praesens,
2393 3902 2628 3974 quando
2660 3899 2973 3956 inchoatur
3011 3897 3322 3964 cantilena,
3353 3895 3496 3969 quod
3525 3896 3588 3951 in
3615 3910 3732 3950 mo-

2079 4008 2196 4046 rem
2227 3993 2416 4058 atomi,
2440 3991 2497 4045 id
2521 3994 2609 4045 est
2632 3987 2991 4054 insecabilia,
3014 4003 3112 4043 nec
3144 3995 3325 4059 partes
3344 4001 3447 4044 nec
3460 3991 3735 4042 momenta

2082 4081 2392 4144 recisisnis,
2427 4079 2485 4133 id
2517 4083 2607 4134 est
2645 4075 2969 4147 divisionis,
3004 4077 3264 4146 admittit,
3297 4073 3538 4147 recipit;
3569 4081 3629 4129 ut
3654 4075 3736 4128 est

2082 4170 2139 4223 in
2174 4167 2522 4224 Geometricis
2548 4169 2837 4238 punctum,
2884 4167 2942 4221 in
2993 4166 3370 4222 Arithmeticis
3413 4178 3643 4230 manas;
3678 4160 3736 4216 id

2081 4265 2160 4313 est
2199 4257 2505 4327 singularis
2531 4257 2783 4328 quadam
2817 4261 3017 4311 natura
3049 4272 3113 4310 ac
3159 4256 3340 4326 seipsa
3370 4258 3643 4318 contenta,
3675 4249 3734 4303 id

2084 4349 2174 4401 est
2204 4346 2524 4401 sufﬁciens.
2549 4345 2652 4402 Sed
2670 4361 2936 4400 numerus
2958 4346 3025 4399 in
3047 4343 3249 4412 verbis,
3272 4339 3494 4397 scilicet
3517 4334 3735 4392 inveni-

2086 4437 2203 4502 tur,
2235 4434 2355 4504 (per
2373 4435 2649 4504 syllabam
2669 4451 2689 4496 ;
2715 4437 2773 4489 in
2795 4433 3193 4502 modulatione)
3214 4446 3312 4501 per
3331 4443 3546 4490 sonum,
3569 4424 3628 4479 id
3649 4427 3741 4479 est

2087 4527 2293 4578 tonum
2317 4522 2534 4594 ipsum,
2563 4532 2663 4578 aut
2690 4539 2788 4594 per
2807 4523 3068 4594 spatium,
3091 4520 3150 4574 id
3172 4523 3260 4574 est
3291 4515 3636 4571 divisionem
3658 4516 3741 4568 to-

326 4611 596 4683 rhytmice
625 4613 702 4666 est
733 4625 842 4676 ars,
884 4607 942 4662 id
973 4610 1062 4662 est
1091 4605 1412 4662 numeralis
1444 4607 1680 4678 positio,
1709 4608 1889 4663 omnis
1919 4609 1976 4662 in
2014 4629 2059 4695 D
2090 4611 2170 4678 ni,
2195 4600 2335 4683 quod
2355 4612 2845 4682 fueritsingulare,
2870 4608 3094 4665 scilicet
3126 4605 3440 4672 invenitur,
3462 4602 3521 4657 id
3544 4606 3632 4657 est
3651 4600 3740 4656 in-

328 4717 596 4766 numeris,
623 4714 750 4772 quae
777 4713 1032 4753 numeros
1054 4695 1315 4769 quosdam
1348 4699 1588 4768 propria
1611 4699 1985 4752 conversionis

332 4791 592 4862 accipiat,
626 4787 684 4843 id
715 4792 822 4856 est,
855 4785 1078 4842 reditus
1101 4785 1390 4858 proprios,
1429 4790 1493 4841 ut
1513 4787 1670 4842 unde
1690 4785 1905 4852 veniat,
1930 4791 1988 4842 et

335 4897 404 4937 ea
424 4879 623 4935 redeat
649 4878 776 4949 ipsa
795 4893 920 4943 vox,
939 4877 1249 4946 ﬂexusque,
1273 4874 1331 4928 id
1358 4879 1466 4940 est,
1511 4875 1733 4931 reditus
1762 4877 1849 4931 vel
1874 4876 1986 4932 cir-

336 4968 530 5025 cuitus
560 4966 874 5040 legitimos,
907 4964 964 5019 id
995 4967 1086 5019 est
1115 4963 1497 5019 rationabiles
1526 4966 1814 5020 sortiatur.

409 5059 522 5130 (Est
551 5071 760 5128 quoque
789 5053 1056 5109 distantia
1087 5055 1232 5108 inter
1282 5051 1600 5124 rhythmum
1648 5062 1991 5124 metrumque

338 5163 448 5204 non
472 5162 668 5218 parva,
699 5145 842 5198 sicut
869 5141 1134 5214 posterius
1162 5141 1492 5197 memorabo.
1545 5140 1648 5197 Sed
1678 5144 1812 5212 quia
1839 5143 1991 5198 visus

335 5235 670 5307 auditusque
699 5232 949 5302 numero)
981 5231 1178 5301 dictus,
1213 5229 1438 5286 scilicet
1467 5236 1557 5286 est
1588 5248 1620 5287 a
1642 5247 1734 5286 me
1767 5231 1992 5302 (accide-

345 5326 456 5398 re);
488 5327 548 5380 hi
570 5337 800 5396 quoque,
824 5319 881 5374 id
905 5322 993 5374 est
1016 5319 1178 5374 visus
1201 5323 1258 5373 et
1281 5319 1540 5386 auditus,
1562 5322 1622 5374 in
1643 5321 1754 5375 tria
1777 5320 1990 5386 itidem,

339 5414 401 5471 id
424 5418 513 5470 est
534 5410 824 5474 similiter,
854 5423 1054 5477 genera
1097 5405 1444 5474 dividuntur,
1493 5409 1554 5462 in
1601 5411 1853 5481 corporis
1876 5427 1992 5466 mo-

345 5513 484 5570 tum,
505 5501 565 5555 id
588 5503 678 5555 est
700 5500 932 5569 gestum
953 5512 970 5547 :
995 5496 1056 5548 in
1073 5509 1329 5549 sonorum
1358 5495 1788 5568 modulandique
1812 5501 1991 5556 ratio-

423 5679 867 5756 (Apographum
893 5678 1071 5738 habet
1094 5695 1109 5740 :
1135 5679 1272 5738 Cum
1299 5677 1656 5752 adiutorium.

2094 4699 2406 4764 divisibile,
2427 4705 2680 4756 etunum
2700 4717 2711 4755 :
2734 4700 2926 4769 majus
2941 4697 3199 4770 spatium
3211 4695 3743 4765 vocaturlystema,

2094 4790 2292 4846 minus
2314 4790 2621 4845 diastema.
2648 4789 2704 4843 In
2728 4792 2898 4859 gestu,
2932 4785 3157 4842 scilicet
3175 4784 3242 4840 ﬁt
3261 4790 3517 4854 tempus,
3535 4797 3635 4853 per
3655 4780 3744 4834 in-

2094 4879 2382 4951 cipientem
2411 4880 2651 4949 corporis
2680 4880 2908 4947 motum,
2941 4877 3090 4947 quod
3118 4875 3332 4930 schema
3376 4870 3653 4937 diximus,
3687 4867 3747 4921 id

2096 4973 2185 5023 est
2208 4968 2482 5037 ﬁguram,
2507 4970 2574 5021 ut
2595 4966 2653 5021 in
2678 4965 2974 5038 aptatione
3006 4963 3430 5019 membrorum.
3451 4959 3623 5028 Atque
3650 4954 3749 5011 hoc

2097 5058 2204 5110 erit
2237 5055 2623 5111 brevissimum
2653 5059 2885 5126 tempus,
2920 5053 2975 5108 id
2997 5056 3086 5108 est
3124 5064 3399 5123 praesens,
3431 5043 3573 5117 quod
3600 5045 3750 5099 inse-
3825 5074 3830 5078 -

2097 5143 2276 5199 cubile
2303 5145 2625 5199 memoravi.
2657 5143 3024 5215 Compositum
3052 5155 3197 5208 vero,
3240 5135 3464 5193 scilicet
3491 5136 3748 5204 tempus,

2099 5233 2157 5288 id
2191 5237 2281 5288 est
2312 5231 2638 5301 artiﬁciale,
2665 5231 2806 5304 quod
2829 5235 2999 5304 potest
3030 5227 3234 5294 dividi,
3284 5223 3506 5280 scilicet
3532 5220 3592 5276 in
3620 5236 3751 5293 spe-

2102 5322 2240 5392 cies,
2269 5331 2318 5378 et
2347 5321 2487 5395 quod
2537 5339 2568 5377 a
2620 5323 2823 5394 primo,
2884 5317 3107 5374 scilicet
3165 5311 3437 5388 praesenti
3466 5315 3752 5382 tempore,

2105 5411 2260 5483 quod
2285 5414 2374 5466 est
2396 5409 2710 5467 insecabile
2731 5411 2846 5482 (aut
2868 5408 3116 5480 duplum,
3141 5409 3235 5461 aut
3255 5403 3505 5476 triplum,
3524 5407 3760 5472 antqua-

2102 5500 2384 5571 druplum)
2410 5505 2498 5556 est
2518 5518 2551 5556 a
2572 5499 2784 5571 primo,
2808 5498 2865 5552 id
2887 5501 2977 5553 est
3001 5514 3034 5552 a
3055 5495 3247 5567 prima
3268 5490 3572 5548 divisione.
3597 5489 3754 5544 Eate-
