4018 6200
607 316 615 348 Ι

354 354 467 417 951

861 360 1163 426 ΡιΕΜΙϐΙΙ
1210 368 1964 433 ANTISSIODORENSIS
2009 346 2186 432 Ol’P.
2232 370 2434 434 PARS
2478 370 2559 433 Il.
2590 402 2668 417 —
2696 367 3263 434 MISCELLANEA.

355 506 463 548 nus
492 490 661 557 enim,
692 490 750 549 id
784 498 873 551 est
900 494 1205 571 hucusque
1227 500 1316 557 vel
1348 503 1417 558 ad
1465 505 1862 579 quadruplum
1893 480 2002 561 nu-
2033 503 2089 572 Α
2117 513 2284 577 atque
2311 504 2440 562 ordo
2471 505 2759 576 legitimus
2785 508 3012 579 expetit,
3043 503 3101 560 id
3131 508 3239 569 est.
3272 500 3544 577 requirit,
3565 509 3776 578 preci-

357 594 588 637 merum
617 580 1013 655 legitimorum
1056 589 1272 660 pedum
1324 591 1559 665 (tempus
1591 610 1752 650 omne
1778 596 2004 651 numeri
2110 596 2388 667 pitantur,
2422 595 2479 651 id
2512 598 2619 663 est,
2651 593 2918 651 velociter
2950 599 3264 651 cantantur
3291 599 3350 651 et
3377 596 3779 652 scanduntnr.

354 671 679 742 profertur),
706 688 810 743 pro
841 689 1107 743 numero,
1162 682 1422 753 tempore
1474 684 1577 754 (sc.
1612 685 1867 756 tempus)
1898 701 1999 756 po-

2116 684 2367 757 Periples
2390 700 2535 751 vero,
2567 701 2686 755 qum
2713 684 2972 755 amplius,
3006 700 3173 754 quam
3203 682 3373 751 docet,
3417 700 3610 740 moras
3626 702 3782 741 com-

360 757 497 814 suit.
533 759 798 831 Legitimi
832 765 1029 819 autem
1062 766 1236 836 pedes
1288 774 1391 826 aut
1440 771 1602 844 dupli
1656 778 1814 841 sunt,
1848 774 1907 830 id
1937 791 2006 831 ex
2112 774 2309 844 positae
2337 772 2728 830 modulationis
2750 774 3050 844 innectunt,
3073 771 3131 827 id
3149 777 3240 829 est
3261 775 3779 845 praestruunt,sci-

362 847 592 903 duabus
623 848 883 921 syllabis,
916 858 1019 909 aut
1047 855 1205 928 tripli
1239 874 1308 913 ex
1335 859 1546 927 tribus,
1572 866 1674 917 aut
1693 864 2006 937 quadrupli

256 959 266 969 -
361 953 431 992 ex
463 940 732 1008 quatuor.
766 938 967 997 Potest
990 946 1050 998 et
1078 942 1193 1000 alia
1227 947 1450 1003 ratione
1495 948 1765 1024 intelligi,
1798 957 1863 1008 ut
1893 954 2008 1009 duo

361 1028 631 1097 tempore
662 1027 841 1084 unius
869 1027 1057 1103 longae
1086 1032 1318 1106 syllabis
1349 1053 1452 1108 pro
1482 1054 1599 1095 uno
1626 1044 1891 1113 tempore
1919 1060 2010 1099 ac-

363 1112 573 1186 cipias,
606 1132 673 1172 ac
704 1116 788 1173 sic
818 1136 934 1175 non
966 1121 1157 1178 solum
1190 1140 1472 1183 numerus
1502 1112 1884 1203 syllabarum,
1914 1150 2009 1189 ve-

363 1219 493 1258 rum
517 1203 690 1261 etiam
713 1209 1045 1281 temporum
1067 1216 1505 1284 quaternarium
1530 1235 1644 1273 non
1663 1221 2013 1295 transgredi-

363 1295 461 1347 tur
487 1309 824 1365 numerum,
857 1303 1021 1370 alque
1047 1304 1118 1369 ei,
1153 1302 1375 1361 scilicet
1396 1323 1661 1377 numero,
1686 1310 1743 1365 id
1768 1314 1856 1366 est
1877 1329 2015 1383 qua-

364 1382 620 1438 ternario
648 1384 778 1454 ﬁnis
808 1393 923 1455 est;
956 1389 1110 1445 sicut
1140 1391 1200 1446 in
1232 1395 1516 1451 creaturis
1545 1396 1671 1470 ipse
1699 1382 2014 1471 quaterna-

366 1469 493 1527 rivus
525 1473 818 1530 terminus
847 1480 954 1547 est,
988 1480 1140 1548 quod
1193 1482 1265 1537 ad
1321 1469 1621 1558 exemplar
1663 1469 1793 1559 ejus
1821 1491 2016 1545 omnis

370 1563 636 1615 creatura
651 1561 903 1619 formata
922 1572 1036 1634 est,
1057 1571 1155 1639 qui
1170 1571 1353 1641 plenae
1372 1578 1610 1631 rationis
1628 1582 1709 1633 est
1724 1581 2013 1647 terminus,

371 1646 594 1705 scilicet
614 1649 672 1706 in
695 1654 1003 1724 creaturis,
1032 1660 1186 1730 quod
1220 1660 1374 1717 sicut
1405 1666 1700 1722 ternarius
1734 1646 2017 1725 numerus

372 1753 753 1826 numerorum
785 1743 1049 1801 omnium
1070 1747 1301 1818 primus
1315 1756 1421 1822 est,
1442 1752 1522 1810 ita
1537 1758 1594 1810 et
1609 1758 2018 1826 quaternarius

373 1825 640 1882 omnium
662 1845 1042 1889 numerorum
1060 1835 1305 1895 ultimus
1327 1825 1638 1915 plenaque
1649 1846 1892 1903 rationis
1910 1851 2020 1903 ter-

373 1915 596 2006 minus,
628 1916 759 1990 ipsa
788 1925 985 1979 autem
1020 1925 1272 1995 ratione;
1307 1946 1442 1985 nam
1485 1948 1552 1988 ex
1572 1936 1947 2006 quaternario
1967 1942 2026 1993 et

382 2004 664 2063 membris
693 2008 819 2065 suis
848 2010 1125 2070 denarius
1160 2016 1465 2075 conficitur
1499 2004 1804 2092 numerus,
1838 2043 2021 2082 unum

378 2092 597 2167 quippe
626 2099 683 2150 et
712 2096 825 2154 duo
855 2103 913 2154 et
939 2101 1051 2158 tria
1079 2106 1135 2158 et
1165 2110 1418 2176 quatuor
1444 2109 1645 2167 decem
1667 2114 1838 2183 fiunt,
1857 2115 1914 2170 id
1936 2120 2026 2171 est

378 2197 608 2254 mones,
632 2184 795 2257 dyas,
820 2187 983 2257 trias,
1009 2194 1208 2250 tetras.
1231 2196 1403 2267 Atque
1423 2199 1485 2254 in
1511 2200 1625 2267 hoc,
1650 2201 1705 2257 id
1727 2207 1817 2259 est
1836 2203 1897 2259 in
1915 2203 2024 2259 hac

377 2271 622 2364 ratione,
646 2270 1053 2336 numeris‘tonis
1062 2284 1265 2340 similis
1277 2287 1578 2359 invenitur,
1595 2291 1704 2347 sub
1719 2308 1833 2364 quo
1848 2297 2024 2350 tonus

378 2358 440 2453 in
472 2365 727 2433 quatuor
755 2365 946 2424 dieses
976 2370 1291 2443 dividitur;
1331 2378 1475 2434 sicut
1519 2358 1670 2435 enim
1700 2358 1817 2453 ille,
1850 2383 1906 2438 id
1938 2388 2026 2440 est

375 2451 964 2544 tpnuspperquatuor
989 2464 1217 2533 species,
1266 2465 1324 2521 id
1355 2472 1445 2523 est
1492 2468 1702 2542 dieses,
1733 2451 2021 2544 dividitur,

378 2537 532 2594 deest
563 2541 665 2607 ita,
699 2542 808 2630 llic,
840 2546 1065 2604 scilicet
1120 2569 1242 2622 pes,
1275 2557 1445 2611 etiam
1495 2537 1856 2630 quaternario
1884 2537 2023 2618 tem:-

372 2640 576 2723 porum
600 2628 976 2723 modulatione
1004 2640 1364 2711 concluditur,
1396 2644 1456 2700 id
1489 2628 1578 2702 est
1618 2648 1817 2720 dupla,
1848 2649 2024 2723 tripla

377 2716 436 2768 et
463 2716 814 2789 quadrupla.

453 2803 569 2898 Sed
597 2822 793 2863 eorum
812 2818 1141 2884 temporum,
1160 2834 1282 2889 quae
1311 2822 1382 2875 ad
1396 2839 1653 2880 numeros
1671 2828 2020 2898 capulantur,

378 2892 497 2950 alia
510 2899 660 2963 sunt,
690 2914 817 2969 quae
851 2901 1263 2975 enrhythma,id
1312 2915 1403 2964 est
1448 2892 1855 2980 numerabilis,
1888 2892 2022 2973 tem;

377 2996 517 3050 pora
544 2986 913 3042 nominantur
930 2990 1044 3046 alia
1073 3009 1199 3063 quae
1217 2996 1539 3072 arhythma,
1567 3001 1624 3057 id
1656 3009 1746 3060 est
1774 3006 1900 3063 sine
1920 3025 2024 3064 nu-

383 3084 546 3165 mero
574 3072 1149 3165 et‘innumerabilia:
1200 3085 1315 3140 alia
1353 3104 1478 3158 qna:
1503 3090 1934 3165 arhythmoides,
1965 3098 2022 3155 id

381 3161 470 3259 est
499 3158 716 3259 similia
747 3166 1030 3238 numeris,
1056 3171 1440 3241 perhibentur.
1471 3180 1538 3234 Et
1555 3158 1882 3256 enrhythma
1901 3158 2023 3259 qui-

377 3247 682 3343 demsunt.
703 3269 841 3343 quae
867 3259 1085 3314 ratione
1115 3264 1263 3319 certa
1310 3266 1559 3324 ordinem
1604 3247 1844 3343 servant,
1876 3247 1937 3332 ut
1966 3278 2026 3332 in
2057 3257 2099 3323 Ο

383 3336 601 3436 duplici
629 3342 715 3436 vel
737 3343 994 3436 heniiolo,
1022 3347 1078 3403 id
1102 3355 1191 3406 est
1210 3357 1480 3427 sescuplo
1509 3359 1599 3416 vel
1622 3336 2024 3436 sesquialtero,

376 3428 462 3523 uel
500 3429 563 3483 in
589 3431 741 3523 aliis,
774 3431 831 3487 id
864 3438 953 3490 est
983 3435 1042 3492 in
1073 3440 1343 3512 epitritis,
1377 3462 1504 3516 qua
1530 3449 1647 3506 alia
1662 3428 1900 3523 ratione,
1927 3428 2028 3510 sci:

378 3514 515 3573 licet
542 3519 703 3613 tripli
734 3525 792 3613 et
811 3526 1144 3599 quadrupli,
1165 3514 1490 3604 iunguntur.
1531 3538 1836 3612 Arhythma
1880 3514 2023 3613 sunt,

380 3607 641 3677 quasibi
661 3608 829 3666 nulla
857 3617 1080 3673 omnino
1111 3619 1225 3691 lege
1247 3627 1613 3697 consentiunt,
1646 3607 1716 3685 ac
1732 3632 1856 3688 sine
1882 3607 2029 3690 certa

380 3697 598 3791 ratione
626 3708 978 3791 rconqregata
1031 3712 1200 3777 sunt;
1248 3712 1489 3783 quidam
1543 3716 1699 3773 enim
1739 3722 1916 3791 pedes
1945 3722 2029 3779 ita

380 3789 541 3883 sunt,
575 3790 640 3843 ut
659 3787 823 3846 nulla
844 3792 1067 3851 ratione
1087 3796 1199 3853 sibi
1221 3802 1586 3871 conveniant,
1615 3787 1769 3863 sicut
1806 3811 2029 3883 amphi-

379 3873 651 3972 brachys,
683 3894 857 3972 quem
896 3884 1123 3970 metrici
1156 3886 1466 3946 informem
1489 3873 2027 3972 etincognitum(a)

372 3961 665 4031 judicent,
688 3962 1100 4045 Rhythmoidés,
1118 3976 1175 4031 id
1191 3983 1280 4034 est
1292 3982 1519 4038 numeri
1532 3961 1803 4054 formdm,
1821 3989 1885 4044 in
1898 3961 2029 4045 aliis

378 4065 672 4145 numerum
723 4064 964 4131 servant,
1024 4065 1084 4117 in
1139 4067 1376 4141 aliisque
1429 4071 1752 4144 despiciunt.
1788 4077 2029 4145 Quorum

380 4144 683 4238 temporum
711 4145 827 4238 alia
855 4151 1162 4222 strongyla,
1195 4155 1305 4211 hoc
1336 4162 1444 4227 est,
1475 4164 1713 4220 rotunda
1738 4144 2029 4238 perhiben-

376 4229 510 4330 tur“;
556 4233 892 4330 strongylus
942 4240 1280 4330 aropvydtoc
1329 4264 1533 4306 versus
1578 4229 1793 4310 dicitur
1820 4256 1880 4313 in
1912 4274 2026 4330 quo

379 4317 542 4464 nplla
573 4337 710 4393 pars
740 4325 1021 4384 orationis
1068 4329 1296 4406 integra
1342 4334 1539 4394 locum
1588 4342 1753 4413 pedis
1782 4317 2023 4418 obtinet,

379 4423 414 4462 u
458 4424 472 4463 :

378 4423 472 4463 ιιιε

570 4523 876 4576 lmmortale
905 4526 1039 4577 nihil
1068 4529 1256 4580 mundi
1294 4544 1547 4599 compage
1576 4536 1825 4588 tenetur:

378 4640 437 4696 in
465 4641 574 4699 hoc
602 4644 761 4700 enim
793 4659 964 4701 versu
996 4645 1194 4704 nullus
1220 4664 1320 4721 pes
1351 4651 1631 4708 terminat
1659 4657 1883 4725 partem
1905 4672 2028 4712 ora-

373 4729 565 4787 tionis.
594 4732 719 4788 Alia
738 4735 980 4805 periples
998 4735 1075 4805 (b)
1098 4735 1155 4791 id
1176 4744 1265 4793 est
1281 4728 1839 4811 superabundantia.
1858 4745 1923 4801 Et
1943 4762 2025 4802 ro-

373 4819 548 4876 tunda
598 4826 749 4890 sunt,
800 4838 926 4894 quae
974 4827 1280 4896 proclinus,
1338 4826 1395 4883 id
1425 4833 1515 4885 est
1542 4828 1819 4897 velocius,
1852 4837 1903 4889 et
1931 4836 2019 4905 fa-

372 4908 557 4980 cilius,
589 4925 756 4983 quam
783 4912 991 4981 gradus
1023 4913 1268 4985 quidam,
1301 4915 1525 4973 scilicet
1563 4918 1708 4975 ticut
1737 4920 1879 4977 litin
1904 4921 2019 4979 illis

369 5000 659 5069 versibus,
693 5000 793 5073 qui
824 5017 894 5057 ex
916 5002 1217 5060 vocalibus
1248 5005 1626 5077 colliduntur,
1663 5012 1753 5066 ut:

490 5108 661 5172 Atque
695 5122 757 5158 ea
785 5107 998 5159 diversa
1026 5109 1245 5171 penitus
1273 5111 1401 5162 dum
1441 5118 1589 5177 parte
1618 5121 1897 5179 geruntur.

364 5223 495 5280 Sive
516 5224 625 5281 hoc
641 5224 728 5296 ﬁt,
748 5225 986 5298 quando
1006 5224 1067 5282 in
1088 5226 1365 5285 omnibus
1380 5230 1629 5302 pedibus
1644 5233 1846 5290 ﬁnitur
1857 5252 2012 5309 pars,

363 5315 430 5369 ut
461 5317 551 5369 est
573 5331 586 5369 :

364 5401 593 5466 Respice
631 5417 734 5465 me,
758 5406 929 5467 Pater,
955 5410 1013 5457 ut
1030 5406 1177 5457 bona
1195 5420 1314 5471 qua;
1336 5408 1464 5472 peto
1483 5422 1585 5459 nec
1605 5410 1734 5462 mihi
1755 5416 1979 5475 praestes
1998 5430 2011 5477 ;

452 5521 512 5587 a)
545 5518 711 5575 Forte
744 5521 955 5577 melius
986 5522 1346 5579 inconditum.

424 5590 509 5670 _(b)
539 5590 621 5646 Ex
648 5591 902 5672 Aristi-de
933 5598 1023 5649 est
1069 5592 1369 5672 ¹ιῖιερξτςλεω,
1418 5597 1539 5672 sive
1588 5598 1878 5672 περίπλεαι,
1910 5606 2013 5659 aut

363 5661 538 5717 etiam
566 5661 890 5736 περιπλεής,
933 5681 1060 5736 que:
1090 5661 1149 5722 in'
1179 5667 1335 5725 idem
1354 5661 1655 5728 recidunt.

2118 860 2258 919 licet
2278 862 2429 919 sicut
2450 867 2589 919 sunt
2608 861 2693 918 illi
2712 878 2938 930 versus,
2963 861 3064 918 ubi
3096 861 3414 919 multitudo
3434 879 3780 921 consonan-

2117 952 2268 1009 tium
2297 952 2563 1021 incurrit,
2603 956 2666 1008 ut

2601 1041 2781 1092 Posito
2807 1054 2900 1103 spe
2929 1041 3029 1092 sibi
3057 1041 3285 1105 quisque

2116 1144 2279 1200 seque
2301 1131 2423 1203 ipsa
2442 1130 2686 1187 tardiore
2708 1130 3160 1203 pronuntiatione
3191 1131 3552 1205 suspendant,
3586 1149 3783 1189 remo-

2120 1223 2347 1290 rantur,
2372 1224 2610 1292 propter
2636 1221 2872 1276 crebras
2909 1224 3317 1288 consonantes,
3351 1237 3503 1293 quas
3533 1221 3781 1279 habent.

2192 1308 2320 1379 (Sed
2360 1313 2664 1382 temporum
2719 1310 2837 1365 alia
2882 1309 3159 1382 simplicia
3212 1314 3365 1378 sunt,
3424 1327 3553 1382 qua
3580 1310 3785 1384 pedica

2121 1396 2287 1453 etiam
2332 1399 2733 1471 perhibentur),
2793 1398 3002 1471 podica
3056 1394 3278 1465 ποδικά,
3309 1398 3369 1455 id
3421 1403 3514 1456 est
3545 1398 3783 1472 pedalia

2122 1487 2208 1542 vel
2226 1487 2475 1558 pedibus
2498 1492 2655 1560 apta,
2677 1504 2784 1560 pos
2802 1489 2940 1549 ποῦς
2955 1504 3209 1560 namque
3226 1489 3422 1545 Graece
3433 1505 3531 1561 pes
3542 1489 3783 1544 dicitur.

2124 1580 2228 1632 Pes
2246 1592 2370 1632 vero
2397 1586 2477 1633 est
2503 1579 2745 1645 numeri,
2762 1577 2818 1632 id
2858 1581 2949 1633 est
2966 1576 3308 1650 rbythmica:
3335 1596 3350 1646 ;
3401 1577 3657 1633 formam
3679 1594 3781 1633 su-

2125 1666 2323 1737 perius
2344 1664 2484 1736 dixi,
2503 1668 2692 1738 prima
2712 1667 3038 1738 progressio.
3069 1665 3377 1738 dispositio
3398 1664 3487 1723 vel
3519 1665 3781 1723 elemen-

2126 1760 2253 1809 tum
2285 1756 2537 1821 numeri,
2566 1771 2667 1827 per
2697 1755 2984 1824 legitimos,
3018 1753 3075 1809 id
3108 1759 3197 1811 est
3216 1754 3785 1828 proportionales,et

2124 1845 2458 1900 necessarios
2487 1860 2644 1900 sonos
2673 1847 2987 1916 conjuncta.
3024 1843 3112 1900 Illi
3153 1844 3352 1916 pedes,
3399 1845 3496 1916 qui
3524 1860 3783 1918 propor-

2130 1932 2428 1989 tionaliter
2444 1937 2765 2006 ponuntur,
2785 1932 3029 2006 legitimi
3048 1933 3363 1989 dicuntur:
3397 1935 3566 2005 cujus,
3602 1933 3783 1990 scili-

2133 2026 2222 2078 cet
2254 2022 2443 2094 pedis,
2469 2027 2656 2094 partes
2685 2027 2795 2078 tua
2820 2032 2970 2089 sunt,
3003 2024 3151 2078 ursis
3198 2022 3253 2077 id
3304 2026 3393 2079 est
3424 2021 3686 2090 elevatio,
3716 2028 3781 2079 et

2132 2112 2316 2182 thesis,
2350 2111 2408 2167 id
2440 2116 2529 2167 est
2550 2111 2836 2184 depositio
2858 2128 2925 2167 ac
2950 2111 3219 2168 remissio
3250 2111 3405 2169 vocis
3435 2111 3558 2183 (Sed
3577 2113 3785 2185 pedum

2130 2200 2465 2273 differentia?
2491 2204 2620 2257 sunt
2654 2203 2914 2273 septem(:
2961 2217 3063 2272 per
3104 2200 3576 2274 magnitudinem,
3604 2200 3667 2257 id
3694 2206 3786 2257 est

2133 2290 2520 2360 quantitatem
2554 2293 2701 2362 (cum
2728 2291 2871 2346 alios
2899 2290 3200 2362 simplices,
3247 2290 3394 2345 alios
3440 2290 3787 2362 multiplices

2127 2378 2291 2451 pedes
2333 2379 2612 2452 ponimus)
2663 2396 2797 2435 cum
2847 2396 3003 2436 unus
3050 2394 3154 2451 pes
3193 2378 3383 2450 major
3407 2382 3503 2434 est
3529 2377 3671 2434 alio.
3702 2380 3787 2450 (Et

2130 2469 2405 2540 simplices
2426 2469 2672 2539 quidem,
2703 2473 2765 2524 ut
2784 2472 2865 2524 est
2884 2467 3252 2539 Pyrrhichius
3270 2484 3291 2529 :
3310 2468 3622 2537 composito
3644 2484 3784 2537 vero,

2130 2564 2195 2612 ut
2224 2565 2354 2613 sunt
2377 2558 2620 2628 Pisones,
2652 2558 2736 2614 vel
2764 2573 2952 2615 eorum
2987 2572 3169 2629 pares,
3212 2557 3270 2613 id
3319 2560 3409 2613 est
3436 2555 3684 2629 epitriti.
3714 2559 3787 2612 Et

2130 2646 2405 2718 simplices
2434 2646 2652 2719 quidem
2681 2646 2965 2718 dicuntur,
2997 2647 3114 2718 qui,
3145 2644 3369 2702 scilicet
3395 2649 3639 2702 tantum
3662 2651 3787 2702 tem-

2129 2737 2359 2806 poribus
2386 2735 2736 2803 dividuntur,
2767 2736 2824 2793 id
2866 2740 2974 2804 est,
3033 2751 3139 2808 per
3167 2739 3432 2808 tempora
3447 2739 3687 2791 tantum
3700 2736 3786 2791 di-

2129 2822 2444 2881 viduntur:
2475 2827 2770 2898 composita
2800 2833 3002 2892 autem,
3035 2823 3259 2881 scilicet
3285 2824 3590 2891 dicuntur,
3610 2827 3709 2897 qui
3727 2827 3787 2881 in

2128 2912 2293 2984 pedes
2308 2916 2478 2970 etiam
2498 2916 2864 2987 resolvuntur,
2878 2914 2938 2970 id
2959 2917 3050 2971 est
3070 2929 3185 2969 non
3200 2912 3393 2969 solum
3415 2913 3479 2970 in
3497 2919 3786 2988 tempore,

2133 3002 2233 3059 sed
2265 3002 2443 3059 etiam
2475 3003 2534 3059 in
2566 3002 2714 3061 alios
2747 3003 2942 3075 pedes.
2975 3002 3120 3059 Alios
3147 3018 3294 3075 vero,
3325 3001 3552 3059 scilicet
3586 3004 3784 3076 pedes,

2132 3093 2335 3164 aloyos,
2367 3092 2423 3147 id
2447 3096 2546 3165 est,
2578 3093 2992 3150 irrationabiles
3036 3094 3409 3158 nominamus,
3452 3109 3794 3165 quorumque

2135 3183 2278 3237 ratio
2308 3182 2467 3237 nulla
2483 3176 2804 3254 praestatur,
2837 3180 3154 3250 invenitur,
3188 3181 3245 3236 id
3287 3184 3399 3247 est,
3451 3180 3619 3237 nulla
3648 3182 3793 3239 ratio

2138 3268 2443 3327 divisionis
2473 3286 2674 3326 eorum
2706 3270 3008 3339 redditur;
3040 3270 3130 3326 sed
3158 3269 3467 3338 incondita,
3490 3270 3550 3325 id
3571 3276 3687 3339 est,
3708 3273 3795 3328 in-

2139 3358 2484 3431 composita,
2518 3359 2645 3415 sine
2666 3358 2832 3421 illius
2847 3358 3154 3415 divisionis
3172 3359 3628 3431 compositione.
3651 3375 3802 3433 que-

2139 3448 2267 3504 dam
2294 3449 2611 3520 compositio
2637 3454 2938 3520 profertur.
2971 3448 3097 3504 Alia
3133 3447 3334 3504 deinde
3360 3447 3683 3521 differentia
3700 3457 3799 3519 est,

2140 3537 2198 3592 id
2230 3541 2321 3593 est
2352 3541 2562 3610 quarta
2599 3537 2829 3607 divisio,
2871 3551 3001 3609 quae
3030 3554 3135 3609 per
3163 3537 3491 3595 divisionem
3521 3541 3805 3611 quantus

2142 3626 2349 3698 (qualis
2399 3626 2633 3695 existit),
2663 3625 2779 3682 ista
2808 3625 3018 3682 divisio
3057 3626 3117 3680 in
3148 3624 3513 3699 simplicibus
3537 3644 3800 3700 propor-

2140 3713 2402 3770 tionibus
2435 3714 2719 3787 quseritur
2747 3716 2985 3788 pedum,
3019 3714 3120 3771 hoc
3146 3719 3227 3771 est
3251 3716 3367 3788 poia
3393 3723 3543 3782 ποῖα,
3575 3714 3641 3769 id
3670 3721 3799 3787 est,

2139 3803 2332 3874 qualis
2361 3802 2655 3876 legitimos
2679 3804 2855 3876 pedes
2874 3802 3035 3872 dicit,
3057 3803 3115 3858 id
3142 3809 3242 3859 est
3283 3804 3338 3859 in
3378 3801 3586 3875 quibus
3611 3818 3787 3874 que-

2137 3890 2307 3962 ritur,
2339 3890 2530 3962 qualis
2561 3892 2708 3949 ratio
2739 3891 2850 3960 sit;
2884 3907 3011 3947 cum
3036 3894 3191 3950 varie
3214 3897 3269 3949 et
3291 3891 3662 3964 multipliciter
3690 3909 3794 3959 ea,

2137 3995 2263 4051 quae
2289 3997 2542 4038 connexa
2562 3983 2793 4053 fuerint,
2815 3980 3159 4048 dividuntur,
3183 3981 3407 4038 scilicet
3430 3998 3535 4054 per
3552 3981 3721 4038 arsin
3742 3987 3806 4039 et

2138 4070 2354 4137 thesin,
2375 4070 2464 4129 vel
2497 4088 2630 4127 cum
2651 4071 2711 4127 in
2735 4087 2964 4143 (equam
2986 4075 3043 4125 et
3071 4068 3316 4143 duplam
3342 4069 3432 4126 vel
3459 4070 3806 4143 sextuplam

2136 4158 2481 4216 divisionem
2506 4158 3190 4230 dividuntur(atqveilla,
3220 4159 3809 4232 quasimplicespedes

2134 4264 2245 4305 esse
2262 4249 2629 4321 multiplices)
2650 4249 2740 4322 (c).
2761 4249 2937 4320 Atque
2953 4249 3097 4316 alia,
3127 4248 3353 4305 scilicet
3371 4248 3586 4306 divisio
3602 4254 3725 4319 est,
3749 4250 3810 4307 id

2135 4341 2225 4394 est
2253 4338 2480 4410 quinta,
2509 4338 2565 4394 id
2597 4341 2707 4404 est,
2751 4342 2926 4409 atque
2985 4335 3101 4394 alia
3151 4340 3242 4393 est
3294 4336 3661 4407 differentia,
3694 4354 3813 4397 esse

2129 4426 2290 4499 pedes
2317 4428 2649 4499 multiplices
2676 4427 2813 4495 illis,
2845 4429 2944 4497 qui
2968 4425 3250 4499 simplices
3273 4445 3288 4495 ;
3310 4431 3456 4482 sunt
3472 4427 3645 4485 enim
3669 4430 3815 4488 sim-

2135 4514 2316 4587 plices
2344 4516 2523 4589 pedes
2551 4514 2931 4588 multiplices,
2963 4514 3309 4572 dividuntur
3355 4515 3514 4572 enim
3548 4516 3617 4573 in
3654 4519 3811 4577 duos

2136 4605 2333 4677 pedes,
2366 4621 2473 4677 qua
2496 4605 2771 4676 simplices
2823 4603 2984 4678 pedes
3041 4620 3175 4672 esse,
3224 4603 3451 4662 scilicet
3492 4614 3808 4678 possunt:

2134 4693 2489 4766 multiplices
2518 4693 2804 4761 videlicet,
2837 4695 3073 4766 quando
3116 4694 3175 4750 in
3229 4694 3500 4768 synzyg'is
3530 4698 3810 4756 redinte-

2132 4786 2395 4855 grantur.
2429 4784 2587 4852 Alia,
2619 4783 2842 4840 scilicet
2867 4784 3101 4855 divisio,
3134 4784 3198 4841 id
3222 4787 3313 4841 est
3333 4789 3519 4851 sexta,
3544 4802 3694 4858 quae
3710 4806 3811 4862 per

2130 4872 2459 4928 divisionem
2486 4873 2614 4943 ﬁeri
2641 4874 2938 4942 consuevit,
2972 4872 3199 4930 scilicet
3227 4873 3384 4945 quod
3414 4872 3477 4928 in
3507 4879 3809 4951 synzygis

2129 4961 2380 5016 maxime
2396 4961 2606 5030 evenit,
2631 4978 2766 5017 cum
2786 4961 3054 5019 videlicet
3063 4979 3167 5036 pes
3178 4961 3549 5034 compositus
3562 4962 3636 5020 in
3654 4967 3808 5024 duos

2127 5049 2455 5106 resolvitur.
2510 5050 2776 5124 Septima,
2838 5050 3060 5108 scilicet
3114 5050 3323 5108 divisio
3381 5054 3494 5119 est,
3525 5068 3808 5129 quem

2124 5140 2525 5212 appositionem
2559 5142 2643 5212 ﬁt,
2671 5139 2731 5196 id
2762 5144 2853 5196 est
2881 5157 2984 5213 per
3008 5139 3505 5213 comparationem
3540 5141 3725 5201 inter
3748 5162 3805 5203 se

2124 5228 2381 5285 duorum
2400 5230 2638 5301 pedum,
2665 5230 2724 5286 id
2744 5232 2841 5303 est,
2867 5246 2996 5286 cum
3026 5229 3236 5287 duobus
3267 5230 3501 5304 pedibus
3519 5238 3801 5304 amplis,

2123 5318 2482 5391 comparatis
2503 5322 2561 5374 et
2580 5317 2988 5391 consideratis,
3014 5336 3178 5392 unus,
3200 5318 3426 5377 scilicet
3462 5336 3605 5392 pes,
3642 5323 3804 5381 hsta

2118 5408 2399 5479 prolixius
2419 5412 2651 5480 tempus,
2673 5408 2814 5479 quod
2825 5409 3083 5480 praccdit
3120 5425 3193 5466 ex
3220 5410 3431 5476 ordine,
3456 5410 3709 5470 scilicet
3736 5417 3795 5469 ut

2191 5533 2262 5616 (ιζ)
2294 5531 2430 5616 Haec
2453 5532 2747 5614 Meibomii
2796 5532 3010 5616 melius
3041 5520 3333 5593 habentur
3384 5510 3471 5592 in
3505 5534 3788 5612 Remigio

2119 5608 2341 5672 nostro,
2375 5608 2441 5661 ut
2468 5620 2537 5661 ea
2570 5608 2977 5676 exprimimus.
