4018 6200
358 352 477 416 955

859 348 1162 415 REMIGII
1203 342 1956 411 ANTISSIODORENSIS
2000 341 2173 407 OPP.
2220 342 2422 406 PARS
2466 340 2545 405 ll.
2575 373 2652 387 —
2681 334 3254 404 MISGELLANEA.

3637 327 3775 392 956

342 502 483 544 vero
515 501 727 557 eorum,
750 488 850 559 qui
893 488 1177 561 compositi
1215 504 1327 545 esse
1388 487 1657 548 dicuntur
1684 491 1701 561 )
1752 489 1861 545 alii
1908 503 2009 560 per
2035 479 2091 546 A
2120 481 2292 548 duas,
2314 477 2539 537 scilicet
2563 475 2816 551 syllabas
2846 474 3129 536 diversas,
3158 462 3596 537 extendit,quod
3640 479 3772 520 om-

361 578 606 649 copulas,
642 621 658 645 ,
689 577 747 632 id
769 580 859 634 est
879 578 1095 651 pedum
1118 580 1452 651 juncturas,
1482 579 1537 636 id
1580 584 1669 636 est
1700 578 2006 652 synzygias

362 666 541 724 veluti
573 684 705 722 cum
736 666 988 724 dicimus
1046 670 1528 742 compositionem
1586 675 1643 725 et
1698 668 2006 742 appositio-

370 772 540 823 nem;
573 756 670 811 alii
708 774 841 813 vero
874 775 976 830 per
1003 758 1306 831 periodum
1356 759 1726 832 colligantur,
1785 760 1844 815 id
1896 763 2004 826 est,

367 845 808 918 conjunguntur
826 847 979 902 inter
1008 848 1249 906 se.1nter
1269 849 1603 923 synzygiam
1627 854 1683 905 et
1703 848 2007 921 periodum

366 934 503 991 talis
533 935 862 992 differentia
891 942 999 1008 est,
1024 939 1179 1009 quod
1212 939 1485 1011 synzygia
1515 940 1763 994 duorum
1788 938 2009 994 solum-

369 1025 541 1081 modo
586 1026 798 1098 pedum
849 1030 947 1099 (a).
985 1029 1221 1100 (Etenim
1275 1032 1524 1103 synygia,
1586 1031 1646 1086 id
1687 1034 1764 1085 est
1813 1030 2012 1101 copula

365 1114 593 1171 duorum
619 1116 821 1187 pedum
846 1119 905 1173 in
936 1134 1109 1173 unum
1136 1123 1214 1174 est
1242 1122 1486 1188 ascripta
1517 1121 1799 1187 connexio,
1838 1120 1934 1190 qui
1954 1120 2013 1173 in

370 1204 674 1261 dissimiles
703 1209 813 1262 sibi
838 1209 1003 1278 positi
1027 1224 1139 1264 esse
1167 1209 1440 1264 videntur.
1464 1209 1720 1265 Periodos
1759 1224 1892 1263 sane
1938 1211 2017 1262 est

367 1294 565 1367 pedum
622 1298 937 1368 compositio
998 1300 1388 1370 plurimorum,
1445 1298 1690 1373 quique,)
1743 1297 2015 1370 periodus

371 1400 505 1440 vero
535 1402 566 1441 e
604 1385 925 1441 multorum
948 1387 1159 1459 copula
1198 1388 1264 1442 lit
1302 1388 1362 1443 in
1411 1386 1752 1457 dissimiles,
1814 1386 1873 1441 id
1929 1388 2019 1442 est

374 1472 545 1529 valde
574 1474 911 1543 dissimiles,
946 1480 1011 1531 ut
1039 1477 1387 1550 dispondazi,
1432 1478 1702 1533 disimiles
1770 1477 1881 1531 sibi
1926 1492 2016 1531 se-

295 1633 305 1642 .
382 1564 641 1619 cundum
674 1581 880 1637 genus,
911 1567 1026 1622 sibi
1051 1566 1541 1636 impares,scilicet
1562 1567 1890 1623 secundum
1920 1563 2020 1620 ali-

368 1669 547 1724 quam
576 1653 862 1711 rationem
917 1658 1222 1713 sociantur.
1273 1656 1822 1729 (Dissimilitudinum
1885 1670 2022 1712 sane

372 1742 700 1815 differentia
729 1748 835 1800 tres
862 1749 1047 1814 erunt,
1065 1763 1166 1818 per
1188 1747 1648 1817 magnitudinem,
1674 1763 1777 1817 per
1829 1760 2018 1817 genus,

2116 588 2220 628 nes
2241 571 2443 627 breves
2475 571 2633 633 sunt,
2654 566 2903 639 (ideoque
2917 566 3004 631 eo)
3030 577 3171 617 raro
3201 559 3292 615 uti
3318 555 3488 623 decet,
3542 552 3777 611 scilicet

2116 662 2176 717 in
2208 660 2512 731 metro,(ne
2532 656 2831 713 assiduitas
2858 654 3034 709 brevis
3060 650 3288 722 syllabae
3329 662 3563 702 carmen
3588 644 3777 715 ipsum

2115 750 2265 825 quod
2292 767 2419 805 cum
2437 750 2705 820 dignitate
2732 746 2930 816 aliqua
2957 740 3208 815 proferri
3246 735 3477 825 oportet)
3535 733 3777 802 incidat,

2120 823 2368 908 ininuat,
2402 841 2681 895 conterat.
2705 836 2793 907 (In
2821 832 3197 904 permixtione
3231 843 3356 883 vero
3390 823 3653 881 aliorum
3676 839 3778 894 pe-

2119 931 2272 998 dum,
2331 931 2429 1001 qui
2503 928 2775 999 longiores
2827 920 3159 996 ponuntur,)
3209 916 3468 973 decenter
3523 918 3776 981 aptatus,

2121 1000 2351 1077 scilicet
2364 1020 2489 1091 ipse
2502 1013 2877 1089 Pyrrhichius
2899 1008 3171 1081 major,id
3188 1010 3280 1064 est
3296 1000 3780 1078 proceleusmati-

2121 1127 2245 1177 cus,
2278 1112 2341 1164 ut
2370 1109 2621 1173 illorum,
2654 1103 2877 1161 scilicet
2902 1100 3115 1174 pedum
3138 1095 3241 1169 qui
3287 1111 3359 1150 ex
3386 1091 3588 1165 longis
3640 1106 3781 1145 con-

2123 1203 2300 1265 stant,
2329 1199 2609 1270 prolixam
2630 1209 2850 1249 moram
2879 1188 3282 1246 interveniente
3326 1200 3435 1239 sua
3492 1182 3785 1238 celeritate

2122 1290 2448 1358 compenset,
2480 1286 2539 1341 id
2561 1289 2649 1341 est
2679 1282 3096 1352 contemperet.
3128 1277 3343 1349 (Quare
3367 1272 3783 1345 proceleusma-

2126 1382 2285 1445 ticus,
2317 1376 2506 1450 qui)ad
2534 1389 2815 1437 numeros,
2837 1370 2896 1426 id
2931 1372 3021 1425 est
3050 1367 3122 1424 ad
3145 1363 3456 1438 rhythmos
3510 1375 3789 1416 numero-

2127 1485 2257 1523 rum
2280 1465 2545 1539 (aptatur)
2568 1481 2608 1520 a
2636 1461 3007 1535 quadrisemo,
3041 1456 3099 1511 id
3130 1459 3237 1525 est,
3273 1457 3317 1521 fa
3354 1452 3503 1524 pede
3531 1456 3787 1520 quatuor

2127 1560 2460 1630 temporum
2491 1553 2776 1617 brevium,
2809 1548 3098 1606 exordium
3126 1544 3286 1600 debet
3311 1542 3586 1612 accipere.
3610 1540 3782 1607 (Αεια-

2128 1627 2352 1717 paeslus,
2383 1646 2481 1717 qui
2502 1646 2726 1700 vocatur
2755 1641 2955 1707 minor,
2988 1635 3219 1707 accipiet
3276 1632 3577 1687 elationem
3630 1627 3787 1700 pedis

2129 1737 2295 1793 unius
2318 1734 2601 1807 temporis,
2628 1730 2955 1803 positionem
3001 1741 3131 1781 vero
3178 1722 3415 1778 duorum
3468 1725 3785 1790 temporum

368 1847 473 1904 per
490 1835 879 1904 oppositionem
902 1853 922 1890 :
941 1810 1041 1907 per
1065 1810 1530 1908 magnitudinem)
1707 1853 1736 1891 e
1791 1810 2017 1899 disemo,
2052 1858 2100 1922 B
2129 1826 2344 1902 faciet).
2368 1823 2651 1880 Minorem
2680 1824 3043 1891 anapaestum
3064 1816 3232 1869 vocat
3260 1810 3518 1866 iambum
3541 1811 3788 1879 prOpter

2169 1919 2178 1922 _
2400 1913 2436 1922 -.
2678 1908 2714 1922 ..
2761 1908 2774 1922 .
3060 1920 3105 1922 ν,
3130 1900 3267 1922 μη-
3304 1917 3359 1922 __
3392 1898 3621 1922 .---L.--
3655 1897 3764 1922 ι.--

377 1925 444 1976 ut
474 1922 823 1995 pyrrichius,
856 1897 1437 1996 velitetraseino,sicut
1466 1897 2025 1999 proceleusmaticus
2054 1897 2100 1922 υ
2129 1897 2580 1976 similitudinem
2611 1903 3156 1982 syllabarum,quod
3172 1900 3273 1957 ille
3298 1917 3362 1956 ex
3387 1898 3621 1954 duabus
3650 1897 3789 1952 bre-

312 2020 322 2026 '
380 2014 732 2080 componitur
774 2031 1058 2070 numerus.
1116 2016 1242 2087 (Per
1291 2033 1479 2086 genus,
1538 2017 1685 2089 cum)
1731 2016 2027 2087 diplasion,

334 2163 339 2167 ,
385 2099 625 2173 duplam
656 2101 1022 2177 divisionem,
1054 2115 1153 2161 aut
1183 2105 1526 2173 hemiolium,
1568 2106 1625 2162 id
1684 2110 1776 2161 est
1831 2120 2028 2160 sescu-

383 2189 540 2263 plam
589 2190 935 2249 divisionem
993 2194 1187 2267 (simul
1241 2197 1549 2268 iungimus,
1609 2196 1693 2252 vel
1747 2196 1909 2269 quod)
1964 2212 2034 2250 ea:

383 2282 663 2354 pluribus,
711 2282 1098 2340 divisionibus
1139 2285 1461 2357 aequaliter,
1519 2287 1578 2342 id
1645 2291 1754 2354 est,
1824 2284 2033 2357 aequali

387 2371 760 2466 proportione
813 2374 1127 2466 capulatur,
1196 2375 1254 2431 id
1312 2379 1401 2432 est
1456 2376 1517 2431 in
1583 2375 1835 2449 syzygia,
1917 2381 2037 2448 (per

389 2463 809 2532 appositionem,
860 2463 917 2518 id
970 2465 1070 2537 est)
1118 2482 1216 2536 per
1265 2467 1583 2533 antithesin,
1644 2466 1701 2521 id
1777 2470 1867 2521 est
1936 2481 2039 2537 per

395 2551 745 2606 contrariam
783 2552 1154 2623 positionem,
1206 2554 1353 2626 (cum
1409 2561 1509 2610 aut
1550 2557 1759 2627 primos
1803 2555 2038 2611 disemos

389 2639 669 2708 ponimus,
702 2639 1110 2711 insequentibus
1133 2644 1309 2715 longe)
1335 2644 1660 2715 potioribus,
1696 2643 2037 2699 melioribus

384 2730 511 2794 aut,
534 2726 756 2783 scilicet
785 2733 985 2784 contra
1015 2747 1148 2786 cum
1169 2735 1505 2799 tetrasemos,
1537 2731 1759 2787 scilicet
1781 2731 2037 2803 primum

376 2815 624 2873 disemis
640 2818 989 2889 sequentibus
1030 2821 1390 2892 applicamus.
1454 2824 1646 2878 Verum
1692 2825 1881 2877 notum
1927 2836 2041 2876 esse

395 2908 697 2975 conveniet,
721 2923 899 2961 unum
929 2910 1099 2964 etiam
1124 2909 1315 2981 pedem
1340 2926 1495 2981 posse
1545 2911 1821 2981 sufﬁcere,
1883 2911 2039 2982 quod

396 2999 638 3049 vocatur
657 2996 1025 3063 monocolon,
1057 2998 1115 3052 id
1140 3001 1229 3052 est
1255 2997 1433 3052 unius
1465 2999 1738 3064 membri,
1787 2998 1858 3054 ad
1898 3015 2042 3056 com-

392 3082 672 3154 plendam,
701 3085 982 3156 periodon,
1030 3088 1082 3141 si
1121 3086 1293 3154 solus,
1321 3085 1537 3144 scilicet
1559 3105 1680 3160 pes,
1719 3090 1951 3158 caeteris,
1983 3089 2042 3144 id

2133 2009 2303 2066 vihus
2320 2009 2377 2061 et
2404 2003 2599 2074 longa,
2632 1999 2865 2055 iambus
2894 2012 2965 2052 ex
3020 1992 3180 2050 brevi
3227 1995 3285 2047 et
3346 1988 3530 2061 longa.
3585 1987 3786 2041 Mono-

2138 2099 2379 2156 chronon
2407 2094 2608 2165 quippe
2627 2091 2835 2147 dicitur
2864 2091 3094 2156 tempus,
3127 2080 3352 2138 scilicet
3377 2078 3435 2133 in
3465 2080 3789 2147 anapaesto,

2140 2189 2199 2245 id
2230 2189 2321 2243 est
2348 2183 2408 2239 in
2431 2181 2648 2246 iambo,
2669 2180 2838 2235 etiam
2864 2192 2989 2232 cum
3021 2174 3179 2244 longe
3203 2171 3451 2243 ponitur,
3481 2181 3607 2239 qua!
3632 2166 3792 2235 longe

2140 2278 2247 2334 duo
2268 2281 2517 2346 tempora
2548 2271 2789 2342 recipere
2806 2264 3121 2322 consuevit:
3151 2268 3205 2316 et
3248 2276 3377 2316 cum
3402 2258 3522 2312 tria
3550 2265 3797 2323 tempora

2141 2365 2313 2423 simul
2332 2343 2519 2419 brevia
2548 2352 3144 2424 collocantur,scilicet
3159 2346 3433 2405 similiter
3462 2343 3805 2401 monochro-

2144 2473 2263 2514 non
2297 2450 2642 2526 appellatur,
2675 2446 2815 2502 utin
2846 2443 3042 2500 iambo
3067 2444 3126 2498 et
3152 2438 3427 2504 trochaeo,
3462 2435 3529 2490 in
3588 2434 3802 2506 quibus

2146 2547 2261 2603 tria
2278 2549 2547 2615 tempora
2575 2538 3029 2609 computantur:
3072 2530 3163 2587 vel
3217 2545 3345 2584 cum
3376 2533 3512 2582 sunt
3558 2532 3803 2596 quatuor

2146 2648 2396 2704 numero,
2428 2629 2652 2687 scilicet
2679 2625 2831 2682 sicut
2849 2623 2909 2679 in
2931 2620 3227 2694 spondeo,
3276 2617 3337 2672 in
3380 2631 3502 2687 quo
3552 2617 3804 2684 quatuor

2146 2702 2456 2787 brevia,iet
2497 2719 2613 2774 duo
2643 2716 2820 2787 longa
2858 2710 3402 2773 conuumerantur;
3434 2718 3569 2776 quae
3627 2702 3803 2758 onmia

2150 2812 2375 2870 scilicet
2431 2806 2650 2875 brevia,
2698 2803 2769 2860 ad
2813 2801 3273 2874 comparationem
3323 2796 3510 2866 longae
3573 2792 3805 2864 syllaba

2148 2901 2555 2972 computantur.
3046 2964 3053 2969 θ

2222 2968 2404 3059 Igitur
2440 2987 2629 3057 major
2680 2968 3055 3054 anapaestus;
3106 2977 3294 3047 major
3351 2976 3556 3029 autem
3598 2968 3808 3026 dicitur

2154 3079 2487 3151 anapaestus
2509 3073 2600 3131 vel
2632 3073 2757 3145 ipse
2789 3070 3121 3142 anapmstus
3136 3062 3227 3122 vel
3258 3061 3555 3136 dactylus,
3587 3059 3687 3133 qui
3721 3062 3811 3115 est

400 3176 512 3239 est,
546 3173 595 3229 si
626 3190 694 3230 ex
723 3173 836 3230 alio
866 3190 1078 3248 genere
1103 3176 1297 3244 fuerit,
1357 3151 1676 3250 inaequalis,
1736 3151 2044 3236 dissimilis
2077 3230 2115 3250 ﬂ
2153 3168 2400 3226 totidem
2417 3168 2750 3236 temporum
2776 3178 2789 3216 :
2813 3158 2934 3215 sive
2956 3157 3237 3227 majorem
3267 3151 3415 3208 dicit
3444 3153 3805 3221 anapaestum

398 3261 538 3330 illis,
570 3263 853 3320 inseritur.

474 3352 579 3409 Sed
605 3370 816 3425 eorum,
847 3353 907 3410 id
938 3358 1046 3427 est,
1070 3372 1271 3412 earum
1304 3356 1682 3426 divisionum,
1715 3373 1841 3430 quae
1870 3359 1931 3413 in
1952 3374 2043 3429 pe-

401 3442 527 3498 dem
553 3444 885 3512 recidunt,id
904 3445 1129 3517 est,sub
1162 3446 1380 3519 regulis
1399 3447 1614 3519 pedum
1649 3448 2050 3516 cadunt,sicut

405 3536 545 3587 sunt
575 3532 874 3606 simplices
905 3539 962 3590 et
998 3533 1259 3606 reliqua,
1291 3536 1635 3609 dactylicum
1661 3553 1852 3609 genus,
1882 3538 1938 3593 id
1961 3541 2052 3593 est

404 3620 666 3694 aqualis,
686 3624 938 3695 primum
966 3624 1130 3689 est,id
1161 3628 1251 3681 est
1291 3625 1612 3699 principale
1653 3627 1737 3698 (in
1800 3644 1902 3699 quo
1956 3643 2048 3697 ge-

403 3726 535 3767 nere
553 3711 735 3784 pedes)
767 3714 1112 3784 incompositi
1138 3713 1252 3770 sibi
1279 3714 1501 3770 similes
1532 3717 1907 3788 (vocabuntur,
1955 3718 2054 3789 qui

404 3817 634 3858 numero
652 3810 783 3858 sunt
808 3804 926 3875 sex)
944 3803 1002 3859 id
1021 3808 1122 3872 est,
1142 3805 1676 3875 proceleumaticus,
1709 3810 2052 3878 anapaestus,

409 3891 716 3962 (spondaeus
744 3893 1008 3966 simplex)
1029 3896 1082 3950 et
1121 3893 1415 3966 spondaeus
1458 3895 1640 3967 major
1693 3899 1802 3966 est,
1851 3896 1910 3950 id
1967 3896 2058 3952 est

412 3978 806 4076 dispendens.
838 3982 912 4036 Ac
935 3983 1479 4076 proceleusmaticus,
1506 3984 1631 4056 ipse
1678 3988 1767 4040 est
1819 3985 2054 4058 Pyrrhi-

413 4065 602 4133 chius,
625 4067 845 4137 quidem
864 4071 962 4143 est)
985 4075 1082 4142 qui
1110 4080 1161 4128 et
1186 4074 1518 4144 positionem
1549 4073 1809 4146 (brevem)
1839 4073 2056 4142 thesin,

328 4166 331 4169 ‘
413 4159 464 4211 et
485 4156 793 4227 elationem,
809 4158 1066 4231 (brevem)
1096 4160 1277 4231 (arsin
1311 4165 1732 4221 retinet.Utetur
1755 4167 1949 4220 autem
1971 4166 2060 4221 hic

412 4244 582 4317 idem)
614 4246 671 4301 id
700 4251 789 4303 est
836 4247 1390 4319 proceleusmaticus
1436 4255 1775 4319 tretrasemo,
1837 4253 2062 4311 scilicet

416 4335 563 4409 pede
593 4343 843 4408 quatuor
871 4341 1204 4410 temporum
1231 4342 1588 4410 [requentius,
1626 4342 1684 4396 id
1710 4347 1800 4398 est
1827 4342 2058 4415 saepius.

414 4425 661 4497 Namque
688 4430 737 4482 et
763 4426 1000 4483 disemus
1028 4426 1217 4500 hujus,
1237 4427 1464 4485 scilicet
1484 4429 1843 4487 divisisionis
1873 4431 2060 4504 pes,id

416 4518 507 4570 est
530 4514 910 4588 Pyrrhichius
935 4516 1257 4589 efﬁngitur,
1288 4518 1349 4573 id
1408 4523 1498 4576 est
1543 4519 1794 4576 efﬁcitur
1825 4520 1909 4593 (id
1961 4523 2058 4591 est,

2074 3230 2117 3296 α
2156 3258 2229 3315 ad
2260 3230 2754 3328 comparationem
2794 3246 2998 3314 iambi,
3034 3244 3135 3318 qui
3186 3242 3379 3314 major
3436 3240 3570 3312 (leg.
3599 3238 3807 3304 minor)

2157 3349 2490 3420 anapaestus
2511 3341 2747 3407 dicitur,
2778 3338 3085 3395 elationem
3101 3332 3325 3407 quidem
3352 3328 3707 3402 suscipiet,id
3728 3331 3809 3382 est

2157 3418 2536 3495 elev‘atiOnem
2570 3427 2826 3502 syllabae,
2851 3425 3013 3482 arsin
3035 3420 3327 3488 videlicet,
3341 3434 3472 3492 quae
3492 3418 3813 3474 monachi-0-

2157 3543 2258 3583 nos
2277 3527 2411 3581 esset
2437 3518 3038 3590 dicatur,positionem,
3073 3512 3130 3568 id
3163 3515 3255 3568 est
3283 3507 3812 3576 thesin,diehronon

2161 3616 2359 3673 habere
2386 3605 2960 3679 monstratur.(Quare
2987 3604 3280 3673 utriusque
3330 3598 3623 3668 temporis,
3674 3593 3814 3667 quod

2160 3706 2222 3761 in
2262 3703 2537 3776 positione
2574 3696 2767 3769 fuerit)
2814 3694 3009 3767 aquati
3053 3691 3165 3748 sibi
3214 3688 3396 3763 posito,
3439 3684 3500 3739 id
3554 3688 3651 3739 est
3691 3684 3811 3739 sub

2162 3791 2367 3866 aequali
2399 3788 2706 3862 positione,
2738 3788 2942 3858 oportet
2973 3782 3235 3851 elatimtis
3272 3777 3537 3851 geminum
3581 3776 3813 3843 tempus

2163 3893 2223 3948 id
2248 3894 2337 3947 est
2363 3889 2423 3944 in
2455 3904 2574 3944 una
2601 3884 2845 3958 syllaba,
2890 3883 3155 3953 accipere,
3187 3877 3248 3933 id
3286 3880 3393 3943 est,
3434 3874 3685 3946 oportet,
3740 3874 3819 3926 ut

2162 3986 2252 4039 tot
2274 3984 2542 4051 tempora
2571 3975 2690 4033 sint
2716 3973 2780 4028 in
2799 3971 3067 4038 elatione,
3128 3971 3276 4041 quot
3310 3966 3372 4022 in
3426 3960 3822 4035 depositione.

2166 4071 2282 4143 (Ita
2310 4078 2519 4134 tamen,
2567 4070 2633 4121 ut
2661 4062 2909 4134 utroque)
2939 4061 3003 4117 in
3054 4058 3312 4131 sequenti
3367 4059 3627 4126 tempore,
3706 4067 3828 4106 una

2167 4140 2304 4232 pars
2324 4161 2415 4214 est
2442 4156 2760 4227 insequens
2788 4156 3024 4222 tempus
3063 4165 3169 4221 per
3196 4145 3353 4218 quod
3413 4140 3826 4214 subsequitur,

2167 4267 2269 4323 par
2294 4247 2495 4320 priori,
2526 4244 2586 4299 id
2615 4246 2724 4310 est,
2757 4238 3016 4310 elationi,
3048 4254 3162 4294 esse
3190 4235 3471 4303 videatur,
3496 4232 3557 4288 id
3590 4234 3685 4288 est
3741 4246 3828 4296 ea,

2170 4318 2451 4410 quae—sunt
2465 4334 2524 4389 in
2557 4331 2844 4405 positione
2875 4324 3270 4400 aequalia,sint
3289 4328 3349 4380 et
3377 4319 3671 4378 omniain
3715 4318 3833 4375 ela-

2171 4409 2348 4483 tione.
2382 4426 2585 4494 Quare,
2613 4421 2673 4477 id
2703 4424 2809 4484 est,
2843 4419 2954 4474 hac
2983 4416 3209 4473 ratione
3236 4417 3577 4485 anapaestus
3617 4409 3833 4483 apemt-

2170 4531 2353 4587 mos,
2377 4513 2435 4569 id
2469 4516 2578 4578 est,
2609 4525 2843 4566 sursum
2899 4506 3180 4572 sociatus,
3221 4502 3538 4575 dactylicus
3581 4517 3621 4555 a
3676 4498 3833 4555 nobis

418 4605 524 4705 qui.
546 4604 781 4705 ,ἀποδω
800 4694 814 4705 ν
833 4606 1165 4705 τεξίηροῂὺαδ
1220 4609 1502 4705 impletur,
1550 4588 2065 4680 proceleusmaticus
2096 4609 2142 4675 D
2177 4621 2294 4663 esse
2319 4604 2541 4672 dicitur,
2565 4599 2787 4657 scilicet
2816 4596 2971 4670 quod
2993 4592 3446 4651 similitudinem
3476 4588 3705 4662 dactyli
3735 4588 3829 4643 ha-

421 4692 667 4793 quidem,
721 4694 814 4749 sed
866 4694 1083 4793 brevior
1114 4699 1475 4793 nominatur:
1533 4698 1631 4754 ille
1680 4713 1808 4754 vero
1883 4698 2066 4771 major
2172 4697 2290 4763 bet,
2324 4695 2401 4765 (at
2424 4691 2572 4763 vero)
2601 4695 2934 4761 anapwstus,
2980 4686 3076 4757 qui
3099 4683 3447 4756 apelassonos
3478 4680 3830 4739 nominatur,

1287 4788 1297 4793 _
1473 4786 1517 4793 ,Α
1563 4788 1591 4793 .-
1797 4788 1805 4793 .
1825 4791 1832 4793 .
2052 4787 2060 4793 .
2180 4785 2191 4793 .
2216 4785 2232 4793 -
2337 4787 2346 4793 .
2441 4782 2452 4792 ο
2870 4776 2883 4793 l
2908 4792 2911 4793 ,
2932 4792 2957 4793 η
3000 4773 3198 4793 1ημιμ-
3256 4770 3503 4793 ι,...-;ι.-.-
3588 4782 3712 4793 --.μ
3778 4769 3826 4793 Δ..

423 4788 523 4882 ξεί,
568 4782 792 4882 φαίῌςω
838 4788 1076 4882 quatuor
1147 4785 1358 4843 brevius
1424 4786 1684 4859 efﬁcitur.
1769 4788 1836 4843 At
1907 4769 2068 4860 vero)
2177 4785 2237 4841 id
2266 4787 2357 4840 est
2376 4782 2575 4837 minus
2604 4794 2842 4843 sonans,
2866 4776 2960 4846 (ex
2987 4773 3200 4830 duabus
3251 4770 3521 4836 brevibus,
3581 4782 3712 4840 qua
3778 4769 3829 4819 is

1427 4875 1436 4882 .
1869 4877 1919 4882 ._
2055 4880 2060 4882 Α
2212 4874 2225 4882 .
2276 4874 2307 4882 ν.
2476 4872 2544 4882 .-
2635 4876 2647 4882 -
2776 4874 2786 4882 .
2847 4880 2853 4882 _
2920 4860 3407 4882 κημρημηωω-
3455 4858 3525 4882 ,η
3619 4857 3804 4882 μμ..-

400 4870 641 4971 brevior
667 4871 748 4940 (id
803 4872 905 4971 est)
953 4873 1189 4971 disemus
1245 4857 1508 4947 syneches
1562 4884 1806 4946 vocatur,
1865 4877 1923 4932 id
1979 4857 2070 4933 est
2172 4874 2407 4931 elatione
2433 4872 2564 4935 sint,
2596 4876 2740 4925 etes:
2767 4874 2885 4933 tua,
2907 4864 3112 4937 qutein
3136 4860 3407 4935 positione
3448 4858 3548 4924 sit,
3612 4857 3829 4928 copula.

1223 4967 1232 4971 -
1383 4965 1397 4971 -
1429 4965 1439 4971 .
1522 4967 1530 4971 _
1720 4965 1734 4971 -
2016 4965 2028 4971 -
2320 4962 2349 4971 η
2479 4961 2492 4971 .
3006 4969 3018 4971 ᾼ
3333 4964 3395 4971 ,μ
3426 4945 3703 4971 ,ΜΛ-Δ,-
3736 4953 3827 4971 ____

402 4960 770 5063 continuus.
794 4960 886 5063 vel.
936 4945 1336 5061 continuatus,
1383 4965 1478 5022 hic
1522 4945 1798 5039 'synecha
1872 4965 2068 5039 passio
2177 4972 2289 5021 tur.
2312 4961 2564 5034 Semplea:
2581 4973 2705 5015 vero
2734 4954 3021 5029 spondentis
3043 4952 3175 5017 erit,
3197 4950 3295 5023 qui
3324 4964 3395 5005 ea:
3422 4945 3705 5019 producta
3733 4953 3828 5000 tm

1051 5058 1058 5063 .
1245 5053 1266 5063 -
1297 5054 1309 5063 .
1371 5055 1381 5063 .
1457 5060 1467 5063 _
1557 5057 1567 5063 .
1644 5058 1654 5063 -
1882 5055 1926 5063 -.
1976 5057 2007 5063 μ
2287 5054 2295 5063 .
2528 5049 2559 5063 .-
2643 5049 2655 5060 ο
2691 5048 2702 5059 ο
2798 5045 2959 5063 η-.-ηΑ
2996 5042 3172 5063 --__:-..
3194 5054 3323 5063 η---
3384 5035 3713 5063 -.υηυι-η...
3782 5030 3825 5063 εδ

420 5055 682 5118 vocatur,
715 5049 772 5105 id
806 5052 1211 5117 est,continua
1240 5030 1602 5127 febris,(quia
1632 5058 1750 5129 ipsa
1777 5030 2071 5113 assiduitas
2178 5054 2295 5110 arsi
2322 5030 2491 5123 quam
2519 5049 2655 5106 thesi
2673 5045 2961 5120 jungitur)
2992 5042 3172 5115 major
3194 5054 3326 5095 vero
3383 5035 3738 5108 spondens,
3782 5030 3828 5086 id

421 5147 475 5196 et
491 5141 807 5241 frequentia
835 5140 1346 5241 compreltendentis
1360 5121 1677 5201 se'invicem
1699 5146 2074 5218 syllabze),nec
2181 5145 2271 5199 est
2298 5121 2672 5212 dispondaaus
2700 5134 2821 5209 (qui
2865 5127 3305 5206 quaternariam)
3361 5140 3472 5182 non
3515 5125 3703 5181 solum
3732 5121 3829 5177 els-

421 5230 885 5332 magnitudinem,
918 5230 1089 5332 idest
1118 5230 1534 5332 ppoxilitatem,
1567 5217 1821 5306 aliquam
1847 5252 1948 5292 nec
1965 5251 2077 5291 mo-
2182 5231 2405 5297 tionem,
2424 5228 2520 5284 sed
2545 5228 2711 5283 etiam
2733 5224 3093 5298 positionem,
3120 5218 3181 5275 id
3209 5220 3322 5285 est,
3365 5217 3497 5272 octo
3548 5217 3825 5285 temporc.

1391 5319 1402 5331 ο
1428 5321 1442 5332 ι
1488 5319 1521 5332 ιο
1600 5325 1609 5332 .
1943 5329 1951 5332 -
2018 5324 2029 5332 .
2232 5320 2276 5332 ,1
2317 5325 2329 5332 .
2484 5317 2498 5332 ι
2567 5317 2647 5332 I..,
2699 5331 2708 5332 κ
2771 5316 2871 5332 mh-
2911 5311 3153 5332 --.Αμ1....-
3184 5323 3314 5332 -.Αμρ
3355 5304 3411 5332 ελ
3447 5307 3535 5332 Αιιι
3593 5319 3703 5332 ..Α-
3741 5314 3825 5332 1-—

423 5318 557 5375 dum
573 5318 761 5375 divisae
782 5321 1089 5392 potestatis,
1141 5318 1299 5376 illius
1351 5319 1636 5389 videlicet,
1663 5304 1810 5396 ique
1870 5329 1961 5380 est
2014 5324 2076 5380 in
2183 5320 2405 5378 videtur
2423 5317 2730 5374 admittere.
2762 5316 2872 5371 Per
2899 5311 3158 5385 copulam
3181 5323 3336 5376 vero,
3355 5304 3415 5362 id
3444 5307 3561 5375 est,
3593 5319 3703 5377 per
3739 5314 3828 5373 μ’

494 5520 572 5593 (a)
616 5517 1004 5602 Sequentibus
1033 5534 1275 5577 sensum
1305 5518 1444 5602 dare
1473 5518 1708 5576 nullum
1755 5520 2077 5594 potuimus,
2187 5532 2321 5572 rum
2351 5513 2568 5587 pedum
2596 5510 2705 5568 sim
2752 5508 2954 5566 licium
2977 5504 3435 5566 etdissimilium
3468 5497 3823 5575 compositio:

460 5592 567 5648 deo
611 5605 812 5648 omnia
831 5594 973 5647 sunt
1001 5591 1315 5648 depravata
1336 5609 1394 5646 1n
1427 5592 2081 5648 anourauho.Aristides
2190 5586 2466 5648 periodus
2498 5599 2634 5642 vero
2664 5527 2949 5648 Dﬁlrium-
2980 5603 3012 5634 »

376 5646 381 5650 ,
423 5586 589 5674 adeo.
611 5586 812 5650 omnia
831 5594 973 5647 sunt
1001 5591 1315 5677 depravata
1336 5591 1394 5646 in
1427 5586 2081 5667 apographd.Aristides
2190 5586 2466 5662 periodus
2498 5599 2634 5642 vero
2664 5586 2949 5657 plurium.
2980 5603 3012 5634 »

423 5678 627 5737 paucis
677 5680 802 5725 rem
832 5660 1270 5735 complectitur:
1295 5686 1323 5715 «
1356 5662 1581 5741 τυζνγία
1605 5664 1815 5738 copula
1830 5669 1921 5723 est
1938 5666 2082 5722 duo-

370 5830 381 5835 -
491 5800 513 5837 \
