4018 6200
266 323 385 390 957

1740 342 1843 406 DE
1888 345 2197 411 MUSICA.

3550 346 3674 417 988

264 459 650 568 minutionem
675 469 927 568 duorum
966 474 1204 568 pedum,
1252 475 1493 550 duplices
1524 480 1783 538 accedunt
1808 498 1917 538 nu-
1944 483 2001 551 Α
2028 492 2209 565 thius,
2254 494 2721 568 propinquitatem
2762 493 3035 568 (aliquam
3079 508 3205 551 cum
3245 489 3481 550 iambico
3518 476 3684 565 pede’

263 554 426 620 meri,
459 554 518 611 id
548 558 660 625 est,
683 560 895 618 diversi
916 563 1128 636 pedes:
1158 566 1446 639 (quoniam
1469 571 1610 626 alter
1629 588 1699 627 ea:
1716 574 1924 646 majore

260 651 371 707 erit
399 650 597 722 ionico,
651 655 792 710 alter
809 669 881 709 ea:
924 657 1156 712 minore.
1198 658 1369 730 Atque
1412 659 1530 728 ille,
1576 663 1672 733 qui
1696 680 1770 718 ea:
1796 680 1922 719 ma-

243 740 386 811 jore
424 742 684 813 procedit,
733 747 1019 818 constabit)
1064 761 1135 803 ex
1174 749 1421 820 spondteo
1456 752 1703 824 simplici
1713 770 1735 815 ,·
1766 752 1921 809 scili-

262 832 355 884 cet
383 831 536 902 quod
567 832 627 888 in
661 833 946 908 principio
974 838 1123 893 duas
1148 837 1323 895 habet
1350 838 1601 912 longas,(
1631 843 1716 897 vel
1740 859 1926 914 proce-

260 917 598 989 leusmatico,
631 926 812 996 quem)
832 924 1125 993 disemum,
1155 926 1213 981 id
1239 932 1329 984 est
1354 929 1761 1000 Pyrrhichium
1783 933 1926 1005 duo:

257 1024 391 1063 rum
424 1011 688 1067 brevium
719 1016 1053 1086 temporum
1101 1017 1238 1089 (esse
1265 1033 1376 1074 non
1405 1018 1635 1075 dubium
1662 1021 1783 1094 est).
1818 1010 1922 1091 Qu'

256 1113 385 1155 vero
414 1115 484 1155 ex
511 1102 730 1157 minore
773 1111 876 1171 est,
908 1103 967 1158 id
1006 1107 1097 1159 est
1139 1104 1368 1162 ionicus
1408 1108 1622 1180 minor,
1657 1111 1757 1182 qui
1789 1097 1923 1167 con-

259 1191 378 1244 stat
419 1204 488 1245 ex
545 1190 882 1263 Pyrrhichio
942 1196 999 1249 et
1048 1195 1323 1265 spondmo
1377 1200 1720 1254 contrarium
1763 1204 1919 1273 facit,

253 1278 529 1351 quodque
574 1278 671 1335 ille
703 1280 881 1338 habet
926 1282 1207 1354 primum,
1257 1284 1367 1341 iste
1405 1285 1580 1343 habet
1620 1288 1918 1347 ultimum-

250 1366 447 1439 (Atque
474 1369 534 1422 hi
582 1370 825 1441 quideni)
870 1373 934 1428 in
978 1371 1244 1445 dactylico
1287 1391 1487 1446 genere
1526 1389 1828 1452 ponuntur,
1862 1382 1919 1437 id

248 1461 361 1524 est,
391 1457 451 1513 in
483 1459 697 1531 aequali
759 1460 1069 1535 divisione,
1102 1465 1261 1535 quod
1285 1466 1568 1538 aequalem
1600 1471 1923 1543 proportio-

253 1560 387 1601 nem
421 1546 665 1613 habent,
713 1551 967 1623 rhythmi
992 1557 1359 1627 incompositi,
1409 1556 1466 1611 id
1499 1562 1607 1627 est,
1642 1560 1820 1632 pedes
1850 1562 1921 1618 de

256 1634 503 1708 pedibus
520 1638 816 1707 dicuntur,
837 1640 1277 1712 quiescundum
1297 1646 1584 1704 rationem
1605 1665 1918 1706 numerum

253 1726 591 1797 pracedunt
614 1745 628 1796 ;
652 1728 1026 1801 incompositi
1051 1720 1281 1789 numeri
1303 1739 1461 1804 sunt,
1483 1736 1582 1808 qui
1607 1754 1676 1793 ex
1695 1735 1918 1795 eisdem

256 1813 504 1917 pedibus
526 1819 844 1929 Icompositi
898 1820 998 1893 qui
1029 1838 1097 1877 ex
1146 1822 1391 1880 diversis
1425 1826 1797 1900 junguntur;
1833 1830 1924 1901 (ac
1949 1864 1998 1929 B

253 1907 557 1975 compositi)
587 1910 685 1979 qui
709 1918 916 1981 septem
934 1928 1165 1969 numero
1200 1930 1384 1971 omnes
1412 1926 1593 1974 erunt.
1628 1919 1921 1993 (Dactylus

261 1992 437 2063 igitur
456 1999 538 2051 est
555 1997 749 2066 dictus,
782 2002 914 2071 quia
941 2000 1188 2059 ordinem
1214 2005 1561 2077 syllabarum
1582 1992 1923 2067 consimilem

259 2080 431 2151 digito
485 2085 724 2143 hominis
774 2089 1061 2162 informat)
1118 2093 1439 2166 Anapccstus
1492 2112 1639 2169 vero,
1700 2100 1923 2158 scilicet

260 2169 453 2228 dictus
481 2178 588 2244 est,
648 2178 778 2247 quia
834 2195 931 2237 ver
958 2181 1209 2238 ordinem
1264 2184 1451 2240 redeat
1496 2203 1734 2257 sursum,
1782 2207 1920 2247 ana-

256 2265 478 2349 pmstus
505 2279 541 2318 a
567 2265 740 2323 verbo
771 2264 1043 2337 ἆυαπάιω,
1074 2270 1186 2328 hoc
1214 2277 1306 2328 est
1335 2290 1572 2331 sursum
1602 2278 1793 2349 redeo,
1827 2279 1924 2336 ἀνά

255 2348 415 2405 enim
448 2350 642 2410 Graece
673 2371 911 2414 sursum
966 2358 1199 2416 dicitur.
1252 2364 1620 2435 Pyrrhichius
1660 2348 1808 2437 vero,
1840 2357 1925 2429 vel

250 2440 788 2533 proceleumaticus,
850 2447 1075 2504 scilicet
1128 2450 1323 2507 minor
1370 2452 1584 2522 dictus,
1625 2459 1765 2529 quod
1810 2462 1922 2533 (hic

252 2529 529 2622 assiduus,
555 2533 643 2622 vel
664 2536 725 2622 in
755 2538 1076 2606 certamine,
1110 2540 1218 2612 vel)
1267 2543 1329 2597 in
1362 2541 1495 2600 ludo
1520 2547 1757 2617 quodam
1787 2529 1920 2622 pue-

270 2618 392 2710 rili,
416 2620 515 2693 qui
537 2620 790 2698 Ηυῤῥίχη
814 2626 1091 2699 Pyrrhica
1104 2634 1361 2704 vocatur,
1383 2636 1724 2705 ponebatur.
1750 2618 1919 2710 spon-

250 2707 411 2765 daeus
459 2711 827 2782 sacriﬁcalis,
878 2732 912 2770 a
956 2717 1134 2773 verbo
1182 2721 1404 2792 spendo
1447 2721 1675 2795 σπένδω,
1728 2707 1797 2783 id
1830 2735 1919 2786 est

249 2798 550 2869 sacriﬁcio,
608 2802 936 2875 plerumque
1000 2808 1256 2876 inservit,
1313 2809 1535 2869 scilicet
1591 2817 1912 2875 sacriﬁciis.

250 2887 487 2979 lonicus,
536 2888 844 2963 insequalis
874 2893 1031 2965 (sane
1042 2901 1635 2969 propternumercrum
1673 2906 1917 2979 inaequa-

251 2975 361 3033 lem
386 2993 599 3045 sonum,
650 2980 809 3038 habet
851 2985 1002 3040 enim
1048 2985 1183 3043 duas
1230 2988 1427 3058 longas
1474 2991 1715 3064 duasque
1739 2975 1914 3053 corre-

244 3073 393 3137 ptas,
421 3083 524 3138 quo
546 3069 752 3158 pedum
774 3074 1044 3145 carmine)
1074 3076 1240 3133 multi
1255 3094 1399 3150 saepe
1424 3082 1743 3153 reprehensi
1757 3096 1908 3158 sunt,

247 3158 472 3244 veteres
501 3157 659 3214 enim
709 3160 768 3215 in
798 3160 1043 3220 theatris
1086 3181 1188 3237 per
1232 3167 1386 3223 hunc
1432 3171 1662 3241 pedem,
1708 3172 1766 3229 id
1797 3180 1907 3244 est,

247 3241 511 3301 ionicum
537 3247 1031 3319 reprehensibiles
1061 3255 1585 3326 reprehendebant.

322 3333 398 3388 Ac
423 3332 777 3427 deducti/lis,
811 3337 870 3394 id
901 3345 989 3396 est
1019 3341 1091 3398 de
1139 3342 1278 3410 illis,
1311 3346 1412 3418 qui
1463 3347 1680 3405 habent
1709 3351 1908 3425 dacty-

243 3418 426 3477 licam
458 3418 830 3495 divisionem,
866 3429 1003 3485 satis
1043 3430 1265 3489 scilicet
1306 3434 1565 3493 dictum:
1598 3456 1747 3495 nunc
1775 3418 1912 3496 iam-

246 3509 449 3600 bicam,
481 3512 538 3569 id
574 3519 665 3571 est
694 3515 935 3589 duplam
980 3536 1391 3593 memoremus;
1440 3527 1499 3581 in.
1530 3543 1658 3600 quo,
1690 3529 1911 3586 scilicet

242 3599 523 3673 iambico,
550 3619 747 3674 genere
772 3611 998 3664 numeri
1014 3611 1381 3684 incompositi,
1415 3615 1471 3670 id
1495 3599 1584 3672 est
1612 3616 1911 3691 simplices

244 3694 441 3746 errant
470 3698 723 3764 quatuor,
766 3695 823 3751 id
855 3701 964 3768 est,
1014 3699 1372 3773 discurrunt,
1404 3705 1704 3762 variantur
1734 3712 1792 3764 et
1820 3725 1911 3764 va-

244 3783 506 3872 gantur:
567 3788 852 3857 compositi
894 3787 999 3845 duo
1046 3806 1147 3862 per
1196 3795 1468 3866 copulam,
1518 3795 1576 3851 id
1607 3801 1717 3866 est,
1744 3816 1907 3872 syzy-

242 3867 408 3941 giam
430 3886 451 3925 :
480 3874 541 3927 ut
568 3889 693 3930 vero
719 3891 819 3946 per
838 3878 1148 3947 periodum,
1181 3881 1240 3936 id
1271 3887 1379 3953 est,
1411 3901 1512 3956 per
1541 3867 1908 3959 conjunctio-

243 3973 384 4049 nem
418 3960 738 4019 multorum
769 3966 1007 4036 pedum,
1056 3973 1197 4026 sunt
1224 3972 1554 4030 duodecim.
1606 3977 1711 4045 Qui
1736 3979 1910 4049 igitur

243 4048 602 4122 incompositi
649 4063 859 4121 errant,
918 4054 977 4111 id
1036 4061 1143 4125 est,
1199 4060 1560 4131 discurrunt,
1618 4066 1713 4121 isti
1752 4048 1902 4124 sunt.

242 4138 465 4195 Iambus
491 4156 562 4196 ea:
587 4141 820 4199 dimidia
843 4146 1100 4213 elatione,
1134 4147 1192 4203 id
1219 4154 1310 4205 est
1337 4167 1407 4206 ex
1430 4152 1587 4209 brevi
1622 4158 1902 4229 tempore,

243 4243 378 4299 qua;
408 4229 603 4288 brevis
632 4237 739 4299 est,
773 4237 826 4289 et
850 4236 1139 4309 positione,
1162 4238 1221 4293 id
1250 4242 1341 4295 est
1365 4241 1502 4313 arsi,
1537 4260 1657 4314 qua:
1684 4249 1907 4314 gemina

239 4320 345 4407 est.
380 4317 688 4390 (Trochteus
714 4337 786 4377 ea:
829 4323 1044 4395 duplici
1086 4328 1343 4400 elatione,
1392 4338 1443 4385 et
1480 4335 1751 4403 positione
1780 4352 1906 4407 quae

243 4405 433 4463 brevis
460 4410 587 4482 est.)
619 4410 844 4467 Orthius
873 4428 1018 4485 vero,
1051 4414 1269 4472 scilicet
1292 4434 1416 4490 pes,
1451 4419 1552 4492 qui
1581 4405 1809 4479 constat
1837 4442 1905 4482 ex

242 4496 523 4566 spondan
550 4503 608 4554 et
645 4499 1024 4574 dispondaeo;
1072 4504 1299 4562 orthius
1341 4501 1524 4582 ὄρθιος
1573 4511 1788 4570 dicitur
1812 4515 1903 4571 vel

2029 589 2266 657 quatuor
2292 587 2443 642 enim
2490 588 2689 659 primis
2729 586 3064 658 temporibus
3102 583 3173 640 ad
3223 583 3472 640 iambum
3498 598 3685 640 conso-

2027 679 2148 741 nat,
2180 675 2404 748 reliquis
2433 684 2545 734 octo
2585 677 2917 761 temporibus
2960 674 3277 747 adjunctis.)
3324 674 3397 730 Ut
3432 672 3587 729 enim
3619 673 3703 730 in.

2028 764 2225 822 iambo
2243 783 2428 821 unum
2450 768 2520 822 ad
2540 767 2655 823 duo
2672 766 2888 840 duplici
2909 764 3301 839 proportione,
3319 764 3401 820 ita
3414 763 3477 819 in
3494 763 3682 821 orthio

2032 872 2141 913 nu.
2175 857 2246 911 ad
2271 874 2394 911 vm.
2428 856 2487 912 in
2535 857 2738 912 eadem
2786 856 3160 928 proportione
3199 855 3551 928 junguntur.
3584 855 3686 910 De-

2032 945 2162 1002 hinc
2207 949 2435 1002 Croesus
2484 946 2733 1020 Χροῖσος,
2794 946 2895 1018 qui
2940 948 3169 1002 constat
3222 962 3292 1000 ex
3334 943 3585 1000 trochaeo
3628 946 3687 1000 et

2031 1034 2383 1103 ditrocbaao;
2436 1039 2664 1091 Crcssus
2712 1039 2968 1102 vocatur,
3019 1036 3175 1106 quod
3223 1033 3443 1107 placuit
3487 1035 3682 1091 Croeso

2031 1124 2153 1197 regi
2184 1126 2495 1198 Lydorum.
2551 1124 2609 1180 Si
2665 1127 2860 1180 autem
2914 1125 3204 1181 trochaeus
3259 1125 3434 1180 fuerit
3470 1122 3683 1190 dictus,

2031 1219 2097 1270 ut
2125 1214 2365 1287 plurimi
2396 1215 2624 1271 codices
2670 1215 2907 1281 habent,
2939 1220 3079 1271 tunc
3127 1232 3161 1271 a
3202 1215 3454 1271 trocheo
3492 1213 3684 1269 dictus

2030 1303 2163 1369 erit,
2196 1304 2297 1377 qui
2338 1305 2698 1361 semanticus
2743 1304 2980 1371 dicitur,
3011 1304 3069 1360 id
3108 1308 3197 1360 est
3237 1303 3496 1372 tardior;
3529 1303 3681 1376 quod

2030 1397 2308 1459 arctetur,
2342 1393 2666 1468 stringatur
2694 1411 2799 1467 per
2830 1393 3123 1466 copulam,
3158 1392 3218 1449 id
3247 1396 3338 1449 est
3365 1393 3683 1467 syzygiam.

2030 1482 2358 1555 (Trochazus,
2417 1486 2517 1557 qui
2570 1486 2901 1541 semantz'cus
2954 1484 3182 1551 dicitur,
3243 1483 3301 1538 id
3354 1490 3455 1549 est,
3504 1483 3600 1554 qui
3635 1489 3690 1539 et

2027 1576 2307 1630 contrario
2359 1583 2470 1631 octo
2514 1576 2710 1646 primis
2755 1574 3125 1644 positionibus
3167 1576 3407 1629 constet:
3453 1573 3686 1644 reliquis

2028 1665 2089 1719 in
2136 1665 2435 1720 elationem
2478 1668 2713 1737 quatuor
2770 1663 3019 1719 brevibus
3071 1670 3335 1719 arctetur.
3393 1662 3689 1734 Compositi

2027 1768 2160 1809 sane
2183 1756 2333 1819 sunt,
2366 1756 2463 1825 qui
2503 1770 2604 1826 per
2647 1754 2899 1825 copulam
2946 1753 3300 1825 colliguntur.
3332 1751 3473 1808 Sunt
3498 1755 3686 1807 autem

2029 1842 2109 1913 hi)
2166 1845 2452 1910 Bacchius,
2504 1845 2601 1915 qui
2654 1859 2728 1898 ea:
2790 1842 3022 1899 trochwo
3076 1842 3295 1899 deducit
3356 1841 3687 1913 auspicium,

2031 1930 2288 2001 initium,
2343 1934 2454 2005 ﬁne
2524 1932 2732 2005 (autem
2798 1933 3027 1989 iambici
3091 1931 3521 2003 terminatur)...
3583 1946 3687 2003 pro

2032 2024 2309 2096 perfecto,
2342 2023 2496 2095 apud
2538 2026 2765 2079 Graecos
2813 2020 2960 2096 ἀρχὴ
2996 2024 3053 2077 et
3091 2017 3275 2092 τὲλος,
3314 2021 3423 2078 hoc
3466 2024 3556 2077 est
3583 2020 3693 2077 ini-

2028 2113 2179 2169 tium
2209 2116 2267 2169 et
2314 2113 2468 2183 ﬁnis,
2521 2113 2605 2170 sic
2653 2113 2807 2185 apud
2861 2112 3099 2169 Latinos
3149 2111 3284 2167 ﬁnis
3332 2127 3449 2167 non
3493 2111 3688 2167 solum

2030 2203 2209 2258 ﬁnem
2240 2202 2552 2274 signiﬁcat,
2602 2203 2703 2259 sed
2734 2203 2910 2258 etiam
2958 2201 3213 2258 initium.
3255 2200 3466 2272 Incipit
3489 2199 3690 2271 itaque

2031 2292 2309 2348 bacchius
2340 2309 2409 2348 ex
2453 2293 2686 2348 duabus
2712 2291 2904 2363 longis
2952 2290 3142 2346 instar
3185 2289 3442 2355 trochaei,
3484 2289 3690 2344 ﬁnitur

2033 2384 2228 2436 autem
2284 2398 2404 2436 una
2447 2380 2606 2437 brevi
2664 2381 2736 2436 ad
2780 2379 3232 2436 similitudinem
3287 2377 3444 2444 ﬁnis,
3495 2377 3553 2433 id
3599 2381 3690 2434 est

2032 2468 2305 2542 principii
2334 2470 2590 2527 iambici.
2637 2471 2745 2539 Qui
2788 2485 2914 2525 vero
2959 2467 3344 2525 Antibacchius
3384 2475 3482 2533 est,
3518 2466 3576 2522 id
3600 2471 3691 2524 est

2030 2559 2414 2631 antispastus,
2465 2560 2552 2631 (ab
2598 2560 2775 2616 iambo
2818 2560 3099 2631 principia
3142 2559 3398 2624 sortitur,
3439 2559 3624 2628 atque)
3653 2574 3688 2613 a

2027 2650 2309 2705 contrario
2338 2649 2444 2714 his,
2489 2648 2548 2704 id
2607 2653 2696 2705 est
2744 2647 2987 2704 bacchio
3043 2651 3101 2703 et
3148 2647 3369 2713 iambo,
3426 2646 3578 2719 (quos
3607 2646 3689 2701 di-

2026 2740 2214 2793 ximus
2268 2737 2494 2810 pedibus
2550 2739 2875 2810 optabitur).
2934 2740 3045 2793 Per
3089 2736 3381 2809 periodum
3426 2751 3556 2792 vero
3585 2743 3683 2803 est,

2026 2827 2250 2884 scilicet
2307 2827 2560 2901 syzygia,
2616 2827 2764 2899 quod
2816 2829 2967 2883 velut
3018 2843 3121 2899 per
3163 2842 3219 2882 se
3273 2828 3481 2883 certam
3538 2826 3689 2881 viam

2020 2916 2294 2987 pervenit,
2344 2916 2403 2971 id
2457 2920 2564 2983 est,
2615 2916 2944 2988 procurrit;
2997 2917 3139 2972 ordo
3187 2918 3296 2981 est,
3347 2913 3501 2987 quod
3550 2929 3686 2986 pro-

2023 3003 2181 3061 venit
2224 3008 2444 3061 certam
2502 3006 2655 3061 viam
2707 3006 2866 3061 velut
2919 3022 3022 3078 per
3074 3020 3157 3061 se.
3202 3005 3263 3060 In
3320 3004 3420 3060 hoc
3466 3016 3686 3075 genere,

2020 3095 2077 3155 id
2111 3098 2201 3150 est
2230 3110 2334 3166 per
2389 3094 2718 3167 periodum,
2775 3112 2901 3152 cum
2950 3096 3066 3151 sint
3114 3094 3416 3161 duodecim,
3465 3092 3690 3149 scilicet

2023 3184 2222 3255 pedes,
2282 3200 2532 3249 numero,
2592 3188 2850 3256 quatuor,
2923 3184 3149 3240 scilicet
3212 3183 3409 3254 pedes,
3469 3182 3687 3253 quidem

2022 3288 2122 3343 per
2147 3272 2400 3341 singulas
2453 3273 2708 3340 periodos
2763 3275 3012 3345 accipere
3065 3272 3307 3337 docetur,
3352 3269 3575 3326 scilicet
3616 3271 3689 3325 ab

2019 3361 2150 3432 ipsa
2178 3365 2320 3429 arte,
2360 3378 2535 3416 unum
2592 3362 2843 3418 iambum
2893 3378 2958 3417 ac
3006 3365 3114 3416 tres
3172 3349 3693 3430 trochaeos.'(Acde

2020 3448 2238 3505 hisdem
2266 3454 2501 3521 quatuor
2521 3452 2774 3522 primum
2820 3449 3057 3523 quidem,
3110 3449 3256 3521 quod
3298 3447 3543 3504 iambum
3583 3446 3687 3503 ha-

2021 3538 2145 3596 bere
2189 3540 2551 3611 monstratur)
2598 3540 2868 3597 trochaeus
2922 3541 2995 3595 ab
3042 3537 3220 3594 iambo
3271 3537 3684 3609 denominatur,

2019 3627 2079 3683 id
2136 3632 2226 3684 est
2279 3627 2519 3685 trochaei
2573 3629 2647 3685 ab
2723 3629 2918 3685 iambo
2972 3627 3341 3685 inchoantes.
3399 3628 3506 3684 Ille
3564 3644 3695 3684 vero

2016 3717 2326 3790 rhythmus,
2379 3718 2475 3791 qui
2528 3720 2721 3791 recipit
2787 3720 3033 3774 iambum
3084 3717 3407 3788 secundum,
3467 3717 3525 3771 id
3562 3718 3675 3773 'est

2018 3807 2275 3864 secundo
2330 3807 2478 3875 loco,
2509 3825 2544 3863 a
2599 3807 2850 3864 bracchio
2901 3808 3171 3864 trochaeus
3223 3805 3523 3863 vocabitur.
3566 3806 3675 3875 Qui

2015 3912 2142 3953 vero
2196 3897 2441 3953 iambum
2496 3900 2737 3965 tertium,
2796 3897 2855 3952 id
2904 3901 2993 3953 est
3043 3896 3215 3952 tertio
3272 3895 3397 3952 loco
3449 3895 3667 3968 recipit,

2016 3984 2271 4040 bacchius
2295 4002 2329 4041 a
2385 3985 2613 4042 trochaeo
2666 3988 2865 4058 poterit
2907 3987 3212 4043 nominari.
3270 3985 3380 4043 Ille
3418 4001 3545 4043 vero
3573 3985 3670 4058 qui

2015 4077 2300 4146 quartum,
2330 4074 2387 4129 id
2417 4078 2525 4143 est,
2576 4075 2676 4147 qui
2711 4078 2921 4147 quarto
2967 4075 3094 4132 loco
3124 4074 3368 4132 admittit
3395 4075 3664 4142 iambum,

2013 4163 2335 4234 appellatur
2359 4164 2611 4235 epitritus
2639 4164 2879 4220 iambus.
2928 4167 3131 4222 Eorum
3175 4182 3320 4232 vero,
3352 4164 3574 4221 scilicet
3603 4165 3661 4219 in

2015 4250 2228 4323 quibus
2256 4249 2507 4307 volvitur
2535 4251 2824 4310 trochaeus
2867 4254 3021 4310 inter
3046 4254 3292 4320 iambos,
3338 4255 3436 4325 qui
3456 4269 3527 4309 ea:
3552 4268 3664 4308 uno

2013 4341 2244 4396 trochaeo
2290 4341 2453 4411 ﬁunt,
2497 4341 2725 4414 primus
2766 4343 3000 4399 iambus
3038 4360 3073 4398 a
3117 4342 3368 4399 trochaeo
3411 4339 3667 4412 appella-

2012 4431 2129 4484 tur.
2162 4427 2460 4501 (Secundus
2505 4432 2719 4487 iambus
2768 4449 2803 4487 a
2849 4431 3069 4487 bacchio
3114 4430 3319 4486 dicitur
3334 4447 3357 4492 ;
3387 4432 3483 4486 aut
3521 4433 3666 4485 certe

2013 4517 2266 4575 bacchius
2296 4518 2507 4574 medius
2535 4521 2740 4589 poterit
2778 4521 3092 4592 appellari).
3127 4521 3234 4589 Qui
3259 4534 3388 4575 vero
3416 4519 3660 4585 tertium,

160 4636 165 4641 .
241 4586 419 4681 quasi
449 4588 689 4681 reoitus,
721 4592 875 4681 quod
906 4584 1066 4668 ὄρθον
1099 4594 1291 4651 Graece
1334 4606 1540 4655 rectum
1568 4599 1783 4658 dicitur
1809 4603 1901 4661 vel
1930 4610 1978 4675 Β
2009 4606 2230 4664 scilicet
2274 4584 2623 4675 trochaeum,
2674 4584 2893 4681 recipit,
2942 4584 3194 4666 bacchius
3240 4608 3311 4665 ab
3339 4608 3521 4665 iambo
3563 4624 3663 4666 no-

241 4675 417 4746 quasi
449 4681 641 4734 rectus
663 4678 740 4751 (a)
770 4679 828 4736 id
860 4684 950 4737 est
976 4682 1279 4755 honestus,
1313 4687 1496 4744 orcita
1524 4689 1680 4746 enim
1710 4693 1902 4751 Graece

240 4763 387 4820 item
434 4765 652 4823 dicitur
707 4768 976 4840 honestas,
1053 4774 1151 4845 qui
1202 4789 1273 4831 ea:
1331 4780 1626 4846 tetrasemi,
1682 4781 1906 4839 scilicet

239 4851 400 4945 sicut
428 4858 520 4912 est
563 4859 899 4930 spondeus,
922 4862 1175 4934 elatione,
1200 4864 1258 4920 id
1287 4870 1368 4923 est
1385 4869 1521 4937 arsi,
1545 4873 1599 4924 et
1626 4873 1899 4945 octasemi,

239 4940 306 4997 id
367 4948 458 5001 est
512 4949 641 5003 octo
696 4952 1052 5023 temporum,
1116 4951 1271 5009 sicut
1326 4959 1416 5012 est
1464 4940 1900 5029 proceleusma;

241 5029 400 5089 ticus
446 5037 506 5091 et
560 5034 969 5110 dispondmus:
1035 5037 1214 5117 ὀρδοώ
1262 5048 1390 5113 octo
1438 5046 1731 5119 (positione
1770 5066 1902 5107 con-

236 5120 429 5191 stabit,
488 5125 571 5181 ita
638 5131 704 5183 ut
776 5128 1058 5187 duodecim
1131 5139 1381 5206 tempora
1434 5138 1525 5192 hic
1592 5153 1693 5210 pes
1759 5156 1903 5196 rece-

236 5212 389 5285 pisse
460 5214 755 5291 videatur).
833 5220 1026 5292 Atque
1077 5222 1255 5291 habet,
1333 5224 1555 5283 scilicet
1627 5228 1753 5299 ipse
1807 5246 1901 5286 or-

316 5374 394 5445 (a)
425 5375 746 5459 Undehmc
789 5378 1122 5461 desumpta,
1166 5381 1493 5468 incertum,_
1528 5402 1717 5459 neque
1745 5388 1901 5445 enim

242 5443 561 5532 ﬁrmaiest
592 5453 707 5532 ista
744 5450 1190 5532 v9x._Prmren1
1229 5453 1668 5532 explicationem
1696 5460 1905 5532 probat

243 5515 576 5604 He‘rpdqtup
598 5516 700 5574 lib.
724 5536 764 5585 ι,
780 5522 952 5592 juxta
967 5538 1140 5604 quem
1162 5515 1339 5604 ὄρριῲ
1359 5541 1592 5604 carmen
1615 5515 1724 5602 est‘,
1747 5515 1899 5604 quod

242 5585 663 5672 sublatissima
673 5574 1171 5672 _y656_‘é§x§dijii~.
1195 5574 1903 5672 "EéE'BihBViZ

242 5674 314 5716 ex
345 5660 619 5719 Aristidis
647 5662 749 5721 lib.
783 5682 801 5721 ι
833 5664 905 5723 de
933 5666 1157 5726 Musica
1179 5667 1490 5746 desumpta
1527 5678 1686 5732 sunt.

2010 4698 2280 4754 minatur.
2336 4698 2441 4767 Qui
2488 4712 2611 4754 vero
2660 4702 2941 4771 quartum,
2999 4698 3057 4753 id
3116 4701 3205 4754 est
3259 4701 3467 4771 quarto
3512 4697 3661 4766 loco,

2012 4786 2210 4858 recipit
2239 4787 2553 4857 trochaeum,
2603 4788 2869 4857 epitritus
2917 4787 3194 4846 trochaeus
3232 4788 3559 4860 appellatur,
3601 4787 3662 4843 id

2012 4879 2122 4947 est,
2173 4882 2303 4948 post
2348 4880 2467 4933 tres
2515 4875 2744 4932 iambos
2790 4876 3101 4933 trochmus.
3161 4878 3285 4934 Octo
3325 4893 3474 4947 vero,
3514 4875 3666 4933 scili-

2012 4967 2101 5020 cet
2130 4964 2206 5036 (b)
2238 4964 2616 5037 perdiximus.
2668 4965 2938 5037 (Quatuor
2986 4966 3052 5022 de
3077 4967 3181 5035 his,
3220 4982 3352 5040 quos
3380 4964 3668 5022 duodecim

2013 5053 2287 5119 diximus,
2314 5069 2418 5126 per
2468 5053 2759 5127 periodum
2789 5055 2881 5111 illi
2932 5072 3044 5113 esse
3072 5056 3356 5123 dicuntur,
3387 5054 3485 5126 qui
3511 5054 3666 5109 binos

2010 5142 2273 5199 trochceos
2298 5150 2467 5215 atque
2495 5143 2706 5199 iambos
2730 5160 2837 5215 per
2878 5144 3177 5217 periodum
3203 5150 3440 5199 servant.
3472 5141 3663 5213 Atque)

2011 5232 2128 5303 ille,
2159 5233 2258 5305 qui
2290 5233 2502 5304 primos
2548 5232 2808 5289 trochaeos
2852 5234 3044 5306 recipit
3088 5232 3307 5290 scilicet
3344 5234 3478 5288 ante
3516 5232 3665 5288 duos

2080 5392 2152 5464 (b)
2182 5394 2313 5448 Haec
2344 5409 2460 5464 non
2512 5392 2821 5464 cohaerent,
2872 5409 2977 5449 nec
3018 5409 3087 5449 ex
3135 5391 3446 5464 Meibomio
3477 5391 3667 5463 major

2011 5480 2203 5536 nexus
2245 5468 2347 5519 aut
2393 5463 2609 5536 clarior
2649 5480 2861 5520 sensus
2902 5463 3103 5520 haberi
3151 5467 3361 5536 potest.
3410 5463 3497 5519 Ita
3533 5479 3667 5519 vero

2011 5550 2080 5591 ex
2109 5535 2371 5607 Aristide
2412 5535 2724 5607 legendum
2756 5552 3103 5607 censemus.
3156 5535 3178 5607 in
3208 5535 3486 5607 Quatuor
3510 5550 3663 5601 vero,

2012 5607 2113 5679 qui
2141 5606 2312 5679 binos
2359 5605 2577 5663 habent
2622 5606 2949 5679 trochaaos,
2977 5612 3035 5663 et
3060 5606 3303 5679 totidem
3351 5605 3601 5677 iambos,
3639 5629 3662 5657 ι

2011 5678 2147 5751 etc.,
2180 5678 2264 5739 ita
2288 5681 2353 5737 ut
2377 5683 2493 5737 octo
2522 5695 2646 5738 vero
2697 5679 2758 5739 in
2787 5678 3070 5739 Martiano
3101 5678 3380 5737 abundet.
