4018 6200
270 491 374 550 973

1427 500 1835 562 EPISTOL/E
1880 502 1981 563 ET
2024 505 2497 574 PRIVILEGIA.

3547 538 3663 597 974

268 618 369 675 lica
395 622 668 694 accepisti
700 625 857 693 sede,
888 626 1122 698 scriptis
1153 630 1416 698 ostende,
1460 636 1517 687 et
1549 648 1655 687 nos
1683 633 1894 689 iterum
1926 637 1981 701 Α
2011 640 2092 707 re)
2118 640 2478 700 deservimus
2498 648 2776 716 ecclesiae,
2800 656 2859 707 et
2878 653 3030 709 inter
3046 655 3336 716 afﬁnesab
3350 664 3664 724 unolatere

268 710 733 768 conﬁrmabimus
766 713 871 768 tibi
894 715 964 770 de
986 717 1190 772 eodem
1216 720 1568 775 monasterio
1595 722 1900 793 scriptum.

266 797 692 867 Verumtamen,
727 801 775 857 si
807 803 1029 876 absque
1061 807 1336 862 seandalo
1357 807 1554 880 ipsum
1578 815 1743 880 potes
1766 810 1907 866 reci-

266 902 385 957 pere
416 890 863 960 monasterium,
896 893 1053 949 salvo
1084 894 1403 967 apostolico
1436 898 1591 968 jure,
1623 899 1815 971 recipe
1846 904 1907 955 et

268 991 357 1031 ora
383 993 486 1048 pro
519 978 709 1035 nobis.

1033 1090 1129 1146 III.

264 1187 626 1231 PRIVIGELIUM
684 1192 874 1232 SERGII
933 1194 1095 1233 PAPzE
1153 1196 1215 1234 III
1266 1198 1377 1237 PRO
1422 1162 1686 1239 'ECCLESIA
1728 1199 1904 1239 SILVE

933 1266 1222 1306 CAMDIDIE.

892 1338 1078 1410 (Anno
1108 1340 1261 1412 904.)
1314 1384 1317 1387 .

500 1443 689 1513 [Apud
716 1442 966 1515 Ughelli,
1021 1446 1181 1500 Italia
1225 1463 1403 1518 sacra,
1438 1449 1479 1516 Ι,
1514 1449 1650 1521 91.].

324 1546 567 1602 SERGIUS
587 1548 918 1619 episcopus,
944 1565 1147 1607 servus
1164 1567 1464 1609 servorum
1491 1555 1615 1621 Dei,
1646 1555 1901 1613 dilectis-

260 1634 397 1689 simo
428 1650 493 1690 ac
525 1636 895 1693 sanctissimo
946 1639 1367 1712 IIILDEBRANDO,
1395 1644 1559 1698 fratri
1594 1648 1652 1700 et
1700 1645 1902 1717 coepi-

258 1738 420 1795 scopo
452 1729 649 1779 nostro
679 1730 892 1781 sanctas
916 1726 1082 1783 Silvae
1106 1728 1394 1798 Candida,
1431 1737 1487 1787 et
1508 1749 1610 1804 per
1636 1738 1689 1789 te
1721 1734 1779 1788 in
1802 1750 1898 1791 eo-

257 1812 378 1867 dem
406 1814 719 1869 venerabili
751 1816 1047 1889 episcopio
1077 1818 1316 1891 tuisque
1366 1823 1807 1878 successoribus
1837 1823 1896 1879 in

256 1905 612 1973 perpetuum.
746 1918 749 1919 '

319 1992 594 2047 Convenit
612 1993 929 2064 apostolico
952 1996 1339 2052 moderamini
1362 1999 1459 2070 pia
1476 1999 1753 2072 religione
1776 2001 1894 2073 pol-
1923 2003 1971 2068 B

254 2078 501 2136 lentibus
532 2082 810 2138 benevola
859 2085 1266 2156 compassione
1313 2104 1671 2155 succurrere,
1702 2095 1759 2144 et
1790 2107 1890 2161 po-

251 2169 533 2223 scentium
564 2169 777 2224 animis
810 2171 988 2227 alacri
1019 2173 1326 2229 devotione
1370 2176 1657 2248 impertiri
1690 2194 1892 2234 assen-

210 2251 215 2256 ’
248 2273 393 2311 sum.
423 2258 501 2312 Ex
521 2257 630 2313 hoc
650 2258 804 2313 enim
828 2259 971 2315 lucri
998 2262 1380 2331 potissimum
1404 2266 1713 2335 praemium
1736 2268 1890 2338 apud

247 2346 598 2401 conditorem
627 2348 893 2402 omnium
914 2348 1097 2404 Deum
1121 2352 1442 2423 reponitur,
1470 2354 1703 2424 quando
1725 2371 1891 2410 vene-

245 2433 445 2489 rabilia
466 2434 591 2490 loca
611 2440 937 2507 opportune
960 2437 1229 2495 ordinata
1249 2441 1319 2495 ad
1344 2440 1647 2497 meliorem
1673 2444 1904 2515 fuerint,

243 2522 365 2577 sine
394 2523 573 2579 dubio
604 2528 825 2579 statum
856 2526 1156 2597 perducta,
1191 2531 1248 2583 et
1289 2528 1418 2585 ideo
1449 2530 1889 2588 considerantes

240 2610 651 2667 desolationem
669 2612 922 2669 ecclesiae
945 2614 1044 2670 SS.
1068 2615 1290 2671 Ruﬁnaa
1328 2622 1385 2673 et
1426 2618 1727 2687 Secundae,
1760 2638 1887 2692 quae

238 2698 562 2770 appellatur
590 2700 744 2755 Silva
769 2702 1047 2772 Candida,
1081 2720 1260 2775 quam
1295 2722 1470 2778 passa
1500 2712 1590 2763 est
1617 2725 1652 2763 a
1683 2709 1885 2765 nefan-

236 2787 478 2843 dissima
497 2792 947 2846 Sarracenorum
969 2797 1160 2863 gente,
1186 2794 1340 2849 sicut
1370 2795 1541 2851 ruina
1564 2797 1754 2868 ipsius
1772 2798 1885 2854 loci

236 2878 499 2945 testatur,
531 2881 589 2932 et
618 2878 803 2950 plebs,
837 2884 1013 2950 atque
1060 2881 1277 2938 casalia
1315 2900 1443 2955 quae
1485 2902 1631 2957 pene
1661 2886 1885 2958 absque

234 2965 500 3037 agricolis
520 2970 577 3022 et
598 2966 1024 3025 habitatoribus
1058 2986 1187 3027 esse
1224 2977 1569 3041 noscuntur,
1607 2975 1680 3030 ob
1714 2976 1883 3032 resti-

231 3054 513 3110 tutionem
536 3060 593 3111 et
611 3057 1038 3127 reparationem
1065 3059 1216 3115 sacri
1240 3060 1350 3116 loci
1380 3062 1589 3133 ipsius.
1615 3069 1672 3119 et
1692 3082 1881 3121 reme-

231 3142 391 3198 dium
414 3144 623 3199 animae
649 3149 857 3201 nostrae
882 3148 1282 3219 concedimus,
1307 3150 1554 3231 tibique,
1574 3151 1880 3209 fraterHil-

230 3231 543 3302 debrande,
576 3234 889 3289 venerabili
923 3235 1218 3308 episcopo,
1247 3242 1304 3293 et
1349 3255 1450 3309 per
1496 3244 1552 3295 te
1582 3238 1640 3295 in
1674 3242 1876 3297 eadem

226 3320 284 3375 S.
321 3320 574 3378 Ecclesia
604 3323 664 3377 in
693 3328 1061 3395 perpetuum,
1097 3342 1356 3381 massam
1389 3344 1517 3398 qua:
1549 3328 1878 3401 appellatur

217 3409 500 3478 Caesarea,
534 3412 595 3466 in
627 3410 918 3483 integrum
942 3430 1075 3469 cum
1110 3414 1329 3482 fundis,
1365 3416 1585 3472 colonis
1617 3418 1741 3473 suis
1772 3419 1872 3490 qui

212 3499 591 3571 appellantur
622 3500 906 3570 Furculae,
933 3503 1373 3571 Tondilianum,
1408 3505 1825 3563 Martinianum
1853 3526 1866 3577 ;

208 3587 355 3644 item
388 3588 676 3645 coloniam
708 3592 779 3645 de
807 3591 1053 3659 Solario,
1087 3597 1143 3648 et
1175 3594 1460 3649 coloniam
1511 3596 1582 3651 de
1613 3596 1867 3665 Cortina,

203 3682 388 3749 atque
408 3677 696 3734 coloniam
720 3680 791 3735 de
815 3680 1107 3752 Gradolfo,
1123 3686 1178 3737 et
1194 3682 1483 3739 coloniam
1503 3686 1574 3740 de
1588 3686 1864 3755 Micinno,

198 3764 500 3822 coloniam
524 3768 596 3822 de
618 3767 798 3840 Valle,
834 3786 937 3824 seu
977 3769 1266 3826 coloniam
1307 3773 1378 3829 de
1407 3774 1665 3829 Fontana
1688 3780 1745 3830 et
1772 3792 1864 3831 co-

191 3853 424 3910 Ioniam
448 3856 518 3911 de
538 3856 771 3928 Sancto,
796 3857 1082 3913 coloniam
1105 3859 1176 3914 de
1198 3860 1532 3929 Corilliano,
1560 3879 1784 3919 necnon
1807 3868 1866 3921 et

188 3942 495 4000 eoloniam
518 3945 589 4001 de
611 3944 897 4001 Castanea
920 3962 1087 4018 cupa,
1111 3946 1402 4004 coloniam
1436 3952 1506 4006 de
1528 3950 1777 4029 Cabellis
1808 3958 1865 4009 et

186 4032 265 4087 de
288 4031 563 4104 Caesario,
598 4034 721 4089 sive
751 4034 1207 4106 quibuscunque
1238 4036 1367 4093 aliis
1396 4040 1696 4096 vocabulis
1718 4059 1864 4096 nun-

184 4126 510 4193 cupentur,
543 4138 679 4177 cum
712 4122 884 4189 casis,
915 4122 1124 4193 vineis,
1158 4125 1477 4193 casalibus,
1509 4144 1610 4183 seu
1644 4146 1859 4200 appen-

182 4208 391 4275 diciis,
426 4227 492 4265 ac
524 4226 659 4265 cum
690 4211 964 4266 omnibus
986 4210 1226 4278 ﬁnibus,
1250 4214 1519 4269 terminis
1540 4215 1858 4274 limitibus-

183 4315 308 4369 que
340 4299 491 4366 suis,
520 4300 714 4367 terris,
750 4299 998 4371 campis,
1031 4301 1235 4372 pratis,
1270 4302 1525 4372 pascuis,
1559 4304 1742 4372 silvis,
1770 4323 1859 4362 sa-

178 4385 373 4454 lictis,
410 4388 717 4444 arboribus
748 4388 1073 4460 pomiferis,
1124 4390 1439 4447 fructiferis
1469 4392 1556 4448 vel
1588 4393 1857 4450 infructi-

177 4474 335 4530 feris
363 4476 578 4532 diversi
608 4477 866 4549 generis,
896 4478 1109 4550 puteis,
1155 4479 1437 4543 fontibus.
1493 4482 1653 4549 rivis,
1686 4484 1855 4555 aquis

173 4564 576 4635 perennibus,
598 4564 879 4631 aediﬁciis,
896 4565 1224 4637 parietinis,
1239 4568 1522 4623 arenariis
1536 4570 1852 4640 adjunctis,

172 4652 719 4725 adjacentibusque
764 4653 910 4724 suis,
966 4670 1100 4709 cum
1158 4654 1403 4711 ecclesia
1461 4673 1586 4728 quae
1618 4662 1855 4715 vocatur

2012 730 2168 817 terra
2198 734 2620 791 monasterium
2662 739 2719 793 S.
2755 740 3035 812 Stephani
3082 748 3236 817 quod
3268 757 3506 809 vocatur
3538 756 3664 812 Ma-

2006 813 2103 907 j_or
2123 833 2155 871 a
2176 822 2230 871 S.
2256 819 2443 891 Petro,
2466 828 2522 877 et
2557 842 2591 879 a
2625 829 2879 884 secundo
2903 813 3291 907 latere—silva,
3330 844 3388 894 et
3408 844 3563 898 terra
3593 845 3666 901 de

2012 903 2235 961 Joanne
2267 908 2678 981 Grammatico,
2713 920 2769 971 et
2800 935 2833 973 a
2863 921 3032 977 tertio
3064 921 3244 981 latere
3274 943 3411 998 pars
3430 931 3667 990 torricia

2017 993 2251 1063 Donica,
2282 1003 2338 1052 et
2368 1016 2401 1053 a
2433 1007 2641 1071 quarto
2670 1002 2850 1061 latere
2880 1024 3078 1066 massa
3108 993 3407 1085 Elodiana,
3452 1036 3485 1074 a
3513 1037 3665 1092 prae-

2014 1084 2166 1138 senti
2188 1089 2387 1142 octava
2408 1088 2726 1148 indictione
2746 1094 2852 1151 tibi
2874 1098 3111 1171 tuisque
3140 1084 3581 1166 successoribus
3602 1111 3663 1167 in

2012 1172 2216 1228 eodem
2238 1178 2553 1234 venerabili
2577 1181 2870 1254 episcopio
2893 1187 3663 1267 donamus,largimur,con-

2013 1260 2277 1319 cedimus
2307 1269 2364 1321 et
2393 1268 2727 1327 stabilimus
2757 1276 3093 1345 perenniter
3112 1279 3171 1334 in
3198 1260 3390 1339 usuwet
3410 1260 3662 1346 utilitate

2012 1347 2201 1420 ipsius
2230 1356 2578 1413 venerabilis
2598 1358 2875 1434 episcopii
2909 1369 2967 1421 et
2987 1367 3393 1441 episcoporum
3424 1376 3524 1447 qui
3555 1394 3661 1449 pro

2008 1441 2271 1511 tempore
2294 1443 2531 1512 fuerint,
2568 1449 2649 1504 ita
2664 1452 2859 1507 tamen
2883 1457 2946 1508 ut
2968 1457 3326 1525 quotidianis
3347 1441 3661 1522 diebus-sa-

2010 1528 2291 1599 cerdotes,
2316 1536 2373 1588 et
2394 1533 2583 1591 clerici
2606 1537 2793 1609 ipsius
2824 1540 3079 1599 ecclesiae
3114 1562 3216 1616 pro
3253 1553 3510 1608 remedio
3532 1555 3661 1610 ani-

2010 1632 2117 1670 ma:
2150 1624 2362 1675 nostrae
2394 1621 2649 1680 clament
2672 1626 2731 1681 in
2764 1630 2965 1685 eadem
3006 1631 3252 1691 ecclesia
3298 1644 3535 1697 centum
3563 1644 3659 1699 Ki-

2007 1705 2091 1757 rie
2118 1706 2340 1775 eleison,
2371 1714 2428 1764 et
2457 1716 2692 1768 centum
2726 1715 2937 1772 Christe
2984 1719 3208 1789 elcison,
3241 1728 3297 1779 et
3327 1731 3659 1787 sacerdotes

2007 1809 2203 1850 sacras
2225 1795 2550 1856 oblationes
2572 1801 2629 1855 in
2649 1803 2965 1861 missarum
2987 1808 3289 1869 solemniis
3311 1815 3501 1874 tribus
3516 1819 3659 1874 vici-

2005 1882 2115 1938 bus
2138 1901 2241 1956 per
2252 1886 2515 1959 singulas
2534 1889 2930 1950 hebdomadas
2943 1912 3045 1967 pro
3064 1899 3434 1961 absolutione
3446 1913 3658 1965 nostra

2005 1972 2212 2028 animae
2234 1981 2688 2050 nostrorumque
2717 1998 3124 2041 successorum
3164 1992 3507 2060 pontiﬁcum
3532 2012 3659 2053 om-

2002 2059 2289 2133 nipotenti
2313 2068 2425 2121 Deo
2449 2067 2711 2140 offerant,
2736 2074 3058 2129 statuentes
3092 2059 3412 2148 apostolica
3450 2099 3658 2140 censu-

2001 2165 2085 2219 ra,
2127 2151 2237 2206 sub
2268 2152 2445 2208 divini
2479 2156 2690 2225 judicii
2740 2162 3111 2219 attestatione
3159 2169 3218 2221 et
3263 2169 3655 2230 anathematis

1998 2238 2326 2308 interdicto,
2353 2248 2417 2297 ut
2438 2244 2581 2299 nulli
2606 2263 2868 2318 unquam
2891 2267 3298 2312 successorum
3317 2264 3654 2320 nostrorum

1999 2327 2365 2402 pontiﬁcum,
2398 2332 2484 2387 vel
2518 2336 2619 2406 qui
2666 2336 2937 2407 publicas
2984 2342 3274 2411 perfuncti
3315 2347 3533 2405 fuerint
3556 2368 3654 2408 ac-

1997 2416 2210 2486 tiones,
2233 2418 2322 2473 vel
2345 2437 2579 2493 magna,
2600 2423 2689 2478 vel
2712 2441 3007 2499 parvaque
3044 2446 3312 2505 persona,
3350 2436 3423 2492 de
3443 2454 3651 2511 supra-

1998 2505 2170 2563 dictis
2202 2510 2436 2579 massis,
2470 2527 2603 2567 cum
2636 2515 2913 2572 omnibus
2938 2516 3103 2587 locis,
3146 2538 3248 2577 seu
3289 2505 3549 2595 familiis,
3581 2547 3649 2587 ac

1996 2594 2240 2661 colonis,
2272 2600 2642 2671 massaritiis,
2675 2606 2849 2674 atque
2898 2606 3245 2679 tributariis,
3293 2629 3425 2669 cum
3457 2594 3648 2674 omni-

1996 2682 2127 2739 buis
2168 2686 2293 2741 suis
2324 2688 2715 2758 pertinentiis,
2745 2690 2833 2747 vel
2877 2695 3243 2765 adjacentiis,
3276 2705 3342 2755 ut
3372 2704 3649 2774 superius

1993 2772 2223 2845 legitur,
2257 2781 2459 2831 contra
2488 2776 2598 2833 hoc
2628 2784 2894 2836 nostrum
2917 2785 3251 2854 pontiﬁcale
3273 2772 3645 2864 privilegium

1992 2878 2182 2934 agere,
2214 2863 2298 2919 vel
2333 2864 2609 2931 alienare,
2643 2871 2745 2923 aut
2774 2870 3000 2927 auferre
3039 2882 3376 2946 praesumat,
3412 2863 3512 2936 sed
3543 2899 3647 2954 po-

1990 2950 2107 3007 tius
2131 2952 2319 3020 ﬁrma,
2338 2957 2512 3025 atque
2536 2955 2788 3023 stabilis,
2813 2961 3107 3030 perennis,
3150 2968 3325 3035 atque
3347 2950 3645 3041 perpetuis

1987 3041 2374 3112 temporibus,
2408 3043 2488 3097 ita
2510 3049 2624 3099 uta
2646 3045 2814 3102 nobis
2853 3053 3075 3107 statuta
3099 3058 3238 3109 sunt
3271 3055 3644 3117 decernimus

1988 3131 2404 3199 permanenda.
2438 3132 2498 3186 Si
2530 3133 2663 3203 quis
2709 3141 2927 3206 autem,
2978 3142 3133 3211 quod
3181 3159 3298 3199 non
3345 3152 3642 3217 optamus,

1988 3223 2354 3289 contemptor
2375 3219 2660 3275 exstiterit
2682 3230 2884 3280 contra
2905 3226 3013 3282 hoc
3054 3234 3325 3287 nostrum
3370 3237 3645 3306 apostoli-

1986 3321 2119 3359 cum
2151 3305 2539 3377 privilegium,
2573 3313 2630 3364 et
2659 3310 2716 3363 in
2762 3328 3060 3384 quoquam
3110 3316 3195 3372 ire
3243 3305 3643 3394 transgressor

1985 3395 2114 3448 esse
2154 3392 2444 3462 maluerit,
2488 3396 2577 3451 vel
2636 3397 2903 3471 frangere
2960 3392 3433 3477 praesumpserit,
3481 3428 3547 3466 ac
3576 3413 3638 3469 in

1981 3482 2255 3538 omnibus
2277 3483 2553 3540 obediens
2576 3490 2632 3541 et
2658 3488 2997 3545 observator
3032 3508 3161 3549 esse
3197 3494 3469 3567 noluerit,
3492 3502 3640 3559 sciat

1978 3586 2040 3625 se
2071 3570 2416 3627 auctoritate
2446 3573 2545 3628 Dei
2594 3574 3034 3647 omnipotentis,
3087 3584 3144 3635 et
3193 3585 3417 3640 Domini
3449 3591 3635 3645 nostri

1977 3659 2372 3730 apostolorum
2407 3661 2688 3735 principis
2718 3666 2892 3737 Petri,
2925 3669 3115 3740 cujus,
3150 3668 3285 3727 licet
3315 3674 3633 3747 immerito,

1978 3749 2073 3803 Dei
2098 3748 2480 3821 dispositione
2501 3752 2763 3825 gerimus
2784 3754 2956 3826 vices,
2982 3759 3376 3819 anathematis
3396 3765 3630 3824 vinculo

1974 3836 2320 3895 innodatum
2355 3844 2471 3896 eta
2500 3858 2677 3914 regno
2726 3843 2826 3900 Dei
2872 3844 3153 3903 alienum.
3211 3850 3318 3913 Qui
3365 3870 3501 3909 vero
3531 3855 3628 3928 pio

1972 3926 2191 3981 intuitu
2212 3945 2383 3984 verus
2403 3933 2599 3986 custos
2635 3936 2693 3987 et
2739 3933 3077 3990 observator
3116 3938 3399 3996 exstiterit
3445 3926 3627 4014 hujus

1971 4016 2157 4071 nostri
2183 4017 2485 4087 apostolici
2524 4018 2831 4092 privilegii,
2873 4023 3098 4080 meritis
3144 4031 3319 4099 atque
3347 4032 3621 4102 precibus

1970 4104 2028 4158 S.
2053 4104 2205 4159 Petri
2232 4105 2624 4176 apostolorum
2670 4110 2974 4184 principis,
3020 4118 3079 4169 et
3122 4115 3222 4172 SS.
3258 4124 3427 4175 mart.
3462 4122 3621 4177 Ruﬁ-

1969 4197 2129 4248 meet
2149 4194 2506 4249 Secundaain
2546 4197 2810 4254 aethereis
2860 4202 3093 4258 arcibus
3119 4208 3378 4276 praemia,
3430 4214 3487 4264 et
3516 4211 3621 4267 be-

1967 4282 2316 4337 nedictionis
2342 4284 2589 4355 gratiam
2615 4291 2790 4358 atque
2811 4290 3275 4350 misericordiam
3298 4297 3622 4369 ajustoju-

1966 4370 2091 4425 dice
2138 4371 2385 4428 Domino
2438 4379 2637 4431 nostro
2685 4378 2982 4450 vitamque
3032 4386 3309 4439 aeternam
3340 4386 3621 4458 consequi

1966 4464 2280 4515 mereatur.

2036 4549 2331 4621 Scriptum
2365 4568 2467 4621 per
2498 4568 2710 4608 manus
2743 4554 3194 4625 Melchisedech,
3236 4564 3619 4633 protonotarii

1964 4636 2022 4691 S.
2056 4638 2212 4693 sedis
2258 4638 2609 4709 apostolicae,
2669 4641 2730 4695 in
2791 4659 2989 4699 mense
3045 4645 3217 4716 Maio,
3251 4649 3373 4706 ind.
3405 4667 3620 4724 supra—

174 4740 242 4796 S.
266 4742 518 4796 Andreae
541 4741 789 4814 apostoli
813 4743 966 4798 infra
1003 4742 1193 4814 ipsam
1235 4725 1521 4801 aediﬁcata
1564 4764 1847 4817 massam,
1877 4735 1926 4802 D
1959 4725 2175 4817 script?
2204 4727 2407 4817 δεκάδι·
2458 4727 2581 4783 Και·
2632 4728 2815 4797 Junii:
2850 4748 2953 4803 Per
2984 4750 3195 4791 manus
3246 4737 3616 4812 Theophila“

170 4845 307 4884 una
330 4846 469 4885 cum
493 4830 714 4887 colonis
739 4834 914 4902 atque
936 4832 1311 4899 massaritiis,
1336 4833 1661 4891 tributariis
1682 4842 1853 4907 atque

167 4919 618 4991 angarialibus,
651 4919 934 4975 masculis
956 4924 1013 4976 et
1053 4920 1306 4991 feminis,
1340 4921 1475 4977 ﬁliis
1507 4928 1563 4978 et
1594 4925 1850 4995 ﬁliabus,

166 5018 245 5063 ac
283 5008 607 5079 nepotibus
637 5024 841 5064 eorum
865 5009 1082 5065 ibidem
1104 5010 1499 5067 residentibus
1526 5017 1625 5067 aut
1645 5014 1852 5070 exinde

164 5096 648 5169 pertinentibus,
670 5099 1008 5169 ubicunque
1028 5098 1262 5155 inventa
1284 5100 1520 5167 fuerint,
1536 5118 1669 5157 cum
1687 5104 1848 5158 omni

163 5200 394 5253 censu,
420 5190 596 5258 atque
617 5187 975 5255 dationibus,
994 5192 1051 5242 et
1073 5187 1490 5260 functionibus,
1512 5207 1736 5246 necnon
1754 5210 1855 5248 an-

158 5273 397 5345 gariis,
431 5274 519 5330 vel
552 5275 840 5346 quidquid
874 5275 943 5330 de
974 5275 1176 5331 eadem
1210 5293 1409 5333 massa
1454 5285 1853 5349 quaevocatur

157 5362 474 5432 Cassarea,
501 5366 559 5417 in
582 5365 878 5435 integrum
901 5363 961 5417 in
985 5369 1186 5419 nostra
1208 5365 1265 5419 S.
1294 5366 1359 5421 Η.
1406 5367 1662 5424 Ecclesia
1682 5370 1853 5426 solita

154 5451 618 5506 consuetudine
648 5450 900 5521 persolvi
921 5451 1113 5519 debet,
1135 5456 1191 5507 et
1212 5469 1345 5508 cum
1368 5456 1643 5513 omnibus
1665 5460 1736 5513 ad
1758 5459 1851 5513 di-

142 5543 341 5595 ctum
371 5554 651 5605 massam,
675 5555 801 5609 quae
839 5543 1079 5593 vocatur
1101 5540 1378 5609 Cmsarea,
1418 5545 1765 5615 generaliter
1793 5552 1852 5605 et

144 5630 225 5684 in
268 5627 580 5698 integrum
613 5626 1063 5698 pertinentibus,
1096 5629 1305 5701 positis
1338 5631 1397 5686 in
1428 5632 1716 5690 territorio
1749 5637 1852 5693 Ne-

148 5716 419 5790 pesino,
441 5713 783 5771 milliarium
807 5717 878 5771 ab
910 5716 1053 5773 urbe
1102 5717 1363 5774 Romana
1391 5722 1481 5792 20,
1516 5739 1583 5777 ex
1613 5740 1850 5797 corpore

152 5804 536 5886 patrimonii
568 5806 791 5867 Tuscia:
806 5806 961 5877 juris
981 5807 1038 5863 S.
1065 5806 1353 5878 Romam.,
1373 5811 1467 5867 cui
1491 5811 1631 5885 (Deo
1652 5818 1850 5873 aucto-

1962 4814 2288 4871 cancellarii
2312 4816 2369 4871 S.
2397 4817 2553 4873 sedis
2576 4819 2930 4891 apostolicae.
2970 4824 3157 4890 Anno,
3202 4825 3317 4885 Deo
3343 4830 3614 4902 propitio,

1962 4905 2337 4975 pontiﬁcatus
2360 4906 2583 4961 domini
2607 4908 2793 4980 Sergii
2816 4911 3034 4965 summi
3069 4914 3390 4987 pontiﬁcis,
3410 4924 3467 4974 et
3483 4919 3616 4974 uni-

1961 4992 2203 5049 versalis
2236 4994 2313 5049 Ill
2374 5012 2558 5067 papae,
2617 4998 2675 5051 in
2737 4999 3136 5056 sacratissima
3192 5005 3330 5059 sede
3361 5005 3424 5060 B.
3460 5007 3616 5063 Petri

1963 5081 2208 5152 apostoli
2242 5084 2435 5139 Tertio
2467 5084 2525 5139 in
2560 5101 2779 5154 mense,
2814 5091 2870 5142 et
2924 5088 3128 5145 indict.
3192 5093 3530 5163 supradicta
3555 5096 3610 5152 8.

2742 5212 2836 5266 IV.

1960 5310 2225 5351 EPISTOLA
2270 5312 2455 5352 SERGII
2486 5314 2549 5353 III
2599 5316 2673 5353 AD
2703 5316 3079 5359 ADALGARIUM
3122 5320 3610 5366 HAMBURGENSEM.

2590 5407 2778 5477 (Anno
2815 5409 2979 5478 905.)

2256 5510 2568 5566 Bremensz's
2602 5513 2857 5570 Ecclesia:
2880 5516 3019 5585 jura
3051 5517 3311 5574 vindicat.

2236 5617 2429 5689 [Apud
2463 5616 2651 5673 Mansi
2677 5622 2818 5674 tom.
2860 5619 3057 5692 XVIII,
3090 5639 3147 5694 p.
3179 5623 3330 5694 251].

2031 5724 2269 5796 Sergius
2299 5724 2630 5799 episcopus,
2656 5742 2856 5783 servus
2889 5745 3185 5785 servorum
3212 5730 3311 5788 Dei
3343 5749 3609 5793 reveren-

1957 5813 2203 5873 diseimo
2244 5819 2301 5871 et
2345 5816 2721 5873 sanctissimo
2766 5822 3096 5879 ADALGARIO
3143 5818 3609 5901 Hamburgenaiq
