4018 6200
377 508 493 566 9Ἰὸ

1760 499 2016 559 Sl‘lltGlI
2071 499 2291 558 l’Al’AS
2335 498 2410 557 lll

3676 493 3804 551 916

375 639 644 695 Ecclesiae
705 635 972 706 episcopo
1025 634 1405 704 apostolicam
1459 633 1916 688 benedictionem
1969 638 2028 686 et
2056 635 2104 698 Α
2142 631 2406 685 Ecclesiae
2435 634 2567 695 tua},
2591 633 2648 684 et
2671 629 2777 684 tibi
2809 625 3137 699 apostolica
3177 623 3334 680 sedis
3374 622 3710 696 privilegia,
3745 627 3805 679 et

375 733 674 802 paternam
707 723 1184 779 consolationem.

444 847 743 918 Susceptis
767 851 877 899 tua:
902 845 1284 899 fraternitatis
1310 843 1539 907 litteris,
1590 843 1824 914 cognita
1855 844 1909 897 in
1945 843 2028 898 eis

373 939 593 1009 injuria
616 935 881 990 Ecclesia:
903 939 1014 988 tua:
1034 940 1089 988 et
1111 933 1216 987 tibi
1252 932 1430 1002 illata,
1461 949 1575 986 non
1605 931 1795 987 solum
1838 934 1908 987 de
1939 949 2027 996 ea,

376 1028 475 1084 sed
501 1030 557 1082 et
577 1027 647 1080 de
678 1024 879 1095 iniquo
931 1021 1192 1077 Formosi
1237 1038 1397 1092 papzc
1445 1038 1758 1092 consensu,
1801 1026 1857 1076 et
1889 1021 2027 1077 Her-

377 1114 580 1172 manni
612 1111 999 1176 Coloniensis,
1048 1115 1104 1166 et
1152 1111 1476 1182 Moguntini
1525 1110 1944 1182 archiepiscopi
1975 1113 2032 1165 et

377 1205 627 1263 aliorum
659 1203 1066 1274 episcoporum
1106 1199 1311 1270 iniqua
1357 1199 1853 1254 circumventione
1883 1205 2027 1254 eL...

378 1293 704 1351 Contristati
737 1307 964 1346 sumus.
1015 1285 1163 1352 Quid
1214 1304 1469 1359 namque
1499 1287 1821 1358 injuriosus
1853 1305 2029 1360 quam

378 1381 591 1456 privari
607 1379 896 1436 Ecclesias
912 1380 1073 1449 juste
1095 1376 1206 1432 sibi
1230 1377 1461 1431 traditis
1495 1377 1817 1432 honoribus
1842 1380 1864 1431 Ρ
1884 1377 2029 1442 Quid

377 1472 555 1527 etiam
586 1469 842 1540 iniquius
875 1484 1052 1538 quam
1084 1467 1300 1520 violare
1329 1470 1386 1520 et
1433 1466 1750 1538 infringere
1780 1466 2032 1537 impera-

375 1567 570 1617 torum
594 1562 649 1614 et
665 1573 868 1629 regum
889 1555 1108 1610 chartis
1130 1555 1344 1609 tradita
1366 1554 1619 1626 plurima
1636 1554 2031 1626 apostolorum

376 1648 677 1722 privilegia
698 1646 726 1699 ‘I
755 1645 834 1700 nil
868 1643 1125 1715 amplius
1167 1661 1200 1698 a
1233 1643 1424 1714 nobis,
1473 1645 1560 1700 vel
1590 1643 2033 1699 successoribus

375 1737 592 1792 nostris
616 1739 808 1790 ratum
827 1735 1064 1788 firmum
1087 1737 1188 1787 aut
1209 1732 1416 1788 stabile
1439 1736 1734 1788 statuetur
1754 1733 1812 1787 in
1840 1732 2032 1787 Eccle-

378 1826 485 1881 sia.
519 1826 626 1880 Sed
685 1840 817 1878 cum
869 1823 1038 1893 juxta
1093 1822 1212 1877 haec
1268 1822 1445 1877 verba
1492 1823 1840 1877 Dominica:
1878 1823 1950 1876 Tu
1980 1838 2034 1876 es

375 1915 568 1992 Petrus
597 1916 646 1968 et
701 1929 868 1983 super
923 1911 1094 1967 hanc'
1126 1919 1341 1982 petram
1397 1911 1676 1981 aediﬁcabo
1729 1912 2033 1966 Ecclesiam

375 2021 551 2060 meam
575 2025 594 2071 ,-
625 2003 865 2073 etjuxta
885 2002 1004 2056 haec
1026 2002 1201 2056 verba
1221 2000 1482 2071 Apostoli
1508 2017 1520 2054 :
1558 2002 1697 2055 Estis
1720 2001 2028 2071 supersedi-

375 2094 528 2164 ﬁcalz’
555 2109 717 2164 super
743 2091 1163 2162 fundamentum
1185 2090 1550 2160 apostolorum
1571 2095 1625 2144 et
1635 2089 2029 2162 prophetarum

375 2185 438 2238 in
462 2185 581 2255 ipso
601 2183 866 2251 angulari
885 2179 1064 2252 lapide
1090 2179 1300 2235 Christo
1328 2181 1473 2246 Jesu,
1517 2183 1745 2234 constat
1765 2183 2028 2234 sanctam

377 2271 843 2329 etuniversalem
869 2269 1185 2325 Ecclesiam
1209 2269 1513 2324 fundatam
1553 2285 1680 2324 esse
1716 2286 1895 2340 supra
1924 2284 2030 2340 pe-

373 2367 547 2433 tram,
575 2367 632 2417 et
652 2378 830 2432 super
843 2361 1292 2416 fundamentum
1307 2359 1722 2430 prophetarum
1738 2362 2031 2429 etaposto-

371 2449 584 2518 lorum,
609 2456 664 2506 et
681 2455 1045 2520 compactam
1071 2450 1128 2503 in
1153 2449 1279 2519 ipso
1305 2448 1569 2520 angulari
1609 2452 1666 2504 et
1689 2447 2027 2503 ﬁrmissimo

369 2539 563 2609 lapide
593 2537 825 2593 Christo
856 2539 1018 2604 Jesu,
1062 2554 1297 2592 necesse
1329 2542 1416 2592 est
1448 2543 1511 2591 ut
1560 2539 1643 2592 sic
1675 2537 1804 2608 ipsa
1837 2541 2031 2609 petrea

372 2631 429 2680 et
458 2626 776 2697 apostolica
806 2627 1090 2691 fundatio,
1125 2633 1180 2680 et
1223 2630 1424 2681 sancta
1463 2625 1762 2697 angularis
1794 2642 2028 2696 compa-

374 2715 563 2769 ctione
596 2715 786 2781 ﬁrma,
820 2719 1034 2769 zsterna
1063 2719 1119 2769 et
1151 2714 1496 2781 immobilis,
1532 2715 1614 2768 ita
1641 2714 1834 2768 omnis
1856 2713 2030 2768 eccle-

373 2803 614 2858 siastica
646 2803 1131 2874 supermdiﬁcatio
1192 2802 1269 2856 sit
1327 2807 1452 2857 rata
1503 2807 1557 2855 et
1589 2801 1838 2864 stabilis,
1869 2807 1925 2856 ct
1957 2802 2026 2856 ab

375 2894 533 2948 omni
567 2893 827 2947 humana
857 2890 1309 2962 praesumptione
1340 2889 1713 2944 inviolabilis.
1749 2890 1862 2944 Nos
1893 2906 2028 2962 ergo

369 2982 541 3051 juxta
587 2996 786 3034 vocem
836 2979 1201 3034 Dominicam
1253 2983 1309 3032 et
1353 2977 1748 3048 apostolicam,
1782 2984 1838 3032 et
1861 2979 2032 3049 juxta

376 3069 528 3123 hanc
559 3068 714 3122 beati
742 3066 1001 3139 Gregorii
1023 3067 1375 3122 sententiam
1406 3083 1418 3120 :
1452 3083 1814 3138 quaecunque
1837 3067 2028 3123 Eccle-

381 3159 478 3213 sia:
503 3156 805 3229 privilegia
835 3155 1015 3211 semel
1044 3154 1276 3210 indulta
1305 3155 1523 3210 fuerint
1552 3160 1678 3210 rata
1698 3155 1954 3228 amplius
1975 3160 2033 3212 et

375 3244 615 3302 stabilia
644 3260 985 3316 permanere
1029 3243 1262 3298 debent.
1297 3243 1589 3314 Quidquid
1621 3244 1799 3315 igitur
1826 3245 2028 3317 iniquo

369 3352 660 3392 consensu
681 3333 944 3389 Formosi
967 3350 1128 3406 papae
1152 3338 1209 3389 et
1229 3332 1513 3404 Arnolphi
1537 3333 1714 3404 regis,
1739 3339 1796 3389 et
1813 3335 2031 3392 machi-

370 3426 606 3481 natione
637 3423 954 3480 Hermanui
987 3423 1409 3494 archiepiscopi
1449 3422 1506 3476 in
1540 3427 1597 3477 te
1627 3427 1684 3477 et
1714 3423 2026 3479 Ecclesiam

369 3513 878 3585 Hamburgensem
902 3517 1121 3566 temere
1144 3515 1543 3582 perpetratum
1563 3516 1672 3582 est,
1691 3513 2032 3568 auctoritate

370 3619 604 3675 quoque
635 3608 858 3668 nostra,
894 3606 950 3656 et
991 3601 1218 3671 judicio
1258 3599 1647 3672 plurimorum
1673 3603 2033 3657 confratrum

369 3697 730 3760 nostrorum,
781 3696 838 3746 et
889 3691 999 3746 sub
1060 3689 1430 3744 anathemate
1489 3690 1949 3747 contradicimus
1981 3695 2038 3747 et

373 3782 614 3837 omnino
631 3779 1014 3836 destruimus.
1039 3777 1334 3849 Quidquid
1359 3782 1554 3832 autem
1579 3794 1612 3832 a
1636 3778 1869 3834 Nicolao
1889 3797 2038 3851 papa

379 3875 437 3925 et
468 3869 693 3925 caeteris
733 3867 1262 3940 praedecessoribus
1312 3866 1740 3938 Hamburgensi
1771 3867 2037 3924 Ecclesiae

379 3974 725 4014 concessum
774 3961 883 4027 est,
937 3957 1161 4012 scilicet
1217 3955 1432 4011 habere
1483 3955 2040 4033 archiepiscopalem

383 4049 729 4117 potestatem
788 4046 847 4099 in
909 4061 1154 4116 regnum
1227 4046 1545 4112 Dacorum,
1615 4046 2038 4119 Norvenorum,

382 4133 735 4200 Suevorum,
767 4137 824 4186 et
853 4133 1119 4187 omnium
1142 4135 1688 4205 septentrionalium
1711 4136 2042 4203 nationum,

381 4227 438 4278 et
493 4226 870 4277 Bremensem
920 4220 1257 4292 Ecclesiam,
1301 4228 1358 4278 et
1403 4224 1592 4294 ipsam
1641 4225 2046 4298 Hamburgen-

381 4327 509 4367 sem
542 4309 860 4366 Ecclesiam
893 4326 1010 4365 non
1040 4309 1213 4377 duas,
1269 4311 1369 4365 sed
1431 4328 1608 4366 unam
1665 4329 1794 4369 esse
1845 4314 2045 4370 Eccle-

384 4400 541 4456 siam
576 4403 632 4457 et
684 4397 1024 4471 parochiam
1085 4399 1457 4455 decernimus
1505 4404 1561 4454 et
1606 4403 2047 4458 confirmamus.

2138 719 2524 790 gloriosorum
2541 719 2958 790 imperatorum
2975 714 3277 771 annullata
3289 719 3429 768 sunt
3441 718 3807 768 testamenta

2137 809 2251 864 Nos
2274 825 2528 880 quoque,
2549 807 3044 879 quemadmodum
3066 809 3431 876 precatuses,
3448 804 3806 858 monuimus

2138 897 2475 969 apostolicis
2507 897 2715 951 litteris
2742 896 3085 968 Vigbertum
3118 898 3173 948 et
3201 893 3499 962 Bisonem,
3525 908 3802 947 reveren—

2140 987 2416 1041 dissimos
2446 992 2503 1042 et
2533 993 2664 1041 tuos
2695 985 3026 1040 convicinos
3067 982 3360 1054 episcopis
3412 987 3719 1053 quatenus
3749 986 3806 1035 te

2139 1075 2206 1129 ad
2211 1077 2433 1145 juvent,
2468 1080 2524 1130 et
2555 1075 2626 1129 ad
2659 1079 2714 1128 te
2745 1071 3154 1128 convenientes
3183 1071 3458 1127 ordinare
3489 1070 3806 1141 episcopos

2138 1163 2196 1217 in
2232 1163 2447 1234 quibus
2477 1163 2754 1218 canonice
2796 1160 3088 1216 inveneris
3143 1159 3307 1230 locis,
3366 1164 3429 1214 et
3455 1164 3808 1230 competens

2138 1253 2531 1324 designaverit
2574 1253 2738 1307 ratio.
2793 1251 2918 1305 Tua
2975 1265 3132 1321 ergo,
3193 1249 3575 1304 sanctissime
3604 1249 3805 1314 frater,

2140 1341 2529 1396 sanctimonia
2547 1346 2672 1396 oret
2692 1357 2795 1412 pro
2822 1339 2992 1395 nobis
3027 1344 3084 1394 et
3112 1355 3213 1410 pro
3240 1337 3565 1392 universali
3597 1342 3804 1392 sancta

2142 1435 2403 1485 Romana
2421 1431 2700 1496 Ecclesia,
2738 1435 2797 1485 et
2816 1429 2986 1484 nobis
3022 1428 3304 1483 remanda
3325 1425 3585 1500 qualiter
3613 1431 3673 1481 et
3701 1426 3803 1481 ubi

2140 1520 2443 1592 epiSCOpos
2475 1519 2853 1574 ordinaveris.

2212 1608 2367 1663 Datm
2387 1625 2488 1680 per
2501 1625 2744 1663 manum
2759 1606 2912 1662 Petri
2927 1605 3261 1661 cancellarii
3285 1611 3501 1660 sanctae
3521 1605 3800 1662 Romane

2143 1697 2429 1764 Ecclesiae,
2459 1715 2493 1750 v
2524 1697 2719 1752 Nonas
2751 1695 3073 1762 Februarii,
3105 1694 3425 1750 indictione
3456 1693 3512 1750 3.

2247 1935 2436 1974 SERGII
2468 1935 2530 1975 III
2565 1934 2943 1975 PRIVILEGIUM
2979 1935 3086 1973 PRO
3123 1934 3398 1974 CAPITULO
3422 1932 3683 1972 ASTENSI.

2778 2026 2966 2097 (Anno
2995 2023 3148 2096 906.)

2140 2145 2393 2218 Capituli
2408 2144 2646 2200 Astensz’s
2660 2145 3042 2284 possessioges,
3059 2149 3288 2269 rpganle
3303 2147 3341 2197 Α
3351 2140 3517 2196 udace
3531 2143 3805 2212 episcOpo,

2817 2231 2914 2270 con
2953 2230 3081 2269 rma
3113 2255 3124 2268 .

2817 2230 3124 2270 εοηηνηιαι.

2369 2324 2559 2396 [Apud
2591 2321 2840 2395 Ughelli,
2873 2322 3039 2377 Italia
3081 2337 3262 2387 sacra,
3294 2325 3440 2376 tom.
3477 2320 3570 2377 ιν.

2211 2447 2460 2504 SERGIUS
2488 2445 2838 2502 venerabilis
2881 2461 3052 2518 papa,
3096 2461 3300 2502 servus
3345 2459 3658 2500 servorum
3683 2443 3803 2511 Dei,

2139 2537 2414 2594 omnibus
2445 2535 2848 2591 sacerdotibus
2878 2539 2934 2589 et
2962 2533 3152 2589 levitis
3199 2548 3300 2588 seu
3327 2532 3590 2600 clericis,
3636 2538 3805 2605 atque

2139 2625 2436 2681 canonicis
2467 2624 2878 2688 servientibus,
2912 2623 3236 2678 secundum
3269 2626 3566 2678 statutum
3600 2639 3805 2677 nume-

2139 2732 2292 2781 rum,
2319 2731 2351 2769 a
2373 2731 2486 2770 rev.
2511 2718 2568 2768 et
2587 2712 2846 2767 sanctiis.
2875 2712 3108 2767 Audace
3149 2711 3209 2766 S.
3236 2712 3513 2766 Astensis
3539 2709 3802 2766 Ecclesia

2139 2803 2411 2875 episcopo
2439 2803 2499 2857 in
2528 2803 2810 2857 canonica
2837 2799 3116 2873 episcopii
3163 2800 3236 2855 ab
3285 2800 3498 2856 eodem
3530 2800 3802 2855 venerab.

2138 2892 2369 2946 Audace
2387 2891 2565 2963 episc.
2590 2907 2694 2962 pro
2713 2889 2967 2946 remedio
2999 2889 3208 2944 animm
3232 2905 3378 2957 suae,
3403 2905 3512 2961 pro
3533 2888 3806 2945 laudibus

2139 2985 2195 3035 et
2213 2980 2657 3035 honorificentia
2696 2979 3112 3051 omnipotentis
3133 2979 3230 3034 Dei
3247 2982 3618 3044 constructa,
3636 2978 3806 3051 ipsis-

2139 3085 2252 3142 que
2283 3085 2348 3124 ac
2379 3069 2824 3124 successoribus
2848 3083 3050 3124 eorum
3081 3067 3142 3122 in
3173 3072 3559 3139 perpetuum.

2211 3160 2354 3214 Cum
2373 3158 2571 3213 divin‘a
2601 3158 2789 3213 simus
2817 3157 3186 3213 institutione
3217 3158 3276 3212 in
3309 3157 3510 3229 capite
3537 3157 3798 3213 omnium

2138 3248 2237 3303 Dei
2265 3247 2650 3303 Ecclesiarum
2685 3246 3007 3315 constituti,
3051 3247 3338 3302 debemus
3371 3245 3683 3302 humiliter
3702 3263 3799 3318 pe-

2144 3337 2403 3392 tentibus
2434 3337 2665 3392 animos
2694 3336 2998 3402 inclinare,
3047 3339 3120 3390 et
3152 3351 3268 3390 non
3321 3335 3523 3391 solum
3554 3336 3804 3408 propriis

2144 3425 2434 3498 impartiri
2459 3426 2758 3497 suffragia,
2790 3441 2991 3480 verum
3023 3425 3200 3480 etiam
3225 3425 3298 3480 ad
3326 3425 3806 3481 conﬁrmatioum

2142 3531 2368 3583 eorum,
2395 3519 2460 3568 ut
2480 3519 2764 3586 perpetua
2781 3529 2849 3568 ea
2871 3529 3002 3585 quae
3031 3512 3141 3568 sibi
3165 3513 3461 3568 aediﬁcant
3482 3528 3729 3569 manere
3748 3515 3806 3568 in

2144 3605 2361 3660 sanctis
2401 3620 2468 3659 ac
2498 3601 3195 3673 inviolabilibus-possint
3234 3601 3487 3667 statutis,
3525 3602 3633 3672 qui
3666 3618 3805 3674 apo-

2145 3693 2414 3748 stolicum
2447 3697 2696 3764 poscunt
2717 3693 2996 3763 juvamen
3029 3690 3158 3747 sine
3189 3707 3299 3762 quo
3335 3688 3477 3743 nihil
3504 3690 3566 3743 in
3601 3690 3808 3746 eccle-

2146 3780 2400 3836 siasticis
2424 3781 2745 3852 perfectum
2765 3780 2997 3836 videtur
3017 3780 3290 3852 negotiis,
3317 3776 3617 3833 brachium
3645 3794 3804 3850 apo-

2149 3868 2354 3926 stolica
2385 3869 2836 3925 mansuetudine
2883 3869 3213 3938 extendere,
3247 3873 3304 3924 et
3343 3883 3551 3940 magna
3576 3865 3795 3922 nimie-

2146 3961 2223 4016 tis
2251 3959 2463 4014 virtute
2492 3959 2817 4014 secundum
2867 3974 3207 4014 concessam
3257 3957 3426 4014 nobis
3475 3974 3510 4013 a
3537 3957 3598 4012 Β.
3626 3955 3804 4013 Petro

2153 4045 2551 4121 apostolorum
2583 4048 2845 4120 principe
2866 4051 3221 4120 potestatem
3243 4048 3539 4103 roborare.
3564 4047 3828 4118 Ideoque

2153 4137 2490 4211 postulante
2519 4138 2751 4192 Audace
2799 4136 3115 4192 venerabili
3161 4141 3380 4192 sanctae
3411 4135 3682 4192 Astensis
3710 4135 3825 4191 lic-

2155 4227 2342 4284 clesiaa
2361 4227 2633 4300 episcopo
2656 4230 2949 4298 quatenus
2970 4226 3278 4282 firmemus
3302 4224 3609 4298 privilegio
3631 4224 3831 4280 omni-

2157 4320 2267 4373 bus
2292 4317 2715 4381 sacerdotibus,
2738 4318 2795 4371 et
2829 4314 3042 4383 levitis,
3083 4331 3188 4371 seu
3227 4314 3478 4383 clericis,
3524 4318 3702 4387 atque
3723 4330 3827 4370 ca-

2161 4407 2388 4463 nonicis
2420 4405 2807 4462 servientibus
2831 4405 3160 4461 secundum
3191 4408 3480 4461 statutum
3501 4417 3829 4460 numerum

382 4489 740 4543 Auctoritate
771 4505 907 4560 ergo
939 4487 1262 4560 apostolica
1292 4493 1348 4543 ct
1400 4505 1668 4559 censura,
1723 4492 1832 4546 sub
1865 4491 2050 4547 divini
2163 4494 2233 4551 ab
2265 4495 2468 4550 eodem
2500 4493 2560 4548 in
2591 4493 2894 4561 canonica,
2941 4507 3080 4549 cum
3128 4491 3389 4548 claustra
3436 4506 3548 4546 sua
3578 4507 3714 4564 qua
3745 4493 3837 4547 est

375 4575 586 4662 judicii
617 4577 1005 4632 obtestatione
1031 4579 1088 4632 et
1138 4577 1531 4634 anathematis
1581 4579 1892 4635 interdictu
1924 4584 2044 4635 sta-
2163 4587 2498 4639 constructa
2539 4583 2707 4653 juxta
2752 4581 3060 4637 basilicam
3117 4584 3334 4637 sanctae
3382 4579 3483 4635 Dei
3521 4579 3836 4652 genitricis

381 4666 611 4721 tuimus
641 4670 707 4721 ut
737 4665 903 4721 nulla
947 4683 1198 4737 persona
1247 4667 1653 4739 cujuscunque
1700 4669 1924 4724 ordinis
1955 4672 2057 4724 aut
2085 4741 2106 4743 ᾉ
2166 4688 2513 4743 semperque
2567 4670 2713 4742 virg.
2776 4670 2971 4726 Marias
3030 4671 3289 4726 Dominae
3346 4673 3562 4724 nostra
3627 4669 3691 4724 in
3723 4682 3834 4724 suo

383 4754 688 4827 dignitatis
721 4756 818 4822 sit,
851 4772 919 4811 ea
953 4773 1078 4827 quae
1109 4756 1194 4811 vel
1239 4755 1298 4811 in
1349 4756 1828 4828 archiepisc0pali
1862 4758 2052 4832 digni-
2081 4741 2128 4807 D
2163 4741 2397 4816 Aste'nsi
2418 4741 2717 4832 episcopio
2739 4759 2810 4815 de
2845 4758 3122 4814 omnibus
3147 4759 3325 4814 rebus
3353 4762 3412 4813 et
3430 4756 3830 4830 possessioni-

379 4847 520 4909 tate,
552 4843 641 4898 vel
673 4861 806 4916 qua:
863 4844 922 4898 in
966 4845 1376 4914 conjunctione
1424 4846 1757 4901 Bremensis
1788 4851 1844 4901 et
1875 4847 2052 4902 Ham-

379 4933 700 5006 burgensis
725 4933 995 4989 Ecclesia:
1019 4951 1052 4988 a
1069 4934 1599 5006 praedecessoribus
1621 4935 1840 4992 nostris
1863 4935 2053 4992 Eccle-

382 5022 481 5078 siae
501 5029 612 5078 tute
641 5027 699 5079 et
721 5022 827 5078 tibi
869 5039 1146 5078 concessa
1196 5029 1334 5078 sunt
1359 5028 1416 5078 et
1463 5042 1496 5080 a
1550 5025 1718 5081 nobis
1739 5027 2053 5082 reformata

381 5117 542 5182 sunt,
564 5113 900 5185 quicunque
922 5116 1120 5168 autem
1145 5113 1456 5168 mutaverit
1487 5113 1574 5169 vel
1604 5115 1662 5168 in
1704 5115 1900 5187 aliqua
1929 5115 2052 5170 vio-

379 5200 502 5256 lare
526 5202 988 5274 praesumpserit,
1014 5202 1361 5257 auctoritate
1385 5202 1483 5256 Dei
1529 5207 1587 5258 et
1630 5204 1692 5258 B.
1736 5205 1890 5259 Petri
1917 5221 2052 5277 apo-

380 5289 540 5358 stoli,
564 5295 621 5346 et
650 5295 853 5346 nostra
874 5290 974 5362 qui
1017 5291 1146 5360 ejus
1171 5290 1475 5362 fungimur
1495 5291 1888 5359 vicariatione,
1922 5310 2052 5364 per-

380 5379 542 5451 petui
558 5379 1197 5436 anathematisvinculo
1212 5379 1289 5436 sit
1303 5380 2049 5437 innodatus.Hermannum

381 5472 579 5524 autem
604 5469 1008 5524 Coloniensem
1033 5469 1564 5542 archiepiscopum,
1606 5474 1662 5526 et
1699 5471 2048 5527 Haddanum

378 5557 447 5624 [Η
459 5558 744 5628 attouem]
771 5558 1184 5630 Moguntinum
1207 5559 1685 5632 archipresulem
1705 5578 1808 5632 pro
1827 5561 2052 5616 satisfa-

386 5645 580 5699 ctione
624 5646 975 5716 pcenitentite
1025 5664 1214 5718 usque
1266 5650 1336 5704 ad
1395 5650 1749 5719 praeﬁnitum
1801 5667 1834 5704 a
1879 5650 2050 5706 nobis

376 5743 622 5796 tempus
645 5749 677 5785 a
699 5732 891 5787 divino
913 5736 1338 5805 suspendimus
1361 5737 1571 5801 officio,
1595 5738 1872 5807 quoniam
1893 5740 2049 5810 apud

378 5811 721 5885 Triburiam
767 5835 872 5889 per
915 5836 1014 5876 eos
1063 5821 1266 5893 inique
1317 5829 1550 5882 cessata
1595 5829 1735 5882 sunt
1771 5841 2050 5887 concessa

2159 4855 2290 4918 bus,
2325 4867 2473 4921 quas
2505 4849 2716 4904 iisdem
2746 4847 3274 4904 reverendissimus
3309 4853 3367 4903 et
3395 4847 3827 4902 sanctissimus

2159 4940 2362 4994 Audax
2403 4939 2462 4994 in
2518 4939 2786 4994 eamdem
2829 4937 3194 5005 canonicam,
3245 4953 3350 5009 pro
3400 4935 3675 4992 remedio
3704 4934 3828 4992 ani-

2161 5046 2267 5084 mae
2289 5045 2409 5084 suae
2431 5027 2650 5083 ibidem
2682 5025 3075 5083 militantibus
3114 5027 3376 5082 conferre
3412 5024 3584 5081 visus
3626 5029 3736 5094 est,
3767 5023 3821 5079 id

2159 5123 2249 5173 est
2271 5122 2492 5172 curtem
2515 5133 2695 5172 unam
2717 5133 2845 5188 quae
2890 5115 3108 5171 dicitur
3127 5115 3431 5180 Quartum,
3482 5117 3544 5168 et
3574 5115 3818 5170 alterum

2160 5205 2519 5262 curticellam
2543 5222 2670 5277 quae
2691 5204 2910 5261 dicitur
2929 5205 3162 5274 Azanis,
3188 5204 3366 5259 sitam
3387 5201 3552 5258 ultra
3575 5201 3816 5258 ﬂuvium

2159 5297 2455 5351 Tanarum
2487 5311 2666 5366 quam
2697 5299 3029 5350 antecessor
3061 5295 3190 5365 ejus
3225 5290 3522 5348 Ehilulfus
3549 5288 3816 5347 Ecclesia

2158 5387 2212 5440 S.
2238 5385 2432 5440 Mariae
2458 5383 2804 5452 contulerat,
2827 5400 2962 5439 cum
2986 5383 3263 5438 omnibus
3302 5382 3480 5437 rebus
3501 5386 3560 5436 et
3583 5376 3815 5435 familiis

2159 5475 2230 5530 ad
2273 5474 2576 5546 praedictas
2606 5478 2801 5529 curtes
2831 5472 3298 5544 pertinentibus;
3349 5468 3657 5541 simulque
3684 5479 3811 5520 cum

2159 5562 2432 5618 omnibus
2465 5562 2708 5618 decimis
2737 5563 2810 5617 de
2855 5561 3066 5617 iisdem
3107 5559 3423 5630 solvendis,
3472 5562 3540 5612 ut
3574 5574 3674 5612 eas
3701 5552 3816 5610 sub

2159 5653 2318 5708 omni
2349 5652 2679 5720 integritate
2707 5651 2976 5707 canonici
3015 5651 3087 5707 de
3135 5649 3376 5722 praefata
3422 5647 3726 5709 canonica,
3754 5645 3818 5696 et

2158 5739 2412 5796 ministri
2434 5757 2637 5796 eorum
2671 5739 2774 5810 qui
2804 5739 3022 5795 ibidem
3052 5755 3156 5812 pro
3186 5744 3449 5810 tempore
3481 5731 3824 5802 servierint,

2156 5828 2494 5906 possideant
2523 5828 2953 5904 disponantque
2983 5827 3056 5886 ab
3085 5826 3354 5903 preprios
3379 5829 3442 5885 et
3460 5834 3828 5886 comman
