4018 6200
262 242 383 310 977

1434 245 1843 307 EPISTOLE
1887 245 1989 305 ET
2035 245 2507 307 PRIVILEGIA.

3556 248 3675 309 978

265 397 450 437 usus:
510 379 833 436 secundum
894 378 1049 452 quod
1107 376 1506 434 ecclesiastica
1549 383 1606 433 et
1635 376 1916 433 canonica
1944 377 2000 443 Α
2031 376 2286 432 afﬁcitur
2316 378 2679 451 indigentiis.
2710 376 3011 449 Siquidem
3058 376 3446 435 barbarorum
3478 379 3670 452 gladio

274 469 461 526 dictat
492 468 717 543 regula,
750 469 970 540 absque
999 467 1120 523 ulla
1146 474 1345 524 nostra
1373 468 1460 523 vel
1510 483 1915 523 successorum

274 564 611 615 nostrorum
644 557 1119 613 contradictione.
1190 560 1328 612 Item
1385 556 1612 629 plebem
1648 573 1824 611 unam
1858 557 1916 609 in

268 648 551 703 honorem
582 648 638 702 S.
674 647 772 701 Dei
804 646 1107 719 genitricis
1136 646 1330 702 Mariae
1362 646 1825 710 dicatam,etiam
1858 644 1918 697 in

262 736 403 793 villa
433 753 559 807 quae
592 736 803 791 dicitur
820 735 1333 805 Pisentiana,cum
1357 735 1542 789 titulis
1565 740 1621 789 et
1645 735 1919 789 omnibus

267 826 515 881 decimis
546 841 771 891 eorum,
832 825 1127 896 simulque
1189 842 1321 879 cum
1353 825 1629 880 omnibus
1660 824 1833 878 rebus
1864 828 1919 878 et

270 913 512 970 familiis
544 914 616 968 ad
642 914 909 969 eamdem
943 915 1169 987 plebem
1205 914 1652 985 pertinentibus,
1688 918 1744 967 et
1776 912 1923 967 deci-

267 1022 395 1059 mas
445 1020 563 1058 suae
606 1004 875 1059 Astensis
926 1004 1201 1067 civitatis,
1240 1009 1297 1058 et
1334 1003 1606 1060 villarum
1638 1002 1915 1066 decimas,

266 1109 394 1164 quae
425 1093 497 1148 ad
528 1108 698 1147 suam
741 1093 1045 1149 ecclesiam
1112 1110 1215 1165 pro
1274 1097 1535 1163 tempore
1592 1090 1917 1155 solvuntur,

267 1182 564 1253 simulque
594 1186 650 1237 et
678 1182 929 1251 vineam,
965 1200 1094 1255 quis
1136 1183 1398 1252 conjacet
1455 1196 1632 1251 prope
1681 1196 1916 1234 murum

269 1272 327 1326 S.
362 1271 573 1338 Marize,
610 1288 730 1326 una
760 1289 894 1326 cum
927 1271 1182 1326 claustro
1213 1276 1271 1326 et
1303 1270 1459 1326 omni
1502 1270 1630 1339 ejus
1680 1269 1916 1341 integri-

269 1363 411 1415 tate.
471 1363 602 1414 Haec
654 1363 851 1415 autem
911 1360 1333 1430 praenominata
1390 1358 1515 1413 loca
1552 1358 1747 1412 omnia
1784 1374 1914 1411 cum

270 1448 643 1520 pertinentiis
675 1448 799 1503 suis
828 1452 885 1503 et
914 1448 1683 1519 decimis,quemadmodum
1718 1448 1789 1501 ab
1818 1464 1918 1501 eo-

269 1537 404 1592 dem
437 1536 810 1592 sanctissimo
831 1537 1065 1591 Audace
1085 1536 1358 1608 episcopo
1390 1536 1450 1590 in
1483 1536 1721 1607 praefata
1741 1552 1914 1590 cano-

270 1625 731 1691 nica,utibidem
766 1625 1155 1680 militantibus
1180 1642 1457 1681 concessa
1478 1624 1918 1690 sunt,similiter

271 1718 471 1769 nostra
492 1713 813 1784 apostolica
835 1714 1180 1770 auctoritate
1200 1713 1562 1771 stabilientes
1586 1715 1912 1779 ﬁrmamus,
1948 1749 1994 1813 B

272 1809 329 1859 et
364 1803 423 1857 in
454 1806 799 1874 perpetuum
832 1804 1028 1874 quieto
1072 1809 1129 1859 et
1162 1804 1402 1875 paciﬁco
1451 1804 1651 1858 ordine
1690 1820 1789 1858 eos
1820 1804 1916 1858 de-

272 1891 568 1947 cernimus
598 1892 707 1946 sub
732 1892 889 1947 omni
916 1892 1248 1964 integritate
1276 1892 1597 1964 possidere.
1619 1892 1921 1947 Contradi-

273 1980 464 2036 cimus
495 1985 694 2035 autem
724 1981 1043 2051 apostolica
1063 1982 1367 2037 sanctione
1391 1986 1455 2036 ut
1476 1981 1697 2037 nullius
1718 1981 1914 2049 ofﬁcii,

271 2070 360 2124 vel
391 2069 700 2141 dignitatis
732 2086 981 2141 persona
1026 2070 1261 2125 eosdem
1318 2070 1649 2135 canonicos,
1684 2070 1783 2141 qui
1818 2074 1919 2141 per

272 2162 541 2229 tempora
574 2159 631 2213 in
655 2158 782 2228 jam
816 2158 973 2213 dicta
1023 2160 1303 2221 canonica
1350 2159 1565 2214 fuerint
1593 2160 1915 2228 constituti,

272 2245 600 2318 inquietare
630 2246 702 2301 de
727 2246 820 2303 bis
847 2264 975 2319 qua:
1007 2248 1280 2319 superius
1315 2249 1537 2319 scripta
1566 2255 1725 2313 sunt,
1757 2253 1813 2303 et
1859 2248 1916 2303 in

270 2335 475 2391 eadem
497 2335 777 2390 canonica
797 2352 1072 2391 concessa
1084 2338 1469 2409 sunt,absque
1492 2337 1662 2409 longe
1686 2338 1915 2391 audeat.

268 2423 381 2479 Sed
405 2424 591 2496 magis
611 2424 916 2497 magisque
940 2442 1248 2481 monemus
1266 2426 1918 2498 quatenus,quicunque

268 2512 603 2584 praevalent,
636 2514 1004 2585 praefatorum
1038 2515 1437 2587 apostolorum
1463 2531 1661 2570 amore
1681 2514 1917 2571 canoni-

267 2600 351 2656 eis
376 2603 502 2673 jam
533 2602 697 2658 dictae
729 2604 1021 2659 canonicre
1080 2604 1436 2675 adjutorium
1483 2605 1798 2676 prabeant,
1834 2604 1917 2658 uti

265 2690 653 2761 omnipotenti
688 2693 934 2747 Domino
984 2693 1145 2748 omni
1203 2696 1428 2748 remota
1481 2693 1917 2764 perturbatione

265 2783 479 2834 cuncto
501 2780 715 2835 servire
740 2780 970 2835 valeant
993 2786 1269 2853 tempore.
1289 2780 1661 2850 Privilegium
1686 2798 1917 2852 quoque

268 2867 423 2938 quod
458 2867 529 2921 de
583 2868 873 2939 praedictis
934 2870 1129 2935 rebus,
1163 2875 1221 2924 et
1279 2870 1771 2942 possessionibus,
1814 2885 1917 2924 seu

267 2955 531 3023 decimis,
564 2973 632 3011 ac
663 2957 953 3029 plebibus,
984 2958 1072 3014 vel
1136 2959 1403 3015 curtibus
1460 2976 1593 3014 cum
1643 2958 1917 3014 omnibus

268 3060 470 3099 eorum
501 3046 875 3117 pertinentiis
908 3047 1062 3113 fecit,
1096 3050 1555 3119 praenominatus
1586 3049 1917 3112 Audax,ve-
1961 3058 1978 3119 _‘

268 3133 547 3191 nerabilis
563 3136 876 3207 episcopus
901 3134 960 3190 in
984 3136 1261 3207 praedicta
1285 3138 1567 3192 canonica
1592 3142 1648 3192 et
1671 3137 1912 3191 canoni-
1948 3116 1990 3181 C

269 3222 355 3277 cis
378 3224 505 3292 ejus
528 3224 584 3278 in
610 3228 958 3296 perpetuum
979 3223 1916 3289 stabilivit,etiaminconcussum,

267 3327 372 3383 per
400 3311 551 3367 hanc
584 3317 847 3367 nostram
908 3313 1286 3384 apostolicam
1337 3314 1765 3379 auctoritatem,
1800 3312 1920 3367 fore

267 3401 610 3457 statuimus.
645 3401 703 3456 Si
735 3400 868 3473 quis
900 3406 1097 3457 autem
1156 3408 1363 3456 contra
1390 3406 1651 3457 nostram
1686 3406 1921 3472 aposto-

265 3488 443 3544 licam
476 3505 783 3545 censuram
817 3490 899 3545 ire
930 3491 1391 3562 praesumpserit,
1443 3495 1499 3545 et
1555 3490 1820 3545 minuere
1851 3490 1922 3544 de

266 3578 447 3632 rebus
479 3578 763 3649 praedicta
796 3578 1087 3634 canonica
1136 3584 1382 3634 conatus
1433 3579 1626 3643 fuerit,
1671 3584 1773 3633 aut
1804 3578 1920 3649 pri-

264 3666 546 3739 vilegium
577 3668 650 3723 de
682 3668 775 3723 his
804 3669 1104 3723 ﬁrmatum
1157 3670 1423 3742 frangere
1470 3685 1705 3739 quoquo
1746 3668 1918 3723 modo

268 3756 597 3826 tentaverit,
631 3756 709 3811 sit
736 3775 769 3812 a
799 3756 1105 3813 liminibus
1136 3763 1350 3813 sanctae
1386 3758 1481 3812 Dei
1522 3756 1784 3813 Ecclesite
1816 3774 1917 3812 ex-

271 3848 456 3911 tarus,
480 3844 661 3900 donec
691 3845 1017 3916 resipiscat,
1078 3850 1135 3900 et
1182 3847 1255 3900 ad
1306 3846 1539 3917 plenam
1598 3848 1793 3902 veniat
1830 3863 1919 3901 sa-

272 3934 575 4003 cerdotum
625 3932 1107 3990 satisfactionem.
1167 3929 1459 4004 Scriptum
1517 3950 1618 4004 per
1676 3950 1917 3989 manum

274 4018 725 4090 Melchisedech,
757 4020 1195 4092 protoscrinarii
1220 4021 1377 4077 sedis
1409 4026 1640 4088 nostrae,
1666 4022 1724 4077 in
1758 4038 1919 4077 men-

274 4124 340 4163 se
370 4108 546 4175 Maio,
576 4108 893 4164 indictione
926 4111 1012 4163 10.

670 4203 699 4263 ῒ
737 4198 889 4253 Bene
918 4197 1123 4253 valete.
1160 4203 1188 4261 1-

348 4286 546 4341 Nonas
585 4286 790 4354 Maias,
840 4304 942 4358 per
990 4303 1233 4342 manum
1284 4286 1569 4342 Theodori
1622 4286 1920 4343 archican-

275 4374 499 4431 cellarii
529 4376 685 4447 scpis
716 4374 1068 4447 apostolica},
1104 4393 1277 4440 anno,
1308 4377 1424 4431 Deo
1475 4376 1742 4448 propitio,
1776 4394 1922 4448 pon-

2026 470 2319 521 vastatum
2351 472 2636 539 tuumque
2685 468 3108 522 monasterium
3157 469 3229 521 ab
3280 466 3498 523 eisdem
3535 471 3669 542 igne

2028 556 2666 621 crematum,malorum
2690 556 2997 612 hominum
3021 556 3390 612 infestatione
3408 558 3669 627 teipsum

2028 659 2161 697 cum
2192 644 2311 699 tuis
2341 646 2643 700 turbatum
2676 645 3077 715 audimus,sed
3108 647 3517 701 misericordia:
3545 664 3670 701 om-

2029 732 2347 803 nipotentis
2365 734 2462 789 Dei
2486 740 2611 788 esto
2636 734 2800 798 fisus,
2826 736 3249 807 beatorumque
3267 736 3669 806 apostolorum

2030 821 2325 893 suffragiis
2352 823 2611 892 adjutus,
2646 825 2800 894 quod
2835 825 2902 878 ad
2934 824 3041 879 boc
3072 824 3422 895 praevaluisti
3456 830 3519 879 ut
3543 829 3674 896 post

2030 915 2117 963 tot
2150 909 2378 981 ﬂagella
2411 912 2495 964 tui
2530 910 2745 965 laboris
2777 913 3097 966 certamine
3148 913 3449 967 ecclesiam
3484 914 3672 984 ipsius

2030 998 2115 1053 tui
2148 1000 2486 1053 monasterii
2509 1016 2697 1070 usque
2714 1001 2784 1054 ad
2811 1000 3042 1055 culmen
3073 1000 3314 1068 levares,
3340 1019 3512 1073 quam
3539 1020 3672 1057 cum

2029 1093 2149 1143 toto
2182 1094 2280 1143 tuo
2313 1089 2668 1143 monasterio
2693 1090 2803 1143 sub
2835 1090 3155 1160 apostolica
3194 1096 3395 1146 nostra
3428 1090 3672 1147 tuitione

2028 1178 2527 1248 quemadmodum
2559 1179 2668 1232 sub
2702 1184 3136 1234 antecessorum
3168 1186 3498 1236 nostrorum
3530 1186 3674 1237 tem-

2029 1284 2165 1337 pore
2197 1266 2325 1333 fuit,
2351 1285 2452 1338 pro
2484 1284 2680 1322 amore
2700 1272 2762 1321 B.
2787 1268 3048 1324 Silvestri
3082 1270 3374 1341 pontificis
3398 1271 3670 1326 Romanae

2028 1356 2184 1411 sedis
2206 1356 2299 1410 cui
2321 1356 2437 1411 Deo
2463 1362 2693 1411 auctore
2721 1357 3103 1423 deservimus,
3132 1360 3498 1414 decernimus
3520 1372 3667 1428 esse,

2027 1449 2083 1500 et
2116 1450 2169 1498 te
2203 1445 2538 1516 ubicunque
2596 1447 2872 1515 adjuvare
2930 1451 2986 1500 et
3035 1452 3335 1517 protegere
3366 1448 3667 1516 debemus,

2028 1534 2309 1606 pontiﬁcii
2342 1536 2528 1589 nostri
2551 1535 2846 1590 dexteram
2874 1535 3120 1589 libenter
3149 1536 3537 1607 porrigemus,
3572 1540 3669 1592 tir—

2028 1629 2259 1678 mantes
2281 1640 2644 1693 quaecunque
2667 1624 2738 1677 ab
2762 1641 2877 1678 sevo
2900 1623 3191 1695 religioso,
3227 1629 3282 1679 et
3314 1632 3515 1681 sancta
3544 1644 3673 1682 con-

2027 1728 2191 1767 cessa
2221 1712 2523 1783 privilegia
2554 1718 2653 1766 tuo
2676 1712 2835 1767 fuere
2867 1712 3220 1769 monasterio
3242 1714 3667 1769 Nonantulano.

2028 1801 2108 1856 De
2130 1806 2335 1855 caetero
2368 1801 2417 1856 si
2444 1801 2515 1854 ad
2548 1802 3001 1855 consecrandam
3027 1801 3111 1855 tui
3130 1803 3466 1857 monasterii
3493 1802 3673 1858 eccle-

2028 1891 2174 1945 siam
2198 1890 2538 1962 episcopum
2564 1890 3182 1961 quaeris,hoctempore
3196 1891 3471 1946 nolumus
3487 1897 3551 1946 ut
3572 1892 3672 1946 ali-

2028 1997 2198 2051 quem
2235 1980 2306 2035 ad
2330 1980 2787 2035 consecrandam
2812 1980 3001 2050 ipsam
3025 1979 3345 2035 Ecclesiam
3370 1996 3538 2051 roges
3560 1981 3674 2036 nisi

2027 2068 2314 2124 Joannem
2344 2068 2615 2123 venerab.
2632 2067 2997 2123 Ticinensem
3021 2069 3488 2139 episc0pum,aut
3507 2068 3677 2123 Vido—

2029 2174 2161 2213 nem
2195 2155 2711 2221 Placentinum,vel
2745 2156 3073 2227 Elbungum
3107 2161 3674 2225 Parmensem,reve-

2029 2246 2411 2301 rendissimos
2443 2245 2769 2316 episcopos,
2791 2246 2862 2299 de
2884 2245 2977 2299 his
3009 2244 3199 2299 tribus
3231 2243 3465 2317 qualem
3488 2244 3678 2300 volue-

2029 2334 2109 2390 ris
2140 2335 2315 2389 induc
2345 2336 2416 2390 ad
2450 2334 2911 2390 consecrandum
2944 2338 3105 2389 tuam
3138 2332 3475 2389 Ecclesiam.

2789 2476 2909 2533 VII.

2112 2582 2298 2622 SERGII
2328 2583 2389 2621 III
2424 2583 2801 2622 PRIVILEGIUM
2834 2584 2942 2621 PRO
2972 2582 3235 2621 ECCLESIA
3263 2582 3589 2621 VIENNENSI.

2662 2660 2851 2724 (Anno
2882 2656 3033 2723 908.)

2025 2744 2283 2800 Ecclesia:
2318 2745 2632 2800 Viennensis
2660 2746 2954 2815 privilegia
2997 2748 3047 2799 et
3076 2746 3441 2815 possessiones
3477 2744 3677 2813 conﬁr-

2096 2819 2208 2867 mat
2251 2816 2411 2886 eique
2447 2818 2781 2870 nominatim
2834 2814 3275 2871 Maurz’anensem
3318 2819 3367 2869 et
3418 2814 3677 2884 Segusia-

2096 2902 2229 2939 nam
2259 2887 2531 2942 Ecclesiae
2561 2889 2771 2942 asserit.

2101 2976 2326 3044 [Bosco,
2362 2977 2699 3032 Bibliotheca
2728 2976 3119 3041 Floriacensis,
3152 2974 3275 3029 lzev.
3308 2978 3458 3046 xyst.
3492 2976 3607 3046 57.]

2102 3085 2343 3137 SERGIUS
2374 3084 2706 3155 episcopus,
2763 3101 2966 3139 servus
3018 3098 3317 3139 servorum
3358 3082 3481 3146 Dei,
3517 3097 3680 3137 reve-

2030 3171 2379 3227 rendissimo
2414 3178 2470 3226 et
2500 3174 2871 3227 sanctissimo
2903 3172 3175 3227 confratri
3209 3176 3409 3225 nostro
3431 3177 3680 3225 ALEXAN-

2030 3276 2163 3320 Dno.
2219 3266 2433 3313 sanctae
2492 3250 2842 3314 Viennensis
2892 3259 3159 3314 Ecclesiae
3217 3258 3674 3328 archiepiscopo,

2029 3352 2085 3401 et
2118 3363 2221 3417 per
2251 3350 2306 3400 te
2336 3346 2605 3401 Ecclesize
2638 3352 2749 3401 tua:
2777 3348 2833 3400 in
2869 3352 3237 3419 perpetuum.

2101 3435 2244 3489 Cum
2280 3450 2492 3505 magna
2526 3435 2693 3489 nobis
2727 3434 3121 3489 sollicitudine
3151 3432 3373 3488 insistit
3401 3449 3542 3488 cura
3573 3449 3675 3504 pro

2030 3522 2318 3578 universis
2352 3522 2451 3576 Dei
2484 3523 2754 3578 Ecclesiis
2786 3540 2851 3577 ac
2885 3522 2995 3593 piis
3026 3521 3167 3576 locis
3202 3520 3457 3593 vigilare,
3478 3538 3550 3576 ne
3571 3520 3677 3576 ali-

2032 3628 2209 3683 quam
2245 3611 2605 3666 necessitatis
2630 3611 2923 3682 jacturam
2955 3610 3307 3677 sustineant,
3341 3610 3441 3664 sed
3487 3610 3678 3682 magis

2032 3700 2275 3775 propriae
2301 3700 2572 3755 utilitatis
2594 3700 2887 3772 stipendia
2906 3703 3370 3770 consequantur:
3399 3698 3525 3752 ideo
3547 3714 3678 3752 con-

2032 3790 2187 3844 venit
2206 3806 2311 3844 nos
2337 3788 2612 3859 pastorali
2628 3794 2746 3844 tota
2759 3787 3317 3859 mentisintegritate
3335 3785 3675 3841 eorumdem

2029 3878 2445 3933 venerabilium
2470 3878 2728 3933 locorum
2754 3877 3005 3931 maxime
3028 3875 3362 3931 stabilitatis
3386 3874 3682 3945 integrita-

2029 3970 2146 4022 tem
2172 3972 2564 4038 procurare,et
2585 3966 2787 4021 sedulo
2806 3982 3007 4020 eorum
3033 3964 3387 4018 utilitatibus
3412 3962 3678 4018 subsidia

2030 4056 2311 4121 conferre,
2346 4060 2409 4108 ut
2434 4055 2679 4109 Domino
2712 4060 2767 4109 et
2799 4054 2913 4108 Deo
2946 4058 3144 4108 nostro
3176 4051 3581 4124 omnipotenti,
3619 4052 3679 4107 id

2030 4145 2183 4215 quod
2203 4160 2304 4214 pro
2328 4144 2457 4213 ejus
2480 4142 2669 4197 sancti
2692 4142 2948 4198 nominis
2973 4142 3213 4209 honore,
3234 4141 3411 4197 etiam
3434 4140 3679 4202 etlaude

2031 4238 2204 4305 atque
2226 4231 2408 4305 gloria
2431 4231 2636 4287 divinae
2660 4230 3439 4303 majestatis,venerabilibus
3453 4234 3677 4284 certum

2030 4326 2119 4377 est
2151 4338 2255 4376 nos
2288 4321 2605 4377 contulisse
2636 4321 2799 4392 locis,
2833 4322 2909 4376 sit
2939 4318 3377 4391 acceptabile,et
3408 4316 3577 4371 nobis
3606 4316 3678 4370 ab

2032 4412 2159 4481 ejus
2174 4409 2298 4463 locu
2311 4410 2633 4481 pletissima
2650 4409 3049 4465 misericordia
3063 4403 3679 4479 dignum,hujusmodi

274 4464 536 4571 959‘?”
556 4464 622 4520 D'
655 4470 837 4536 serg"
861 4470 1267 4571 Quint???“
1292 4471 1349 4519 et
1381 4465 1739 4571 [fnwef'sazlfsl
1762 4466 1921 4571 of?”
1952 4481 1997 4545 D
2031 4464 2110 4571 pii
2143 4464 2335 4570 operis
2360 4500 2417 4552 in
2441 4500 2683 4553 sidercis
2705 4499 3033 4553 conferatur
3063 4496 3317 4561 arcibus,
3342 4509 3680 4549 remunera-

276 4569 465 4625 papaa,
490 4553 550 4609 in
584 4558 949 4609 sacrosancta
980 4558 1042 4607 Β.
1076 4554 1229 4609 Petri
1260 4553 1528 4626 apostoli,
1562 4553 1761 4609 indict.
1797 4556 1881 4609 11.

1070 4679 1143 4733 Vl

278 4782 545 4825 EPISTULA
612 4782 797 4824 SEBGII
857 4784 921 4823 III
959 4784 1031 4821 AD
1073 4784 1417 4823 LEOPARDUM
1468 4784 1923 4825 NONANTULANUM

959 4856 1241 4895 ABBATBM.

920 4927 1107 4998 (Anno
1136 4928 1283 4995 907).

602 5018 933 5074 Monasterii
956 5015 1262 5087 privilegia
1296 5018 1603 5086 conﬁrmat.

620 5106 811 5178 [Apud
844 5104 1093 5178 Ughelli,
1128 5106 1286 5172 ibid.,
1317 5110 1457 5162 tom.
1494 5107 1587 5175 11.]

354 5213 605 5269 SBRGIUS
636 5213 972 5284 episcopus,
1030 5228 1231 5267 servus
1278 5228 1577 5268 servorum
1622 5210 1742 5279 Dei,
1792 5211 1929 5266 Leo-

278 5317 471 5357 PABDO
501 5300 774 5373 religioso
804 5298 1198 5355 Nonantulani
1231 5298 1570 5355 monasterii
1601 5299 1817 5353 abbati.

355 5390 512 5445 Visis
535 5388 889 5444 humilitatis
913 5393 1023 5441 tuae
1040 5386 1689 5457 litteris,condoluimus
1704 5388 1845 5443 satis
1860 5389 1930 5444 de

282 5478 550 5536 coenobio
579 5474 1084 5532 Nonantulancnsi
1110 5476 1213 5530 tibi
1245 5476 1584 5543 commisso,
1608 5493 1791 5548 eoque
1820 5478 1929 5532 sub

283 5583 429 5625 cura
454 5565 545 5621 tui
572 5563 878 5637 regiminis
925 5564 1256 5621 comminus
1306 5564 1412 5621 tibi
1463 5581 1601 5636 grex
1632 5565 1931 5623 nonnullis

2036 4589 2194 4643 tione
2228 4592 2520 4659 perpetur.
2558 4588 2743 4658 Igitur
2773 4587 2909 4658 quia
2966 4585 3111 4658 petit
3150 4583 3429 4639 sanctitas
3461 4587 3584 4648 tua,
3619 4585 3683 4637 ut

2036 4682 2247 4734 sanctae
2277 4676 2592 4732 Viennensi
2623 4675 2910 4746 Ecclesiae,
2944 4674 3057 4742 cui,
3091 4674 3208 4729 Deo
3249 4676 3502 4739 auctore,
3537 4689 3681 4744 prae-

2038 4784 2165 4823 esse
2188 4767 2420 4835 videris,
2454 4764 2822 4837 privilegium
2853 4766 3247 4827 ﬁrmaremus,
3270 4760 3532 4817 inclinati
3554 4776 3682 4833 pre-

2039 4857 2206 4911 cibus
2228 4854 2478 4926 tuis,per
2500 4844 2678 4925 hujus
2703 4853 2890 4909 nostri
2924 4852 3208 4924 privilegii
3244 4852 3543 4924 paginam,
3576 4848 3682 4903 tibi

2036 4944 2406 5014 tuaequejam
2431 4940 3199 4998 dictzeViennensiEcclesize
3224 4940 3683 5003 roboramus,at-

2039 5048 2151 5103 que
2184 5036 2464 5103 perpetua
2502 5031 2816 5087 stabilitate
2849 5031 3174 5097 ﬁrmamus,
3225 5042 3585 5099 qucccunque
3612 5027 3683 5082 ad

2040 5120 2384 5192 dignitatem
2403 5121 2709 5176 sacerdotii
2730 5121 2814 5175 tui
2838 5121 3258 5191 pertinent,seu
3277 5132 3403 5187 quae
3419 5114 3477 5169 in
3502 5114 3682 5170 facul-

2039 5210 2264 5264 tatibus
2294 5214 2351 5263 et
2382 5210 2871 5280 possessionibus,
2902 5214 3007 5264 tua
3036 5208 3249 5262 habere
3290 5204 3373 5260 vel
3408 5204 3685 5260 habuisse

2042 5297 2299 5353 Ecclesia
2333 5298 2578 5369 videtur,
2600 5305 2720 5353 tam
2751 5299 2810 5353 in
2844 5297 3153 5369 parocbiis,
3180 5310 3357 5366 quam
3387 5294 3447 5348 in
3479 5295 3687 5348 suifra-

2042 5386 2244 5461 ganeis
2268 5386 2801 5460 episc0pis.Etcum
2827 5387 3073 5452 clericis,
3099 5384 3374 5439 omnibus
3396 5383 3687 5454 integram

2045 5476 2149 5531 tibi
2182 5477 2555 5532 concedimus
2588 5482 2954 5549 potestatein,
2974 5492 3040 5530 eo
3064 5473 3286 5529 scilicet
3306 5472 3538 5526 firmato
3568 5471 3686 5541 pri-

2044 5563 2241 5636 vilegii
2256 5566 2411 5635 jure,
2439 5567 2593 5636 quod
2617 5565 2867 5637 speciale
2893 5563 3270 5620 beatissimus
3296 5577 3446 5633 papa
3466 5559 3687 5633 Sylves-
