4018 6200
350 239 468 303 979
1730 239 1985 301 SERGII
2033 237 2260 300 PAPE
2301 237 2383 299 ΙΙΙ
3643 223 3785 290 980

349 376 462 440 ter,
493 385 672 444 super
727 373 950 442 septem
1008 367 1334 443 provincias
1389 372 1503 427 tum
1541 369 1676 428 fecit
1704 371 1993 429 Ecclesiae.
2025 371 2083 438 Α
2855 367 3004 425 VIII.

352 461 498 518 Cum
529 459 807 518 omnibus
837 459 1034 530 itaque
1068 476 1195 532 quas
1228 477 1261 515 a
1299 461 1827 532 praedecessoribus
1857 478 1939 516 no:

2218 476 2490 518 EPISTOLA
2518 475 2706 516 SERGII
2751 474 2815 514 III
2859 473 2934 513 AD
2981 468 3256 513 HOGEBUM
3285 467 3779 512 HAMBUMZNSEI

351 551 462 608 tris
491 548 611 606 tuis
640 547 850 604 collata
880 550 1020 603 sunt
1049 548 1595 619 praedecessoribus,
1629 549 1783 605 idem
1815 549 1999 621 privi-
2752 544 3104 621 Εέῐεαοιῖῐῖιξίτ

350 638 573 712 legium
602 639 1018 694 inconcussum
1049 616 1224 708 atque
1271 637 1622 706 inviolabile,
1657 641 1771 694 tuae
1815 616 1937 694 eccl

1657 641 1771 694 tuae
1815 616 1998 694 eccle-
2597 713 2643 716 __
2744 616 3117 716 (“magni

355 707 454 786 site
488 741 826 801 permanere
857 725 917 781 in
975 707 1325 797 perpetuum
1377 743 1704 782 censemus.
1739 729 1999 784 Consue-
2325 800 2333 801 ί
2582 713 2796 801 ῌοθθνο
2813 707 3277 801 ραιίξτιηξ-νῖιίιζίί·

355 792 591 875 tudines
612 819 716 872 aut
746 832 872 888 qua
895 792 1223 871 annualiter
1252 815 1501 887 persolvi
1531 820 1640 871 tuo:
1673 817 1886 873 debent
1914 834 1942 872 e

2158 800 2340 872 :Apud
2381 799 2770 871 Lappenberg,
2805 797 2994 852 Hamb.
3034 795 3160 863 Urk,
3187 798 3332 850 tom.
3366 792 3410 863 Ι,
3442 808 3584 865 pag.
3617 793 3745 864 37.]

355 907 563 975 clesiae,
597 909 717 960 tam
762 921 796 960 a
843 904 1249 976 suﬂ'raganeis,
1283 921 1460 977 quam
1501 905 1571 960 de
1601 905 1878 961 omnibus
1909 923 2002 963 ec-
2181 905 2452 972 SERGIUS,
2484 904 2792 976 episcopus
2822 905 2880 957 et
2915 915 3118 958 servus
3157 914 3463 956 servorum
3521 897 3657 966 Dei,
3688 914 3782 953 re.

355 995 548 1053 clesiis
579 994 733 1050 infra
762 993 1060 1050 diceeesim
1091 998 1255 1049 tuam
1304 993 1662 1065 constitutis,
1695 995 2001 1066 jubemus,
2109 993 2533 1050 verendissimo
2563 996 2621 1048 et
2650 991 3023 1048 sanctissimo
3053 990 3308 1054 Hocsao,
3343 991 3567 1042 sancta
3599 987 3784 1043 Ham-

355 1090 412 1142 et
443 1082 764 1158 apostolica
794 1099 1042 1138 censura
1073 1083 1466 1154 precipimus,
1500 1084 1724 1155 absque
1754 1101 1917 1140 mora
1946 1089 2003 1140 et
2108 1083 2420 1155 burgensis
2449 1080 2701 1138 ecclesia:
2731 1080 3026 1152 episcopo,
3067 1077 3452 1151 apostolicam
3500 1077 3781 1132 benedic-

353 1173 728 1232 excusatione
757 1171 994 1245 expleri.
1045 1169 1160 1228 Res
1218 1188 1602 1244 quascunque
1648 1173 1862 1230 habere
1901 1177 2003 1229 aut
2109 1173 2330 1230 tionem
2362 1176 2420 1228 et
2451 1187 2554 1244 per
2583 1169 2832 1244 gratiam
2858 1169 2962 1226 Dei
2991 1174 3218 1226 aeternae
3269 1169 3400 1222 vitae
3445 1167 3781 1239 promereri

355 1262 635 1320 habuisse
661 1260 1016 1318 Viennensis
1045 1260 1276 1317 videtur
1295 1261 1573 1330 Ecclesia,
1607 1279 1709 1318 seu
1748 1263 2001 1319 familias
2110 1263 2393 1334 requiem.

355 1352 524 1424 (servi
550 1351 806 1421 ecclesias)
837 1353 894 1406 et
922 1366 1119 1406 servos
1177 1350 1484 1422 utriusque
1541 1367 1735 1420 sexus,
1768 1351 1828 1406 in
1869 1352 1998 1423 qui-
2180 1352 2236 1406 Si
2269 1354 2532 1422 pastores
2561 1349 2758 1405 ovium
2790 1347 2974 1405 solem
3007 1346 3258 1421 geluque
3288 1362 3394 1418 pro
3446 1345 3653 1418 gregis
3685 1346 3782 1400 sui

356 1441 705 1512 buscunque
732 1438 1047 1494 territoriis
1076 1443 1134 1494 et
1163 1437 1328 1509 locis,
1364 1439 1484 1495 sive
1517 1440 1635 1496 sint
1677 1458 1712 1495 a
1742 1440 1998 1513 regibus,
2111 1440 2380 1497 custodia
2409 1440 2502 1495 die
2532 1455 2599 1494 ac
2629 1443 2799 1494 nocte
2828 1439 2976 1493 ferre
3026 1436 3283 1493 contenti
3316 1439 3484 1500 sunt,
3515 1438 3577 1490 et
3607 1443 3676 1489 ut
3706 1451 3780 1489 ne

358 1528 478 1586 sive
503 1547 538 1584 a
575 1527 689 1601 piis
736 1527 1077 1583 hominibus
1127 1527 1212 1582 illi
1244 1545 1555 1597 concessae,
1589 1531 1844 1587 aternali
1867 1533 2002 1603 jure
2113 1547 2370 1602 qua.....,
2395 1529 2753 1601 judicamur.
2786 1525 3039 1583 Pallium
3089 1529 3288 1581 autem
3319 1523 3627 1579 sanctitati
3659 1529 3778 1578 tua

358 1617 678 1690 possidere,
704 1631 802 1671 eas
831 1615 937 1670 tibi
967 1615 1201 1688 tuisque
1233 1619 1668 1674 successoribus
1699 1622 2004 1678 conﬁrma-
2113 1620 2255 1675 ad...
2289 1617 2504 1684 Mariae,
2537 1615 2833 1688 simulque
2863 1615 2924 1670 in
2959 1613 3264 1671 dominica:
3316 1611 3550 1668 Domini
3582 1611 3780 1668 nostri

360 1723 515 1807 mus.
549 1707 616 1762 Et
642 1721 768 1805 qua
801 1704 1234 1762 admodum.....
1259 1706 1665 1764 Guntramnus
1697 1727 1795 1766 rex
1825 1711 2004 1767 ecc‘le-
2035 1746 2083 1810 B
2111 1709 2252 1765 Jesu
2285 1706 2497 1762 Christi
2531 1705 2848 1761 nativitatis
2878 1704 2993 1803 die,
3027 1701 3466 1810 pariterquein-
3494 1700 3776 1800 solemni-

361 1793 1029 1852 siamMauriannensem
1054 1811 1156 1865 per
1185 1811 1539 1852 consensum
1573 1799 1898 1869 apostolicae
1922 1816 2006 1856 se-
2035 1790 2083 1810 "
2113 1797 2251 1854 tatis
2281 1795 2536 1852 ecclesiae
2566 1799 2677 1850 tuae
2708 1794 2803 1850 die
2831 1798 2889 1850 et
2922 1793 2981 1848 in
3012 1790 3264 1848 natalitii
3294 1790 3380 1846 tui
3412 1791 3524 1856 die,
3540 1790 3773 1845 sicut...

360 1883 472 1956 dis,
505 1899 640 1939 cum
673 1883 949 1939 omnibus
979 1883 1144 1955 pagis
1202 1884 1326 1939 suis
1376 1885 1702 1956 subjectam
1744 1889 1878 1958 jure
1907 1906 2005 1961 pe-
2114 1886 2444 1958 arripiatur.
2460 1885 2638 1955 Cujus
2669 1883 2947 1955 quoniam
2979 1878 3774 1936 indumenti...favorindis-

361 1972 527 2030 renni
559 1976 774 2029 sanctae
804 1972 1122 2028 Viennensi
1155 1973 1291 2028 fecit
1322 1973 1601 2042 ecclesiae,
1625 1976 1707 2031 ita
1732 1994 1852 2033 una
1872 1995 2005 2033 cum
2115 1980 2306 2031 cretus
2335 1973 2654 2044 inveniant,
2701 1972 3022 2045 benignum
3052 1975 3108 2026 te
3163 1969 3304 2024 boni
3332 1967 3598 2035 sentiant,
3629 1967 3770 2022 dis-

360 2062 605 2120 ecclesia
633 2061 956 2134 Segusiana
1011 2064 1068 2116 et
1121 2060 1382 2118 ecclesiis
1429 2064 1500 2118 de
1529 2065 1730 2120 eadem
1761 2066 1905 2122 valle
1934 2068 2007 2122 ad
2114 2063 2351 2120 trictum
2385 2061 2524 2118 mali
2557 2065 2935 2135 cognoscant,
2966 2059 3260 2115 insontem
3311 2073 3471 2113 reum
3516 2055 3678 2128 apud
3705 2059 3774 2111 te

361 2168 490 2209 eam
517 2149 1031 2224 pertinentibus,et
1060 2167 1194 2206 cum
1217 2152 1492 2209 omnibus
1518 2153 2007 2228 pagis,integrum
2117 2152 2414 2226 suggestio
2446 2150 2603 2207 mala
2633 2167 2749 2206 non
2781 2150 3020 2206 faciat...
3053 2147 3287 2204 recedit.
3313 2147 3478 2213 Ecce,
3505 2159 3780 2201 reveren-

361 2258 490 2299 eam
523 2240 606 2296 illi
637 2241 965 2311 subjectam
991 2257 1120 2296 esse
1148 2241 1473 2298 firmamus.
1498 2242 2010 2309 Interdicentes,ut
2116 2243 2199 2298 tia
2227 2247 2348 2308 tua,
2373 2240 2740 2306 ch’arissime,
2762 2239 2915 2294 inter
2932 2237 3121 2293 multa
3137 2235 3249 2292 alia
3265 2235 3386 2290 ista
3407 2239 3552 2290 sunt
3579 2249 3777 2289 sacer-

362 2330 564 2387 nullus
592 2330 1288 2402 unquam,cujuscunque
1310 2331 1388 2387 sit
1409 2331 1832 2404 dignitatis,vel
1853 2334 2006 2389 ordi-
2118 2330 2282 2397 dotii,
2313 2329 2426 2385 ista
2456 2332 2596 2384 sunt
2624 2327 2804 2400 pallii,
2839 2344 2965 2399 quae
3015 2327 3064 2382 si
3113 2325 3374 2382 studiose
3426 2321 3773 2386 servaveris,

363 2419 456 2476 nis
486 2418 683 2486 homo,
707 2423 763 2474 te
790 2417 879 2475 vel
912 2435 1280 2476 successores
1309 2423 1465 2487 tuos,
1497 2424 1599 2477 aut
1623 2426 1787 2478 tuam
1819 2423 2008 2480 Eccle-
2118 2421 2272 2493 quod
2299 2419 2436 2475 foris
2457 2418 2752 2490 accepisse
2773 2415 3283 2482 ostenderis,intus
3303 2411 3776 2468 habebis.Sanc-

364 2507 650 2576 siam,sua
680 2507 964 2580 dignitate
995 2508 1053 2563 in
1107 2509 1302 2582 aliquo
1342 2509 1606 2568 minuere
1647 2517 2003 2582 praesumat;
2119 2515 2176 2567 ta
2203 2507 2455 2564 Trinitas
2487 2506 2857 2563 sanctitatem
2888 2505 3096 2577 (tuam)
3127 2502 3325 2576 gratias
3381 2518 3508 2557 sua:
3559 2505 3779 2573 protec-

364 2596 466 2652 sed
489 2597 572 2651 ita
591 2611 795 2651 omnes
818 2595 1017 2651 fideles
1038 2597 1188 2652 hanc
1209 2603 1471 2652 nostram
1503 2598 1882 2670 apostolicam
1906 2602 2008 2656 ad-
2117 2598 2274 2654 tione
2305 2595 2630 2652 circumdet
2662 2598 2834 2666 atque
2865 2593 2924 2649 in
2958 2592 3189 2649 timoris
3221 2590 3313 2647 sui
3341 2591 3441 2645 via
3491 2605 3604 2645 nos
3633 2589 3776 2644 diri-

364 2683 746 2739 monitionem
767 2684 1072 2739 observare
1099 2685 1493 2757 praecipimus,
1512 2691 1577 2741 ut
1597 2692 1824 2743 servata
1849 2705 2006 2744 reve-
2119 2691 2235 2758 gat,
2266 2691 2322 2742 et
2353 2689 2486 2757 post
2512 2684 2641 2738 vita:
2671 2683 2852 2754 hujus
2883 2679 3327 2746 amaritudines,
3362 2678 3439 2735 ad
3491 2682 3772 2733 internum

364 2770 554 2827 rentia
583 2769 843 2840 honoris,
871 2771 1337 2828 benedictionem
1383 2773 1637 2828 habeant
1677 2780 2009 2831 nostrorum
2119 2773 2297 2832 simul
2329 2772 2624 2846 pervenire
2654 2771 3022 2828 dulcedinem
3054 2785 3406 2826 mereamur.

363 2859 766 2933 apostolorum
792 2865 850 2915 et
880 2864 1176 2915 nostram:
1205 2866 1262 2916 et
1290 2878 1358 2916 ex
1388 2861 1521 2916 hinc
1550 2866 1888 2918 sanctorum
1911 2881 2009 2919 ca-
2190 2863 2486 2935 Scriptum
2519 2877 2621 2934 per
2651 2878 2892 2917 manum
2925 2858 3224 2931 Stephani,
3257 2855 3532 2913 scrinarii
3557 2859 3776 2911 sancta

361 2965 586 3005 nonum
610 2947 701 3004 vel
723 2964 857 3003 cum
888 2947 1158 3003 instituta
1188 2948 1414 3004 illibata
1436 2953 2011 3020 permaneant,nobis
2120 2954 2392 3009 Romans:
2423 2950 2711 3022 Ecclesiae,
2742 2950 2800 3005 in
2832 2964 3034 3007 mense
3074 2947 3222 3004 Maio
3271 2951 3330 3003 et
3358 2944 3691 3001 indictione
3721 2945 3776 2999 6.

361 3036 508 3093 lucri
524 3036 900 3109 potissimum
914 3035 1221 3108 praemium
1241 3055 1274 3092 ξι
1294 3038 1591 3093 conditore
1610 3039 1874 3096 omnium
1897 3045 2011 3100 Deo
2054 3105 2084 3111 _
2899 3057 2990 3111 Ix.

362 3105 780 3182 conferatur.Si
809 3105 942 3196 quis
972 3129 1169 3180 autem
1191 3127 1347 3199 quod
1378 3142 1492 3182 non
1524 3131 1816 3198 optamus,
1852 3132 1949 3187 nef

2230 3163 2610 3206 PRIVILEGIUM
2663 3161 2850 3202 SERGII
2890 3160 3050 3200 PAPIE
3088 3159 3151 3199 III
3190 3158 3298 3198 PRO
3339 3156 3698 3198 MONASTERIO

364 3214 451 3271 rio
481 3231 629 3270 ausu
657 3213 1119 3286 prasumpserit,
1143 3213 1236 3270 his
1255 3232 1383 3287 quae
1413 3232 1448 3270 a
1477 3216 1645 3272 nobis
1675 3219 1746 3273 ad
1774 3219 2008 3276 laudem
2587 3234 2638 3273 Β.
2673 3233 2910 3274 summ
2943 3230 3292 3272 TURONENSI.

363 3303 465 3360 Dei
489 3319 594 3376 pro
625 3302 815 3359 salute
844 3306 956 3359 tua:
1011 3307 1225 3358 sanctas
1282 3303 1547 3360 Ecclesiae
1594 3311 1817 3364 statuta
1847 3313 2009 3377 sunt,
2713 3306 2898 3378 (Anno
2928 3305 3032 3360 904
3067 3303 3179 3375 li.)

363 3391 646 3466 refragari
679 3396 779 3448 aut
806 3391 866 3448 in
899 3408 1199 3464 quoquam
1227 3393 1731 3465 transgredi,sciat
1773 3413 1836 3453 se
1864 3416 2010 3454 ana-
2123 3401 2245 3454 Post
2273 3398 2494 3454 illatam
2525 3396 2824 3452 Turonibus
2856 3411 2896 3450 a
2923 3393 3256 3450 Normannis
3284 3390 3504 3447 cladem
3543 3391 3778 3462 privile-

364 3481 644 3537 thematis
671 3479 904 3536 vinculo
935 3481 1376 3549 innodatum,et
1396 3499 1529 3538 cum
1557 3484 1786 3542 diabolo
1809 3491 1866 3542 et
1883 3488 2012 3558 ejus
2546 3486 2638 3556 gia
2676 3482 2999 3541 monasterii
3026 3481 3334 3552 conﬁrmat.

364 3567 751 3625 atrocissimis
781 3567 1035 3640 pompis,
1067 3571 1244 3639 atque
1270 3568 1427 3624 Juda
1467 3569 1750 3627 traditore
1783 3572 2009 3629 Domini
2349 3575 2514 3646 [0pp.
2550 3572 2812 3643 Launoii,
2845 3577 2986 3629 tom.
3024 3572 3116 3642 IlI,
3149 3588 3206 3642 p.
3241 3587 3303 3635 ιι,
3335 3585 3393 3640 p.
3421 3568 3544 3638 36.]

361 3657 549 3714 nostri
577 3657 719 3713 Jesu
749 3656 982 3713 Christi.
1015 3656 1214 3711 aeterni
1244 3656 1498 3712 incendii
1549 3658 1836 3730 supplicio
1869 3677 2011 3716 con-
2082 3703 2085 3705 .
2195 3665 2431 3720 SERGIUS
2462 3661 2790 3734 episcopus,
2830 3676 3030 3717 servus
3083 3673 3370 3715 servorum
3401 3656 3525 3720 Dei,
3558 3655 3774 3710 omni-

359 3747 745 3803 cremandum
804 3746 1172 3818 deputatum.
1213 3747 1287 3800 At
1332 3761 1467 3801 vero
1516 3746 1615 3817 qui
1657 3747 1752 3818 pio
1793 3749 2011 3804 intuitu
2121 3754 2232 3809 bus
2262 3750 2683 3818 sacerdotibus,
2707 3748 3009 3806 canonicis
3034 3751 3211 3819 atque
3239 3743 3471 3811 clericis,
3491 3757 3768 3814 prasen-

356 3836 715 3902 observator,
745 3839 802 3890 et
830 3834 889 3889 in
921 3833 1197 3890 omnibus
1227 3833 1512 3890 exstiterit
1541 3835 1878 3892 custodiens
1908 3837 2014 3892 hu-
2121 3841 2279 3897 tibus
2309 3843 2364 3896 et
2391 3838 2626 3908 futuris,
2657 3842 2714 3894 et
2744 3837 3128 3894 servientibus
3177 3835 3239 3891 in
3277 3830 3621 3890 monasterio
3651 3831 3771 3886 be-

351 3923 455 3994 jus
481 3922 665 3978 nostri
694 3921 996 3994 apostolici
1029 3921 1353 3990 constituti,
1378 3923 1450 3979 ad
1500 3923 1724 3979 cultum
1756 3924 1858 3980 Dei
1891 3942 2012 3982 res-
2123 3929 2372 3987 atissimi
2401 3927 2619 3985 Christi
2651 3926 3002 3984 confessoris
3040 3924 3295 3994 Martini,
3328 3922 3485 3995 quod
3526 3924 3770 3976 vocatur

357 4009 604 4082 piciens,
635 4010 1059 4082 benedictionis
1090 4012 1339 4084 gratiam
1379 4029 1414 4068 a
1460 4013 2013 4071 misericordissima
2122 4021 2484 4086 Turonense,
2515 4021 2573 4074 et
2601 4015 2854 4074 basilica
2882 4014 3149 4086 ejusdem
3178 4011 3368 4069 sancti
3399 4009 3657 4076 Martini,
3679 4025 3784 4064 sa-

362 4097 609 4154 Domino
644 4099 756 4152 Deo
785 4103 1005 4165 nostro,
1063 4100 1471 4173 multipliciter
1517 4107 1913 4175 consequatur
1958 4108 2016 4160 et
2123 4107 2329 4164 lutem.

360 4186 492 4242 vitae
525 4189 753 4242 aeternae
783 4187 1075 4258 particeps
1106 4188 1257 4243 effici
1290 4195 1601 4247 mereatur.
2193 4199 2489 4253 Arcanum
2511 4193 2720 4250 divinae
2741 4186 3797 4264 dispensationismysteriumsollici-

436 4276 733 4349 Scriptum
793 4292 896 4347 per
945 4291 1187 4330 manum
1238 4277 1423 4348 Sergii
1480 4280 1747 4336 scrinarii
1800 4285 2013 4338 sancta:
2126 4285 2319 4341 tudini
2353 4283 2695 4357 pontificum
2727 4281 2990 4352 ejusdem
3042 4278 3278 4351 pietatis
3323 4276 3520 4349 gratia
3548 4275 3797 4332 miseri-

367 4367 642 4423 Romanaa
675 4363 962 4432 Ecclesiae,
996 4364 1055 4419 in
1089 4379 1290 4420 mense
1317 4366 1487 4432 Maio,
1518 4367 1720 4424 indict.
1752 4371 1837 4426 11.
1862 4371 2014 4427 Bene
2125 4373 2376 4430 corditer
2406 4371 2792 4443 satagendum
2850 4368 3122 4441 providit,
3191 4368 3333 4423 dum
3392 4382 3602 4421 curam
3632 4364 3790 4420 ﬁde-

365 4454 572 4511 valete.
2047 4476 2092 4540 D
2124 4462 2268 4518 lium
2287 4460 2634 4533 populorum
2657 4458 2810 4514 idem
2831 4462 3032 4530 pastor
3051 4461 3354 4530 pastorum
3377 4454 3730 4527 pastoribus
3771 4471 3805 4510 a

437 4543 582 4600 Data
610 4559 706 4599 xiv
735 4542 979 4600 Kalend.
1009 4541 1175 4612 Julii,
1200 4560 1304 4616 per
1334 4560 1574 4600 manum
1600 4546 1879 4618 Stephani
1905 4548 2016 4620 pri—
2125 4549 2505 4608 sedestinatis
2532 4547 2897 4603 committere
2926 4544 3222 4618 disposuit
3260 4544 3423 4600 Petro
3473 4542 3790 4615 apostolo-

369 4633 590 4689 micerii
625 4631 1000 4688 defensorum
1031 4637 1246 4688 sanctae
1278 4633 1433 4690 sedis
1463 4635 2012 4706 apostolicaeAnno,
2125 4655 2256 4695 rum
2271 4637 2520 4711 principi
2541 4637 2630 4694 :Si
2654 4637 2848 4705 diligis
2868 4650 3269 4707 me,pasceoves
3298 4626 3802 4705 meas.Idemque:

368 4721 486 4778 Deo
517 4721 790 4793 propitio,
824 4721 1200 4793 pontificatus
1232 4722 1455 4778 domini
1485 4724 1666 4796 Sergii
1698 4724 1795 4790 III,
1825 4725 2016 4796 ponti-
2124 4729 2274 4792 Ecce,
2306 4726 2520 4798 inquit,
2550 4725 2790 4782 Satanas
2822 4726 3083 4797 expetivit
3111 4740 3224 4792 vos,
3256 4731 3317 4778 ut
3349 4723 3629 4779 cribraret
3654 4724 3806 4777 sicut

365 4809 494 4866 ficis
518 4813 575 4865 et
605 4809 953 4866 universalis
986 4827 1170 4882 papae,
1202 4810 1260 4866 in
1293 4811 1694 4868 sacratissima
1747 4814 1883 4868 sede
1914 4814 2014 4869 be-
2127 4819 2414 4885 triticum;
2449 4831 2556 4885 ego
2584 4823 2769 4870 autem
2814 4816 3016 4887 rogavi
3063 4830 3164 4886 pro
3214 4821 3284 4878 te,
3316 4815 3380 4868 ut
3423 4827 3536 4867 non
3567 4811 3804 4882 deﬁciat

364 4899 442 4955 ati
476 4897 630 4955 Petri
662 4896 932 4970 apostoli,
967 4899 1194 4970 quinto.

2212 4923 2260 4961 es
2294 4910 2431 4962 tua:
2462 4914 2515 4962 et
2544 4915 2607 4962 tu
2633 4903 2932 4976 aliquando
2960 4918 3248 4960 conversus
3277 4901 3549 4972 conﬁrma
3579 4903 3799 4972 fratres

403 5201 415 5214 ο
437 5130 596 5219 (a)ln
615 5130 726 5219 hac
748 5129 911 5187 bulla
927 5130 1607 5219 adulterandafalsa'rius
1621 5135 2025 5219 Hamburgen-
2129 5137 2215 5219 dis
2232 5138 2425 5219 fumis
2455 5137 2575 5219 (III)
2603 5153 2707 5209 per
2767 5152 2996 5219 ma_num
3047 5134 3480 5219 Theophylacti,‘
3499 5134 3797 5219 sacellap'i

370 5202 526 5280 siam
559 5202 891 5280 tabularum
926 5202 1438 5280 inegplicabilibus
1472 5206 1588 5260 fere
1619 5202 2019 5280 posteritatem
2133 5210 2192 5266 S.
2219 5209 2345 5265 Sed.
2375 5202 2572 5280 apost.,
2603 5202 2788 5276 ‘anno,
2837 5209 2943 5264 Deo
2981 5202 3652 5280 propitio,'pontiﬁcatus
3697 5206 3794 5280 do-

373 5273 606 5357 irritivit
631 5273 1161 5357 ambagibusp'um
1193 5275 1351 5357 enim
1383 5292 1510 5357 quas
1544 5273 1794 5357 speciem
1822 5277 2025 5333 arche-
2132 5283 2272 5357 mini
2307 5273 2487 5357 Serpit
2512 5273 2716 5357 summi
2737 5273 2887 5357 pont.
2915 5273 3245 5357 etaniigersf
3260 5273 3418 5357 papa
3441 5273 3504 5357 i9
3529 5279 3794 5357 sacratis-

377 5346 498 5422 ιχρὶ
519 5345 876 5422 ξρνεξϋθῐχὶῆε
906 5347 1097 5422 verbis
1117 5347 1317 5422 finitur
1340 5365 1352 5403 :
1377 5345 1645 5422 scriptam
1676 5365 1774 5420 per
1798 5366 2026 5422 manum
2134 5355 2272 5408 sima
2303 5345 2424 5408 sede
2453 5353 2516 5408 B.
2552 5352 2711 5408 Petri
2735 5345 2970 5422 apostoli
3005 5353 3136 5416 VIII,
3167 5345 3292 5422 inid.
3327 5345 3413 5422 14.
3447 5349 3590 5422 Quae
3624 5352 3790 5422 verba

380 5417 938 5495 Stephaniscrinarii
967 5418 1021 5473 S.
1055 5422 1121 5495 It.
1157 5420 1217 5474 E.
1253 5420 1312 5474 in
1340 5417 1688 5495 mensMaio
1715 5421 1925 5495 et_im_l.
1949 5423 2021 5476 6:
2137 5440 2270 5478 cum
2305 5423 2635 5495 nequierint
2666 5417 2783 5495 nisi
2808 5437 2891 5495 ex_
2914 5419 3610 5495 veratabuladepromi,
3640 5420 3786 5475 unde

378 5488 438 5577 in
459 5489 764 5577 Jvete'ribus
793 5490 1154 5577 apograp‘his
1176 5507 1291 5577 non
1322 5490 1512 5577 solum
1542 5491 1760 5577 melius
1783 5491 2022 5577 legitur:
2139 5495 2356 5577 factum
2391 5488 2572 5577 ést,u.t
2603 5494 2821 5577 in‘jpsa
2848 5493 3255 5577 clausula,qua
3273 5488 3780 5577 fide—stabularum

378 5561 498 5616 ind.
540 5561 628 5627 14,
661 5560 761 5618 sed
792 5560 968 5618 etiam
999 5560 1200 5620 addita
1227 5562 1350 5620 hac
1381 5569 1522 5620 sunt
1540 5581 1559 5619 .·
1580 5565 1719 5620 Data
1739 5565 1798 5620 in
1826 5560 2026 5622 Kalen-
2137 5560 2511 5639 potissimum
2540 5560 2907 5639 intelligitur,
2941 5567 3012 5622 ab
3041 5560 3525 5623 ea'r'ecederetur.
3561 5561 3735 5621 Jun.
