4012 6198
321 453 442 514 995

1213 443 1284 504 B.
1332 442 1679 505 NOTKERI
1722 440 2058 503 BALBULI
2105 442 2170 502 S.
2221 441 2445 502 GALLI
2495 441 2846 504 MONACHI

3620 443 3756 504 996

325 598 460 639 nem
485 599 500 649 ;
526 581 574 636 si
595 595 730 635 vero
752 574 1139 632 moralitatem
1159 573 1430 646 requiris,
1449 573 1679 646 Origeni
1701 573 1938 628 intende
1960 595 1975 638 ;
2006 585 2056 646 Α
2089 573 2476 628 maximarum
2505 590 2650 646 quas
2676 572 2830 628 Beda
2851 574 3049 627 noster
3070 571 3394 628 demessuit
3415 576 3472 629 et
3483 571 3758 647 collegit.

328 671 377 729 si
409 668 865 742 disputationem
892 663 1199 736 Augustini
1244 663 1548 719 duodecim
1599 662 1778 718 libros
1810 677 1980 734 pera-

327 775 496 833 grare
518 773 631 812 non
659 752 899 810 lasseris
923 769 938 820 ;
962 751 1009 806 si
1032 751 1428 806 defensionem
1451 749 1736 806 Creatoris
1758 753 1814 804 et
1836 747 1981 803 anti-

327 847 822 923 quorumPatrum
836 845 1039 897 contra
1053 839 1450 914 blasphemias
1462 839 1977 902 calumniatorum,

323 939 452 1012 lege
480 935 747 1008 ejusdem
776 930 1091 1003 Augustini
1123 929 1306 986 libros
1325 929 1474 984 duos
1494 929 1773 985 adversus
1795 926 1977 998 Mani-

325 1027 535 1094 chaeos,
559 1029 626 1080 ut
645 1022 791 1078 alios
808 1021 957 1076 duos
969 1022 1171 1074 contra
1183 1018 1482 1087 Faustum,
1501 1015 1974 1080 etundecimum,

325 1113 765 1178 duodecimum,
790 1109 1084 1165 decimum
1107 1107 1365 1174 tertium,
1386 1105 1678 1162 decimum
1698 1107 1975 1176 quartum

323 1204 512 1278 ipsius
543 1203 614 1259 de
644 1200 886 1257 Civitate
915 1198 1038 1266 Dei,
1083 1196 1420 1269 prophetico
1469 1194 1685 1268 Spiritu
1719 1193 1975 1250 conscri-

324 1299 456 1368 ptos
481 1319 496 1362 ;
520 1293 570 1350 si
593 1293 992 1348 creaturarum
1015 1285 1454 1359 pulchritudine
1479 1282 1806 1354 delectaris,
1831 1291 1974 1338 Exa-

324 1400 528 1440 meron
548 1377 862 1447 Ambrosii,
885 1380 951 1432 ut
974 1374 1259 1447 jocularis
1299 1391 1382 1440 es,
1429 1391 1531 1446 pro
1551 1373 1689 1427 ludo
1722 1371 1975 1443 relegere

323 1486 714 1536 consuescas;
749 1467 799 1524 si
847 1463 1108 1521 medulla
1153 1464 1418 1534 ejusdem
1462 1462 1597 1517 libri
1628 1459 1974 1516 dulcissima

323 1562 484 1635 pasci
515 1557 788 1621 volueris,
819 1559 878 1610 et
906 1553 1094 1626 ipsius
1125 1553 1349 1608 ratione
1386 1548 1973 1622 veritatisjocundari

323 1649 599 1723 cupieris,
619 1646 836 1702 Bedam
856 1643 1236 1699 tenacissima
1253 1640 1534 1697 memoria
1556 1639 1803 1694 retinere
1821 1639 1975 1694 labo-

323 1757 407 1796 ra.
430 1738 592 1804 Quod
617 1736 665 1791 si
683 1737 1017 1805 excerptum
1041 1730 1270 1799 Paterii,
1324 1731 1478 1802 quod
1529 1733 1585 1784 te
1630 1729 1796 1784 libris
1819 1727 1972 1782 beati

324 1825 585 1900 Gregorii
617 1840 718 1897 per
745 1822 1009 1878 ordinem
1050 1819 1422 1894 singulorum
1472 1818 1755 1874 librorum
1789 1816 1972 1872 deﬂo-

2091 661 2338 733 Scripsit
2384 663 2535 719 idem
2599 664 2979 734 Hieronymus
3037 660 3095 715 in
3156 661 3549 720 Ecclesiasten
3573 664 3756 735 juxta

2089 750 2460 806 traditionem
2509 750 2891 824 Septuaginta
2935 749 3406 822 Translatorum,
3476 752 3593 809 hoc
3643 760 3756 825 est,

2087 838 2400 911 Vulgatam
2471 839 3031 912 Interpretationem.
3094 839 3318 894 Hebraei
3348 839 3509 896 enim
3542 842 3758 900 dicunt

2087 943 2185 982 eos
2226 945 2341 983 non
2372 928 2628 1000 amplius
2657 927 3067 1000 interpretatos
3118 928 3301 983 fuisse
3349 945 3534 1001 quam
3569 932 3758 1004 Moysi

2087 1017 2347 1088 quinque
2378 1016 2581 1073 libros.
2623 1017 2770 1072 Huic
2821 1032 2958 1088 ergo
3003 1017 3353 1089 expositioni
3404 1019 3756 1078 acutissime

2086 1105 2261 1162 debes
2292 1105 2613 1173 intendere,
2643 1111 2707 1161 ut
2753 1121 2882 1161 eam
2931 1105 3005 1161 ad
3053 1105 3416 1162 intellectum
3453 1110 3752 1166 moderna

2083 1193 2347 1250 lectionis
2380 1195 2572 1268 possis
2602 1195 2862 1251 derivare
2887 1194 3027 1266 quia
3057 1194 3203 1250 nihil
3226 1194 3387 1251 aliud
3410 1199 3572 1270 apud
3595 1199 3750 1254 Lati-

2085 1299 2296 1339 norum
2345 1283 2601 1354 aliquem
2653 1300 2832 1356 super
2878 1283 3150 1339 eumdem
3193 1282 3415 1340 librum
3469 1287 3746 1358 reperies,

2084 1371 2196 1427 nisi
2217 1376 2449 1427 tantum
2473 1389 2658 1444 pauca
2684 1371 3026 1428 testimonia
3046 1371 3104 1427 in
3123 1371 3290 1429 libris
3313 1374 3748 1448 beatiGregorii

2084 1474 2218 1516 cum
2275 1461 2635 1533 expositione
2693 1461 2905 1534 posita,
2962 1461 3023 1517 In
3091 1462 3328 1518 Cantica
3377 1465 3749 1520 canticorum

2080 1549 2493 1620 interpretatur
2535 1555 2775 1607 sanctus
2825 1550 3214 1622 Hieronymus
3259 1552 3412 1608 duas
3465 1552 3748 1610 homilias

2081 1640 2523 1706 Adamantii,‘in
2565 1656 2816 1711 quarum
2868 1639 3204 1712 praefatione
3249 1639 3362 1696 hoc
3413 1643 3741 1714 premisit;

2085 1732 2371 1798 Origenes,
2402 1745 2527 1783 cum
2557 1729 2616 1782 in
2657 1731 2868 1785 caeteris
2926 1729 3067 1785 alios
3125 1731 3340 1794 vicerit,
3401 1733 3462 1786 in
3493 1731 3738 1788 Canticis

2081 1820 2426 1873 canticorum
2452 1819 2691 1889 seipsum
2728 1820 2878 1874 vicit.
2931 1819 3118 1884 Quam
3174 1818 3741 1892 interpretationem,

323 1917 506 1974 rando
523 1913 786 1982 confecit,
813 1927 1075 1982 unquam
1108 1910 1358 1982 reperire
1399 1906 1675 1980 potueris,
1699 1905 1844 1960 illud
1867 1904 1972 1960 tibi
2003 1951 2050 2015 B
2082 1907 2221 1978 quia
2251 1907 2376 1979 ipse
2414 1911 2601 1962 morte
2650 1911 3000 1979 praeventus,
3052 1907 3224 1964 nobis
3268 1909 3576 1965 transferre
3611 1927 3735 1966 non

321 2008 394 2063 ad
426 2003 824 2062 omnimodam
855 1999 1107 2057 sufficiet
1136 1998 1508 2071 sapientiam.
1542 1997 1603 2052 In
1635 1995 1885 2052 exodum
1917 1997 1972 2049 et
2003 1995 2050 2015 ”
2080 1996 2305 2067 potuit:
2340 1995 2491 2051 hanc
2533 1996 2639 2052 tibi
2694 1996 3160 2053 vicissitudinem
3189 1999 3390 2054 'nostri
3417 1997 3640 2055 laboris
3674 2004 3737 2055 et

317 2097 378 2152 in
401 2093 720 2152 Leviticum
742 2089 1016 2146 homilias
1037 2087 1306 2160 Origenis
1318 2086 1462 2141 mire
1475 2085 1803 2158 disputatas
1816 2083 1970 2139 edis-

316 2202 446 2243 cere
468 2183 669 2240 labora
692 2200 705 2250 ;
729 2181 788 2236 in
811 2184 999 2235 totum
1037 2177 1367 2250 Eptaticum
1409 2179 1629 2247 septem
1656 2173 1834 2228 libros
1857 2177 1972 2227 Au-

315 2273 539 2346 gustini
561 2270 980 2337 Qumstionum,
1007 2271 1066 2322 et
1085 2265 1230 2322 alios
1252 2282 1352 2321 sex
1382 2264 1764 2320 Locutionum
1791 2261 1862 2317 de
1882 2260 1969 2316 di-

312 2363 588 2420 versitate
613 2362 1018 2431 interpretum.
1036 2360 1101 2410 Et
1121 2355 1276 2428 quod
1301 2371 1413 2426 pra
1444 2353 1722 2409 omnibus
1740 2351 1883 2406 utile
1905 2351 1970 2405 ti-

314 2452 374 2508 bi
396 2457 536 2525 puto
560 2445 1270 2522 acquirere,Eugippium,
1289 2443 1392 2516 qui
1413 2460 1481 2499 ex
1501 2441 1776 2498 omnibus
1804 2439 1970 2495 libris

313 2538 836 2612 profundissimiet
876 2533 1395 2608 penetrabilissimi
1437 2533 1703 2603 ejusdem
1745 2533 1970 2602 Augus-

314 2627 423 2682 tini
444 2628 504 2681 in
532 2640 766 2686 omnem
807 2621 1214 2678 auctoritatem
1246 2620 1558 2692 Scripturae
1580 2618 1966 2674 utilissimum

313 2721 371 2772 et
387 2713 554 2772 valde
578 2711 972 2770 necessarium
994 2708 1267 2765 volumen
1285 2707 1538 2780 collegit,
1561 2708 1618 2760 in
1642 2723 1756 2777 quo
1781 2705 1968 2760 multa

314 2803 594 2878 mysteria
616 2801 688 2856 de
708 2799 937 2865 Genesi,
980 2798 1051 2853 de
1094 2797 1308 2862 Exodo,
1351 2796 1422 2850 de
1447 2795 1717 2859 Levitico,
1751 2794 1823 2848 de
1854 2793 1968 2847 Nu-

315 2909 500 2959 mero,
531 2892 603 2946 de
632 2885 1099 2953 Deuteronomio,
1152 2884 1352 2952 Josue,
1412 2887 1468 2937 et
1493 2881 1823 2947 Judicibus,
1857 2881 1965 2936 Sa-

315 2981 509 3035 muele
532 2983 588 3034 et
607 2975 942 3045 Malachim,
969 2979 1025 3029 et
1046 2971 1346 3044 prophetis
1379 2973 1635 3025 reserata
1672 2968 1961 3040 reperies:

315 3067 474 3124 Licet
493 3067 553 3121 in
577 3046 781 3120 omnes
821 3061 1134 3134 prophetas
1168 3053 1684 3116 laborantissimus
1706 3063 1762 3113 et
1791 3058 1964 3114 desu-

313 3155 698 3213 dentissimus
728 3151 991 3208 studioso
1017 3149 1214 3206 lectori
1261 3148 1514 3205 sufﬁciat
1561 3148 1962 3218 Hieronymus,

311 3246 482 3318 cujus
504 3243 553 3300 si
573 3241 825 3299 volueris
846 3257 976 3297 esse
993 3237 1342 3312 discipulus,
1359 3237 1661 3294 fastidium
1684 3237 1838 3309 quod
1857 3236 1964 3292 tibi

2081 2083 2436 2140 multimoda:
2461 2083 2758 2140 servitutis
2779 2085 3017 2157 impono
3037 2086 3171 2141 utsi
3196 2085 3506 2158 aliquando
3530 2104 3740 2160 sump-

2080 2172 2239 2228 tibus
2274 2174 2663 2229 abundaveris
2716 2178 2773 2230 et
2827 2174 3081 2246 alicujus
3137 2175 3396 2231 hominis
3447 2176 3658 2233 Latina
3685 2182 3744 2233 et

2080 2259 2274 2317 Grssca
2311 2262 2516 2336 lingua
2561 2263 2773 2318 eruditi
2825 2263 3082 2320 amicitia
3130 2281 3273 2320 usus
3323 2265 3530 2332 fueris,
3563 2267 3638 2321 ab
3677 2283 3740 2322 eo

2079 2355 2425 2422 extorqueas
2483 2356 2547 2406 ut
2597 2351 3037 2423 explanationes
3093 2353 3313 2419 latinis,
3375 2358 3434 2409 et
3475 2355 3742 2412 barbaris

2081 2456 2185 2511 pro
2216 2441 2471 2496 maximo
2503 2457 2742 2497 munere
2772 2441 2862 2497 vel
2895 2442 3087 2514 praeda
3116 2442 3521 2498 famosissima
3553 2449 3740 2500 trans-

2079 2529 2226 2584 ferre
2258 2547 2373 2585 non
2422 2534 2709 2602 gravetur.
2762 2531 3002 2586 Interim
3063 2530 3188 2603 lege
3246 2531 3539 2588 Libellum
3592 2533 3739 2588 Justi

2078 2617 2486 2690 Lugdunensis
2539 2619 2799 2692 episcopi
2859 2620 2920 2675 in
2973 2619 3449 2691 epithalamium,
3501 2621 3736 2677 brevem

2077 2707 2314 2777 quidem
2345 2707 2557 2774 verbis,
2586 2709 2688 2764 sed
2713 2708 3119 2780 spiritualibus
3141 2708 3381 2780 plenum
3405 2712 3734 2766 sententiis.

2075 2795 2238 2859 Quod
2271 2796 2321 2851 si
2361 2796 2626 2852 Romana
2674 2797 2950 2852 facundia
2995 2797 3380 2854 barbarorum
3425 2798 3736 2856 hominum

2075 2883 2293 2954 scripta
2350 2887 2784 2957 contempserit,
2859 2886 3028 2942 nobis
3110 2887 3376 2943 barbaris
3450 2890 3735 2962 expositio

2073 2971 2238 3026 Bedae
2269 2972 2329 3027 in
2360 2973 2632 3030 eumdem
2675 2974 2889 3030 librum
2939 2975 3208 3031 sufficere
3256 2977 3518 3032 debebit.
3552 2978 3734 3042 Quem

2075 3064 2419 3117 naturarum
2444 3063 2765 3134 dispositor
2789 3063 2964 3132 Deus,
3017 3063 3118 3135 qui
3172 3069 3383 3136 quarta
3435 3067 3532 3122 die
3565 3084 3730 3122 mun-

2073 3147 2236 3204 danae
2263 3150 2572 3206 creationis
2595 3151 2776 3207 solem
2801 3153 2872 3207 ab
2911 3152 3131 3208 oriente
3158 3154 3454 3224 produxit,
3482 3156 3541 3210 in
3571 3160 3729 3211 sexta

2072 3243 2236 3293 aetate
2265 3239 2460 3295 saeculi
2495 3257 2710 3296 novum
2743 3241 2924 3297 solem
2959 3242 3031 3297 ab
3077 3242 3373 3298 occidente
3403 3245 3479 3298 ad
3513 3244 3728 3300 illumi~

309 3315 683 3392 daylibrorum
709 3330 880 3386 tedio
902 3329 1137 3395 coaluit,
1182 3328 1421 3384 reticere
1461 3326 1721 3392 debebis,
1763 3330 1828 3380 ut
1848 3326 1958 3381 fer-
1991 3315 2033 3381 C
2073 3327 2367 3384 nationem
2400 3329 2580 3384 totius
2611 3331 2768 3386 orbis
2795 3331 3026 3387 direxit.
3068 3331 3128 3386 Si
3157 3348 3290 3387 vero
3325 3333 3730 3390 Romanarum

306 3423 651 3480 ventissima
675 3421 842 3476 lectio
864 3419 1104 3475 ferventi
1119 3409 1400 3489 congruat
1413 3415 1557 3472 disci
1567 3416 1725 3487 pulo.
1746 3414 1875 3470 Haec
1889 3415 1960 3470 de

307 3512 436 3586 lege
467 3515 524 3566 et
552 3509 872 3583 prophetis.

297 3638 430 3692 CAP.
467 3635 535 3690 ll.
567 3665 637 3674 ——
688 3632 763 3688 De
814 3632 903 3687 his
956 3632 1052 3701 qui
1106 3630 1458 3694 Psalterium,
1509 3628 1827 3693 Proverbia,
1860 3629 1958 3683 Ec-

402 3707 691 3763 clesiasten
719 3709 774 3785 ξε
825 3703 1051 3758 Cantica
1080 3703 1422 3757 canticorum
1451 3704 1847 3770 exposuerunt.

367 3813 449 3870 De
467 3810 890 3886 hagiographis
910 3825 1044 3865 vero
1068 3809 1126 3863 in
1155 3807 1423 3880 sequenti
1449 3806 1747 3862 doceberis
1773 3823 1785 3860 :
1813 3822 1955 3878 quo-

301 3918 433 3956 rum
455 3902 713 3973 primum
737 3904 827 3955 est
849 3898 1195 3955 Psalterium
1219 3898 1389 3968 juxta
1426 3895 1952 3951 circumcisionem.

295 3988 467 4059 Apud
526 4004 633 4042 nos
688 4003 820 4042 vero
877 3992 1112 4058 propter
1166 3985 1464 4041 Christum
1521 4001 1590 4040 ex
1627 4000 1692 4040 eo
1725 3988 1950 4054 natum,

297 4075 474 4131 David
508 4079 598 4131 est
627 4079 804 4146 caput
859 4075 1127 4130 omnium
1163 4075 1604 4147 pr0phetarum.
1663 4074 1725 4127 In
1783 4074 1952 4144 cujus

298 4163 517 4221 librum
545 4163 804 4237 plurima
836 4161 1004 4217 multi
1037 4167 1366 4218 senserunt.
1391 4163 1472 4218 De
1493 4161 1708 4233 quibus
1727 4161 1950 4233 primus

296 4259 355 4310 et
373 4253 704 4327 precipuus
727 4257 816 4309 est
835 4251 1114 4324 Origenes
1137 4251 1290 4322 apud
1319 4254 1568 4317 Graacos,
1594 4250 1949 4322 Augustinus

295 4344 450 4416 apud
478 4359 605 4414 nos,
639 4359 708 4398 ex
736 4342 907 4414 cujus
961 4339 1126 4395 libris
1182 4339 1447 4410 Prosper,
1503 4344 1568 4393 ut
1592 4339 1946 4410 accepimus,

294 4432 624 4505 Aquitanus
638 4427 1366 4504 episcopus,utilissimum
1378 4426 1650 4483 volumen
1666 4427 1948 4484 studiosis

293 4523 600 4594 excerpsit,
627 4520 720 4576 cui
743 4518 929 4575 multa
949 4518 1022 4574 de
1047 4516 1297 4573 aliorum
1341 4515 1642 4588 opusculis
1675 4515 1942 4588 intexuit,

291 4609 643 4665 utstatimin
659 4607 945 4681 principio
971 4605 1369 4678 praefationem
1401 4606 1472 4660 de
1502 4604 1942 4660 homiliasancti

2070 3415 2245 3471 etiam
2261 3416 2608 3473 deliciarum
2630 3418 2854 3490 opipari
2885 3419 3148 3475 convivio
3190 3421 3520 3488 delectaris,
3557 3424 3730 3494 quid-

2070 3504 2207 3575 quid
2241 3505 2556 3578 Gregorius
2588 3523 2738 3579 papa
2791 3507 2959 3564 dulce
3002 3525 3179 3581 super
3227 3508 3332 3565 hoc
3384 3526 3726 3582 respersum

2069 3591 2356 3649 latissime
2379 3593 2632 3666 reliquit,
2664 3596 2820 3650 idem
2857 3597 3008 3652 Beda
3032 3596 3092 3652 in
3136 3598 3473 3654 brevissimo
3493 3598 3724 3654 ferculo

2068 3682 2254 3738 avidis
2285 3682 2649 3754 glutiendum
2692 3685 3042 3757 composuit.

2067 3822 2335 3900 er_._lll._
2366 3855 2451 3900 -Α
2482 3825 2558 3900 De
2592 3826 2997 3900 interpretibus,
3041 3827 3184 3883 libri
3237 3829 3556 3900 Sapientia,
3584 3828 3711 3883 ὄρεα

2136 3896 2247 3968 ﬁlii
2273 3895 2486 3963 Sirach,
2518 3897 2632 3968 Job,
2669 3895 2865 3965 Tobiae,
2900 3899 3104 3967 Esdras,
3134 3895 3345 3968 Judz'tli,
3373 3900 3581 3968 Esther,
3614 3903 3718 3955 Pc-

2135 3967 2518 4037 ralipomenon
2546 3973 2597 4024 et
2619 3967 3078 4026 ’Machabzorum.

2135 4073 2214 4128 De
2244 4072 2412 4142 libro,
2473 4074 2576 4147 qui
2631 4076 2928 4148 Sapientia
2985 4077 3314 4135 Salomonis
3356 4079 3724 4148 inscribitur,

2062 4161 2281 4218 nullius
2313 4164 2568 4220 auctoris
2599 4165 3043 4236 expositionem,
3095 4167 3210 4224 nisi
3236 4173 3473 4225 tantum
3497 4186 3601 4241 per
3629 4185 3728 4225 oc-

2061 4252 2353 4309 casionem
2376 4251 2625 4308 aliorum
2649 4254 2932 4310 librorum
2957 4272 3144 4327 pauca
3162 4257 3506 4313 testimonio
3527 4259 3727 4332 expla-

2060 4345 2196 4396 nata
2218 4342 2459 4413 cognovi
2481 4367 2494 4409 ;
2511 4342 2725 4414 quippe
2743 4344 2842 4415 qui
2861 4345 2933 4400 ab
2952 4344 3208 4402 Hebraeis
3231 4347 3472 4419 penitus
3491 4350 3729 4420 respui-

2058 4433 2156 4484 tur
2175 4434 2233 4485 et
2254 4431 2406 4502 apud
2431 4435 2662 4487 nostros
2688 4432 2856 4503 quasi
2884 4433 3139 4490 incertus
3182 4434 3454 4502 habetur,
3495 4442 3726 4508 tamen,

2057 4518 2194 4590 quia
2219 4519 2440 4591 priores
2458 4521 2640 4577 nostri
2664 4537 2798 4575 eum
2824 4527 3060 4594 propter
3096 4523 3411 4580 utilitatem
3439 4526 3730 4582 doctrina:

2055 4605 2246 4678 legere
2266 4613 2716 4680 consueverunt,
2745 4613 2802 4664 et
2820 4609 3008 4666 Judai
3038 4613 3314 4668 eumdem
3337 4631 3453 4669 non
3477 4614 3729 4682 habent,

289 4696 490 4754 Basilii
521 4697 798 4769 posuerit.
847 4696 909 4750 In
963 4696 1237 4752 eumdem
1294 4694 1513 4749 librum
1572 4698 1629 4749 et
1659 4693 1950 4750 Arnobius
1980 4683 2028 4749 Ι)
2059 4695 2502 4753 Ecclesiasticus
2531 4697 2710 4753 etiam
2741 4699 2895 4770 apud
2918 4716 3025 4755 nos
3056 4700 3406 4773 appellatur.
3439 4701 3612 4766 Quod
3641 4706 3720 4762 de

291 4785 490 4842 rhetor
517 4785 605 4841 sui
635 4783 806 4840 nobis
836 4785 1052 4856 ingenii
1104 4787 1552 4839 monumentum
1592 4781 1846 4853 reliquit.
1881 4782 1944 4837 In

288 4875 487 4948 ipsum
519 4878 578 4930 et
607 4872 860 4929 Hilarius
908 4871 1288 4928 Pictaviensis
1335 4871 1642 4943 episcopus
1682 4870 1940 4942 scripsit.

290 4964 353 5021 In
387 4966 557 5036 cujus
587 4961 1052 5035 explanationem
1083 4960 1464 5017 Cassiodorus
1515 4966 1771 5029 senator,
1806 4976 1940 5016 cum

292 5053 480 5109 multa
535 5050 898 5118 disseruerit,
958 5051 1012 5104 in
1075 5049 1184 5105 hoc
1243 5054 1474 5105 tantum
1521 5049 1750 5104 videtur
1774 5049 1942 5106 nobis

287 5142 472 5210 utilis,
500 5142 656 5215 quod
688 5157 921 5197 omnem
962 5138 1298 5195 saecularem
1345 5138 1714 5210 sapientiam,
1743 5138 1800 5193 id
1831 5142 1938 5207 est,

288 5231 658 5289 schematum
683 5234 742 5286 et
761 5235 1065 5302 troporum
1095 5227 1502 5283 dulcissimam
1523 5228 1862 5283 varietatem
1880 5227 1939 5282 in

286 5337 354 5378 eo
369 5319 549 5378 latere
563 5319 916 5377 manifestat.
933 5318 1122 5390 Super
1133 5316 1473 5373 omniavero
1487 5316 1558 5372 ad
1579 5315 1939 5372 intellectum

285 5410 466 5481 hujus
513 5408 833 5482 prophetia:
877 5409 1060 5479 juvat,
1113 5407 1163 5462 si
1212 5405 1345 5477 quis
1391 5404 1737 5461 Psalterium
1783 5405 1938 5478 quod

287 5499 496 5555 beatus
515 5498 905 5570 Hieronymus
939 5497 1011 5552 de
1049 5495 1331 5552 Hebraico
1371 5495 1431 5550 in
1472 5495 1745 5551 Latinum
1771 5495 1941 5550 vertit

285 5586 583 5643 memoriae
605 5589 1018 5642 commendare
1038 5585 1304 5640 voluerit.
1335 5585 1396 5639 In
1429 5583 1736 5640 Proverbia
1775 5583 1936 5640 Salo-

286 5673 482 5728 monis
527 5673 916 5746 Hieronymus
972 5674 1174 5728 breves
1230 5674 1551 5728 sententias
1605 5672 1936 5743 dereliquit,

285 5771 416 5840 qua
444 5758 614 5831 quasi
641 5759 998 5831 paucissima
1038 5775 1223 5832 grana
1251 5775 1430 5817 causa
1481 5765 1747 5836 segetum
1777 5761 1937 5820 fuere

2055 4783 2183 4852 hoc,
2215 4785 2271 4839 id
2293 4786 2469 4841 etiam
2491 4786 2563 4841 de
2584 4785 2732 4841 libro
2752 4787 2890 4843 Jesu
2916 4787 3021 4843 ﬁlii
3043 4789 3246 4845 Sirach
3288 4791 3512 4846 sentias
3538 4808 3725 4865 opor-

2053 4877 2154 4942 tet,
2179 4874 2292 4929 nisi
2315 4876 2468 4946 quod
2492 4874 2655 4930 is‘ab
2705 4877 2960 4933 Hebrais
3010 4883 3070 4933 et
3098 4879 3348 4936 habetur
3391 4885 3449 4935 et
3478 4879 3725 4954 legitur.

2053 4962 2478 5018 Difficillimum
2510 4963 2727 5018 librum
2759 4965 2912 5021 beati
2941 4966 3050 5022 Job
3083 4968 3380 5039 prophetae
3414 4970 3487 5024 ab
3521 4972 3724 5027 omni-

2051 5049 2164 5105 bus
2207 5049 2502 5122 magistris
2561 5051 2952 5109 anterioribus
3009 5055 3294 5111 intactum
3352 5059 3724 5129 apostolicus

2052 5141 2249 5193 noster
2268 5138 2582 5211 Gregorius
2603 5139 2686 5194 ita
2704 5141 2991 5212 exposuit,
3017 5147 3080 5198 ut
3101 5161 3280 5216 super
3295 5144 3561 5201 historia;
3586 5147 3722 5203 fun-

2049 5227 2392 5283 damentum
2443 5228 2815 5286 mortalitatis
2867 5238 3232 5290 construeret
3279 5235 3625 5303 aedificium,
3660 5242 3719 5292 et

2049 5333 2340 5390 anagoges
2362 5317 2708 5390 imposuerit
2729 5319 2962 5377 culmen
2986 5324 3573 5394 praestantissimum.
3612 5325 3716 5382 Cui

2050 5405 2199 5462 libro
2227 5411 2345 5462 tam
2374 5406 2561 5462 multa
2615 5409 2686 5463 de
2742 5411 3017 5466 omnibus
3073 5412 3281 5467 divinis
3339 5414 3713 5472 auctoritatis

2051 5495 2285 5568 scriptis
2311 5496 2648 5552 testimonia
2677 5497 2926 5554 intexuit
2965 5505 3022 5556 et
3050 5501 3272 5558 intexta
3319 5502 3625 5573 dissolvit,
3657 5510 3720 5559 ut

2048 5584 2228 5655 hujus
2257 5586 2559 5641 occasione
2587 5585 2769 5642 Vetus
2801 5592 2860 5643 et
2888 5587 3116 5645 Novum
3149 5591 3605 5648 Testamentum
3639 5593 3714 5648 vi-

2047 5673 2254 5729 deatur
2281 5674 2640 5746 exposuisse.
2673 5675 2836 5738 Quod
2864 5677 2911 5731 si
2946 5681 3181 5750 propter
3203 5677 3464 5751 inopiam
3498 5680 3586 5736 rei
3617 5681 3697 5736 fa-

2047 5761 2316 5831 miliaris,
2345 5761 2433 5820 vel
2463 5762 2830 5822 saecularium
2872 5781 3065 5828 rerum
3114 5768 3584 5845 occupationem,
3611 5767 3702 5828 vel
