4012 6198
264 466 380 525 997

1385 459 1486 525 DE
1531 464 2000 526 INTERPRET.
2050 464 2203 525 DlV.
2252 466 2553 529 SCRIPT.

3551 476 3671 542 998

261 599 433 653 etiam
463 597 658 669 palatii
685 596 1088 652 assiduitatem
1123 601 1180 652 et
1223 597 1446 652 militiae
1486 597 1748 652 laborem
1799 596 1908 658 tibi
1939 597 1992 662 Α
2021 595 2449 653 obscurissima:
2506 600 2747 655 visionis
2805 601 2998 672 potius
3056 620 3232 674 quam
3300 607 3669 668 revelationis

261 687 518 758 aspirare
552 704 662 741 non
699 685 956 757 suppetit
986 691 1087 740 aut
1124 703 1354 751 vacare,
1388 691 1722 757 excerptum
1758 686 1904 739 Lad-

259 776 390 830 keni
423 775 819 830 Hiberniensis
854 775 1109 845 inquire,
1144 780 1200 829 et
1250 781 1381 847 post
1441 775 1906 846 explanationem

260 863 727 919 testimoniorum
784 863 844 916 in
901 863 1159 917 medium
1202 864 1591 918 adductorum
1623 863 1768 917 nihil
1802 861 1906 916 tibi

259 953 519 1008 invenies
553 953 622 1007 ad
655 952 894 1023 plenum
927 951 1290 1007 intellectum
1325 954 1547 1008 deesse.
1571 953 1630 1006 In
1662 952 1909 1006 diversis

261 1041 435 1096 etiam
460 1040 603 1096 locis
633 1041 863 1096 diversa
891 1045 1018 1095 tum
1049 1040 1311 1106 collecta,
1347 1046 1472 1096 tum
1532 1045 1799 1111 excerpta
1842 1041 1912 1095 de

263 1131 372 1185 hoc
402 1135 458 1185 et
479 1129 609 1185 aliis
641 1129 896 1201 scriptis,
931 1130 980 1184 si
1012 1131 1371 1201 requisieris,
1407 1130 1664 1185 invenire
1695 1129 1910 1200 poteris

265 1220 335 1274 de
394 1218 610 1290 quibus
659 1223 861 1290 postea
919 1218 1164 1274 dicetur.
1217 1221 1280 1274 In
1342 1220 1556 1274 librum
1606 1218 1798 1274 Tobiae
1856 1221 1912 1272 et

266 1308 457 1363 Esdraa
482 1308 635 1363 Beda
656 1307 955 1379 presbyter
977 1308 1172 1378 aliqua
1194 1308 1430 1380 scripsit
1447 1308 1915 1380 magisjucunda

264 1412 443 1466 quam
477 1396 826 1462 necessaria,
860 1395 1074 1467 quippe
1106 1396 1206 1466 qui
1241 1395 1570 1467 simplicem
1606 1396 1913 1450 historiam

263 1490 486 1539 vertere
515 1489 756 1539 conatus
788 1489 876 1539 est
907 1485 964 1538 in
1005 1484 1363 1556 allegoriam.
1404 1487 1476 1539 De
1507 1484 1654 1540 libro
1684 1484 1911 1554 Judith,

265 1578 320 1626 et
353 1573 559 1626 Esther
587 1577 642 1626 et
673 1571 1153 1643 Paralipomenon
1187 1574 1326 1644 quid
1378 1574 1594 1641 dicam,
1633 1592 1666 1629 a
1698 1574 1913 1644 quibus

263 1659 347 1715 vel
401 1661 648 1731 qualiter
693 1667 1077 1732 exponuntur,
1129 1679 1264 1716 cum
1315 1663 1492 1717 etiam
1540 1663 1667 1735 ipsa
1721 1664 1776 1717 in
1829 1663 1913 1717 eis

264 1748 458 1803 littera
488 1766 602 1804 non
632 1767 732 1820 pro
764 1751 1128 1815 auctoritate,
1166 1752 1264 1806 sed
1299 1755 1528 1806 tantum
1568 1770 1666 1824 pro
1701 1768 1915 1806 memo-

266 1837 348 1891 ria
378 1843 434 1893 et
457 1840 844 1894 admiratione
875 1840 1203 1895 habeatur?
1238 1841 1394 1895 Idem
1429 1842 1497 1895 de
1552 1841 1741 1895 Libris
1797 1845 1913 1894 Ma-

270 1926 639 1982 chabmorum
669 1928 956 1999 suspicari
987 1929 1230 1998 poteris.

267 2055 398 2106 CAP.
435 2053 525 2106 IV.
561 2083 626 2093 —
661 2053 895 2118 Quinam
934 2053 1068 2106 Novi
1119 2054 1445 2108 Testamenti
1493 2055 1657 2108 libros
1689 2071 1759 2108 ex
1786 2069 1917 2125 pro-

747 2125 886 2192 fesso
929 2126 1271 2195 interpretati
1300 2128 1431 2179 sint.

343 2234 418 2283 De
450 2228 605 2283 Novo
639 2233 833 2283 autem
873 2230 1249 2284 Testamento
1282 2230 1430 2284 scire
1488 2232 1747 2298 debebis,
1784 2232 1920 2303 quia

268 2317 403 2372 licet
420 2319 657 2373 remotis
677 2317 879 2372 litterae
897 2319 1201 2389 grossioris
1225 2318 1640 2390 integumentis
1657 2319 1917 2375 lucidum

268 2407 494 2461 cunctis
526 2407 593 2461 ad
632 2404 1078 2477 intelligendum
1107 2406 1701 2478 videatur,nusquam
1721 2414 1917 2464 tamen

269 2494 655 2567 periculosius
680 2500 926 2563 erratur,
946 2495 1057 2550 nisi
1092 2496 1560 2552 reverentissime.
1589 2497 1918 2554 humilitate

271 2584 712 2656 discatur.Ergo
742 2584 799 2638 in
833 2584 1172 2639 Mattheum
1197 2584 1584 2656 Hieronymus
1619 2587 1721 2641 tibi
1754 2588 1916 2641 sufﬁ-

271 2675 425 2740 ciat;
461 2673 519 2727 in
552 2676 808 2728 Marcum
860 2673 1275 2745 pedissequum
1309 2675 1585 2744 Matthaai,
1621 2676 1774 2729 Beda
1823 2693 1914 2747 pe-

271 2762 589 2832 dissequus
614 2762 984 2833 Hieronymi;
1020 2763 1075 2816 in
1130 2763 1342 2816 Lucam
1377 2762 1730 2833 soligradum
1764 2764 1919 2819 Beda

272 2850 777 2921 latigradus,adeo
812 2855 876 2904 ut
906 2867 1076 2905 omne
1109 2851 1263 2921 quod
1296 2852 1489 2922 ipsum
1515 2852 1919 2923 reperitEvan-

273 2938 512 3009 gelium,
545 2937 818 2993 volumen
851 2939 1252 3010 compingeret
1294 2938 1350 2992 in
1394 2955 1600 2993 unum.
1630 2941 1914 2996 Joannem

272 3026 600 3098 Caelipetam
633 3026 946 3082 nubivolus
977 3027 1340 3098 Augustinus
1366 3028 1606 3099 paribus
1630 3029 1737 3084 alis
1768 3029 1919 3086 inse-

271 3121 441 3170 cutus
458 3120 564 3169 est.
582 3115 792 3169 Praeter
812 3113 932 3168 hac
949 3119 1036 3170 est
1058 3114 1203 3169 liber
1222 3116 1532 3185 Augustini
1555 3117 1624 3171 de
1641 3118 1918 3174 Sermone

270 3204 502 3259 Domini
537 3203 594 3257 in
629 3203 821 3258 Monte
849 3203 1175 3259 secundum
1200 3203 1557 3258 Matthaum.
1576 3204 1739 3259 Alius
1762 3207 1919 3269 Quas-

272 3294 529 3347 stionum
561 3293 623 3346 in
654 3296 840 3347 totum
877 3291 1273 3388 Evangelium.
1310 3292 1555 3363 Insuper
1586 3299 1642 3348 et
1674 3295 1918 3366 Eugippi
1950 3330 1991 3396 Ο

271 3381 699 3436 Collectarium.
726 3381 1006 3435 Praeterea
1038 3379 1298 3435 Homiliaz
1320 3381 1563 3437 Joannis
1585 3382 1920 3454 Chrysosto-

270 3471 373 3536 mi,
465 3469 752 3542 Origenis,
863 3469 1196 3541 Augustini,
1294 3471 1573 3541 Gregorii,
1660 3471 1916 3538 Maximi,

279 3559 502 3626 Leonis,
537 3559 699 3614 Bedes
759 3562 814 3612 et
861 3557 1270 3628 responsiones
1323 3558 1651 3630 Hieronymi
1709 3561 1780 3614 ad
1826 3560 1918 3615 in-

275 3648 697 3720 terrogationes
726 3646 972 3719 Algasize
1004 3651 1059 3701 et
1091 3647 1360 3702 Denobim
1396 3664 1407 3702 :
1443 3648 1492 3701 si
1543 3653 1737 3703 tamen
1789 3666 1920 3705 mox

273 3737 544 3792 sacerdos
576 3737 830 3801 futurus,
861 3735 1121 3807 dignaris
1151 3735 1341 3807 legere
1392 3736 1571 3792 libros
1604 3739 1674 3792 ad
1726 3740 1917 3793 erudi-

273 3824 493 3880 tionem
529 3825 876 3881 feminarum
901 3825 1294 3880 directos.Sed
1322 3826 1919 3895 tu,juvenculus,non

275 3914 610 3985 dedigneris
642 3913 832 3985 legere
865 3914 1018 3984 quod
1044 3913 1430 3984 Hieronymus
1449 3930 1623 3969 senex
1647 3916 1921 3987 dignatus

275 4005 366 4057 est
406 4003 676 4057 scribere.
714 4003 774 4056 In
809 4001 1128 4072 Epistolam
1178 4002 1249 4054 ad
1302 4002 1592 4057 Romanos
1651 4005 1836 4059 multa
1867 4011 1924 4060 et

274 4092 426 4146 mira
457 4092 693 4162 scripsit
732 4091 1032 4161 Origenes,
1068 4089 1283 4160 quibus
1313 4090 1626 4145 adversarii
1657 4093 1921 4161 ejusdem

274 4197 453 4251 prava
483 4182 750 4251 quadam
801 4180 1193 4243 inseruerunt,
1227 4195 1476 4248 quorum
1530 4197 1734 4246 unum,
1772 4183 1924 4236 sicut

271 4286 457 4339 nuper
486 4270 591 4323 tibi
626 4270 685 4323 in
711 4285 909 4324 aurem
935 4267 1161 4336 diliudi,
1180 4267 1304 4338 ipse
1327 4268 1380 4320 in
1403 4269 1606 4323 eodem
1630 4270 1922 4327 volumine

270 4359 551 4412 acerrime
621 4358 989 4413 condemnat.
1051 4357 1398 4411 Ambrosius
1469 4357 1922 4415 Mediolanensis

266 4446 578 4517 episcopus
605 4447 663 4500 in
698 4445 1071 4517 Evangelium
1131 4446 1455 4500 secundum
1508 4447 1748 4514 Lucam,
1775 4455 1831 4504 et
1863 4450 1921 4504 in

265 4551 471 4589 omnes
502 4534 791 4608 Epistolas
833 4534 995 4589 Pauli
1044 4535 1247 4590 breves
1289 4536 1742 4592 commentarios
1789 4537 1922 4593 reli-

265 4624 434 4694 quit;
460 4625 558 4678 sed
587 4623 1055 4696 explanationem
1090 4624 1161 4678 ad
1186 4624 1456 4679 Hebraeos
1490 4624 1764 4696 Epistola
1796 4628 1924 4699 ejus

263 4711 550 4766 volumini
584 4712 866 4768 insertam
901 4730 1016 4768 non
1049 4729 1180 4767 eum
1212 4712 1521 4784 scripsisse
1564 4715 1733 4770 multi
1787 4734 1922 4772 con-

271 4802 541 4868 tendunt,
577 4803 730 4873 quod
764 4807 819 4857 et
849 4803 1061 4858 veritas
1093 4803 1452 4873 comprobat.
1490 4804 1632 4859 Item
1659 4805 1925 4877 Pelagius

271 4890 476 4944 breves
534 4890 912 4946 sententiolae
943 4891 1001 4944 in
1044 4892 1278 4946 easdem
1334 4892 1570 4964 scripsit
1625 4894 1922 4965 epistolas.

274 4978 660 5052 Hieronymus
716 4979 1039 5036 latissimos
1096 4984 1376 5035 tractatus
1425 4981 1495 5034 ad
1557 4982 1810 5052 Galatas,
1853 4984 1922 5038 ad

276 5068 495 5138 Titum,
523 5070 591 5124 ad
626 5069 1024 5125 Philemonem
1062 5069 1389 5140 dereliquit.
1424 5071 1696 5142 Idemque
1726 5071 1925 5127 Hiero-

275 5174 490 5228 nymus
521 5163 579 5213 et
607 5159 974 5230 Augustinus
1005 5158 1336 5229 episcopus,
1373 5165 1543 5230 prout
1585 5160 1925 5232 interrogati

273 5247 525 5315 fuerant,
561 5248 630 5302 de
687 5248 933 5303 diversis
992 5247 1049 5300 in
1114 5245 1453 5316 Apostolum
1501 5249 1926 5318 quaestionibus

271 5335 437 5391 valde
487 5337 777 5407 proficuas
836 5336 1309 5404 conscripserunt
1385 5336 1680 5406 epistolas.
1740 5342 1927 5409 Super

267 5424 447 5478 Actus
480 5423 876 5492 apostolorum
931 5422 1054 5494 lege
1106 5423 1318 5476 Bedam
1381 5425 1824 5496 presbyterum;
1860 5431 1924 5481 In

265 5510 589 5584 Epistolam
622 5510 887 5575 Joannis,
922 5511 1339 5581 Augustinum,
1375 5512 1432 5565 in
1465 5530 1582 5582 qua
1640 5513 1919 5585 explana-

265 5600 425 5656 tione
456 5599 556 5669 qui
589 5598 666 5653 sit
695 5598 1061 5653 Christianus
1089 5615 1389 5670 agnosces.
1424 5606 1488 5654 In
1532 5609 1754 5673 septem
1808 5605 1924 5676 epi-

267 5688 454 5747 stolas
510 5689 660 5760 (quaa
718 5688 992 5743 dicuntur
1032 5688 1346 5760 canonicaa)
1378 5690 1922 5762 interpretationem

269 5779 437 5841 Bede
471 5777 790 5853 presbyteri
810 5777 1059 5852 require,
1074 5781 1131 5836 et
1150 5778 1414 5852 ejusdem
1441 5780 1921 5841 dilucidationem

2028 685 2178 738 beati
2210 686 2456 742 Joannis
2483 706 2495 753 ;
2529 690 2698 758 cujus
2729 693 2923 744 tamen
2982 693 3360 762 expositionis
3393 700 3670 770 Augusti-

2017 790 2180 840 num,
2217 774 2631 845 Hieronymum
2683 782 2739 830 et
2765 777 3110 849 Gregorium
3167 784 3480 840 seminaria
3538 804 3669 844 esse

2019 862 2425 929 noveris;licet
2457 865 2610 918 idem
2643 865 2797 920 Beda
2828 867 3150 939 saepissime
3172 871 3448 943 Tychonii
3482 876 3669 933 Dona-

2018 950 2165 1005 tistze
2180 968 2240 1008 se
2256 952 2886 1024 dicatexplanationem
2907 974 3012 1011 suo
3029 959 3310 1016 volumini
3325 962 3663 1032 inseruisse,

2020 1039 2078 1093 in
2112 1057 2225 1110 quo
2257 1041 2441 1096 multa
2471 1059 2702 1113 quoque
2742 1044 3009 1101 Primasii
3043 1047 3312 1120 discipuli
3345 1056 3530 1108 sancti
3553 1061 3670 1111 Au-

2021 1128 2242 1200 gustini
2291 1130 2447 1185 dicta
2504 1131 2719 1201 posuit,
2754 1137 2817 1186 ut
2864 1133 3031 1189 facile
3091 1140 3343 1207 potuerit
3375 1142 3671 1200 advertere

2022 1217 2120 1288 qui
2151 1219 2386 1272 eosdem
2414 1223 2753 1275 tractatores
2796 1223 3084 1278 curaverit
3128 1227 3388 1283 recitare.
3423 1229 3480 1284 Si
3514 1231 3668 1303 glos-

2023 1304 2184 1361 sulas
2214 1305 2466 1362 volueris
2496 1306 2553 1361 in
2576 1311 2754 1362 totam
2777 1309 3135 1381 Scripturam
3161 1315 3438 1383 divinam,
3456 1320 3674 1376 sufficit

2022 1394 2295 1450 Rabanus
2328 1396 2818 1467 Moguntiacensis
2842 1398 3338 1474 archiepiscopus.

2023 1519 2155 1573 CAP.
2216 1519 2283 1599 V,
2329 1551 2396 1558 —
2435 1521 2506 1574 De
2554 1521 2628 1599 iis
2690 1523 2785 1592 qui
2819 1537 2901 1599 ex
2941 1527 3234 1599 _occa._si0ne
3284 1527 3672 1599 dispulationi:

2091 1593 2334 1661 propriae
2391 1591 2657 1662 quasdam
2703 1591 3009 1649 ’sententz'as
3063 1596 3276 1654 divina?
3323 1591 3673 1661 auctoritatis

2095 1664 2553 1731 explanaverunt.

2098 1772 2385 1822 Hactenus
2417 1769 2487 1822 de
2520 1768 2612 1823 his
2644 1770 3028 1840 scriptoribus
3059 1774 3275 1830 dixisse
3299 1779 3553 1836 sufficiat
3573 1782 3673 1854 qui

2028 1874 2096 1911 ex
2145 1857 2467 1912 intentione
2516 1874 2710 1913 sacras
2756 1859 3085 1930 Scripturas
3143 1863 3433 1922 elucidare
3481 1871 3671 1925 conati

1947 1968 1993 2031 Β
2025 1945 2363 2000 sunt.Nunc
2395 1953 2589 2001 autem
2623 1947 2694 2001 de
2726 1947 2817 2002 his
2843 1949 3141 2005 doceberis
3159 1953 3255 2022 qui
3280 1970 3347 2008 ex
3369 1959 3674 2013 occasione

2029 2035 2442 2106 disputationis
2476 2035 2720 2107 propriae
2769 2038 3054 2107 quasdam
3101 2044 3420 2099 sententias
3467 2047 3675 2102 divinae

2030 2124 2394 2179 auctoritatis
2425 2125 2898 2196 explanaverunt.
2922 2129 3286 2198 Augustinus
3318 2132 3374 2186 in
3408 2132 3574 2190 libris
3598 2137 3680 2191 in-

2030 2214 2290 2268 numeris
2309 2231 2454 2284 quos
2477 2214 2842 2285 conscripsit,
2859 2221 3030 2286 prout
3051 2233 3112 2271 se
3131 2217 3390 2275 locorum
3404 2227 3460 2276 et
3480 2239 3675 2280 rerum

2029 2301 2240 2357 obtulit
2278 2303 2523 2372 occasio,
2557 2319 2789 2358 omnem
2846 2321 3010 2375 pene,
3045 2306 3163 2360 imo
3213 2325 3362 2373 vere,
3414 2317 3675 2371 sanctam

2029 2391 2388 2461 Scripturam
2428 2394 2714 2462 exposuit.
2751 2393 2929 2462 Cujus
2971 2394 3050 2448 rei
3101 2396 3480 2465 probamenta
3537 2410 3679 2459 sunt

2029 2478 2160 2533 libri
2193 2480 2636 2534 Confessionum
2686 2483 2834 2551 ejus,
2872 2499 3113 2538 numero
3170 2486 3469 2544 tredecim.
3506 2491 3678 2547 Liber

2027 2569 2286 2639 optimus
2345 2569 2416 2623 de
2478 2570 2629 2624 Bono
2682 2575 2925 2626 naturae.
2963 2576 3038 2626 De
3071 2572 3331 2630 Utilitate
3378 2580 3674 2637 credendi.

2028 2657 2388 2720 Quaestiones
2443 2659 2513 2713 de
2575 2657 2896 2714 Proverbiis
2955 2660 3285 2718 Salomonis
3342 2672 3399 2720 et
3456 2670 3676 2725 cmteris

2026 2746 2362 2816 Scripturis.
2405 2749 2544 2801 Item
2577 2748 2647 2801 de
2680 2747 2892 2814 Gratia,
2929 2749 2998 2804 de
3057 2750 3260 2807 Libero
3317 2755 3590 2828 Arbitrio,
3623 2763 3680 2814 et

2028 2834 2428 2899 Enchiridion,
2464 2836 2572 2890 hoc
2624 2842 2731 2903 est,
2794 2837 2863 2892 de
2912 2838 3043 2903 fide,
3107 2857 3208 2911 spe
3264 2848 3320 2896 et
3375 2844 3678 2917 charitate,

2029 2923 2086 2977 in
2121 2924 2338 2994 quibus
2369 2925 2455 2978 vel
2489 2924 2738 2980 maxime
2762 2924 3088 2982 intellectus
3109 2929 3538 3002 Scripturarum
3563 2937 3683 2992 elu-

2029 3017 2117 3067 cet
2149 3017 2201 3067 et
2236 3014 2294 3067 in
2348 3013 2480 3068 aliis
2536 3012 2696 3068 mille
2756 3012 2922 3070 libris
2981 3016 3190 3088 ipsius,
3225 3020 3377 3076 sicut
3407 3030 3540 3079 ante
3575 3043 3681 3082 nos

2026 3102 2248 3155 dictum
2298 3107 2385 3156 est
2419 3120 2430 3156 :
2465 3102 2528 3157 Si
2573 3104 2907 3173 Augustinus
2955 3104 3123 3176 adest,
3156 3109 3362 3178 sufﬁcit
3407 3113 3524 3181 ipse
3553 3116 3674 3170 tibi.

2025 3190 2332 3261 Speculum
2367 3191 2494 3259 ejus
2527 3192 2938 3261 require.Quid
2965 3194 3154 3249 dicam
3187 3197 3257 3251 de
3278 3197 3600 3256 Cassiano?
3621 3205 3678 3258 Si

2032 3283 2225 3333 tamen
2256 3278 2570 3348 aliquando
2604 3280 2919 3334 monachos
2965 3281 3229 3337 fastidire
3277 3286 3540 3354 desieris,
3576 3292 3676 3360 qui

2032 3367 2089 3420 in
2114 3366 2315 3437 viginti
2348 3370 2597 3436 quatuor
2629 3366 2797 3421 libris
2827 3368 3212 3424 Collationum
3245 3388 3393 3442 quos
3434 3377 3675 3433 totidem

2030 3454 2359 3510 senioribus
2387 3454 2814 3526 Apocalypseos
2864 3457 3108 3512 Joannis
3156 3467 3474 3532 comparat,
3508 3464 3590 3522 ita
3620 3473 3678 3524 et

2029 3549 2264 3616 propter
2287 3548 2413 3598 octo
2447 3543 2861 3615 principalium
2891 3545 3164 3602 vitiorum
3209 3551 3572 3610 occasionem
3605 3558 3676 3613 de

2029 3633 2154 3704 lege
2186 3637 2242 3687 et
2273 3633 2570 3704 prophetis
2593 3633 2954 3705 disputat,ut
2983 3652 3117 3690 eum
3147 3639 3345 3694 omnia
3372 3646 3679 3701 tractanda

2031 3721 2359 3792 suscepisse
2401 3739 2515 3776 non
2557 3722 2808 3778 dubites.
2834 3724 3091 3787 Qualiter
3133 3743 3264 3782 vero
3284 3732 3592 3802 Evangelia
3619 3738 3677 3789 et

2031 3810 2427 3882 apostolorum
2446 3810 2664 3883 scripta
2686 3812 3025 3866 disseruerit
3046 3813 3246 3870 nullus
3269 3818 3498 3874 credere
3523 3826 3678 3892 pote-

2033 3900 2125 3969 rit,
2144 3899 2253 3954 nisi
2271 3900 2369 3971 qui
2387 3899 2616 3954 lectioni
2630 3901 2967 3956 earumdem
2983 3901 3252 3958 collation
3264 3922 3359 3961 um
3376 3909 3677 3967 studiosus

2031 3988 2326 4042 institerit.
2359 3989 2541 4052 Quam
2576 3993 2768 4043 tamen
2800 3990 3124 4046 doctrinam
3148 3995 3528 4064 professionis
3559 4017 3678 4055 suae

2036 4093 2276 4145 memor,
2311 4077 2546 4130 Patrum
2581 4077 2898 4143 sanctitati,
2930 4095 3044 4134 non
3095 4097 3210 4136 sua
3265 4085 3464 4141 scribit
3510 4088 3678 4144 indu-

2033 4167 2204 4219 striae.
2233 4163 2387 4218 Libri
2423 4165 2621 4219 Isidori
2656 4165 3056 4237 Hispaniensis
3085 4171 3360 4244 episcopi,
3394 4175 3682 4247 Etymolo-

2032 4255 2261 4326 giarum
2323 4255 2556 4308 nomine
2617 4255 2854 4320 titulati,
2889 4258 3226 4314 omnimoda
3267 4266 3319 4315 te
3371 4264 3683 4333 perficiunt

2034 4343 2295 4398 scientia.
2331 4343 2474 4398 Item
2514 4344 2947 4400 Sententiarum
2975 4348 3103 4416 ejus
3150 4348 3500 4406 utilissimus
3531 4351 3681 4407 liber

2034 4431 2302 4486 occurrit.
2337 4431 2479 4486 Item
2537 4432 2688 4487 alius
2745 4435 2815 4487 de
2874 4434 3146 4490 Patribus
3202 4438 3426 4493 Veteris
3457 4443 3512 4494 et
3541 4439 3681 4495 Novi

2032 4519 2408 4574 Testamenti.
2445 4520 2586 4574 Item
2620 4521 2770 4575 alius
2800 4522 2869 4576 de
2898 4521 3114 4577 Ofﬁciis
3160 4528 3217 4579 et
3248 4525 3553 4584 ordinibus
3584 4544 3683 4584 ec-

2034 4607 2515 4679 clesiasticis,qui
2547 4608 2649 4663 tibi
2682 4625 2815 4664 mox
2836 4609 2936 4663 Dei
2963 4610 3152 4681 gratia
3170 4612 3364 4669 futuro
3395 4618 3678 4674 sacerdoti

1954 4700 2000 4763 D
2031 4697 2282 4752 maxime
2306 4701 2445 4753 sunt
2467 4697 2872 4765 necessarii,in
2900 4698 3116 4768 quibus
3139 4717 3370 4758 omnem
3397 4705 3679 4762 rationem

2033 4791 2091 4841 et
2120 4787 2359 4841 nomina
2407 4785 2773 4857 singularum
2825 4787 3206 4844 festivitatum
3239 4795 3295 4845 et
3317 4792 3678 4862 jejuniorum

2034 4876 2308 4946 reperies,
2325 4881 2390 4930 ut
2411 4892 2596 4947 praco
2620 4875 2719 4929 Dei
2740 4875 2973 4946 populis
2997 4878 3224 4934 futuras
3242 4881 3522 4938 stationes
3541 4900 3682 4954 prae-

2034 4965 2305 5019 nuntiare
2337 4964 2527 5035 possis
2556 4963 2822 5019 inKeriki
2845 4965 2985 5035 quia
3016 4967 3064 5022 si
3098 4985 3212 5022 non
3242 4971 3679 5026 annuntiaveris

2035 5052 2269 5125 populo,
2299 5053 2397 5124 qui
2429 5052 2810 5125 speculatoris
2842 5055 3098 5110 officium
3123 5057 3420 5113 desideras
3439 5060 3682 5116 venerit-

2036 5159 2147 5213 que
2179 5141 2410 5213 gladius
2440 5148 2497 5196 et
2526 5141 2721 5197 tulerit
2755 5160 2910 5213 eum,
2945 5145 3067 5215 ipse
3098 5144 3157 5199 in
3210 5145 3513 5217 iniquitate
3573 5166 3680 5205 sua

2034 5231 2335 5296 morietur,
2352 5231 2594 5302 sanguis
2613 5236 2807 5286 autem
2829 5232 2958 5302 ejus
2981 5234 3051 5287 de
3083 5250 3262 5289 manu
3295 5238 3395 5290 tua
3427 5236 3681 5307 require-

2033 5325 2128 5376 tur
2159 5321 2375 5387 (Ezech.
2410 5321 2626 5390 xxxm).

2034 5445 2164 5499 CAP.
2200 5443 2291 5497 VI.
2327 5475 2394 5484 ——
2426 5448 2502 5498 De
2535 5443 2689 5520 libris
2727 5444 2974 5520 ornando,
2999 5445 3296 5502 sacerdotio
3334 5451 3678 5520 necessariis,

2547 5515 3021 5586 epistolagraphis,
3053 5523 3164 5572 etc.

2106 5605 2250 5675 Ergo
2287 5602 2425 5673 quia
2451 5619 2577 5658 sese
2609 5604 2820 5658 obtulit
2851 5606 3075 5660 occasio
3117 5611 3182 5661 ut
3211 5607 3268 5661 in
3300 5608 3408 5664 hoc
3455 5608 3579 5664 loco
3607 5611 3680 5667 de

2033 5692 2380 5760 ministerio,
2395 5693 2550 5764 quod
2574 5693 2878 5750 subiturus
2895 5711 3020 5750 esse
3035 5699 3086 5751 te
3099 5696 3679 5756 attentiusinstruere

2030 5781 2296 5852 debeam,
2315 5786 2375 5839 et
2405 5799 2499 5838 me
2528 5783 2814 5855 imparem
2845 5789 3021 5848 tanta
3050 5785 3134 5842 rei
3165 5801 3436 5859 agnosco,
3461 5787 3676 5864 quippe
