4012 6198
355 473 474 534 999

1252 467 1323 528 B.
1371 465 1720 527 NOTKERI
1768 462 2096 526 BALBULI
2145 466 2206 523 S.
2257 467 2483 526 GALLI
2527 465 2880 527 MONACHI

3613 465 3785 526 1000

358 605 457 678 qui
490 619 594 660 nec
623 603 796 657 vitam
825 600 1117 672 propriam
1139 599 1572 666 custodire,nec
1592 616 1718 670 quae
1741 597 2003 667 aliquan-
2030 599 2082 664 Α
2113 596 2391 652 litereum
2416 597 2692 654 instruxit
2709 598 2896 652 vivere
2917 596 3250 664 studeas,et
3269 612 3384 652 non
3413 601 3548 669 post
3560 596 3784 653 matris

357 700 484 751 tum
509 692 694 749 sentio
718 691 921 746 idonee
943 687 1106 743 valeo
1129 689 1403 760 proferre,
1429 689 1598 743 mitto
1620 693 1676 743 te
1694 688 1763 743 ad
1789 687 2005 742 librum

360 782 512 840 beati
545 777 804 852 Gregorii
838 794 1021 850 papae,
1053 777 1152 848 qui
1202 776 1530 849 appellatur
1557 775 1777 849 Regula
1808 779 2004 846 pasto-

359 872 519 939 ralis,
535 870 633 926 sed
664 867 947 939 meo,imo
971 871 1034 921 ut
1055 867 1246 933 credo,
1262 867 1388 936 ejus
1411 869 1466 920 et
1485 865 1752 920 omnium
1776 863 2005 936 sapien-

354 963 504 1019 tium
531 957 753 1030 judicio
784 955 994 1012 melius
1031 959 1088 1010 et
1123 955 1316 1009 verius
1355 954 1648 1024 Speculum
1675 951 2005 1024 nuncupari

354 1050 662 1125 potuisset,
676 1046 736 1100 in
756 1062 870 1116 quo
884 1043 1076 1100 omnis
1090 1044 1264 1099 homo
1285 1043 1543 1115 seipsum
1567 1041 2005 1112 invenietquasi

353 1138 674 1210 depictum,
696 1140 754 1191 et
783 1133 1072 1206 praecipue
1099 1131 1356 1204 episcOpi
1385 1136 1442 1187 et
1471 1131 1813 1203 presbyteri,
1837 1130 1920 1185 ita
1940 1135 2006 1185 ut

357 1227 550 1286 omnis
582 1225 755 1280 homo
787 1239 902 1278 non
935 1221 1124 1277 solum
1157 1236 1456 1276 sermones
1495 1224 1551 1275 et
1591 1235 1785 1288 opera,
1817 1219 1916 1274 sed
1949 1222 2005 1274 et

354 1314 736 1388 cogitationes
766 1316 825 1367 et
853 1311 1115 1377 affectus,
1135 1325 1282 1380 quos
1318 1309 1568 1381 quisque
1596 1307 1684 1363 vel
1707 1312 1898 1372 antea,
1916 1306 2002 1362 vel

355 1406 415 1462 in
466 1405 593 1477 ipso
642 1399 964 1458 sacerdotio
1017 1399 1364 1470 conceperit,
1396 1399 1564 1469 quasi
1613 1397 1870 1452 viventes
1916 1394 2004 1450 vel

353 1493 724 1551 ambulantes
753 1489 1091 1545 ostenderit.
1124 1493 1186 1542 In
1221 1505 1336 1559 quo
1387 1488 1535 1542 libro
1567 1491 1686 1542 tam
1718 1485 1906 1540 multa
1934 1486 2005 1540 de

352 1583 510 1640 Novo
540 1585 596 1637 et
623 1578 815 1633 Veteri
848 1578 1219 1632 Testamento
1242 1576 1440 1647 posuit
1469 1581 1524 1631 et
1544 1574 1813 1647 exposuit
1836 1592 1848 1641 ;
1870 1578 1934 1629 ut
1954 1573 2003 1629 si

354 1688 490 1728 eum
525 1667 820 1725 memoriae
851 1665 1372 1734 commendaveris,
1405 1665 1667 1720 omnium
1717 1664 2000 1718 librorum

355 1760 603 1816 scientia
631 1757 880 1812 refertus
903 1771 1030 1810 esse
1061 1753 1331 1809 videaris.
1348 1755 1426 1809 Ex
1446 1754 1554 1808 hoc
1575 1769 1710 1824 ergo
1735 1751 2004 1807 trutinari

355 1848 530 1904 debes
561 1853 616 1902 et
653 1843 973 1901 examinari
1003 1849 1224 1909 utrum,
1247 1844 1320 1898 ob
1354 1843 1562 1898 animae
1585 1847 1696 1896 tua;
1727 1840 2001 1907 salutem,

2115 689 2226 740 tuae
2276 687 2689 743 consobrinum
2740 685 3014 743 anhelare
3067 686 3138 741 ad
3192 685 3625 758 episcopatum,
3673 688 3781 742 sed

2117 775 2324 830 timere
2353 780 2410 830 et
2439 792 2763 848 praeparare
2792 781 2846 830 te
2877 780 3110 846 satagas
3131 775 3205 830 ad
3236 781 3621 846 conspectum
3647 777 3783 843 Dei,

2114 863 2273 935 quia,
2309 864 2461 919 sicut
2508 866 2804 931 omnibus,
2832 863 3052 919 incerta
3096 868 3185 919 est
3231 864 3337 918 tibi
3387 864 3535 918 hora
3575 866 3779 920 exitus

2115 953 2220 1007 tui.

2114 1060 2246 1115 CAP.
2279 1060 2401 1115 VII.
2435 1093 2503 1100 —-
2549 1065 2635 1115 De
2691 1059 3426 1136 metroru.m,__hyr_nnorum,
3485 1065 3776 1136 epigram-

2566 1137 2880 1203 matumque
2901 1132 3294 1187 conditoribus.

2189 1240 2246 1294 Si
2279 1255 2411 1295 vero
2433 1239 2608 1295 etiam
2631 1243 2819 1294 metra
2844 1238 3200 1310 requisieris,
3231 1256 3346 1295 non
3369 1246 3516 1296 sunt
3539 1241 3643 1297 tibi
3667 1259 3775 1298 ne-

2119 1329 2382 1384 cessariae
2403 1328 2709 1400 gentilium
2727 1327 3061 1397 fabulae,sed
3077 1327 3257 1383 habes
3278 1328 3339 1382 in
3363 1329 3774 1387 Christianita-

2117 1421 2171 1472 te
2185 1417 2708 1488 prudentissimum
2729 1416 3103 1472 Prudentium
3126 1416 3195 1471 de
3211 1419 3417 1472 mundi
3433 1421 3773 1483 exordio,de

2116 1506 2576 1578 martyribus,de
2599 1505 2872 1561 laudibus
2887 1505 3009 1570 Dei,
3032 1507 3099 1560 de
3123 1507 3395 1562 Patribus
3418 1507 3567 1564 Novi
3592 1515 3651 1564 et
3667 1509 3770 1566 Ve-

2114 1595 2254 1649 teris
2287 1595 2641 1649 Testamenti
2676 1592 3018 1648 dulcissime
3041 1593 3772 1662 modulantem,virtutum

2114 1689 2170 1738 et
2193 1682 2462 1737 vitiorum
2495 1683 2645 1738 inter
2665 1698 2726 1737 se
2748 1681 3053 1738 conflictus
3076 1682 3441 1755 tr0pologica
3461 1685 3773 1742 dulcedine

2114 1771 2461 1827 suavissime
2494 1772 2902 1842 proferentem,
2935 1777 3140 1826 contra
3172 1771 3476 1829 hereticos
3505 1781 3564 1830 et
3592 1792 3773 1848 paga-

2112 1877 2219 1915 nos
2251 1861 2530 1915 acerrime
2553 1865 2915 1932 pugnantem
2953 1877 2966 1915 :
3001 1860 3310 1916 Alewinus
3341 1879 3492 1929 vero,
3528 1864 3773 1920 nomine

353 1943 743 2002 sacerdotium
756 1940 1068 2008 declinare,
1084 1946 1140 1997 et
1151 1957 1353 1996 eorum
1379 1938 1703 2010 periculum
1719 1955 1868 2010 quos
1882 1954 2004 1992 cor-

2114 1950 2308 2005 Avitus
2345 1955 2438 2016 [zta
2472 1950 2623 2020 ϐοά.⁵
2659 1951 2799 2004 alias
2831 1948 3139 2018 Alcimus],
3164 1948 3299 2005 licet
3326 1950 3625 2006 historiam
3653 1953 3768 2009 Ge-

350 2035 539 2108 rigere
573 2031 902 2104 nequiveris
927 2031 1151 2102 fugere,
1171 2029 1258 2084 vel
1283 2032 1516 2100 propter
1537 2027 1618 2082 tui
1644 2027 1996 2093 custodiam,

351 2123 492 2197 quia
522 2121 914 2179 ministerium
936 2119 1134 2191 ipsum
1160 2118 1385 2174 vitiiste
1407 2117 1710 2187 subjacere
1734 2115 2002 2188 prohibet

347 2218 406 2271 et
442 2229 643 2270 eorum
686 2227 831 2283 quos
879 2214 1212 2265 convertere
1262 2207 1480 2280 poteris
1538 2205 1770 2261 lucrum
1801 2204 2000 2259 subire

347 2303 582 2372 debeas,
612 2300 703 2356 vel
733 2297 1131 2366 ambire,licet
1160 2298 1268 2353 hoc
1296 2297 1536 2352 verbum
1572 2293 1996 2367 periculosissi-

336 2409 501 2448 mum
532 2392 610 2447 sit
632 2393 688 2446 et
719 2387 1131 2452 foedissimum,
1165 2387 1384 2442 nedum
1415 2384 1590 2440 etiam
1623 2384 1681 2438 in
1733 2382 1995 2439 efﬁcien-

333 2480 480 2536 tiam
510 2479 665 2552 apud
689 2476 1054 2533 Christianos
1073 2475 1268 2531 veniat
1289 2479 1345 2530 et
1365 2473 1618 2529 maxime
1640 2472 1995 2528 sacerdotes.

335 2579 523 2634 Habes
553 2574 935 2639 Eucherium,
958 2573 1175 2638 nescio,
1206 2576 1403 2627 utrum
1435 2571 1632 2643 ipsum
1664 2586 1837 2641 quem
1864 2571 1994 2624 bea-

334 2665 604 2720 tissimus
618 2662 984 2734 Augustinus
999 2662 1405 2733 presbyterum
1430 2677 1498 2716 ex
1513 2658 1794 2730 Hispania
1816 2657 1995 2713 veteri

335 2752 537 2810 morbo
567 2750 775 2808 calculi
817 2749 1180 2806 laborantem
1227 2765 1331 2820 per
1377 2747 1817 2804 sanctissimum
1870 2747 1994 2801 Ste-

335 2859 475 2899 num
500 2842 560 2898 in
581 2841 732 2897 libro
757 2838 1043 2911 vigesimo
1062 2839 1318 2892 secundo
1341 2838 1411 2891 de
1423 2835 1664 2891 Civitate
1678 2833 1779 2889 Dei
1797 2836 1996 2888 narrat

337 2931 837 3003 phacuratum,an
869 2925 1050 2981 alium
1081 2925 1422 2996 episcopum
1451 2923 1534 2978 vel
1569 2919 1996 2991 doctorem,qui

336 3015 555 3073 multas
575 3021 633 3072 et
648 3014 997 3070 utilissimas
1016 3012 1546 3084 interpretationes,
1561 3009 1918 3082 tropologias
1935 3013 1994 3065 et

335 3121 630 3178 anagoges
663 3118 963 3160 sacrarum
995 3101 1434 3173 Scripturarum
1463 3099 1768 3172 proposuit
1790 3103 1846 3154 et
1870 3099 1990 3154 dis-

333 3192 689 3259 solvit.Quid
720 3190 912 3247 dicam
944 3191 1016 3246 de
1045 3189 1273 3257 Albino,
1294 3189 1575 3262 magistro
1597 3187 1780 3243 Caroli
1805 3187 1989 3258 impe-

335 3281 586 3340 ratoris?
617 3281 739 3353 qui,
773 3285 840 3336 ut
889 3282 952 3334 tu
987 3279 1113 3351 ipse
1141 3277 1309 3334 fateri
1339 3277 1548 3334 solitus
1578 3293 1660 3342 es,
1693 3276 1840 3331 nulli
1889 3292 1986 3332 se-

590 3337 941 3435 esso'voluit,
956 3337 1058 3424 se‘d
1076 3367 1134 3422 in
1154 3367 1469 3440 gentilibus
1492 3371 1547 3422 et
1569 3337 1752 3422 sacris
1771 3365 1984 3422 litteris
2015 3337 2058 3404 Ο

331 3477 535 3516 omnes
555 3475 830 3531 superare
859 3457 1177 3513 contendit.
1201 3455 1303 3512 Ille
1332 3455 1507 3511 talem
1536 3455 1983 3527 grammaticam

332 3548 612 3615 condidit,
636 3552 702 3603 ut
730 3547 1015 3614 Donatus,
1049 3545 1464 3612 Nicomachus,
1503 3543 1898 3599 Domisitheus
1927 3547 1986 3600 et

332 3642 532 3695 noster
563 3636 896 3694 Priscianus
925 3635 985 3690 in
1019 3635 1148 3706 ejus
1179 3633 1611 3706 comparatione
1642 3632 1786 3686 nihil
1831 3648 1978 3700 esse,

329 3727 658 3784 videantur.
673 3725 782 3781 Sed
813 3725 918 3780 tibi
951 3724 1130 3780 stulto
1161 3723 1316 3778 idem
1349 3723 1419 3776 de
1439 3720 1984 3791 dialectica,fide,et

329 3833 433 3889 spe
461 3821 517 3873 et
548 3814 832 3872 charitate
861 3811 1049 3869 multa
1079 3810 1418 3882 disputavit,
1439 3809 1582 3864 adeo
1613 3812 1678 3862 ut
1709 3808 1888 3862 etiam
1921 3808 1979 3862 in

330 3903 707 3975 Evangelium
733 3901 976 3958 Joannis
1009 3916 1251 3956 manum
1306 3897 1533 3952 mittere
1581 3901 1978 3968 praesumeret.

327 3990 574 4063 Scripsit
592 3991 748 4047 enim
771 3991 844 4044 ad
868 3990 1089 4045 amicos
1110 3988 1386 4060 plurima,
1404 3987 1693 4058 praecipue
1714 3985 1786 4040 ad
1808 3985 1982 4041 Wito-

331 4095 488 4136 nem.
505 4076 794 4151 Epistolas
808 4093 942 4133 vero
956 4079 1083 4148 ejus
1094 4077 1201 4132 tibi
1216 4076 1626 4132 commendare
1641 4091 1753 4129 non
1773 4075 1979 4143 audeo,

332 4169 473 4242 quia
500 4166 608 4224 tibi
639 4165 882 4240 puerulo
912 4182 1041 4221 eam
1069 4164 1378 4236 supercilio
1409 4165 1637 4236 scriptae
1686 4164 1976 4220 videntur.

330 4266 441 4323 Sed
474 4281 581 4339 ego
610 4265 692 4320 ita
721 4280 836 4320 non
870 4262 1236 4333 sentio,quia
1257 4261 1353 4316 ille
1370 4263 1541 4332 juxta
1569 4261 1978 4316 auctoritatem

328 4370 498 4412 suam
521 4369 638 4426 qua
650 4368 854 4409 omnes
877 4354 1006 4423 post
1027 4364 1230 4422 regum
1255 4348 1727 4421 potentissimum
1752 4349 1980 4420 praecel-

324 4445 502 4512 lebat,
534 4447 593 4498 et
623 4442 854 4498 locutus
885 4444 993 4511 est,
1008 4443 1066 4495 et
1092 4437 1234 4494 vixit
1262 4443 1319 4494 et
1338 4437 1592 4509 scripsit.
1623 4439 1977 4494 Commendo

325 4531 604 4606 epistolas
623 4529 958 4600 Hieronymi
983 4544 1099 4584 non
1121 4527 1282 4584 illius
1302 4527 1483 4582 Graeci
1508 4527 1719 4599 pagani
1741 4527 1972 4583 idolola-

326 4625 452 4687 traa,
484 4618 586 4674 sed
643 4618 828 4675 nostri
877 4615 1254 4673 ecclesiastici
1299 4615 1541 4671 cultoris
1581 4615 1700 4670 veri
1741 4615 1879 4680 Dei;
1915 4615 1974 4670 in

2112 2055 2318 2094 neseos
2333 2038 2498 2110 quasi
2515 2037 2702 2093 solam
2718 2038 3127 2109 assumpserit,
3144 2043 3337 2094 tamen
3351 2039 3542 2094 omnia
3553 2046 3771 2097 nostra

2109 2127 2451 2183 dulcissimo
2473 2127 2732 2182 carmine
2763 2126 3110 2193 decantavit,
3130 2131 3186 2181 et
3209 2126 3673 2198 pulcherrimum
3695 2129 3768 2184 li-

2107 2217 2280 2272 brum
2311 2217 2384 2272 de
2413 2215 2759 2287 Virginitate
2788 2215 2857 2270 ad
2882 2231 3141 2270 sororem
3163 2232 3333 2271 suam
3358 2217 3696 2289 descripsit,
3711 2222 3769 2274 et

2110 2306 2292 2361 alium
2324 2305 2394 2360 de
2425 2304 2794 2360 Institutione
2826 2303 3308 2375 mortalium,pro
3330 2319 3450 2376 quo
3481 2309 3548 2359 tu
3577 2304 3766 2378 legisti

2107 2393 2491 2449 Catonianum
2517 2411 2530 2459 ;
2565 2393 2664 2449 sed
2687 2393 3036 2464 quantocius
3065 2393 3236 2449 facito
3266 2397 3440 2449 tuum
3470 2409 3626 2450 esse.
3655 2395 3760 2451 εἰει·

2105 2499 2348 2539 vencum
2381 2487 2438 2538 et
2455 2481 2732 2538 Sedulum
2762 2485 3072 2549 oratorem,
3108 2481 3480 2554 hymnosque
3521 2485 3758 2540 Ambro-

2107 2573 2304 2628 sianos
2335 2572 2453 2628 scio
2483 2571 2622 2642 quia
2638 2572 2764 2640 jam
2797 2569 3090 2627 memoriae
3122 2572 3757 2637 commendasti.0uod

2107 2660 2154 2716 si
2185 2661 2497 2732 scriptores
2545 2658 2972 2715 ecclesiasticos
3019 2675 3191 2716 nosse
3243 2660 3575 2730 desideras,
3609 2662 3761 2717 inani

2103 2747 2300 2805 labore
2330 2748 2604 2814 tabescis,
2635 2764 2769 2803 cum
2800 2747 3092 2819 hodieque
3129 2751 3186 2803 et
3233 2765 3424 2820 usque
3470 2748 3538 2804 in
3586 2750 3759 2806 ﬁnem

2105 2837 2302 2892 seaculi
2333 2854 2448 2892 non
2479 2837 2673 2892 desint
2701 2836 2801 2908 qui
2829 2835 3000 2892 utilia
3029 2837 3285 2892 scribere
3316 2837 3576 2909 possint.
3600 2841 3659 2894 Si
3683 2845 3763 2896 ta-

2104 2942 2237 2980 men
2269 2925 2541 2996 antiquos
2571 2930 2837 2982 auctores
2866 2941 3041 2981 nosse
3069 2925 3346 2992 volueris,
3376 2925 3512 3000 lege
3541 2927 3760 2984 librum

2102 3015 2256 3070 beati
2278 3014 2611 3086 Hieronymi
2642 3015 2713 3070 de
2752 3014 3082 3070 Illustribus
3103 3014 3260 3070 Viris
3295 3031 3330 3070 a
3351 3021 3562 3073 sancto
3591 3021 3758 3074 Petro

2101 3120 2288 3176 usque
2318 3103 2390 3159 ad
2421 3103 2502 3160 sei
2510 3120 2706 3175 psum,
2729 3109 2786 3159 et
2807 3102 3089 3159 Gennadii
3111 3103 3379 3159 Toletani
3401 3105 3666 3178 episcopi
3684 3107 3755 3162 ab

2098 3191 2404 3248 Ambrosio
2457 3209 2646 3264 usque
2675 3193 2747 3248 ad
2781 3192 3054 3248 eumdem
3084 3191 3480 3249 Gennadium.
3506 3194 3665 3264 Vale,
3691 3199 3757 3251 et

2098 3281 2415 3352 aliquando
2445 3279 2549 3336 tibi
2581 3281 2725 3336 satis
2756 3282 2834 3336 sit
2860 3280 3151 3337 exhausti.
3178 3281 3290 3338 Sed
3321 3283 3470 3354 quid
3496 3284 3611 3340 tibi
3639 3285 3755 3340 avi-

2095 3371 2335 3426 ditatem
2366 3375 2527 3425 tuam
2560 3369 2785 3441 imputo
2815 3387 2951 3426 cum
2985 3387 3176 3426 meam
3234 3372 3571 3428 socordiam
3631 3373 3755 3445 ipse

2094 3459 2452 3530 reprehendo
2475 3460 2502 3514 ἲ
2532 3458 2701 3515 Modo
2732 3463 2900 3529 Deus,
2926 3458 3025 3530 qui
3056 3460 3256 3515 omnia
3283 3460 3391 3516 tibi
3423 3467 3753 3534 prosperat,

2093 3552 2445 3620 Prosperum
2478 3547 2621 3604 mihi
2655 3548 2924 3618 perduxit
2944 3548 3017 3603 ad
3043 3549 3409 3614 memoriam,
3435 3553 3613 3621 cujus
3634 3551 3756 3623 epi-

2093 3641 2439 3708 grammata,
2473 3635 2610 3690 licet
2639 3636 2878 3700 invitus,
2901 3636 3086 3692 habes
3119 3636 3180 3691 in
3212 3639 3375 3693 corde
3423 3639 3752 3710 descripta.

2095 3725 2292 3780 Libros
2324 3730 2516 3779 autem
2560 3725 2686 3794 ejus
2717 3725 2788 3779 de
2819 3725 2951 3780 Vita
2993 3725 3183 3781 activa
3212 3731 3262 3781 et
3286 3725 3754 3795 contemplativa

2093 3813 2282 3869 nescis
2315 3813 2526 3882 adhuc,
2559 3829 2706 3883 quos
2739 3814 2787 3868 si
2819 3813 3091 3869 didiceris
3135 3820 3194 3869 et
3239 3812 3625 3870 observaveris
3645 3815 3748 3884 (ut

2090 3903 2324 3958 tandem
2353 3901 2670 3972 aliquando
2702 3903 2963 3974 aperiam
2997 3902 3139 3974 quid
3163 3904 3386 3976 jugiter
3432 3903 3740 3958 sacerdotii

2091 3991 2327 4047 nomine
2376 3990 2728 4062 signiﬁcem)
2777 3991 3114 4062 episcopatu
3170 3992 3558 4065 dignissimus
3606 3992 3747 4049 eris.

2089 4080 2248 4136 Eheu
2271 4079 2399 4135 lsed
2424 4079 2568 4134 mihi
2593 4083 2716 4134 tum
2739 4097 2917 4151 quam
2953 4078 3206 4136 molliter
3237 4098 3378 4138 ossa
3406 4083 3750 4153 quiescent!

2090 4170 2306 4225 Iterum
2335 4169 2667 4239 iterumque
2698 4168 2904 4224 valeto.

2089 4281 2219 4332 CAP.
2280 4275 2408 4331 VIII
2460 4306 2530 4316 ——
2577 4277 2652 4330 De
2710 4276 2854 4332 libro
2911 4276 3209 4332 Consensus
3257 4279 3756 4347 evangelistamm,

2371 4351 2424 4402 et
2453 4347 2523 4403 de
2541 4347 2668 4402 Fide
2697 4347 2765 4402 ad
2798 4349 3018 4403 Petrum
3038 4348 3094 4404 S.
3129 4349 3448 4418 Augustini.

2161 4455 2400 4510 Lerneze
2433 4451 2654 4525 paludi,
2677 4453 2926 4525 hydrino
2949 4455 3151 4526 capiti,
3171 4472 3272 4511 seu
3298 4461 3453 4511 certe
3476 4472 3621 4528 rogo
3647 4458 3763 4513 ﬂa-

2087 4548 2291 4616 grante
2303 4549 2358 4598 te
2375 4542 2857 4614 comparaverim,
2875 4559 3128 4615 quorum
3151 4544 3409 4617 singula,
3431 4545 3618 4612 aliud,
3637 4563 3764 4619 quo

2087 4632 2348 4688 crebrius
2381 4632 2691 4688 obturatur
2720 4632 2936 4703 saepius
2961 4633 3261 4706 erumpit;
3299 4634 3482 4696 aliud,
3517 4637 3766 4692 succiso

328 4708 546 4799 quibus
591 4723 823 4763 omnem
875 4706 1247 4799 serietatem,_
1268 4704 1477 4799 ωίτεξῐῐι
1527 4701 1969 4799 ,ἱοουξαίξοξῖθῐῖξν
1998 4707 2047 4771 Ι)
2081 4738 2197 4777 uno
2212 4719 2672 4792 millecapitibus
2689 4701 3028 4792 pullulascit
3048 4741 3060 4788 ;
3082 4701 3386 4795 alius,quo
3403 4723 3763 4799 pluraligna

327 4796 765 4868 Scripturarum
799 4811 1098 4851 sacrarum
1123 4790 1976 4866 explanationem,virginitatis

327 4890 388 4941 et
412 4881 716 4941 viduitatis
750 4884 1232 4953 exhortationem,
1276 4882 1576 4954 lapsorum
1615 4880 1976 4937 sublevatio-

330 4973 846 5041 nem,clericOrum
858 4972 1346 5028 etmonachorum
1368 4987 1434 5026 ac
1455 4970 1771 5042 virginum,
1787 4970 1907 5026 imo
1923 4978 1979 5027 et

329 5071 772 5130 tbrnicariarum
788 5071 1138 5127 modernaru
1149 5085 1204 5123 m
1217 5068 1657 5124 insectationem
1671 5073 1789 5124 tam
1802 5069 1973 5125 vehe-

329 5165 587 5218 mentem
619 5161 892 5232 reperies,
913 5163 996 5223 ut,
1016 5158 1066 5214 si
1097 5161 1152 5213 te
1185 5157 1377 5228 ipsum
1410 5156 1686 5212 clericum
1709 5175 1836 5212 esse
1854 5173 1974 5214 me-

327 5251 591 5320 mineris,
606 5266 722 5305 non
745 5249 821 5305 sit
841 5249 996 5319 quod
1019 5246 1321 5303 monachis
1352 5250 1408 5301 et
1428 5245 1973 5303 sanctimonialibus

325 5340 578 5412 objicere
608 5338 818 5410 possis.
851 5337 962 5393 Sed
993 5353 1172 5392 unam
1222 5333 1381 5390 illam
1429 5334 1605 5404 aetati,
1640 5337 1970 5406 progenito-

324 5430 492 5486 ribus
523 5433 580 5484 et
601 5425 1094 5500 proximis,indoli
1115 5430 1172 5480 et
1193 5421 1514 5479 ministerio
1536 5427 1634 5477 tuo
1655 5440 1974 5496 congruen-

322 5519 616 5576 tissimam
643 5516 987 5573 commendo
1003 5513 1311 5586 epistolam
1342 5512 1414 5568 ad
1448 5512 1972 5583 Nepotianum,co-

324 5612 572 5676 gnatum
591 5605 882 5661 Heliodori
903 5601 1182 5674 episcOpi,
1202 5601 1302 5672 qui
1327 5601 1559 5656 futurus
1577 5604 1708 5672 post
1719 5617 1972 5658 avuncu-

319 5690 446 5745 lum
477 5707 654 5745 suum
695 5692 1042 5763 sperabatur
1085 5689 1418 5759 episcopus,
1449 5694 1506 5742 et
1543 5689 1737 5745 subita
1783 5698 1971 5750 morte

323 5781 644 5854 purgatus
657 5783 767 5848 est,
781 5782 846 5835 ut
857 5776 1179 5836 secundum
1189 5774 1367 5834 talem
1380 5775 1810 5840 institutionem
1825 5797 1969 5855 qua-

2085 4810 2387 4880 voraverit,
2409 4807 2662 4880 amplius
2684 4811 2940 4866 voranda
2960 4811 3252 4868 desiderat
3276 4829 3290 4868 :
3319 4814 3400 4868 Ita
3420 4819 3476 4868 et
3506 4817 3595 4879 tu,
3613 4830 3759 4870 cum

2083 4900 2143 4955 in
2169 4915 2284 4954 uno
2303 4897 2404 4953 tibi
2424 4898 2784 4965 satisfecero,
2799 4898 2913 4954 alia
2925 4904 2981 4954 et
2992 4899 3106 4956 alia
3119 4916 3267 4956 nova
3278 4906 3336 4956 et
3349 4900 3760 4972 impossibilia

2087 4985 2459 5043 debilissimae
2485 4985 2690 5041 cervici
2733 4987 3038 5042 subeunda
3069 5005 3184 5044 non
3216 4988 3610 5060 exhorrescis,
3632 5005 3754 5047 non

2083 5078 2398 5144 times,non
2412 5074 2886 5146 expavescis,non
2905 5075 3112 5132 saltem
3128 5078 3534 5134 misericordia
3547 5086 3755 5136 motus

2083 5166 2305 5222 desinis
2322 5165 2640 5235 imponere.
2665 5169 2816 5236 Apto
2833 5180 2967 5237 ergo
2988 5165 3256 5222 infirmos
3273 5166 3560 5223 humeros
3581 5169 3751 5240 gravi

2083 5254 2342 5322 sarcinas,
2378 5252 2454 5324 pii
2487 5252 2799 5324 provisoris
2828 5254 2941 5308 mei
2972 5258 3060 5309 est
3090 5254 3198 5310 hac
3228 5270 3320 5310 me
3349 5257 3748 5326 quandocun-

2084 5359 2197 5415 que
2227 5341 2496 5396 relevare.
2531 5340 2693 5404 Quod
2724 5345 2918 5396 tamen
2952 5342 3034 5396 ita
3064 5342 3288 5398 dictum
3324 5343 3559 5399 noveris
3608 5348 3746 5399 ante

2082 5433 2370 5497 Deum,ut
2399 5429 2447 5485 si
2475 5445 2602 5501 qua:
2629 5429 2774 5484 mihi
2805 5429 3055 5487 fraterne
3075 5433 3384 5504 injungere
3405 5438 3464 5487 et
3492 5449 3614 5489 non
3636 5433 3746 5487 im-

2082 5520 2365 5593 peratorie
2393 5518 2646 5575 volueris
2667 5519 2988 5591 imponere,
3003 5522 3193 5591 quoad
3215 5521 3427 5587 vivam,
3447 5523 3519 5578 ad
3539 5519 3742 5576 volun-

2080 5614 2258 5667 tatem
2291 5613 2454 5664 tuam
2489 5609 2658 5680 cupio
2690 5609 3168 5680 promptissimus
3198 5610 3740 5666 esse.0rdinatio:e

2081 5699 2180 5753 Dei
2228 5699 2316 5770 (ut
2365 5697 2560 5763 credo)
2592 5713 2706 5751 non
2759 5697 3017 5754 humana
3057 5698 3355 5754 voluntate
3385 5699 3611 5754 factum
3642 5701 3740 5753 est

2080 5788 2235 5861 quod
2266 5785 2398 5843 libri
2429 5785 2609 5843 sancti
2642 5787 2956 5859 Augustini
2989 5787 3059 5848 de
3088 5787 3463 5867 Symphonia,
3491 5793 3566 5847 ut
3605 5789 3740 5861 ipse
