4012 6198
337 380 494 443 1003

1217 388 1283 446 Β.
1333 390 1677 449 NUTKERI
1725 390 2059 449 BALBULI
2106 390 2169 448 S.
2220 388 2450 448 GALLI
2496 387 2846 448 MUNAGHI

3579 385 3752 447 1004

337 515 563 588 utique,
596 521 651 571 et
680 516 1027 589 Serapionas
1079 523 1134 572 et
1182 518 1383 587 viginti
1434 525 1688 591 quatuor
1726 520 1983 575 seniores
2013 520 2067 586 Α
2099 536 2262 585 num,
2286 518 2573 574 viventem
2605 522 2891 583 nostrum,
2941 514 3279 601 defunctum
3338 518 3639 582 nostrum,
3672 534 3753 574 ne

340 621 475 663 cum
514 605 744 661 inﬁnita
787 605 1162 662 multitudine
1213 608 1322 663 sub
1378 624 1578 664 eorum
1640 609 1980 665 umbraculo
2092 607 2311 663 sterilis
2335 608 2529 662 Africa
2557 608 2627 662 de
2657 610 2817 661 tanta
2849 605 3201 660 fecunditate
3225 621 3287 660 se
3317 605 3529 660 audeat
3573 606 3755 676 jacti-

339 696 823 771 germinantium.

340 815 475 869 CAP.
507 812 582 867 ΧΙ
592 813 630 867 Ι.
666 844 733 853 -
765 813 1060 869 Ecclesium
1082 813 1486 869 Occidentalcm
1504 819 1817 877 sanctorum
1846 815 1990 869 mul-

412 884 648 957 titudine
678 884 957 957 Orientali
975 901 1329 957 nequaquam
1349 888 1675 955 inferiorem
1696 902 1810 941 esse
1839 886 1990 941 docet

415 956 768 1012 Commendat
824 956 1111 1013 lectionem
1167 956 1463 1025 Prisciani,
1519 958 1735 1029 Iosephi
1788 965 1841 1012 et
1896 959 1990 1013 He-

408 1030 638 1101 gesippi.

412 1143 694 1200 Occidens
723 1143 896 1200 etiam
926 1145 1071 1217 ipse,
1102 1142 1239 1198 licet
1290 1158 1439 1211 sero,
1496 1144 1734 1200 tandem
1790 1148 1986 1201 tamen

339 1233 654 1307 aliquando
686 1233 747 1289 in
779 1249 1015 1307 germen
1065 1232 1277 1305 erupit,
1308 1232 1618 1287 Martinam
1670 1234 1988 1289 Pannoniis

340 1327 623 1391 ortum,et
651 1339 765 1379 non
790 1321 982 1379 solum
1031 1321 1425 1389 Germaniam,
1460 1320 1547 1376 vel
1610 1321 1833 1377 Italiam
1883 1338 1985 1377 seu

284 1426 291 1433 ‘
343 1411 562 1469 Gallias
580 1410 1007 1484 suapraesentia
1019 1409 1577 1481 illuminantem,sed
1593 1410 1766 1466 etiam
1782 1426 1986 1466 omnes

354 1500 699 1570 Orientales,
730 1500 878 1571 ipsis
906 1499 1177 1566 testibus,
1228 1497 1490 1554 claritate
1530 1498 1770 1554 luminis
1820 1515 1990 1570 supe-

344 1595 592 1647 rantem.
621 1591 776 1655 Quos
808 1588 980 1644 etiam
1004 1588 1284 1659 magister
1303 1589 1431 1659 ejus
1480 1587 1735 1644 Ililarius
1780 1605 1987 1660 corpo-

262 1686 263 1689 “
350 1678 956 1736 raliterillustrandos
985 1677 1148 1733 adiit.
1178 1677 1294 1733 Deo
1351 1679 1590 1751 gratias.
1616 1677 1797 1733 Credo
1851 1678 1988 1749 quia

345 1767 796 1841 aequiparaverit
846 1770 1046 1823 nostra
1090 1766 1335 1822 tarditas
1390 1784 1592 1823 eorum
1637 1768 1983 1839 prioratum,

344 1873 480 1914 cum
511 1857 744 1914 intueor
773 1855 1170 1924 Ambrosium,
1213 1856 1651 1928 Hieronymum,
1708 1856 1991 1929 Augusti-
2021 1842 2069 1908 Β

2092 702 2216 751 tare
2250 695 2878 764 ;Maximum,Clarum,
2905 692 3369 766 Simplicianum,
3396 694 3752 763 Eusebium,

2102 784 2425 853 Aurelium,
2456 785 2751 852 Severum,
2808 782 3168 850 Severinum,
3221 780 3533 852 Briccium,
3598 783 3755 839 Pau-

2100 876 2286 931 linum
2306 875 2717 930 Treverensem
2758 876 2816 928 et
2844 871 3155 942 Nolanum,
3188 871 3356 942 quasi
3389 873 3531 927 astri
3566 872 3754 929 simul

2100 963 2560 1036 procedentes,et
2579 962 2731 1018 circa
2750 962 2927 1016 ﬁnem
2953 960 3139 1016 noctis
3170 960 3314 1016 alios
3334 960 3520 1017 multo
3548 961 3755 1034 plures

2099 1069 2348 1125 quorum
2370 1052 2543 1108 etiam
2568 1051 2809 1107 nomina
2829 1050 3108 1105 virtutum
3132 1055 3583 1122 suntpraasaga;
3606 1052 3757 1108 Con-

2098 1141 2282 1215 gellos
2315 1141 2536 1197 scilicet
2563 1141 2662 1212 qui
2695 1141 3151 1211 interpretantur
3182 1138 3382 1194 Fausti
3408 1138 3751 1207 ;Columbas

2100 1231 2513 1296 Columbanos,
2544 1228 2761 1297 Gallos,
2801 1228 3146 1300 Gregorium
3174 1228 3497 1302 ’quintum,
3531 1247 3746 1287 nomen

2096 1318 2495 1391 Chrysostomi
2527 1318 2740 1375 Graecis
2769 1317 3128 1374 auferentem
3163 1318 3745 1387 :BenedictosJiono-

2097 1417 2272 1480 ratos,
2307 1408 2656 1479 Libertinos,
2687 1406 3000 1464 Othmaros
3030 1410 3299 1462 nostrum
3330 1412 3389 1463 et
3416 1407 3745 1482 Belgicum.

2096 1501 2397 1563 Caeterum,
2418 1497 2467 1553 si
2489 1502 2548 1553 et
2576 1496 2884 1570 gentilium
2913 1501 3183 1553 auctores
3212 1513 3390 1553 nosse
3418 1499 3748 1573 desideras,

2094 1586 2459 1645 Priscianum
2486 1585 2644 1658 lege;
2675 1584 2914 1656 Josephi
2935 1601 3070 1641 vero
3093 1585 3323 1641 Judaici
3354 1586 3637 1645 historias
3687 1596 3743 1646 et

2092 1675 2403 1748 Hegesippi
2433 1674 2614 1731 nostri
2674 1673 2968 1748 legendas.
3028 1675 3098 1730 Et
3146 1674 3321 1731 finem
3380 1676 3576 1733 libello
3635 1679 3747 1735 im-

2094 1782 2267 1838 pono.
2301 1771 2507 1821 Amen.
2532 1762 2794 1836 Explicit.

338 2060 3747 2096 ΞΜ

960 2274 1142 2401 Β.
1233 2265 2158 2403 NOTKEBI
2242 2269 3116 2401 BALBULI

1596 2517 1849 2581 SANGTI
1891 2523 2110 2580 GALLI
2161 2522 2487 2581 MONACHI

807 2720 1425 2850 LIBER
1569 2718 3283 2877 SEQUENTIABUM.

1124 2969 1319 3043 (Apud
1350 2967 1605 3036 Pezium,
1659 2967 1996 3026 Thesaurus
2024 2969 2239 3026 Anecd.
2273 2984 2429 3040 nov.,
2460 2972 2604 3027 tom.
2634 2969 2678 3040 Ι,
2710 2973 2860 3044 part.
2894 2971 2960 3045 ι.)

1468 3345 2056 3437 PBZEFATIO
2112 3350 2181 3434 N
2193 3348 2510 3436 OTKE
2524 3352 2626 3437 BI

1193 3551 1287 3607 AD
1323 3550 1826 3607 LIUTWARDUM
1865 3550 2434 3610 VERGELLENSEM
2489 3552 2909 3610 EPISCOPUM.

1859 3738 2247 3752 _

426 3903 571 3956 Cum
601 3897 793 3955 adhuc
805 3895 1159 3969 juvenculus
1188 3909 1379 3950 essem
1402 3896 1459 3948 et
1488 3890 1751 3947 melodiae
1782 3890 2001 3964 longis-
2031 3894 2073 3961 C
2112 3896 2212 3948 et:
2241 3892 2428 3949 Mater.
2454 3893 2689 3966 Hocque
2715 3896 2888 3951 modo
2920 3896 3246 3953 instructus
3284 3898 3380 3969 [aL
3409 3897 3750 3970 instructas]

358 3987 524 4046 simas
554 3986 771 4059 saepius
805 3984 1096 4040 memoriae
1128 3979 1852 4039 commendatainstabile
1882 3997 2006 4036 cor-

356 4067 575 4133 culum
608 4074 985 4145 aufugerent,
1029 4073 1175 4143 coepi
1236 4071 1452 4127 tacitus
1501 4085 1734 4125 mecum
1783 4069 2008 4126 volvere

359 4179 618 4238 quonam
650 4162 823 4218 modo
847 4177 946 4216 eas
976 4160 1262 4232 potuerim
1288 4159 1581 4235 colligare.
1602 4158 1841 4214 Interim
1873 4175 2007 4214 vero

359 4253 607 4326 contigit
637 4255 702 4308 ut
730 4250 1033 4323 presbyter
1061 4247 1301 4319 quidam
1333 4248 1403 4302 de
1433 4247 1716 4315 Gemidia,
1742 4264 1927 4321 nuper
1974 4266 2008 4304 a

358 4339 752 4399 Nordmannis
776 4343 1022 4409 vastata,
1037 4336 1259 4392 veniret
1287 4336 1360 4391 ad
1391 4335 2006 4407 nos,antipbonarium

360 4448 538 4490 suum
565 4445 763 4486 secum
799 4428 1064 4484 deferens
1095 4426 1154 4480 in
1178 4440 1295 4497 quo
1319 4422 1500 4495 aliqui
1532 4440 1734 4479 versus
1791 4427 1864 4480 ad
1915 4442 2005 4481 se-

358 4518 625 4593 quentias
656 4520 824 4574 erant
846 4514 1261 4582 modulati,sed
1285 4514 1410 4584 jam
1435 4516 1575 4568 tunc
1622 4513 1871 4569 nimium
1919 4514 2002 4568 vi-

357 4610 507 4666 tiati.
540 4611 819 4675 Quorum,
851 4610 916 4661 ut
962 4605 1090 4661 visu
1149 4602 1490 4669 delectatus,
1514 4602 1595 4658 ita
1642 4619 1774 4657 sum
1824 4608 2002 4676 gustu

360 4695 823 4757 amaricatus.Ad
855 4692 1242 4750 imitationem
1269 4697 1465 4748 tamen
1495 4692 1833 4746 eorumdem
1859 4695 2005 4763 ccepi

360 4785 632 4844 scribere.
664 4783 872 4840 Laudes
900 4785 1002 4839 Deo
1030 4783 1280 4837 concinet
1334 4780 1479 4837 orbis
1536 4781 1849 4850 universus,
1908 4786 2006 4853 qui

356 4876 535 4949 gratis
554 4877 632 4930 est
659 4873 938 4929 liberatus.
952 4872 1019 4926 Et
1048 4870 1199 4926 infra
1225 4887 1237 4925 :
1272 4869 1501 4924 Calaber
1533 4868 1674 4924 Adae
1725 4869 2002 4927 malesua-

357 4981 468 5023 εον.
500 4963 655 5028 Quos
684 4977 819 5017 cum
854 4959 1133 5031 magistro
1166 4975 1294 5014 meo
1325 4956 1505 5012 Ysoni
1533 4956 2004 5030 obtulissem,ille

358 5052 552 5111 studio
583 5068 712 5108 meo
744 5047 1187 5122 congratulatus
1211 5046 1632 5119 imperitiaaque
1661 5063 2003 5121 compassus

357 5142 485 5216 quae
517 5139 862 5215 placuerunt
890 5137 1175 5205 laudavit;
1198 5152 1324 5209 quis
1354 5139 1549 5192 autem
1583 5135 2003 5209 minus,emen-

344 5231 497 5297 dare
524 5228 973 5303 curavit,dicens
1000 5245 1013 5281 :
1050 5223 1305 5299 Singula:
1333 5228 1528 5279 motus
1549 5224 2000 5284 cantilenaesin-

352 5319 525 5394 gulae
553 5317 810 5391 syllabas
839 5318 1051 5373 debent
1079 5315 1312 5370 habere.
1340 5313 1502 5377 Quod
1526 5317 1721 5370 autem
1756 5307 2002 5375 audiens

298 5450 303 5455 -
353 5427 423 5468 ea
451 5407 690 5482 quidem
712 5424 838 5479 quis
860 5406 919 5461 in
954 5407 1008 5461 ia
1031 5404 1341 5461 veniebant
1356 5403 1428 5458 ad
1456 5400 1748 5473 liquidum
1776 5407 1997 5463 correxi

353 5514 483 5571 quae
508 5512 642 5554 vero
674 5497 734 5551 in
766 5495 834 5565 le,
854 5493 940 5552 vel
962 5495 1022 5551 lu
1057 5492 1223 5566 quasi
1255 5489 1645 5564 impossibilia
1674 5492 1761 5547 vel
1789 5498 1997 5551 attem-

350 5600 555 5658 perare
583 5583 972 5657 neglexi,cum
1003 5588 1061 5639 et
1081 5582 1226 5638 illud
1259 5584 1460 5654 postea
1489 5580 1619 5635 visu
1650 5581 1997 5640 facillimum

358 5670 861 5746 deprehenderim,
896 5677 961 5730 ut
987 5676 1169 5730 testes
1190 5674 1363 5728 sunt:
1414 5669 1678 5728 Dominus
1728 5672 1789 5728 in
1844 5671 2000 5744 Sina,

2116 3982 2374 4038 secunda
2403 3999 2540 4038 mox
2563 3999 2700 4040 voce
2730 3984 2986 4041 dictavi:
3014 3987 3234 4043 Psallat
3280 3988 3547 4054 Ecclesia,
3585 3995 3762 4044 mater

2115 4072 2374 4127 inlibata.

2185 4162 2341 4227 Quos
2368 4149 2685 4217 versiculos
2707 4178 2839 4218 cum
2860 4164 3140 4236 magistro
3163 4172 3289 4221 meo
3320 4165 3595 4222 Marcello
3624 4183 3771 4239 pra-

2115 4249 2531 4316 seutarem,ille
2560 4251 2775 4323 gaudio
2808 4269 2935 4309 meo
2967 4253 3221 4327 repletus
3270 4256 3333 4311 in
3390 4256 3620 4313 rotulas
3665 4272 3774 4313 eos

2114 4338 2492 4411 congessit,et
2519 4339 2716 4410 pueris
2738 4343 3060 4398 cantandos
3091 4343 3224 4401 aliis
3253 4342 3771 4401 aliosinsinuavit.

2112 4427 2377 4499 Cumque
2398 4428 2543 4484 mihi
2565 4428 2811 4486 dixisset
2829 4435 2895 4486 ut
2913 4431 2971 4487 in
3004 4430 3267 4489 libellum
3299 4440 3643 4511 compactos
3662 4435 3774 4491 ali-

2113 4516 2206 4573 cui
2240 4518 2562 4589 primorum
2597 4516 2730 4574 illos
2759 4536 2864 4591 pro
2894 4537 3137 4578 munere
3186 4522 3479 4590 offerrem,
3511 4539 3624 4597 ego
3656 4541 3775 4597 pu-

2113 4606 2252 4661 dore
2266 4609 2550 4662 retractus
2567 4606 2967 4678 nunquam“ad
2988 4609 3100 4666 hoc
3120 4612 3248 4684 cogi
3271 4612 3777 4686 poteram.Nuper

2112 4698 2307 4750 autem
2339 4711 2373 4749 a
2404 4694 2580 4750 fratre
2611 4710 2739 4751 meo
2771 4696 3010 4754 Othario
3038 4703 3277 4772 rogatus
3308 4704 3371 4757 ut
3423 4700 3657 4774 aliquid
3710 4703 3771 4757 in

2110 4782 2284 4838 laude
2315 4787 2506 4839 vestra
2535 4785 2898 4842 conscribere
2929 4794 3404 4861 curarem,etego
3437 4806 3533 4846 me
3566 4792 3644 4847 ad
3662 4792 3775 4848 hoc

2111 4889 2258 4944 opus
2286 4871 2571 4943 imparem
2593 4889 2709 4928 non
2733 4873 3027 4934 immerito
3041 4878 3493 4950 judicarem,vix
3524 4881 3769 4937 tandem

2111 4960 2422 5032 aliquando
2451 4977 2716 5033 aegreque
2746 4964 2827 5018 ad“
2849 4963 2959 5020 hoc
2989 4966 3286 5023 animatus
3316 4984 3471 5038 sum,
3500 4972 3575 5023 ut
3605 4968 3765 5025 hunc

2111 5048 2420 5105 minimum
2448 5049 2919 5124 vilissimumque
2933 5054 3278 5111 codicellum
3300 5060 3505 5112 vestrae
3521 5056 3768 5114 celsitu-

2110 5138 2233 5196 dini
2263 5155 2600 5194 consecrare
2631 5146 3207 5212 praesumeremﬂuaa
3237 5144 3359 5201 siin
3375 5160 3443 5201 eo
3473 5144 3767 5217 placitum

2108 5233 2310 5285 vestrae
2341 5227 2539 5299 pietati
2569 5244 2924 5304 comperero,
2957 5237 3023 5287 ut
3051 5234 3162 5305 ipsi
3198 5234 3360 5290 fratri
3411 5251 3547 5291 meo
3608 5234 3763 5308 apud

2111 5316 2416 5373 dominum
2446 5317 2858 5389 imperatorem
2886 5321 3019 5376 sitis
3083 5322 3468 5392 adminiculo,
3499 5328 3763 5380 metrum

2113 5405 2267 5479 quod
2302 5405 2371 5461 de
2399 5405 2531 5461 Vita
2555 5406 2743 5462 sancti
2773 5407 2924 5464 Galli
2950 5409 3250 5468 elaborare
3280 5411 3665 5484 pertinaciter
3683 5412 3765 5466 in-

2109 5494 2550 5567 sisto,quamvis
2578 5493 2724 5551 illud
2747 5495 2911 5553 fratri
2945 5498 3242 5556 Salomoni
3263 5501 3429 5573 prius
3460 5500 3759 5573 pollicitus

2110 5582 2510 5655 fuerim,vobis
2539 5585 3364 5661 examinandum,habendum
3392 5588 3632 5663 ipsique
3658 5604 3760 5665 per

2110 5691 2212 5733 vos
2243 5672 2678 5749 explanandum
2711 5675 2960 5751 dirigere
2992 5680 3297 5739 festinabo.
