4012 6198
264 355 416 416 1007

334 489 546 546 Nullus
576 483 911 558 persecutor
940 474 1390 548 appropinquat.

268 583 385 639 Nos
414 576 679 652 proinde,
715 588 820 626 nos
852 565 1171 638 supplices,
1206 563 1274 618 ad
1309 565 1364 616 te

344 651 676 726 Clamontes
707 664 763 716 et
793 657 1064 731 precibus
1094 658 1148 708 te
1179 651 1480 724 pulsantes

278 759 472 818 Oratio
509 750 879 810 sanctissima
904 763 1009 801 nos
1042 750 1142 799 tua
1171 757 1402 812 semper

355 847 631 907 Conciliet
659 844 774 898 Deo
806 841 1004 894 nostro

281 950 362 1004 Te
392 948 597 1000 Petrus
627 934 841 994 Christi
871 929 1205 986 ministrum
1239 919 1460 983 statuit,

281 1037 366 1092 Tu
397 1038 565 1090 Petro
591 1040 860 1085 normam
891 1015 1162 1077 credendi
1193 1009 1411 1068 astruis

353 1125 440 1178 Ad
473 1123 734 1177 dextram
767 1109 984 1170 summi
1017 1104 1204 1161 Patris
1236 1095 1593 1157 ostendendo

354 1218 537 1281 Quem
570 1209 734 1282 plebs
766 1205 964 1259 furens
1005 1192 1309 1252 cruciﬁxit.

282 1308 362 1362 Te
392 1303 504 1360 sibi
533 1299 801 1356 Christus
822 1291 1013 1363 elegit,
1044 1284 1354 1357 Stephane.
1455 1363 1465 1371 θ

284 1396 390 1450 Per
419 1406 596 1464 quem
628 1384 830 1441 ﬁdeles
862 1396 999 1436 suos
1041 1372 1395 1435 corroboret,

353 1487 422 1536 Se
451 1479 556 1535 tibi
589 1477 740 1531 inter
767 1473 989 1527 rotatus
1019 1477 1291 1521 saxorum

355 1568 571 1626 Solatio
603 1561 1006 1620 manifestans.

284 1661 451 1716 Nunc
480 1658 632 1711 inter
662 1649 909 1721 inclytus
940 1648 1261 1715 martyrum

355 1753 653 1816 Purpuras
684 1754 957 1795 coruscas
997 1734 1326 1790 coronatus.

357 1884 487 1938 CAP.
517 1880 585 1934 V.
618 1908 686 1918 -—
716 1880 784 1931 In
812 1873 997 1929 Natali
1035 1867 1212 1923 sancti
1239 1859 1463 1918 Joannis
1491 1853 1855 1923 evangelz’slw.

284 1996 560 2056 Joannes,
591 1987 731 2042 Jesu
761 1982 988 2039 Christo
1021 1974 1271 2030 multum

353 2082 569 2137 Dilecte
595 2076 757 2147 virgo
783 2073 796 2126 ε

280 2175 368 2230 Tu
399 2172 526 2242 ejus
559 2181 755 2223 amore
784 2156 1075 2217 carnalem

286 2265 349 2318 In
383 2259 519 2316 navi
551 2257 854 2330 parentem
883 2244 1110 2319 liquisti

284 2351 371 2406 Tu
399 2348 522 2403 leve
551 2341 820 2414 conjugis
851 2340 1055 2409 pectus

359 2433 677 2508 Respuisti,
709 2427 984 2485 Messiam
1016 2425 1272 2486 secutus,

284 2529 359 2584 Ut
383 2527 512 2596 ejus
543 2519 791 2594 pectoris
823 2532 992 2572 sacra

359 2612 670 2668 Meruisses
700 2608 919 2661 fluenta
948 2605 1169 2674 potare.

294 2705 499 2773 Tuque
527 2700 586 2753 in
616 2701 775 2752 terra
805 2691 1032 2766 positus
1054 2686 1298 2760 gloriam

367 2786 731 2861 Conspexisti
765 2783 892 2840 Filii
921 2780 1042 2847 Dei,

296 2887 429 2949 Quae
462 2879 654 2936 solum
686 2872 907 2930 sanctis
937 2869 997 2923 in
1028 2867 1146 2921 vita
1175 2861 1430 2917 creditur

366 2965 706 3024 Contuenda
733 2975 860 3016 esse
899 2953 1160 3029 perenni.

298 3061 378 3115 Te
408 3055 676 3112 Christus
706 3052 764 3105 in
787 3063 956 3103 cruce
985 3039 1360 3111 triumphans

374 3144 544 3203 Matri
576 3159 694 3199 suae
724 3138 887 3195 dedit
931 3131 1230 3190 custodem
1259 3145 1271 3196 ;

303 3239 375 3295 Ut
401 3237 567 3293 virno
599 3230 896 3302 Virginem
929 3237 1189 3280 servares

373 3331 562 3397 Atque
593 3337 795 3378 curam
827 3312 1251 3387 suppeditares.

302 3421 728 3487 Tute,.carcere
759 3406 1074 3478 ﬂagrisque
1105 3401 1344 3462 fractus,

375 3500 736 3560 Testimonio
766 3513 868 3570 pro
898 3490 1108 3549 Christi

303 3587 462 3654 Idem
493 3595 754 3648 mortuos
786 3585 1037 3641 suscitas
1070 3581 1246 3649 inque

371 3690 503 3741 Jesu
537 3679 772 3737 nomine
799 3687 1090 3730 venenum
1123 3669 1267 3722 forte
1297 3661 1500 3718 vincis.

300 3775 427 3832 Tibi
459 3785 730 3828 summus
756 3764 1001 3820 tacitum
1033 3755 1255 3813 caeteris

373 3863 628 3918 Verbum
660 3872 834 3913 suum
865 3854 1032 3908 Pater
1063 3844 1294 3902 revelat.

305 3955 415 4018 Tu,
448 3967 554 4006 nos
585 3962 789 4003 omnes
815 3935 1034 3999 sedulis
1062 3934 1333 4010 precibus

373 4038 542 4110 Apud
573 4041 752 4090 Deum
786 4046 1016 4100 semper
1044 4020 1484 4086 commendans,

298 4130 556 4185 Joannes
586 4120 800 4181 Christi
831 4119 1025 4174 chare.

407 4269 540 4318 CAP.
572 4259 669 4313 VI.
703 4286 772 4296 -—-
803 4255 866 4309 In
895 4249 1089 4307 Natale
1129 4253 1441 4301 sanctorum
1471 4242 1838 4294 Innocentiam.

305 4373 458 4428 Laus
488 4368 615 4437 tibi,
647 4364 894 4428 Christe,
930 4355 1116 4414 Patris

375 4458 590 4533 Optimi
626 4459 780 4521 nate,
813 4457 966 4506 Deus
997 4439 1432 4515 omnipotentis)

302 4553 483 4618 Quem
515 4547 740 4603 coalitus
761 4540 978 4613 jubilat
1011 4551 1188 4608 super
1218 4535 1375 4587 astra

374 4636 664 4694 Manentis
695 4633 882 4706 plebis
913 4631 1089 4683 decus
1119 4619 1458 4678 harmonia}.

297 4731 480 4794 Quem
510 4723 746 4797 agmina
774 4719 1088 4776 infantium
1121 4712 1349 4770 sonoris

369 4813 612 4889 Hymnis
642 4811 977 4869 collaudant
1009 4803 1240 4861 mtheris
1272 4803 1327 4856 in
1359 4816 1489 4856 arce

295 4908 450 4971 Quos
480 4903 699 4976 impius
731 4900 802 4956 ob
836 4895 1091 4954 nominis
1130 4893 1331 4948 odium
1358 4890 1442 4945 tui

364 4996 571 5050 Misero
602 4991 888 5049 straverat
916 4985 1175 5050 vulnere,

293 5086 448 5150 Quos
477 5083 569 5156 pie
600 5097 756 5136 nunc
789 5089 1128 5132 remuneras
1161 5071 1218 5124 in
1259 5069 1440 5135 cmlis,

363 5173 612 5242 Christe,
647 5187 760 5242 quo
791 5165 984 5252 poenis
1006 5162 1206 5227 nitide,

293 5263 476 5322 Solita
504 5277 649 5318 usus
679 5258 866 5331 gratia
905 5254 1000 5326 qui
1033 5257 1166 5306 tuos
1199 5263 1370 5304 ornas

365 5353 607 5408 Coronis
639 5346 960 5421 splendide.

292 5443 553 5505 Quorum
587 5437 859 5511 precibus
893 5431 1076 5490 sacris
1107 5428 1255 5494 dele,
1289 5421 1616 5498 precamur,

364 5531 587 5586 Nostrae
619 5527 710 5599 pie
740 5523 988 5581 crimina
1017 5521 1166 5590 vitae,

295 5622 364 5673 Et
392 5635 538 5687 quos
562 5617 836 5671 laudibus
865 5613 982 5668 tuis
1013 5613 1294 5682 junxeras
1324 5604 1492 5661 nobis

371 5702 506 5762 Istic
536 5703 717 5760 dones
747 5702 1001 5759 clemens
1030 5699 1239 5754 favere.

1142 343 1211 400 B.
1261 333 1607 400 NOTKERI
1654 329 1989 393 BALBULI
2036 329 2105 388 S.
2155 324 2381 386 GALLI
2430 318 2784 382 MONACHI
3513 305 3684 368 1008

1944 465 1998 530 Α
2029 459 2149 515 Illis
2181 461 2405 513 aeternae
2445 456 2592 510 dans
2623 452 2822 506 lumen
2852 446 3048 520 gloria:

2105 547 2283 604 Nobis
2315 550 2502 600 terrea
2531 540 2777 598 concede
2807 537 3054 600 vincere,

2032 639 2105 694 Ut
2135 636 2306 691 liceat
2335 631 2556 689 serenis
2589 629 2815 685 actibus
2855 625 3106 697 pleniter

2106 723 2361 796 Adipisci
2397 723 2549 776 dona
2584 724 2695 774 ture
2729 716 2891 789 grtia;
2934 739 2948 780 ;

2034 814 2276 870 Herodis
2302 817 2368 867 ut
2397 828 2510 866 non
2547 810 2648 863 ﬁat
2677 805 2869 862 socius
2909 800 3180 874 quisquis

2106 905 2169 960 In
2210 903 2420 958 horum
2451 899 2622 955 laude
2652 913 2713 952 se
2757 896 2978 949 exercet
3007 905 3251 964 propere

2035 993 2146 1050 Sed
2177 989 2524 1047 aeternaliter
2551 1003 2680 1042 cum
2725 982 2943 1038 eisdem
2983 978 3226 1035 catervis

2107 1083 2323 1136 Tecum
2364 1079 2459 1148 sit,
2493 1075 2754 1131 Domine.

2315 1224 2450 1277 CAP.
2482 1219 2603 1273 VII.
2635 1249 2659 1256 —
2685 1247 2704 1254 -
2735 1215 2793 1270 Id
2829 1213 3140 1285 Epipnania
3174 1211 3416 1266 Domina.

2041 1335 2206 1387 Festa
2235 1328 2445 1384 Christi
2477 1324 2668 1382 omnis

2111 1417 2517 1474 Christianitas
2556 1412 2829 1476 celebret,

2034 1512 2172 1575 Quae
2214 1506 2379 1562 miris
2409 1507 2548 1560 sunt
2580 1501 2770 1556 modis
2813 1503 3017 1554 ornata

2111 1597 2468 1666 Cunctisque
2495 1589 2823 1647 veneranda
2854 1584 3088 1658 populis

2041 1689 2146 1744 Per
2177 1681 2607 1741 Omnitenentis
2637 1681 2954 1734 adventum

2115 1780 2302 1846 Atque
2333 1770 2695 1827 vocationem
2728 1766 3013 1839 gentium,

1958 1851 2006 1915 Β
2037 1865 2110 1920 Ut
2133 1867 2305 1917 natus
2337 1863 2426 1915 est
2456 1857 2723 1914 Christus
2763 1859 2851 1910 est
2882 1850 3052 1908 stella

2109 1951 2294 2023 Magis
2323 1950 2449 2005 visa
2481 1947 2696 2002 lucida.

2038 2047 2114 2096 At
2143 2040 2228 2096 illi
2260 2055 2376 2095 non
2408 2051 2637 2092 cassam
2669 2036 2941 2106 putantes

2113 2129 2284 2186 Tanti
2315 2127 2467 2199 signi
2500 2123 2748 2197 gloriam

2040 2226 2246 2276 Secum
2279 2231 2526 2272 munera
2555 2214 2823 2269 deferunt

2113 2307 2357 2364 Parvula
2385 2305 2650 2368 offerant,
2683 2305 2748 2356 ut
2778 2300 2921 2372 regi,

2113 2397 2248 2452 Coeli
2281 2411 2456 2467 quem
2488 2392 2653 2448 sidus
2683 2389 2978 2462 pradicet.

2043 2491 2230 2558 Atque
2262 2499 2436 2540 aureo
2465 2480 2677 2536 tumidi
2710 2476 2990 2549 principis

2117 2572 2350 2630 Lectulo
2382 2569 2625 2626 transito
2673 2566 2887 2624 Christi

2117 2665 2378 2734 Praesepe
2409 2658 2742 2732 quaeritant.

2049 2754 2195 2808 Hinc
2223 2753 2308 2806 ira
2340 2749 2472 2805 saevi
2509 2746 2747 2802 Herodis
2780 2745 2997 2800 fervida

2049 2840 2231 2900 Invidi
2258 2854 2458 2894 recens
2491 2835 2697 2892 rectori
2728 2833 2923 2906 genito

2122 2927 2461 2983 Bethlehem
2492 2924 2764 2997 parvulus
2804 2921 3064 2995 praecipit

2123 3018 2275 3072 Ense
2305 3013 2526 3070 crudeli
2558 3013 2816 3086 perdere.

2054 3112 2098 3162 Ο
2126 3106 2369 3173 Christe,
2398 3107 2686 3175 quantum
2719 3100 2873 3156 Patri
2904 3098 3218 3155 exercitum

1978 3222 2019 3287 ρ
2056 3197 2297 3287 Juvenis
2323 3196 2530 3250 doctus
2556 3193 2627 3248 ad
2661 3189 2812 3246 bella
2841 3189 3095 3244 maxima

2130 3284 2365 3358 Populis
2397 3281 2719 3355 praedicans
2745 3278 2974 3350 colligis

2126 3376 2352 3447 Sugens
2385 3389 2518 3428 cum
2547 3374 2777 3426 tantum
2809 3367 3060 3423 miseris.

2055 3469 2224 3519 Anno
2253 3461 2511 3518 hominis
2541 3455 2835 3514 tricesimo

2056 3553 2275 3609 Subtus
2307 3546 2513 3607 famuli
2543 3565 2603 3604 se
2637 3547 2834 3619 inclyti

2130 3643 2511 3697 lnclinaverat
2542 3654 2754 3693 manus
2783 3638 2936 3692 Deus
2967 3650 3309 3690 consecrans

2125 3731 2302 3786 Nobis
2333 3728 2626 3800 baptisma
2665 3727 2724 3780 in
2756 3724 3187 3781 absolutionem
3217 3719 3510 3777 criminum

2056 3823 2198 3877 Ecce
2228 3819 2478 3891 Spiritus
2508 3818 2565 3872 in
2599 3815 2791 3888 specie

2059 3912 2256 3982 Ipsum
2288 3907 2444 3963 alitis
2467 3906 2729 3960 innocuae
2761 3906 3044 3958 uncturus
3073 3901 3295 3958 sanctis

2126 3999 2245 4054 Prae
2277 3995 2551 4052 omnibus
2580 3994 2795 4064 visitat,
2830 4009 3060 4064 semper
3091 3991 3282 4063 ipsius

2127 4090 2444 4143 Contentus
2475 4082 2778 4139 mansione
2808 4081 3079 4153 pectoris.

2057 4178 2244 4234 Patris
2274 4157 2741 4233 etiam'insonuit
2778 4189 2885 4227 vox
2915 4171 3013 4244 pia

2127 4267 2350 4322 Veteris
2380 4263 2560 4320 oblita
2591 4260 2880 4318 sermonis
2907 4277 2920 4315 :

1139 3505 1201 3543 es
1231 3485 1490 3558 gavisus.

2131 4356 2374 4411 Paenitet
2403 4370 2495 4408 me
2526 4352 2731 4407 fecisse
2761 4349 3083 4406 hominem.

2058 4446 2200 4501 Vere
2230 4444 2411 4499 Filius
2443 4459 2504 4497 es
2535 4446 2597 4497 tu
2626 4457 2814 4508 meus,
2846 4438 3114 4494 mihimet

2128 4533 2386 4589 Placitus
2427 4532 2485 4585 in
2519 4547 2633 4602 quo
2666 4545 2797 4584 sum
2835 4527 3099 4599 placatus

1978 4599 2025 4663 D
2129 4623 2308 4678 Hodie
2339 4627 2415 4692 te,
2450 4599 2690 4687 mi_Fili,
2731 4617 2927 4689 genui,

2053 4713 2199 4767 Huic
2232 4727 2434 4766 omnes
2466 4706 2789 4764 auscultate

2126 4800 2351 4873 Populi,
2394 4797 2756 4871 praeceptori.

2162 4944 2296 5000 CAP.
2331 4943 2477 4997 VIII.
2511 4973 2576 4982 -—
2608 4941 2671 4996 In
2713 4939 3110 5010 Puriﬁcatione
3147 4947 3355 4995 sancte
3383 4937 3601 4994 Mariae.

2055 5053 2351 5108 Concentu
2383 5048 2551 5122 parili
2579 5048 2673 5102 hic
2702 5051 2778 5114 te,

2126 5141 2327 5207 Maria,
2361 5142 2669 5194 veneratur
2695 5135 2940 5209 populus

2124 5233 2320 5302 Teque
2352 5228 2464 5300 piis
2495 5226 2630 5282 colit
2659 5226 2952 5281 cordibus.

2053 5319 2329 5378 Generosi
2358 5316 2650 5373 Abraham
2682 5321 2743 5371 tu
2779 5315 2917 5383 ﬁlia,

2123 5407 2470 5464 Veneranda
2499 5404 2654 5476 regia
2683 5404 2754 5459 de
2792 5403 3024 5458 Davidis

2125 5500 2318 5570 Stirpe
2345 5496 2558 5568 genita.

2054 5592 2292 5655 Laetare,
2324 5590 2501 5642 Mater
2529 5587 2586 5639 et
2620 5583 2795 5655 Virgo
2825 5582 3057 5656 nobilis,

2122 5675 2406 5738 Gabrielis
2439 5671 2840 5746 archangelico
