4012 6198
319 373 473 436 1009
1569 367 1801 428 LIBER
1844 366 2481 438 SEQUENTIARUM.

387 506 519 571 Quae
550 503 783 562 oraculo
815 501 1051 560 credula

388 594 651 650 Genuisti
685 593 885 649 clausa
916 591 1125 646 tilium.

314 685 379 738 In
406 685 574 755 cujus
605 683 1003 739 sacratissimo
1038 680 1322 752 sanguine

382 772 749 828 Emundatur
783 771 1132 826 universitas

383 861 767 917 Perditissimi
800 861 1049 933 generis,

384 950 455 1006 Ut
485 950 759 1023 promisit
789 957 941 1007 Deus
963 950 1225 1005 Abrahae.

310 1040 390 1095 Te
419 1039 581 1111 virga
604 1040 771 1096 arida
798 1043 990 1095 Aaron
1012 1040 1150 1094 ﬂore

382 1129 658 1201 Speciosa
690 1134 743 1185 te
775 1131 1008 1202 figurat,
1041 1130 1241 1195 Maria,
1268 1128 1396 1184 sine

378 1218 501 1273 Viri
533 1219 757 1275 semine
788 1224 922 1274 nato
953 1218 1240 1273 floridam.

308 1309 417 1377 Tu,
443 1308 608 1380 poria
630 1308 873 1380 trugiter
893 1312 1103 1378 serata,
1130 1324 1307 1378 quam

376 1396 694 1455 Ezechielis
716 1415 824 1453 vox
855 1402 1123 1465 testatur,
1158 1398 1358 1465 Maria,

378 1487 495 1543 Soli
520 1493 633 1542 Deo
663 1488 858 1560 pervia
889 1503 1016 1542 esse
1055 1486 1328 1542 erederis.

306 1577 417 1632 Sed
450 1582 513 1631 tu
544 1580 759 1647 tamen,
795 1576 1001 1630 matris
1030 1574 1313 1630 virtutum

378 1670 525 1720 Dum
558 1665 727 1721 nobis
747 1664 1079 1737 exemplum
1112 1664 1327 1735 cupisti

378 1754 817 1823 Commendare,
851 1753 1063 1810 subisti
1088 1754 1418 1809 remedium

378 1843 623 1900 Pollutis
644 1847 932 1899 statutum
965 1843 1275 1897 matribus.

305 1934 393 1988 Ad
418 1932 703 2005 templum
735 1931 995 1988 detulisti
1018 1936 1211 1989 tecum

374 2022 775 2077 Mundandum
807 2022 908 2093 qui
931 2022 1035 2076 tibi
1071 2020 1424 2092 integritatis

375 2115 582 2180 Decus,
616 2111 789 2177 Deus,
821 2110 998 2165 homo
1030 2110 1264 2182 genitus

377 2200 646 2267 Adauxit,
685 2200 904 2255 intacta
925 2199 1202 2254 Genitrix.

314 2291 550 2358 Laatare,
584 2276 760 2361 quam
789 2291 1091 2345 Scrutator
1122 2289 1313 2344 cordis

374 2381 445 2435 Et
474 2396 679 2435 renum
703 2380 910 2451 probat
928 2378 1193 2434 habitatu
1218 2378 1469 2450 proprio,

382 2468 772 2540 Singulariter
801 2468 1061 2540 dignam,
1094 2472 1357 2523 sanctam
1389 2466 1629 2523 Mariam

320 2557 585 2624 Exsulta,
616 2557 707 2611 cui
729 2574 943 2629 parvus
970 2556 1167 2613 arrisit
1196 2561 1355 2624 tunc,

375 2646 578 2713 Maria,
609 2647 707 2718 qui
736 2646 915 2701 laetari
947 2647 1220 2702 omnibus

378 2734 447 2788 Et
469 2735 787 2790 consistere
819 2752 923 2791 suo
952 2740 1097 2789 nutu
1128 2734 1354 2789 tribuit.

309 2823 480 2896 Ergo,
507 2824 723 2894 quique
754 2824 1002 2879 colimus
1035 2824 1180 2879 festa

376 2912 605 2967 Parvuli
638 2912 853 2967 Christi
886 2917 1124 2984 propter
1154 2929 1259 2967 nos
1292 2913 1422 2967 facti

374 3000 631 3072 Ejusque
662 3001 767 3073 piae
801 3001 1006 3056 matris
1034 3001 1246 3069 Mariae,

305 3088 361 3143 Si
385 3106 498 3144 non
530 3088 628 3143 Dei
655 3106 970 3160 possumus
1002 3094 1224 3145 tantam

378 3178 629 3249 Exsequi
658 3178 830 3243 tardi,
864 3177 1215 3233 humilitatis

373 3267 584 3321 Forma
614 3266 693 3321 sit
724 3266 890 3321 nobis
921 3268 1050 3336 ejus
1080 3267 1358 3322 Genitrix.

304 3356 458 3411 Laus
488 3354 640 3410 Patri
677 3354 893 3427 glorias,
913 3355 1012 3426 qui
1036 3372 1209 3410 suum

375 3442 588 3499 Filium
620 3443 894 3515 gentibus
925 3449 980 3498 et
1006 3442 1220 3515 populo

378 3531 661 3587 Revelaus
696 3531 872 3587 Israel
896 3549 1003 3587 nos
1035 3532 1235 3587 sociat.

306 3621 460 3677 Laus
493 3622 621 3691 ejus
650 3620 817 3687 Filio,
852 3622 951 3692 qui
978 3638 1083 3676 suo

373 3709 669 3782 Sanguine
699 3727 805 3764 nos
839 3710 993 3764 Patri
1027 3709 1343 3765 concilians

369 3798 649 3870 Supernis
680 3799 923 3854 sociavit
952 3799 1177 3855 civibus
1202 3818 1213 3854 :

368 3892 519 3943 Laus
551 3903 783 3960 quoque
810 3893 1009 3943 sancto
1040 3888 1275 3960 Spiritui
1300 3890 1376 3945 sit
1407 3907 1509 3961 per
1532 3908 1736 3947 aevum.

612 4049 743 4104 CAP.
779 4048 868 4103 IX.
894 4080 962 4089 ——
984 4050 1045 4103 In
1066 4049 1153 4104 die
1176 4054 1361 4105 sancto
1392 4052 1643 4108 Pascha}.

298 4192 524 4247 Laudes
556 4190 863 4246 Salvatoris
893 4208 1028 4245 voce
1061 4191 1433 4247 modulemur
1464 4192 1713 4265 supplici

298 4280 368 4335 Et
397 4278 619 4335 devotis
651 4278 918 4334 melodiis
944 4279 1161 4334 caelesti

368 4369 613 4425 Domino
640 4368 964 4440 jubilemus
997 4368 1221 4423 Messias

301 4459 407 4526 Qui
432 4475 494 4513 se
522 4459 717 4529 ipsum
738 4456 1053 4513 exinanivit
1087 4462 1147 4512 ut
1170 4475 1277 4514 nos

366 4548 630 4604 Perditos
660 4547 935 4602 liberaret
964 4547 1251 4603 homines.

296 4640 480 4693 Carne
510 4636 755 4710 gloriam
788 4636 1019 4692 deitatis
1051 4637 1323 4693 oeculens

296 4726 515 4784 Pannis
546 4726 763 4799 tegitur
791 4726 848 4781 in
881 4727 1146 4799 praesepi,
1181 4728 1468 4784 miserans

370 4817 645 4889 Prwcepti
678 4820 1172 4888 transgressorem
1206 4817 1443 4889 pulsum

367 4905 562 4960 Patria
578 4904 835 4977 paradisi
862 4904 1173 4960 nudulum.

296 4993 537 5067 Joseph,
566 4993 780 5063 Mariae,
815 4994 1073 5049 Simeoni
1105 4995 1399 5064 subditur,

296 5082 748 5141 Circumciditur
777 5087 833 5139 et
853 5082 1023 5155 legali
1045 5083 1239 5140 bestia

368 5174 706 5244 Mundatur,
741 5175 806 5226 ut
828 5177 1111 5244 peccator,
1139 5178 1340 5229 nostra

366 5262 475 5329 Qui
496 5261 641 5318 solet
670 5259 925 5316 relaxare
948 5260 1214 5315 erimina.

368 5352 529 5408 Servi
562 5348 743 5406 subiit
774 5364 986 5402 manus
1018 5348 1408 5419 baptizandus

366 5442 434 5496 Et
463 5440 679 5510 perfert
699 5437 934 5491 fraudes
966 5438 1293 5504 tentatoris,

366 5527 540 5598 Fugit
572 5529 961 5595 persequentu
975 5541 1029 5577 m
1062 5524 1305 5596 lapides.

294 5620 533 5677 Famem
568 5613 809 5687 patitur,
842 5613 1078 5680 dormit,
1111 5620 1165 5669 et
1196 5614 1463 5672 tristatur

366 5709 445 5765 Ac
470 5704 627 5760 lavat
657 5701 963 5775 discipulis
996 5704 1192 5775 pedes,

1990 503 2045 567 Α
2148 503 2296 557 Deus
2327 501 2521 569 homo,
2552 516 2823 557 summus
2856 500 3122 557 humilis.

2071 591 2183 646 Sed
2215 596 2411 646 tamen
2442 592 2591 646 inter
2623 592 2743 647 hzec
2777 592 3005 663 abjccta
3039 592 3297 665 corporis

2073 682 2213 752 Ejus
2244 681 2427 736 deitas
2452 698 2825 754 nequaquam

2141 768 2332 835 Quivit
2360 771 2538 825 latere
2570 772 2755 843 signis
2785 770 2961 825 variis

2143 862 2213 915 Et
2243 860 2525 915 doctrinis
2555 861 2785 931 prodita
2818 879 2830 915 :

2069 954 2297 1021 Aquam
2331 950 2551 1022 nuptiis
2583 950 2681 1004 dat
2710 950 2937 1021 saporis
2960 950 3113 1005 vinei
3150 966 3161 1005 :

2070 1040 2259 1095 Caecos
2282 1040 2480 1094 oculos
2503 1038 2657 1093 claro
2679 1038 2900 1094 lumine

2138 1130 2386 1184 Vestivit
2418 1131 2675 1200 ;lepram
2710 1128 2961 1184 luridam

2140 1220 2322 1275 Taetu
2355 1218 2520 1291 fugat
2551 1218 2774 1289 placido
2811 1244 2825 1286 ;

2069 1309 2273 1363 Putres
2303 1308 2551 1363 suscitat
2584 1312 2847 1363 mortuos

2136 1398 2513 1469 Membraque
2544 1400 2709 1451 curat
2739 1396 2953 1451 debilia
2987 1414 2998 1449 :

2067 1487 2313 1542 Fluxum
2338 1486 2645 1559 sanguinis
2677 1486 3022 1541 constrinxit

2134 1578 2205 1631 Et
2235 1575 2517 1631 saturavit
2547 1576 2809 1645 quinque
2838 1575 2908 1629 de
2943 1576 3193 1646 panibus

2134 1664 2321 1729 Quina
2342 1664 2525 1719 millia
2557 1684 2572 1733 ς

2064 1758 2351 1827 Stagnum
2378 1757 2649 1826 peragrat
2679 1755 2992 1823 fluctuans,
3024 1772 3125 1809 ceu

2664 1860 2794 1896 DLOS
2826 1860 2991 1896 SQGJE
3024 1862 3035 1896 ζ

1982 1882 2031 1945 Β
2133 1844 2364 1899 Siccum
2400 1844 2561 1898 littus
2592 1848 2794 1898 ventos
2826 1844 2991 1897 sedat
3024 1862 3036 1909 ;

2064 1934 2349 2006 Linguam
2381 1936 2601 1989 reserat
2630 1931 3004 1987 constrictam
3032 1950 3044 1999 ;

2132 2022 2389 2079 Reclusit
2420 2038 2590 2077 aures
2620 2022 2877 2093 privatas

2130 2112 2386 2166 Vocibus
2422 2129 2433 2177 ;
2470 2109 2658 2165 febres
2692 2109 2933 2181 depulit.

2062 2202 2199 2257 Post
2228 2202 2348 2255 haec
2373 2199 2521 2254 mira
2552 2199 2835 2253 miracula
2865 2198 3120 2268 taliaque

2059 2295 2275 2363 Sponte
2306 2308 2413 2345 sua
2444 2288 2978 2360 comprehenditur,
3013 2293 3067 2342 et
3097 2288 3415 2344 damnatur

2062 2381 2129 2435 Et
2158 2397 2219 2435 se
2249 2379 2507 2450 cruciﬁgi
2536 2396 2650 2433 non
2678 2377 2939 2449 despexit
2973 2394 2983 2430 :

2062 2471 2173 2525 Sed
2206 2469 2290 2524 sol
2322 2470 2449 2539 ejus
2482 2472 2729 2522 mortem
2762 2484 2877 2521 non
2910 2468 3155 2538 aspexit.

2062 2557 2252 2612 Fluxit
2281 2558 2426 2625 dies,
2462 2574 2638 2628 quam
2680 2556 3140 2623 tecitDominus,

2062 2648 2302 2702 Mortem
2336 2649 2646 2702 devastans
2678 2651 2735 2701 et
2756 2646 2940 2700 victor
2970 2645 3093 2700 suis

2026 2764 2029 2765 ν
2130 2738 2429 2807 Apparens
2465 2735 2844 2791 dilectoribus
2872 2734 3033 2788 vivus

2060 2826 2255 2880 Primo
2290 2825 2503 2895 Marias,
2528 2824 2737 2879 dehinc
2771 2824 3074 2895 apostolis,

2060 2914 2283 2969 Doeens
2314 2916 2667 2985 Soripturas,
2703 2931 2804 2967 cor
2833 2913 3100 2985 aperiens

2133 3004 2204 3058 Ut
2235 3002 2435 3059 clausa
2465 3004 2536 3058 de
2558 3002 2683 3073 ipso
2710 3007 3056 3057 reserarent.

2062 3093 2277 3147 Favent
2307 3092 2488 3164 igitur
2509 3092 2833 3163 resurgenti

2132 3180 2360 3236 Christo
2393 3184 2603 3234 cuncta
2633 3180 2889 3251 gaudiis.

1980 3246 2022 3312 (ἶ
2062 3270 2277 3334 Flores,
2312 3272 2537 3339 segetes
2570 3269 2821 3323 redivivo
2853 3270 3043 3324 fructu

2127 3357 2407 3426 Vernant,
2442 3361 2499 3411 ct
2528 3356 2789 3412 volucres
2819 3357 2952 3429 gelu
2984 3356 3135 3412 tristi

2130 3447 2307 3500 Terso
2330 3444 2499 3499 dulce
2521 3445 2801 3515 jubilant.

2062 3535 2283 3589 Lucent
2314 3532 2529 3588 clarius
2562 3534 2646 3588 sol
2680 3539 2736 3589 et
2766 3534 2908 3590 luna

2131 3623 2313 3678 Morte
2335 3622 2547 3677 Christi
2568 3623 2822 3679 turbida.

2055 3712 2254 3769 Tellus
2287 3712 2532 3767 herbida
2556 3713 2879 3785 resurgenti

2128 3802 2363 3857 Plaudit
2393 3802 2621 3856 Christo
2647 3819 2771 3873 qua:
2794 3802 3046 3859 tremula
3064 3804 3191 3874 ejus

2127 3894 2309 3947 Morte
2343 3909 2403 3947 sc
2426 3909 2693 3947 casuram
2717 3892 2966 3947 minitat.

2055 3983 2205 4054 Ergo
2237 3982 2329 4035 die
2361 3980 2473 4035 ista
2504 3980 2889 4047 cxsultemus,
2918 3998 3033 4053 qua
3064 3982 3232 4037 nobis

2124 4070 2290 4124 Viam
2323 4070 2448 4122 vita:
2474 4086 2787 4141 resurgens
2802 4070 3069 4141 patefecit
3097 4072 3291 4127 Jesus.

2054 4163 2241 4227 Astra,
2277 4158 2488 4227 solum,
2526 4175 2684 4213 mare
2707 4160 3129 4229 jucundentur,

2126 4248 2195 4302 Et
2224 4247 2417 4301 cuncti
2452 4247 2821 4318 gratulentur
2851 4249 2908 4303 in
2932 4248 3091 4305 caalis

2052 4334 2352 4408 Spiritales
2382 4336 2541 4390 chori
2572 4336 2863 4392 Trinitati.

2579 4443 2712 4497 CAP.
2746 4443 2811 4496 Χ.
2846 4474 2909 4483 -
2940 4444 3095 4497 Feria
3125 4445 3189 4499 II.

2052 4551 2384 4623 Pangamus
2418 4549 2703 4604 Creatoris

1974 4614 2020 4677 D
2125 4614 2312 4710 Atque
2343 4638 2745 4708 Redemptoris
2776 4637 3047 4709 gloriam,

2055 4728 2162 4792 Qui
2192 4730 2340 4783 bene
2371 4730 2617 4791 creatos,
2652 4727 2752 4780 sed
2777 4726 3048 4781 seductos
3072 4727 3288 4782 astutia

2053 4818 2256 4873 Callidi
2293 4816 2579 4888 serpentis
2602 4833 2709 4870 sua
2740 4815 2937 4871 refecit
2967 4817 3174 4889 gratia,

2053 4909 2399 4962 Praeducens
2432 4906 2691 4967 futurum
2727 4908 2789 4959 ut
2821 4921 3057 4977 germen

2125 4998 2339 5051 Sancta
2370 4995 2652 5067 proferret
2682 4994 2917 5063 femina,

2053 5086 2214 5151 Quod
2238 5083 2423 5139 hostis
2454 5083 2678 5154 antiqui
2712 5083 2913 5139 nociva

2124 5176 2508 5245 Exsuperaret
2529 5172 2740 5244 capita,

2051 5264 2235 5329 Quod,
2262 5261 2535 5333 primitus
2558 5261 2805 5333 perdita,
2829 5261 3017 5317 serius

2122 5353 2333 5407 Nostra
2357 5355 2601 5406 cernunt
2622 5350 2851 5419 saecula,

2051 5444 2195 5498 Cum
2229 5440 2536 5512 splendida
2562 5438 2799 5494 flosculo
2828 5439 3054 5511 virgula

2122 5531 2277 5584 Novo
2302 5526 2478 5599 pollet
2510 5526 2692 5580 Maria

2050 5620 2157 5683 Qui
2188 5618 2381 5673 editus
2414 5615 2559 5670 mire
2582 5615 2763 5670 edidit
2796 5616 3099 5674 miracula.

2052 5709 2165 5764 Nec
2188 5706 2423 5778 juvenis
2454 5709 2708 5773 tantum,
2735 5707 2834 5763 sed
2863 5707 3061 5763 statim
3093 5707 3244 5763 inter

3568 370 3723 433 1010
