4012 6198
281 416 426 476 {Oli
1171 411 1241 469 Β.
1291 407 1632 469 NO'I‘KEIII
1682 405 2015 466 BALBUIJ
2066 406 2130 464 S.
2180 403 2404 464 GALLI
2451 400 2796 462 MONACHI

352 547 480 601 Sum
513 543 832 600 nativitatis
862 541 1186 615 primordia

280 639 390 691 Per
421 632 633 689 sideris
673 631 894 698 lumen,
927 630 1016 686 vel
1041 629 1329 686 Simeonis
1360 629 1538 685 verba

278 722 524 780 Judaica
552 723 623 778 ad
657 738 718 777 se
746 720 834 777 vel
874 721 1071 790 corda,
1101 719 1190 774 vel
1223 736 1469 775 munera

359 811 668 868 Attrahens
699 814 844 865 nutu
875 808 1138 882 gentilia.

284 902 466 966 Quem
494 901 664 956 Pater
692 899 749 954 in
779 915 916 954 voce
947 902 1121 970 atque
1151 897 1405 970 Spiritus

354 992 602 1047 Sanctus
634 987 826 1060 specie
855 986 1142 1060 gloriﬁcat

285 1079 556 1134 Visentes
585 1078 904 1144 doctorem,
935 1077 1025 1132 vel
1055 1075 1416 1133 archiatrum

357 1169 577 1224 Doceat
605 1166 946 1222 auctoritate
975 1183 1102 1222 sua.

288 1258 397 1324 Qui
427 1261 741 1329 postquam
773 1255 981 1312 salutis
1010 1257 1164 1311 dona
1195 1254 1354 1309 dedit

359 1345 539 1402 Multa
562 1345 956 1416 doctrinaeque
987 1344 1261 1417 perplura
1297 1343 1473 1398 verba

363 1436 469 1492 Ore
500 1451 606 1490 suo
636 1433 1025 1506 promulgavit
1054 1432 1460 1498 saluberrima,

291 1524 378 1580 Ad
408 1525 640 1596 probra,
665 1529 860 1594 sputa,
894 1521 1192 1593 colaphos,
1226 1526 1282 1577 et
1314 1521 1563 1594 ﬂagella,

363 1613 598 1668 Vestem
630 1627 862 1682 quoque
889 1609 1028 1665 ludo
1059 1611 1366 1681 quaesitam
1397 1614 1453 1666 et
1482 1609 1751 1682 spineum

363 1700 536 1756 Venit
568 1703 812 1766 sertum,
838 1699 910 1754 ad
943 1699 1134 1755 crucis
1166 1699 1422 1755 brachia.

297 1788 407 1856 Qui
437 1788 611 1844 hodie
641 1787 986 1860 triumphali
1017 1805 1050 1843 a
1085 1788 1335 1844 mortuis

368 1879 699 1951 Resurgens
731 1878 947 1950 sprevit
975 1878 1236 1946 victoria,

297 1971 526 2023 Ducens
557 1981 757 2022 secum
785 1966 1083 2039 primitiva

368 2055 454 2111 Ad
486 2055 659 2111 ccslos
688 2056 955 2111 membra
979 2059 1036 2110 et
1075 2070 1262 2127 nuper

371 2144 648 2218 Dispersa
676 2161 951 2201 revocans
980 2143 1173 2211 ovilia,

305 2234 414 2302 Qui
444 2239 500 2291 et
530 2234 698 2291 nobis
727 2233 789 2289 in
821 2235 938 2289 ﬁne
969 2233 1281 2306 speranda,

377 2323 538 2381 Licet
567 2324 775 2380 ultima
806 2323 1073 2379 membra
1091 2323 1302 2390 simus,

379 2413 638 2487 Spondet
666 2413 838 2470 dona.

757 2542 889 2596 CAP.
923 2539 1018 2595 XI.
1052 2569 1120 2579 —
1147 2539 1316 2596 Feria
1345 2540 1438 2594 Ill.

311 2653 461 2727 Agni
483 2653 782 2710 Paschalis
813 2668 918 2710 esu

384 2745 651 2815 Potuque
681 2742 890 2815 dignas

386 2831 648 2888 Moribus
680 2831 926 2888 sinceris
955 2831 1254 2903 praebeant

385 2920 601 2978 Omnes
631 2937 694 2977 se
723 2919 1064 2976 Christianae
1096 2919 1325 2985 animae,

317 3008 425 3064 Pro
448 3009 665 3078 quibus
695 3024 759 3062 se
788 3008 906 3064 Deo
930 3007 1184 3062 hostiam
1215 3005 1427 3062 obtulit

387 3097 517 3168 Ipse
548 3111 822 3152 summus
845 3095 1128 3151 Pontifex.

315 3187 576 3252 Quarum
606 3184 768 3241 frons
794 3185 854 3239 in
877 3183 1060 3257 postis
1088 3187 1176 3240 est
1208 3185 1319 3257 [Sic
1352 3184 1526 3258 Cod.],
1549 3183 1791 3240 modum

386 3273 528 3345 Ejus
545 3271 695 3330 illita
717 3276 1088 3330 sacrosancto
1118 3289 1321 3330 cruore

385 3363 456 3419 Et
481 3366 612 3418 tuta
634 3379 669 3418 a
696 3361 856 3419 clade
885 3362 1209 3434 Canopica;

315 3452 575 3516 Quarum
600 3451 865 3508 crudeles
889 3451 1088 3509 hostes

389 3541 452 3595 In
476 3539 624 3596 mari
644 3541 837 3597 Rubro
866 3544 1006 3597 sunt
1034 3541 1248 3608 obruti,

318 3629 508 3686 Renes
539 3630 945 3702 constringant
972 3631 1044 3685 ad
1075 3629 1444 3702 pudicitiam,
1499 3690 1510 3697 ,

317 3720 499 3777 Pedes
529 3723 795 3777 tutentur
822 3719 1100 3775 adversus
1130 3718 1359 3791 viperas

317 3809 683 3881 Baculosque
708 3807 1004 3881 spiritales
1025 3813 1228 3864 contra

380 3897 564 3954 Canes
584 3897 801 3970 jugiter
829 3915 1009 3954 manu
1035 3897 1306 3970 bajulent

324 3984 396 4041 Ut
422 3985 646 4040 Pascha
675 3985 816 4041 Jesu
847 3990 1183 4043 mereantur
1213 3985 1380 4058 sequi

395 4075 518 4139 Quo
550 4074 619 4129 de
649 4073 926 4129 barathro
946 4075 1127 4130 victor
1157 4077 1350 4131 rediit.

326 4163 410 4219 En
432 4161 748 4230 redivivus,
780 4163 1038 4218 mundus
1069 4165 1395 4232 ornatibus,

395 4250 624 4307 Christo
647 4266 1009 4324 consurgens
1032 4251 1230 4307 ﬁdeles
1260 4254 1537 4309 admonet

393 4342 532 4398 Post
562 4345 810 4398 mortem
835 4339 1046 4398 melius
1078 4358 1211 4397 cum
1242 4357 1308 4398 eo
1341 4341 1626 4399 Victuros.

788 4452 922 4523 om.
957 4465 1101 4522 XIII.
1135 4497 1204 4508 -
1231 4467 1392 4524 μανία
1421 4469 1508 4524 IV.

323 4583 528 4640 Grates
549 4582 830 4641 Salvatori
853 4600 919 4639 ac

395 4671 538 4744 Regi
566 4671 799 4728 Christo
830 4677 943 4729 Deo
976 4671 1205 4729 solvant

325 4761 542 4818 Omnes
580 4760 903 4817 incolarum
933 4761 1133 4818 incolae

326 4852 511 4917 Quem
543 4853 870 4923 spectatum
902 4851 1001 4906 diu
1024 4852 1152 4923 jam
1183 4855 1408 4921 tenent,

331 4939 401 4995 Et
431 4939 593 5012 leges
623 4940 752 5012 ejus
784 4939 1080 4997 mentibus

396 5029 646 5102 Captent
674 5027 1028 5102 promptulis
1177 5068 1180 5072 η

326 5121 483 5184 Quos
508 5117 782 5176 derelicto
813 5116 1027 5190 populo
1059 5116 1274 5190 delegit

397 5208 598 5264 Judan
628 5208 700 5263 de
728 5205 973 5263 Abrahae
1004 5223 1178 5263 carne
1206 5207 1422 5280 genito,

327 5297 398 5354 Et
422 5312 524 5368 per
551 5297 729 5353 ﬁdem
753 5312 902 5369 quos
931 5295 1177 5353 Abrahae

395 5385 572 5442 Natos
603 5384 740 5443 fecit
763 5389 820 5441 et
849 5390 1126 5458 cognatos
1157 5403 1332 5442 suum

397 5475 679 5532 Sanctum
709 5490 813 5546 per
840 5474 1212 5547 sanguinem.

326 5564 369 5619 Ο
397 5563 646 5632 Christe,
678 5564 1110 5635 consanguinea
1129 5567 1347 5620 naturae

395 5652 638 5719 Nostrae,
670 5668 777 5707 nos
808 5653 932 5707 fove

328 5737 538 5805 Atque,
564 5753 665 5808 per
695 5739 954 5796 divinam
986 5739 1326 5811 potentiam,

1999 4659 2046 4723 D

1955 539 2009 602 Α
2111 536 2300 590 Tuere
2331 535 2402 588 ab
2429 532 2589 590 omni
2616 532 2850 587 insursu

2114 622 2338 680 Inimici
2361 628 2417 678 et
2438 622 2668 678 insidiis

2041 715 2222 779 Quem
2258 729 2358 783 per
2386 712 2578 768 carnis
2609 708 2870 766 edulium

2111 801 2389 858 Delusisti
2419 801 2590 856 hamo
2620 805 2730 854 tua:
2760 797 3107 872 majestatis,
3134 794 3242 852 Fili
3272 795 3397 852 Dei.

2041 893 2125 948 Tu
2159 907 2471 963 resurgens
2493 888 2813 961 imperitas,

2111 981 2237 1036 Non
2260 979 2580 1036 moriturus
2611 976 2866 1049 amplius
2889 993 2902 1043 ;

2043 1074 2124 1125 Tu
2149 1069 2454 1124 mortalem
2488 1072 2749 1124 nostram
2784 1070 2840 1122 et
2859 1071 3107 1122 terream

2109 1159 2389 1214 Naturam
2415 1174 2727 1230 resurgens
2760 1154 3220 1228 incorruptivam

2045 1247 2272 1315 Fecisti,
2305 1251 2478 1319 atque
2499 1246 2655 1302 conlis
2687 1244 2976 1302 invexisti.

2327 1376 2458 1427 CAP.
2481 1372 2626 1427 XIII.
2652 1402 2720 1412 ——
2749 1373 2814 1428 In
2832 1369 3154 1426 Asrensz'one
3167 1369 3404 1425 Domini.

2047 1488 2277 1547 Summi
2307 1488 2675 1560 triumphum

2120 1577 2295 1651 Regis
2318 1593 2747 1650 prosequamur
2776 1576 2970 1646 laude,

2048 1667 2155 1732 Qui
2182 1667 2332 1733 coeli,
2359 1667 2456 1738 qui
2488 1670 2650 1722 terra
2683 1665 2830 1739 regit

2123 1757 2386 1827 Sceptra,
2420 1755 2630 1810 inferni
2655 1755 2788 1826 jure
2819 1754 3063 1826 domito,

2051 1846 2157 1910 Qui
2185 1862 2313 1901 sese
2345 1861 2448 1918 pro
2482 1845 2652 1900 nobis
2682 1843 3043 1901 redimendis

1975 1931 2022 1995 B
2125 1939 2516 2006 Permagnum
2547 1933 2705 1989 dedit
2735 1934 3011 2006 pretium.

2052 2023 2199 2079 Huic
2230 2041 2441 2079 nomen
2472 2027 2662 2079 exstat
2690 2023 3040 2079 conveniens
3073 2021 3310 2078 Idithun

2054 2114 2202 2170 Nam
2234 2112 2547 2168 transilivit
2577 2129 2778 2169 omnes
2810 2116 3046 2168 strenue

2129 2203 2373 2271 Montes,
2407 2201 2825 2273 colliculosque
2853 2201 3071 2257 Bethel.

2060 2291 2284 2349 Saltum
2308 2292 2379 2346 de
2410 2290 2552 2346 coelo
2584 2291 2745 2346 dedit
2773 2291 2833 2345 in
2862 2289 3207 2363 virginalem

2129 2381 2426 2442 Ventrem.
2460 2381 2595 2436 inde
2617 2380 2676 2434 in
2699 2378 2941 2453 pelagus
2973 2378 3190 2436 saeculi.

2063 2475 2382 2543 Postquam
2413 2468 2559 2526 illud
2591 2487 2698 2526 suo
2727 2469 3016 2541 mitigavit

2135 2561 2466 2627 Potentatu,
2498 2562 2679 2615 tetras
2708 2557 3151 2630 Phlegethontis

2138 2649 2363 2706 Assiliit
2391 2649 2682 2705 tenebras.

2067 2738 2352 2811 Principis
2380 2737 2540 2794 illius
2570 2735 2896 2793 disturbato
2927 2737 3191 2808 imperio,

2067 2827 2342 2900 Maniplis
2372 2826 2645 2899 plurimis
2670 2826 2804 2882 inde
2825 2826 3008 2882 erutis

2141 2917 2426 2972 Mundum
2458 2914 2716 2972 illustrat
2731 2932 2838 2972 suo
2851 2917 2874 2987 j
2886 2916 3083 2983 ubare,

2139 3004 2666 3076 Captivitatemque
2698 3005 2990 3062 detentam
3018 3005 3161 3062 inibi

2137 3094 2334 3149 Victor
2365 3094 2528 3150 duxit
2557 3110 2780 3162 secum,

2069 3188 2138 3240 Et
2168 3183 2628 3254 redivivumjam
2653 3183 2776 3239 suis
2798 3200 2861 3239 se

2140 3273 2390 3328 Praebuit
2416 3271 2597 3328 servis
2609 3277 2665 3328 et
2692 3272 2899 3330 amicis

2072 3361 2331 3432 Denique
2361 3360 2576 3417 saltum
2593 3361 2832 3418 dederat
2851 3363 3026 3419 hodie

2137 3449 2481 3519 Maximum,
2512 3451 2698 3506 nubes
2726 3451 3008 3527 polosque

2141 3542 2326 3595 Cursu
2356 3540 2592 3612 praepeti
2606 3539 2921 3596 transiens.

2073 3626 2337 3684 Celebret
2368 3644 2506 3700 ergo
2536 3628 2790 3701 populus
2821 3629 2978 3686 hunc
3007 3631 3164 3687 diem

2145 3715 2457 3784 Credulus,
2491 3717 2662 3788 cujus
2693 3718 2963 3775 morbida
2993 3720 3233 3777 Idithun

2143 3807 2395 3876 Corpora
2423 3805 2484 3861 in
2513 3806 2831 3879 semetipso
2853 3806 2986 3864 altis
3017 3810 3258 3866 sedibus

2144 3893 2280 3949 Caeli
2310 3894 2525 3950 invexit
2545 3894 2647 3952 Dei
2680 3895 2860 3952 Filius
2885 3913 2898 3952 :

2073 3985 2149 4046 Et
2170 3989 2429 4040 tremens
2450 3985 2714 4056 judicem
2745 3990 3038 4058 exspectet

2144 4080 2498 4144 Aﬂ‘uturum,
2531 4081 2596 4131 ut
2625 4077 2739 4131 duo
2771 4075 2964 4148 angeli

2146 4170 2375 4225 Fratres
2404 4167 2731 4222 docuerunt
2764 4180 2776 4220 :

2077 4257 2184 4325 Qui
2213 4258 2386 4314 Jesus
2416 4254 2624 4311 avobis
2657 4257 2998 4326 assumptus
3021 4257 3107 4310 est
3137 4254 3194 4310 in
3224 4253 3436 4312 ccelum

2148 4348 2364 4404 lterum
2401 4344 2611 4414 veniet,
2642 4347 2709 4399 ut
2734 4341 2964 4400 vidistis
2985 4359 3142 4400 eum.

2079 4437 2224 4496 Nam
2256 4433 2514 4490 Idithum
2540 4435 2811 4489 nostrum
2844 4432 3082 4490 vocibus

2150 4522 2383 4580 Sedulis
2405 4538 2608 4578 omnes
2640 4520 3024 4593 imploremus
3048 4540 3062 4591 ;

2083 4616 2156 4671 Ut
2184 4631 2218 4670 a
2247 4611 2464 4669 dextris
2488 4609 2700 4679 Patris,
2731 4610 2832 4682 qui
2860 4611 3046 4678 sedet,

2151 4702 2436 4775 Spiritum
2458 4703 2655 4756 mittat
2685 4698 2851 4756 nobis
2879 4703 3170 4756 sanctum.

2081 4792 2146 4848 In
2169 4793 2346 4847 ﬁnem
2379 4789 2575 4848 saeculi
2604 4788 2730 4861 ipse
2759 4805 2994 4862 quoque

2152 4881 2397 4953 Semper
2427 4880 2502 4936 sit
2523 4878 2852 4935 nobiscum.

2296 5006 2430 5060 CAP.
2459 5003 2600 5059 XIV.
2633 5034 2699 5045 —
2725 5004 2785 5059 In
2816 5003 2906 5060 die
2933 5007 3120 5061 sancto
3155 5000 3512 5061 Pentecosteé.

2083 5120 2282 5179 Sancti
2313 5119 2565 5192 Spiritus

2152 5210 2323 5265 Adsit
2352 5209 2519 5265 nobis
2550 5208 2738 5281 gratia

2082 5302 2216 5366 Quae
2244 5299 2419 5355 corda
2448 5302 2649 5354 nostra
2679 5297 2790 5354 sibi

2153 5388 2345 5445 Faciat
2374 5386 2774 5443 habitaculum

2079 5468 2349 5549 Expulsis
2376 5476 2512 5532 inde
2540 5469 2767 5531 cunctis

2151 5565 2322 5622 Vitiis
2353 5564 2734 5638 spiritalibus.

2080 5654 2332 5727 Spiritus
2363 5653 2536 5721 alme,
2565 5651 2892 5710 illustrator
2907 5652 3241 5722 hominum,

2079 5743 2356 5802 Horridas
2385 5748 2594 5801 nostris
2621 5743 2833 5801 mentis

3528 395 3686 456 1012
