4012 6198
340 316 496 377 1013
976 344 979 347 -
1576 310 1802 370 LIBER
1851 310 1924 367 Si

2148 309 2491 370 ITIARUM.
3584 312 3732 372 1014

410 453 602 523 Purga
634 448 925 505 tenebras-
2004 446 2060 509 Α
2086 443 2162 497 Te
2194 444 2590 515 deposcimus,
2628 447 2688 497 ut
2719 442 2967 498 crimina
2997 446 3198 498 nostra

338 540 575 594 Amator
605 542 816 593 sanctae
848 542 1214 592 sensatorum
2088 533 2155 587 Et
2182 532 2438 587 facinora
2463 532 2738 587 continua
2770 548 2937 605 prece

407 632 645 700 Semper
668 627 1048 700 cogitatuum,
2156 622 2401 677 Studeas
2431 622 2751 689 absolvere,

338 717 583 773 Infunde
614 718 951 773 unctionem
984 721 1169 785 tuam,
2086 711 2357 767 Placatus
2388 716 2453 765 ut
2474 712 2597 783 ipse
2628 730 2767 768 suos
2798 728 3029 783 semper

411 807 676 863 Clemens
707 806 923 862 nostris
955 806 1251 862 sensibus.
2158 803 2411 858 Invisere
2444 801 2643 857 ﬁdeles

338 896 425 950 Tu
458 895 797 967 puriﬁcator
825 895 1088 950 omnium
2088 893 2154 947 Et
2182 892 2548 947 mansionem
2580 891 2639 945 in
2670 891 2753 946 eis
2788 891 2976 947 facere
3008 891 3298 964 dignetur,

406 984 783 1057 Flagitiorum
815 985 1090 1056 Spiritus,
2087 984 2154 1039 Et
2182 982 2328 1055 Agni
2358 981 2565 1037 vellere
2599 997 2772 1053 quem
2805 985 2905 1035 tuo
2935 979 3116 1054 digito

336 1073 584 1129 Purifica
612 1073 795 1129 nostri
827 1073 1061 1129 oculum
2086 1074 2282 1128 Mundi
2316 1076 2747 1128 monstraveras
2781 1070 2983 1126 tollere

408 1163 706 1219 Interioris
734 1163 990 1219 hominis
1016 1182 1029 1232 ;
1768 1233 1774 1241 .
2159 1162 2417 1217 Crimina
2448 1178 2551 1215 nos
2582 1159 2720 1215 velit
2748 1158 3014 1226 induere,

336 1253 407 1308 Ut
434 1252 618 1308 videri
649 1270 962 1325 supremus
2088 1253 2157 1309 Ut
2189 1252 2383 1323 ipsum
2416 1265 2746 1305 mereamur
2776 1248 2998 1320 angelis
3020 1248 3230 1305 associi
3352 1318 3353 1321 η

406 1342 641 1397 Genitor
671 1343 858 1413 possit
887 1360 920 1398 a
950 1342 1138 1408 nobis,
2087 1342 2147 1396 In
2178 1340 2311 1395 alba
2338 1343 2496 1395 veste
2529 1338 2694 1409 sequi
2727 1354 2828 1409 per
2860 1343 3085 1411 portam
3113 1337 3526 1407 clarissimam,

334 1430 537 1485 Mundi
568 1430 758 1486 cordis
790 1447 962 1502 quem
996 1430 1103 1485 soli
2085 1430 2277 1486 Amice
2309 1429 2519 1485 Christi
2548 1429 2825 1484 Joannes.

262 1592 267 1598 ‘
405 1520 649 1575 Cernere
679 1524 926 1593 possunt
954 1519 1128 1574 oculi.

2188 1539 2321 1594 CAP.
2354 1536 2495 1592 XVI.
2534 1567 2597 1579 ——
2626 1538 2687 1591 In
2734 1536 3019 1591 Natatitiis
3065 1536 3434 1608 apostolorum
3461 1539 3618 1593 Petri

306 1676 309 1677 ν
336 1608 653 1679 Prophetas
681 1614 741 1664 tu
774 1609 1096 1680 inspirasti,
1128 1613 1193 1664 ut
1213 1609 1502 1681 praeconia
2770 1613 2819 1663 et
2847 1608 3028 1663 Pauli.

404 1696 619 1752 Christi
643 1697 1086 1769 praecinuissent
1116 1698 1348 1771 inclyta.
2084 1702 2270 1765 Petre,
2304 1713 2534 1753 summe
2563 1696 2774 1751 Christi
2805 1702 3020 1768 pastor,

332 1785 644 1858 Apostolos
674 1787 1031 1857 confortasti,
1065 1793 1131 1843 ut
1159 1788 1483 1860 trophaeum
2006 1816 2053 1880 Β
2154 1789 2223 1843 Et
2250 1786 2445 1852 Paule,
2478 1785 2743 1858 gentium
2783 1787 3003 1853 doctor,

403 1875 614 1930 Christi
644 1893 746 1947 per
772 1880 959 1931 totum
991 1879 1281 1933 mundum
1315 1878 1586 1935 veherent
2006 1874 2047 1880 ”
2084 1877 2399 1933 Ecclesiam
2431 1875 2640 1931 vestris
2671 1875 2953 1931 doctrinis
2986 1874 3378 1932 illuminatam

334 1966 576 2032 Quando
610 1966 945 2021 machinam
976 1984 1077 2040 per
1097 1968 1351 2024 Verbum
1380 1985 1554 2023 suum
2083 1968 2191 2022 Per
2220 1966 2500 2021 circulum
2528 1968 2693 2021 terrae
2724 1967 2992 2035 precatus
3021 1963 3255 2035 adjuvet
3282 1968 3491 2021 vester.

404 2054 560 2111 Fecit
588 2054 740 2109 Deus
772 2055 920 2120 coeli,
952 2060 1139 2122 terrae,
1166 2058 1368 2128 maris,
2084 2058 2229 2113 Nam
2261 2055 2564 2121 Dominus,
2597 2058 2786 2122 Petre,
2820 2052 3095 2107 cmlorum

332 2145 418 2199 Tu
452 2160 628 2215 super
658 2162 840 2216 aquas
874 2146 1100 2200 foturus
1130 2163 1251 2213 eas,
1279 2163 1497 2202 numen
2154 2147 2281 2201 Tibi
2313 2145 2502 2201 claves
2534 2145 2685 2200 dono
2718 2143 2895 2199 dedit.

404 2235 596 2289 Tuum
620 2234 968 2306 expandisti,
1004 2234 1278 2306 Spiritus,
2082 2236 2473 2308 Armigerum,
2507 2232 2831 2304 Benjamin,
2864 2230 3131 2287 Christus

332 2321 417 2375 Tu
450 2321 763 2377 animabus
794 2320 1155 2378 vivificandis
2155 2326 2234 2379 Te
2262 2324 2370 2379 scit
2400 2340 2596 2390 suum,
2628 2336 2846 2393 vasque
2878 2320 3148 2376 electum.

404 2414 605 2481 Aquas
632 2410 933 2480 fecundas,
2086 2414 2240 2469 Mare
2270 2411 2470 2484 planta
2500 2416 2575 2478 te,
2610 2415 2795 2477 Petre,
2829 2407 3097 2465 Christus

332 2498 437 2565 Tu,
468 2498 779 2570 aspirando
811 2501 885 2556 da
915 2500 1205 2573 spiritales
2156 2501 2511 2558 Conculcare
2541 2504 2651 2555 tuas
2684 2500 2847 2555 dedit
2878 2498 3150 2555 charitati
3177 2517 3190 2567 ;

404 2588 543 2643 Esse
574 2587 860 2645 homines.
2088 2592 2362 2649 Umbram
2394 2590 2478 2645 tui
2511 2590 2769 2661 corporis
2800 2588 3073 2656 infirmis,

318 2677 421 2747 _Tu
452 2677 703 2733 divisum
735 2694 839 2749 per
868 2678 1101 2752 linguas
1130 2681 1417 2736 mundum
1778 2696 1781 2699 ·
2158 2680 2578 2752 Dehilibusque
2611 2679 2744 2733 fecit
2768 2678 3143 2734 medicinam.

405 2766 476 2820 Et
508 2766 655 2821 ritus
686 2768 978 2838 adunasti,
1002 2768 1276 2840 Spiritus.
2083 2770 2498 2842 Spermologon
2532 2767 2909 2839 philosophos
2939 2771 3016 2833 te,

334 2853 675 2910 Idololatras
705 2857 776 2911 ad
802 2856 1023 2912 cultum
1056 2858 1157 2912 Dei
1187 2874 1439 2927 revocas,
2158 2859 2355 2927 Paule,
2388 2858 2651 2912 Christus
2677 2857 2777 2911 dat
2797 2855 3023 2911 vincere
3053 2873 3161 2912 sua
3190 2871 3345 2912 voce.

405 2943 816 3015 Μθιείδίτοτυω
846 2946 1082 3016 0Ptime.
2086 2947 2439 3020 Multiplices
2470 2945 2739 3001 victorias
2770 2949 2854 3009 tu,
2890 2944 3085 3013 Paule,

336 3035 481 3103 Ergo
511 3050 617 3088 nos
648 3034 1045 3105 supplicantes
1074 3036 1181 3091 tibi
2157 3038 2385 3094 Christo
2417 3053 2519 3107 per
2551 3034 2795 3107 populos
2828 3034 3152 3106 acquisisti.

406 3122 624 3177 Exaudi
657 3124 966 3195 propitius,
1002 3129 1202 3181 sancte
1232 3125 1507 3197 Spiritus,
2016 3188 2050 3197 _
2088 3128 2387 3183 Postremo
2416 3125 2584 3179 victis
2615 3126 2890 3180 omnibus
2920 3124 3186 3179 barbaris

333 3209 469 3265 Sine
499 3227 615 3281 quo
646 3228 847 3283 preces
876 3229 1082 3268 omnes
1112 3230 1290 3269 casse:
2009 3188 2051 3255 Ο
2090 3217 2175 3270 Ad
2209 3231 2400 3270 arcem
2435 3213 2652 3267 summi
2686 3213 2925 3285 pergitis
2956 3212 3250 3269 culminis.

403 3300 735 3356 Creduntur
765 3306 821 3356 et
851 3302 1104 3374 indignae
1141 3304 1233 3359 Dei
1258 3304 1521 3359 auribus.
2159 3306 2479 3358 Germanos
2510 3302 2808 3356 discordes
2842 3300 2952 3355 sub
2977 3301 3191 3372 jugum

330 3389 438 3461 Tu,
472 3388 574 3460 qui
605 3390 871 3445 omnium
905 3392 1251 3447 saeculorum
1285 3397 1539 3460 sanctos,
2158 3391 2372 3445 Christi
2404 3393 2638 3461 pacatos
2663 3390 2789 3460 jam
2820 3389 3099 3443 coacturi.

331 3478 440 3533 Tui
473 3480 735 3536 numinis
766 3480 1017 3536 docuisti
1046 3480 1353 3555 instinctu,
2090 3480 2175 3536 Ibi
2208 3479 2455 3537 Neronis
2487 3478 2687 3533 feritas
2718 3477 3013 3549 principes

401 3568 821 3639 Amplectendo
854 3570 1136 3642 spiritus;
2085 3568 2518 3643 Apostolorum,
2554 3566 2765 3639 proeliis
2798 3564 3070 3638 plurimis
3098 3564 3370 3635 victores,

335 3656 485 3729 Ipse,
516 3656 689 3713 hodie
722 3659 1016 3731 apostolos
1047 3660 1258 3717 Christi
2158 3660 2411 3716 Diversae
2444 3662 2521 3725 te,
2554 3656 2719 3712 Petre
2748 3660 2805 3710 et
2834 3655 3035 3724 Paule,

335 3746 571 3803 Donans
596 3764 837 3804 munere
869 3748 1103 3805 insolito
2161 3749 2476 3806 Addixerat
2507 3764 2689 3820 poenae
2720 3745 2930 3801 mortis
2956 3764 2967 3800 :

408 3836 478 3889 Et
505 3835 729 3892 cunctis
758 3836 1021 3893 inaudito
1054 3839 1247 3907 seclis,
2088 3841 2167 3896 Te
2198 3856 2341 3895 crux
2372 3838 2643 3900 associat,
2675 3838 2731 3891 te
2761 3851 2894 3890 vero
2927 3833 3156 3907 gladius

336 3926 503 3979 Hunc
536 3923 688 3980 diem
719 3924 1041 3997 gloriosum
1073 3928 1281 3983 fecisti.
2158 3930 2444 3984 Cruentus
2475 3925 2656 3981 mittit
2684 3923 2930 3979 Christo.

410 4032 541 4087 CAP.
577 4031 695 4088 XV.
727 4064 791 4074 —
824 4036 897 4089 Dc
925 4036 1122 4090 Natale
1163 4038 1337 4092 sancti
1363 4039 1595 4094 Joannis
1624 4040 1903 4111 Baptista.
2125 4037 2258 4091 CAP.
2292 4035 2457 4090 XVII.
2494 4065 2559 4075 —
2592 4035 2665 4088 Dc
2694 4032 2889 4089 Natale
2931 4033 3107 4087 sancti
3144 4033 3429 4091 Benedicti
3464 4033 3695 4090 abbatis.

338 4138 532 4194 Sancti
563 4138 857 4211 Baptistae,
890 4140 1107 4196 Christi
1138 4143 1439 4213 przeconis,
2086 4143 2278 4200 Sancti
2310 4143 2519 4197 merita

408 4226 707 4283 Solemnia
735 4228 1095 4286 celebrantes
2160 4232 2451 4288 Benedicti
2484 4231 2703 4303 inclyta

410 4316 673 4372 Moribus
703 4316 900 4388 ipsum
930 4335 1267 4390 sequamur,
2090 4322 2358 4378 Verendaa
2391 4320 2718 4377 sanctitatis
2749 4338 2815 4376 ac

341 4403 414 4460 Ut
443 4405 513 4459 ad
545 4404 698 4460 viam
730 4422 909 4477 quam
933 4408 1202 4479 praedixit
2162 4412 2582 4468 Monachorum
2616 4409 2888 4483 praesulis

408 4493 674 4550 Asseclas
705 4511 845 4550 suos
876 4497 1176 4566 perducat.
2016 4553 2058 4572 ἢ
2092 4503 2201 4558 Pro
2230 4518 2399 4572 posse
2433 4508 2607 4572 atque
2639 4516 2812 4555 nosse
2843 4513 3063 4569 organa

876 4553 895 4566 .
2094 4553 2195 4558 __-
2231 4553 2393 4572 τμη
2693 4553 2703 4554 ,
2763 4553 2772 4555 ν

337 4580 536 4639 Devoti
567 4587 644 4653 te,
678 4584 1052 4641 sanctissime
1083 4587 1411 4656 hominum,
2014 4553 2061 4619 D
2166 4592 2378 4649 Nostra
2407 4592 2773 4660 concrepent.

408 4672 605 4728 Amice
631 4673 771 4729 Jesu
802 4674 1037 4744 Christi,
1071 4677 1426 4748 ﬂagitamus,
2094 4680 2305 4737 Nursia
2335 4678 2469 4734 felix
2500 4677 2636 4732 tulit
2666 4679 2868 4731 natum
2900 4674 3173 4747 genitrix,

410 4761 484 4817 Ut
512 4762 727 4834 gaudia
753 4764 1149 4837 percipiamus
2090 4770 2337 4827 Domina
2367 4767 2569 4823 mundi
2606 4767 2789 4822 Roma
2820 4765 2962 4821 fovit
2991 4765 3206 4821 alitrix.

337 4851 639 4923 Apparens
673 4868 798 4923 quas
829 4853 1117 4910 Zacharias
1144 4855 1376 4912 Gabriel
2091 4860 2192 4914 Hic
2227 4875 2363 4931 ergo
2396 4860 2725 4929 praeventus
2756 4856 2977 4927 optimo
3010 4856 3197 4913 sancti
3220 4854 3472 4928 Spiritus
3503 4856 3675 4913 dono.
3720 4886 3733 4899 ν

412 4940 763 5012 Repromisit
793 4943 892 5014 qui
924 4947 1085 4999 tuam
1117 4944 1477 5003 celebrarent
2091 4948 2368 5019 Sophiam
2401 4946 2667 5017 despexit
2696 4945 3037 5016 humanam,

414 5029 723 5101 Obsequiis
754 5032 1138 5088 nativitatem.
2161 5037 2377 5091 Nactus
2408 5040 2464 5091 et
2494 5034 2836 5107 angelicam.

342 5119 410 5174 Et
438 5135 542 5191 per
568 5118 690 5175 haec
720 5119 868 5175 festa
897 5125 1109 5177 interna
1138 5124 1353 5194 gaudia
2091 5128 2194 5183 Hic
2227 5128 2339 5183 ﬁde
2369 5124 2655 5182 subnixus
2684 5126 2911 5197 integra

410 5208 842 5281 Adipiscamur,
2162 5215 2597 5287 Rcdintegravit
2626 5215 2937 5270 confracta.

342 5300 467 5365 Qua
496 5299 685 5354 sancti
719 5297 815 5353 Dei
848 5297 1027 5354 sacris
1058 5298 1283 5357 deliciis
2091 5307 2364 5363 lucendia
2391 5305 2583 5360 carnis
2615 5304 2868 5366 edomat,

413 5388 547 5443 Lati
579 5387 969 5458 CODSRUdeDt-
2163 5401 2341 5451 Cruce
2371 5409 2659 5448 venenum
2686 5392 2922 5462 etl'ugat.

342 5476 442 5541 Te,
475 5475 574 5544 qui
609 5492 900 5546 praeparas
927 5476 1187 5533 ﬁdelium
1220 5483 1395 5538 corda
2091 5486 2261 5557 Vaga:
2296 5482 2509 5538 mentis
2542 5481 2896 5535 monachum

342 5564 426 5619 Ne
458 5564 598 5634 quid
630 5564 863 5621 devium
894 5565 981 5621 vel
1014 5566 1309 5626 lubricum
2168 5576 2434 5645 Reparat,
2469 5572 2687 5627 fontem
2719 5568 2949 5625 rivulat.

416 5655 571 5713 Deus
600 5653 660 5710 in
691 5653 775 5711 Bis
804 5654 1079 5724 inveniat,
2094 5664 2232 5735 Ejus
2256 5664 2430 5735 jussu
2458 5663 2529 5717 de
2561 5660 2669 5717 laci
2701 5658 2897 5716 abdito
2929 5658 3148 5715 ferrum
3180 5660 3397 5715 enatat.
