4012 6198
275 293 432 356 1015
1177 305 1242 364 Β.
1293 306 1638 367 NOTKEBI
1682 307 1859 368 BALl

2114 358 2126 370 .
2178 314 2405 376 GALLI
2454 312 2803 377 MONACHI
3526 307 3691 370 1016

278 428 614 502 Discipulus
645 448 824 504 super
856 450 1040 505 aquas
1071 435 1244 492 siccis
1277 437 1523 509 pedibus
1583 462 1589 468 ·
1956 445 2009 510 Α
2039 443 2182 500 Nam
2217 446 2346 519 ipsa
2377 447 2608 503 laetatur
2637 463 2750 518 quo
2782 443 2910 500 οωῙί
2934 445 3058 515 jam

355 520 568 589 Currit,
603 538 812 578 corvus
843 525 1188 580 mandatum
1222 527 1468 599 peragit.
2115 535 2504 608 Conspicatur
2534 535 2877 608 principem,

290 609 592 680 Ingentem
626 610 840 683 levigat
867 616 1113 684 petram.
1148 619 1413 671 Fratrum
1864 631 1878 641 ’
2045 626 2107 679 In
2141 627 2309 681 terris
2344 627 2435 681 cui
2468 628 2764 698 quondam
2796 623 3087 695 augendas

363 699 611 754 Revocat
641 700 861 769 oculos,
888 703 1014 772 jam
1048 704 1282 760 delusos
1309 706 1566 778 ignibus.
2115 715 2290 786 Virgo
2323 715 2613 771 mamillas
2644 714 2909 787 praebuit.

289 788 545 860 Lapsum
579 790 932 845 monachum
965 809 1068 863 per
1097 795 1363 850 membra
1395 795 1600 851 tritum
2045 806 2228 870 Quam
2256 805 2499 860 celebris
2530 805 2749 876 angelis
2783 802 2983 873 Maria,

360 878 474 932 Sua
504 893 671 950 prece
703 880 1003 935 redonavit
1031 883 1260 939 animae.
2114 893 2252 948 Jesu
2287 895 2466 950 Mater
2496 895 2771 964 creditur,

286 965 530 1039 Culpam
565 968 822 1039 prodidit
850 973 1188 1044 prazsumpti
1222 973 1358 1042 cibi,
2044 983 2149 1048 Qui
2183 982 2307 1037 Filii
2343 983 2501 1037 illius
2531 983 2759 1038 debitos

357 1057 428 1112 Et
459 1056 747 1128 hospitem
772 1063 909 1115 nota
939 1061 1136 1133 culpat
1165 1062 1367 1118 simili.
2114 1073 2186 1127 Se
2217 1078 2580 1144 cognoscunt
2610 1071 2861 1127 famulos
2888 1071 2898 1125 Ξ

283 1146 496 1204 Perfidi
528 1147 681 1220 regis
712 1149 1189 1207 machinamenta
1401 1169 1404 1176 '
2043 1163 2167 1227 Qua
2194 1162 2378 1234 gloria
2410 1163 2469 1217 in
2501 1161 2661 1218 ccelis
2694 1162 2807 1217 ista
2836 1161 3005 1233 Virgo
3040 1159 3276 1226 colitur,

357 1238 544 1309 sagax
577 1237 871 1308 ἀθειλάειῐς
2044 1255 2175 1317 Qua:
2209 1252 2450 1308 Domino
2483 1252 2609 1307 coeli
2643 1252 2890 1323 prmbuit
2919 1249 3243 1322 hospitium

290 1326 428 1383 Post
447 1327 648 1382 decem
678 1345 864 1384 annos
895 1345 999 1401 per
1026 1329 1305 1402 Spiritum
2113 1342 2211 1396 Sui
2244 1343 2602 1398 sanctissimi
2633 1341 2894 1414 corporis

361 1414 565 1470 Finem
597 1414 725 1470 vitae
757 1418 1011 1472 nuntiat.
2045 1433 2230 1497 Quam
2262 1431 2569 1502 splendida
2601 1431 2734 1503 polo

289 1504 395 1571 Qui
429 1503 705 1560 clericum
741 1505 905 1561 hoste
934 1524 1244 1578 pervasum
1281 1510 1489 1567 liberat
2117 1519 2295 1577 Stella
2325 1522 2505 1577 maris
2538 1520 2759 1587 rutilat,

365 1594 432 1647 Et
461 1592 752 1648 cautelam
783 1595 1120 1664 demandat,
2046 1611 2179 1674 Quae
2211 1611 2476 1665 omnium
2505 1610 2705 1665 lumen
2736 1611 3053 1675 astrorum,
3238 1670 3242 1674 ,

293 1681 401 1746 Qui
433 1686 716 1737 secretam
749 1685 986 1756 superbi
1021 1691 1276 1744 mentem
1310 1689 1570 1763 increpat
1798 1744 1803 1749 .
2115 1703 2184 1755 Et
2213 1699 2521 1754 hominum
2552 1704 2728 1770 atque
2751 1697 3066 1770 spirituum
3098 1696 3340 1770 genuit!

361 1773 550 1885 Atque
583 1773 802 1885 famem1
830 1773 1115 1885 Illlitig-atn
1151 1866 1162 1876 .
1967 1821 2016 1885 B
2045 1789 2144 1854 Te,
2178 1787 2304 1842 coeli
2337 1787 2578 1861 Regina,
2611 1788 2731 1842 haec
2753 1787 3056 1885 plebecula

295 1858 484 1915 Verbo
518 1876 691 1915 carne
721 1861 942 1918 solutas
973 1862 1118 1937 ligat
1138 1866 1262 1936 jam
1970 1858 2016 1885 ³³
2122 1876 2240 1932 Piis
2271 1858 2638 1933 concelebrat
2666 1877 3008 1932 mentibus.

365 1948 608 2005 Animas
640 1950 741 2005 sed
774 1950 1023 2007 absolvit
1052 1970 1200 2024 pane
1232 1955 1498 2028 mystico.
2050 1968 2128 2022 Te
2159 1971 2332 2021 cantu
2364 1965 2596 2022 melodo
2627 1983 2804 2038 super
2828 1965 3042 2021 aethera

293 2040 510 2096 Cautes
539 2041 760 2111 absque
789 2041 1050 2113 periculo
1081 2052 1311 2099 servant
1337 2063 1440 2102 vas
2123 2056 2247 2111 Una
2277 2073 2410 2111 cum
2442 2055 2665 2126 angelis
2697 2055 2900 2110 elevat.

356 2129 642 2218 Yitreum.
678 2131 806 2202 Ipse
834 2148 1106 2203 pressum
1140 2133 1367 2206 plangit
1395 2137 1694 2204 aemulum,
2049 2145 2126 2202 Te
2154 2146 2306 2216 libri,
2339 2145 2538 2218 Virgo,
2571 2146 2887 2201 concinunt

291 2217 424 2274 Solo
456 2219 674 2275 intuitu
707 2221 979 2276 enodavit
1010 2222 1318 2292 rusticum,
2121 2217 2559 2306 Prophetarum,
2592 2235 2803 2290 chorus
2826 2234 3044 2306 jubilat

289 2309 397 2364 Sed
429 2309 692 2365 oramine
714 2312 840 2382 jam
874 2311 1228 2369 exstinctum
2121 2325 2525 2395 Saeerdotum,
2560 2323 2832 2395 apostoli,
2865 2323 3198 2394 Christique

361 2398 587 2454 Rustici
618 2399 923 2456 suscitavit
947 2400 1137 2456 ﬁlium
2123 2415 2407 2486 Martyres
2441 2415 2780 2486 praedicant,

296 2488 427 2559 Ipse
457 2504 564 2544 nos
588 2488 681 2560 pio
711 2489 981 2545 conciliet
1011 2491 1261 2564 Christo,
2051 2505 2130 2558 Te
2161 2503 2358 2575 plebes
2390 2520 2564 2558 sexus
2588 2503 2857 2573 sequitur
2887 2502 3217 2573 utriusque,

295 2575 551 2630 Poscens
579 2577 808 2633 veniam
841 2579 1186 2636 delictorum
1218 2587 1275 2638 et
1305 2587 1531 2655 partem
2121 2592 2313 2647 Vitam
2349 2592 2601 2664 diligens
2632 2591 3000 2663 virginalem,

369 2665 430 2717 ῙΠ
463 2664 676 2735 ﬁniatis
707 2667 966 2735 Sedibus:
1481 2721 1484 2723 Α
2125 2681 2424 2737 Coelicolas
2459 2681 2516 2736 in
2548 2681 2896 2736 castimonia
2925 2679 3230 2736 aemulans.

298 2750 363 2807 111
395 2752 612 2823 quibus
642 2754 931 2827 gloriosus
964 2758 1308 2831 triumphat.
2052 2770 2311 2827 Ecclesia
2339 2788 2474 2843 ergo
2504 2774 2713 2826 cuncta
2743 2775 2798 2826 te
2829 2770 3124 2839 cordibus,

2123 2862 2318 2931 Teque
2347 2861 2708 2916 carminibus
2741 2859 3062 2931 celebrans,

2053 2948 2180 3003 Tibi
2213 2965 2380 3003 suam
2414 2950 2745 3004 manifestat
2774 2949 3160 3009 devotionem,

2122 3036 2364 3092 Precatu
2398 3041 2452 3092 te
2483 3037 2733 3110 supplici
2762 3037 3110 3110 implorans,
3143 3036 3353 3093 Maria:

2053 3125 2126 3180 Ut
2156 3126 2266 3182 sibi
2300 3126 2512 3182 auxilio
2544 3128 2699 3182 circa
2728 3127 3023 3182 Christum
3055 3127 3372 3182 Dominum

1971 3193 2013 3258 Ο
2121 3216 2263 3271 Esse
2294 3216 2547 3289 digneris
2579 3233 2682 3287 per
2709 3233 2921 3272 aevum.

299 2886 432 2941 ΟΑΡ.
466 2887 667 2942 XVIII.
701 2919 769 2928 -κ
799 2893 867 2944 In
896 2891 1091 2944 Natale
1119 2893 1302 2946 sancti
1337 2893 1628 2949 Laurentii
1656 2898 1939 2967 martyris.

299 2991 599 3059 Laurenti,
630 2993 808 3047 David
835 2995 1034 3065 magni

368 3078 585 3150 Martyr
615 3079 900 3152 milesque
935 3083 1120 3146 fortis,

294 3168 379 3223 Tu
413 3167 782 3241 imperatoris
812 3171 1092 3238 tribunal,

291 3258 374 3312 Tu
407 3273 618 3313 manus
647 3249 935 3315 tortorum
965 3267 1237 3317 cruentas

291 3343 592 3418 Sprevisti,
627 3352 863 3404 secutus
893 3350 1346 3409 desiderabilem

360 3437 552 3483 Amne
583 3451 759 3483 manu
793 3436 1000 3483 fnrtnm

2229 3324 2363 3377 CAP.
2396 3323 2511 3378 ΧΧ.
2551 3315 2611 3364 —'
2643 3326 2706 3378 In
2733 3323 3034 3378 Nativitate
3059 3327 3264 3380 sanctae
3295 3327 3523 3382 Maria.

2049 3411 2241 3483 Stirpe
2271 3411 2456 3467 Maria
2488 3412 2646 3483 regia

360 3437 552 3505 Atque
583 3451 762 3490 manu
793 3436 1003 3493 fortem

292 3521 398 3586 Qui
434 3521 598 3578 solus
628 3524 818 3595 potuit
847 3543 1025 3599 regna

2050 3436 2241 3483 DLH‘pU
2271 3436 2456 3467 lVlﬂl'lﬂ.
2489 3436 2646 3483 rt:qu

2122 3499 2427 3556 Procreata
2458 3517 2654 3572 regem
2687 3517 2972 3571 generans
3002 3501 3204 3556 Jesum

366 3588 653 3682 Superare
683 3588 1198 3686 tyrannivcrudelis
1223 3635 1236 3683 ;
2048 3590 2246 3686 Eiude
2270 3589 2517 3686 dignum
2546 3588 2888 3686 angtl‘fr‘fm
2921 3594 3280 3686 ta‘wmmmi

294 3677 591 3773 Cujusque
621 3677 862 3759 sanctus
891 3705 1197 3776 sanguinis
1225 3677 1501 3780 prodigos
2047 3677 2252 3780 Evn.”
2285 3682 2616 3780 Pe°,°at9“es
2647 3677 2753 3732 tibi
2785 3677 3022 3732 devoms

368 3789 526 3844 Facit
555 3807 721 3847 amor
750 3791 968 3848 milites
997 3793 1146 3864 ejus,
1227 3764 1247 3778 ⁵
1397 3764 1432 3780 υ
2048 3855 2093 3864 __
2123 3764 2361 3864 Ῑηξυθνξῖ
2383 3766 2657 3864 benigna-

295 3876 625 3934 Dummodo
655 3879 823 3935 illum
854 3853 1287 3938 liceat'cernere
1347 3932 1364 3952 ,
2048 3855 2142 3952 Tu.
2166 3871 2290 3952 Ρξοε
2323 3853 2563 3952 Pili-rum
2595 3871 2789 3952 {flores
2820 3857 3080 3952 qstentas

371 3961 685 4037 Dispendio
716 3968 844 4024 vita)
875 3971 1198 4041 praesentis.
1347 3942 1364 3952 ’
2047 4031 2085 4041 ﬁ
2119 3943 2290 4041 ξῐξῖθ)
2324 3942 2424 4041 lie?
2457 3942 2693 4041 excellis
2722 3943 2980 3998 eosdem.

297 4053 542 4108 Caesaris
570 4059 632 4110 tu
662 4057 849 4114 fasces
881 4061 1204 4116 contemnis
1269 4087 1272 4090 ~

1126 4061 1204 4116 nis
1269 4087 1272 4090 .
2046 4030 2234 4086 Patris
2263 4030 2348 4129 tui
2380 4029 2710 4129 Salomonis

363 4141 433 4196 Et
455 4142 678 4212 judiois
710 4145 904 4202 minas
936 4147 1188 4203 derides.

1125 4165 1188 4203 gs.
2118 4120 2181 4173 In
2216 4123 2270 4173 te
2299 4119 2454 4174 lucet
2484 4120 2709 4191 sophia,

293 4207 561 4287 Carnifex
591 4233 846 4306 ungulas
875 4239 932 4291 et
958 4239 1124 4291 ustor
2047 4207 2395 4307 EtnEzechiee
2427 4209 2582 4280 apud
2605 4208 2798 4307 'Deum
2830 4225 2929 4265 cor
2959 4215 3208 4307 rectum,

360 4296 711 4378 Craticulam
741 4340 887 4381 vane
907 4330 1293 4383 consumunt.
2048 4387 2086 4396 ,,
2267 4313 2569 4396 ‘3“9‘1“?
2603 4297 2660 4350 in
2684 4301 2748 4396 ,ιθ
2777 4299 3297 4396 Emumpendm'

288 4407 458 4465 Dolet
486 4408 706 4484 impius
738 4413 911 4470 Urbis
943 4415 1254 4488 praefectus

1236 4433 1254 4471 ε
2048 4387 2238 4441 Patris
2267 4386 2443 4485 Josiaa
2478 4385 2820 4457 adimplevit

359 4497 562 4556 Victus
593 4519 625 4556 a
654 4502 814 4574 pisce
845 4474 1063 4575 assato,
1096 4505 1310 4562 Christi
1341 4506 1491 4564 cibo.
1971 4563 2010 4575 ἢ
2047 4565 2080 4575 _
2119 4479 2194 4530 Τθ
2226 4474 2611 4575 ¹“⁶ξ⁵Ῑ¹εξ()ί³>ιί²ὶ8›¹
2658 4564 2666 4574 ⁹

285 4590 511 4646 Gaudet
541 4563 772 4646 Don‘ﬁni
805 4563 1202 4650 conviva’favo
1450 4563 1457 4564 “
1969 4563 2015 4626 D
2047 4564 2277 4619 Summi
2313 4564 2487 4619 etiam
2522 4563 2862 4634 patriarchae
2895 4568 2950 4620 te
2980 4565 3125 4620 fides

359 4681 822 4752 Conresurgendi
854 4699 990 4737 cum
1021 4682 1148 4754 ipso
1181 4687 1500 4740 saturatus.

1371 4688 1500 4740 Ltus.
2117 4655 2322 4751 Totam
2356 4653 2613 4751 possedit
2638 4652 2820 4724 patris
2850 4653 2955 4707 tui.

295 4768 338 4823 Ο
372 4743 952 4837 ιθυνθῐηίῖωίιίωω
984 4743 1163 4826 Βᾷνίά
2047 4743 2160 4798 Sed
2192 4743 2332 4815 quid
2366 4759 2471 4798 nos
2504 4743 2648 4797 istos
2680 4758 3055 4798 recensemus
3088 4744 3336 4811 heroas;

2049 4829 2192 4886 Cum
2221 4835 2360 4885 tuus
2393 4833 2566 4886 natus
2597 4847 2800 4884 omnes
2832 4830 3123 4899 praecellat
3151 4830 3282 4886 illos

2119 4922 2306 4991 Atque
2337 4923 2577 4974 cunctos
2608 4935 2710 4989 per
2740 4918 2983 4973 orbem?

2048 5009 2164 5064 Nos
2194 5007 2304 5063 hac
2336 5008 2430 5063 die
2463 5007 2567 5062 tibi
2597 5012 2869 5078 gregatos
2903 5022 3089 5073 serva,

2119 5097 2317 5169 Virgo,
2353 5098 2412 5151 in
2441 5095 2869 5152 lucem'mundi
2900 5113 3014 5167 qua

2120 5186 2375 5242 Prodisti
2409 5185 2671 5257 paritura
2699 5184 2975 5240 caelorum
3005 5183 3227 5240 lumen.

2281 5295 2414 5348 CAP.
2447 5292 2584 5346 XXI.
2617 5321 2685 5332 —
2717 5295 2796 5348 De
2827 5300 3012 5348 sancto
3040 5294 3465 5350 Emmerammo.

283 4869 286 4872 '
367 4857 755 4914 Invictissime
787 4861 940 4932 regis
971 4862 1190 4928 aeterni,

295 4948 464 5020 Apud
496 4947 664 5003 illum
698 4949 946 5005 servulis
979 4950 1190 5022 ipsius.

365 5037 683 5109 Deprecare
711 5037 940 5094 veniam
969 5055 1220 5111 semper,

294 5126 530 5200 Martyr,
563 5126 852 5199 milesque
882 5127 1070 5185 fortis.

430 5261 567 5318 CAP.
601 5263 738 5319 XIX.
764 5293 832 5303 —
863 5264 925 5319 In
956 5263 1334 5334 Assumptione
1361 5270 1561 5321 sanctw
1589 5268 1795 5323 Mariw.

290 5369 675 5441 Congaudent
704 5369 1048 5442 angelorum
2051 5381 2325 5437 Gaudens
2358 5379 2612 5435 Ecclesia

361 5457 533 5513 Chori
564 5458 829 5530 gloriose
861 5459 1109 5532 Virgini,
1389 5533 1392 5540 ι
2120 5470 2281 5525 I-lanc
2311 5468 2600 5523 dieculam
2633 5469 2962 5523 venerando
2993 5469 3244 5525 celebret

293 5550 429 5610 Quae
461 5547 588 5602 sine
619 5548 768 5602 virili
805 5548 1216 5606 commistione
1240 5552 1444 5624 genuit
2122 5564 2313 5631 Atque
2345 5563 2515 5614 canat
2546 5557 2680 5614 altis
2709 5557 2969 5629 vocibus,

301 5633 509 5689 Filium
542 5636 642 5705 qui
676 5653 780 5692 suo
812 5639 1100 5694 mundum
1135 5655 1337 5698 cruore
1369 5643 1640 5700 medicat.
2051 5649 2173 5712 Qua
2203 5649 2408 5705 beatus
2442 5647 2633 5719 superi
2666 5646 2990 5719 promeruit
