4012 6198
273 355 423 418 1017
1500 347 1730 409 LIBER
1775 343 1857 407 SE

2088 339 2416 403 TIABUM.
3513 331 3669 394 1018

344 493 543 565 Regna
573 491 725 563 regis
755 488 949 545 lucida
978 489 1447 543 Emmerammus

347 583 511 637 Flatu
543 582 837 636 scandere.

274 672 455 735 Quem
489 687 660 725 carne
692 673 878 723 mater
911 666 1152 722 Pictavis
1184 663 1421 737 gravida

345 760 655 815 Civitatum
686 758 1029 828 Aquitaniae,
1061 754 1399 811 felicissima

345 849 643 913 Omnium,
676 847 845 903 enixa
874 851 963 901 est
993 845 1224 900 dulcem
1257 843 1462 897 ﬁlium.

273 939 377 1005 Qui
412 938 540 1008 ipsa
572 937 834 1008 pueritiae
864 940 1129 1007 tempora
1160 949 1356 989 rerum

343 1030 582 1097 Quoque
614 1026 963 1081 refutaverat
994 1023 1447 1085 transeuntium,

345 1115 569 1171 Gaudia
597 1114 934 1170 meditando
958 1115 1085 1185 jam
1118 1112 1390 1167 coelestia.

274 1208 423 1262 Tum
457 1205 607 1261 stola
638 1204 834 1277 gloriae
868 1208 1148 1275 teguntur
1178 1201 1327 1257 colla

341 1295 635 1366 Speciosa,
669 1294 806 1348 huic
838 1296 893 1348 et
922 1295 1095 1363 caput
1124 1295 1180 1345 et
1209 1291 1384 1345 corda

343 1384 632 1455 Spiritalis
665 1383 861 1437 unctio
894 1399 1027 1437 mox
1057 1380 1415 1452 impleverat.

274 1475 454 1538 Quem
488 1473 609 1528 suis
642 1472 845 1527 ovibus
877 1475 1169 1542 pastorem
1204 1472 1403 1540 pastor

344 1562 716 1632 Subrogarat,
751 1577 822 1616 ne
856 1562 1230 1615 mansuetum
1262 1556 1407 1611 ovile

342 1651 619 1705 Circuiret
651 1649 858 1705 callide
888 1648 1009 1721 lupi
1042 1648 1251 1702 rabies.

272 1743 428 1795 Tunc
462 1740 747 1795 instructo
778 1754 950 1811 grege
982 1738 1296 1793 commisso

345 1828 599 1884 Accinxit
628 1829 714 1882 vir
746 1844 872 1883 sese
903 1827 1191 1891 alacriter,

342 1918 546 1973 Studio
578 1917 863 1973 dilatandi
894 1916 1120 1971 semina

345 2007 501 2062 Fidei
534 2008 591 2061 in
624 2024 830 2078 campo
863 2007 1067 2062 sterili.

275 2096 368 2151 Sic
399 2113 713 2169 peragrans
744 2096 869 2152 loca
890 2097 1014 2166 jam
1049 2096 1237 2166 plura,

345 2184 413 2238 Et
442 2184 716 2255 linquens
748 2185 962 2255 ubique
994 2182 1337 2239 memoriam

349 2275 618 2343 Suavem,
654 2274 1063 2345 Radasponam
1094 2275 1332 2328 venerat

345 2363 430 2416 Ad
462 2364 659 2418 sedem
692 2362 944 2433 regalem
976 2362 1215 2427 Noricre,

274 2451 318 2507 Ο
348 2468 526 2523 quam
557 2468 700 2523 gens
741 2454 1053 2515 fortunata,
1086 2451 1186 2505 tali
1218 2454 1356 2504 tunc

345 2541 654 2613 Peregrino
687 2542 1074 2597 ministrando
1106 2544 1313 2605 terrea,

347 2631 454 2695 Qui
486 2635 541 2685 te
572 2636 835 2702 pasceret
866 2629 1114 2702 spiritali
1147 2629 1345 2700 copia!

277 2719 405 2790 Ipse
440 2726 494 2774 te
523 2720 891 2789 confortavit,
925 2720 1054 2773 fuso
1088 2734 1291 2773 cruore

276 2808 414 2875 Suo,
451 2814 506 2863 et
541 2809 767 2863 ornavit
798 2808 1047 2873 tumulo,
1082 2824 1237 2861 nunc

345 2896 727 2967 Amplectitur
753 2896 1080 2966 adjuvando
1114 2894 1337 2950 sedulo.

276 2985 419 3039 Nam
450 2986 521 3039 ad
550 2985 766 3039 lectum
800 2983 958 3038 illius
989 2984 1122 3038 caeci
1156 2983 1378 3037 lumine

346 3073 507 3128 Claro
538 3074 732 3127 videre
764 3074 989 3139 solent;
1022 3088 1221 3127 vocem

350 3162 643 3217 Hauriunt
669 3161 832 3215 surdi
864 3160 1147 3231 liquidam
1177 3185 1190 3226 ;

283 3252 576 3306 Restituto
608 3249 827 3305 debiles
859 3254 1034 3304 ovant
1064 3265 1339 3320 corpore;

350 3339 498 3394 Salit
528 3341 591 3393 ut
621 3354 823 3393 cervus
854 3336 1100 3392 claudus
1125 3355 1137 3403 ;

349 3426 752 3482 Dzemoniacus
783 3425 929 3481 liber
948 3424 1185 3495 jubilat.

282 3517 435 3571 Laus
466 3533 600 3589 ergo
635 3520 907 3587 personet
933 3515 1005 3569 ab
1037 3531 1135 3569 ore
1166 3530 1421 3570 consono

349 3605 709 3676 Principum,
742 3621 807 3659 ac
840 3603 1101 3675 plebium
1133 3620 1235 3674 pro
1267 3607 1427 3658 tanto

352 3693 646 3749 Medicinae
677 3693 909 3765 gaudio.

280 3782 602 3853 Cunctique
633 3782 853 3853 pariter
882 3798 1187 3853 precemur
1216 3782 1557 3852 Dominum,

353 3874 651 3937 Quatenus
680 3872 994 3927 concedere
1025 3870 1299 3942 dignetur

354 3961 471 4015 Nos
503 3960 677 4033 potiri
706 3960 905 4030 requie

282 4048 428 4104 Cum
458 4049 892 4104 Emmerammo
915 4050 1042 4119 jam
1075 4046 1201 4102 cceli
1231 4048 1367 4103 sede
1397 4047 1603 4104 locato.

496 4208 628 4263 CAP.
662 4207 828 4263 XXII.
863 4238 931 4247 —-
978 4207 1039 4260 In
1070 4205 1419 4263 Dedicatione
1447 4207 1710 4264 ecclesiaz.

283 4349 505 4406 Psallat
533 4348 788 4404 Ecclesia
820 4353 1006 4403 mater

353 4438 601 4503 Illibata,
634 4442 691 4492 et
718 4438 880 4508 virgo
912 4436 1036 4491 sine
1067 4452 1213 4511 ruga

352 4530 644 4581 Honorem
676 4525 854 4596 hujus
885 4523 1161 4580 ecclesia}.

288 4615 419 4671 Haec
451 4614 661 4670 domus
692 4613 837 4669 aulas
868 4612 1120 4669 coalestis

355 4705 644 4759 Probatur
673 4704 985 4774 particeps.

291 4795 351 4848 In
385 4794 555 4849 laude
585 4794 738 4865 regis
764 4792 1061 4857 caelorum,

359 4883 429 4937 Et
458 4882 845 4952 caeremoniis,

290 4972 357 5027 Et
387 4971 609 5027 lumine
639 4971 917 5028 continuo
948 4970 1230 5026 aamulans

360 5061 661 5116 Civitatem
695 5061 821 5116 sine
850 5060 1128 5130 tenebris,

288 5150 356 5205 Et
386 5166 628 5223 corpora
658 5150 715 5205 in
748 5150 968 5222 gremio
1000 5150 1312 5205 confovens

357 5240 701 5295 Animarum
733 5256 860 5310 quea
893 5240 950 5293 in
981 5239 1125 5294 coelo
1156 5239 1374 5295 vivunt.

288 5330 474 5394 Quam
508 5329 708 5384 dextra
738 5331 1004 5400 protegat
1034 5328 1136 5383 Dei

285 5418 375 5471 Ad
406 5415 640 5471 laudem
672 5416 858 5488 ipsius
887 5417 1005 5471 diu.

287 5504 392 5559 Hic
423 5520 631 5557 novam
666 5504 887 5575 prolem
921 5504 1107 5577 gratia
1137 5506 1360 5578 parturi

362 5592 632 5647 Fecunda
659 5592 896 5665 Spiritui
928 5599 1129 5650 sancto
1156 5614 1169 5663 ;

287 5679 495 5754 Angeli
526 5680 677 5739 cives
708 5682 947 5743 visitant
975 5684 1069 5739 hic
1100 5701 1239 5742 suos

1940 482 1995 545 Α
2094 477 2161 531 Et
2191 491 2402 547 corpus
2433 471 2689 529 sumitur
2714 469 2853 526 Jesu

2029 565 2281 637 Fugiunt
2312 564 2578 619 universa
2614 559 2840 632 corpori
2872 574 3078 624 nocua,

2028 657 2275 712 Pereunt
2303 651 2645 725 peccatricis
2676 650 2884 706 animae
2915 646 3200 714 crimina;

2029 746 2129 800 Hic
2159 761 2266 798 vox
2294 742 2506 796 laetitiae
2540 744 2814 813 personat
2843 758 2855 806 ;

2026 835 2127 890 Hic
2159 851 2270 905 pax
2301 837 2357 887 et
2385 831 2598 903 gaudia
2629 829 2979 885 redundant.

2030 926 2142 979 Hac
2173 926 2345 979 domo
2378 920 2647 977 Trinitati
2679 920 2830 983 laus,

2097 1015 2165 1068 Et
2194 1012 2379 1085 gloria
2408 1025 2640 1082 semper
2668 1007 2977 1064 resultant.

2026 1140 2160 1195 CAP.
2194 1138 2390 1193 XXIII.
2450 1167 2515 1175 —
2546 1136 2609 1189 In
2666 1134 2968 1259 (agitantia.
3018 1131 3199 1187 sancti
3254 1127 3546 1186 Michaelis
3581 1142 3670 1181 ar-

2713 1223 2741 1259 ε
2817 1221 2917 1259 nae
2945 1222 2985 1259 ι.

2713 1221 2985 1275 cnangen.

2026 1302 2301 1372 Magnum
2334 1302 2389 1352 te
2419 1295 2762 1353 Michaelcm

2096 1390 2417 1445 Habentem
2450 1385 2686 1457 pignus,

2025 1480 2250 1536 Civium
2283 1481 2638 1544 nostrorum,
2671 1474 2720 1529 si
2752 1477 2947 1529 tamen

2097 1569 2255 1624 Servi
2289 1567 2633 1623 studeamus
2664 1580 2791 1619 esse
2822 1562 2920 1617 Dei

2026 1658 2328 1715 Poscimus
2359 1661 2423 1711 ut
2452 1655 2568 1709 tuis
2598 1654 2869 1725 precibus

2096 1750 2404 1803 Consortes
2436 1760 2767 1800 mereamur
2796 1741 2919 1796 ﬁeri

1944 1853 1999 1917 B
2022 1840 2237 1895 Eorum
2269 1832 2651 1891 beatitudinis
2679 1828 2994 1885 ineﬂ'abilis

2094 1930 2280 1993 Quam
2312 1927 2370 1980 in
2403 1924 2503 1979 Dei
2536 1923 2851 1993 conspectu
2882 1934 2981 1973 eos

2094 2017 2316 2072 Habere
2348 2012 2722 2075 conﬁdimus,

2025 2107 2131 2174 Qui
2162 2110 2251 2161 est
2278 2102 2575 2159 beatitudo
2600 2116 2735 2154 vera

2096 2198 2442 2252 Sanctorum
2474 2194 2774 2263 perpetua.

2026 2286 2189 2349 Quod
2222 2283 2362 2355 quia
2393 2281 2613 2337 scimus
2643 2296 2758 2333 non
2791 2291 2961 2348 posse
2992 2274 3139 2338 fieri,

2027 2375 2150 2430 Nisi
2182 2373 2352 2429 bonis
2383 2371 2689 2426 studeatur
2719 2364 2966 2432 meritis,

2027 2463 2331 2519 Poscimus
2362 2466 2427 2516 ut
2458 2465 2638 2515 Deum
2671 2461 2902 2513 sanctos
2934 2470 3125 2510 mores
3156 2466 3262 2506 nos

2101 2554 2394 2607 lnstruere
2424 2564 2657 2620 semper
2686 2543 2947 2617 postules

2029 2640 2102 2696 Ut
2133 2641 2350 2694 intrare
2379 2638 2679 2692 valeamus
2709 2632 2902 2689 aulam

2102 2732 2234 2795 Quae
2268 2745 2379 2783 non
2412 2725 2618 2796 recipit
2649 2722 2830 2778 ullam
2864 2717 3155 2775 maculam

2029 2820 2137 2885 Tu,
2173 2820 2272 2889 qui
2308 2818 2403 2873 Dei
2436 2816 2778 2871 charitatem
2809 2809 3045 2873 retines,

2036 2907 2386 2964 Immortalis
2417 2902 2765 2978 perdurasti,
2799 2897 3061 2963 Michael,

2102 2999 2237 3055 Post
2266 3000 2515 3053 mortem
2546 2991 2808 3063 requiem
2841 2986 3009 3043 nobis
3039 2986 3369 3062 deprecare.

2525 3101 2674 3156 'CAP.
2712 3097 2902 3153 XXIV.
2939 3124 3003 3137 --
3027 3094 3167 3149 Alia.

1953 3219 1996 3285 ο
2035 3196 2120 3249 Ad
2155 3193 2430 3255 celebres,
2464 3206 2562 3245 rex
2591 3187 2804 3254 coelice,

2106 3283 2333 3336 Laudes
2363 3283 2571 3334 cuncta

2033 3372 2255 3442 Pangat
2275 3370 2400 3439 jam
2434 3382 2647 3421 canora
2676 3367 2903 3419 caterva
2934 3357 3284 3431 symphonia

2034 3461 2209 3529 Odas,
2242 3463 2417 3529 atque
2449 3456 2635 3511 solvat
2665 3452 2864 3509 concio
2896 3449 3002 3503 tibi
3033 3452 3235 3503 nostra

2034 3554 2177 3605 Cum
2203 3550 2330 3619 jam
2363 3548 2716 3601 renovantur
2745 3537 3048 3597 Michaelis

2106 3638 2327 3707 Inclyta
2354 3634 2520 3691 valde
2553 3634 2718 3701 festa,

2034 3730 2143 3785 Per
2172 3745 2297 3798 quae
2330 3723 2658 3780 laetabunda
2688 3723 3033 3793 perornatur

2110 3817 2377 3871 Machina
2407 3812 2613 3869 mundi
2642 3816 2781 3867 tota.

2037 3908 2244 3963 Novies
2279 3906 2558 3960 distincta
2588 3900 2905 3973 spirituum
2937 3897 3077 3951 sunt

2106 3996 2354 4067 Agmina
2384 4010 2486 4063 per
2511 3997 2567 4045 te
2599 3991 2769 4044 facta.

2035 4086 2165 4151 Sed,
2201 4100 2334 4138 cum
2364 4083 2472 4145 vis,
2503 4079 2645 4135 facis
2675 4078 2796 4132 haec
2827 4076 3098 4130 ﬂammea

2108 4177 2217 4228 Per
2246 4170 2541 4242 angelicas
2574 4168 2859 4223 ofﬁcinas.

2038 4262 2196 4317 Inter
2220 4260 2493 4332 primaeva
2518 4261 2656 4313 sunt
2686 4256 2806 4311 hac
2838 4270 2976 4310 nam

2107 4352 2309 4405 Creata
2337 4353 2457 4416 tua,
2491 4364 2625 4403 cum
2656 4345 2843 4402 simus
2874 4360 2981 4399 nos
3010 4340 3219 4397 ultima

2111 4440 2281 4494 Factu
2292 4455 2373 4507 ra,
2408 4439 2508 4493 sed
2534 4437 2726 4507 imago
2757 4439 2878 4489 tua.

2036 4528 2385 4600 Theologica
2415 4525 2803 4597 categorizant

2108 4616 2380 4690 Symbola
2413 4614 2582 4669 nobis
2615 4615 2733 4669 haec
2763 4616 2850 4667 ter
2878 4606 3168 4680 tripertita

2111 4709 2217 4763 Per
2248 4705 2471 4779 privata
2501 4704 2712 4758 officia.

2041 4786 2208 4852 Plebs
2240 4793 2534 4867 Angelica,
2594 4790 2848 4865 phalanx
2899 4792 2956 4843 et
3002 4783 3427 4857 Archangelica
3466 4780 3687 4837 Princi-

3267 4874 3437 4945 [pans
3464 4876 3680 4927 turma.

2111 4974 2314 5031 Virtus
2346 4972 2619 5039 Uranica,
2652 4988 2718 5027 ac

2114 5067 2375 5119 Potestas
2407 5061 2743 5133 almiphona

2042 5153 2417 5210 Dominantia
2446 5150 2722 5220 Numina,
2755 5148 3073 5218 Divinaque

2115 5242 2403 5298 Subsellia
2432 5240 2749 5297 Cherubim
2782 5238 3051 5303 zetherea,

2116 5336 2194 5388 Ac
2224 5330 2530 5403 Seraphim
2560 5329 2871 5402 ignicoma.

2046 5423 2186 5490 Vos,
2217 5438 2248 5477 o
2277 5418 2544 5486 Michael,
2578 5416 2703 5473 σαεΙί
2736 5421 2989 5487 satrapa,

2117 5509 2489 5581 Gabrielque,
2520 5524 2656 5563 vera
2680 5508 2827 5561 dans

2114 5600 2291 5655 Verbi
2326 5598 2552 5663 nuntia,

2044 5692 2233 5763 Atque
2267 5686 2544 5762 Raphael,
2578 5685 2706 5744 vitae
2737 5683 3000 5756 vernula,
