4012 6198
309 318 465 379 1019
1183 311 1254 372 Β.
1302 308 1644 371 NOTKERI
1691 302 2028 367 BALBULI
2072 303 2135 363 S.
2186 301 2416 363 GALLI
2463 297 2816 361 ΜΟΝΑοΗί
3209 323 3214 328 ·
3543 285 3710 348 ιθΞο

381 449 714 508 Transferte
747 465 852 504 nos
881 445 1031 503 inter
1060 442 1497 517 paradisicolae.
1976 441 2031 505 Α
2060 438 2176 493 Nos
2209 435 2444 509 fragiles
2475 430 2740 489 homines
2769 429 2998 484 ﬁrmate
3027 422 3303 498 precibus

312 541 418 597 Per
446 556 547 596 vos
580 536 764 594 Patris
796 538 1004 592 cuncta
2059 527 2150 595 Ut,
2186 523 2477 598 spiritales
2507 521 2820 596 pravitates
2849 520 3042 572 vestro

383 627 757 700 Complentur
785 625 1063 680 mandata
1091 638 1218 694 quas
1248 622 1366 677 dat.
2130 613 2438 672 Juvamine
2467 611 2762 667 vincentes
2792 606 3020 663 fortiter

312 690 590 790 Eiusdem
623 713 830 788 sophla
860 690 1379 784 compar—quoque,
2060 705 2247 774 Nunc,
2280 707 2335 760 et
2363 702 2422 757 in
2454 716 2637 756 avum
2670 696 2846 754 vestri
2877 695 3066 752 simus
3093 690 3257 764 digni

385 808 662 873 Pneuma,
695 821 813 860 una
843 818 1195 876 permanens
1225 802 1283 856 in
1317 801 1447 857 usia
2133 791 2425 851 Solemnis
2456 791 2733 846 interesse
2763 785 2967 843 sacris.

386 895 494 960 Qui
525 895 668 950 estis
698 875 1175 970 administrantia
2061 884 2200 951 Vos,
2233 898 2380 955 quos
2411 880 2511 936 Dei
2543 877 2730 951 gratia
2756 875 2984 931 vincere
3011 876 3202 929 terrea

385 981 719 1040 Deomillia
749 967 1000 1037 millium
1031 997 1216 1037 sacra.
2063 975 2134 1030 Et
2162 971 2382 1045 angelis
2414 971 2602 1027 socios
2632 967 2770 1023 fecit
2799 979 2928 1022 esse
2965 962 3096 1036 pole
3125 979 3138 1029 ;

315 1073 479 1130 Vices
510 1088 622 1144 per.
642 1072 733 1127 bis
763 1071 976 1144 quinas
1003 1071 1095 1127 bis
1127 1075 1301 1142 atque
2064 1067 2180 1120 Vos
2211 1059 2574 1134 patriarchae,
2606 1055 2919 1131 prophetae,

386 1162 715 1234 Quingenta
740 1164 932 1216 vestra
2134 1149 2417 1223 Apostoli,
2449 1149 2834 1213 confessores,
2867 1146 3173 1215 martyres,

319 1253 575 1308 Centena
603 1249 844 1306 millena
874 1251 1163 1307 assistunt
1663 1243 1665 1246 ⁴
2138 1239 2430 1309 Monachi,
2459 1237 2740 1310 virgines,

388 1347 454 1397 In
486 1340 641 1409 aula,
675 1341 745 1396 ad
780 1357 959 1412 quam
991 1357 1091 1396 rex
1121 1355 1284 1396 ovem
2071 1334 2138 1386 Et
2165 1330 2472 1385 viduarum
2505 1330 2840 1384 sanctarum
2871 1320 3257 1392 omniumque

391 1407 1159 1500 Centesimam-Verbigena,
2143 1419 2500 1476 Placentium
2533 1414 2783 1488 populos
2813 1427 3088 1485 supremo
3116 1407 3364 1468 Domino

393 1519 862 1590 Drachmamque
893 1518 1180 1573 decimam
2072 1511 2188 1568 Nos
2221 1508 2578 1580 adjutorium

391 1609 600 1664 Vestra
631 1607 794 1662 duxit
824 1607 896 1663 ad
929 1606 1241 1680 agalmata.
2069 1600 2255 1666 Nunc,
2287 1603 2344 1666 et
2370 1595 2701 1669 perenniter

321 1698 438 1756 Vos
469 1695 571 1770 per
598 1696 814 1764 lEthra,
849 1676 1090 1769 nosvper
1115 1713 1252 1752 rura
1280 1700 1470 1754 terrea
2076 1690 2306 1755 Foveat,
2334 1689 2618 1759 protegat,
2651 1688 2717 1740 ut
2745 1685 3004 1740 vestrum
3035 1678 3097 1734 in
3127 1676 3221 1734 die

395 1788 535 1843 Pars
564 1785 745 1842 electa
768 1786 1076 1842 harmonia
1103 1791 1252 1843 vota.
2000 1811 2048 1876 B
2145 1778 2448 1834 Poscimus
2477 1775 2826 1849 gaudiorum
2855 1774 3209 1827 vastrorum.

396 1878 619 1934 Damus
650 1875 786 1932 hinc
816 1893 919 1949 per
945 1876 1157 1948 lyricae
1188 1876 1460 1948 cytharas
1487 1894 1501 1944 ;
2000 1868 2044 1876 ”
2122 1889 2251 1940 CAP.
2287 1883 2498 1939 XXVII.
2533 1911 2601 1922 —-
2633 1883 2691 1936 In
2723 1879 2916 1936 Natale
2943 1877 3123 1934 sancti
3149 1873 3387 1932 Martini
3407 1868 3669 1941 episcopi.

329 1969 451 2034 Quo
483 1971 616 2040 post
644 1965 796 2022 bella
824 1964 1120 2021 Michaelis
1151 1965 1368 2038 inclyta

819 1988 869 2065 δ”
881 1988 1123 2065 imae"?
1151 1988 1368 2038 may“
2076 1991 2446 2048 Sacerdotem
2473 1988 2690 2044 Christi

397 2056 610 2114 Nostra
639 2059 752 2111 Deo
783 2056 904 2110 sint
933 2059 1168 2126 accepta
1198 2069 1434 2111 auream

2149 2080 2463 2138 Martinum
2494 2081 2704 2133 cuncta
2733 2092 2834 2148 per
2863 2075 3062 2132 orbem

2150 2173 2333 2229 Canat
2360 2167 2614 2226 Ecclesia
2643 2165 2803 2238 pacis
2833 2162 3148 2228 catholicas,

2079 2265 2265 2334 Atque
2293 2259 2452 2314 illius
2481 2273 2694 2313 nomen
2728 2253 2923 2310 omnis

2154 2349 2469 2408 Haareticus
2500 2346 2686 2418 fugiat
2716 2343 2992 2417 pallidus.

397 2147 585 2218 Super
613 2161 777 2202 aram
808 2144 1193 2217 thymiamata
1215 2159 1230 2201 :

329 2235 456 2299 Quo
487 2236 546 2290 in
577 2251 765 2291 cozeva
785 2235 913 2306 jam
942 2233 1128 2307 gloria

331 2325 835 2382 Condecantemus
865 2323 1117 2380 alleluia.

670 2432 806 2488 CAP.
839 2431 1008 2488 XXV.
1041 2462 1110 2474 -—
1138 2433 1214 2488 De
1241 2435 1428 2490 sancto
1459 2430 1630 2488 Gallo.
2081 2448 2254 2499 Panni

1329 2435 1428 2490 ιείο
1459 2430 1630 2488 θαηο-
2081 2439 2387 2499 Pannonia
2413 2438 2636 2494 laetetur
2663 2432 2913 2507 genitrix

335 2520 398 2574 Di
411 2520 554 2576 lecte
583 2521 722 2590 Deo,
754 2519 936 2592 Galle,
970 2520 1212 2594 perenni
2153 2529 2310 2588 Talis
2339 2527 2442 2584 ﬁlii
2467 2545 2480 2590 :

409 2607 895 2680 Hominibusque,
927 2614 986 2665 et
1014 2610 1261 2666 ccntibus
1290 2609 1653 2683 angelorum,
2089 2621 2254 2678 naua
2281 2616 2531 2675 exsultet
2560 2612 2756 2671 alitrix

335 2697 444 2762 Qui
472 2697 612 2753 Jesu
642 2697 856 2753 Christi
885 2697 1164 2754 obediens
2159 2709 2330 2766 Tanti
2353 2705 2609 2779 juvenis,

408 2787 619 2842 Arduaa
651 2786 915 2843 suasioni

2088 2801 2159 2856 Et
2187 2797 2382 2854 Gallias
2406 2795 2562 2850 trina
2591 2789 2797 2848 divisio
2827 2805 2993 2846 sacro
3023 2789 3199 2843 certet

338 2875 562 2932 Praedia
585 2875 788 2946 patris,
820 2874 1111 2945 gremium
1141 2874 1367 2941 matris,

2164 2885 2394 2959 Litigio,
2428 2885 2595 2954 cujus
2621 2896 2749 2938 esse
2778 2879 2987 2935 debeat
3017 2873 3249 2949 prasul.

340 2963 616 3034 Conjugis
648 2977 871 3029 curam,
903 2961 1130 3016 ludicra
1161 2962 1282 3016 nati

2019 3003 2024 3010 ν
2091 2977 2203 3034 Sed
2236 2974 2453 3048 pariter
2481 2971 2692 3028 habere
2722 2985 2783 3026 se
2812 2972 3035 3042 patrem
3064 2980 3269 3022 omnes

339 3053 640 3149 Sprevisti,
671 3063 987 3122 pauperem
1017 3065 1239 3122 pauper
2164 3065 2468 3121 Gaudeant
2495 3060 2712 3117 Turoni
2740 3057 2871 3124 soli,

412 3139 728 3196 Dominum
758 3154 1030 3211 sequens,

1239 3229 1271 3243 ..
1307 3228 1318 3243 .
1370 3230 1384 3243 .
1445 3229 1455 3241 .
1500 3231 1512 3242 .
2014 3173 2061 3243 α
2169 3155 2306 3226 Ejus
2336 3167 2548 3224 corpus
2579 3149 2823 3205 foveant.

281 3289 284 3292 ,
343 3231 413 3287 Et
442 3243 674 3286 crucem
705 3228 939 3302 gaudiis
967 3228 1274 3300 praetulisti
1303 3228 1567 3291 lubricis.
2018 3228 2060 3243 "'
2098 3243 2245 3300 Huic
2276 3244 2652 3306 Francorum,
2687 3240 2862 3308 atque
2892 3230 3213 3292 Germanias

344 3320 458 3376 Sed
489 3317 760 3375 Christus
787 3317 972 3390 pretio
1003 3317 1394 3391 centuplicato
2168 3332 2337 3389 mehe
2368 3327 2560 3387 omnis
2589 3326 2852 3398 plaudat,

347 3413 480 3465 Ηεο
509 3410 870 3480 compensat:
901 3410 967 3464 ιη
995 3407 1120 3464 dies
1148 3407 1260 3464 ίείθ
2101 3423 2322 3490 Quibus
2351 3417 2670 3475 videndum
2698 3411 2916 3470 invexit

416 3498 709 3564 Testatur,

2172 3509 2490 3568 Dominum
2520 3506 2582 3561 in
2613 3520 2722 3560 sua
2749 3504 2924 3558 veste.

350 3585 642 3690 Dup‘tlbi
673 3601 1017 3690 ῐξοῇρωρθεξ
1047 3585 1202 3643 ﬁlios
2103 3602 2207 3659 Hic
2237 3597 2478 3656 celebris
2503 3598 2593 3651 est
2620 3591 2851 3665 Egypti
2881 3588 3174 3657 Patribus,
3201 3583 3419 3644 Graeciae

424 3674 590 3778 Dllolci
621 3676 826 3733 Bllbdit
853 3676 1086 3744 ασθοιυ»
1150 3768 1160 3778 ⁸
1205 3764 1216 3775 0
2179 3691 2421 3760 Quoque
2450 3683 2679 3741 cunctis
2710 3679 3098 3752 sapientibus,

353 3766 764 3837 Sueviamque,
799 3781 1036 3821 suavem
1067 3766 1320 3838 patriam

2111 3778 2219 3846 Qui
2248 3778 2505 3848 impares
2535 3789 2598 3828 se
2628 3769 2861 3827 Martini
2892 3766 3117 3824 meritis

426 3853 578 3922 Tibi,
611 3853 795 3920 Galle,
827 3854 1062 3912 donavit
1084 3871 1097 3910 :

2178 3866 2453 3924 Sentiunt
2480 3876 2712 3934 quoque
2742 3859 2870 3929 ejus
2897 3854 3306 3912 medicamine.

356 3942 593 3997 Necnon
623 3947 680 3998 et
698 3944 962 4014 judicem
991 3944 1050 4001 in
1081 3943 1244 4001 caelis
1271 3943 1670 4017 apostolorum
2106 3959 2253 4016 Nam
2284 3955 2474 4010 febres
2504 3950 2690 4019 sedat,
2724 3949 3135 4018 daemonesque
3166 3944 3368 4016 fugat;

433 4029 618 4086 Choro
638 4031 914 4101 junctum
953 4036 1011 4088 te
1040 4033 1177 4089 fecit
1207 4035 1426 4090 sedere.
2181 4041 2502 4116 Paralytica
2531 4037 2797 4094 membra
2825 4033 3118 4108 glutinat;

361 4118 440 4175 Te
470 4135 625 4175 nunc
657 4119 996 4192 suppliciter
1023 4138 1349 4193 precamur,
1382 4126 1446 4179 ut
1474 4121 1646 4179 nobis
2110 4136 2180 4192 Et
2208 4137 2576 4189 mortuorum
2608 4143 2716 4183 sua
2745 4139 2913 4197 prece
2941 4123 3125 4178 trium

430 4208 638 4266 Jesum
668 4208 989 4277 Christum,
1021 4209 1203 4281 Galle,
1235 4210 1493 4283 postules
1522 4211 1710 4268 facere
2183 4222 2395 4280 Reddit
2423 4233 2667 4290 corpora.
2696 4213 2823 4269 vitae
2855 4211 3139 4285 pristinas.

361 4298 432 4355 Et
458 4297 654 4357 Ῑοουω
685 4298 946 4372 corporis
975 4300 1106 4371 eius
2112 4314 2217 4372 Hic
2247 4312 2399 4367 ritus
2431 4306 2744 4377 sacrilegos
2775 4301 3048 4371 destruit,

431 4391 578 4450 Pace
608 4391 854 4466 repletis,
1121 4460 1128 4462 _
2183 4403 2256 4459 Et
2286 4401 2357 4457 ad
2397 4394 2613 4454 Christi
2643 4391 2888 4466 gloriam

359 4483 440 4542 Ac
468 4488 602 4540 tuos
631 4479 930 4555 supplices
959 4479 1163 4537 crebra
2037 4536 2084 4562 ἢ
2187 4493 2296 4548 Dat
2325 4487 2562 4562 ignibus
2591 4481 2765 4539 idola.

431 4581 606 4633 Prece
634 4572 920 4645 subleves,

2037 4536 2086 4603 Ῑ)
2115 4536 2736 4648 Ηίέἶυῖίζῌδῖεἰὲὲία
2764 4567 3019 4627 brachiis

367 4667 444 4723 Ut
472 4665 576 4721 tibi
609 4663 868 4719 debitam
899 4660 1405 4718 honoriﬁcentiam
2188 4667 2514 4727 Conﬁciens
2543 4660 2823 4736 praeditus
2851 4661 2909 4714 et
2935 4653 3152 4713 ccelesti
3181 4652 3426 4711 lumine.

366 4753 709 4814 Letabundi
738 4767 969 4823 semper
999 4767 1331 4809 mereamur
1358 4749 1600 4818 solvere,
2117 4761 2221 4820 Hic
2250 4756 2436 4816 oculis
2467 4770 2533 4810 ac
2563 4749 2837 4807 manibus
2865 4746 2926 4802 in
2957 4744 3170 4803 cmlum

365 4846 410 4903 0
441 4842 620 4912 Galle,
649 4841 764 4898 D00
795 4839 1022 4896 dilecte.
2188 4850 2256 4906 Et
2282 4845 2421 4904 totis
2449 4841 2672 4899 viribus
2701 4851 3046 4909 suspensus,

510 4951 644 5008 CAP.
675 4949 958 5006 XXVI.L
989 4949 1053 5004 In
1081 4951 1214 5019 festo
1244 4948 1487 5004 omnium
1517 4946 1863 5004 Sanctorum.
2191 4941 2446 4996 Terrena
2473 4932 2685 4988 cuncta
2710 4923 2956 5019 respuit.

369 5043 585 5100 Omnes
615 5038 803 5098 sancti
835 5009 1154 5110 seraphim,
2120 5031 2263 5103 Ejus
2292 5025 2378 5082 ori
2411 5033 2713 5110 nunquam
2743 5014 3028 5110 Christus-
3041 5009 3251 5076 abfuit,

440 5129 776 5197 Cherubim,
804 5101 1002 5183 throni
1036 5101 1290 5198 quoque,
2166 5101 2323 5174 VSive
2346 5109 2598 5186 justitia,
2627 5105 2717 5162 vel
2747 5101 3034 5198 quidquid

440 5193 1017 5288 Dominationesque,
1050 5193 1433 5288 principatus,
2194 5207 2279 5264 Ad
2309 5217 2504 5260 veram
2532 5198 2714 5288 vitam
2745 5193 2995 5288 pertinet

441 5311 788 5373 Potestates,
819 5284 1088 5372 virtutes,
1243 5284 1260 5288 ν

2125 5297 2310 5372 Igitur
2335 5297 2394 5349 te
2425 5287 2619 5348 cuncti
2649 5284 2946 5373 poscimus

371 5396 742 5470 Archangeli,
774 5371 989 5468 angeli,
1022 5371 1125 5450 vos
1154 5393 1320 5451 decet
2164 5371 2241 5444 70
2273 5380 2537 5470 Martine,
2571 5379 2635 5433 ut
2664 5374 2762 5470 qui
2793 5371 2980 5470 multa

450 5461 685 5546 Lausvet
714 5461 986 5541 Βοηοῖθεί
2199 5474 2349 5531 Mira
2375 5469 2469 5528 hic
2499 5461 2828 5530 ostendisti,

379 5544 626 5636 Ordines
655 5589 910 5630 novenos
941 5573 1256 5646 spirituum
1290 5574 1614 5640 beatorum,
2134 5565 2320 5622 Etiam
2352 5561 2424 5617 de
2453 5555 2594 5615 coelo
2624 5551 2869 5628 gratiam
2901 5545 3117 5646 Christi
3146 5544 3316 5646 nobis

377 5667 497 5720 Vos
524 5664 584 5719 iu
616 5663 715 5720 Dei
743 5637 1020 5720 laudibus
1049 5661 1302 5719 ﬁrmavit
1329 5637 1612 5734 charitas,
2207 5649 2551 5724 Supplicatu
2579 5648 2680 5702 tuo
2711 5655 2942 5714 semper
2972 5637 3276 5696 infundas.
