4012 6198
284 381 431 443 1021
1198 352 1201 355 ’
1517 380 1749 440 uses
1795 378 2437 451 SEQUENTIARUM.
3522 372 3678 435 1022

319 519 451 571 CAP.
486 514 726 571 XXVIII.
763 546 826 555 —
853 518 919 571 1η
951 512 1158 570 Natale
1187 514 1363 569 sancti
1402 514 1618 570 Otmari
1656 512 1885 569 abbatis.
1954 513 2007 579 Α
2107 511 2308 568 Victor
2338 512 2495 567 illius
2529 508 2867 583 snbjugavit

285 623 482 678 Laude
513 623 756 694 dignum
788 625 1054 677 sanctum
1088 625 1259 675 canat
2035 603 2407 694 Et_iropa3um
2432 601 2645 657 Christi
2670 600 2756 694 tui
2788 597 2912 653 fixit

357 684 661 766 Otmarlim
694 710 902 765 Suevia
931 714 1117 765 mater
2106 690 2211 758 lbi,
2244 692 2463 746 bonum
2488 707 2548 745 se
2579 692 2876 745 ostentans
2906 684 3187 752 militem;

284 798 454 855 Tales
482 800 603 855 nati
635 800 893 871 profectu
924 798 1227 869 gratulans
1252 815 1497 871 semper.
2036 780 2351 847 Miraculis,
2384 778 2716 871 virtutibus,
2752 774 3033 871 doctrinis

286 888 388 943 Hic
416 889 575 943 velut
606 889 771 943 sidus
802 888 1080 943 eximium
2106 873 2461 940 Quacumque
2492 867 2733 939 quaesita
2763 864 2949 937 spolia

355 977 611 1033 Placitus
642 982 754 1033 Deo
2108 959 2257 1030 Tibi,
2292 976 2323 1014 0
2349 958 2483 1025 Rex,
2518 957 2732 1023 attulit,

288 1067 445 1122 Inter
467 1067 751 1123 fraternas
783 1065 1064 1136 caligines
2039 1051 2226 1122 Atque
2260 1064 2364 1103 suo
2395 1062 2599 1136 cruore
2629 1042 2911 1136 triumphi
2944 1039 3246 1113 inscripsit
3275 1038 3479 1095 titulos

360 1155 627 1211 Rutilans
658 1156 851 1210 micat.
900 1133 925 1136 ν
2108 1138 2215 1193 Tui
2248 1152 2474 1209 regum,
2506 1133 2770 1190 Domine.

289 1243 388 1299 Hic
418 1244 557 1300 Jesu
588 1244 799 1299 Christi
831 1242 1132 1316 prasceptis
1155 1244 1348 1315 paruit
1368 1246 1691 1316 promptus.
2042 1230 2224 1284 18mm
2256 1225 2445 1316 (παρίει
2475 1224 2699 1316 εφῦίυω
2724 1220 2970 1316 Θῐ-Γθεῐὶί
2998 1218 3291 1316 ϐξθάίωιιε

292 1333 397 1388 Hic
428 1334 557 1404 ejus
590 1308 874 1389 membris
906 1308 1175 1387 subvenit
1368 1308 1385 1316 ’
1537 1308 1557 1316 ’
2042 1317 2256 1373 Christi
2290 1314 2417 1371 Filii
2450 1314 2557 1380 tui,
2589 1316 2764 1404 atque
2786 1308 3188 1404 fraterculum.

357 1399 616 1477 Minimis
645 1422 862 1494 largus.
2044 1407 2160 1462 Nos
2192 1405 2370 1477 igitur
2400 1402 2648 1476 peccatis
2678 1399 2896 1456 nostris

286 1511 454 1567 Nunc
473 1528 590 1567 sua:
622 1512 886 1581 perfectae
917 1510 1045 1565 vitae
1077 1527 1137 1565 se
2112 1494 2343 1550 Gravati
2373 1498 2449 1561 te,
2481 1492 2654 1558 Deus,
2689 1488 3012 1563 poscimus,

360 1602 591 1655 Testem
621 1599 871 1667 exhibet,
2040 1585 2109 1640 Ut
2129 1582 2309 1651 illius,
2342 1581 2440 1653 qui
2471 1584 2572 1636 tua
2600 1595 2831 1651 semper

286 1688 514 1745 Debiles
544 1689 801 1744 curando
833 1666 1006 1759 atque
2113 1674 2380 1728 Sectatus
2410 1673 2696 1743 praecepta
2727 1668 2829 1723 tibi
2861 1666 3067 1759 placet,

359 1778 622 1833 Fovendo
655 1756 966 1849 supplices.
2113 1762 2229 1819 Nos
2263 1758 2677 1816 intercessione
2699 1756 2918 1813 tuearis

289 1867 452 1922 Hunc
476 1868 599 1936 jam
634 1867 878 1922 cmtibus
908 1868 1284 1937 conjunctum
1962 1884 2009 1948 Β
2114 1852 2175 1906 in
2207 1854 2508 1905 aternum-

360 1958 707 2011 Sanctorum
740 1956 933 2013 cuncti
966 1974 1290 2029 precemur,
2434 1974 2565 2029 CAP,
2605 1969 2795 2027 XXXI,
2829 1999 2899 2012 —
2926 1969 3000 2024 De
3021 1966 3301 2039 apostolis.

289 2044 363 2100 Ut
394 2062 499 2101 nos
522 2045 757 2117 fragiles
786 2043 1016 2117 semper
1037 2046 1307 2101 conciliet
1337 2046 1584 2103 Domino
1616 2051 1751 2114 Deo,

456 2092 1005 2149 1-.---0..-;~:--.-_r--
1039 2092 1307 2149 -ν-ιτ---υ-
1338 2092 1582 2103 "ww
1616 2092 1751 2114 υννν
2042 2092 2204 2149 Clare
2235 2095 2574 2147 sanctorum

363 2135 469 2199 Qui
502 2140 705 2205 regnat
732 2135 988 2189 Trinitas
1014 2139 1234 2190 sancta.

2114 2185 2359 2238 Senatus
2379 2176 2794 2251 apostolorum,
2828 2173 3096 2246 princeps

324 2259 453 2315 Car.
486 2258 671 2314 XXIX.
708 2289 772 2299 -—
804 2260 877 2314 De
909 2260 1097 2314 Natale
1118 2261 1296 2315 sancti
1319 2260 1644 2316 Columbam'
1664 2259 1892 2317 abbatis.
2115 2270 2593 2326 orbisterrarum
2627 2270 2934 2335 rectorque
2963 2274 3301 2334 regnorum,

289 2366 335 2419 A
367 2365 507 2421 solis
541 2381 747 2421 occasu
2044 2359 2438 2415 Ecclesiarum
2469 2371 2660 2412 mores
2682 2358 2740 2410 et
2769 2352 2947 2409 vitam

362 2455 557 2526 Usque
583 2455 653 2509 ad
684 2456 948 2509 exortum
2118 2448 2443 2513 Moderare,

290 2544 393 2599 Est
411 2543 638 2598 cunctis
670 2558 882 2599 nomen
912 2546 1079 2598 tuum
2048 2540 2182 2604 Quae
2214 2554 2315 2609 per
2344 2535 2668 2592 doctrinam
2691 2536 2854 2587 tuam

364 2632 541 2701 Deus,
574 2631 890 2698 laudabile,
2122 2626 2345 2681 Fideles
2377 2627 2515 2680 sunt
2544 2621 2762 2693 ubique

295 2720 403 2785 Qui
434 2719 568 2775 inde
598 2735 813 2775 novum
846 2718 1027 2775 solem
2053 2714 2377 2771 Antiochus
2406 2716 2463 2769 et
2493 2713 2710 2768 Remus
2742 2706 3070 2765 concedunt

367 2807 551 2863 Mittis
581 2807 729 2863 mira
754 2807 898 2879 lege,
2122 2804 2270 2873 Tibi,
2306 2803 2487 2872 Petre,
2511 2799 2675 2873 regni
2704 2796 2938 2854 solium.

297 2896 403 2963 Qui
436 2896 648 2951 lustrat
676 2896 875 2952 orbem
907 2897 1085 2952 radiis
2052 2892 2440 2967 Tyrannidem
2473 2895 2559 2955 tu,
2592 2887 2785 2955 Paule,
2818 2882 3273 2941 Alexandrinam

296 2986 366 3040 Et
394 2984 517 3040 fotu
547 2989 732 3041 terras
763 2990 1009 3057 vegetet.
2124 2980 2388 3037 Invasisti
2422 2978 2724 3035 Graeciam.

299 3073 422 3138 Hic,
457 3072 851 3128 Columbanus
882 3075 1137 3141 nomine,
2052 3071 2348 3142 ZEthiopes
2385 3069 2673 3136 horridos,
2696 3065 2982 3135 Matthme,

370 3161 727 3217 Columbina:
758 3162 885 3217 vita:
908 3162 1035 3233 fuit,
2126 3160 2351 3231 Agnelli
2383 3158 2593 3214 vellere

299 3251 526 3323 Dignus
558 3250 771 3306 habere
798 3251 1048 3323 Spiritus
1077 3252 1263 3307 sancti
1976 3255 2019 3321 α
2057 3250 2164 3314 Qui
2194 3247 2454 3303 maculas
2485 3246 2709 3301 nesciat
2733 3244 2959 3315 aliquas

368 3340 591 3411 Pignus
622 3340 681 3395 in
708 3340 817 3395 hac
845 3340 980 3395 vita.
2125 3336 2363 3393 Vestisti
2396 3335 2662 3391 candido.
2726 3380 2741 3391 .

298 3427 403 3484 Hic
431 3432 647 3484 terram
679 3446 813 3484 cum
846 3428 1140 3485 Abraham
1173 3428 1408 3501 reliquit
2058 3427 2306 3495 Thoma,
2341 3423 2781 3487 Bartholomaae,

371 3516 437 3571 Et
466 3520 742 3589 cognatos
772 3520 1009 3589 propter
1040 3519 1263 3585 Deum;
2124 3517 2401 3582 Joannes,
2426 3511 2710 3584 Philippe,
2742 3510 2967 3577 Simon,

298 3604 401 3660 Hic
430 3622 563 3661 cum
592 3606 815 3662 Joanne
844 3607 996 3678 regis
1027 3607 1313 3663 incestum
2126 3604 2447 3676 Jacobique
2477 3601 2712 3675 pariles,

367 3693 671 3765 Increpare
702 3711 815 3749 non
849 3696 1057 3751 metuit
1084 3715 1097 3765 ;
2056 3697 2311 3763 Andrea,
2343 3693 2611 3759 Thadaee,
2645 3690 2746 3746 Dei
2777 3687 3089 3745 bellatores
3126 3679 3350 3753 inclyti,

299 3782 444 3838 Huic
473 3786 705 3853 pastum
738 3784 841 3839 dat
865 3784 1017 3840 Deus
2054 3786 2138 3842 En
2174 3801 2295 3851 vos,
2328 3781 2632 3847 Occidens,
2658 3782 2715 3834 et
2736 3776 2962 3845 Oriens,

371 3875 437 3926 In
472 3871 701 3928 deserto
733 3889 867 3927 cum
899 3874 1093 3944 Moyse
1119 3891 1131 3940 ;
2055 3876 2176 3930 lmo
2206 3879 2358 3928 teres
2389 3868 2594 3926 mundi

302 3960 449 4017 Huic
479 3960 688 4016 coelum
719 3960 964 4033 obsequi
994 3966 1082 4017 est
2126 3960 2393 4018 Circulus
2427 3975 2489 4014 se
2522 3960 2722 4012 Patres
2744 3954 2957 4009 habere

372 4050 645 4107 Paratum
677 4067 808 4106 cum
840 4051 1018 4107 Josue
1044 4070 1055 4118 ;
2128 4051 2353 4107 Gaudet
2381 4052 2438 4103 et
2466 4048 2761 4118 exspectat
2782 4042 3034 4115 judices.

302 4139 407 4194 Hic
433 4140 584 4195 feras
616 4140 1000 4195 mansuefecit
1030 4144 1085 4196 et
1115 4157 1336 4207 corvos,
2056 4142 2125 4197 Et
2154 4139 2368 4194 idcirco
2393 4136 2649 4191 mundus
2669 4132 2860 4190 omnis
2890 4131 3094 4187 laudes

374 4228 448 4284 Ut
474 4227 670 4284 Helias
702 4233 758 4285 et
786 4228 986 4284 Daniel
1013 4248 1025 4297 ;
2128 4228 2329 4293 Vobis,
2361 4230 2418 4281 et
2448 4226 2729 4282 honorem
2760 4222 2979 4281 sanctis
3011 4220 3271 4277 debitum

302 4317 406 4373 Hic
438 4318 901 4390 persecutionem
937 4333 1071 4373 cum
1102 4318 1383 4390 apostolis
2132 4316 2388 4389 Supplex
2416 4313 2704 4387 impendit

373 4408 585 4507 quis“
616 4407 975 4507 periiiatiiutl
1040 4496 1074 4507 ..
1256 4500 1264 4507 ,
1344 4496 1383 4507 η
1431 4496 1440 4507 ,
2382 4439 2515 4494 CAP.
2548 4437 2766 4494 XXXII.
2813 4466 2883 4478 —
2931 4437 3007 4492 De
3032 4434 3392 4507 martyribus.

303 4496 448 4553 Huic
478 4497 603 4568 ipse
632 4495 892 4552 veritatis
923 4496 1133 4562 hostis,
1168 4500 1313 4553 nutu
1344 4496 1465 4563 Dei,

302 4587 575 4642 Testatur
607 4585 761 4657 quod
793 4584 888 4641 hic
920 4584 1179 4641 veritatis

373 4674 573 4731 Cultor
599 4676 765 4730 foret.

302 4764 421 4820 Nos
452 4779 586 4837 ergo
618 4768 673 4819 te
704 4763 1097 4836 deposcimus,

303 4854 495 4921 Beate,
528 4870 642 4927 quo
674 4870 780 4909 nos
812 4852 1058 4909 Domino
1080 4858 1141 4909 tu
1176 4853 1567 4912 commendes.

2059 4559 2251 4631 Agone
2272 4552 2613 4625 triumphali

1974 4622 2024 4685 D
2104 4622 2381 4702 VMilitum
2407 4622 2580 4715 Regis
2611 4639 2828 4697 summi
2851 4639 2975 4695 dies
3002 4640 3136 4703 iste.

2130 4734 2387 4791 Celebris
2406 4736 2495 4788 est
2524 4728 2778 4803 populis,
2810 4728 3036 4785 Christo
3068 4729 3188 4802 regi
3222 4726 3493 4786 credulis.

2055 4824 2123 4881 Hi
2147 4823 2631 4879 delectamentum
2664 4822 3008 4891 respuerant

2315 4926 2560 4965 auorum

340 4979 472 5038 CAP.
510 4978 675 5035 XXX.
707 5009 775 5022 --
813 4980 874 5033 In
922 4977 1114 5035 Natale
1161 4980 1340 5035 sancti
1379 4977 1612 5035 Andreae
1656 4980 1905 5051 apostoli.
2056 4912 2560 5057 Etwifsfeagot?$
2588 5001 2815 5071 turpem
2848 4997 3107 5069 quotidie

305 5086 480 5155 Deus,
514 5087 573 5143 in
605 5090 707 5142 tua
736 5086 947 5141 virtute
2128 5088 2488 5161 Bajularunt.

376 5178 621 5233 Sanctus
648 5176 908 5231 Andreas
938 5175 1154 5246 gaudet
1174 5178 1230 5230 et
1256 5175 1506 5244 laetatur,
2056 5180 2173 5235 Hos
2203 5176 2426 5233 nullius
2460 5176 2657 5233 feritas
2688 5195 2721 5231 a
2750 5177 2976 5234 Christo
3008 5180 3259 5249 separat,

375 5267 655 5323 Eamdem
687 5263 1019 5320 comitatus.
2054 5268 2202 5335 Quin
2234 5268 2305 5324 ad
2338 5282 2471 5323 eum
2505 5266 2792 5321 mortibus

304 5355 553 5411 Piscatio
584 5352 704 5409 nati
739 5352 820 5407 tui
850 5351 974 5422 ipse
996 5350 1252 5423 primum
2128 5356 2380 5414 Millenis
2404 5359 2735 5428 properent.

376 5445 587 5498 Factus
618 5441 873 5513 piscator
894 5439 1242 5512 populorum
2054 5446 2178 5504 Non
2203 5442 2579 5511 carcerullus,
2612 5446 2713 5497 aut
2738 5446 2940 5498 catena

308 5529 700 5603 Myrmidones
730 5527 1066 5583 idololatras
1088 5528 1186 5583 diu
2127 5534 2392 5589 Molliunt
2422 5532 2594 5587 fortia
2615 5531 2673 5585 in
2706 5531 2931 5587 Christo
2955 5534 3204 5603 pectora.

377 5618 739 5691 Fluctivagos
770 5616 878 5672 rite
906 5616 1055 5689 cepit
1080 5617 1232 5683 fidei,
2055 5624 2166 5680 Sed
2198 5638 2304 5677 nec
2336 5621 2591 5677 ferarum
2625 5636 2857 5676 morsus
2883 5620 2993 5674 diri
3027 5624 3349 5693 martyrum

304 5710 382 5767 Iis
412 5708 641 5781 legibus
664 5706 942 5765 Achaiam
969 5706 1085 5764 tuis
1116 5707 1290 5777 Deus,
2123 5711 2389 5769 Solidum
2422 5713 2698 5768 excavant
2724 5709 3008 5767 animum.
