4012 6198
332 303 487 365 1023
1215 310 1286 370 Β.
1334 310 1678 372 NOTKERI
1722 312 2061 376 BALBULI
2107 314 2172 375 S.
2223 313 2452 374 GALLI
2496 313 2848 375 MONACHI

324 437 451 494 Non
484 438 803 497 imminens
835 441 1011 514 capiti

393 526 645 584 Gladius
676 530 913 585 territat

325 618 706 675 Fortissimos
737 618 953 676 milites
983 620 1187 691 optimi
1223 622 1472 679 Domini.

324 706 493 762 Nunc
523 724 703 763 manu
734 710 830 764 Dei
864 710 1149 782 complexi
1181 716 1640 785 persequentum

398 797 690 852 Insultant
715 798 1036 868 furoribus,

402 886 704 949 Quondam
738 888 1072 945 crudelibus
1097 909 1109 958 ;

332 975 403 1032 Et
432 975 644 1031 Christi
679 976 828 1047 plebi
858 978 1119 1035 solamen

403 1064 791 1137 Suppeditant
823 1067 881 1121 in
913 1069 1140 1124 cunctis

400 1154 724 1210 Laboribus
757 1155 966 1210 lubrici
997 1158 1215 1214 saeculi.

330 1242 465 1311 Vos,
496 1244 680 1300 Chisti
707 1251 1013 1317 martyres,

329 1331 445 1387 Nos
475 1333 640 1389 valde
662 1334 894 1407 fragiles

331 1420 605 1478 Precibus
627 1426 915 1496 nosjusto
940 1425 1126 1496 judici
1160 1428 1404 1484 sinceris

397 1511 627 1583 Jugiter
648 1516 1059 1571 commendare
1091 1521 1290 1572 curate

620 1645 750 1702 CAP.
786 1647 1032 1705 XXXIII.
1065 1682 1134 1692 —
1164 1652 1238 1707 De
1260 1668 1370 1709 uno
1404 1658 1664 1724 martyre.

321 1750 469 1814 Quid
494 1754 578 1819 tu,
601 1753 763 1825 virgo
798 1759 1007 1825 mater,

392 1838 614 1911 Ploras,
646 1842 857 1898 Rachel
886 1844 1165 1911 formosa,

321 1927 503 2000 Cujus
533 1930 730 1987 vultus
754 1932 935 1987 Jacob
972 1933 1261 1991 delectat?

324 2017 440 2073 Ceu
471 2020 688 2076 sororis
717 2022 993 2079 annicula

324 2107 635 2181 Lippitudo
668 2127 801 2166 eum
826 2112 1015 2183 juvat.

324 2197 529 2269 Terga,
564 2203 771 2267 mater,
804 2200 1049 2258 ﬂuentes
1076 2204 1299 2260 oculos.

321 2286 507 2349 Quam
539 2291 595 2344 te
619 2289 824 2345 decent
852 2307 1136 2363 genarum
1170 2293 1397 2350 rimulae
1426 2294 1438 2349 Ι

327 2378 473 2444 Heu,
506 2376 645 2446 heu,
676 2379 827 2435 heu!
866 2381 1005 2452 quid
1033 2399 1126 2439 me
1158 2383 1443 2441 incusatis

401 2464 595 2522 Fletus
625 2467 925 2526 incassum
956 2472 1199 2541 fudisse,

329 2552 473 2608 Cum
506 2554 618 2611 sim
647 2558 850 2613 orbata
882 2564 1040 2628 nato,
1065 2566 1474 2634 paupertatem

398 2644 583 2697 Meam
618 2645 717 2716 qui
750 2645 912 2702 solus
942 2651 1218 2705 cUraret‘?

331 2729 439 2795 Qui
471 2747 584 2788 non
615 2732 886 2792 hostibus
918 2738 1145 2794 cederet
1174 2745 1459 2814 angustos

395 2820 701 2879 Terminos
734 2840 881 2894 quos
912 2826 1059 2881 mihi
1088 2828 1267 2883 Jacob
1308 2829 1640 2901 acquisivit,

325 2908 559 2978 Quique
589 2910 821 2967 stolidis
846 2913 1145 2984 fratribus,
1171 2932 1320 2986 quos
1352 2918 1609 2972 multum

396 2996 548 3050 Proh
574 2997 770 3052 dolor!
805 3000 1006 3068 extuli,
1038 3008 1194 3057 esset
1216 3004 1579 3074 profuturus.

330 3081 609 3154 Nunquid
642 3085 870 3143 ﬂendus
900 3094 989 3145 est
1017 3089 1152 3161 iste,

334 3172 443 3236 Qui
474 3190 719 3245 regnum
742 3179 1003 3248 possedit
1032 3180 1285 3251 cmleste,

334 3259 560 3333 Quique
590 3280 759 3335 prece
789 3266 1081 3338 frequenti
1114 3270 1344 3327 miseris

402 3350 703 3409 Fratribus
734 3355 888 3427 apud
919 3356 1102 3413 Deum
1134 3358 1484 3416 auxilietur?

605 3490 738 3542 CAP.
771 3487 1008 3546 XXXIV.
1043 3522 1112 3531 --—
1133 3493 1209 3549 De
1234 3509 1344 3550 uno
1375 3498 1694 3567 confessam.

328 3589 443 3644 Rex
472 3605 698 3663 regum,
733 3598 884 3651 Deus
912 3602 1113 3654 noster
1145 3599 1404 3668 colende,

330 3677 415 3734 Tu
447 3681 769 3739 moderaris
802 3685 1073 3743 militiam
1105 3688 1517 3762 Christianam,

328 3766 591 3825 Bellandi
620 3788 834 3845 gnaros
855 3774 1120 3833 horribili

398 3859 601 3916 Praelio
633 3862 1002 3922 destinando.

328 3945 608 4003 Consules
631 3953 785 4008 scios
815 3955 1172 4029 reipublicae,

327 4030 530 4089 Dando
561 4039 874 4109 magistros
906 4043 1024 4099 tuis
1055 4046 1307 4117 populis.

329 4120 445 4178 Nec
475 4122 630 4179 enim
665 4124 881 4183 falleris
904 4128 1154 4202 eligendi
1183 4124 1437 4207 sapiens,

334 4211 518 4276 Quem
559 4214 651 4269 cui
683 4216 965 4289 subroges
997 4219 1342 4291 ministerio,
1375 4216 1529 4282 Deus

338 4301 417 4357 Ex
447 4302 664 4375 quibus
695 4310 784 4362 est
813 4323 978 4363 sacer
1005 4308 1115 4365 iste
1147 4313 1440 4381 sacerdos,

335 4391 443 4459 Qui
472 4392 531 4448 in
564 4409 704 4465 pace
729 4395 947 4469 degens
973 4397 1239 4457 Ecclesiae
1270 4407 1480 4459 sanctae

330 4482 683 4541 Consiliatus
712 4489 802 4542 est
832 4486 1082 4559 qualiter

397 4571 594 4629 Hostis
618 4574 1007 4647 irruptionem

326 4659 461 4724 Qua
492 4660 647 4717 solet
665 4663 932 4723 incautos
963 4668 1326 4741 depopulari,

399 4752 899 4811 Praamunivisset.

332 4839 445 4895 Iste
467 4838 751 4898 haereticis
781 4842 1004 4905 invisus
1026 4850 1200 4919 atque
1230 4850 1476 4922 paganis

403 4929 637 4987 Necnon
667 4932 770 5003 [sic
797 4933 940 5005 cod.]
972 4934 1053 4989 rei
1077 4937 1341 4993 omnium
1374 4939 1685 5008 malorum,

331 5018 558 5076 Gaudet
579 5036 640 5076 se
668 5020 899 5077 Domini
936 5024 1348 5097 participatum
1372 5031 1567 5086 tenere

394 5107 605 5165 Hostes
635 5110 763 5181 ejus
794 5112 1089 5183 perferens
1113 5130 1247 5170 cum
1280 5114 1399 5171 illo.

325 5200 407 5251 Tu
442 5198 611 5255 nobis
643 5199 904 5256 triticum

394 5286 775 5360 Dispensator
804 5290 1021 5363 optime

325 5376 610 5433 Doctrinae
640 5378 871 5434 Domini
904 5381 1203 5454 impertire
1223 5384 1451 5457 jugiter

330 5465 635 5523 Ccelestem
665 5474 957 5539 quatenus

401 5556 675 5614 Remeare
708 5559 955 5632 patriam

331 5645 633 5706 Possimus
663 5650 1101 5711 abundantibus

1998 448 2054 513 Α
2154 446 2485 520 Alimoniis,

2086 537 2129 592 Ο
2163 536 2330 593 miles
2362 537 2459 592 Dei
2492 535 2783 609 praecelse.

2441 665 2569 719 CAP.
2604 661 2820 717 XXXV.
2854 692 2923 702 —
2954 666 3033 718 De
3062 660 3397 733 virginibus.

2083 779 2343 852 Virginis
2371 780 2711 835 venerandae

2154 870 2233 925 De
2263 886 2506 924 numero
2538 869 2873 940 sapientum

2157 960 2325 1014 Festa
2353 959 2712 1014 celebremus
2744 958 2906 1014 socii.

2082 1050 2237 1105 Filiae
2268 1048 2471 1104 Matris
2504 1049 2723 1104 summi
2754 1048 2929 1120 Regis

2153 1144 2543 1195 Sacrosanctae
2571 1137 2781 1203 Mariae,

2082 1229 2265 1292 Quam
2297 1228 2409 1284 sibi
2441 1227 2500 1282 in
2534 1242 2793 1282 sororem
2825 1225 2926 1281 Dei

2152 1317 2465 1388 Adoptavit
2490 1315 2692 1370 Filius.

2086 1408 2211 1461 Haec
2242 1423 2453 1478 corpus
2479 1421 2656 1460 suum
2688 1403 2916 1458 domuit

2155 1498 2337 1552 Freno
2360 1493 2594 1565 jejunii,

2082 1587 2152 1641 Et
2176 1584 2469 1640 luxuriam
2501 1583 2687 1638 secuit

2152 1676 2303 1730 Ense
2333 1672 2576 1745 agoniae.

2084 1763 2288 1819 Isthaac
2319 1765 2520 1817 contra
2552 1764 2792 1815 cunctos
2826 1759 3033 1814 mortis

1997 1817 2043 1880 Β
2087 1817 2131 1819 η
2152 1817 2461 1907 Dimicavit
2490 1850 2767 1921 impetus,

2080 1944 2147 1995 Et
2175 1940 2404 1995 hostem
2436 1941 2741 1992 cruentum
2772 1936 2919 1992 freta
2949 1934 3163 1992 Christi

2152 2029 2363 2084 Dextra
2393 2030 2677 2082 straverat

2081 2117 2212 2173 Haec
2238 2116 2534 2189 Sponsum
2567 2116 2638 2171 ab
2670 2115 2805 2171 aula
2835 2113 2961 2169 οωιί

2152 2208 2289 2262 Sese
2320 2206 2668 2261 invisentem
2702 2203 2911 2260 alacris

2084 2297 2265 2352 Corde
2291 2296 2548 2366 jocundo
2569 2299 2791 2361 secuta,
2814 2294 2941 2364 ejus

2154 2386 2256 2440 Est
2284 2384 2550 2457 ingressa
2578 2382 2928 2438 thalamum.

2088 2476 2236 2530 Tute
2258 2475 2385 2545 jam
2415 2472 2687 2528 dulcibus
2718 2472 2892 2544 plena
2922 2470 3151 2526 deliciis

2085 2563 2310 2619 Christo
2344 2563 2589 2618 miseras
2621 2565 2852 2617 nostras
2884 2560 3204 2633 suggerito,

2084 2653 2264 2711 Nobis
2293 2651 2753 2707 consolationem
2785 2650 3094 2722 precando.

2334 2778 2465 2834 CAP.
2493 2776 2736 2831 XXXVI.
2771 2805 2834 2817 —
2867 2780 2951 2831 De
2978 2779 3170 2831 saneta
3196 2776 3499 2831 Trinitate.

2084 2893 2394 2948 Benedicta
2423 2909 2653 2965 semper
2675 2895 2875 2948 sancta

2156 2982 2243 3037 Sit
2268 2981 2543 3049 Trinitas,
2578 2982 2764 3037 deitas
2794 2980 3015 3038 scilicet

2156 3071 2357 3139 Unica,
2393 3071 2703 3143 coaequalis
2734 3070 2941 3144 gloria,

2005 3185 2047 3253 Ο
2086 3161 2271 3228 Pater,
2309 3160 2510 3231 Filius,
2542 3160 2794 3233 Spiritus
2821 3163 3081 3228 sanctus,
3104 3159 3217 3214 tria
3246 3162 3409 3215 sunt.

2157 3250 2427 3316 Nomina,
2460 3250 2659 3305 omnia
2687 3250 2890 3305 eadem
2921 3248 3270 3304 substantia.

2082 3345 2235 3395 Deus
2267 3340 2513 3411 genitor,
2547 3339 2699 3394 Deus
2731 3339 2985 3411 genitus,
3017 3337 3079 3393 in
3106 3342 3356 3410 utroque

2154 3428 2329 3483 Sacer
2359 3427 2631 3499 Spiritus,
2658 3428 2870 3482 deitate
2901 3426 3117 3482 socius.

2080 3518 2205 3573 Non
2232 3521 2351 3572 tres
2381 3521 2577 3572 tamen
2605 3516 2685 3570 dii
2716 3520 2871 3571 sunt.

2152 3607 2306 3661 Deus
2334 3622 2466 3662 vere
2496 3622 2651 3661 unus
2676 3610 2790 3661 est.
2823 3605 2917 3661 Sic
2947 3606 3118 3661 Pater
3148 3604 3438 3669 Dominus,

2152 3694 2354 3762 Filius,
2380 3694 2754 3767 Spiritusque
2786 3698 3044 3749 sanctus.

2083 3783 2408 3854 Proprietas
2439 3783 2496 3837 in
2528 3782 2817 3855 personis,
2849 3782 3044 3837 unitas

2151 3872 2256 3926 Est
2285 3875 2341 3926 et
2370 3870 2427 3924 in
2460 3871 2735 3926 essentia.

2082 3961 2357 4030 Majestas
2387 3976 2510 4031 par,
2544 3964 2600 4015 et
2632 3964 2911 4032 potestas,
2945 3961 3145 4031 decus,

2152 4054 2350 4105 Honor
2378 4066 2539 4121 aeque
2569 4067 2669 4121 per
2699 4050 2915 4106 omnia.

2082 4139 2303 4207 Sidera,
2338 4138 2541 4205 maria,
2565 4138 2870 4194 continens
2892 4155 3046 4207 arva,

2156 4227 2344 4284 Simul
2378 4232 2434 4282 et
2462 4227 2734 4282 universa
2754 4228 3005 4284 condita.

2086 4318 2269 4382 Quem
2300 4316 2765 4389 tremuntimpia
2796 4320 3035 4385 tartara,

2157 4405 2306 4461 Colit
2334 4422 2564 4478 quoque
2595 4422 2770 4477 quem
2800 4410 2858 4463 et
2886 4407 3131 4480 abyssus
3161 4407 3383 4465 inﬁma.

2084 4494 2249 4550 Nunc
2279 4495 2469 4550 omnis
2499 4512 2625 4565 vox,
2654 4499 2829 4567 atque
2858 4495 3061 4569 lingua

2004 4558 2052 4623 D
2156 4585 2429 4639 Fateatur
2458 4558 2623 4639 hunc,
2644 4558 2817 4640 laude
2844 4558 3057 4641 debita.

2080 4675 2263 4739 Quem
2293 4672 2494 4727 laudat
2519 4672 2627 4739 sol,
2651 4676 2825 4744 atque
2854 4673 2995 4729 luna

2151 4760 2414 4835 Dignitas
2443 4762 2647 4818 adorat
2674 4761 2958 4835 angelica.

2079 4852 2149 4908 Et
2178 4868 2283 4907 nos
2313 4868 2449 4907 voce
2477 4843 2755 4923 praicelsa
2782 4868 2938 4909 nunc
2969 4870 3174 4911 omnes

2149 4942 2180 4998 J
2190 4940 2479 4997 ubilemus
2498 4941 2813 4999 altithrono
2835 4942 3081 5000 Domino

2152 5031 2377 5087 Laudes
2407 5032 2467 5086 in
2498 5031 2760 5087 excelsis.

2081 5120 2181 5177 Eia
2210 5124 2267 5175 et
2295 5120 2385 5177 eia
2416 5136 2618 5176 omnes
2650 5120 2825 5177 simul

2152 5209 2524 5268 Modulemur
2552 5211 2823 5283 organica
2851 5212 3080 5269 cantica

2152 5298 2329 5356 Dulce
2360 5299 2630 5355 melodia.

2081 5391 2125 5446 Ο
2151 5390 2480 5446 veneranda
2502 5388 2791 5445 Trinitas!

2081 5480 2125 5536 Ο
2156 5480 2456 5536 adoranda
2484 5478 2719 5534 Unitas!

2081 5570 2186 5626 Per
2213 5572 2270 5625 te
2289 5585 2496 5625 sumus
2526 5567 2723 5640 creati,
2755 5582 2890 5625 vera

2150 5656 2481 5728 IEternitas,

3578 312 3744 373 l024
