4012 6198
275 359 425 419 1025
1611 356 1859 416 MART‘.

2078 357 2324 451 )GIUM.
2734 368 2737 369 ί
3508 371 3662 434 1026

274 494 434 547 Perte
466 506 673 547 sumus
699 491 1002 562 redempti,
1936 488 1991 551 Α
2090 491 2471 563 Arceopagita
2500 492 2712 561 dictus,

342 581 587 635 Summa
619 586 681 635 tu
713 580 997 636 Charitas.
2094 579 2249 634 Inter
2278 596 2417 636 suos
2447 583 2665 637 exstitit
2694 582 2941 655 primus.

278 669 559 740 Populum
581 673 875 734 cunctum,
900 667 1077 737 salva,
2024 668 2133 722 Sed
2169 668 2341 724 istius
2362 670 2651 740 primatus
2672 673 2919 743 apicem,

348 759 569 826 Libera,
603 758 758 830 eripe
790 762 848 812 et
879 758 1157 813 emunda.
2094 756 2485 829 Cunctampue
2517 760 2761 831 gloriam
2795 763 2998 818 mundi

278 850 349 903 Te
380 849 712 913 adoramus,
745 847 1147 918 Omnipotens,
1171 846 1276 902 tibi
1310 846 1601 913 canimus,
2097 846 2322 917 Sprevit
2353 848 2539 902 sancti
2572 850 2810 905 monitis
2843 852 3003 907 Pauli
3031 871 3043 921 ;
3106 884 3113 891 ο

347 938 475 992 Tibi
507 937 635 992 laus
666 941 721 991 et
751 936 964 992 Gloria.
2000 938 2072 1001 AA
2104 950 2217 1004 quo
2246 935 2571 991 instructus
2602 943 2777 1009 atque
2803 942 3176 1013 baptismatis

737 1025 870 1080 CAP.
921 1026 1184 1082 XXXVII.
1220 1057 1285 1068 -—
1308 1027 1452 1081 Alia.
2098 1023 2295 1078 Gratia
2324 1023 2482 1080 lotus

283 1116 449 1171 Alma
478 1115 695 1171 chorus
727 1114 957 1170 Domini
2029 1111 2245 1167 Praesul
2277 1117 2335 1167 et
2364 1114 2566 1169 doctor
2594 1114 2747 1187 plebi
2792 1121 3149 1191 praeponitur

345 1203 707 1275 Compangat
734 1202 975 1260 nomina
992 1204 1209 1259 summi
2100 1201 2463 1273 Atheniensi,
2558 1264 2576 1278 .

280 1294 537 1363 Messias,
571 1294 756 1361 Soter,
788 1292 1154 1362 Emmanuel,
2028 1289 2213 1352 Quam
2247 1289 2455 1346 lucifer
2483 1292 2637 1347 velut
2666 1295 2905 1365 quidam

351 1383 629 1448 Sabaoth,
670 1382 914 1437 Adonai.
2103 1379 2357 1435 Radiens
2388 1382 2662 1438 omnibus
2694 1385 2853 1440 exuit

285 1474 382 1529 Est
413 1471 753 1543 unigenitus
782 1471 894 1537 via,
922 1470 1064 1535 vita,
1458 1530 1471 1541 ,
2101 1469 2377 1524 Errorum
2407 1471 2682 1527 tenebris.

354 1562 586 1629 Manus,
617 1559 989 1616 homousion.
2032 1562 2113 1610 Ac
2145 1558 2435 1629 dogmatis
2467 1561 2616 1615 sacri
2650 1561 2850 1617 lumen

286 1651 665 1721 Principium,
696 1648 1121 1721 primogenitus
2104 1646 2347 1702 Nuntiat
2377 1649 2597 1719 patriae,
2649 1667 2873 1706 necnon

353 1738 673 1812 Sapientia,
705 1738 912 1792 virtus.
2105 1735 2175 1790 Et
2202 1735 2408 1791 vicinis
2438 1737 2731 1809 gentibus.

286 1828 491 1900 Alpha,
525 1831 720 1900 caput,
754 1828 1006 1899 ﬁnisque
1036 1824 1235 1881 simul.
1954 1877 2001 1900 η
2035 1825 2298 1880 Posthaac
2332 1826 2648 1883 instinctus
2680 1846 2878 1885 amore

353 1877 677 1983 {locitatu-s,
703 1877 765 1971 id
796 1877 981 1972 estut».
1954 1877 2003 1940 Β
2107 1913 2334 1980 Divino,
2366 1920 2421 1969 et
2450 1932 2482 1970 a
2521 1916 2767 1987 praesule
2800 1920 3115 1991 apostolico

287 2012 433 2063 Fons
464 2011 521 2062 et
551 2006 713 2077 origo
733 2006 870 2061 boni
892 2005 1252 2073 Paracletus,
2037 2001 2244 2057 Visitat
2275 2008 2476 2075 gentes
2501 2006 2700 2076 procul
2732 2006 3063 2065 habitantes

354 2102 437 2151 Ac
468 2095 770 2150 mediator.
2106 2095 2175 2146 Et
2200 2091 2414 2148 ferocia
2444 2110 2621 2165 regna
2646 2094 2864 2152 Galliae.

284 2189 508 2256 Agnus,
532 2183 674 2253 ovis,
699 2181 938 2250 vitulus,
969 2196 1231 2254 serpens,
2036 2180 2100 2237 in
2132 2181 2350 2252 quibus
2380 2184 2656 2239 continuo
2696 2186 3040 2256 praedicans,

354 2274 538 2342 Aries,
573 2272 682 2340 leo,
714 2272 967 2330 vermis:
2109 2277 2189 2326 Ac
2220 2271 2507 2342 plurimos
2538 2272 2849 2330 hominum

288 2364 382 2435 Os,
414 2363 696 2431 Verbum,
722 2361 1017 2434 splendor,
1045 2359 1152 2429 sol,
2108 2360 2455 2415 Convertent
2486 2362 2557 2416 ad
2589 2362 2929 2432 Dominum,

357 2451 574 2521 Gloria,
600 2451 719 2523 lux,
744 2456 801 2506 et
850 2450 1065 2522 imago.
2039 2447 2337 2504 Postremo
2367 2450 2438 2504 ab
2470 2450 2670 2522 impiis
2693 2453 2943 2524 capitur,

286 2543 485 2610 Panis,
517 2543 645 2607 ﬂos,
671 2540 829 2609 vitis,
854 2541 1267 2610 mons,janua,
2110 2542 2176 2591 Et
2206 2555 2308 2609 pro
2338 2538 2551 2594 Christi
2584 2542 2818 2597 nomine

357 2634 546 2700 Petra,
574 2630 860 2702 lapisque.
2110 2630 2251 2680 Cum
2285 2627 2460 2683 sociis
2490 2627 2784 2699 plectitur.

290 2721 573 2795 Angelus,
603 2724 659 2776 et
679 2735 953 2791 sponsus,
984 2722 1319 2790 pastorque,
1952 2782 1957 2787 θ
2039 2715 2082 2770 Ο
2114 2732 2289 2786 quam
2316 2715 2453 2771 felix
2490 2706 2724 2773 Parisiis
2754 2719 2980 2792 civitas,

361 2810 666 2883 Propheta,
700 2808 1005 2866 sacerdos:
2112 2807 2235 2870 Qua
2266 2807 2413 2861 tanti
2445 2808 2719 2879 martyris
2749 2809 2979 2880 sepulta

288 2900 631 2965 Athanatos,
665 2897 949 2970 ischyros,
985 2912 1016 2951 o
1047 2896 1261 2962 Theos,
2110 2894 2446 2950 Noscuntur
2475 2912 2609 2951 ossa
2648 2899 2906 2969 corporis
2936 2900 2947 2954 l

358 2991 754 3053 Pantocrator,
786 2986 928 3041 isus.
2040 2984 2146 3038 Sed
2174 3001 2284 3039 non
2319 2984 2517 3041 minus
2557 2986 2907 3057 Radaspona
2936 2988 3106 3045 beata

290 3078 580 3137 Salviﬁcet
612 3092 738 3141 nos,
768 3074 844 3129 sit
865 3074 958 3128 cui
991 3074 1149 3129 sccla
2112 3074 2245 3137 Quae
2276 3078 2422 3127 nutu
2456 3091 2665 3145 supero
2697 3076 2981 3132 translata

362 3169 470 3223 Per
498 3165 697 3221 omnia
728 3159 872 3230 δοξα.
2111 3161 2276 3215 Nunc
2309 3178 2443 3216 ossa
2468 3166 2627 3216 tenet
2663 3164 2866 3218 eadem
2892 3164 2904 3218 !

293 3260 423 3314 ΟΑΡ.
457 3252 754 3309 XXXVIII.
796 3282 860 3291 -
888 3252 947 3304 In
1004 3249 1194 3304 natale
1225 3252 1406 3323 sancti
1461 3250 1715 3319 Dionysii
1772 3250 1934 3304 Areo-
1968 3238 2010 3304 C
2048 3250 2195 3319 Ergo
2213 3250 2339 3319 jam
2373 3254 2689 3319 utrumque
2713 3252 3015 3323 p0pu1um,

538 3325 757 3397 pagita:
784 3326 837 3377 et
866 3323 1107 3392 episcopi
1128 3321 1511 3391 sociorumque
1533 3323 1674 3391 ejus.
2108 3336 2122 3390 1

1374 3336 1511 3391 nque
1533 3323 1674 3391 ejuS-
2108 3336 2342 3391 Necnon
2373 3352 2577 3390 omnes
2609 3321 2958 3407 adjuvamen

287 3416 663 3475 Exsultemus
694 3412 754 3465 in
780 3411 913 3466 ista.
2114 3424 2305 3477 Tuum
2337 3424 2446 3479 rite
2474 3430 2816 3494 quaerentes,

362 3507 614 3572 Fratres,
640 3498 1032 3566 solemnitate,
1065 3498 1319 3570 gaudeat
1346 3498 1565 3570 pariter
2047 3512 2321 3568 precibus
2361 3518 2709 3569 commenda
2737 3514 2961 3573 sedulis

435 3592 677 3648 Oomnis
716 3587 991 3652 Ecclesia,

1970 3674 1975 3675 γ
2115 3602 2358 3656 Summo
2390 3602 2535 3674 regi,
2566 3607 2891 3661 venerande

292 3686 457 3742 Diem
490 3696 753 3738 annuum
786 3677 1004 3734 colens.

2116 3691 2350 3763 Martyr,
2384 3708 2416 3748 o
2447 3691 2702 3764 Dionysi.

364 3774 488 3837 Qua
518 3768 850 3841 Dionysius,
884 3766 1093 3838 praesul
1119 3766 1470 3838 magnificus
2783 3801 2954 3841 pnus,

294 3865 438 3919 Cum
470 3860 730 3927 Rustico,
762 3862 819 3913 et
848 3855 1176 3911 Eleutherio

2115 3873 2170 3927 ia
2200 3888 2429 3939 manus,
2463 3888 2572 3926 non
2602 3880 2717 3926 (am
2744 3875 2951 3948 siccato
2982 3893 3055 3931 xu
3104 3878 3356 3948 inferior,
3407 3881 3617 3941 addidit
3636 3886 3695 3942 in

364 3951 502 4007 Suis
535 3949 731 4017 sociis,
2579 3946 2828 4014 margine
2863 3950 3162 4018 sequentia.

289 4039 545 4112 Martyrii
579 4053 792 4093 corona
812 4033 1157 4106 splendidus
2117 4031 2545 4101 Ianmnobium
2568 4031 2727 4087 istud
2756 4035 3139 4092 transtulerat

364 4129 582 4185 malum
608 4125 769 4200 petit.
2118 4120 2451 4177 Mortalium
2512 4121 2629 4175 Rex
2684 4121 3108 4195 invictissimus
3168 4145 3371 4201 regum
3424 4135 3704 4192 Arnolfus

288 4221 394 4276 Hi0
424 4216 666 4273 Athenis
701 4213 995 4286 quondam
1032 4209 1437 4282 Philosophus,
1470 4216 1528 4266 et
2047 4210 2415 4269 Sanctissimi
2446 4210 2793 4266 thesaurum
2826 4216 3085 4286 corporis
3111 4217 3390 4290 Dionysii.

1297 4410 1397 4503 B.
1471 4411 2025 4504 NOTKERI
2102 4409 2694 4502 CARMINA.

636 4558 788 4631 (Vide
818 4558 1157 4625 Patrologize
1188 4560 1315 4612 tom.
1354 4554 1639 4621 LXXXVII,
1673 4554 1774 4608 col.
1810 4554 1878 4606 40
1907 4558 1961 4609 et
1990 4569 2159 4624 seqq.,
2196 4553 2255 4606 in
2285 4550 2595 4621 Appendice
2626 4550 2696 4605 ad
2723 4551 2926 4623 scripta
2954 4556 3134 4609 sancti
3163 4555 3355 4627 Galli.)

1100 4773 1244 4871 Β.
1305 4768 2083 4869 NOTKBBI
2145 4686 2877 4867 ΒΔΕ.Βῶ

1580 4911 1835 4966 SANCIT
1861 4910 2072 4966 GALLI
2103 4908 2426 4965 MONACHI

597 5038 3383 5216 MARTYROLOGIUM.

863 5275 1050 5341 (Apud
1082 5273 1400 5340 Canisium,
1433 5274 1710 5329 Lectiones
1740 5273 2007 5341 antiquae,
2041 5275 2182 5325 tom.
2218 5268 2287 5336 II,
2322 5283 2391 5323 ex
2419 5265 2774 5323 bibliotheca
2819 5267 2876 5322 S.
2912 5267 3105 5341 Galli.)

863 5275 1050 5345 (Apud
1082 5273 1400 5340 Canisium,
1433 5274 1710 5329 Lectiones
1740 5273 2007 5343 antiquae,
2041 5275 2182 5325 tom.
2218 5268 2287 5336 II,
2322 5283 2391 5323 ex
2419 5265 2774 5323 bibliotheca
2819 5267 2876 5322 S.
2912 5267 3077 5323 Galli.

1267 5469 1777 5557 CANISIUS
1837 5471 1977 5555 AD
2042 5465 2712 5555 LFCTOREM-

368 5619 432 5672 In
458 5617 655 5693 codice
685 5634 752 5693 ex
768 5636 898 5693 _qug
928 5618 1036 5693 hoc
1052 5618 1548 5693 Martyrologium
1598 5618 1929 5693 vulgamus,
2041 5616 2276 5693 $._Galli
2316 5616 2696 5693 profe_ssus,_«
2736 5614 3142 5693 Martyrologii‘
3182 5617 3361 5691 hujus
3392 5623 3689 5679 auctorem

289 5690 405 5748 hoc
436 5688 737 5750 adnotavit
767 5685 834 5751 BI.
868 5691 928 5749 Ρ.
957 5685 1931 5762 ὖοόοουε⁷ΜθῐΖῘθιιυε,ωοῐῖαειθνίἰ
2042 5690 2225 5748 fuisse
2254 5685 2693 5747 m‘onachumS.
2737 5685 2909 5765 Ga‘lli,
2959 5685 3337 5750 manifestum
3386 5696 3475 5751 est
3502 5708 3573 5761 ex
3598 5693 3692 5757 die
