4012 6198
313 345 485 403 1029

1346 343 2064 405 MARTYROLOGIUM.
2101 377 2176 386 —
2222 346 2456 418 MENS.
2502 346 2671 406 JAN.

3557 354 3716 419 1030

309 493 415 531 cur
444 475 724 550 dubitarit
743 476 1215 550 Pinus,4in_Nova
1238 474 1615 550 Bibliotheca,
1640 473 1947 550 anseeculo
1979 476 2033 539 Α
2063 475 2307 550 dignum
2340 482 2429 531 est
2455 482 2516 550 ut
2545 476 2778 550 legatur
2799 479 2871 533 ab
2894 478 3161 550 eruditis.
3186 480 3493 537 Germanis
3518 484 3626 539 fuit
3645 485 3705 541 in

308 564 463 603 nono
495 549 798 603 desinente
828 548 913 602 vel
937 548 1162 602 decimo
1196 548 1431 602 ineunte
1489 548 1567 602 sit
1618 547 1903 617 scriptum
1933 571 1946 611 ;

310 620 437 690 ipse
467 620 622 675 enim
652 626 885 691 tempus
915 636 1029 691 quo
1064 620 1215 673 hunc
1248 619 1503 691 laborem
1527 618 1950 691 suecepitindi-

310 696 404 745 cat
424 708 526 745 VIII
559 691 683 745 Kal.
714 689 865 747 Maii.
902 689 1148 747 Scripsit
1178 690 1401 745 scilicet
1448 692 1718 745 Formoso
1745 689 1954 743 Roma-

312 779 447 817 nam
482 762 677 817 sedem
709 767 959 817 tenente.
996 761 1121 816 Non
1142 761 1410 832 equidem
1436 762 1623 832 primo
1648 761 1955 832 pontifica-

311 838 407 889 tus
438 850 609 899 anno,
644 834 744 888 sed
776 832 973 903 aliquo
1019 849 1087 888 ex
1136 833 1651 903 subsequentibus.
1701 833 1957 887 Sedebat

2063 563 2190 600 usu.
2221 547 2299 601 De
2321 547 2804 622 Anacleto—refert
2832 567 2888 603 v1
2930 549 3078 622 Kal,
3111 552 3296 607 hisiis.
3325 555 3517 622 ipsum
3545 572 3578 609 a
3609 556 3710 612 Pe-

2066 622 2154 672 tro
2183 620 2586 690 presbyterum
2609 622 2942 675 ordinatum
2968 621 3161 690 idolis,
3180 624 3230 677 vi
3247 620 3511 679 coactum
3538 629 3713 681 sacri-

2068 690 2296 767 ficasse,
2328 690 2536 767 deinde
2569 692 3177 767 pceniteptiaductum
3214 697 3492 767 martyrio
3534 698 3714 753 fuisse

2068 764 2408 838 coronatum
2437 761 2761 838 imperante
2779 763 3127 838 Domitiano.
3151 769 3282 831 Quae
3298 761 3545 838 delapsu
3561 771 3713 824 Ana-

2068 830 2199 908 cleti
2224 832 2422 908 refert,
2448 830 2603 887 unde
2624 833 2887 908 hauserit
2918 837 3111 891 nescio
3135 856 3147 904 ;
3174 830 3387 908 ipsum
3412 830 3522 893 sub
3574 841 3715 897 Tra-

311 905 624 986 ijrmosus
657 922 749 986 an.
778 903 894 959 891
924 905 1101 986 ἰξάεξο
1134 904 1242 986 hoc
1273 903 1749 986 Martyrologium
1802 919 1955 986 anno
2059 904 2202 986 jnano
2236 903 2323 957 vel
2355 908 2651 986 mortuum
2680 904 2764 960 vel
2804 903 3429 979 martyremasseruut
3460 910 3706 981 Platina,

311 977 415 1030 894
448 975 902 1048 assignavimus.
937 976 1117 1031 Multa
1137 976 1196 1029 in
1228 992 1293 1031 eo
1315 973 1555 1046 possent
1576 973 1959 1041 observari,et
2069 973 2296 1029 Balaus
2326 978 2383 1029 et
2413 974 2672 1046 plurimi.

1228 1344 1384 1438 IN
1483 1341 2114 1437 NOMINE
2212 1341 2803 1437 DOMINI

1835 1609 2195 1701 INCIPIT

1014 1861 3021 2021 MARTYROLOGIUM

1140 2182 1477 2304 PER
1537 2181 1895 2303 ANN
1908 2182 1963 2302 Ι
2028 2181 2887 2307 CIRCULUM

648 2462 715 2522 S.
758 2459 831 2521 P.
876 2461 951 2519 N.
999 2458 1367 2532 NOTKERI,
1414 2456 1951 2519 GOGNOMENTO
1993 2457 2356 2532 BALBULI,
2404 2460 2759 2558 MONACIII
2805 2465 3079 2526 SANCTl
3127 2469 3381 2532 GALLI.

1814 2674 2206 2693 ψ

920 2828 1360 2897 JANUARIUSJ

435 2954 654 3016 Meum
682 2953 971 3017 Januarii
998 2953 1166 3015 habet
1184 2953 1305 3014 diem
1335 2970 1505 3028 XXXI,
1534 2953 1675 3016 luna
1706 2973 1842 3016 vero

1060 3086 1223 3129 XXIX.

399 3206 529 3259 KAL.
562 3202 694 3257 JAN.
719 3232 788 3242 —
808 3200 1024 3258 Octava
1035 3200 1359 3257 nativitatis
1381 3199 1714 3267 Dominicae,
1738 3216 1855 3271 qua
1875 3200 1967 3255 die

330 3293 487 3349 idem
522 3290 808 3347 Dominus
836 3288 1218 3346 circumcisus
1240 3293 1328 3344 est
1346 3288 1404 3343 in
1427 3304 1617 3355 carne,
1643 3289 1967 3344 secundum

321 3380 513 3454 legem
534 3380 742 3452 Moysi,
765 3383 822 3435 et
845 3395 1078 3445 nomen,
1102 3382 1169 3433 ut
1184 3377 1356 3433 Jesus
1374 3380 1696 3444 vocaretur,
1721 3376 1965 3448 accepit,

324 3487 438 3543 quo
461 3475 733 3526 vocatum
755 3472 845 3524 est
865 3467 937 3523 ab
962 3466 1189 3540 angelo,
1215 3470 1532 3538 antequam
1563 3465 1971 3537 conciperetur

324 3560 384 3615 in
409 3563 574 3615 utero
594 3559 748 3630 (Luc.
782 3560 864 3626 ιι).

392 3649 586 3704 Roma
618 3645 832 3702 natalis
867 3646 1055 3702 sancti
1081 3644 1362 3702 Almachii
1397 3643 1696 3716 martyris,
1730 3643 1830 3715 qui
1869 3644 1968 3714 ju-

321 3738 499 3793 bente
528 3736 719 3809 Alipio
752 3734 923 3791 Urbis
956 3735 1244 3807 praefecto,
1278 3750 1411 3789 cum
1446 3733 1661 3788 diceret
1688 3749 1700 3787 :
1727 3755 1754 3781 ‹‹
1787 3731 1968 3787 Hodie

320 3832 535 3882 octavas
555 3824 837 3881 Dominici
862 3824 975 3879 diei
990 3828 1381 3890 sunt,cessate
1404 3840 1437 3877 a
1452 3821 1969 3893 superstitionibus

322 3914 612 3971 idolorum
671 3912 1092 3983 sacrificiisque
1143 3910 1406 3983 pollutis,
1438 3911 1969 3983 nagladiatoribus

325 4004 434 4059 hac
465 4004 538 4060 de
556 4019 734 4058 causa
763 4000 998 4057 occisus
1030 4005 1139 4055 est.

399 4094 543 4147 Item
577 4092 771 4147 Romae
803 4096 1018 4145 sanctae
1051 4088 1310 4143 Martinaa
1332 4088 1574 4159 virginis
1597 4093 1653 4143 et
1674 4087 1968 4160 martyris,

1988 2833 2036 2897 B
2070 2830 2225 2899 fecit,
2258 2832 2712 2906 chirographum
2746 2838 2955 2909 perditi
2988 2839 3266 2914 hominis,
3290 2818 3446 2917 quod
3479 2850 3710 2909 diabolo

2077 2919 2447 2977 fecitorando
2474 2924 2728 2995 recipere
2760 2927 2996 2995 meruit,
3032 2935 3089 2986 et
3128 2931 3281 2989 diem
3331 2939 3545 2995 mortis
3594 2958 3713 2997 suae

2076 3013 2312 3080 propter
2340 3012 2771 3070 conversionem
2819 3016 3036 3090 Joseph
3088 3020 3309 3079 Hebraei
3350 3025 3602 3098 distulit,
3657 3036 3716 3086 et

2077 3098 2565 3169 conscriptionem
2614 3104 2923 3174 cujusdam
2973 3108 3207 3165 nefandi
3255 3113 3488 3172 sceleris
3538 3119 3715 3175 etiam

2076 3183 2388 3243 defunctus
2416 3188 2684 3245 abolevit.

2150 3273 2211 3327 In
2243 3274 2434 3330 Africa
2464 3276 2672 3332 natalis
2705 3281 2890 3337 sancti
2921 3281 3213 3354 Fulgentii
3244 3288 3513 3346 Ecclesia:
3565 3293 3717 3349 Rus-

2078 3361 2277 3432 pensis
2295 3361 2551 3435 episcopi
2575 3369 2631 3419 et
2652 3367 3025 3426 confessoris.
3050 3372 3157 3435 Qui
3177 3378 3440 3447 tempore
3463 3364 3721 3438 Wanda-

2078 3448 2200 3504 lices
2224 3451 2668 3521 persecutionis,
2690 3456 2761 3510 ob
2775 3457 3121 3516 catholicam
3147 3462 3343 3533 fidem,
3366 3470 3424 3522 et
3443 3468 3720 3528 eximiam

2080 3538 2426 3632 doctrinam,
2452 3540 2524 3596 ab
2552 3543 2783 3632 erianis
2807 3546 2993 3604 multa
3014 3566 3345 3623 perpessus,
3371 3561 3427 3611 et
3445 3557 3544 3613 diu
3567 3561 3723 3632 apud

2080 3627 2411 3685 Sardiniam
2443 3630 2645 3687 exsilio
2677 3632 2986 3706 relegatus,
3020 3640 3256 3695 tandem
3290 3643 3361 3698 ad
3415 3627 3722 3705 ecclesiam
3756 3706 3759 3711 ,

2080 3735 2247 3775 suam
2284 3719 2469 3775 redire
2501 3721 2846 3794 permissus,
2871 3730 2927 3780 et
2952 3726 3071 3782 vita
3099 3733 3155 3783 et
3175 3732 3348 3787 verbo
3371 3732 3563 3789 clarus
3585 3753 3721 3792 san-

2079 3812 2169 3864 cto
2202 3809 2316 3865 ﬁne
2348 3810 2589 3881 quievit,
2614 3828 2834 3868 annum
2861 3815 2953 3869 sui
2976 3817 3351 3890 episcopatus
3371 3840 3551 3896 agens
3571 3826 3722 3882 vice-

2081 3898 2298 3954 simum
2332 3900 2629 3970 quintum,
2662 3902 2791 3956 vitis
2823 3909 3021 3959 autem
3062 3907 3242 3963 totius
3291 3913 3721 3986 sexagesimum

2080 3988 2377 4058 quintum.

2150 4076 2319 4147 Apud
2350 4076 2758 4133 Alexandriam
2800 4088 3013 4137 sanctae
3046 4085 3436 4161 Euphrosynae
3458 4090 3722 4165 virginis,

327 4180 427 4254 qui
460 4182 571 4236 sub
602 4174 925 4236 Alexandro
956 4180 1306 4250 imperatore
1330 4194 1433 4248 pro
1452 4178 1562 4232 fide
1586 4176 1799 4232 Christi
1824 4176 1971 4231 mul-
2000 4193 2043 4259 ρ
2083 4182 2208 4237 quae
2243 4165 2605 4259 οιξθιίοξλίδυε
2638 4166 2820 4259 Ρξξίνίε
2843 4171 2933 4226 ευί
2958 4172 3209 4230 Parnm“
3235 4178 3305 4232 de
3328 4178 3514 4233 είθΓῘῙί
3538 4185 3723 4235 matre

327 4270 400 4325 tis
415 4274 841 4325 tormentorum
866 4268 1178 4339 generibus
1196 4266 1535 4335 cruciata,et
1558 4266 1625 4319 ad
1642 4270 1969 4320 extremum

326 4357 517 4430 gladio
551 4362 639 4413 est
670 4371 988 4429 percussa:
1024 4372 1149 4426 quae
1183 4355 1361 4410 etiam
1404 4354 1759 4410 ferocitatem
1787 4353 1971 4409 leonis

327 4447 569 4502 numine
601 4445 927 4501 habitantis
949 4446 1008 4499 in
1042 4460 1104 4500 se
1136 4444 1389 4516 Spiritus
1419 4444 1606 4498 sancti
1660 4443 1970 4515 mitigavit,

326 4539 383 4591 et
420 4534 737 4591 simulacra
768 4534 987 4590 orando
1013 4523 1329 4600 destruxit,
1356 4550 1421 4587 ac
1452 4532 1671 4587 multos
1693 4533 1763 4587 ad
1797 4533 1969 4587 ﬁdem

324 4623 538 4679 Christi
566 4624 869 4679 convertit.
894 4627 1002 4677 Pro
1027 4624 1196 4692 cujus
1238 4621 1495 4676 vindicta
1515 4620 1832 4693 imperator
1862 4622 1970 4676 im-

329 4712 486 4785 piam
518 4713 697 4769 vitam
729 4729 791 4768 se
821 4713 1015 4783 ipsum
1048 4710 1356 4766 lacerando
1391 4710 1593 4764 ﬁnivit.

396 4802 610 4857 Eodem
643 4801 736 4857 die
767 4801 920 4872 apud
945 4800 1249 4872 Spoletum
1278 4799 1502 4854 Tusciae
1525 4799 1822 4854 civitatem
1848 4815 1975 4870 pas-

330 4891 416 4947 sio
438 4890 625 4946 sancti
649 4889 954 4947 Concordii
1000 4888 1293 4961 presbyeri
1324 4887 1564 4942 Romani
1589 4889 1659 4942 de
1680 4886 1851 4941 titulo
1875 4892 1976 4941 Pa-

331 4980 528 5049 storis,
554 4980 920 5051 temporibus
946 4976 1628 5047 Antoniniimperatoris.
1654 4976 1759 5040 Qui
1784 4992 1886 5046 pro
1908 4992 1973 5031 eo

332 5070 488 5141 quod
525 5069 697 5125 idolis
737 5068 1065 5124 sacrificare
1116 5066 1326 5132 noluit,
1362 5083 1395 5120 a
1424 5066 1714 5135 Torquato
1763 5065 1975 5119 comite

332 5157 641 5230 capitalem
666 5157 1017 5214 sententiam
1041 5154 1280 5226 accepit.
1300 5154 1444 5208 Item
1470 5153 1662 5208 Romae
1678 5153 1769 5206 via
1789 5152 1976 5223 Appia

333 5248 566 5303 Coronae
596 5245 919 5302 etmilitum
944 5244 1204 5315 triginta,
1231 5243 1329 5313 qui
1352 5242 1461 5297 sub
1486 5240 1839 5296 Diocletiano
1864 5244 1973 5295 Au-

333 5342 507 5409 gusto
539 5352 643 5407 pro
674 5333 1035 5390 confessione
1058 5331 1401 5387 Christianae
1426 5330 1558 5385 fidei
1584 5330 1863 5402 martyrio
1885 5346 1975 5385 co-

333 5424 529 5480 ronari
562 5426 925 5479 meruerunt.
1556 5423 1570 5431 '

404 5510 466 5565 In
530 5514 787 5565 Caesarea
850 5506 1156 5579 metropoli
1221 5505 1616 5578 Cappadociae,
1686 5507 1973 5579 depositio

333 5601 392 5658 S.
426 5597 625 5655 Basilii
657 5596 932 5670 episcopi,
956 5597 1057 5668 qui
1090 5595 1368 5668 Regulam
1403 5595 1650 5649 fratrum
1681 5601 1737 5650 et
1787 5596 1975 5651 multa

332 5688 448 5749 alia
477 5686 649 5746 utilia
668 5684 1036 5761 conscripsit,
1055 5689 1111 5743 et
1134 5699 1311 5758 super
1328 5680 1514 5740 multa
1530 5681 1823 5741 mirabilia
1844 5700 1970 5756 quea

2082 4253 2403 4326 pergenita,
2436 4255 2491 4309 in
2525 4256 2734 4327 puerili
2767 4263 2929 4315 estate
2961 4265 3301 4331 constituta,
3334 4267 3483 4321 clam
3508 4284 3569 4322 se
3592 4272 3721 4323 ton-

2081 4342 2203 4397 deri
2237 4342 2456 4413 fecit,et
2490 4347 2876 4403 monasticam
2911 4349 3097 4405 vitam
3124 4354 3384 4425 expetiit,
3413 4355 3720 4426 Smaragdi

2082 4432 2193 4487 sibi
2228 4447 2435 4486 nomen
2469 4432 2795 4505 imponens.
2831 4437 2967 4492 Post
3016 4439 3193 4495 etiam
3244 4442 3301 4496 in
3351 4442 3722 4499 conclusione

2081 4520 2288 4593 viginti
2319 4526 2448 4575 octo
2482 4522 2652 4576 annis
2682 4523 2742 4577 in
2794 4526 2952 4579 omni
3003 4528 3315 4585 sanctitate
3367 4530 3718 4601 perdurans,

2082 4615 2239 4665 tacta
2260 4610 2645 4683 agrotationis
2666 4611 3059 4680 incommodo,
3082 4622 3137 4670 et
3157 4623 3403 4674 mortem
3429 4619 3722 4676 sibiades-

2083 4716 2144 4755 se
2162 4714 2537 4768 cognoscens,
2563 4698 2957 4756 manifestavit
2970 4720 3029 4758 se
3053 4704 3342 4777 religioso,
3368 4712 3425 4763 et
3448 4708 3722 4781 lacrym‘is

2084 4787 2384 4843 multoties
2417 4787 2697 4858 quaerenti
2731 4805 2791 4843 se
2814 4790 2938 4859 jam
2974 4793 3143 4863 patri.
3175 4795 3355 4867 Cujus
3403 4813 3618 4852 nomen
3666 4802 3724 4853 et

2083 4876 2444 4932 conversatio
2463 4879 2572 4931 sub
2589 4878 3065 4949 interpretatione
3082 4883 3428 4940 castissimae
3444 4885 3597 4957 apud
3613 4888 3723 4940 Ro-

2085 4982 2289 5019 manos
2318 4963 2563 5019 celebris
2595 4964 2862 5022 habetur.

2155 5053 2226 5109 1V
2252 5057 2395 5107 Non.
2428 5052 2557 5106 JAN.
2590 5084 2659 5092 —
2690 5054 2903 5110 Octava
2925 5060 3112 5115 sancti
3136 5061 3437 5133 Stephani.

2156 5143 2349 5197 Romaa
2379 5140 2709 5213 Telesphori
2744 5161 2926 5216 papae.
2952 5147 3379 5210 Quiconstituit
3413 5154 3475 5205 ut
3497 5154 3722 5222 septem

2083 5230 2550 5288 hebdomadibus
2572 5233 3232 5307 antePaschajejunium
3248 5238 3723 5306 celebraretur,et

2083 5325 2141 5379 in
2171 5319 2497 5377 Nativitatis
2528 5320 2758 5375 Domini
2792 5329 2958 5378 nocte
3006 5326 3189 5382 missa
3229 5328 3721 5399 frequentaretur,

2083 5417 2139 5469 et
2169 5411 2424 5481 hymnus
2446 5408 2767 5479 angelicus,
2798 5411 2854 5465 id
2889 5418 2979 5467 est
3010 5413 3199 5470 Gloria
3228 5419 3289 5471 in
3317 5417 3540 5472 excelsis
3588 5420 3721 5484 Deo,

2083 5502 2405 5557 caneretur.
2421 5496 2802 5553 Omniautem
2824 5499 3048 5573 reliquo
3072 5508 3353 5576 tempore,
3378 5504 3576 5560 nullus
3589 5510 3724 5561 ante

2082 5592 2284 5646 horam
2316 5586 2571 5653 tertiam,
2606 5602 2723 5658 qua
2756 5588 3043 5647 Dominus
3075 5594 3327 5649 traditur
3384 5593 3722 5664 cruciﬁxus,

2082 5681 2324 5738 missam
2356 5674 2647 5738 celebrare
2676 5686 3072 5749 praesumeret.
3105 5682 3211 5744 Hi0
3226 5683 3403 5745 etiam
3436 5682 3716 5762 martyrio
