4012 6198
328 364 479 429 1031

1221 359 1285 417 Β.
1335 359 1679 419 NOTKERI
1724 358 2058 422 BALBULI
2105 361 2169 421 S.
2218 360 2447 420 GALLI
2494 358 2842 420 MONACHI

3569 366 3732 428 1032

325 498 659 562 coronatus,
692 490 963 577 sepultus
982 489 1254 561 estjuxta
1274 505 1487 561 corpus
1509 489 1568 546 S.
1595 490 1746 545 Petri
1769 490 1828 545 in
1853 493 1967 546 Va-
1997 494 2053 562 Α
2080 491 2168 546 Ad
2190 491 2706 563 cujussepulcrum
2730 490 2916 547 multa
2937 492 3331 549 ostenduntur
3360 492 3653 551 miracula
3679 501 3741 551 et

332 586 545 641 ticano.

359 602 545 642 icano.
1084 604 1089 607 -

402 676 465 730 In
494 669 802 728 Anliochia
831 666 1105 724 Macharii
1127 666 1379 723 abbatis.
1402 669 1471 723 Et
1492 667 1550 723 in
1575 667 1756 724 Ponto
1774 667 1971 724 civita-

315 763 612 833 teTomis,
644 763 825 816 trium
853 758 1122 814 fratrum.
1156 757 1348 828 Argei,
1374 756 1627 812 Narcissi
1647 762 1704 813 et
1726 757 1971 813 Marcel-

314 852 418 907 lini
451 850 635 924 pueri.
670 850 813 905 Item
843 845 1039 903 Tomis
1072 844 1215 901 Phili
1238 845 1518 917 episcopi.
1544 846 1654 910 Qui
1678 847 1792 901 sub
1823 845 1970 901 Lici-

319 942 415 997 nio
443 944 665 997 Caesare
696 938 847 993 inter
876 937 1097 991 tirones
1119 934 1604 1007 comprehensus,
1630 952 1764 990 cum
1792 934 1972 990 nollet

314 1028 588 1099 militare,
620 1044 807 1084 casus
837 1027 911 1082 ad
945 1029 1216 1093 mortem,
1241 1023 1413 1078 etdiu
1438 1024 1494 1078 in
1522 1041 1755 1080 carcere
1781 1040 1969 1080 mace-

319 1121 502 1186 ratus,
535 1122 592 1173 et
618 1116 679 1173 in
693 1115 861 1188 cippo
875 1116 1115 1180 missus,
1146 1112 1354 1167 deinde
1381 1111 1439 1166 in
1453 1128 1614 1167 mare
1637 1112 1968 1181 demersus,

322 1206 666 1280 martyrium
689 1201 1138 1260 consummavit.
1154 1200 1333 1272 Cujus
1355 1217 1565 1272 corpus
1591 1202 1662 1257 ad
1690 1200 1853 1257 littus
1875 1202 1971 1257 de-

316 1300 524 1362 latum,
557 1297 616 1349 et
644 1310 678 1349 a
708 1290 995 1364 religiosis
1021 1289 1163 1346 viris
1195 1288 1552 1361 depositum,
1588 1290 1821 1362 magnis
1869 1306 1968 1345 co-

317 1387 518 1441 ruscat
546 1381 888 1439 virtutibus.

385 1473 620 1531 Viennae
651 1468 939 1543 depositio
971 1470 1027 1523 Β.
1064 1467 1340 1523 Florentii
1372 1467 1653 1540 episcopi.

395 1564 457 1619 In
483 1560 775 1618 territorio
806 1557 1204 1630 Lugdunensi,
1240 1558 1592 1613 monasterio
1622 1557 1967 1613 Jurensium

319 1654 381 1709 S.
397 1649 659 1724 Eugendi
681 1648 931 1717 abbatis,
947 1648 1114 1718 cujus
1126 1647 1241 1703 vita
1261 1647 1580 1703 virtutibus
1597 1652 1653 1703 et
1669 1646 1967 1703 miraculis

321 1741 497 1813 plena
525 1737 778 1795 refulsit.

389 1845 488 1901 III.
521 1844 666 1899 Non.
700 1842 934 1934 ιῖιιΝἲ-ο
962 1841 1175 1898 Octava
1204 1842 1394 1934 sancti
1418 1841 1660 1934 Joannis
1680 1839 1961 1934 Apostoli.
1997 1867 2045 1934 Β

388 1934 584 1990 Romae
622 1931 857 1988 Antheri
888 1948 1047 2004 papae
1071 1934 1128 1987 et
1158 1930 1451 2004 martyris,
1488 1929 1588 2003 qui
1647 1930 1964 1986 vicesimus

318 2028 453 2098 post
482 2028 548 2092 B.
573 2024 833 2090 Petrum,
867 2014 1173 2077 duodecim
1198 2020 1367 2076 annis
1390 2019 1535 2075 rexit
1558 2016 1966 2089 Ecclesiam,et

270 2186 281 2189 _
323 2118 650 2186 martyrum
670 2118 835 2184 gesta
854 2110 1167 2182 diligenter
1182 2109 1734 2181 exquisivit.Passus
1751 2107 1964 2163 estsub

322 2202 696 2271 Maximiano,
728 2205 784 2256 et
813 2201 873 2255 in
903 2199 1234 2255 coemeterio
1265 2196 1486 2253 Callisti
1537 2196 1825 2268 sepultus,
1876 2195 1965 2251 via

318 2291 527 2365 Appia.

388 2379 553 2453 Apud
599 2378 898 2435 Parisium
949 2380 1007 2432 Β.
1056 2376 1357 2432 Genovefaa
1407 2375 1675 2448 virginis,
1753 2390 1881 2446 quas
1930 2391 1964 2429 a

312 2470 674 2528 B.Germano
687 2465 1190 2523 Antissiodorensi
1213 2466 1487 2538 episcopo
1499 2464 1731 2522 Christo
1750 2464 1961 2533 dicata,

314 2557 680 2614 admirandis
703 2555 1020 2611 virtutibus
1051 2559 1109 2611 et
1130 2554 1431 2610 miraculis
1460 2554 1575 2610 late
1627 2552 1858 2620 claruit,
1909 2556 1965 2608 et

313 2662 504 2718 usque
524 2643 822 2716 octoginta
844 2660 1032 2699 annos
1060 2643 1120 2698 in
1163 2643 1380 2710 Christi
1430 2643 1715 2699 servitute
1768 2658 1965 2698 conse-

320 2736 471 2791 nuit.

395 2843 464 2900 II.
497 2842 643 2899 Non.
676 2840 807 2897 JAN.
844 2871 912 2881 —
934 2839 1157 2895 Octana
1187 2838 1615 2894 Innocentium.

387 2949 559 3021 Apud
591 2952 820 3005 Cretam
843 2944 1057 3001 natalis
1078 2943 1269 3000 sancti
1288 2943 1401 2998 Titi
1425 2942 1826 3014 apostolorum
1848 2942 1966 2998 dis-

351 3037 520 3093 inuli.
1848 3082 1853 3088 .

315 3054 368 3094 c1
415 3054 520 3093 un.
1848 3082 1853 3088 .

336 3167 341 3173 .
374 3054 453 3183 IIn
479 3124 675 3182 Africa
703 3128 1044 3181 sanctorum
1073 3119 1366 3194 Aquilini,.
1389 3119 1650 3191 Gemini,
1695 3121 1961 3194 Eugentii

315 3214 626 3289 [Eugenii],
650 3211 936 3278 Martiani,
970 3209 1192 3277 Quinti,
1245 3208 1551 3280 Theodoti,
1603 3209 1954 3292 Tryphonis,
1986 3226 2030 3290 ρ

315 3303 903 3379 praaclarissimorum
927 3303 1252 3371 martyrum
1265 3340 1277 3352 .

386 3394 603 3451 Eodem
636 3392 730 3448 die
761 3389 915 3462 apud
947 3389 1150 3444 urbem
1176 3391 1420 3442 Romam
1445 3390 1780 3443 sanctorum
1804 3404 1958 3444 mar-

311 3488 505 3556 tyrum
529 3481 711 3538 Prisci
734 3478 1060 3553 presbyteri
1089 3481 1147 3532 et
1178 3475 1526 3532 Priscilliani
1548 3476 1763 3543 clerici,
1788 3480 1960 3549 atque
2000 3512 2013 3517 -

308 3570 636 3627 Benedictis
668 3567 951 3640 religiosis
985 3565 1237 3632 feminm,
1278 3564 1376 3634 qui
1429 3569 1693 3636 tempore
1739 3564 1959 3620 Juliani

313 3658 635 3733 impissimi
666 3655 921 3729 Augusti
951 3654 1141 3728 gladio
1173 3653 1520 3725 martyrium
1552 3658 1920 3726 peregerunt.

378 3767 527 3821 ltem
560 3764 718 3837 apud
749 3763 995 3819 Romam
1026 3762 1210 3817 beatae
1241 3759 1562 3827 Daphrosas
1619 3761 1816 3815 uxoris
1847 3761 1957 3816 Fa-

312 3853 471 3910 biani
491 3852 918 3925 martyris,quae
933 3855 1063 3922 post
1084 3848 1524 3905 damnationem
1547 3848 1700 3903 beati
1721 3848 1825 3903 viri
1840 3849 1954 3915 sui,

305 3943 565 4015 primum
596 3941 855 4014 relegata
884 3939 1110 4007 exsilio,
1141 3938 1353 3995 deinde
1384 3937 1457 3993 ab
1488 3936 1670 4009 impio
1712 3936 1955 3993 luliano

293 4031 470 4103 jussa
501 4033 593 4087 est
622 4030 812 4101 capite
842 4026 1063 4100 puniri.

373 4137 586 4193 Eodem
609 4137 705 4192 die
727 4134 1006 4190 nativitas
1025 4132 1350 4204 Theogenis
1395 4132 1693 4205 martyris,
1715 4132 1815 4204 qui
1838 4132 1947 4188 sub

301 4224 525 4283 Licinio
556 4227 777 4281 Caesare
806 4239 910 4294 per
941 4221 1261 4277 Licentium
1296 4220 1595 4276 tribunum
1623 4220 1953 4292 passionem

304 4314 631 4388 complevit.
665 4319 732 4369 In
782 4310 1158 4384 Hellesponto
1199 4309 1457 4382 primum
1507 4311 1659 4365 inter
1703 4314 1955 4382 quatuor

307 4403 616 4461 columnas
644 4408 868 4469 tensus,
896 4400 1155 4456 fustibus
1177 4416 1362 4455 caesus
1383 4403 1491 4470 est,
1518 4398 1727 4455 deinde
1752 4401 1809 4455 in
1833 4416 1956 4456 car-

308 4508 499 4549 cerem
530 4493 771 4564 missus,
805 4494 871 4546 ut
899 4490 979 4546 ibi
1009 4490 1162 4545 fame
1208 4487 1494 4542 interiret.
1558 4489 1668 4544 Sed
1728 4493 1951 4549 Domini

304 4582 523 4653 pietate
549 4558 831 4637 invisibili
861 4578 990 4635 cibo
1019 4577 1238 4634 ibidem
1270 4593 1375 4650 per
1404 4577 1796 4650 quadraginta
1826 4582 1951 4641 dies
1979 4558 2043 4656 Ι).

303 4674 601 4741 pastus.ln
616 4669 893 4725 laudibus
907 4668 1005 4722 Dei
1019 4666 1254 4722 assidue
1268 4666 1652 4721 manebat.Ad
1673 4667 1945 4727 ultimum

302 4773 435 4814 vero
458 4757 518 4812 in
538 4772 699 4812 mare
724 4757 964 4825 missus,
990 4755 1399 4827 martyrizavit.
1424 4755 1606 4819 Quem
1647 4756 1948 4829 Eutychus

300 4850 358 4902 et
379 4843 730 4902 Eustochius
751 4849 809 4901 et
834 4844 1060 4901 Zeticus
1083 4843 1356 4900 tollentes
1402 4843 1473 4898 de
1505 4842 1699 4899 littore
1745 4849 1944 4920 maris,

299 4933 656 5007 sepelierunt
684 4932 744 4988 in
778 4934 901 4989 foro
936 4931 1318 5004 Hellesponti.

371 5043 503 5114 Ipso
526 5041 619 5097 die
648 5039 846 5114 passio
878 5038 1029 5095 Petri
1058 5038 1371 5111 agnomina
1398 5036 1673 5108 Balsami,
1703 5042 1802 5113 qui
1833 5045 1943 5101 sub

298 5129 651 5186 Maximiano
674 5130 1265 5201 imperatore,agente
1286 5126 1494 5183 Severo
1515 5128 1783 5202 praeside,
1808 5149 1941 5189 sus-

296 5235 516 5292 pensus
539 5222 596 5275 et
616 5217 855 5293 ungulis
881 5217 1190 5282 laceratus,
1223 5215 1295 5270 ad
1316 5219 1645 5272 extremum
1664 5234 1800 5275 vero
1815 5221 1941 5293 gla-

297 5307 397 5364 dio
423 5324 739 5382 percussus
751 5312 860 5380 est,
884 5310 942 5363 et
959 5305 1018 5361 in
1040 5303 1268 5360 Aulona
1288 5303 1518 5360 civitate
1540 5305 1805 5378 sepultus
1829 5315 1939 5366 est.

371 5415 581 5473 Eodem
613 5415 707 5472 die
728 5413 923 5489 passio
944 5412 1183 5469 Luciani
1207 5411 1529 5484 presbyteri
1552 5417 1608 5468 et
1628 5416 1899 5489 martyris
1923 5435 1937 5474 :

298 5504 399 5576 qui
424 5505 646 5562 missus
667 5522 701 5560 a
720 5504 905 5560 Roma
924 5502 1239 5575 praedicare
1260 5500 1502 5557 verbum
1516 5500 1616 5558 Dei
1632 5502 1690 5557 in
1713 5503 1937 5575 Galliis,

295 5597 429 5665 post
449 5592 771 5649 multorum
787 5591 1224 5649 conversionem
1249 5591 1320 5645 ad
1334 5589 1630 5646 Christum
1646 5592 1704 5646 in
1719 5592 1940 5652 eisdem

295 5678 560 5760 partibus
590 5682 700 5743 sub
729 5680 967 5741 Juliano
991 5679 1340 5754 imperatore
1367 5678 1556 5755 capite
1589 5678 1794 5752 plcxus
1823 5689 1934 5745 est.

2082 580 2362 637 sanitates
2393 579 2659 653 plurimae
2688 581 2855 637 ﬁunt.

2154 687 2299 743 Non.
2331 688 2460 743 JAN.
2494 719 2563 729 —
2592 687 2806 761 Vigilia
2835 688 3248 760 Theophaniae.

2129 767 2563 850 ’Hierosolymaa
2585 777 2868 849 depositio
2888 782 2943 833 Β.
2970 778 3259 834 Simeonis
3278 780 3606 853 prophetis,
3632 785 3735 856 qui

2080 866 2597 922 DominumJesum
2628 866 2923 922 Christum
2957 867 3209 939 Spiritus
3240 871 3429 924 sancti
3464 870 3735 929 illustra-

2081 954 2238 1011 tione
2260 954 2577 1026 cognitum,
2612 957 2682 1011 de
2706 956 2978 1012 manibus
2997 962 3306 1028 parentum
3323 958 3382 1012 in
3401 959 3734 1019 ulnassuas

2080 1044 2321 1115 accepit,
2361 1049 2420 1100 et
2457 1061 2572 1099 non
2623 1044 2813 1100 solum
2847 1045 2917 1099 de
2938 1062 3022 1112 eo,
3056 1047 3157 1100 sed
3189 1052 3245 1101 et
3275 1049 3347 1102 de
3378 1054 3571 1105 matre
3600 1053 3732 1121 ejus

2079 1133 2278 1188 futura
2299 1132 2544 1205 mystico
2577 1149 2844 1189 sermone
2875 1136 3287 1206 praenuntiavit
3316 1139 3471 1208 (Luc.
3497 1141 3584 1211 ιι).

2148 1222 2316 1292 Apud
2349 1221 2739 1293 Antiochiam,
2764 1223 3047 1295 depositio
3074 1225 3260 1280 sancti
3285 1227 3582 1284 Simeonis
3602 1247 3731 1285 mo-

2079 1308 2270 1378 nachi,
2303 1311 2662 1366 admirandae
2694 1310 2925 1366 virtutis
2955 1312 3081 1368 viri.
3114 1312 3221 1376 Qui
3270 1316 3448 1371 tertio
3499 1317 3729 1375 decimo

2079 1398 2264 1454 aetatis
2295 1415 2468 1470 anno,
2502 1399 2638 1455 huic
2666 1399 2877 1455 saeculo
2900 1400 3341 1473 abrenuntians,
3383 1407 3726 1462 monasterii

2079 1485 2337 1544 claustra
2365 1488 2622 1561 expetiit.
2649 1488 2756 1543 Ubl
2781 1488 2933 1544 mira
2954 1488 3333 1563 abstinentia,
3355 1492 3452 1548 vix
3474 1496 3729 1567 septimo

2079 1576 2173 1633 die
2204 1576 2399 1632 cibum
2428 1576 2537 1631 sibi
2569 1576 2902 1648 indulgens,
2925 1576 3271 1634 Psalterium
3296 1581 3454 1637 intra
3473 1590 3731 1654 quatuor

2079 1682 2311 1721 menses
2342 1665 2545 1721 didicit
2571 1691 2585 1734 ;
2617 1666 2825 1721 deinde
2847 1667 3030 1722 nimia
3050 1667 3329 1723 domandi
3353 1673 3615 1743 corporis
3631 1673 3728 1728 in-

2076 1754 2354 1822 tentione,
2389 1755 2524 1810 fune
2548 1754 2807 1826 palmitio
2829 1771 2995 1811 renes
3016 1756 3130 1811 sibi
3152 1759 3585 1832 constringens,
3606 1762 3724 1817 du-

2079 1844 2220 1899 riter
2249 1843 2505 1899 laniatus
2531 1847 2640 1899 est.
2674 1842 2837 1898 Unde
2869 1843 2928 1899 in
2959 1845 3214 1916 quodam
3249 1852 3419 1917 puteo
3439 1866 3501 1904 se
3532 1850 3725 1906 reclu-

2075 1932 2347 1997 dens,sed
2370 1949 2438 1988 ex
2458 1947 2524 1988 eo
2546 1949 2579 1987 a
2601 1932 2879 1988 fratribus
2891 1931 3172 1989 violenter
3193 1936 3268 1990 ad
3292 1939 3715 1995 monasterium

2075 2022 2373 2092 reductus,
2405 2019 2558 2077 clam
2591 2021 2822 2093 fugiens
2845 2037 3109 2078 eremum
3140 2024 3325 2096 petiit.
3370 2025 3471 2081 Ubi
3518 2027 3716 2084 multo

2074 2114 2470 2166 commoratus
2499 2114 2781 2182 tempore,
2813 2111 2870 2165 in
2902 2111 3177 2168 columna
3208 2113 3458 2180 editiori,
3490 2117 3719 2172 sancti-

2073 2204 2190 2255 tate
2225 2199 2466 2267 fervens,
2495 2215 2558 2255 se
2587 2200 2893 2255 conclusit.
2930 2201 3033 2257 Ubi
3065 2218 3180 2257 non
3206 2203 3377 2259 modo
3427 2209 3721 2262 extranea

2074 2287 2327 2356 mulieri,
2353 2287 2449 2343 sed
2481 2303 2586 2343 nec
2617 2287 2862 2360 proprias
2894 2290 3086 2357 matri,
3119 2306 3182 2345 se
3201 2290 3394 2347 videre
3418 2295 3715 2365 permisit.

2074 2380 2339 2450 Etusque
2360 2376 2533 2433 hodie
2554 2376 2859 2434 basilicam
2880 2376 3341 2437 columnaeillius
3357 2382 3719 2440 feminarum

2073 2465 2236 2521 nulla
2266 2466 2614 2537 ingreditur.
2638 2466 2783 2520 Nam
2806 2467 3073 2537 quaedam
3097 2468 3311 2531 mulier
3326 2475 3489 2526 veste
3514 2471 3724 2529 induta

2070 2555 2223 2611 virili
2253 2554 2478 2627 ingredi
2500 2554 2701 2619 voluit,
2735 2555 2835 2610 sed
2868 2572 3000 2611 mox
3030 2560 3094 2611 ut
3125 2555 3306 2613 limen
3348 2559 3575 2632 attigit,
3628 2577 3722 2616 re-

2072 2651 2329 2700 trorsum
2364 2648 2599 2698 mortua
2628 2643 2857 2698 cecidit.

2144 2734 2207 2789 1n
2237 2732 2429 2788 Africa
2448 2731 2675 2802 Felicis,
2708 2733 2978 2803 Secundi,
3011 2733 3271 2804 Honorii,
3294 2737 3720 2810 Luciani,Can-

2071 2821 2216 2889 didi,
2246 2820 2534 2877 Januarii.
2561 2819 2919 2892 Telesphori,
2952 2823 3222 2899 Jocundi,
3255 2829 3607 2885 Anastasis.

2142 2926 2287 2981 VIII.
2320 2926 2402 2980 In.
2433 2926 2562 2981 JAN.
2587 2957 2656 2966 —
2685 2926 3010 2999 Epiphania
3041 2928 3269 2984 Domini
3297 2948 3310 2985 :
3345 2935 3509 3004 quod
3544 2935 3720 2993 inter-

2072 3017 2333 3087 pretatur
2354 3015 2745 3085 mani/estalio.
2768 3016 2935 3086 Apud
2966 3016 3259 3074 Romanos
3283 3026 3487 3077 autem
3514 3026 3718 3082 eadem

2070 3103 2356 3160 festivitas
2382 3102 2762 3176 Theophania
2790 3104 3146 3174 nominatur,
3190 3112 3255 3162 ut
3302 3126 3373 3164 ex
3424 3117 3718 3185 composi-

2071 3192 2227 3267 tione
2258 3192 2536 3260 nominis,
2561 3193 2717 3265 quod
2746 3192 2931 3249 Deisit
2953 3197 3713 3271 apparatiomanifestetur.

2071 3283 2193 3346 Quo
2223 3280 2491 3337 videlicet
2513 3282 2605 3336 die
2636 3281 2813 3355 magi,
2838 3283 3010 3353 juxta
3041 3268 3405 3355 prophetiam
3456 3268 3716 3363 Balaam,

2070 3371 2241 3442 cujus
2272 3386 2637 3427 successores
2658 3374 2843 3438 erant,
2878 3369 3164 3449 dicentis:
3188 3373 3429 3448 .Orz’etur
3454 3362 3624 3434 stella
3648 3362 3719 3436 es

2067 3461 2232 3516 Jacob
2253 3468 2303 3515 et
2332 3467 2619 3530 consurget
2638 3461 2792 3531 virga
2821 3459 2887 3514 de
2910 3460 3101 3528 Israel,
3130 3466 3181 3515 et
3226 3468 3498 3532 perc-utra
3545 3469 3714 3524 duces

2068 3550 2259 3614 Moab,
2288 3549 2628 3620 vastabitque
2655 3564 2838 3604 omnes
2866 3550 3012 3619 ﬁlios
3039 3549 3191 3615 Selh,
3221 3554 3272 3606 et
3300 3556 3414 3607 erit
3467 3555 3717 3613 Idumam

2065 3639 2322 3709 possessio
2353 3638 2472 3713 ejus
2526 3637 2708 3707 (Num.
2769 3638 2959 3708 xxxv);
3012 3642 3069 3692 et
3117 3638 3366 3695 iterum:
3415 3648 3493 3697 De
3539 3646 3712 3700 Iacob

2068 3728 2175 3781 erit
2207 3728 2304 3798 qui
2329 3725 2712 3801 dominetur,“
2727 3725 2925 3797 perdat
2948 3728 3224 3799 reliquias
3241 3731 3467 3785 civitatis
3487 3732 3700 3804 (ibat),

2065 3815 2331 3871 videlicet
2350 3817 2450 3881 Ar,
2474 3830 2601 3886 quae
2626 3831 2781 3870 nunc
2802 3816 3104 3888 AreOpolis
3126 3818 3363 3879 dicitur:
3392 3836 3460 3874 ex
3477 3820 3713 3879 visione

2066 3903 2371 3975 incognitae
2403 3903 2567 3974 prius
2597 3902 2778 3958 stellae
2797 3903 2856 3958 in
2879 3905 3024 3960 hora
3046 3906 3369 3963 nativitatis
3392 3910 3625 3965 Domini
3648 3912 3717 3967 in

2064 3992 2306 4057 oriente,
2338 3991 2396 4046 id
2426 3996 2515 4047 est
2565 3992 2743 4062 domi,
2796 3992 3262 4067 Hierosolymam
3313 4014 3519 4055 versus
3566 4016 3715 4055 con-

2070 4085 2303 4153 spectas,
2337 4080 2397 4135 in
2436 4081 2639 4137 eadem
2688 4081 2847 4153 regia
2878 4082 3110 4139 civitate
3142 4101 3212 4140 ex
3250 4086 3564 4159 prophetia
3604 4089 3714 4145 Mi-

2062 4172 2230 4226 chaaae
2265 4171 2332 4226 de
2361 4169 2484 4226 loco
2517 4169 2836 4227 nativitatis
2860 4171 3075 4228 Christi
3106 4174 3327 4230 certius
3360 4177 3581 4246 edocti,
3604 4179 3720 4234 du-

2063 4265 2197 4315 catu
2228 4259 2491 4329 ejusdem
2524 4257 2705 4315 etellee
2743 4259 2803 4314 in
2834 4260 3170 4317 Bethlebem
3205 4279 3456 4334 puerum
3505 4267 3718 4324 Jesum

2062 4365 2196 4406 cum
2220 4347 2404 4403 Maria
2426 4352 2613 4403 matre
2635 4348 3135 4417 suainvenientes,
3159 4352 3427 4424 mysticis
3451 4357 3722 4412 muneri-

2061 4438 2172 4494 bus
2200 4436 2505 4492 adoratum
2534 4436 2789 4491 venerati
2822 4442 2978 4493 sunt.
3012 4440 3173 4504 Quod
3205 4439 3343 4497 licet
3369 4442 3571 4499 divino
3619 4445 3720 4500 in-

2061 4526 2279 4582 stinctu
2300 4525 2573 4580 credatur
2592 4524 2920 4592 actitatum,
2946 4532 3009 4583 ut
3030 4533 3233 4601 gentes
3258 4546 3385 4602 quae
3411 4531 3470 4585 in
3494 4534 3721 4592 vicinio

2058 4619 2246 4679 erant,
2281 4613 2603 4669 nativitatis
2618 4614 2931 4671 Dominicis
2962 4633 3028 4671 ac
3052 4618 3404 4691 prophetica
3427 4621 3723 4680 doctrinae

2053 4704 2174 4774 jam
2205 4707 2347 4758 tunc
2380 4702 2692 4775 participes
2717 4704 2940 4773 ﬁerent,
2956 4709 3154 4762 tamen
3173 4705 3455 4764 historica
3476 4712 3725 4769 ratione

2058 4797 2114 4849 et
2133 4792 2488 4866 temporaria
2507 4791 2721 4848 Christi
2745 4793 3187 4866 dispensatione
3211 4814 3324 4853 non
3353 4803 3536 4867 caret,
3563 4805 3635 4856 ut
3658 4808 3725 4859 et

2058 4881 2448 4938 Moabitarum
2495 4882 2674 4938 duces
2719 4884 2875 4954 apud
2926 4890 3200 4955 parentes
3250 4888 3509 4959 suspecti
3588 4889 3720 4947 sibi

2056 4971 2352 5042 quondam
2373 4970 2526 5043 regis
2540 4971 2884 5027 muneribus
2902 4972 3115 5029 oblatis
3137 4974 3391 5048 gratiam
3416 4975 3496 5030 im
3504 4983 3720 5048 petra-

2056 5064 2205 5128 rent,
2239 5063 2297 5115 et
2326 5059 2530 5115 eadem
2562 5075 2809 5115 munera
2838 5061 2910 5115 ad
2941 5064 3479 5135 peregrinationem
3530 5065 3721 5141 Egy-

2054 5149 2236 5221 ptiam
2287 5148 2648 5221 prodessent.
2700 5149 2900 5222 Neque
2953 5152 3109 5207 enim
3158 5152 3337 5208 iidem
3389 5154 3549 5227 magi
3601 5164 3719 5213 aut

2053 5236 2435 5304 Chaldaei,aut
2458 5236 2602 5310 Indi,
2626 5242 2727 5293 aut
2747 5238 2998 5311 denique
3019 5240 3394 5313 Persaejuxta
3405 5245 3715 5315 quosdam

2052 5327 2307 5397 fuerunt,
2333 5330 2389 5382 et
2409 5325 2589 5381 altero
2616 5325 2702 5383 vel
2724 5330 2892 5385 tertio
2915 5329 3240 5387 nativitatis
3279 5331 3511 5388 Domini
3544 5351 3712 5391 anno

2050 5432 2186 5472 eum
2217 5415 2579 5471 adorandum
2609 5419 3028 5485 venerunt,sed
3062 5425 3163 5497 aut
3187 5419 3453 5475 Moabitae
3476 5426 3543 5476 et
3562 5424 3707 5478 Am-

2050 5506 2284 5562 monitaa
2307 5504 2426 5561 sive
2446 5505 2791 5575 Madianitze,
2813 5512 3014 5563 sancto
3045 5508 3394 5578 Hieronymo
3410 5508 3468 5563 id
3494 5509 3704 5581 ipsum

2049 5593 2428 5665 astipulante,
2451 5594 2690 5650 ettertio
2706 5595 2931 5671 decimo
2954 5596 3279 5653 nativitatis
3302 5584 3701 5669 ejugdiemon

2048 5681 2439 5742 inJerdsalem
2452 5681 2765 5741 sublimem
2778 5685 2931 5745 sicut
2940 5687 3421 5762 putaverunt,sed
3441 5685 3499 5744 in
3519 5687 3700 5749 Beth-
