4012 6198
312 354 467 415 1033

1356 346 2071 410 MAR'l‘YHOLUGlUM.
2106 379 2181 391 —-
2209 347 2447 410 MENS.
2494 349 2662 409 JAN.

3561 360 3719 421 1034

311 486 505 542 lehem
547 484 831 542 humilem
862 484 1055 539 studio
1087 482 1411 539 devotionis
1444 481 1724 549 invenire,
1756 486 1813 536 et
1844 481 1963 552 spi-
1996 491 2051 554 Α
2080 485 2410 550 parentum,
2436 496 2537 551 pro
2561 497 2626 535 eo
2658 480 2810 552 quod
2837 486 3003 538 erant
3050 483 3227 548 unici,
3290 486 3605 545 renitentes
3660 497 3719 549 et

312 575 503 630 rituali
538 573 1004 630 remuneratione
1033 572 1237 627 donari
1270 576 1630 627 meruerunt.

378 665 600 719 Eodem
632 663 725 718 die
756 663 950 733 passio
981 666 1196 718 sanctae
1228 662 1431 716 Macran
1462 659 1729 732 virginis,
1779 675 1956 730 quam

309 768 443 807 eum
477 753 791 807 Ricovarus
821 751 1233 821 [Rictiovarus]
1266 767 1479 821 praeses
1510 749 1768 821 torqueri
1798 754 1855 803 et
1898 748 1957 802 in

310 840 505 912 ignem
522 840 865 911 praecipitari
884 838 1378 910 jussisset,illassa
1391 836 1958 910 permansit.Deinds

308 927 587 983 mamillis
617 928 916 994 abscissis,
948 933 1005 983 et
1034 927 1305 997 squalore
1336 927 1584 982 carceris
1609 926 1957 996 afﬂicta,su-

307 1033 410 1088 per
446 1021 627 1073 testas
676 1017 1051 1072 acutissimas
1102 1021 1159 1072 et
1207 1032 1427 1087 prunas
1479 1014 1737 1071 volutata
1782 1030 1961 1069 orans

310 1106 580 1178 migravit
608 1107 681 1161 ad
712 1106 1054 1161 Dominum.

382 1196 443 1250 In
473 1196 688 1265 Africa,
721 1195 895 1263 Flori,
939 1195 1209 1261 Jocundi,
1264 1194 1440 1261 Petri,
1488 1192 1687 1261 Marci,
1739 1192 1958 1260 Acutii,

307 1285 621 1341 Januariae.

380 1376 443 1429 In
472 1375 657 1446 Syria,
688 1377 905 1429 sancta
932 1373 1273 1429 Anastasian.

380 1462 647 1519 Medonis
681 1462 1019 1531 [Rhedonis]
1053 1462 1327 1517 nativitas
1359 1460 1721 1517 etordinatio
1747 1460 1964 1531 episco-

311 1556 505 1623 patus,
538 1569 603 1607 ac
624 1551 911 1607 transitus
949 1550 1135 1606 sancti
1162 1550 1369 1605 Melani
1392 1549 1671 1621 [Melanii]
1706 1549 1962 1621 episcopi

309 1645 370 1695 et
404 1640 775 1696 confessoris.
809 1639 990 1710 Cujus
1021 1639 1249 1711 corpori
1280 1636 1651 1711 superposita
1674 1638 1733 1692 in
1755 1638 1964 1693 mediis

312 1730 547 1801 ignibus
577 1728 759 1784 illaesa
788 1732 1017 1801 reperta
1044 1734 1135 1783 est
1168 1726 1339 1799 palla.

2072 568 2235 623 inviti
2269 570 2635 639 specietenus
2667 570 2725 623 in
2758 572 3030 642 conjugio
3047 570 3431 643 copuiati,sed
3466 582 3712 636 sanctis-

2070 659 2217 713 simo
2249 665 2376 712 volo
2412 677 2511 730 per
2535 658 2760 730 aliquot
2805 677 2991 715 annos
3015 661 3229 732 pariter
3268 664 3323 717 in
3382 666 3716 737 virginitate

2072 752 2392 813 manentes,
2429 748 2784 803 monasteria
2805 750 2876 804 de
2908 750 3082 805 rebus
3114 751 3237 807 suis
3280 752 3338 806 in
3396 754 3713 813 Antiochia)

2070 836 2406 907 municipiis
2438 837 2840 905 instituerunt,
2876 838 2959 893 ita
2990 839 3176 895 multa
3206 847 3263 896 et
3294 842 3713 916 frequentia,ut

2069 925 2340 981 Julianus
2373 925 2443 980 ad
2476 926 2673 981 decem
2698 927 2881 982 millia
2902 929 3324 986 monachorum
3344 936 3541 1001 Pater;
3559 935 3716 991 Basi-

2070 1013 2211 1070 lissa
2243 1031 2376 1070 vero
2408 1014 2728 1070 multarum
2750 1016 3044 1088 virginum
3066 1017 3250 1074 Mater
3264 1020 3717 1089 existeret.Quas

2071 1108 2205 1159 ante
2236 1103 2300 1159 se'
2327 1104 2399 1159 ad
2432 1120 2678 1175 regnum
2703 1104 2981 1161 caelorum
3040 1109 3423 1179 praemittens,
3481 1116 3537 1167 et
3588 1112 3720 1185 ipsa

2072 1193 2473 1265 subsequitur.
2505 1193 2778 1250 Julianus
2803 1211 2934 1250 vero
2964 1198 3341 1267 postmodum
3377 1217 3411 1254 a
3434 1200 3720 1258 Martiano

2073 1282 2316 1353 praeside
2338 1283 2715 1353 perquiritur.
2750 1285 2871 1349 Quo
2890 1290 3149 1357 tempore
3173 1287 3361 1343 rabies
3383 1289 3723 1346 crudelissi-

2074 1388 2190 1436 ma,
2215 1372 2287 1427 ad
2318 1373 2790 1444 persequendum
2822 1378 3057 1429 sanctos
3088 1375 3187 1430 Dei
3222 1377 3332 1432 sub
3368 1378 3721 1435 Diocletiano

2074 1465 2130 1515 et
2147 1460 2497 1516 Maximiano
2530 1462 2933 1529 exardescens,
2968 1463 3409 1521 multitudinem
3454 1472 3723 1525 sacerdo-

2077 1554 2197 1603 tum
2214 1553 2269 1604 et
2283 1549 2686 1605 ministrorum
2703 1550 2967 1607 Ecclesiae
2984 1551 3197 1607 Christi
3214 1560 3447 1626 propter
3460 1556 3731 1613 immani-

2073 1642 2253 1693 tatem
2274 1638 2694 1709 persecutionis
2714 1640 2783 1693 ad
2818 1657 2951 1695 eum
2985 1641 3296 1713 confugere
3327 1645 3535 1715 coegit.
3559 1646 3723 1702 Com-

2073 1727 2397 1798 prehensus
2424 1727 2621 1797 itaque
2642 1744 2773 1782 cum
2807 1728 2915 1784 hac
2949 1730 3169 1801 ingenti
3193 1731 3571 1789 multitudine
3598 1735 3723 1806 ipse

378 1818 476 1872 VII
508 1818 587 1872 lo.
620 1818 750 1872 ΜΝ.
773 1847 842 1857 --
890 1816 1114 1872 Relatio
1177 1816 1340 1887 pueri
1381 1816 1520 1871 Jesu
1589 1832 1657 1871 ex
1688 1819 1954 1887 Egypto.
1990 1866 2032 1887 η
2072 1815 2337 1887 praesidis
2367 1816 2676 1871 audientiae
2708 1821 2797 1871 cst
2828 1822 3176 1885 reservatus,
3211 1822 3400 1877 caeteri
3431 1822 3582 1877 servi
3624 1823 3724 1877 Dei

508 1866 587 1872 ---
623 1866 750 1872 --υ-
890 1866 1109 1872 --ν-ππ
1179 1866 1340 1887 τ-νη
1384 1866 1520 1871 --η
1594 1866 1657 1871 νη
1688 1866 1953 1887 won—ﬂ
2073 1866 2334 1887 rnm-
2369 1866 2671 1871 πηηηπ
2712 1866 2795 1871 η-
2828 1866 3176 1885 --η-.-κη
3213 1866 3400 1877 νυν-ν..
3431 1866 3582 1877 η...
3624 1866 3724 1877 νυ.

310 1909 376 1962 Et
407 1906 681 1962 nativitas
719 1906 906 1963 sancti
960 1904 1199 1961 Luciani
1257 1904 1629 1960 Antiochense
1687 1904 1959 1960 Ecclesiae
1989 1866 2033 1928 Β
2055 1905 2231 1976 jussu
2263 1904 2654 1960 crudelissimi
2677 1906 2842 1961 ducis
2877 1923 3125 1962 accenso
3156 1908 3517 1981 igne,eisque
3537 1929 3724 1984 appo-

307 1995 623 2068 presbyleri
656 2001 715 2051 et
746 1994 1039 2067 martyris,
1072 1995 1179 2049 viri
1225 1994 1553 2050 doctissimi
1602 1999 1776 2065 atque
1834 1992 1955 2047 elo-

308 2085 700 2155 quentissimi,
720 2084 819 2155 qui
845 2083 1193 2140 Nicomediae
1208 2084 1281 2138 ob
1294 2083 1719 2139 confessionem
1742 2082 1957 2137 Christi

308 2191 541 2245 passus,
561 2173 692 2228 etin
718 2179 971 2243 quatuor
987 2178 1181 2245 partes
1210 2172 1499 2228 dissectus
1532 2172 1865 2243 est:quibus
1897 2171 1956 2226 in

308 2260 560 2334 singulis
590 2261 889 2333 lapidibus
920 2261 1127 2334 legatis
1157 2266 1213 2316 et
1234 2260 1292 2315 in
1324 2277 1483 2315 mare
1514 2261 1819 2331 demersis,
1844 2260 1957 2315 alia

307 2351 398 2405 die
428 2350 763 2423 HelenOpoli
794 2348 1073 2422 Bithyniae
1106 2350 1397 2422 integrum
1420 2366 1631 2421 corpus
1656 2366 1788 2405 cum
1812 2349 1956 2421 ipsis

306 2439 602 2511 lapidibus
634 2441 937 2495 inventum
962 2439 1278 2493 honorifice
1311 2437 1608 2509 sepultum
1640 2442 1749 2493 est.
1770 2438 1953 2501 Quam

308 2530 512 2585 urbem
545 2545 678 2583 cum
711 2528 875 2600 prius
906 2527 1173 2599 Drepana
1198 2531 1519 2593 vocaretur,
1566 2527 1624 2580 in
1674 2526 1951 2581 honorem

307 2619 573 2688 ejusdem
608 2616 880 2689 martyris
906 2615 1322 2672 Constantinus
1354 2616 1669 2688 imperator
1728 2614 1954 2671 instau-

308 2724 445 2763 rans
475 2723 542 2762 ex
573 2706 808 2762 nomine
851 2706 1058 2761 matris
1106 2721 1228 2761 suae
1286 2703 1680 2776 Helenopolim
1734 2722 1955 2761 nuncu-

306 2798 484 2869 pavit.

379 2886 519 2940 Item
553 2884 708 2956 apud
742 2883 1107 2939 Antiochiam
1142 2883 1204 2937 B.
1248 2881 1396 2937 Cleri
1428 2881 1677 2950 diaconi,
1730 2883 1829 2953 qui
1879 2884 1951 2939 ob

306 2973 733 3029 confessionem
765 2972 978 3027 Christi
1012 2973 1225 3043 septies
1257 2976 1467 3039 tortus,
1514 2976 1570 3027 et
1615 2971 1673 3025 in
1724 2988 1953 3027 carcere

304 3063 404 3117 diu
436 3066 785 3132 maceratus,
819 3062 890 3116 ad
919 3061 1193 3116 ultimum
1227 3060 1548 3115 decollatus
1604 3060 1951 3133 martyrium

303 3150 759 3207 consummavit.

2065 1995 2198 2063 sito,
2228 1995 2286 2048 in
2322 2011 2437 2064 quo
2463 1994 2864 2050 consistebant
2895 1994 3019 2050 loco
3050 2000 3388 2069 consumpti
3418 2006 3578 2057 sunt.
3605 2002 3719 2056 Ubi

2064 2085 2136 2138 ad
2189 2084 2676 2138 commodandam
2736 2084 3308 2157 [commendandam]
3400 2089 3718 2159 pretiosam

2066 2178 2313 2229 mortem
2346 2179 2703 2239 sanctorum,
2738 2174 2925 2239 tertia,
2960 2180 3142 2245 sexta,
3178 2192 3350 2239 nona,
3384 2178 3485 2231 sed
3515 2182 3571 2232 et
3625 2195 3718 2233 ve-

2063 2263 2324 2333 spertina
2355 2262 2518 2332 hora,
2553 2262 2931 2333 psallentium
2965 2264 3080 2318 Deo
3113 2264 3273 2319 chori
3307 2264 3576 2321 feruntur
3614 2283 3722 2321 au-

2063 2351 2188 2405 diti.
2226 2353 2438 2406 Beatus
2470 2356 2666 2406 autem
2698 2350 2972 2407 Julianus
3002 2352 3258 2423 primum
3290 2355 3528 2409 auditus
3587 2356 3719 2427 rigi-

2063 2440 2327 2495 dissimis
2360 2441 2616 2495 fustibus
2646 2457 2836 2495 caesus
2894 2446 3003 2496 est.
3064 2441 3328 2512 Cumque
3377 2444 3715 2510 cmderetur,

2068 2546 2218 2583 unus
2266 2529 2694 2596 ministrorum,
2751 2529 2981 2600 praesidi
3034 2531 3419 2601 necessarius,
3478 2532 3717 2588 oculum

2064 2618 2280 2683 amisit,
2315 2635 2515 2689 quem,
2541 2623 2599 2673 Β.
2634 2617 2867 2673 Juliano
2912 2624 3133 2687 orante,
3160 2619 3312 2675 illico
3373 2622 3609 2693 recepit,
3662 2626 3721 2677 et

2064 2707 2291 2762 Christo
2314 2708 2577 2774 credens,
2604 2708 2805 2763 statim
2832 2709 2903 2763 ab
2927 2708 3346 2778 insanojudice
3364 2710 3709 2766 decollatur.

2068 2796 2203 2850 Inde
2232 2796 2294 2850 B.
2326 2796 2560 2851 Juliano
2592 2796 2848 2851 ductoad
2872 2797 3073 2851 fanum
3092 2796 3715 2871 daemonum,adquin-

2062 2889 2236 2956 genta
2257 2884 3129 2956 simulacracommunitaatque
3160 2886 3219 2940 in
3253 2886 3557 2958 pulverum
3572 2892 3716 2943 sunt

2062 2974 2296 3029 redacta
2329 2990 2341 3028 :
2375 2975 2474 3045 qui
2507 2990 2610 3045 pro
2643 2974 2751 3029 hoc
2781 2976 2936 3045 [cum
2961 2990 3062 3044 pro
3079 2974 3212 3044 hoc]
3238 2975 3295 3029 in
3320 2976 3709 3047 profundissi-

2063 3079 2224 3117 mum
2238 3063 2827 3117 etobscurrissimum
2850 3079 3304 3129 carcerem,cum
3322 3063 3485 3119 Celso
3500 3081 3706 3137 puero,

2062 3150 2327 3220 praesidis
2362 3150 2892 3217 ﬁlio,c1auderetur,
2926 3152 3025 3207 sed
3059 3152 3235 3208 odore
3267 3153 3615 3208 suavissimo
3655 3158 3712 3208 et

378 3240 577 3295 Passio
608 3243 822 3294 sanctae
855 3239 1079 3293 Faustae
1111 3237 1375 3309 virginis,
1438 3238 1545 3293 sub
1600 3238 1952 3292 Maximiano
1984 3227 2027 3292 C
2067 3237 2290 3292 lumine
2323 3238 2569 3293 miriﬁco
2591 3240 3157 3309 donaretur,septem
3192 3241 3400 3295 fratres
3424 3246 3479 3295 et
3499 3242 3707 3312 viginti

308 3330 679 3400 imperatore,
708 3343 835 3398 quae
868 3326 1181 3381 Evilasium
1214 3326 1471 3397 primum
1504 3326 1725 3397 palatii,
1769 3330 1955 3379 torto-

308 3434 430 3473 rem
462 3432 659 3484 suum;
670 3415 963 3488 patientia:
988 3432 1106 3470 suae
1122 3414 1340 3470 virtute
1365 3416 1650 3470 convertit
1666 3415 1736 3469 ad
1758 3415 1952 3473 ﬁdem.

310 3521 537 3562 necnon
568 3508 625 3560 et
654 3505 989 3577 praefectum
1023 3504 1117 3559 cui
1141 3506 1379 3575 jussum
1399 3510 1489 3559 est
1518 3521 1645 3559 eam
1662 3509 1952 3574 torquere.

305 3595 567 3650 Primum
580 3609 716 3666 ergo
731 3609 1021 3665 suspensa
1036 3597 1093 3649 et
1124 3593 1494 3648 ferramentis
1516 3592 1955 3664 lacerata,post-

306 3700 373 3740 ea
400 3682 607 3739 bestiis
637 3682 872 3749 tradita,
906 3682 1006 3737 sed
1032 3700 1065 3737 a
1095 3681 1257 3737 nulla
1314 3697 1517 3737 earum
1561 3682 1957 3737 contaminata

307 3777 418 3828 est.
451 3771 668 3827 Deinde
694 3769 873 3826 clavis
905 3776 1079 3841 caput
1110 3772 1239 3841 ejus
1270 3771 1563 3825 confixum
1596 3774 1702 3825 est.
1750 3770 1957 3824 Postea

310 3860 371 3915 in
402 3860 753 3931 sartaginem
778 3858 904 3930 pice
934 3859 1253 3914 ferventem
1291 3860 1493 3927 missa,
1546 3860 1645 3914 sed
1705 3876 1819 3913 non
1868 3860 1957 3912 est

310 3950 466 4017 laesa,
500 3950 703 4019 sicque
731 3964 865 4003 cum
899 3947 1144 4003 Evilasio
1174 3953 1231 4003 et
1261 3949 1527 4020 praefecto
1561 3949 1621 4003 in
1652 3946 1954 4003 tormentis

311 4038 649 4104 constituta,
685 4036 939 4092 reddidit
953 4036 1229 4108 spiritum
1254 4053 1267 4092 :
1294 4037 1641 4109 populivero
1664 4035 1955 4092 Christani

310 4128 433 4183 haec
464 4127 789 4191 audientes,
822 4125 1181 4199 sepelierunt
1212 4143 1453 4196 corpora
1495 4130 1856 4181 sanctorum.

384 4216 449 4271 VI
482 4216 561 4272 Io.
596 4216 726 4271 JAN.
761 4246 827 4257 --
851 4216 913 4269 In
945 4214 1185 4282 Graecia,
1225 4214 1461 4270 Poliecti
1519 4214 1854 4286 [Polyeucti]
1903 4217 1959 4268 et

311 4304 575 4361 Palladii.

381 4393 617 4466 Neapoli
648 4391 978 4465 Campaniae
1010 4392 1286 4448 nativitas
1319 4393 1377 4447 S.
1410 4390 1668 4447 Severini
1701 4390 1957 4463 episcopi

311 4488 369 4539 et
393 4483 763 4552 confessoris,
787 4483 984 4538 fratris
997 4481 1327 4537 beatissimi
1346 4480 1627 4536 Victorini
1643 4478 1957 4535 clarissimi

2065 3326 2302 3393 milites,
2336 3327 2436 3396 qui
2468 3327 2538 3381 ad
2570 3343 2668 3381 eos
2685 3327 3472 3397 visitandigratiavenerunt,
3490 3329 3713 3399 priores

2066 3415 2185 3486 igni
2214 3414 2801 3485 traditi,posteriores
2833 3419 2969 3469 sunt
2996 3415 3189 3486 gladio
3221 3415 3514 3470 trucidati.
3534 3420 3710 3471 Porro

2064 3504 2334 3557 Julianus
2364 3519 2497 3557 cum
2532 3502 2695 3558 Celso
2730 3519 2929 3574 puero,
2961 3507 3017 3557 et
3047 3504 3297 3559 Antonio
3352 3506 3706 3577 presbytero,

2068 3598 2242 3664 atque
2274 3592 2577 3647 Anastasio
2609 3592 2853 3647 diversis
2886 3592 3071 3663 poenis
3104 3592 3325 3658 afﬂicti,
3358 3599 3416 3649 et
3442 3594 3554 3665 ipsi
3578 3610 3711 3648 cum

2066 3680 2426 3735 Marcionilla
2457 3685 2727 3735 matrona
2756 3698 2789 3735 a
2814 3680 3104 3736 militibus
3133 3686 3272 3736 sunt
3302 3682 3657 3754 interempti.

2140 3768 2210 3825 ιν
2244 3770 2323 3824 lo.
2346 3771 2472 3825 JAN.
2506 3801 2572 3809 —
2604 3768 2885 3824 Nativitas
2916 3769 2978 3823 B.
3013 3769 3337 3836 Nicanoris,
3404 3771 3583 3825 unius
3645 3771 3715 3825 de

2066 3860 2272 3931 primis
2303 3864 2523 3930 septem
2549 3858 2995 3929 diaconis,apud
3028 3860 3278 3929 Cyprum
3312 3858 3562 3930 gloriose
3615 3876 3709 3914 co-

2066 3950 2251 4004 ronati
2284 3948 2481 4019 ibique
2504 3947 2907 4002 venerabiliter
2938 3946 3169 4018 sepulti.

2134 4038 2300 4106 Apud
2330 4036 2687 4091 Thebaidem
2740 4035 3012 4091 nativitas
3070 4037 3255 4092 sancti
3316 4036 3475 4092 Pauli
3534 4037 3710 4110 primi

2066 4125 2340 4190 eremitae,
2374 4126 2473 4195 qui
2504 4142 2537 4179 a
2567 4129 2724 4180 sexto
2746 4125 2971 4180 decimo
2995 4125 3179 4181 aetatis
3203 4143 3322 4181 suae
3344 4143 3496 4181 anno
3521 4142 3709 4198 usque

2068 4215 2137 4270 ad
2172 4213 2620 4285 nonagesimum
2650 4214 2887 4269 tertium
2904 4214 3064 4270 solus
3081 4214 3348 4271 ineremo
3366 4215 3710 4286 permansit.

2066 4304 2249 4374 Cujus
2280 4302 2536 4357 animam
2569 4303 2722 4358 inter
2760 4302 3155 4375 apostolorum
3178 4308 3236 4358 et
3291 4302 3713 4374 prophetarum

2068 4392 2277 4447 choros
2309 4391 2379 4445 ad
2414 4390 2623 4445 ccclum
2657 4392 2791 4446 ferri
2823 4392 2894 4447 ab
2946 4391 3169 4463 angelis
3201 4390 3495 4445 Antonius
3550 4390 3715 4445 vidit.

2072 4482 2265 4536 Romae
2298 4479 2637 4535 Melchiadis
2668 4480 3051 4552 episcopizqui
3077 4478 3451 4534 constituitin
3471 4478 3717 4534 ecclesia

313 4574 370 4627 in
406 4572 704 4628 miraculis
730 4572 855 4627 viri.
891 4571 998 4637 Qui
1029 4576 1085 4627 et
1108 4572 1231 4643 ipse
1262 4572 1458 4625 fratris
1490 4568 1961 4641 imperator[imi-
1998 4589 2040 4653 D
2073 4587 2106 4624 a
2135 4568 2405 4625 fidelibus
2436 4569 2598 4623 nulla
2628 4568 2853 4623 ratione
2883 4570 2942 4621 in
2978 4568 3183 4622 diebus
3214 4567 3534 4622 Dominicis
3557 4568 3719 4638 jeju-

312 4662 509 4732 tator],
546 4666 679 4733 post
737 4661 1059 4715 multarum
1118 4660 1399 4715 virtutum
1452 4658 1963 4731 perpetrationem,

312 4751 621 4806 sanctitate
652 4750 862 4822 plenus
890 4748 1129 4821 quievit.
1165 4748 1443 4820 Sepultus
1474 4749 1532 4801 in
1565 4764 1630 4802 eo
1688 4746 1812 4802 loco
1865 4746 1965 4801 ubi

314 4841 659 4912 priusquam
686 4840 756 4895 ad
783 4838 1185 4911 episcopatum
1207 4836 1964 4906 vocaretur,abstinentissi-

314 4944 449 4984 mus
480 4930 668 4985 fuerat
700 4932 1097 4984 conversatus.

386 5018 449 5074 In
472 5018 711 5084 Graecia,
742 5017 987 5083 Rustici,
1022 5014 1316 5071 Timothei
1348 5019 1406 5069 et
1434 5013 1705 5069 Jocundi.

387 5105 1000 5179 Mellocia[Bellovaci]
1062 5104 1248 5160 sancti
1300 5102 1563 5169 Luciani,
1617 5101 1759 5156 socii
1813 5101 1965 5156 beati

317 5196 595 5269 Dionysii.
628 5201 773 5251 Item
806 5192 1105 5250 Messiani.

386 5286 572 5356 Metis,
607 5283 886 5340 Patientis
916 5281 1191 5353 episcopi.

387 5374 437 5427 V
467 5376 547 5429 In.
575 5374 704 5429 JAN.
732 5403 799 5413 ——
833 5376 895 5426 ln
928 5369 1297 5439 Mauritania,
1320 5369 1550 5424 civitate
1606 5368 1965 5438 Caesariensi,

319 5463 516 5534 passio
544 5462 603 5516 S.
638 5460 935 5515 Martianm
966 5458 1210 5530 virginis
1233 5462 1291 5513 et
1314 5458 1605 5529 martyris.

391 5550 606 5604 Eodem
638 5549 733 5604 die
763 5548 918 5621 apud
948 5546 1314 5602 Antiochiam
1341 5547 1399 5602 S.
1422 5545 1643 5601 Juliani
1666 5546 1961 5619 martyris,

321 5644 377 5699 et
407 5635 697 5695 Basiliscus
726 5636 967 5711 virginis
1003 5653 1015 5691 :
1050 5634 1151 5709 qui
1180 5634 1779 5710 locupletissimorum
1824 5652 1965 5695 cura

603 5766 865 5835 PATROL.
911 5762 1175 5831 CXXXI.

2078 4658 2361 4713 nandum.
2395 4657 2536 4728 Igini
2571 4656 2827 4727 [Hygini)
2857 4672 3039 4727 papae,
3090 4655 3190 4725 qui
3252 4656 3554 4710 constituit
3592 4654 3712 4710 cle—

2073 4763 2229 4815 rum,
2261 4750 2315 4801 ct
2336 4747 2555 4817 gradus
2587 4745 3015 4800 ecclesiasticos
3046 4743 3367 4799 distribuit.

2146 4837 2217 4891 Ill
2255 4836 2333 4891 In.
2366 4837 2490 4890 JAN.
2524 4866 2591 4875 —-
2622 4835 2861 4889 Eduetio
2892 4833 3124 4888 Domini
3176 4833 3245 4887 de
3284 4833 3550 4905 Egypto,
3599 4849 3725 4903 qua:

2076 4926 2401 4981 secundum
2436 4924 2580 4979 alios
2602 4940 2678 4977 v11
2712 4924 2795 4978 Id.
2831 4922 2988 4989 Jan.,
3050 4922 3375 4977 secundum
3436 4922 3721 4993 quosdam

2074 5014 2219 5068 Non.
2249 5014 2383 5068 Jan.
2409 5018 2645 5085 propter
2675 5012 2997 5067 multorum
3030 5011 3257 5066 dierum
3302 5011 3720 5081 profectionem

2075 5102 2421 5158 celebratur.
2456 5102 2624 5173 Apud
2673 5100 3084 5156 Alexandriam
3144 5100 3241 5154 SS.
3295 5100 3719 5167 confessorum,

2076 5192 2251 5259 Petri,
2287 5191 2499 5259 Severi,
2534 5191 2724 5245 Leuci.

2152 5282 2212 5335 ln
2246 5279 2441 5334 Africa
2470 5280 2742 5335 nativitas
2774 5280 2832 5334 S.
2866 5278 3038 5334 Salvii
3089 5276 3384 5349 martyris,
3446 5278 3505 5332 in
3553 5278 3725 5348 cujus

2079 5368 2255 5423 natali
2286 5372 2341 5423 S.
2374 5368 2740 5440 Augustinus
2757 5368 2997 5423 verbum
3031 5366 3167 5422 fecit
3197 5367 3267 5421 ad
3292 5364 3576 5438 populum
3591 5369 3722 5420 Car-

2076 5458 2361 5529 thaginis.
2382 5452 2397 5464 “

2152 5546 2351 5602 Parma:
2381 5545 2459 5601 In.
2492 5534 2624 5601 Jan.
2658 5576 2723 5586 -—
2755 5544 2819 5600 In
2854 5546 3071 5600 Achaia
3101 5545 3340 5615 Cyriaci.
3368 5545 3428 5599 In
3460 5544 3733 5617 ngypto.

2080 5634 2416 5695 Philoromi.
2452 5635 2515 5693 In
2547 5635 2800 5705 Arabia,
2846 5634 3039 5693 Saturi
3098 5634 3197 5708 qui
3256 5632 3547 5691 transiens
3608 5636 3741 5692 ante

3367 5761 3444 5835 33
