4012 6198
363 350 511 409 1037

1418 348 2131 410 MARTYROLOGIUM.
2166 383 2243 392 —
2276 350 2509 411 MENS.
2556 351 2724 411 JAN.

3612 357 3765 418 1038

361 482 691 555 presbytero
718 485 775 536 et
806 480 1029 552 Thyrso
1061 479 1323 536 diacono.
1379 481 1601 553 Sepulti
1645 485 1784 536 sunt
1813 486 2008 535 autem
2036 484 2092 547 Α
2122 486 2178 535 et
2206 483 2438 537 Martha:
2500 500 2631 538 cum
2676 483 2810 538 filiis
2871 483 2995 539 suis
3054 484 3305 539 Audifax
3357 490 3413 539 et
3471 487 3765 545 Ambacue

362 571 532 626 iidem
564 570 782 642 gemini
813 570 869 624 in
905 570 1161 624 secundo
1193 569 1467 626 milliario
1501 572 1571 625 ab
1624 570 1765 625 urbe
1797 569 2004 640 Lingo-

360 660 543 716 nensi.
572 660 807 715 Turbon
840 675 1073 730 quoque
1123 659 1384 714 scribens
1436 659 1704 714 victorias
1735 658 2008 713 confiten-

360 748 503 803 tium
534 746 869 813 Dominum,
904 763 1017 802 non
1052 750 1185 818 post
1215 746 1470 803 multum
1493 748 1772 819 temporis
1795 751 2006 817 marty-

359 836 507 892 rium
539 852 852 909 perpessus
884 842 990 892 est.

424 925 518 981 XV
574 925 701 980 Kal.
761 929 934 980 ann.
968 925 1353 981 —Cathedra
1410 927 1463 980 S.
1524 925 1675 981 Petri
1731 922 2000 995 apostoli,

358 1032 466 1086 qua
497 1014 751 1085 primum
784 1015 979 1069 Romae
1003 1013 1151 1069 sedit
1176 1033 1188 1069 :
1219 1031 1350 1069 cum
1377 1015 1533 1069 enim
1557 1015 1708 1069 idem
1732 1014 2003 1085 princeps

356 1102 749 1174 apostolorum
783 1102 1200 1174 Hierosolymis
1246 1107 1302 1158 et
1350 1104 1407 1157 in
1458 1103 1716 1158 Caesarea
1745 1101 2001 1173 atquein

355 1193 574 1249 caeteris
604 1193 938 1247 civitatibus
968 1192 1303 1247 Judaeorum
1341 1192 1595 1263 primum
1628 1192 2003 1263 praedicasset

354 1281 752 1354 Evangelium,
786 1281 855 1336 ad
880 1281 1317 1352 praedicandum
1342 1286 1541 1352 postea
1570 1280 1841 1353 gentibus
1866 1279 2002 1334 mis-

355 1388 475 1439 sus,
507 1371 660 1425 venit
694 1369 1082 1437 Antiochiam,
1128 1370 1325 1440 ibique
1375 1370 1630 1425 fundans
1662 1368 1999 1439 Ecclesiam,

355 1460 579 1530 prafuit
601 1459 789 1514 eidem
818 1458 1056 1513 annis...
1090 1458 1256 1528 [apud
1288 1460 1515 1524 Raram,
1539 1458 1709 1513 annis
1730 1456 1997 1528 septem].

356 1548 491 1602 Inde
514 1564 745 1620 quoque
766 1562 1013 1619 pergens
1036 1546 1278 1600 Romam
1321 1548 1474 1602 venit
1499 1548 1754 1602 secundo
1777 1544 2000 1601 Claudii

354 1635 589 1691 Caesaris
644 1653 816 1703 anno,
877 1635 1074 1706 ibique
1135 1635 1512 1707 Evangelium
1570 1635 2000 1690 instantissime

353 1723 669 1795 praedicans
695 1723 897 1795 viginti
929 1728 986 1779 et
1015 1722 1275 1795 quinque
1322 1724 1496 1779 annis
1544 1725 1807 1795 ejusdem
1836 1722 1999 1777 urbis

353 1813 748 1886 episcopatum
779 1812 944 1868 rexit.

420 1903 561 1958 Item
595 1902 789 1958 Romae
819 1902 1090 1957 nativitas
1124 1902 1181 1957 S.
1224 1902 1431 1957 Priscae
1480 1901 1723 1973 virginis
1753 1906 1809 1956 et
1840 1918 1997 1956 mar-

355 1991 513 2064 tyris.

419 2081 480 2135 In
515 2080 693 2135 Ponto
717 2078 989 2134 nativitas
1019 2080 1115 2134 SS.
1151 2084 1500 2149 martyrum,
1536 2078 1751 2151 Moysei
1783 2082 1839 2133 et
1868 2082 1999 2131 Am-

352 2167 566 2223 monii:
601 2168 701 2239 qui
736 2184 867 2223 cum
902 2173 1097 2223 essent
1146 2166 1383 2232 milites,
1439 2168 1628 2238 primo
1661 2168 1732 2223 ad
1765 2165 2000 2221 metalla

348 2257 629 2328 deputati,
662 2256 977 2313 novissime
1004 2274 1139 2311 vero
1170 2256 1289 2328 igni
1332 2256 1591 2327 deputati
1624 2261 1781 2311 sunt.

416 2345 537 2400 XIV
559 2346 675 2401 ΚΑΙ.
708 2346 880 2400 FEBR.
914 2376 981 2385 ——-
1012 2344 1429 2417 Hierosolymis
1463 2344 1740 2400 nativitas
1771 2348 1997 2399 sancta-

351 2452 477 2490 rum
508 2434 748 2490 Marthae
780 2439 838 2489 et
868 2434 1064 2489 Mariae
1109 2451 1375 2489 sororum
1420 2434 1637 2489 Lazari.

418 2525 479 2578 In
502 2527 768 2595 Smyrna,
795 2523 981 2579 sancti
1009 2522 1339 2578 Germanici
1361 2524 1655 2595 martyris,
1679 2522 1751 2577 ad
1778 2521 1996 2578 bestias

348 2612 627 2667 damnati.

419 2702 479 2756 In
499 2701 714 2767 Africa,
740 2700 924 2767 Pauli,
943 2701 1139 2765 Quinti
1155 2705 1212 2757 et
1234 2700 1623 2773 plurimorum
1648 2705 1991 2772 martyrum.

347 2790 714 2861 Carthagine,
767 2790 1019 2855 Picarite,
1068 2788 1176 2845 Piaa
1208 2795 1265 2845 et
1294 2789 1541 2845 aliorum
1574 2790 1814 2861 triginta
1844 2794 1989 2845 octo.

414 2879 536 2935 XIII
567 2879 704 2934 KAL.
740 2879 917 2933 Pana.
938 2910 1005 2918 —
1034 2879 1229 2933 Roma:
1261 2879 1499 2935 Fabiani
1522 2896 1707 2951 papae,
1730 2878 1831 2949 qui
1862 2895 1995 2933 cum

345 2968 545 3039 viginti
574 2967 835 3039 quinque
859 2967 1030 3023 annis
1057 2966 1321 3023 Ecclesia
1348 2972 1640 3039 praeesset,
1677 2984 1887 3039 passus
1910 2971 1998 3023 est

353 3061 611 3128 tempore
634 3056 790 3110 Decii
815 3060 873 3110 et
890 3055 948 3109 in
972 3055 1297 3111 ccemeterio
1319 3056 1543 3111 Callixti
1584 3056 1868 3127 sepultus.
1894 3056 1995 3111 Hic

354 3144 619 3216 regiones
649 3143 847 3198 divisit
879 3143 1241 3207 diaconibus,
1275 3148 1332 3197 et
1362 3144 1494 3199 fecit
1523 3149 1587 3197 ut
1622 3149 1844 3215 septem
1872 3145 1996 3198 dia-

2116 569 2460 641 [Abachum]
2497 571 2781 627 nobilium
2814 573 2885 626 de
2926 572 3161 628 Perside
3208 573 3306 645 qui
3341 575 3411 629 ad
3442 576 3763 633 orationem

2116 664 2391 712 venerant
2414 660 2664 715 Romam
2700 664 2962 731 tempore
2991 660 3212 715 Claudii
3250 662 3549 735 principis.
3579 665 3618 718 E
3641 666 3765 735 qui-

2118 746 2225 801 bus
2266 753 2399 819 post
2441 748 2718 803 toleratos
2776 749 2982 816 fustes,
3042 750 3376 822 equuleum,
3434 751 3621 824 ignes,
3655 770 3764 809 un-

2113 851 2277 906 gues,
2335 852 2619 891 manuum
2669 838 3096 909 przecisionem,
3146 840 3371 895 Martha
3416 840 3473 894 in
3506 843 3764 914 nympha

2114 928 2336 991 necata,
2373 925 2561 980 caeteri
2593 926 2882 981 decollati.

2186 1013 2286 1068 XII
2318 1014 2454 1068 KAL.
2512 1014 2684 1069 Fnaa.
2719 1045 2787 1055 —
2817 1016 3057 1072 Athenis
3104 1017 3295 1072 Publii
3348 1017 3625 1091 episcopi,
3660 1020 3760 1091 qui

2112 1117 2246 1157 cum
2281 1102 2457 1157 Paulo
2489 1103 2769 1173 apostolo,
2802 1103 2861 1158 in
2915 1105 3168 1160 insulam
3222 1107 3523 1177 naufragio
3554 1108 3758 1179 ejecto,

2114 1196 2244 1261 post
2291 1191 2473 1263 patris
2520 1192 2609 1246 sui
2667 1210 2699 1247 a
2736 1193 2996 1249 febribus
3028 1198 3084 1249 et
3128 1194 3477 1251 dissenteria
3506 1198 3756 1252 curatio-

2112 1297 2265 1348 nem,
2300 1298 2413 1335 non
2448 1281 2735 1335 modicam
2762 1281 3187 1337 humanitatem
3236 1284 3623 1355 praestitisset,
3657 1302 3759 1357 per

2109 1370 2234 1439 ejus
2298 1368 2763 1439 praedicationem
2824 1371 2894 1424 ad
2952 1370 3249 1426 Christum
3302 1389 3636 1442 conversus,
3698 1374 3755 1429 in

2109 1462 2338 1513 tantum
2372 1459 2559 1530 gratia
2604 1459 2702 1513 Dei
2760 1459 3019 1530 profecit,
3078 1466 3140 1515 ut
3195 1462 3267 1515 ab
3325 1461 3451 1533 ipso
3482 1463 3756 1533 Apostolo

2110 1546 2565 1603 Atheniensibus
2622 1549 2926 1604 ordinatus
2977 1549 3289 1622 episcopus
3342 1554 3622 1624 martyrio
3681 1554 3759 1609 sit

2110 1640 2442 1693 coronatus.

2182 1722 2377 1776 Romae
2418 1724 2475 1777 S.
2509 1723 2768 1793 Agnetis,
2802 1741 2929 1795 quae
2962 1726 3072 1779 sub
3103 1726 3371 1797 praefecto
3405 1729 3574 1784 Urbis
3596 1730 3757 1801 Sym-

2111 1809 2377 1882 phronio,
2412 1827 2514 1881 pro
2562 1827 2627 1865 eo
2667 1813 2821 1882 quod
2853 1812 3063 1868 Christi
3096 1818 3153 1868 et
3182 1814 3532 1887 virginitatis
3562 1835 3759 1874 amore

2108 1899 2295 1953 ﬁlium
2326 1900 2455 1969 ejus
2487 1899 2765 1954 maritum
2816 1900 3075 1971 accipere
3126 1903 3409 1959 noluisset
3441 1922 3453 1960 :
3489 1908 3559 1961 ad
3590 1906 3759 1979 Inpa-

2108 2004 2208 2042 nar
2242 1986 2533 2042 illusionis
2598 1988 2785 2059 gratia
2841 1990 3121 2060 perducta
3160 2008 3225 2046 ac
3282 1992 3595 2060 denudata,
3639 1996 3757 2066 pri-

2108 2093 2271 2130 mum
2304 2076 2531 2147 capillis
2571 2076 2694 2132 suis
2740 2081 3024 2149 contecta,
3084 2079 3292 2135 deinde
3352 2082 3569 2137 ccelesti
3600 2087 3756 2139 veste

2107 2165 2341 2229 donata,
2404 2164 2597 2236 ipsum
2658 2166 2907 2236 praefecti
2974 2166 3158 2222 tilium
3232 2185 3293 2223 se
3354 2169 3757 2241 impudentius

2108 2257 2495 2324 appetentem,
2564 2258 2621 2309 et
2679 2255 2750 2309 ob
2813 2255 2919 2310 hoc
2979 2273 3012 2311 a
3069 2256 3298 2312 diabolo
3354 2259 3755 2330 praefocatum,

2106 2341 2387 2397 orationis
2416 2343 2627 2398 virtute
2675 2344 2997 2399 suscitavit.
3054 2345 3188 2401 Post
3230 2346 3349 2401 haec
3394 2347 3631 2419 ignibus
3662 2349 3757 2405 in-

2098 2431 2273 2499 jecta,
2306 2432 2407 2486 sed
2461 2432 2545 2486 eis
2604 2432 2810 2487 merito
2870 2433 3197 2490 sanctitatis
3249 2436 3378 2505 ejus
3433 2438 3756 2509 exstinctis,

2105 2518 2298 2589 gladio
2347 2536 2621 2592 percussa
2666 2527 2772 2577 est.
2824 2524 2956 2587 Quae
3006 2528 3210 2595 postea
3260 2526 3602 2595 parentibus
3633 2528 3757 2583 suis

2105 2609 2254 2663 inter
2290 2608 2725 2666 multitudinem
2750 2611 3044 2681 virginum
3069 2629 3210 2668 auro
3232 2615 3401 2669 textis
3424 2615 3757 2687 cycladibus

2104 2697 2447 2753 indutarum
2487 2716 2794 2770 apparens,
2843 2700 3088 2771 gloriam
3143 2702 3262 2771 Dei,
3309 2721 3425 2774 qua
3455 2705 3759 2761 fruebatur

2105 2789 2164 2842 in
2225 2787 2404 2853 cmlis,
2465 2794 2665 2859 aperta
2712 2806 2848 2844 voce
2909 2791 3262 2862 praedicabat
3319 2793 3377 2847 in
3436 2794 3628 2849 terris.
3692 2797 3753 2850 In

2104 2876 2423 2948 Hispaniis,
2474 2878 2703 2932 civitate
2756 2878 3100 2945 Tarracone,
3163 2880 3433 2936 nativitas
3479 2883 3575 2937 SS.
3613 2884 3753 2937 Fru-

2106 2965 2293 3020 ctuosi
2339 2964 2616 3036 episcopi,
2667 2967 2913 3038 Augurii
2972 2973 3029 3022 et
3075 2968 3300 3040 Eulogii
3350 2970 3751 3026 diacanorum.

2106 3056 2212 3119 Qui
2246 3059 2504 3126 tempore
2553 3055 2797 3110 Gallieni
2851 3056 3241 3127 imperatoris,
3302 3060 3411 3114 sub
3448 3059 3751 3116 fEmiliano

2108 3142 2371 3212 prznside,
2416 3142 2603 3213 primo
2661 3142 2719 3197 in
2780 3160 3070 3199 carcerem
3130 3147 3297 3211 trusi,
3355 3147 3564 3202 deinde
3594 3148 3757 3203 flam-

355 3249 528 3288 cones
559 3232 798 3287 totidem
833 3231 1075 3285 notariis
1098 3231 1493 3297 imminerent,
1520 3236 1767 3303 utgesta
1790 3237 2001 3303 marty-
2030 3216 2072 3282 C
2113 3230 2225 3283 mis
2257 3229 2473 3295 inlecti,
2518 3231 2737 3285 exustis
2786 3232 3053 3299 vinculis,
3110 3234 3385 3288 manibus
3422 3235 3481 3288 in
3516 3237 3755 3291 modum

354 3338 483 3377 rum
512 3322 570 3376 in
595 3321 887 3392 integrum
905 3318 1265 3391 colligerent,
1290 3325 1345 3375 et
1368 3319 1584 3375 multas
1625 3320 1876 3375 fabricas
1901 3338 2001 3391 per

353 3409 683 3465 coemeteria
706 3410 827 3463 fieri
873 3408 1156 3480 praecipit.
1182 3409 1246 3463 In
1298 3410 1467 3479 cujus
1516 3408 1797 3464 electione
1819 3409 2002 3463 fertur

352 3499 605 3571 Spiritus
636 3502 876 3553 sanctus
904 3497 964 3552 in
994 3496 1277 3553 columbae
1306 3498 1495 3569 specie
1528 3497 1800 3569 plurimis
1823 3514 2000 3569 appa-

352 3588 559 3643 ruisse.
618 3588 760 3643 Item
820 3587 1033 3652 Rome,
1096 3586 1301 3641 eodem
1360 3586 1472 3657 die,
1516 3586 1786 3641 nativitas
1816 3586 1999 3641 S.Se-

351 3676 601 3732 bastiani
636 3675 928 3747 martyris,
963 3674 1061 3746 qui
1094 3673 1153 3729 in
1186 3678 1417 3729 tantum
1449 3674 1662 3730 charus
1683 3676 2002 3746 eratimpe-

350 3765 644 3822 ratoribus
666 3764 1020 3821 Diocletiano
1043 3770 1099 3821 et
1122 3766 1495 3833 Maximiano,
1520 3769 1585 3820 ut
1606 3765 2000 3836 principatum

350 3855 402 3911 ei
435 3855 635 3926 prima;
680 3852 936 3910 cohortis
986 3855 1303 3910 traderent.
1356 3855 1537 3919 Quem
1584 3853 2001 3923 Diocletianus,

352 3943 453 3999 ubi
473 3942 870 3998 Christianum
893 3942 1178 4013 cognovit,
1204 3959 1309 3997 nec
1332 3961 1364 3998 a
1388 3944 1501 3997 fide
1551 3960 1723 4014 posse
1771 3959 2000 3998 revoca-

354 4030 895 4103 ri,jussitligariin
946 4030 1137 4085 medio
1187 4048 1414 4103 campo,
1470 4032 1637 4103 quasi
1662 4033 1898 4103 signum
1930 4032 2000 4087 ad

353 4121 652 4193 sagittam,
686 4125 743 4174 et
766 4118 1029 4190 sagittari
1063 4136 1095 4173 a
1124 4119 1429 4175 militibus.
1460 4121 1742 4184 Quicum,
1769 4119 2002 4192 sagittis

351 4210 583 4283 plenus,
616 4208 785 4279 quasi
816 4207 1072 4262 hericius
1114 4212 1313 4274 staret,
1358 4213 1631 4279 putantes
1680 4225 1813 4263 eum
1842 4225 1999 4263 mor-

350 4306 547 4365 tuum,
578 4298 869 4353 abierunt.
903 4296 1081 4351 Nocte
1113 4300 1304 4352 autem
1324 4296 1561 4352 veniens
1584 4298 1847 4368 quaedam
1871 4313 2000 4351 mu-

350 4387 481 4454 lier,
516 4386 749 4441 nomine
797 4385 1030 4449 Hirene,
1082 4383 1284 4440 tollere
1332 4402 1564 4456 corpus,
1617 4385 1836 4440 invenit
1865 4402 1999 4441 eum

349 4477 665 4544 viventem,
700 4478 759 4529 et
785 4473 1030 4529 adduxit
1057 4489 1192 4529 eum
1232 4473 1291 4528 in
1324 4474 1563 4528 domum
1588 4491 1780 4541 suam,
1812 4479 1868 4529 et
1898 4492 2001 4529 cu-

2082 3386 2083 3391 κ
2110 3318 2299 3372 crucis
2328 3318 2599 3388 expansis
2631 3323 2863 3373 orantes
2896 3325 2961 3374 ut
2992 3326 3318 3387 urerentur,
3353 3322 3754 3379 obtinuerunt.

2110 3406 2189 3459 Ex
2217 3422 2351 3460 mox
2379 3405 2615 3475 quidam
2642 3422 2672 3460 e
2705 3406 2982 3462 fratribus
3024 3412 3081 3462 et
3136 3408 3258 3463 ﬁlia
3313 3410 3599 3480 prasidis,
3632 3428 3758 3482 qua

2112 3496 2358 3559 astabat,
2425 3494 2698 3549 viderunt
2756 3501 3098 3551 sanctorum
3153 3498 3381 3553 animas
3434 3500 3504 3554 ad
3546 3499 3758 3557 ccelum

2111 3583 2422 3639 ascendere
2448 3588 2777 3639 coronatas.

2181 3672 2251 3727 XI
2283 3673 2418 3727 KAL.
2483 3671 2651 3727 Fssa.
2686 3674 2948 3744 —-Apud
3004 3675 3215 3730 Trecas
3274 3676 3469 3747 passio
3530 3678 3588 3732 S.
3652 3679 3761 3733 Pa-

2111 3761 2277 3817 trocli
2309 3760 2600 3833 martyris.

2182 3853 2243 3906 In
2276 3850 2573 3921 Hispaniis
2627 3850 2895 3906 nativitas
2950 3852 3133 3907 sancti
3192 3853 3481 3909 Vincentii
3531 3855 3759 3911 diaconi

2110 3944 2166 3995 et
2192 3940 2502 4010 martyris:
2538 3939 2638 4010 qui
2698 3956 2829 3993 cum
2887 3940 2944 3994 S.
3009 3940 3229 3996 Valerio
3287 3943 3557 4015 episcOpo
3589 3960 3761 4000 suoa

2110 4029 2380 4084 Caesareae
2410 4030 2752 4099 Augustana
2781 4028 3010 4084 civitate
3049 4029 3371 4085 Valentiam
3412 4048 3597 4105 usque
3627 4050 3757 4106 gra-

2110 4118 2278 4173 vibus
2308 4133 2491 4171 nexus
2547 4117 2787 4187 catenis,
2838 4118 3084 4187 jubente
3146 4119 3406 4190 Datiano,
3442 4123 3758 4193 perductus

2110 4211 2237 4272 est;
2273 4205 2469 4275 ibique
2518 4205 2671 4260 fame
2714 4210 2768 4259 et
2821 4206 3090 4277 squalore
3141 4209 3389 4263 carceris
3440 4209 3538 4264 diu
3572 4228 3758 4265 mace-

2111 4299 2295 4360 ratus,
2326 4294 2631 4348 tormentis
2691 4295 2923 4365 equulei
2978 4302 3034 4351 et
3084 4297 3436 4368 ungularum
3470 4298 3758 4353 horrenda

2110 4383 2456 4440 laceratione
2489 4388 2745 4449 vexatus,
2779 4386 2955 4440 etiam
2987 4385 3228 4457 grabato
3282 4385 3465 4440 ferreo
3495 4386 3758 4442 diutissi-

2111 4491 2202 4529 me
2259 4472 2576 4539 ustulatus,
2636 4472 2845 4527 arvinae
2904 4473 3087 4545 guttis
3138 4478 3195 4528 et
3265 4477 3581 4545 crepitante
3640 4475 3760 4531 sale

352 4582 481 4620 ram
508 4564 635 4635 ejus
662 4562 796 4634 egit.
849 4562 956 4626 Qui
1021 4562 1119 4616 ubi
1178 4561 1485 4631 convaluit,
1548 4562 1762 4618 multos
1796 4563 1852 4617 in
1886 4563 1998 4618 ﬁde
2026 4582 2073 4646 D
2104 4578 2405 4634 respersus
2430 4566 2535 4616 est.
2588 4564 2725 4615 Post
2780 4561 2900 4615 haec
2955 4561 3015 4616 in
3073 4562 3435 4617 teterrimum
3468 4579 3755 4620 carcerem

350 4652 718 4709 confortavit.
752 4651 865 4707 Nec
916 4668 1079 4706 mora
1134 4650 1278 4722 ipsis
1337 4651 1785 4723 imperatoribus
1815 4669 1996 4724 appa-

352 4759 512 4813 rens,
544 4757 643 4796 eos
674 4744 846 4812 prout
872 4738 1033 4812 digni
1084 4744 1250 4794 erant
1280 4739 1580 4810 corripuit.
1614 4744 1793 4810 Tunc,
1820 4740 2005 4811 jussit

348 4847 489 4886 cum
521 4827 913 4885 Diocletianus
944 4828 1001 4882 in
1035 4827 1493 4899 hippodromum
1535 4829 1727 4900 prlatii
1760 4830 1916 4898 duci,
1949 4834 2007 4883 et

352 4917 623 4989 I‘ustigari
677 4932 864 4987 usque
923 4916 1194 4971 deficeret
1248 4933 1259 4971 :
1341 4933 1513 4988 quem
1593 4923 1890 4972 mortuum
1944 4917 2002 4972 in

351 5006 611 5063 cloacam
671 5005 987 5061 maximam
1047 5004 1354 5060 miserunt.
1415 5006 1523 5060 Sed
1580 5004 1676 5061 ille
1734 5006 2006 5077 apparuit

350 5096 416 5152 in
449 5094 695 5152 somniis
727 5099 937 5150 sanctae
962 5098 1237 5149 matrona:
1282 5094 1505 5149 Lucina:
1559 5095 1795 5150 dicens:
1829 5094 2006 5150 Juxta

350 5187 577 5243 circum
609 5184 868 5239 invenies
924 5198 1135 5254 corpus
1178 5198 1396 5250 meum,
1432 5183 1693 5253 pendens
1738 5183 1798 5237 in
1830 5200 2001 5251 unco,

351 5280 414 5333 et
470 5275 611 5329 dum
671 5270 969 5333 levaveris,
1023 5270 1304 5340 perduces
1361 5271 1432 5324 ad
1490 5271 1898 5341 Catacumbas,
1948 5276 2005 5327 et

350 5362 608 5435 sepelias
647 5376 739 5414 me
770 5358 828 5412 in
881 5362 1078 5429 crypta
1100 5358 1270 5428 juxta
1311 5358 1552 5429 vestigia
1583 5359 1998 5430 apostolorum.

351 5456 495 5517 Qua:
554 5450 680 5519 ipsa
734 5451 899 5501 nocte
958 5462 1091 5500 cum
1158 5446 1340 5501 servis
1395 5447 1630 5502 veniens
1678 5452 1864 5503 totum
1921 5449 2004 5505 ita

351 5538 686 5611 complevit.

429 5625 644 5684 Eodem
674 5625 767 5689 die
798 5624 992 5685 Romae
1032 5624 1128 5681 SS.
1180 5628 1503 5698 martyrum
1550 5625 1755 5685 Marini
1795 5627 2001 5703 [Marii]

2110 4659 2331 4718 trusus,
2369 4647 2702 4704 divaricatis
2734 4649 2790 4702 in
2842 4665 3015 4704 nervo
3075 4650 3365 4716 cruribus,
3416 4668 3593 4723 super
3624 4670 3761 4708 acu-

2115 4742 2345 4797 tissima
2377 4743 2658 4794 testarum
2691 4738 3019 4809 fragmenta
3057 4739 3348 4809 projectus
3378 4745 3486 4796 est.
3518 4741 3623 4797 Ubi
3658 4758 3761 4797 no-

2115 4836 2202 4886 cte
2235 4830 2331 4885 lux
2390 4829 2595 4899 ingens
2651 4826 2945 4897 apparuit,
3001 4832 3058 4882 et
3111 4828 3323 4883 virtute
3380 4829 3480 4884 Dei
3530 4830 3761 4888 solutus

2115 4924 2357 4990 martyr,
2388 4919 2540 4972 inter
2598 4914 2855 4986 angelos,
2916 4934 2949 4970 a
2997 4916 3213 4986 quibus
3269 4918 3491 4973 visitari
3522 4921 3758 4987 meruit,

2115 5008 2398 5079 hymnum
2434 5004 2696 5068 canebat,
2728 5004 2809 5058 ita
2840 5008 2903 5057 ut
2931 5004 3056 5076 ipse
3109 5010 3305 5061 custos
3359 5008 3606 5063 carceris
3637 5024 3758 5063 cre-

2114 5096 2275 5149 deret
2320 5094 2570 5148 Cbristo.
2632 5092 2799 5147 Mane
2855 5096 3050 5148 autem
3111 5093 3281 5164 facto,
3342 5111 3475 5149 cum
3505 5096 3762 5152 misisset

2113 5199 2247 5239 cum
2297 5181 2598 5248 Datianus,
2656 5185 2713 5235 et
2760 5180 3042 5251 jussisset
3096 5181 3153 5236 in
3213 5181 3361 5237 lecto
3411 5182 3758 5239 mollissimo

2115 5270 2403 5337 reclinari,
2450 5274 2515 5325 ut
2570 5268 3004 5341 aliquantulum
3066 5276 3378 5339 recreatus,
3438 5273 3630 5328 acrius
3660 5274 3758 5329 de-

2115 5377 2231 5415 nuo
2289 5363 2680 5430 torqueretur,
2742 5357 3160 5429 infatigabilem
3219 5360 3489 5430 spiritum
3535 5361 3759 5418 Christo

2113 5449 2384 5503 reddidit.
2418 5449 2578 5501 Tunc
2608 5445 2889 5501 Datianus
2938 5462 3151 5518 corpus
3206 5449 3334 5518 ejus
3392 5448 3450 5503 in
3482 5467 3759 5523 campum

2113 5537 2313 5608 projici
2363 5541 2419 5591 et
2476 5535 2610 5590 feris
2668 5537 2841 5605 atque
2900 5536 3104 5589 avibus
3152 5536 3335 5606 jussit
3389 5539 3614 5609 exponi.
3647 5541 3757 5596 Sed

2112 5642 2246 5684 mox
2287 5641 2490 5682 corvus
2548 5623 2833 5680 divinitus
2892 5624 2964 5682 ad
3024 5626 3349 5683 custodiam
3405 5627 3532 5699 ejus
3562 5629 3756 5703 datus,
