4012 6198
297 371 454 430 1039

1190 373 1262 432 Β.
1312 372 1655 433 NOTKERI
1702 371 2032 434 BALBULI
2079 373 2143 432 S.
2193 374 2421 434 GALLI
2467 371 2820 436 MONACHI

3547 380 3706 441 1040

295 521 409 558 non
443 503 633 558 solum
675 519 808 558 aves
865 502 1010 558 alias
1067 505 1321 570 arcebat,
1381 505 1480 559 sed
1541 508 1595 559 ct
1627 505 1943 559 immanem
1975 509 2024 572 Α
2130 507 2297 576 Apud
2333 505 2585 562 Gabalen
2617 507 2928 576 civitatem,
2975 509 3032 564 S.
3084 509 3378 566 Severiani
3423 511 3717 585 episc0pi,

291 591 496 664 lupum
529 608 562 646 a
587 595 786 647 sancto
809 607 1047 663 corpore
1081 592 1307 664 repulit.
1347 594 1509 656 Quod
1543 611 1672 648 cum
1700 594 1942 649 Datiano

290 681 624 740 nuntiatum
657 687 832 750 esset,
856 682 1042 752 jussit
1071 699 1205 737 eum
1242 683 1504 739 insutum
1538 682 1700 738 culeo
1723 684 1782 738 in
1811 701 1942 754 pro-

290 771 540 826 fundum
580 770 760 826 maris
811 786 943 826 cum
994 771 1340 840 gravissimo
1387 772 1508 827 saxi
1559 761 1812 843 pondere
1844 773 1942 827 de-

290 861 494 932 mergi.
527 860 631 914 Sed
669 859 851 930 prius,
901 858 1113 915 virtute
1172 861 1272 916 Dei
1325 877 1501 932 super
1560 862 1749 916 undas
1775 860 1940 917 inna-

288 953 440 1016 tans,
475 949 545 1004 ad
579 947 746 1005 littus
777 948 1006 1004 delatus
1038 954 1093 1005 et
1113 951 1306 1004 arenis
1329 951 1605 1006 conditus
1629 955 1738 1016 est,
1765 967 1939 1021 quam

289 1038 540 1112 remiges
571 1043 809 1110 portum
842 1042 1078 1110 tangere
1125 1039 1474 1110 potuissent.
1528 1039 1668 1094 Inde
1716 1055 1850 1094 cum
1882 1056 1943 1094 se

291 1132 529 1184 sanctus
562 1132 782 1199 martyr
811 1128 1044 1183 cuidam
1078 1126 1230 1183 ﬁdeli
1267 1129 1404 1182 anui
1453 1127 1778 1194 revelasset,
1814 1145 1940 1199 per-

291 1217 610 1274 secutionis
640 1218 798 1272 rabie
829 1222 1113 1286 cessante,
1147 1235 1180 1272 a
1225 1217 1571 1273 Christianis
1615 1223 1944 1273 reverenter

297 1307 586 1374 sublatus,
620 1311 676 1362 et
703 1306 763 1362 in
794 1305 1037 1362 ecclesia
1064 1306 1394 1362 tumulatus
1423 1313 1530 1362 est.

370 1415 650 1470 Nativitas
679 1415 738 1469 S.
797 1411 1089 1468 Anastasii
1147 1413 1416 1468 monachi
1473 1417 1529 1470 et
1567 1415 1839 1486 martyris
1870 1417 1942 1470 de

298 1506 568 1562 Perside:
601 1502 700 1574 qui
736 1506 866 1574 post
897 1501 1152 1573 plurima
1193 1506 1484 1559 tormenta
1513 1505 1782 1574 carceris,
1811 1521 1940 1560 ver-

297 1596 501 1650 berum
534 1598 592 1648 et
621 1589 1010 1656 vinculorum,
1059 1607 1186 1661 quae
1235 1591 1293 1644 in
1339 1591 1611 1646 Caesaraea
1640 1592 1939 1647 Palestinaa

296 1699 610 1754 perpessus
660 1681 845 1734 fuerat
901 1696 934 1733 a
991 1679 1200 1750 Persis,
1262 1685 1556 1750 postremo
1616 1682 1672 1734 in
1707 1681 1938 1737 Perside

296 1770 482 1825 multa
511 1786 680 1840 pmna
710 1766 982 1836 afﬂictus,
1016 1774 1190 1840 atque
1220 1769 1289 1823 ad
1317 1768 1588 1823 ultimum
1617 1769 1938 1826 decollatus

2057 593 2417 649 admirandas
2447 595 2776 650 sanctitatis
2807 601 2863 651 et
2892 597 3167 652 doctrinae
3197 597 3322 654 viri.

2125 700 2222 754 νυ
2255 701 2389 754 ΚΑῑι.
2425 701 2598 756 ana.
2633 733 2697 742 —
2727 702 3006 758 Nativitas
3035 704 3219 758 sancti
3257 704 3580 778 Polycarpi,
3602 710 3708 780 qui

2052 788 2206 843 beati
2233 789 2477 843 Joannis
2503 789 2750 861 apostoli
2781 791 3129 863 discipulus,
3161 797 3217 848 et
3247 793 3317 848 ab
3350 811 3417 850 eo
3440 795 3710 868 Smyrnae

2053 877 2363 950 epiSCOpus
2412 880 2739 950 ordinatus,
2799 880 2980 936 totius
3033 881 3181 936 Asia:
3237 883 3510 957 princeps
3572 887 3709 941 fuit.

2052 965 2254 1021 Postea
2312 983 2463 1037 vero,
2526 973 2804 1040 regnante
2863 970 3051 1025 Marco
3109 973 3358 1027 Antonio
3413 979 3472 1028 et
3527 975 3711 1032 Lucio

2051 1055 2282 1110 Aurelio
2342 1055 2678 1124 Commodo,
2741 1061 2949 1129 quarta
3005 1063 3138 1131 post
3185 1061 3475 1117 Neronem
3510 1081 3712 1135 perse-

2051 1143 2306 1210 cutione,
2337 1144 2597 1216 Smyrnze
2648 1147 2887 1201 sedente
2935 1147 3301 1218 proconsule,
3343 1155 3401 1205 et
3432 1152 3711 1209 universo

2053 1233 2265 1304 populo
2298 1233 2355 1288 in
2387 1233 2822 1304 amphitheatro
2855 1236 3135 1292 adversus
3163 1254 3294 1292 cum
3329 1240 3712 1297 conclaman-

2053 1326 2128 1387 te,
2183 1321 2303 1393 igni
2334 1321 2588 1378 traditus
2619 1327 2726 1378 est.
2762 1324 2872 1379 Sed
2933 1325 3171 1381 flamma
3227 1326 3284 1382 in
3342 1329 3589 1385 modum
3621 1348 3714 1386 ca-

2053 1427 2220 1465 meras
2271 1416 2524 1479 curvata,
2586 1413 2778 1484 specie
2837 1413 3004 1484 quasi
3061 1415 3171 1470 veli
3230 1417 3395 1472 navis
3427 1423 3599 1474 vento
3631 1420 3713 1475 si-

2052 1499 2235 1564 nuati,
2269 1517 2445 1571 supra
2477 1517 2689 1572 corpus
2725 1503 3000 1574 martyris
3047 1503 3228 1559 stetit.
3278 1505 3442 1568 Quod
3495 1524 3711 1580 corpus

2050 1586 2109 1640 in
2143 1588 2334 1643 medio
2382 1589 2662 1660 positum,
2714 1606 2828 1644 non
2880 1596 3005 1646 erat
3052 1596 3116 1646 ut
3167 1608 3301 1648 caro
3332 1594 3569 1663 ardens,
3603 1598 3706 1652 sed

2050 1681 2327 1746 tanquam
2361 1677 2409 1731 si
2441 1695 2649 1732 aurum
2687 1683 2790 1732 aut
2835 1683 3143 1751 argentum
3192 1681 3252 1736 in
3302 1682 3534 1740 fornace
3565 1702 3704 1741 can-

2049 1765 2328 1821 desccret.
2360 1766 2507 1820 Tum
2541 1769 2817 1837 praeterea
2860 1767 3097 1824 odorem
3149 1770 3389 1826 naribus
3439 1774 3563 1828 suis
3594 1776 3705 1829 cir-

295 1864 384 1916 est
411 1877 445 1915 a
475 1875 607 1931 rege
637 1874 838 1913 eorum
868 1857 1158 1912 Chosdroe
1189 1873 1324 1912 cum
1367 1857 1497 1912 aliis
1546 1858 1934 1930 septuaginta.
1970 1882 2015 1945 Β
2047 1858 2412 1910 cumstantes
2438 1855 2762 1911 hauserunt
2788 1860 3071 1928 tanquam
3111 1858 3303 1914 thuris
3336 1861 3570 1930 incensi,
3608 1864 3696 1918 vel

293 1946 569 2020 Reliquias
599 1947 858 2018 corporis
887 1947 1014 2018 ejus
1047 1947 1235 2017 primo
1268 1945 1678 2017 Hierosolymis
1710 1949 1779 2001 ad
1814 1966 1936 2002 IDO-

291 2036 635 2108 nasterium,
674 2035 884 2090 deinde
934 2035 1178 2090 Romam
1229 2034 1452 2104 delatas,
1497 2041 1848 2090 venerantur
1878 2036 1934 2091 in

292 2125 649 2183 monasterio
675 2126 736 2180 B.
773 2123 1018 2196 apostoli
1045 2123 1205 2178 Pauli
1231 2123 1383 2194 quod
1411 2123 1627 2178 dicitur
1647 2125 1715 2178 ad
1739 2127 1935 2196 Aquas

425 2236 530 2273 IRS.

287 2217 530 2273 Salvias.

358 2307 488 2378 Ipso
519 2307 610 2360 die
642 2305 702 2359 in
729 2303 954 2367 Galliis,
987 2302 1216 2357 civitate
1238 2302 1568 2368 Ebreduno,
1592 2308 1930 2358 sanctorum

287 2402 612 2468 martyrum
642 2392 951 2460 Vincentii,
987 2391 1208 2446 Orontii
1243 2396 1298 2446 et
1327 2391 1596 2447 Victoris.

352 2503 400 2557 Χ
431 2503 566 2557 ΚΑι.
602 2502 774 2555 Fann.
809 2531 873 2540 -—
905 2499 1187 2554 Nativitas
1243 2500 1300 2554 S.
1356 2499 1652 2555 Parmenze
1703 2501 1930 2556 diaconi

285 2592 356 2646 de
387 2593 609 2661 septem
643 2588 886 2660 primis:
920 2587 1018 2659 qui
1065 2579 1315 2642 traditus
1363 2588 1564 2657 gratiae
1625 2588 1721 2642 Dei
1754 2607 1787 2643 a
1818 2590 1928 2644 fra-

281 2679 494 2746 tribus,
525 2677 854 2748 injunctum
873 2675 1130 2732 officium
1157 2676 1584 2747 prmdicationis
1617 2677 1787 2748 plena
1818 2679 1931 2734 fide

281 2766 732 2832 consummavit,
764 2771 820 2821 et
852 2765 1115 2837 martyrii
1146 2764 1402 2836 palmam
1436 2766 1679 2836 adeptus
1710 2766 1928 2836 Philip-

279 2861 372 2932 pis
403 2858 640 2930 quievit.

355 2947 550 3002 Romae
600 2942 1020 2998 Emerentiana:
1068 2939 1309 3011 virginis
1357 2940 1570 2995 Christi
1619 2945 1676 2996 et
1706 2946 1926 3014 marty-

281 3035 385 3102 ris,
444 3050 570 3106 quaa
629 3034 753 3088 erat
805 3027 1161 3085 collactanea
1233 3028 1290 3083 S.
1352 3029 1616 3101 Agnetis,
1671 3034 1727 3085 et
1785 3031 1923 3087 dum

280 3127 474 3181 oraret
529 3122 602 3178 ad
660 3117 998 3192 sepulcrum
1057 3117 1207 3188 ejus,
1267 3133 1334 3172 ac
1392 3117 1569 3173 simul
1627 3124 1926 3176 orantesa

278 3212 585 3287 gentilium
615 3209 852 3265 laesione
890 3207 1242 3274 defenderet,
1291 3205 1550 3278 lapidata
1595 3213 1680 3264 est
1711 3209 1783 3264 ab
1815 3210 1918 3266 eis.

277 3303 342 3359 In
383 3299 754 3370 Mauritania,
813 3297 1042 3353 civitate
1099 3295 1502 3363 Neocaesarzea,
1565 3297 1834 3355 nativitas
1864 3301 1916 3355 S.

272 3392 562 3448 Severiani
596 3393 652 3446 et
690 3386 910 3460 Aquilae
970 3386 1166 3442 uxoris
1223 3387 1350 3456 ejus
1410 3385 1645 3458 ignibus
1680 3389 1920 3444 combu-

272 3488 520 3538 storum.

345 3588 414 3644 IX
443 3588 577 3643 ΚΑΒ.
613 3587 786 3642 Fsaa.
818 3615 886 3623 —-
918 3582 1201 3638 Nativitas
1263 3582 1450 3637 sancti
1509 3583 1795 3640 Timothei
1832 3585 1918 3640 di-

270 3677 479 3750 scipuli
512 3678 573 3732 B.
627 3675 788 3730 Pauli
847 3671 1134 3744 apostoli:
1196 3671 1296 3742 qui
1356 3672 1508 3743 apud
1559 3672 1850 3744 Ephesum
1885 3691 1918 3730 a

262 3767 433 3824 beato
489 3763 750 3839 apostolo
806 3762 1116 3834 episcopus
1162 3759 1486 3829 ordinatus,
1539 3765 1670 3832 post
1699 3761 1915 3818 multos

265 3873 368 3928 pro
399 3855 629 3911 Christo
673 3869 888 3925 agones
945 3848 1237 3906 dormivit.
1298 3847 1476 3918 Cujus
1534 3866 1747 3920 corpus
1779 3867 1910 3907 cum

264 3942 532 4013 reliquiis
561 3943 711 3996 beati
742 3939 948 3995 Andraa
979 3942 1035 3994 et
1067 3939 1231 3994 Lucae
1270 3937 1545 3992 vicesimo
1577 3955 1729 3993 anno
1759 3938 1910 3994 Con-

262 4029 706 4102 stantinopolim
737 4028 1089 4082 translatum
1124 4032 1231 4082 est.

333 4138 502 4210 Apud
533 4133 902 4192 Antiochiam
956 4133 1142 4188 sancti
1199 4132 1419 4204 Babylaz
1483 4133 1738 4206 episcopi
1771 4153 1904 4191 cum

259 4229 449 4285 tribus
481 4221 898 4300 parvuliszqui
929 4221 1040 4278 sub
1120 4263 1132 4275 .
1213 4262 1225 4274 .
1305 4262 1317 4274 .
1400 4264 1412 4275 .
1493 4223 1666 4292 [Apud
1696 4225 1901 4291 Baron,

257 4319 370 4375 sub
391 4317 583 4386 Decio]
607 4318 990 4387 posteaquam
1015 4311 1349 4381 frequenter
1381 4310 1756 4380 passionibus
1779 4315 1902 4370 suis

252 4411 310 4463 et
347 4405 703 4462 cruciatibus
759 4401 1186 4475 gloriﬁcaverat
1242 4397 1579 4466 Dominum,
1637 4400 1900 4472 gloriosae

248 4496 377 4552 vitas
409 4496 584 4551 finem
615 4496 704 4548 est
743 4490 976 4546 fortitus
1024 4488 1082 4542 in
1131 4487 1382 4542 vinculis
1414 4505 1426 4555 ;
1478 4491 1536 4542 et
1584 4505 1698 4544 non
1731 4489 1899 4563 longe

247 4601 283 4640 a
311 4582 561 4639 Castalio
592 4582 749 4637 fonte
792 4578 1080 4651 sepultus,
1139 4577 1468 4649 Apollinem
1528 4577 1586 4631 in
1643 4579 1770 4650 ipso
1802 4596 1896 4636 ce-

245 4671 557 4728 leberrimo
596 4668 964 4726 oraculorum
1023 4683 1262 4722 suorum
1318 4666 1440 4722 loco
1497 4667 1794 4723 damnavit
1824 4669 1896 4724 si-

241 4760 442 4818 lentio.

311 4851 375 4906 In
403 4851 782 4906 Nesczesaraza
810 4847 1039 4903 civitate
1060 4845 1332 4901 nativitas
1362 4850 1697 4900 sanctorum
1731 4863 1882 4903 mar-

236 4944 431 5012 tyrum
461 4939 764 5006 Mardonii,
817 4935 1092 5004 Musonii,
1150 4934 1413 5007 Eugenii,
1473 4934 1750 5004 Marcelli,
1783 4937 1881 5009 qui

234 5046 438 5088 omnes
495 5030 615 5103 igni
673 5026 871 5084 traditi
930 5028 1088 5089 sunt,
1145 5028 1200 5079 et
1257 5022 1514 5095 reliquiae
1569 5040 1769 5081 eorum
1820 5027 1876 5082 in

229 5121 416 5176 Axum
448 5120 689 5176 ﬂuvium
717 5117 1013 5189 dispersae.

2051 1943 2457 2013 pretiosissimi
2492 1945 2794 2017 flagrantis
2825 1948 3127 2018 unguenti.
3162 1949 3249 2002 Ad
3285 1949 3568 2021 ultimum,
3601 1953 3690 2006 vi-

2048 2031 2252 2086 dentes
2284 2032 2519 2088 sceleris
2578 2033 2835 2088 ministri
2893 2052 3106 2106 corpus
3164 2037 3298 2108 igne
3356 2056 3462 2094 non
3519 2057 3695 2112 posse

2047 2121 2335 2188 consumi,
2359 2123 2669 2192 jusserunt
2706 2124 2949 2194 propius
2997 2125 3270 2182 accedere
3319 2129 3700 2198 confectores,

2045 2213 2102 2262 et
2140 2224 2352 2281 corpus
2409 2210 2502 2264 cui
2561 2211 2716 2282 ignis
2773 2217 3050 2281 cesserat,
3111 2231 3387 2272 mucrone
3446 2220 3700 2274 transfo-

2044 2298 2197 2353 dere.
2233 2301 2356 2363 Quo
2388 2300 2535 2355 facto
2569 2305 2687 2355 tam
2733 2299 2931 2373 largus
2988 2303 3266 2374 profusus
3296 2311 3386 2361 est
3436 2309 3707 2381 sanguis,

2044 2390 2107 2440 ut
2138 2387 2524 2460 restingueret
2555 2405 2782 2461 rogum.
2825 2397 2968 2446 Cum
2999 2409 3116 2463 quo
3147 2398 3204 2449 et
3255 2393 3353 2449 alii
3384 2395 3698 2454 duodecim

2042 2493 2109 2531 ex
2141 2476 2544 2548 Philadelphia
2587 2479 2905 2547 venientes,
2951 2482 3106 2551 apud
3158 2483 3459 2554 praefatam
3494 2486 3701 2543 urbem

2043 2565 2316 2637 martyrio
2347 2568 2738 2622 consummati
2770 2573 2926 2623 sunt.
2973 2570 3136 2625 Tunc
3183 2571 3358 2627 etiam
3391 2573 3697 2631 Germani~

2041 2670 2144 2708 cus
2175 2653 2394 2710 athleta
2422 2654 2637 2710 Christi
2680 2655 2951 2728 insignis,
2993 2659 3065 2713 ab
3099 2659 3316 2716 bestias
3350 2662 3694 2733 damnatus,

2039 2746 2095 2796 et
2151 2743 2302 2798 ultro
2359 2744 2430 2798 ad
2489 2745 2920 2802 devorationem
2981 2747 3071 2802 sui
3132 2765 3480 2820 provocans,
3515 2753 3694 2810 veloci

2040 2835 2222 2886 morte
2249 2847 2522 2886 coronam
2553 2834 2799 2905 adeptus
2830 2838 2918 2889 est
2960 2835 3088 2890 vita:
3118 2840 3365 2894 aeternae.

2109 2937 2323 2992 Eodem
2354 2938 2445 2994 die
2475 2949 2808 2996 sanctorum
2842 2946 3164 3014 martyrum
3195 2945 3529 3018 Theogenis
3560 2967 3694 3006 cum

2035 3025 2165 3083 aliis
2194 3026 2448 3099 trigenta
2472 3033 2590 3084 sex.

2109 3117 2247 3171 Item
2280 3117 2435 3187 apud
2485 3117 2776 3190 Biturigas
2836 3120 2988 3175 beati
3044 3120 3277 3194 Sulpitii
3335 3126 3604 3200 episcOpi
3635 3136 3688 3183 et

2033 3205 2406 3262 confessoris.

2103 3311 2174 3366 VI
2209 3313 2344 3367 KAL.
2383 3314 2550 3368 FEBR.
2584 3347 2650 3352 —
2682 3319 2746 3369 In
2776 3315 2971 3371 Africa
3020 3317 3294 3374 nativitas
3349 3321 3411 3376 S.
3445 3321 3683 3394 Juliani,

2033 3400 2345 3457 Vincentio:
2379 3407 2435 3457 et
2465 3402 2712 3458 aliorum
2745 3403 2984 3476 triginta
3015 3405 3289 3463 duorum.

2104 3489 2386 3547 Nativitas
2407 3491 2464 3546 S.
2488 3492 2732 3546 Joannis
2755 3492 3011 3566 episcopi
3027 3493 3682 3571 Constantinopolitani,

2029 3579 2127 3650 qui
2163 3597 2265 3651 pro
2329 3580 2478 3635 mira
2534 3584 2590 3636 et
2641 3581 3068 3653 pretiosissima
3127 3585 3385 3641 doctrina
3428 3588 3682 3662 Chryso-

2027 3671 2256 3722 stomus
2287 3667 2650 3740 appellatur:
2685 3670 2839 3740 quod
2875 3671 3075 3727 Latine
3123 3674 3528 3744 interpretatur
3555 3681 3678 3733 oris

2023 3758 2186 3810 aurei
2215 3755 2301 3810 vel
2333 3771 2389 3810 os
2418 3772 2648 3811 aureum
2677 3756 2896 3814 habens.
2931 3760 3041 3825 Qui
3072 3777 3177 3833 per
3209 3760 3412 3817 multos
3445 3777 3666 3836 agones

2022 3845 2198 3898 vitam
2230 3845 2550 3916 promeruit
2589 3847 3030 3919 sempiternam.

2094 3951 2234 4007 Item
2267 3951 2428 4006 Marii
2469 3953 2700 4009 abbatis
2758 3957 3096 4012 monasterii
3159 3958 3526 4026 Badocensis,
3559 3963 3675 4018 vita

2018 4046 2074 4097 et
2100 4041 2416 4098 virtutibus
2442 4041 2603 4098 clari.

2090 4132 2151 4185 In
2211 4130 2544 4186 Bethlehem
2602 4132 2767 4186 Judze
2835 4133 3108 4190 dormitio
3190 4135 3406 4205 Paulae,
3464 4143 3672 4197 matris

2017 4220 2334 4275 Eustochiae
2369 4220 2706 4289 [Eustochii]
2767 4222 3012 4294 virginis
3069 4223 3305 4280 Christi.
3365 4227 3502 4290 Quae
3532 4245 3667 4285 cum

2011 4313 2167 4364 esset
2196 4326 2264 4364 ex
2293 4308 2658 4364 nobilissimo
2692 4325 2902 4382 genere
2943 4317 3281 4368 senatorum
3316 4314 3535 4383 Romae,
3565 4318 3671 4372 ab-

2010 4397 2352 4453 renuntians
2411 4397 2640 4469 saeculo,
2699 4402 2757 4454 et
2811 4399 3022 4472 opibus
3073 4402 3198 4457 suis
3259 4402 3318 4458 in
3378 4421 3670 4478 pauperes

2007 4487 2280 4559 erogatis,
2341 4485 2554 4541 Christi
2612 4492 2924 4544 consecuta
2982 4495 3070 4545 est
3123 4498 3551 4563 paupertatem,
3612 4503 3672 4551 et

2008 4577 2161 4647 apud
2194 4577 2499 4648 praefatum
2531 4575 2833 4648 oppidum,
2874 4577 3178 4634 Dominica
3210 4581 3507 4638 nativitate
3537 4583 3668 4657 glo-

2007 4664 2248 4732 riosum,
2273 4664 2935 4738 monasteriivirginalis
2973 4668 3194 4723 exstitit
3236 4674 3440 4726 mater.
3477 4671 3666 4744 Cujus

2001 4754 2193 4808 Vitam
2225 4753 2539 4808 virtutibus
2570 4753 2977 4810 admirandam
3008 4759 3060 4811 S.
3100 4756 3490 4830 Hieronymus
3523 4763 3670 4818 scri-

1999 4843 2163 4910 bens,
2188 4847 2438 4898 testatur
2460 4858 2588 4897 eam
2630 4841 2800 4915 longe
2824 4850 3160 4901 coronatam
3202 4863 3330 4903 esse
3354 4851 3661 4923 martyrio.

1992 4932 2384 5004 Ejusdemque
2415 4931 2795 5003 petitionibus
2851 4950 3141 5005 annuens,
3191 4936 3438 4993 confecit
3472 4938 3660 5010 pluri-

1993 5039 2088 5078 ma
2119 5020 2422 5094 opuscula.

2057 5133 2124 5183 V.
2160 5129 2295 5184 KAL.
2329 5128 2500 5183 Fsaa.
2526 5158 2594 5167 —
2623 5127 2834 5185 Octava
2865 5135 3079 5187 sanctae
3113 5136 3314 5204 Agnaa,
3348 5133 3655 5206 vel,juxta

299 5225 428 5282 VIII
486 5227 621 5282 ΚΑΙ..
682 5225 852 5279 ana.
890 5253 956 5263 .-
985 5224 1178 5276 Romae
1239 5219 1544 5275 translatio
1603 5221 1660 5276 S.
1713 5221 1873 5278 Pauli
1983 5218 2290 5290 quosdam,
2319 5215 2530 5272 natalis
2559 5218 2829 5289 geminus
2887 5218 3223 5292 [geminus].

225 5315 496 5388 apostoli,
541 5320 598 5371 et
652 5311 948 5370 conversio
1005 5311 1132 5380 ejus
1189 5309 1345 5381 apud
1394 5308 1872 5379 Damascum;et

221 5404 440 5460 ibidem
475 5405 748 5460 nativitas
776 5407 833 5457 S.
867 5400 1128 5464 Ananiae,
1169 5398 1268 5470 qui
1319 5398 1587 5454 eumdem
1624 5399 1868 5457 Paulum

219 5486 553 5563 baptizavit.

293 5579 446 5633 Alibi
492 5580 766 5635 nativitas
797 5580 855 5633 S.
907 5576 1154 5647 Projecti
1204 5575 1496 5648 martyris.
1542 5578 1866 5634 Constanti-

221 5660 439 5733 nopoli,
471 5664 728 5736 Gregorii
750 5663 1046 5735 Theologi.

2054 5310 2116 5364 In
2146 5307 2375 5362 civitate
2423 5305 2783 5378 Appollonia,
2823 5309 3030 5375 Leucii,
3091 5309 3318 5382 Thyrsi,
3356 5311 3634 5371 Gallinici

1983 5401 2330 5468 martyrum.
2367 5394 2473 5460 Qui
2521 5395 2886 5467 temporibus
2936 5397 3306 5470 imperatoris
3338 5400 3500 5457 Decii
3534 5404 3641 5459 sub

1977 5485 2325 5559 praesidibus
2338 5483 2687 5555 Cymbricio,
2700 5484 2968 5558 Sylvano,
2985 5491 3041 5542 et
3054 5487 3272 5558 Baudo,
3289 5489 3542 5548 diversis
3556 5499 3636 5548 to-

1975 5571 2662 5644 rmentorumgeneribus
2692 5575 3030 5647 excruciati,
3052 5577 3280 5650 primus
3308 5583 3365 5634 et
3386 5581 3633 5637 ultimus

1973 5661 2330 5725 abscissione
2369 5659 2598 5734 capitis,
2649 5663 2877 5722 medius
2923 5666 3139 5725 caelesti
3183 5683 3323 5727 voce
3354 5674 3625 5732 evocatus
