4012 6198
357 357 511 421 1045

1375 350 2087 419 MARTYBOI.OGlUM.
2123 381 2200 396 --
2230 350 2465 413 MENS.
2513 351 2739 412 FEBR.

3602 348 3770 412 1046

428 492 593 565 Apud
627 493 977 564 Lugdunum
1010 490 1290 547 Desiderii
1334 490 1588 564 episcopi
1619 496 1676 546 et
1707 488 1997 561 martyris,
2030 485 2085 552 Α
2116 486 2442 558 obtulisset,
2478 484 2620 541 utsi
2672 500 2815 557 puer
2865 485 3191 546 sanaretur,
3240 480 3364 552 ipse
3412 497 3545 537 cum
3594 482 3753 537 omni

360 584 457 654 qui
489 584 695 638 beatus
724 583 828 651 vir,
861 599 1071 654 passus
1118 582 1356 653 quidem
1403 586 1491 637 est
1540 581 1598 635 in
1650 579 1998 635 Prisciniaco

358 671 511 741 villa,
536 672 825 727 territorio
854 672 1291 743 Lugdunensi,x
1316 671 1436 725 Kal.
1469 668 2000 726 Junii.Translatus

358 765 445 815 est
477 765 669 815 autem
698 761 982 814 Viennam
1018 761 1073 814 in
1109 760 1400 815 civitatem
1434 760 1524 815 sui
1558 758 1944 831 episcopatus.

429 848 808 915 Alexandriae,
864 849 1151 921 depositio
1182 850 1239 904 S.
1301 848 1717 920 Euphrosynen,
1781 864 1910 918 quae
1940 848 1998 901 in

361 936 713 993 monasterio
746 939 894 992 mira
924 938 1135 992 virtute
1194 937 1559 993 abstinentia:
1618 942 1674 991 et
1704 934 2001 991 miraculis

358 1026 531 1081 etiam
565 1026 790 1081 claruit.

429 1120 631 1185 Pmnle
665 1118 739 1170 In.
779 1118 947 1171 Fesa.
982 1149 1049 1157 —-
1082 1117 1141 1171 ln
1179 1117 1491 1188 Hispaniis,
1528 1116 1754 1171 civitate
1788 1114 1999 1169 Barcil-

358 1204 510 1271 lone,
545 1206 811 1260 nativitas
842 1207 894 1260 S.
930 1205 1162 1260 Eulalia:-
1184 1206 1425 1277 virginis
1457 1210 1511 1260 et
1534 1204 1838 1275 martyris:
1875 1220 1999 1274 qua)

357 1310 531 1365 passa
561 1299 649 1347 est
678 1298 935 1363 tempore
968 1293 1305 1349 Diocletiani
1330 1295 1696 1365 imperatoris
1723 1294 1833 1347 sub
1857 1310 1999 1364 prae-

360 1383 505 1437 fecto
546 1382 958 1453 Hispaniarum
1018 1383 1300 1449 Datiano;
1337 1383 1570 1454 quando
1629 1382 1741 1436 sub
1796 1382 1998 1435 eodem

358 1471 508 1540 apud
543 1470 922 1525 Barcillonem
950 1476 1216 1525 sanctum
1249 1472 1609 1539 Cucufatem,
1635 1475 1689 1525 et
1720 1470 1873 1539 apud
1898 1471 2001 1524 Ge-

358 1560 606 1614 rundam
640 1565 904 1615 sanctum
957 1560 1221 1628 Felicem,
1255 1560 1539 1632 gloriosas
1590 1565 1819 1614 constat
1850 1576 2000 1613 mar-

354 1648 486 1718 tyrii
518 1649 811 1720 accepisse
842 1666 1107 1703 coronas.

428 1736 490 1791 In
522 1737 712 1791 Africa
744 1738 939 1807 passio
970 1739 1027 1792 S.
1064 1738 1327 1792 Damiani
1351 1738 1576 1792 militis.

429 1824 785 1880 Alexandria:
817 1827 1053 1881 Modesti
1086 1832 1142 1880 et
1172 1827 1462 1881 Ammonii
1496 1826 1807 1881 infantum.

427 1914 620 1969 Romae
649 1915 907 1985 Gregorii
930 1932 1089 1986 papae
1110 1916 1478 1987 secundi,qui
1506 1916 1653 1970 rexit
1680 1915 1995 1970 Ecclesiam

354 2002 607 2057 sedecim
643 2004 833 2067 annis,
870 2004 1075 2058 Leonis
1125 2008 1180 2058 et
1218 2004 1537 2059 Constantii
1581 2005 1997 2076 imperatorum

353 2091 734 2161 temporibus.
760 2091 866 2156 Qui
899 2092 985 2145 vir
1014 2096 1229 2158 castus,
1255 2098 1311 2147 et
1339 2094 1397 2146 in
1431 2093 1642 2147 divinis
1682 2093 1999 2163 Scripturis

353 2179 714 2247 eruditus,in
736 2179 1107 2234 Germaniam
1137 2198 1238 2252 per
1268 2182 1629 2237 Bonifacium
1660 2183 1998 2253 episcopum

353 2268 595 2321 verbum
627 2267 836 2322 salutis
860 2269 1210 2340 praedicavit.
1246 2272 1541 2341 Idemque,
1576 2278 1639 2325 ut
1665 2272 1721 2326 in
1755 2272 2000 2342 quadra-

352 2356 619 2428 gesimali
652 2358 1145 2429 tempore,quinta
1173 2360 1312 2414 feria
1335 2360 1631 2431 jejunium
1657 2366 1831 2432 atque
1854 2361 1999 2415 mis-

354 2461 553 2499 sarum
586 2444 897 2501 celebratio
931 2446 1113 2513 ﬁeret,
1147 2448 1301 2519 quod
1349 2465 1461 2503 non
1495 2449 1796 2520 agebatur,
1829 2450 1998 2505 insti-

352 2533 484 2588 tuit.

428 2622 505 2679 In.
544 2624 714 2678 Frena.
746 2656 814 2665 -—
842 2627 1002 2696 Apud
1035 2625 1406 2681 Antiochiam
1439 2627 1710 2681 nativitas
1735 2629 1791 2682 S.
1818 2628 1997 2698 Agabi

354 2711 642 2783 propheta:
672 2731 684 2779 ;
719 2714 788 2768 de
819 2731 934 2784 quo
966 2715 1022 2768 in
1054 2715 1295 2769 Actibus
1326 2715 1719 2786 apostolorum
1754 2718 1999 2771 refertur

349 2800 510 2869 (Act.,
547 2818 623 2865 χι,
654 2803 767 2871 xx1)
802 2803 954 2872 quod
1004 2808 1062 2857 et
1093 2820 1365 2875 magnam
1416 2806 1627 2859 famem
1678 2811 1733 2859 et
1776 2806 1997 2875 passio-

350 2903 483 2941 nem
516 2888 676 2943 Pauli
708 2890 954 2962 apostoli
981 2891 1326 2961 praedixerit.

421 2977 483 3030 In
520 2977 781 3033 Militena
810 2980 1094 3033 Armenia:
1127 2981 1397 3035 nativitas
1429 2983 1485 3036 S.
1520 2982 1811 3053 Polyeucti
1845 2998 1995 3036 mar-

347 3066 511 3135 tyris,
545 3066 643 3136 qui
680 3067 882 3121 Latine
914 3068 1328 3139 interpretatur
1350 3072 1589 3125 multum
1615 3088 1799 3125 orans.

422 3154 690 3224 Lugduni
722 3156 1007 3225 depositio
1040 3158 1098 3212 S.
1130 3158 1407 3228 Stephani
1441 3158 1717 3228 episcopi.

2108 578 2283 633 domo
2332 595 2440 631 sua
2490 576 2652 631 ﬁeret
2707 572 3095 637 Christianus,
3140 575 3343 626 sanato
3392 587 3593 642 puero,
3629 571 3754 642 ipse

2110 668 2263 739 quod
2296 665 2642 738 promiserat
2672 662 2970 734 implevit;
2996 666 3169 733 atque
3190 677 3324 715 cum
3344 676 3519 715 uxore
3549 664 3607 715 et
3628 662 3755 715 uni-

2109 774 2274 813 versa
2304 757 2478 810 domo
2509 754 2857 825 baptizatus,
2890 768 3005 807 non
3039 755 3169 823 post
3200 750 3416 806 multos
3444 750 3568 805 dies
3605 766 3755 805 mar-

2109 847 2256 920 tyrio
2286 848 2731 900 consummatus
2756 847 2863 898 est.

2184 934 2554 1001 Interamnis,
2589 936 2802 987 sanctae
2831 932 3039 1002 Agapaa
3075 928 3325 1001 [Agapis]
3349 928 3610 999 virginis.

2185 1030 2247 1080 In
2279 1022 2489 1088 Brixia,
2526 1020 2786 1076 Faustini
2819 1020 3112 1092 martyris.

2186 1114 2247 1167 In
2276 1110 2601 1179 Antiochia,
2632 1109 2869 1181 Josephi
2902 1109 3150 1163 diaconi.

2182 1203 2345 1275 Apud
2380 1201 2660 1255 Sebasten
2692 1197 2981 1253 civitatem
3006 1198 3199 1269 passio
3221 1196 3458 1253 S.Blasii
3479 1196 3756 1269 episcopi.

2111 1294 2217 1359 Qui
2252 1291 2569 1346 multorum
2605 1292 2864 1361 patrator
2910 1286 3327 1343 miraculorum
3374 1288 3483 1342 sub
3514 1286 3759 1358 preside

2110 1381 2409 1453 Agricolao
2441 1383 2572 1450 post
2601 1378 2888 1431 diutinam
2922 1376 3248 1447 cresionem,
3282 1381 3412 1447 post
3440 1392 3751 1446 carcerem,

2111 1476 2283 1541 atque
2310 1470 2444 1523 inde
2474 1466 2920 1539 suspensionem
2970 1465 3029 1519 in
3083 1464 3241 1537 ligno
3295 1464 3391 1519 ubi
3426 1466 3753 1537 pectinibus

2111 1559 2310 1614 ferreis
2343 1573 2547 1612 carnes
2577 1557 2705 1626 ejus
2757 1555 3033 1626 disruptze
3083 1557 3261 1621 sunt;
3295 1558 3494 1625 postea
3539 1554 3750 1608 iterum

2108 1648 2473 1703 teterrimum
2498 1660 2809 1713 carcerem,
2838 1648 2967 1714 post
2995 1643 3421 1698 demersionem
3447 1642 3504 1697 in
3535 1641 3748 1709 lacum;

2109 1738 2263 1793 unde
2284 1739 2675 1808 supernatans
2696 1732 2893 1788 salvus
2914 1732 3088 1787 exivit
3110 1730 3752 1802 :jubenteiniquissimo

2027 1860 2074 1923 Β
2102 1827 2299 1897 judice
2320 1824 2509 1896 capite
2529 1824 2599 1879 ad
2624 1827 2947 1878 extremum
2974 1837 3107 1876 cum
3131 1821 3361 1875 duobus
3384 1819 3578 1890 pueris
3595 1824 3755 1873 trun-

2108 1920 2292 1986 catur,
2327 1913 2516 1969 felicia
2544 1929 2725 1985 regna
2772 1928 2890 1965 una
2929 1926 3062 1964 cum
3093 1909 3237 1981 ipsis
3267 1908 3587 1978 ingressus.
3625 1909 3755 1981 Ipso

2110 2009 2304 2060 autem
2338 2004 2529 2058 adhuc
2580 2001 2922 2074 agonizante
2965 2002 3184 2069 septem
3236 1997 3512 2053 mulieres
3544 1998 3755 2053 beatis-

2110 2096 2426 2165 simae,quaz
2450 2096 2645 2165 guttas
2668 2088 2975 2161 sanguinis
2998 2088 3125 2156 ejus
3149 2086 3501 2157 profluentes
3531 2087 3600 2140 de
3622 2087 3758 2140 bea-

2108 2182 2357 2238 tissimis
2389 2181 2576 2254 plagis
2606 2178 2864 2250 corporis
2912 2176 3101 2248 ipsius
3149 2174 3519 2247 colligebant,
3552 2176 3755 2245 depre-

2110 2272 2304 2327 hensae
2324 2272 2475 2342 quod
2503 2274 2699 2325 essent
2728 2266 3229 2336 Christianospost
3250 2264 3547 2320 caminum
3581 2264 3755 2337 ignis,

2110 2360 2209 2415 ubi
2242 2360 2483 2433 plumbo
2515 2357 2899 2430 superinfusre
2917 2358 3217 2425 sunt,post
3242 2352 3497 2425 pectines
3518 2354 3753 2423 ferreos,

2109 2450 2325 2521 quibus
2355 2465 2558 2505 carnes
2588 2463 2788 2502 earum
2822 2446 3121 2516 disruptze,
3157 2448 3289 2516 post
3318 2460 3495 2499 aereas
3525 2444 3755 2499 tunicas

2109 2540 2516 2605 excandentes,
2551 2535 2865 2591 novissime
2911 2536 3046 2589 data
3076 2532 3369 2588 sententia
3395 2532 3588 2605 gladio
3620 2549 3754 2605 per-

2108 2644 2313 2697 cussaz,
2346 2628 2596 2697 datoque
2633 2624 2814 2697 pretio
2864 2622 3191 2695 sanguinis,
3226 2621 3405 2676 vitam
3455 2622 3754 2677 mereban-

2106 2720 2202 2771 tur
2231 2722 2527 2771 zeternam.

2180 2803 2297 2858 XIV
2327 2809 2464 2858 KAL.
2500 2806 2677 2856 Maa'r.
2710 2832 2777 2841 —
2807 2800 3094 2856 Nativitas
3125 2801 3183 2856 S.
3211 2800 3605 2872 Onesimi,pro
3637 2816 3752 2872 quo

2110 2897 2167 2946 Β.
2181 2892 2392 2947 Paulus
2408 2890 2706 2962 apostolus
2719 2890 3042 2945 Philemoni
3059 2888 3373 2945 familiares
3386 2888 3610 2944 litteras
3625 2889 3753 2943 mit-

2105 2982 2380 3045 tit.Quem
2396 2981 2548 3035 idem
2565 2982 2768 3034 beatus
2786 2978 3083 3049 apostolus
3096 2978 3369 3049 episcopu
3382 2994 3434 3031 m
3449 2977 3751 3044 ordinans,

2106 3070 2275 3141 eique
2289 3069 2717 3141 prmdicationis
2733 3069 2972 3123 verbum
2988 3067 3543 3138 committens,apud
3563 3066 3751 3139 Ephe-

2108 3159 2328 3213 siorum
2353 3159 2643 3212 civitatem
2668 3156 3035 3228 reliquit.Cui
3067 3156 3376 3227 episcopus
3402 3160 3532 3227 post
3563 3160 3621 3209 Β.
3656 3156 3752 3211 Ti-

417 3223 535 3297 XVI
568 3243 701 3297 ΚΑι.
737 3223 964 3297 MART“.
995 3275 1062 3284 —-
1096 3223 1287 3299 Romae
1322 3223 1592 3300 nativitas
1708 3247 1992 3302 Valentini
2026 3223 2068 3287 C
2109 3246 2408 3300 motheum
2439 3251 2495 3299 et
2525 3246 2648 3317 ipse
2680 3223 2966 3315 praesedit.
3001 3223 3381 3317 QuiiBomiam
3402 3223 3750 3313 perductus,

349 3331 697 3402 presbyteri,
733 3332 831 3403 qui
866 3336 996 3403 post
1027 3333 1211 3388 multa
1244 3333 1560 3388 sanitatum
1606 3339 1661 3388 et
1721 3336 1994 3390 doctrinas

348 3418 604 3491 insignia
635 3420 889 3476 fustibus
923 3439 1127 3487 caesus,
1159 3426 1215 3477 et
1259 3422 1342 3477 sic
1391 3422 1709 3479 decollalus
1755 3433 1839 3480 est
1884 3426 1995 3480 sub

347 3507 584 3564 Claudio
617 3513 856 3565 Caesare.

421 3597 635 3653 Eodem
663 3598 755 3654 die
784 3599 977 3654 Romae
1009 3600 1203 3672 passio
1226 3601 1578 3657 S.Valentini
1604 3602 1997 3658 Interamnen-

349 3686 432 3741 eis
464 3687 742 3758 episcopi.
778 3688 883 3751 Qui
917 3693 1110 3745 tentus
1142 3707 1176 3745 a
1205 3691 1450 3763 paganis
1482 3708 1548 3745 ac
1578 3692 1757 3765 virgis
1789 3709 1991 3759 caesus,

349 3780 553 3845 etpost
574 3775 916 3832 diuturnam
931 3779 1144 3833 caedem
1166 3780 1444 3835 custodiae
1462 3782 1993 3852 mancipetus,cum

351 3865 612 3935 superari
644 3881 759 3920 non
792 3871 1009 3937 posset,
1044 3867 1244 3922 media:
1278 3871 1464 3925 noctis
1494 3870 1744 3938 silentio,
1774 3872 1995 3941 ejectus

352 3952 421 4007 de
444 3969 690 4023 carcere,
725 3953 1045 4010 decollalus
1094 3960 1201 4027 est,
1226 3958 1491 4027 jussione
1541 3959 1740 4015 furiosi
1776 3959 1994 4015 Placidi

353 4042 521 4097 Urbis
553 4042 826 4114 prmfecti.
854 4046 1033 4107 Quem
1068 4062 1199 4099 cum
1228 4046 1498 4118 discipuli
1531 4051 1657 4119 ejus
1688 4049 1995 4116 Proculus,

351 4131 623 4203 prebus
655 4135 710 4185 et
742 4132 1082 4205 Apollonius
1114 4135 1183 4188 ad
1235 4134 1523 4190 civitatem
1557 4153 1724 4191 suam
1759 4138 1993 4193 retulis-

350 4225 497 4290 sent,
532 4220 727 4276 ethoc
780 4221 1067 4276 consulari
1120 4224 1356 4278 Leontio
1390 4226 1721 4280 nuntiatum
1767 4227 1993 4299 fuisset,

341 4309 525 4379 jussit
555 4325 654 4365 eos
684 4311 869 4382 capite
901 4310 1060 4365 caedi.
1095 4312 1199 4377 Qui
1232 4330 1346 4367 non
1381 4320 1518 4369 sunt
1548 4314 1715 4386 longe
1738 4334 1768 4370 a
1800 4333 1995 4389 corpo-

352 4414 412 4452 re
445 4399 502 4452 S.
534 4399 824 4453 Valentini
854 4400 1090 4472 sepulti.

426 4487 567 4542 Item
601 4488 815 4557 Romae,
847 4488 940 4542 via
971 4490 1303 4559 Ardeatina,
1340 4490 1623 4560 Feliculaa,
1656 4493 1861 4549 Vitalis
1894 4496 1991 4549 Ze-

349 4576 540 4632 nonis.

422 4668 484 4721 In
519 4668 671 4741 Egea
701 4669 931 4727 civitate
962 4672 1019 4727 S.
1050 4671 1292 4728 Juliani.

418 4757 583 4828 Apud
618 4757 1027 4815 Alexandriam
1082 4762 1353 4817 nativitas
1398 4766 1731 4818 sanctorum
1777 4768 1990 4836 marty-

354 4863 481 4901 rum
514 4847 699 4915 Bassi,
735 4849 986 4921 Antonii,
1022 4850 1312 4918 Protolici,
1348 4851 1443 4923 qui
1499 4852 1553 4905 in
1619 4869 1777 4906 mare
1818 4853 1992 4907 mersi

353 4941 511 4990 sunt.
548 4937 688 4993 Item
727 4939 987 5009 Cyrionis
1030 4940 1369 5012 presbyteri,
1412 4941 1693 5013 Moyseos,
1730 4942 1991 4997 Bassiani

351 5024 603 5093 lectoris,
631 5027 955 5099 Agathonis
981 5030 1299 5099 exorcistaa,
1326 5030 1423 5100 qui
1456 5045 1660 5085 omnes
1690 5030 1807 5102 igni
1843 5046 1995 5085 com-

350 5113 509 5170 busti
543 5120 699 5184 sunt.

425 5205 567 5259 Item
602 5205 853 5277 Dionysii
885 5208 941 5260 et
970 5207 1261 5262 Ammonii
1298 5208 1735 5263 decollatorum.

422 5294 519 5348 XV
550 5295 684 5349 ΚΑι.
733 5294 919 5349 MART.
970 5326 1041 5336 —
1097 5284 1289 5350 Romae
1356 5298 1619 5353 Cratonis
1688 5298 1993 5370 martyris:

352 5382 451 5451 qui
485 5399 616 5437 cum
652 5384 889 5437 haberet
922 5382 1107 5437 {ilium
1139 5383 1569 5440 Chaeremonem
1604 5386 1863 5452 nomine,
1898 5387 1991 5457 qui

352 5470 635 5524 inciderat
664 5470 722 5524 in
755 5472 1155 5541 aegritudinem
1189 5473 1619 5543 gravissimam,
1641 5477 1711 5529 ad
1746 5492 1995 5546 eumque

354 5559 683 5613 sanandum
719 5560 780 5613 Β.
817 5559 1186 5615 Valentinum
1223 5561 1741 5618 Interammensem
1775 5563 1995 5634 episco-

354 5666 495 5722 pum
525 5648 1151 5720 evocasset,eidemque
1182 5649 1374 5722 ipsum
1401 5652 1511 5707 sub
1534 5651 1635 5707 tali
1667 5651 1997 5709 conditione

2106 3337 2281 3404 atque
2312 3332 2390 3386 ibi
2424 3348 2526 3403 pro
2551 3314 2778 3385 ‘ﬁdeICh
2791 3330 2912 3384 risti
2935 3314 3251 3400 lapidatus,
3276 3328 3544 3400 sepultus
3564 3335 3653 3386 est
3672 3331 3753 3386 ibi

2106 3421 2361 3493 primum
2394 3418 2604 3473 Christi
2642 3422 2878 3490 martyr.
2915 3418 3050 3471 Inde
3082 3418 3152 3472 ad
3179 3416 3303 3472 loca
3324 3417 3421 3472 ubi
3453 3418 3641 3473 fuerat
3661 3435 3751 3475 or-

2105 3510 2346 3565 dinatus
2378 3507 2689 3580 episcopus
2719 3523 2930 3579 corpus
2961 3506 3089 3576 ejus
3121 3505 3401 3560 delatum.

2179 3599 2238 3653 In
2271 3598 2471 3653 Cumis
2502 3595 2775 3651 nativitas
2805 3594 3109 3650 S.Juliana:
3139 3593 3401 3666 virginis.
3435 3597 3570 3660 Quae
3601 3601 3751 3652 tem-

2108 3687 2351 3758 poribus
2378 3685 2709 3741 Maximiani
2740 3684 3133 3756 imperatoris,
3167 3682 3355 3754 primo
3387 3700 3419 3738 a
3451 3687 3613 3756 patre
3645 3703 3751 3741 suo

2106 3776 2375 3831 Africano
2405 3792 2552 3830 czesa
2582 3779 2639 3829 et
2668 3773 2922 3847 graviter
2967 3772 3225 3826 cruciata
3254 3776 3363 3839 est,
3395 3772 3603 3827 deinde
3633 3778 3689 3827 et
3719 3791 3753 3829 a

2106 3867 2371 3938 praefecto
2402 3864 2650 3927 Eleusio,
2698 3879 2872 3935 quem
2921 3877 3203 3933 sponsum
3249 3860 3553 3929 habuerat,
3593 3864 3753 3919 nuda

2104 3955 2282 4027 virgis
2314 3971 2479 4019 cmsa,
2513 3959 2567 4007 et
2590 3970 2621 4006 a
2651 3950 2877 4022 capillis
2900 3954 3269 4022 suspensa,et
3301 3949 3539 4022 plumbo
3562 3951 3751 4008 soluto

2107 4062 2139 4099 τι
2170 4044 2355 4115 capite
2385 4044 2640 4115 perfusa,
2673 4045 2729 4096 ct
2776 4057 3009 4096 rursum
3059 4040 3118 4093 in
3177 4056 3465 4094 carcerem
3500 4046 3749 4113 recepta,

2106 4133 2203 4188 ubi
2238 4132 2426 4203 palam
2460 4148 2591 4187 cum
2620 4129 2850 4185 diabolo
2873 4128 3213 4194 conﬂixit;et
3236 4144 3468 4183 rursum
3492 4135 3747 4200 evocata,

2104 4228 2363 4278 rotarum
2396 4224 2707 4285 tormenta,
2742 4220 3010 4274 ﬂammas
3042 4218 3291 4289 ignium,
3323 4216 3497 4271 ollam
3531 4218 3751 4272 ferven-

2105 4320 2220 4367 tem
2256 4311 2568 4383 superavit,
2603 4327 2667 4365 ac
2716 4306 3096 4364 decollatiune
3144 4304 3349 4377 capitis
3407 4306 3751 4376 martyrium

2106 4399 2696 4463 consummavitQuze
2727 4414 2900 4470 passa
2929 4400 3021 4450 est
3051 4394 3287 4463 quidem
3314 4394 3372 4447 in
3392 4392 3749 4462 Nicomedia,

2107 4489 2206 4544 sed
2241 4494 2372 4562 post
2401 4505 2652 4561 paucum
2684 4491 2939 4557 tempus,
2977 4486 3087 4540 Deo
3118 4482 3483 4554 disponente,
3507 4482 3565 4537 in
3588 4487 3755 4539 Cam-
3834 4534 3837 4535 ν

2027 4595 2072 4659 D
2107 4578 2340 4651 paniam
2374 4577 2674 4632 translata.

2177 4668 2390 4724 Eodem
2421 4667 2512 4721 die
2542 4666 2598 4719 in
2646 4666 2883 4736 .Egypto
2911 4660 3131 4717 Juliani
3162 4676 3297 4715 cum
3346 4658 3475 4716 aliis
3505 4677 3749 4718 numero

2102 4759 2365 4830 quinque
2397 4754 2679 4811 millibus.

2179 4849 2240 4903 ln
2270 4844 2568 4918 Hispania,
2602 4843 2833 4897 civitate
2861 4838 3572 4906 Barcillone,S.Cucufatis
3591 4855 3750 4895 mar-

2104 4937 2267 5009 tyris.

2178 5026 2239 5080 In
2272 5024 2482 5088 Africa;
2513 5020 2699 5077 sancti
2733 5019 2990 5075 Maximi.

2178 5114 2319 5168 Item
2352 5111 2651 5178 Secundae,
2683 5108 2841 5164 Sauli
2874 5106 3164 5179 [Seleucil

2178 5204 2301 5259 Xlll
2336 5202 2469 5256 KAL.
2503 5203 2686 5254 MART.
2723 5230 2785 5238 —
2818 5199 2880 5252 In
2914 5196 3148 5250 Perside
3190 5193 3464 5249 nativitas
3494 5193 3556 5247 B.
3592 5193 3752 5267 Poly-

2106 5292 2330 5349 chronii
2362 5285 3006 5361 martyris,Babylonim,
3030 5289 3086 5339 ct
3113 5281 3447 5339 Ctesifontis
3472 5282 3749 5354 episcopi.

2107 5382 2210 5446 Qui
2244 5383 2527 5452 preasente
2550 5376 2719 5432 Decio
2750 5375 3194 5445 imperatore,os
3217 5371 3513 5443 lapidibus
3541 5387 3746 5441 caesus,

2110 5470 2381 5526 manibus
2413 5465 2680 5522 extentis.
2714 5462 2896 5518 oculis
2927 5463 2997 5517 ad
3033 5461 3239 5515 coelum
3275 5459 3533 5525 elevatis,
3557 5460 3754 5515 emisit

2108 5560 2402 5632 spiritum.
2436 5556 2725 5626 Scriptum
2778 5553 2834 5606 in
2893 5551 3163 5622 passione
3218 5554 3274 5602 S.
3328 5548 3641 5603 Laurentii.
3687 5550 3749 5605 In

2106 5648 2294 5705 Africa
2323 5649 2660 5703 sanctorum
2693 5641 2898 5698 Donati
2926 5647 2982 5696 et
3010 5638 3384 5695 Secundiani.
3419 5637 3481 5694 In
3512 5637 3751 5711 Aquilea
