4012 6198
273 342 428 406 104⁵1

1163 341 1232 402 Β.
1282 341 1628 404 NOTKERI
1671 338 2008 402 BALBULI
2053 340 2120 402 ἓ.
2169 343 2397 408 GALLI
2439 341 2795 408 MONACHI

3523 333 3683 397 1048

269 473 606 548 'Crysanthi,
643 472 930 545 Eutychii,
963 474 1313 541 Concordiae,
1345 474 1522 541 Justi,
1557 472 1923 540 Romuli,Sa-
1951 473 2008 539 Α
2110 477 2172 532 In
2200 477 2394 532 Africa
2423 480 2757 534 sanctorum
2783 471 3000 542 Veruli,
3042 467 3379 538 Secundini,
3430 465 3691 534 Servuli,

276 565 450 632 Ionis,
473 561 705 631 Sylvani
725 566 781 616 et
801 560 1049 616 aliorum
1073 562 1366 633 octoginta
1387 566 1919 634 quatuor,quorum

276 653 516 710 nomina
545 653 699 707 Deus
729 650 857 706 scit.
889 649 1041 704 Alibi
1073 649 1358 721 Januarii,
1387 655 1444 706 et
1473 651 1722 706 aliorum
1753 650 1920 706 valde

275 742 620 799 multorum.

346 831 444 886 XII
480 831 612 885 KAL.
647 832 830 883 MART.
863 858 932 867 ——
962 827 1776 900 Hierosolymis,B.Simeonis
1805 829 1922 900 epi-

273 919 431 992 scopi
463 923 521 973 et
551 917 844 990 martyris,
865 917 966 988 qui
998 917 1246 972 traditur
1277 917 1642 989 propinquus
1663 917 1918 973 Salvato-

270 1008 351 1064 ris
383 1007 566 1062 fuisse
616 1006 944 1061 secundum
988 1022 1244 1061 carnem.
1278 1005 1517 1060 Constat
1556 1009 1751 1059 tamen
1784 1004 1924 1074 quia

268 1097 337 1152 de
367 1095 619 1166 Cleopha
648 1096 818 1165 cujus
853 1093 1008 1149 filius
1037 1095 1166 1161 fuit,
1201 1095 1378 1148 frater
1410 1098 1534 1148 erat
1561 1093 1796 1164 Joseph.

340 1185 554 1241 Eodem
587 1184 678 1238 die
701 1183 975 1240 nativitas
989 1189 1325 1238 sanctorum
1348 1187 1671 1254 martyrum
1695 1183 1918 1238 Claudii

273 1279 332 1329 et
363 1273 561 1328 uxoris
591 1274 718 1344 ejus
750 1273 1226 1344 Prmpedignm,et
1252 1270 1502 1326 Iiliorum
1536 1272 1844 1327 Alexandri
1866 1275 1923 1326 et

274 1363 542 1428 Curias,et
570 1363 766 1418 fratris
797 1361 1024 1418 Claudii
1056 1360 1355 1416 B.Maximi
1385 1377 1396 1416 :
1431 1361 1529 1432 qui
1562 1379 1694 1416 cum
1727 1366 1924 1417 essent

276 1451 706 1524 praeclarissimi
734 1451 986 1523 generis,
1015 1456 1220 1521 agente
1251 1450 1426 1505 fratre
1456 1467 1655 1506 eorum
1678 1451 1922 1506 Gabinio

273 1542 628 1612 presbytero,
661 1539 941 1611 baptizati
972 1543 1110 1594 sunt
1158 1556 1191 1593 a
1237 1543 1296 1594 B.
1333 1538 1472 1594 Gaio
1512 1540 1781 1610 pontiﬁce
1811 1544 1922 1595 Ro-

275 1647 470 1686 mano.
505 1633 573 1683 Et
603 1628 979 1700 postmodum
1013 1627 1177 1698 tenti,
1202 1628 1447 1698 jubente
1480 1628 1856 1698 Diocletiano,
1891 1646 1924 1684 a

265 1719 466 1790 judice
489 1717 668 1772 Julio.
695 1718 763 1772 Et
793 1715 1070 1772 Claudius
1105 1718 1341 1788 quidem
1376 1734 1510 1772 cum
1542 1734 1718 1774 uxore
1743 1735 1850 1774 sua
1869 1721 1926 1773 et

2034 565 2264 638 Syricii,
2303 565 2530 633 Felicis,
2582 562 2854 633 Jocundi,
2907 557 3232 625 Saturnini,
3292 556 3598 613 Fortunati
3630 561 3692 611 et

2033 654 2282 711 aliorum
2316 654 2753 728 septemdecim.

2101 743 2250 798 Alibi
2281 738 2902 815 Victorini,Mappalici
2933 741 2989 794 et
3018 735 3407 809 plurimorum
3427 734 3686 791 aliorum

2032 838 2379 904 martyrum.

2102 922 2244 976 Item
2278 920 2561 992 depositio
2593 917 2860 975 Eucherii
2891 916 3168 988 episcopi.

2101 1011 2227 1064 VIII
2260 1011 2395 1065 ΚΜ..
2424 1010 2606 1066 MART.
2644 1039 2707 1049 —
2737 1007 2903 1078 Apud
2954 1003 3324 1060 Antiochiam
3377 1003 3554 1076 Syria
3587 1019 3683 1058 ca-

2030 1098 2235 1155 thedra
2262 1099 2319 1155 S.
2356 1098 2506 1154 Petri
2539 1094 2806 1169 apostoli.

2101 1189 2270 1260 Apud
2303 1186 2716 1242 Alexandriam
2759 1183 2932 1240 Abilii
2974 1181 3252 1254 episcopi,
3287 1181 3392 1252 qui
3440 1186 3575 1253 post
3623 1185 3685 1235 Β.

2032 1278 2292 1332 Marcum
2323 1277 2616 1333 secundus
2647 1275 2959 1346 episcopus
2980 1269 3258 1327 tredecim
3290 1270 3348 1325 in
3382 1287 3572 1326 annos
3603 1288 3691 1326 sa-

2029 1366 2353 1422 cerdotium
2385 1363 2839 1422 administravit.

2102 1457 2273 1528 Apud
2306 1454 2773 1528 Ilierapolim,S.
2827 1451 3014 1524 Papiae
3066 1448 3346 1522 episcopi,
3397 1448 3690 1504 auditoris

2033 1547 2091 1602 S.
2126 1545 2373 1602 Joannis
2402 1543 2671 1616 apostoli.

2104 1639 2248 1690 Item
2283 1634 2344 1688 Β.
2376 1631 2706 1698 Aristionis,
2741 1629 2839 1702 qui
2875 1644 3030 1684 unus
3062 1626 3173 1682 fuit
3210 1627 3283 1682 de
3313 1627 3688 1700 septuaginta

2033 1724 2266 1778 duobus
2297 1720 2604 1794 discipulis
2635 1718 2871 1774 Christi.

273 1807 412 1863 filiis
443 1807 785 1878 deportatus
817 1807 876 1860 in
909 1805 1220 1874 exsilium;
1253 1806 1464 1861 deinde
1495 1807 1766 1862 incendio
1793 1824 1928 1862 con-
1954 1845 2000 1909 B
2105 1814 2167 1868 In
2229 1810 2563 1867 Nicomedia
2625 1807 2898 1864 nativitas
2956 1809 3174 1862 sanctis
3229 1803 3411 1875 Teglaa
3447 1803 3682 1875 [Teclm]

274 1895 897 1962 cremati,odoriferum
933 1895 1290 1951 sacriﬁcium
1318 1896 1579 1967 martyrii
1603 1901 1716 1951 Deo
1739 1896 1927 1951 reddi-

271 1985 505 2040 derunt.
537 1985 616 2038 Ae
648 1983 695 2039 si
742 1985 1118 2056 postmodum
1154 1986 1310 2056 apud
1359 1985 1581 2040 Ostiam
1635 1985 1690 2040 in
1725 2002 1927 2041 reuma

265 2074 472 2146 jactati
505 2078 680 2130 sunt:
713 2091 961 2146 quorum
1017 2074 1298 2145 reliquias
1345 2073 1654 2129 Christiani
1689 2075 1928 2146 perqui-

279 2163 444 2235 sitas,
470 2164 641 2234 juxta
671 2163 965 2218 civitatem
997 2163 1368 2235 sepelierunt.

352 2254 415 2309 In
439 2253 651 2320 Africa,
698 2251 918 2318 Rutuli,
965 2252 1218 2324 Sylvani,
1266 2252 1528 2322 Classici,
1590 2252 1928 2323 Secundini,

285 2342 533 2398 Fluctuli
563 2340 892 2414 [Fructuli],
929 2341 1181 2398 Damasi.

358 2431 706 2488 Interamnis
740 2431 896 2486 Pauli
929 2436 986 2486 et
1010 2431 1260 2487 aliorum
1293 2431 1636 2486 multorum.

359 2521 590 2576 Xl—KAL.
653 2525 832 2576 MART.
891 2553 954 2562 —
997 2521 1190 2576 Romae
1251 2521 1522 2577 nativitas
1580 2521 1638 2575 S.
1699 2520 1933 2577 Gabinii

289 2608 630 2680 presbyteri,
663 2609 845 2678 patris
876 2607 1226 2664 beatissima:
1268 2610 1572 2676 Susannze,
1606 2610 1702 2681 qui
1736 2627 1770 2665 a
1803 2610 1934 2665 Dio-

288 2695 536 2752 cletiano
567 2696 667 2750 diu
701 2696 758 2750 in
791 2697 1055 2752 custodia
1095 2697 1346 2754 vinculis
1375 2698 1650 2765 afflictus,
1684 2699 1936 2770 pretiosa

205 2829 215 2852 ι,
286 2790 475 2843 morte
503 2785 631 2842 cceli
663 2786 877 2858 gaudia
908 2786 1141 2841 meruit.

357 2875 420 2929 In
453 2874 964 2942 Africa,nativitas
1022 2875 1083 2928 B.
1145 2873 1357 2940 Publii,
1417 2873 1659 2943 Juliani,
1710 2874 1933 2929 Marubi

290 2961 613 3033 [Marcelli].

355 3050 498 3104 Item
523 3048 766 3116 Juliani,
827 3048 1126 3118 Barachei,
1188 3049 1378 3118 Pauli,
1439 3049 1713 3107 Marcelli.
1757 3049 1932 3122 Tulii,

287 3136 602 3210 Lampasii,
636 3137 861 3210 Majuli,
893 3137 1054 3194 Julii.

2036 1901 2295 1974 virginis,
2328 1897 2630 1971 discipulae
2659 1903 2716 1952 S.
2745 1895 2906 1952 Pauli
2956 1893 3228 1968 apostoli,
3265 1911 3379 1965 qua:
3422 1893 3530 1948 sub
3563 1894 3676 1948 Ne-

2037 2008 2176 2046 rone
2196 1989 2548 2061 imperatore
2573 2004 2674 2059 pro
2697 1984 2908 2040 Christi
2932 1983 3170 2040 nomine
3188 1982 3309 2054 igni
3332 1986 3416 2038 est
3439 1981 3674 2047 tradita,

2037 2081 2138 2136 sed
2162 2095 2276 2134 non
2308 2082 2396 2134 est
2419 2082 2572 2133 usta.
2607 2079 2817 2131 Postea
2845 2089 2979 2130 vero
3011 2071 3220 2128 bestiis
3249 2075 3424 2143 atque
3447 2086 3682 2142 serpen-

2038 2169 2197 2224 tibus
2229 2169 2507 2240 deputata
2535 2170 2591 2222 et
2621 2164 2882 2238 projecta
2905 2161 3118 2229 est,sed
3145 2177 3180 2216 a
3201 2159 3363 2215 nullo
3375 2175 3582 2215 eorum
3601 2164 3696 2214 est

2040 2257 2195 2313 laesa.
2210 2257 2291 2312 Ad
2313 2261 2639 2312 extremum
2657 2269 2791 2309 vero
2813 2252 2874 2308 in
2894 2250 3161 2307 Seleucia
3180 2265 3317 2305 cum
3341 2247 3695 2321 virginitatis

2042 2345 2318 2416 martyrio
2350 2350 2524 2416 atque
2553 2344 2836 2398 virtutum
2861 2341 3080 2397 honore
3099 2355 3203 2411 per
3231 2353 3514 2395 somnum
3537 2337 3697 2409 pacis

2044 2434 2314 2507 migravit
2345 2435 2415 2490 ad
2449 2431 2790 2488 Dominum.

2115 2525 2304 2580 Romae
2334 2522 2426 2578 via
2456 2521 2765 2576 Tiburtina
2793 2519 2864 2575 ad
2897 2520 2958 2574 S.
3006 2515 3388 2573 Laurentium
3423 2514 3699 2570 nativitas

2045 2614 2104 2669 S.
2134 2612 2488 2679 Concordiae,
2520 2627 2648 2682 qua:
2679 2608 2930 2665 Deciana
2969 2605 3373 2679 persecutione
3411 2604 3699 2660 trucidata

2044 2706 2152 2758 est.

2115 2789 2215 2845 VII
2246 2789 2381 2844 ΚΑΙ..
2442 2791 2629 2843 MART.
2662 2817 2731 2828 -—
2787 2785 2951 2858 Apud
3003 2784 3315 2856 Smyrnam
3366 2781 3703 2853 [Sirmium]

2046 2877 2234 2934 sancti
2264 2876 2489 2950 Synerii
2513 2874 2746 2946 [Sireni]
2770 2873 3062 2940 monachi,
3097 2871 3198 2944 qui
3227 2876 3495 2944 tempore
3522 2871 3706 2926 Maxi-

2045 2964 2226 3021 miani
2247 2964 2781 3036 imperatoris,cum
2803 2980 2958 3018 unus
2978 2979 3047 3019 ex
3062 2959 3405 3018 domesticis
3417 2960 3550 3031 ejus
3566 2977 3710 3015 uxo-

2047 3069 2168 3110 rem
2189 3054 2334 3111 hora
2348 3053 2673 3127 incongrua
2686 3051 2744 3108 in
2759 3053 2927 3108 horto
2942 3066 3119 3124 quem
3132 3051 3256 3122 ipse
3270 3049 3385 3106 sibi
3403 3048 3706 3105 excolebat

2047 3144 2522 3200 deambulantem
2544 3142 2738 3198 acrius
2751 3141 3105 3212 increpando
3120 3137 3704 3212 repulissetjubente

357 3227 405 3282 Χ
436 3231 574 3282 ΚΑι.
610 3227 796 3283 an'r.
830 3259 898 3267 —-
928 3232 1146 3296 Romae,
1178 3228 1274 3284 via
1302 3229 1506 3300 Appia,
1529 3227 1588 3283 in
1619 3229 1935 3287 ecnmiterio
1966 3212 2009 3279 (ἶ
2048 3232 2399 3289 Maximiano
2430 3236 2652 3299 tentus,
2683 3235 2740 3289 et
2770 3229 3169 3286 Christianum
3217 3243 3282 3286 se
3313 3243 3446 3284 esse
3474 3228 3705 3283 confes-

287 3316 516 3374 Callixti
549 3316 836 3390 depositio
864 3317 988 3374 Gaii
1024 3317 1301 3390 episcopi.

359 3405 529 3478 Apud
558 3407 809 3478 Cyprum
841 3406 1115 3462 nativitas
1157 3406 1426 3476 Potamii,
1458 3407 1708 3464 Nemesii
1760 3413 1817 3464 et
1843 3408 1938 3464 Di-

291 3493 472 3565 dymi.

363 3580 517 3637 Alibi
548 3580 796 3637 Victoris
827 3585 886 3638 et
913 3585 1167 3650 Coronae,
1201 3587 1256 3638 et
1287 3582 1537 3640 aliorum
1569 3583 1795 3656 viginti.

359 3671 527 3744 Apud
559 3671 800 3742 Tyrum,
835 3688 962 3742 quae
994 3676 1083 3726 est
1129 3671 1270 3727 urbs
1320 3672 1577 3728 maxima
1605 3678 1662 3728 et
1695 3673 1941 3729 celebris

285 3759 600 3831 thnieis,
631 3761 939 3817 beatorum
974 3764 1296 3832 martyrum
1343 3778 1593 3832 quorum
1627 3777 1940 3816 numerum

287 3850 388 3906 Dei
421 3849 549 3906 sola.
577 3850 690 3905 scit
737 3849 1003 3905 scientia.
1038 3851 1214 3917 Quos,
1262 3850 1511 3920 jubente
1563 3848 1939 3917 Diocletiano,

281 3938 557 3994 Veturius
569 3938 847 4010 magister
871 3939 1092 3994 militiis
1138 3937 1382 3994 diversis
1405 3941 1828 3994 tormentorum
1851 3955 1942 4010 ge-

288 4025 528 4081 neribus
558 4025 669 4081 sibi
699 4026 944 4080 invicem
981 4026 1432 4082 succedentibus
1481 4025 1713 4082 occidit.
1747 4027 1941 4083 Primo

288 4113 490 4184 ﬂagris
521 4129 625 4185 per
653 4129 828 4169 omne
848 4129 1060 4184 corpus
1083 4119 1371 4188 martyres
1397 4115 1491 4171 Dei
1516 4116 1938 4188 carpebantur;

283 4193 421 4275 post
450 4202 571 4257 haec
598 4201 983 4257 tradebantur
1013 4203 1083 4258 ad
1117 4203 1356 4270 bestias,
1383 4203 1813 4260 adhibebantur
1832 4204 1943 4261 leo-

289 4308 414 4360 nes,
448 4290 598 4362 ursi,
627 4289 794 4363 pardi
826 4293 1000 4362 atque
1033 4292 1286 4347 ferarum
1320 4309 1526 4364 genus,
1551 4293 1686 4364 equi
1711 4310 1944 4366 quoque

289 4384 348 4436 et
371 4379 563 4447 tauri;
600 4379 818 4452 quibus
874 4380 1023 4436 ferro
1078 4386 1136 4436 et
1193 4380 1310 4453 igni
1347 4381 1546 4436 feritas
1599 4382 1940 4451 addebatur.

290 4469 404 4526 Sed
436 4484 570 4524 cum
601 4469 762 4524 nulla
792 4470 1048 4524 ferarum
1093 4486 1190 4525 eos
1238 4470 1487 4537 laederet,
1519 4472 1679 4526 furor
1714 4471 1942 4528 bellua-

2048 3339 2172 3389 sus,
2205 3323 2392 3388 capite
2421 3337 2608 3377 cassus
2641 3324 2748 3376 est.

2122 3412 2266 3466 Item
2297 3409 2546 3466 aliorum
2596 3407 2972 3482 septuaginta
3018 3407 3296 3474 duorum,
3325 3405 3428 3478 qui
3477 3405 3702 3462 ibidem

2049 3499 2209 3574 passi
2241 3503 2399 3555 sunt.

2122 3590 2337 3657 Romae,
2369 3592 2426 3643 S.
2461 3585 2759 3660 Polycarpi
2809 3585 3156 3658 presbyteri,
3189 3583 3292 3655 qui
3339 3599 3465 3639 cum
3497 3587 3563 3637 Β.
3593 3582 3701 3638 Se-

2049 3678 2316 3735 bastiano
2350 3676 2633 3749 plurimos
2667 3677 2738 3732 ad
2772 3676 2946 3732 ﬁdem
2971 3673 3186 3730 Christi
3217 3671 3482 3729 convertit
3507 3674 3692 3740 atque

2051 3767 2121 3823 ad
2159 3767 2424 3838 martyrii
2458 3766 2706 3838 gloriam
2739 3763 3027 3836 perduxit.

2119 3860 2378 3928 Smyrnae
2409 3854 2684 3910 nativitas
2740 3857 3079 3909 sanctorum
3137 3849 3324 3907 Erotis
3372 3851 3430 3904 et
3476 3846 3697 3918 Carpo-

2051 3943 2241 4017 phori.
3043 3947 3056 3960 ‘

2121 4031 2183 4087 In
2215 4030 2554 4098 Pannoniis,
2586 4033 2927 4087 sanctorum
2958 4027 3241 4094 Seneroti,
3273 4025 3706 4100 Antigoni,Ru-

2049 4119 2178 4192 tuli,
2213 4119 2381 4176 Libii.

2123 4209 2186 4265 In
2214 4209 2431 4275 Africa,
2463 4207 2778 4280 Grysionii,
2812 4207 3060 4263 Zenonis
3090 4210 3148 4262 et
3197 4205 3452 4262 aliorum
3485 4203 3712 4262 multo-

2052 4315 2206 4354 PUHL

2121 4387 2193 4442 VI
2228 4387 2364 4442 KAL.
2399 4387 2586 4442 MART.
2620 4417 2689 4426 ——
2721 4386 2783 4440 In
2831 4383 3138 4440 Palaestina
3168 4381 3442 4439 nativitas
3463 4386 3519 4438 S.
3557 4381 3716 4439 Mat-

2050 4476 2187 4530 thiae
2211 4475 2586 4548 apostoli,qui
2613 4475 2683 4530 de
2701 4473 3070 4546 septuaginta
3092 4470 3402 4544 discipulis
3433 4488 3539 4546 pro
3558 4470 3721 4529 Juda

291 4574 442 4649 rum
460 4559 673 4649 transit
705 4558 766 4613 in
799 4557 1088 4649 homines,
1109 4563 1328 4649 etcum
1359 4559 1570 4632 gladiis
1605 4565 1944 4634 peragerent
1972 4584 2019 4649 D
2050 4565 2328 4621 traditore
2361 4565 2420 4619 in
2461 4563 2855 4636 apostolatum
2903 4562 3159 4619 electus:
3193 4561 3253 4616 in
3293 4560 3495 4616 Judaea
3518 4564 3721 4616 .Eyan-

292 4647 449 4719 quod
472 4647 676 4703 bestiis
707 4648 1297 4720 nequiverunt,etiam
1317 4649 1598 4705 cadavera
1614 4649 1941 4706 occisorum
1974 4647 2003 4649 ἡ
2050 4653 2270 4727 gelium
2307 4653 2658 4726 praedicavit.

291 4736 535 4792 marinis
584 4736 860 4793 fluctibus
907 4736 1306 4792 immiserunt.
1367 4739 1626 4802 Quorum
1683 4739 1856 4810 primi
1886 4743 1943 4794 et

282 4825 487 4898 praevii
522 4826 758 4881 fuerunt
781 4827 1077 4898 Tyrannio
1110 4831 1167 4882 et
1209 4826 1496 4899 Sylvanus
1528 4827 1805 4899 episcopi,
1838 4827 1939 4899 qui

287 4931 463 4972 narvo
495 4919 760 4987 tempore
782 4915 1126 4987 interposito
1150 4916 1472 4972 bestiarum
1497 4915 1771 4971 dentibus
1793 4933 1941 4972 mar-

287 5003 506 5076 tyrium
540 5005 1011 5076 compleverunt;
1046 5009 1103 5060 ct
1130 5004 1335 5060 Peleus
1365 5009 1422 5061 et
1450 5003 1628 5061 Linus
1660 5005 1940 5077 episcopi,

287 5093 388 5164 qui
437 5110 571 5148 cum
624 5093 896 5166 plurimis
944 5092 1173 5149 clericis
1219 5094 1353 5166 igne
1400 5095 1733 5166 consumpti
1783 5099 1939 5150 sunt.

290 5182 579 5238 Zenobius
607 5183 909 5256 presbyter
951 5199 1184 5256 quoque
1229 5183 1576 5239 venerabilis
1607 5183 1796 5256 capite
1835 5185 1947 5240 fuit

296 5287 503 5328 οωευε.

366 5361 442 5416 IX
478 5362 606 5416 KAL.
641 5361 825 5417 Maa'r.
860 5392 924 5401 —
956 5362 1126 5433 Apud
1178 5361 1438 5418 Siciliam
1491 5365 1815 5434 martyrum
1856 5378 1947 5418 se-

295 5451 602 5522 ptuaginta
633 5455 907 5520 quatuor.
933 5450 1040 5515 Qui
1074 5451 1183 5506 sub
1217 5451 1572 5509 Diocletiano
1595 5467 1696 5522 per
1721 5451 1951 5507 diversa

291 5539 592 5594 tormenta
621 5539 1004 5595 confessionis
1037 5558 1155 5596 suae
1209 5558 1485 5596 coronam
1518 5559 1552 5596 a
1577 5540 1804 5598 Christo
1837 5540 1948 5596 sibi

298 5629 563 5695 paratam
593 5627 889 5698 percipere
919 5634 1282 5684 meruerunt.

2124 4745 2266 4799 Item
2289 4742 2548 4799 inventio
2571 4741 2778 4814 capitis
2797 4737 3726 4814 przneursorisDomini,tempore

2053 4831 2321 4887 Martiani
2357 4830 2659 4903 principis,
2684 4831 2919 4902 quando
2949 4829 3102 4885 idem
3129 4843 3458 4902 praecursor
3476 4827 3724 4884 duobus

2054 4921 2356 4977 monachis
2390 4920 2667 4992 primum,
2705 4919 2804 4975 ubi
2834 4919 2962 4990 ejus
2995 4922 3172 4990 caput
3200 4915 3456 4973 celatum
3479 4917 3718 4987 jaeenet

2053 5008 2343 5065 revelavit.
2366 5013 2604 5065 Constat
2634 5014 2830 5064 autem
2861 5009 3001 5079 quia
3029 5007 3378 5064 imminente
3397 5005 3727 5063 festivitate

2055 5097 2316 5154 Paschali
2351 5098 2705 5165 fuerit,sicut
2733 5097 2791 5152 in
2825 5097 3134 5171 Evangelio
3156 5100 3335 5170 patet,
3360 5094 3722 5163 decollatus,

2055 5191 2113 5242 et
2144 5203 2297 5242 anno
2330 5193 2460 5260 post
2504 5189 2660 5244 hunc
2716 5191 3016 5259 sequente,
3051 5203 3187 5243 cum
3247 5186 3438 5242 denuo
3471 5189 3721 5257 tempus

2056 5274 2334 5332 Paschale
2361 5276 2597 5347 rediret,
2657 5275 3002 5348 mysterium
3055 5273 3369 5332 Dominicis
3413 5271 3721 5346 passionis

2057 5380 2187 5420 esse
2228 5365 2606 5437 completum.
2640 5364 2706 5419 Et
2735 5369 3041 5436 propterea
3056 5365 3217 5437 quod.
3244 5364 3303 5419 in
3330 5362 3480 5418 libro
3509 5365 3720 5418 Sacra-

2059 5459 2391 5510 mentorum
2432 5452 2702 5510 nativitas
2741 5454 2869 5523 ejus
2899 5458 3106 5525 quarto
3147 5452 3544 5510 Kalendarum
3568 5451 3715 5524 Sep-

2060 5543 2378 5599 tembrium
2398 5543 2490 5598 die
2513 5545 2776 5598 notatum
2798 5545 2905 5612 est,
2925 5547 2983 5598 et
3003 5543 3062 5598 in
3085 5540 3520 5614 Martyrologio,
3552 5541 3714 5612 quod

2062 5631 2296 5688 Eusebii
2347 5636 2405 5688 et
2460 5630 2788 5703 Hieronymi
2845 5631 3144 5689 vocabulis
3196 5629 3549 5704 insignitum
3597 5636 3713 5708 est,
