4012 6198
301 381 457 446 1049

1310 378 1418 441 MA
1436 378 2030 443 RTYRULOGIUM.
2062 409 2141 425 -
2169 375 2407 440 MENS.
2454 326 2680 438 rasa.

2546 266 2574 279 ς

3543 372 3705 440 1οὕ0

298 516 513 589 legitur
550 532 614 571 ‘IV
655 514 780 572 Kal.
824 515 981 588 Sept.
1032 512 1091 569 in
1123 512 1353 570 Emissa
1407 513 1667 585 [Edessa]
1717 512 1947 569 civitate
1974 516 2027 583 Α
2056 515 2348 568 tormenta
2378 509 2661 566 sustinuit
2690 512 2747 564 et
2776 508 3092 566 novissime
3117 505 3312 581 gladio
3365 522 3550 565 casus
3589 514 3708 571 est.

301 605 585 662 Phanicis
617 604 923 678 provincia
955 604 1228 659 nativitas
1278 605 1335 659 S.
1386 603 1626 659 Joannis
1674 602 1944 674 Baptista

298 694 392 750 die
424 711 539 765 quo
570 693 888 750 decollatus
917 698 1028 762 est,
1060 710 1174 747 non
1208 691 1541 763 specialiter
1572 692 1767 763 ipsum
1792 692 1945 746 diem

299 782 699 839 decollationis
729 784 878 853 ejus,
914 783 1016 838 sed
1035 781 1186 837 diem
1206 782 1399 854 potius
1415 798 1527 852 quo
1546 786 1721 853 caput
1742 781 1870 852 ejus
1887 779 1947 835 in

298 874 501 928 eadem
532 871 762 928 civitate
794 876 1089 943 repertum
1120 876 1295 943 atque
1326 871 1383 926 in
1413 870 1657 926 ecclesia
1694 874 1782 926 est
1812 886 1945 927 con-

302 961 513 1029 ditum,
547 960 838 1033 designat.

370 1049 669 1122 Siquidem
706 1051 820 1105 duo
853 1049 1124 1105 monachi
1156 1048 1477 1105 Orientales
1522 1054 1799 1105 venerant
1840 1048 1945 1103 ad-

298 1157 462 1196 orare
492 1138 996 1211 Hierosolymis,et
1017 1138 1143 1194 loca
1164 1144 1364 1194 sancta
1378 1137 1819 1202 videre.Quibus
1846 1154 1947 1210 per

300 1227 710 1284 revelationem
732 1228 1017 1284 assistens
1040 1227 1189 1282 idem
1218 1227 1947 1300 pracursorDominl,pra-

300 1317 456 1388 cepit
487 1321 551 1371 ut
581 1317 651 1371 ad
675 1316 920 1371 Herodis
941 1316 1234 1386 quondam
1254 1315 1405 1387 regis
1428 1315 1827 1371 habitaculum
1851 1332 1943 1371 ac-

300 1406 593 1472 cedentes,
629 1409 806 1477 caput
831 1422 1005 1460 suum
1040 1404 1117 1459 ibi
1153 1404 1534 1476 requirerent,
1567 1404 1943 1460 ctinventum

299 1494 478 1565 digno
508 1492 727 1547 honore
758 1492 1153 1547 recouderent.
1203 1491 1364 1554 Quod
1410 1490 1625 1546 idcirco
1676 1490 1944 1563 maligna

301 1581 579 1637 mulieres
612 1598 643 1635 a
675 1596 913 1652 corpore
943 1580 1243 1635 absectum
1272 1579 1330 1634 in
1363 1580 1631 1635 cubiculo
1674 1597 1779 1635 suo
1813 1578 1943 1634 dili-

299 1670 457 1743 genti
483 1687 624 1724 cura
654 1673 1050 1734 servaverunt,
1085 1686 1156 1723 ne
1187 1668 1413 1741 corpori
1434 1670 1723 1725 adnexum
1747 1668 1947 1741 impie-

297 1763 475 1814 tatem
500 1757 733 1813 illarum
757 1759 947 1813 denuo
962 1774 1275 1830 coarguere
1288 1758 1592 1830 potuisset.
1609 1759 1769 1823 Quod
1793 1758 1947 1814 vide-

2053 600 2282 657 Tertius
2304 616 2438 655 cum
2462 599 2614 654 ultro
2646 598 2703 653 in
2737 596 2916 669 pilam
2948 597 3157 654 luisset
3186 596 3509 670 ingressus,
3544 597 3702 654 indi-

2055 694 2267 765 gnatus
2282 690 2460 761 judex
2476 689 2660 759 jussit
2680 704 2813 744 eum
2840 686 2974 741 inde
3000 686 3267 758 produci,
3290 690 3348 741 et
3378 702 3558 758 supra
3573 703 3705 743 cra-

2054 778 2297 835 ticulam
2331 776 2536 849 prunis
2559 778 2917 832 substratam
2945 774 3309 847 aliquantum
3338 775 3625 846 perassari
3648 780 3707 832 et

2055 867 2282 925 inverti.
2312 868 2574 938 Cumque
2593 866 2651 920 in
2675 863 3039 920 confessione
3068 863 3423 935 persisteret,
3438 863 3705 921 sublatus

2056 958 2210 1023 inde,
2236 954 2576 1012 minutatim
2598 952 2792 1026 gladio
2817 952 3106 1020 concisus,
3131 951 3405 1024 spiritum
3428 952 3701 1007 reddidit.

2056 1046 2432 1118 Reliquorum
2455 1048 2707 1116 quatuor
2723 1041 3077 1097 Claudianus
3108 1045 3166 1097 et
3199 1040 3509 1097 Dioscorus
3533 1041 3699 1098 ﬂam-

2057 1135 2171 1191 mis
2202 1134 2447 1202 incensi,
2482 1131 2760 1203 Serapion
2812 1136 2869 1186 et
2916 1130 3125 1203 Papias
3172 1129 3366 1202 gladio
3415 1130 3700 1203 perempti

2032 1230 2195 1295 _sunt
2223 1263 2240 1281 .

2127 1314 2187 1367 In
2204 1312 2418 1378 Africa,
2432 1313 2773 1366 sanctorum
2787 1307 3015 1379 Donati,
3030 1306 3701 1375 Justi,Rutuli,Hirenei,

2054 1400 2327 1457 Pisionis.

2124 1488 2499 1562 Pamphylia,
2531 1486 2789 1543 Nestoris
2819 1489 2880 1541 et
2909 1490 3110 1541 Casta.

2125 1579 2194 1635 IV
2225 1580 2360 1634 KAL.
2395 1578 2581 1633 MART.
2631 1608 2697 1617 ——
2749 1577 2810 1630 In
2861 1574 3089 1645 civitate
3136 1574 3495 1646 Pamphylia
3523 1575 3700 1646 Perge

2055 1667 2329 1723 nativitas
2362 1666 2515 1722 beati
2548 1666 2807 1721 Nestoris
2837 1664 3117 1736 episcopi,
3169 1664 3268 1735 qui
3297 1664 3699 1735 persecutione

2055 1757 2235 1823 Decii,
2259 1773 2393 1811 cum
2424 1755 2518 1811 die
2538 1758 2829 1824 noctuque
2856 1753 3104 1809 orationi
3148 1752 3442 1809 insisteret
3472 1756 3537 1807 ut
3564 1768 3702 1823 grex

297 1846 431 1902 licet
478 1850 655 1947 caput
703 1863 736 1901 a
785 1846 1139 1918 supradictis
1185 1847 1467 1947 fratribus
1517 1848 1713 1947 divina
1757 1847 1946 1919 gratia
1976 1882 2023 1947 B
2058 1845 2270 1947 Christi
2302 1845 2714 1943 custodiretur,
2749 1842 3207 1947 comprehensus
3236 1841 3554 1947 equodam
3588 1841 3701 1940 Ire-

298 1940 590 2007 repertum
609 1939 665 1990 et
685 1939 1081 2007 assumptum,
1101 1936 1202 1991 sed
1224 1953 1257 1990 a
1274 1936 1706 1992 conviatoribus
1740 1952 1942 1991 eorum

299 2024 617 2094 sublatum,
643 2027 699 2079 et
732 2024 803 2079 de
826 2023 952 2079 loco
975 2024 1044 2078 ad
1070 2023 1287 2090 locum,
1306 2024 1378 2078 ab
1399 2024 1635 2080 homine
1656 2025 1729 2080 ad
1753 2024 1942 2080 homi-

298 2129 455 2181 nem,
471 2112 641 2183 quasi
663 2111 941 2183 quiddam
958 2111 1114 2167 aliud
1136 2113 1425 2168 Emissam
1445 2130 1632 2185 usque
1655 2113 1942 2185 perlatum

293 2204 402 2266 est,
426 2202 553 2255 etin
577 2201 833 2272 quodam
855 2217 1031 2271 specu
1055 2200 1113 2256 in
1134 2218 1283 2256 urna
1303 2203 1411 2257 sub
1435 2206 1589 2258 terra
1610 2220 1725 2257 non
1758 2220 1942 2274 pauco

296 2294 559 2361 tempore
590 2287 925 2360 ignobiliter
955 2290 1345 2356 reconditum,
1382 2292 1563 2347 donec
1594 2292 1784 2347 denuo
1816 2308 1943 2347 sese

299 2382 475 2450 caput
504 2377 700 2450 ipsum
729 2377 983 2433 ostendit
1013 2377 1283 2433 Marcello
1315 2379 1547 2434 cuidam
1603 2380 1941 2453 presbytero

294 2464 584 2537 religioso,
617 2466 759 2521 dum
789 2465 850 2520 in
881 2467 1083 2522 eodem
1117 2482 1293 2537 specu
1342 2467 1651 2524 habitaret.
1702 2470 1783 2523 Ex
1826 2487 1940 2541 quo

290 2559 551 2626 tempore
571 2556 745 2626 capit
773 2555 829 2609 in
859 2556 1063 2610 eadem
1087 2555 1317 2611 civitate
1348 2557 1523 2612 beati.
1559 2559 1941 2614 Pracursoris

292 2642 754 2714 decollatio,ipso
772 2644 865 2699 die
877 2660 989 2715 quo
1014 2645 1505 2716 caputinventum
1522 2646 1640 2701 sive
1653 2646 1939 2703 elevatum

291 2736 403 2803 est,
434 2731 733 2787 celebrari.
769 2732 1021 2804 Denique
1053 2733 1209 2804 apud
1264 2733 1408 2789 alios
1450 2734 1704 2790 inventio
1734 2737 1941 2807 capitis

288 2820 553 2890 ejusdem
570 2823 767 2875 octavo
788 2819 1072 2875 Kalendas
1088 2820 1373 2886 Octobris,
1390 2838 1505 2894 quo
1519 2822 1612 2878 die
1624 2840 1727 2878 oon
1738 2829 1940 2896 ceptus

291 2908 594 2974 asseritur,
619 2908 773 2980 apud
795 2909 1083 2980 quosdam
1100 2925 1234 2965 vero
1264 2924 1321 2966 ιν
1351 2910 1588 2966 Kalend.
1614 2913 1938 2984 Septembr.

293 2995 636 3052 celebratur.
671 2996 1003 3053 Decollatus
1034 3014 1167 3053 vero
1198 3003 1287 3054 est
1317 2998 1376 3053 in
1409 3000 1645 3056 castello
1686 3002 1941 3073 quodam

296 3085 538 3152 Arabia,
564 3086 715 3157 quod
742 3085 1122 3141 Macherunta
1147 3086 1565 3158 nominatur,et
1578 3106 1788 3161 corpus
1812 3090 1943 3161 qui-

295 3172 428 3228 dem
460 3174 587 3243 ejus
618 3172 679 3227 in
711 3172 939 3227 civitate
990 3173 1276 3241 Samaria,
1327 3191 1453 3246 qua
1503 3194 1659 3231 nunc
1703 3178 1942 3234 Sebaste

2055 1934 2292 2002 narcho,
2316 1934 2414 2005 qui
2444 1938 2566 1988 erat
2590 1932 2861 2003 princeps
2882 1931 3066 1987 Curia
3082 1930 3522 1997 civitatis,velut
3552 1928 3701 1985 aries

2054 2023 2179 2079 sine
2204 2021 2434 2078 macula
2454 2020 2683 2077 oblatus
2702 2025 2791 2075 est
2814 2019 3047 2092 prasidi
3066 2017 3416 2073 Pollioni.Et
3438 2035 3569 2073 cum
3596 2035 3700 2073 no-

2053 2128 2188 2167 men
2210 2110 2423 2166 Christi
2445 2110 2594 2165 mira
2614 2110 2883 2166 libertate
2904 2113 2961 2164 et
2982 2106 3278 2163 alacritate
3294 2108 3693 2173 confiteretur,

2051 2202 2191 2257 deos
2215 2205 2409 2257 autem
2432 2200 2695 2273 gentium
2726 2196 3016 2254 damonia
3044 2196 3301 2269 pessima
3321 2199 3694 2261 memoraret,

2044 2291 2255 2361 jussus
2285 2291 2357 2345 ab
2391 2289 2595 2345 eodem
2628 2287 2873 2360 praside
2902 2285 3184 2358 suspendi
3232 2286 3289 2340 in
3329 2284 3598 2357 equuleo,
3641 2289 3697 2339 et

2051 2378 2458 2435 crudelissime
2482 2376 2938 2449 torqueri,latus
2958 2374 3246 2447 psallebat
3265 2375 3467 2431 dicens
3491 2390 3504 2428 :
3529 2377 3699 2430 Bene-

2048 2469 2229 2524 dicam
2258 2470 2496 2524 Domino
2529 2468 2586 2522 in
2616 2468 2769 2522 omni
2791 2469 3049 2536 tempore,
3080 2479 3290 2535 semper
3319 2463 3437 2518 laus
3482 2464 3603 2533 ejus
3641 2464 3703 2516 in

2050 2573 2148 2613 ore
2177 2573 2291 2613 meo
2317 2557 2468 2629 (Psal
2516 2558 2735 2624 xxxm).
2789 2559 3005 2609 Prases
3050 2569 3204 2623 vero,
3256 2557 3500 2624 stupens
3526 2568 3703 2623 super

2050 2650 2215 2702 tanta
2243 2644 2554 2701 tolerantia
2574 2648 2630 2700 et
2650 2644 2852 2700 volens
2872 2658 3006 2698 eum
3038 2641 3268 2697 blandis
3296 2641 3487 2697 verbis
3522 2658 3556 2695 a
3587 2640 3700 2695 fide

2052 2751 2335 2802 revocare,
2368 2733 2517 2789 dixit
2542 2732 2630 2788 ei:
2668 2754 2696 2781 ‹‹
2753 2731 2853 2787 Vis
2906 2748 3036 2787 esse
3075 2730 3403 2799 nobiscum,
3432 2733 3533 2786 aut
3561 2746 3697 2785 cum

2050 2822 2276 2879 Christo
2298 2823 2436 2878 tuo?
2456 2846 2476 2871 υ
2505 2822 2606 2877 Cui
2633 2820 3239 2877 sanctusNestorcum
3263 2835 3473 2892 magno
3486 2819 3700 2892 gaudio

2052 2911 2355 2984 respondit
2384 2910 2585 2966 dicens
2616 2928 2628 2965 :
2663 2932 2690 2959 ‹‹
2725 2914 2867 2965 Cum
2906 2908 3132 2964 Christo
3182 2924 3310 2963 meo
3333 2912 3389 2962 et
3453 2923 3612 2964 eram
3644 2914 3702 2965 et

2052 3018 2185 3059 sum
2206 3005 2263 3056 et
2283 3017 2400 3056 ero.
2428 3022 2456 3050 »
2480 3001 2642 3054 Tunc
2656 2999 2997 3071 indignatus
3014 3014 3227 3070 prases
3240 2996 3402 3052 dedit
3421 2997 3703 3053 adversus

2052 3107 2188 3147 eum
2213 3089 2585 3156 sententiam,
2608 3093 2672 3144 ut
2694 3088 2794 3160 qui
2815 3088 3018 3143 Jesum
3043 3086 3388 3142 cruciﬁxum
3415 3086 3525 3142 sub
3556 3087 3703 3142 Pon-

2051 3180 2131 3235 tio
2150 3178 2331 3233 Pilato
2358 3179 2657 3245 fateretur,
2687 3181 2972 3249 tanquam
2994 3176 3238 3231 devotus
3259 3180 3373 3231 Deo
3402 3192 3512 3231 suo
3544 3175 3705 3231 illius

295 3260 529 3330 dicitur,
555 3264 731 3332 caput
752 3264 947 3315 autem
969 3260 1027 3315 in
1054 3245 1468 3334 Hierosolymis
1490 3263 1800 3320 humatum
1832 3269 1939 3321 est.
1973 3245 2016 3311 (ἶ
2056 3266 2280 3322 subiret
2310 3265 2683 3329 sententiam,
2712 3268 2770 3318 et
2800 3245 2958 3334 ligno
2990 3263 3199 3317 afﬁxus
3230 3266 3389 3316 esset
3411 3261 3698 3331 patibulo,

299 3352 371 3403 At
386 3364 521 3403 vero
539 3364 673 3404 ossa
690 3348 819 3420 ejus
840 3352 1103 3421 tempore
1115 3351 1462 3422 procedente
1484 3352 1939 3423 Hierosolymam

289 3436 597 3503 translata,
620 3454 687 3493 ac
719 3454 853 3494 mox
876 3438 1283 3494 Alexandriam
1310 3440 1512 3507 missa,
1536 3458 1692 3497 nunc
1721 3442 1939 3499 ibidem

288 3526 349 3581 in
372 3525 618 3582 ecclesia
632 3543 757 3597 qua
772 3526 1027 3584 nominis
1039 3526 1228 3599 ipsius
1242 3532 1329 3584 est
1341 3528 1561 3584 honore
1580 3541 1938 3599 consecrata,

289 3617 811 3686 servantur.Caput
824 3631 1061 3687 quoque
1073 3616 1143 3671 de
1157 3616 1365 3672 Edisse
1379 3618 1941 3691 Constantinopolim

290 3719 394 3775 per
434 3703 832 3760 Theodosium
876 3704 1290 3777 imperatorem
1339 3706 1731 3778 deportatum,
1783 3714 1942 3764 extra

290 3792 497 3847 urbem
522 3793 581 3847 in
615 3792 862 3849 ecclesia
883 3794 1041 3865 regio
1060 3793 1219 3849 cultu
1243 3796 1585 3867 composita,
1612 3798 1939 3869 frequenta-

292 3888 405 3937 tur.
430 3880 593 3944 Quod
616 3881 813 3937 divina
835 3883 1199 3953 providentia
1244 3888 1473 3939 constat
1519 3886 1845 3955 actitatum,
1881 3891 1946 3941 ut

291 3968 515 4025 scilicet
545 3986 648 4041 per
676 3968 846 4040 plura
875 3968 1003 4025 loca
1033 3970 1353 4042 deportatis
1385 3977 1447 4027 Β.
1502 3975 1775 4047 martyris
1810 3976 1941 4031 reli-

293 4057 449 4129 quiis
479 4056 649 4129 plura
672 4057 955 4113 virtutum
1006 4058 1178 4131 signa
1226 4059 1451 4127 fierent,
1496 4061 1810 4135 pluresque
1841 4081 1944 4136 per

295 4145 641 4202 memoriam
664 4147 938 4203 doctrina
961 4151 1018 4202 et
1037 4147 1163 4202 vita
1186 4147 1347 4204 illius
1377 4149 1449 4203 ad
1482 4151 1656 4206 ﬁnem
1713 4157 1771 4208 et
1797 4152 1941 4209 dile-

290 4234 543 4290 ctionem
574 4236 704 4307 ejus
735 4251 913 4307 quam
946 4236 1376 4307 pradicaverat,
1407 4239 1785 4306 conﬂuerent,
1812 4241 1939 4313 plu-

290 4339 499 4395 resque
511 4340 614 4396 per
632 4325 979 4381 memoriam
995 4324 1270 4381 doctrina
1284 4330 1340 4381 et
1350 4326 1477 4381 vita
1491 4326 1649 4383 illius
1672 4330 1741 4384 ad
1766 4331 1942 4387 ﬁnem

294 4428 422 4484 qua
445 4412 737 4483 justitioat
764 4416 821 4468 et
849 4411 1133 4469 salviﬁcat
1162 4418 1654 4471 converterentur.

365 4503 509 4556 Item
542 4502 736 4557 Roma
770 4500 1105 4559 Absalonis.

2050 3354 2294 3410 docebat
2323 3354 2699 3408 assistentem
2729 3350 3013 3423 populum
3061 3349 3481 3415 Christianum,
3539 3352 3602 3402 ut
3640 3348 3699 3403 in

2051 3443 2165 3499 ﬁde
2188 3445 2245 3498 et
2266 3441 2549 3497 charitate
2573 3439 2786 3496 Christi
2815 3437 3212 3511 persisterent,
3235 3440 3293 3493 et
3313 3436 3703 3494 libentissime

2052 3534 2545 3603 compatcrentur,
2572 3533 2704 3584 utet
2728 3527 2907 3584 simul
2931 3527 3417 3600 gloriﬁcarentur.
3438 3525 3706 3583 Posthac

2051 3626 2252 3693 petens
2285 3635 2519 3675 omnem
2552 3622 2843 3674 astantem
2862 3617 3097 3672 turbam
3118 3614 3407 3683 fidelium,
3428 3618 3493 3671 ut
3511 3632 3703 3688 genua

2051 3710 2296 3782 ﬁgentes
2313 3712 2547 3764 orarent
2567 3724 2700 3762 cum
2724 3707 2874 3778 ipso,
2893 3722 3027 3761 cum
3049 3703 3367 3776 compleret
3384 3703 3703 3759 orationem

2052 3804 2109 3854 et
2130 3798 2415 3853 dixissent
2445 3814 2670 3863 omnes,
2703 3798 2893 3860 Amen,
2927 3793 3182 3850 reddidit
3230 3792 3522 3865 spiritum.
3557 3796 3702 3848 Con-

2051 3888 2373 3943 summavit
2405 3892 2599 3942 autem
2629 3884 2971 3958 martyrium
2998 3899 3173 3938 suum
3206 3882 3414 3954 quinta
3442 3881 3703 3947 Sabbati,

1998 4018 2001 4021 ν
2052 3976 2197 4032 hora
2226 3977 2418 4032 tertia.

2123 4065 2337 4120 Eodem
2373 4063 2486 4131 die,
2508 4062 2663 4119 beati
2691 4061 2999 4119 Alexandri
3027 4060 3428 4118 Alexandrina
3459 4058 3706 4116 civitatis

2052 4153 2331 4225 episcopi,
2384 4151 2622 4224 gloriosi
2674 4153 2857 4220 senis,
2901 4151 3003 4224 qui
3034 4155 3166 4223 post
3194 4152 3432 4206 beatum
3462 4154 3701 4206 Petrum

2050 4242 2255 4298 Arium
2272 4242 2676 4315 presbyterum
2694 4258 2878 4297 unum
2904 4241 3176 4297 haeretica
3189 4238 3489 4311 impietate
3503 4239 3704 4308 depra~

2051 4336 2276 4397 vatum,
2311 4335 2367 4387 et
2390 4349 2422 4386 a
2443 4331 2639 4386 divina
2658 4331 2903 4387 veritate
2923 4330 3314 4401 disjunctum,
3348 4327 3418 4381 de
3450 4325 3708 4381 Ecclesia

2052 4420 2240 4492 ejecit,
2255 4424 2313 4475 et
2332 4425 2536 4492 postea
2559 4420 2710 4475 inter
2730 4423 3020 4475 trecentos
3052 4421 3109 4472 et
3148 4420 3274 4472 octo
3306 4419 3505 4471 Patres
3535 4430 3699 4469 eum-

2054 4509 2186 4564 dem
2218 4508 2278 4564 in
2308 4509 2539 4565 Nicano
2573 4508 2815 4564 concilio
2846 4506 3163 4562 damnavit.

364 4591 427 4647 In
459 4592 717 4647 Casarea
745 4590 1145 4665 Cappadocia,
1200 4591 1413 4664 Heroli,
1465 4594 1623 4649 Lucii
1675 4598 1732 4651 et
1757 4595 1943 4669 Sergii
1972 4614 2020 4680 D
2125 4599 2268 4654 Item
2297 4598 2356 4653 in
2387 4597 2762 4663 Alexandria,
2794 4595 2999 4651 Felicis
3030 4611 3164 4649 cum
3196 4592 3379 4649 sociis
3410 4592 3554 4649 suis.

270 4740 275 4741 ,
292 4683 645 4752 martyrum.

361 4769 426 4823 In
456 4768 671 4838 Africa,
703 4768 946 4837 Juliani,
979 4769 1148 4826 Julia
1180 4773 1236 4826 et
1256 4769 1504 4826 aliorum
1529 4769 1941 4843 plurimorum.

365 4858 431 4913 In
462 4856 820 4925 Nicomedia,
852 4857 1093 4915 Luciani
1122 4858 1466 4931 presbyteri.

362 4945 412 4999 V
442 4946 578 5002 KAL.
612 4947 798 5003 MART.
835 4978 900 4988 ——
931 4949 994 5003 In
1023 4949 1266 5022 Egypto
1306 4949 1577 5005 nativitas
1603 4954 1941 5006 sanctorum

290 5033 559 5105 Victoris,
612 5036 916 5106 Victorini,
986 5037 1297 5110 Nichopori
1355 5037 1726 5111 [Nicephori],
1780 5039 1943 5095 Clau-

291 5123 475 5191 diani,
494 5123 1124 5199 Dioscori,Serapionis
1138 5130 1195 5183 et
1216 5126 1429 5201 Papia,
1452 5128 1562 5184 sub
1586 5127 1940 5185 Numeriano

288 5212 663 5285 imperatore,
690 5219 899 5288 agente
930 5215 1146 5271 Sabino
1168 5217 1334 5273 duce.
1357 5218 1614 5282 Quorum
1638 5218 1938 5290 primusin

290 5301 472 5374 pilam
496 5319 565 5358 ex
592 5304 802 5359 robore
831 5320 1055 5370 cavam,
1088 5308 1143 5359 et
1172 5304 1433 5377 undique
1464 5306 1936 5362 circumforatam

288 5389 602 5459 missus,ac
615 5406 717 5461 per
730 5390 965 5463 singula
977 5392 1263 5448 foramina
1276 5393 1935 5467 diutissimetranspun-

281 5483 437 5543 ctus,
470 5493 721 5548 cumque
750 5480 970 5536 nimius
1004 5480 1245 5551 sanguis
1276 5481 1558 5551 efﬂueret,
1594 5485 1842 5540 eductus
1864 5486 1935 5541 de

282 5565 421 5639 pila,
457 5565 647 5637 capite
678 5583 862 5625 casus
890 5574 998 5626 est.
1022 5571 1345 5637 Secundus,
1372 5572 1644 5628 manibus
1689 5578 1743 5630 et
1765 5574 1932 5646 pedi-

281 5656 395 5713 bus
425 5656 767 5730 amputatis,
800 5658 859 5715 in
886 5660 1151 5717 eamdem
1200 5659 1379 5732 pilam
1430 5661 1671 5732 missus,
1722 5662 1932 5735 prioris

2123 4687 2200 4743 IlI
2217 4688 2352 4743 ΚΑΙ..
2371 4686 2557 4743 MART.
2576 4684 2824 4758 —Apud
2840 4681 3443 4755 Hispaniam,civitate
3457 4679 3701 4753 Hispali,

2056 4776 2330 4832 nativitas
2362 4774 2547 4832 sancti
2578 4773 2829 4830 Leandri
2859 4772 3137 4844 episcopi,
3169 4772 3241 4827 ad
3294 4787 3470 4843 quem
3501 4771 3707 4826 beatus

2053 4864 2368 4936 Gregorius
2389 4864 2570 4920 libros
2591 4862 2900 4918 Moralium
2926 4860 3181 4933 scripsit.
3217 4861 3396 4932 Cujus
3422 4859 3706 4932 pradica-

2052 4953 2210 5008 tione
2232 4962 2286 5009 et
2307 4951 2599 5008 industria
2638 4956 2758 5007 tota
2783 4951 3105 5007 Gothorum
3136 4966 3280 5022 gens
3324 4965 3425 5020 per
3455 4946 3707 5002 Reccha-

2052 5042 2259 5097 redum
2285 5058 2479 5115 regem
2506 5042 2577 5096 ab
2600 5041 2818 5096 Ariana
2839 5040 3138 5113 impietate
3159 5054 3437 5095 conversa
3457 5041 3561 5093 est.
3594 5035 3701 5100 Qui

2050 5130 2227 5187 etiam
2260 5132 2498 5186 fratrem
2529 5130 2659 5201 ejus
2705 5128 3160 5202 Erminigildum
3210 5143 3427 5199 regem,
3473 5126 3701 5180 vivente

2050 5218 2241 5275 adhuc
2295 5226 2457 5290 patre
2487 5218 2777 5288 haretico,
2807 5218 2877 5273 ab
2910 5219 3110 5273 eadem
3146 5216 3361 5271 Ariana
3389 5212 3595 5270 haresi
3627 5213 3700 5269 ad

2048 5308 2398 5364 catholicam
2421 5309 2597 5364 fidem
2617 5307 3066 5378 correxit,alque
3085 5321 3273 5377 usque
3292 5304 3362 5360 ad
3387 5302 3705 5375 gloriosam

2048 5397 2314 5469 martyrii
2344 5397 2678 5469 passionem
2707 5396 2831 5452 suis
2860 5394 3367 5451 exhortationibus
3410 5390 3702 5464 perduxit.

2119 5486 2331 5542 Eodem
2365 5486 2457 5542 die
2485 5487 2544 5540 in
2576 5478 2930 5541 Alexandria
2964 5484 3235 5539 nativitas
3267 5481 3453 5538 sancti
3484 5479 3707 5536 Juliani

2046 5575 2340 5647 martyris,
2375 5574 2474 5647 qui
2503 5590 2637 5629 cum
2669 5574 2749 5629 ita
2781 5573 3041 5645 podagra
3061 5571 3417 5628 constrictus
3438 5572 3610 5637 esset,
3638 5573 3701 5625 ut

2044 5680 2231 5736 neque
2262 5664 2527 5721 incedere
2577 5677 2765 5736 neque
2810 5664 2965 5719 stare
3011 5664 3228 5734 posset,
3275 5676 3408 5716 cum
3444 5657 3554 5715 his
3592 5657 3692 5733 qui
