4012 6198
344 353 496 418 1051

1231 353 1302 414 Β.
1351 351 1697 414 NOTKEHI
1741 351 2080 414 BALBULI
2110 352 2188 412 'S.
2239 350 2467 413 GALLI
2513 349 2864 414 MONACHI

3591 348 3737 409 1052

309 507 481 547 ~eum
512 489 570 545 in
603 488 808 546 sellula
839 489 1147 561 portabant
1187 489 1374 561 judici
1423 493 1681 549 offertur.
1734 487 1990 551 Quorum
2024 488 2078 552 Α
2108 487 2276 543 beato
2294 487 2621 544 Theotecno
2643 485 2905 557 ejusdem
2925 483 3087 541 urbis
3108 483 3378 557 episcopo
3425 480 3738 555 plurimum

348 597 502 636 unus
553 581 788 651 quidem
837 579 1035 636 statim
1070 582 1320 655 negavit,
1373 583 1519 639 alter
1563 584 1796 640 nomine
1843 586 1989 641 Eum

351 670 598 741 [Eunus]
631 686 763 724 eum
793 668 1028 726 Juliano
1059 687 1197 727 sene
1247 672 1304 727 in
1359 673 1584 728 Domini
1629 675 1993 731 confessione

350 759 645 831 perdurat.
669 758 893 831 Quique
919 760 1148 834 ]Ambo]
1167 763 1452 831 jubentur
1473 762 1710 818 camelis
1734 764 1990 836 impositi

353 863 454 919 per
486 851 668 902 totam
701 847 1058 903 circumduci
1092 851 1298 906 urbem
1333 856 1387 906 et
1412 852 1632 924 ﬂagris,
1685 852 1819 907 hinc
1858 853 1993 908 inde

352 936 603 1008 stipante
624 937 858 1008 populo,
884 935 1427 1012 laniari,usquequo
1451 939 1785 1013 ﬁnemipsis
1802 945 1996 997 verbe-

351 1023 514 1080 ribus
544 1025 910 1081 sortirentur.

423 1115 593 1186 Apud
614 1115 967 1186 Lugdunum
992 1117 1176 1171 sancti
1211 1117 1567 1174 Baldemeris
1624 1120 1993 1192 [Baldomeri]

352 1201 457 1257 viri
491 1203 609 1270 Dei,
643 1203 813 1274 cujus
864 1203 1197 1276 sepulcrum
1243 1207 1461 1262 crebris
1513 1209 1812 1265 miraculis
1864 1210 1994 1264 illu-

355 1295 536 1346 stratu
549 1310 591 1346 r.

426 1381 629 1436 PRIDIB
662 1381 797 1436 KAL.
851 1381 1038 1435 MART.
1069 1413 1134 1423 -—-
1168 1384 1230 1437 In
1262 1383 1609 1440 Alexandria
1657 1390 1996 1441 sanctorum

355 1468 590 1539 Celeris,
620 1468 830 1540 I‘upilli
857 1469 1160 1539 [Caerealis
1186 1471 1439 1545 Populi],
1465 1474 1610 1539 Gaii,
1643 1476 1994 1547 Serapionis.

429 1558 490 1612 In
525 1557 815 1612 territorio
852 1559 1229 1630 Lugdunensi
1261 1560 1405 1616 locis
1434 1562 1757 1619 virentibus
1789 1565 1848 1620 B.
1888 1566 1996 1620 Ro-

357 1646 514 1700 mani
547 1645 795 1711 abbatis,
832 1647 932 1718 qui
975 1649 1203 1719 primus
1247 1648 1364 1705 illic
1414 1650 1589 1706 vitam
1631 1653 1998 1708 eremeticam

359 1734 543 1800 duxit,
567 1739 623 1790 et
644 1735 848 1790 multis
870 1737 1169 1793 miraculis
1192 1756 1256 1794 ac
1280 1739 1594 1796 virtutibus
1633 1741 1844 1812 clarus,
1879 1743 2002 1815 plu-

361 1821 644 1878 rimorum
669 1829 872 1896 postea
895 1826 1064 1882 Pater
1094 1827 1314 1882 exstitit
1343 1829 1784 1885 monachorum.

1015 1989 1347 2046 MARTIUS.

359 2090 588 2148 Martius
650 2093 811 2150 habet
874 2097 988 2151 die:
1062 2113 1217 2163 xxxx,
1278 2099 1394 2153 lun.
1466 2115 1593 2152 xxx.
1663 2101 1725 2153 Et
1785 2100 1843 2152 in
1906 2097 2004 2152 hoc

430 2181 616 2291 paenae
681 2169 811 2292 ,ἕνα
880 2169 1161 2239 jejunium
1240 2172 1516 2240 primum,
1603 2170 1669 2224 de
1753 2172 2005 2240 Quatuor

477 2252 686 2292 emvorz
726 2254 811 2292 us.

477 2252 811 2308 emporwus.

431 2363 569 2416 KAL.
607 2361 794 2417 MART.
823 2395 886 2404 —
929 2364 1120 2420 Romae
1153 2369 1490 2420 sanctorum
1540 2368 1862 2438 martyrum
1895 2366 2002 2420 du-

363 2454 665 2506 centorum
718 2452 1016 2523 sexaginta
1059 2455 1423 2526 temporibus
1471 2454 1715 2521 Claudii,
1767 2455 1869 2526 qui
1915 2455 2006 2510 via

361 2538 586 2595 Salaria
607 2557 844 2596 arenam
869 2543 1441 2612 fodientes,damnati
1463 2545 1693 2600 fuerant
1715 2561 1817 2616 pro
1840 2544 2005 2599 Chri-

359 2627 434 2683 sti
468 2628 723 2685 nomine.
749 2630 1094 2702 Quosjussit
1116 2632 1395 2689 Claudius
1441 2639 1505 2688 ut
1543 2633 1598 2687 in
1634 2633 1833 2704 figlina
1865 2633 2006 2688 foris

360 2734 560 2772 muros
579 2723 754 2789 portae
772 2718 1006 2776 Salariaa
1044 2721 1434 2791 mitterentur,
1468 2727 1524 2777 et
1549 2739 1614 2776 eo
1646 2721 1769 2777 loco
1793 2720 2002 2776 inclusi

360 2807 419 2862 in
443 2808 690 2864 civitatis
721 2810 1148 2880 amphitheatro
1179 2811 1432 2867 militum
1468 2811 1699 2882 sagittis
1720 2811 2002 2865 interﬁce-

365 2905 585 2952 rentur.
621 2898 842 2951 Ibidem
901 2897 1184 2969 Simplicii
1238 2916 1420 2969 papae,
1478 2899 1574 2968 qui
1632 2898 1782 2953 sedit
1811 2903 2003 2953 Romae

364 2985 536 3038 annis
569 2984 923 3053 quindecim.
958 2985 1060 3039 Hic
1089 2988 1368 3040 Acacium
1415 2985 2003 3059 Constantinopolita-

367 3088 507 3126 num
529 3071 892 3142 episcopum,
928 3077 983 3128 et
1016 3077 1250 3128 Petrum
1300 3072 1750 3131 Alexandrinum
1781 3074 2003 3148 episco.

362 3176 505 3232 pum
535 3159 924 3233 Eutychianos
948 3162 1266 3217 damnavit.

434 3250 782 3323 Andegavis,
812 3250 1007 3306 Albini
1042 3251 1319 3325 episcopi.

438 3342 513 3395 Vl
534 3340 680 3396 Non.
707 3341 894 3397 MART.
947 3373 1011 3382 —
1056 3342 1271 3410 Romae,
1294 3343 1385 3398 via
1416 3343 1639 3408 Satina,
1671 3346 2005 3398 sanctorum

365 3429 556 3486 Jovini
570 3436 628 3486 et
647 3430 908 3498 Brasilei,
944 3430 1043 3502 qui
1068 3431 1230 3502 passi
1253 3437 1392 3488 sunt
1411 3433 1524 3488 sub
1545 3431 1803 3488 Gallieno
1825 3435 1882 3487 et
1896 3430 2008 3484 Va-

366 3518 585 3575 leriano
608 3519 1083 3591 imperatoribus.

439 3609 656 3664 Eodem
675 3607 769 3665 die
790 3613 1114 3681 martyrum
1131 3609 1520 3682 plurimorum
1552 3611 1662 3666 sub
1684 3609 2010 3667 Alexandro

370 3698 724 3769 imperatore
755 3715 1087 3770 passorum,
1122 3717 1271 3772 quos
1302 3699 1402 3755 diu
1465 3699 1757 3756 cruciatos
1794 3699 2012 3771 impius

370 3786 695 3843 Alexander
724 3787 957 3860 capitali
987 3789 1277 3846 sententia
1305 3789 1620 3844 damnavit.

448 3879 486 3935 V
516 3877 658 3932 Non.
686 3881 869 3933 MART.
920 3908 988 3918 -η
1036 3880 1100 3933 In
1149 3879 1453 3951 Hispania,
1485 3878 1714 3934 civitate
1743 3876 2013 3950 Calagur-

373 3966 581 4031 ritana,
615 3966 890 4022 nativitas
942 3971 1278 4023 sanctorum
1339 3972 1660 4039 martyrum
1701 3964 2015 4021 Emetherii

374 4055 716 4126 [Hemiterii]
739 4060 794 4110 et
810 4054 1139 4111 Cbeledonii
1166 4074 1178 4112 :
1207 4056 1307 4128 qui
1358 4057 1614 4128 primum
1647 4055 1801 4129 apud
1847 4060 2018 4126 Lego-

374 4145 638 4201 niensem
657 4141 909 4200 Galliciae
931 4143 1222 4200 civitatem
1245 4145 1479 4216 milites,
1529 4149 1874 4218 exsurgente
1898 4160 2021 4215 per-

377 4234 694 4292 secutionis
717 4233 990 4306 procella,
1017 4251 1121 4306 pro
1140 4235 1504 4291 confessione
1525 4234 1781 4290 nominis
1802 4232 2020 4290 Christi

377 4323 650 4396 plurimis
682 4323 882 4380 afflicti
911 4324 1240 4392 tormentis,
1290 4323 1650 4396 Calagurrim
1682 4340 1870 4396 usque
1900 4338 2021 4394 per-

367 4415 537 4485 ducti
593 4419 766 4488 atque
796 4415 1012 4470 ibidem
1065 4414 1341 4486 martyrio
1373 4414 1563 4470 atl‘ecti
1607 4417 1746 4469 sunt
1775 4417 1832 4468 et
1859 4428 2018 4468 coro-

380 4505 522 4561 nati.
545 4509 808 4578 Cumque
830 4522 1034 4562 eorum
1066 4507 1257 4577 capita
1305 4504 1476 4561 lictor
1505 4503 1808 4571 incideret,
1844 4501 2022 4557 mira-

2100 577 2160 633 in
2183 579 2294 632 {ide
2317 578 2695 643 confortatus,
2734 581 2998 645 repetens
3024 571 3575 630 continuotribunal
3593 573 3738 640 judi-

2102 669 2185 723 cis
2209 667 2710 723 confidentissime
2740 665 3078 737 respondit:
3137 663 3366 718 Obedire
3405 665 3611 733 oportet
3649 663 3740 716 Deo

2103 760 2278 830 magis
2310 775 2477 829 quam
2526 756 2838 812 hominibus
2895 756 3026 825 (Act.
3060 754 3137 824 v),
3185 757 3242 808 et
3296 751 3454 806 illico
3488 753 3737 823 martyrii

2106 865 2379 905 coronam
2411 846 2618 918 capitis
2641 845 2995 901 abscissione
3019 842 3294 914 suscepit.
3319 843 3590 912 Cumque
3615 858 3737 910 prro

2105 939 2262 993 fatus
2292 937 2558 992 Asterius
2608 935 2793 1007 capite
2835 937 3171 989 truncatum
3233 929 3512 1002 martyris
3546 946 3738 1001 corpus

2107 1028 2387 1099 subjectis
2422 1025 2680 1082 humeris
2710 1029 2768 1080 et
2796 1024 3094 1081 substrata
3124 1024 3280 1076 veste
3325 1037 3443 1091 qua
3473 1019 3738 1074 indueba-

2106 1120 2221 1183 tur,
2239 1115 2546 1187 exciperet,
2571 1114 2848 1169 honorem
2872 1128 3045 1184 quem
3095 1109 3334 1182 martyri
3357 1107 3593 1174 detulit,
3625 1124 3739 1162 con-

2106 1207 2271 1261 tinuo
2294 1206 2418 1277 ipse
2445 1203 2789 1275 martyrium
2811 1201 3051 1271 accepit.
3077 1199 3374 1271 Scriptum
3397 1199 3457 1252 in
3488 1197 3737 1251 Historiae

2107 1293 2521 1351 Ecclesiasticze
2552 1293 2700 1348 libro
2731 1292 3001 1363 septimo.

2189 1404 2259 1457 IV
2292 1403 2438 1457 Non.
2473 1402 2660 1456 MART.
2710 1431 2777 1440 —-
2820 1397 3103 1454 Nativitas
3161 1395 3349 1452 sancti
3407 1394 3569 1449 Lucii
3604 1410 3738 1465 papa

2110 1498 2167 1548 et
2190 1491 2484 1562 martyris,
2508 1489 2610 1543 Hic
2634 1487 2904 1560 prrecepit
2926 1489 2989 1540 ut
3031 1485 3145 1540 duo
3197 1483 3523 1555 presbyteri
3559 1489 3612 1536 et
3642 1483 3738 1534 duo

2111 1582 2340 1637 diaconi
2371 1581 2429 1634 in
2462 1579 2620 1634 omni
2675 1576 2800 1632 loco
2860 1575 3199 1647 episcopum
3259 1589 3374 1627 non
3419 1572 3740 1626 desererent

2111 1675 2347 1745 propter
2376 1665 2778 1724 testimonium
2811 1662 3294 1720 ecclesiasticum.
3341 1660 3448 1724 Qui
3482 1675 3737 1730 persecu-

2109 1761 2266 1816 tione
2288 1756 2571 1814 Valeriani
2604 1761 2662 1812 et
2709 1753 2956 1811 Gallieni
3005 1752 3077 1807 ob
3100 1751 3276 1806 ﬁdem
3306 1748 3518 1805 Christi
3553 1747 3740 1802 exsilio

2030 1857 2077 1921 Β
2111 1849 2421 1921 relegatus,
2446 1852 2502 1902 et
2523 1845 2899 1918 postmodum
2932 1842 3127 1897 divino
3173 1846 3319 1895 nutu
3345 1839 3412 1892 ad
3441 1836 3740 1892 ecclesiam

2111 1956 2277 1995 suam
2312 1936 2499 1993 redire
2531 1933 2874 2006 permissus,
2910 1929 3254 2001 martyrium
3279 1926 3471 1997 capitis
3496 1926 3738 1980 obtrun-

2111 2029 2336 2083 catione
2359 2023 2687 2096 complevit.
2715 2023 2918 2078 Postea
2967 2018 3196 2092 positus
3227 2021 3317 2072 est
3345 2015 3434 2069 via
3461 2014 3642 2085 Appia
3669 2013 3739 2066 ad

2112 2122 2379 2174 sanctum
2403 2119 2673 2187 Xystum.
2699 2111 2863 2168 Sedit
2883 2113 3076 2165 autem
3105 2108 3162 2161 in
3187 2106 3525 2178 episcopatu
3571 2119 3743 2156 annos

2111 2212 2253 2273 tres,
2287 2221 2518 2261 menses
2549 2207 2687 2272 tres,
2720 2201 2844 2256 dies
2875 2204 3012 2254 tres.

2183 2297 2332 2352 Item
2359 2295 2575 2360 Romae,
2634 2291 2726 2345 via
2781 2288 2987 2360 Appia,
3046 2289 3384 2340 sanctorum
3437 2285 3743 2351 martyrum

2113 2388 2564 2457 nongentorum,
2599 2379 2700 2450 qui
2730 2377 2900 2450 positi
2933 2376 2992 2430 iu
3025 2371 3355 2430 emmeterio
3389 2371 3462 2425 ad
3497 2374 3746 2424 sanctam

2113 2472 2419 2527 Caeciliam.

2187 2561 2400 2616 Eodem
2429 2559 2522 2614 die
2555 2557 2612 2612 S.
2634 2555 2782 2622 Gaii,
2818 2551 3064 2608 Palatini
3092 2550 3150 2605 in
3185 2565 3346 2605 mare
3376 2548 3657 2602 demersi.

2186 2669 2260 2724 ΙΙΙ
2290 2667 2434 2722 Non.
2486 2665 2672 2720 MART.
2718 2691 2787 2701 —
2818 2660 2984 2732 Apud
3015 2655 3384 2712 Antiochiam
3445 2653 3643 2708 sancti
3673 2652 3750 2705 Fo~

2114 2776 2190 2814 cae
2223 2755 2518 2828 martyris.
2553 2751 2660 2816 Qui
2692 2767 2796 2823 per
2817 2748 3055 2817 multas,
3079 2762 3223 2816 quas
3277 2760 3380 2814 pro
3416 2743 3751 2811 Redempto-

2114 2848 2193 2901 ris
2217 2845 2430 2902 Christi
2455 2842 2691 2898 nomine
2722 2854 3035 2912 perpessus
3067 2841 3174 2898 est,
3207 2832 3478 2903 injurias,
3519 2829 3754 2902 qualiter

2113 2936 2182 2991 de
2213 2933 2452 3004 antiquo
2483 2931 2582 2986 illo
2621 2934 2886 3002 serpente
2934 2923 3419 2996 triumphaverat,
3471 2920 3754 2989 hodieque
3802 2986 3810 2995 .

2113 3022 2346 3096 populis
2365 3021 2727 3077 declaratur..
2745 3016 2998 3088 Denique
3019 3015 3078 3069 in
3103 3011 3441 3085 quempiam
3465 3008 3585 3064 loci
3610 3007 3755 3096 illius

2116 3095 2356 3169 coluber
2372 3127 2634 3166 morsum
2654 3108 2839 3179 ﬁgens
2867 3120 3090 3161 venena
3119 3099 3445 3166 diffuderit,
3473 3095 3752 3165 extemplo

2038 3222 2080 3288 ρ
2119 3202 2219 3272 qui
2244 3215 2560 3274 percussus
2579 3201 2688 3262 est,
2709 3199 2774 3251 ut
2791 3195 3039 3266 januam
3061 3189 3313 3246 basilicae
3337 3186 3625 3258 martyris
3644 3201 3754 3239 cre-

2117 3293 2261 3348 dens
2293 3286 2571 3360 attigerit,
2605 3287 2879 3341 evaeuata
2907 3281 3120 3337 virtute
3149 3276 3376 3342 veneni,
3413 3274 3694 3332 solvatur.

2192 3401 2331 3455 Item
2353 3395 2482 3468 ipso
2505 3393 2616 3449 die.
2640 3389 2872 3447 Eusebii
2898 3391 2954 3443 et
2973 3383 3222 3442 Palatini
3267 3387 3326 3438 et
3355 3381 3612 3438 aliorum
3645 3382 3759 3434 octo

2122 3491 2465 3559 martyrum.

2191 3548 2336 3633 Itein
2369 3575 2427 3629 in
2456 3569 2785 3635 Antiochia,
2816 3563 3142 3626 Saturnini,
3172 3560 3351 3625 Casti,
3383 3548 3578 3630 Syria.

2194 3668 2337 3721 Item
2368 3659 2688 3727 Saturnini,
2719 3653 2972 3722 Martini,
3033 3651 3186 3708 Petri
3244 3655 3302 3705 et
3345 3647 3587 3703 aliorum
3642 3659 3760 3697 non

2122 3768 2464 3828 paucorum.

2197 3862 2243 3916 Il
2271 3860 2416 3916 Non.
2455 3860 2638 3911 MART.
2687 3885 2755 3894 ——
2802 3847 3150 3907 Nicomedia
3205 3844 3472 3900 nativitas
3530 3843 3767 3896 saneto-

2125 3967 2255 4008 rum
2287 3947 2532 4004 Victoris
2564 3949 2619 4000 et
2647 3939 2949 4007 Victorini,
2985 3937 3080 4009 qui
3135 3953 3238 4008 per
3263 3932 3590 3989 triennium
3641 3945 3768 3983 cum

2125 4037 2441 4098 Claudiano
2475 4039 2531 4090 et
2561 4035 2740 4090 Bassa
2772 4045 2945 4085 uxore
2962 4029 3091 4098 ejus
3109 4021 3420 4080 tormentis
3464 4018 3692 4080 afﬂicti,
3723 4022 3770 4070 et

2127 4127 2336 4186 retrusi
2365 4126 2424 4180 in
2458 4138 2769 4186 carcerem,
2802 4119 3020 4173 ibidem
3060 4115 3186 4169 vita:
3236 4129 3356 4168 suae
3401 4108 3775 4166 cursumim-

2129 4219 2454 4292 pleverunt.

2198 4303 2458 4377 Nicopoli
2491 4301 2696 4375 papiae,
2731 4295 3040 4352 Alexandri
3071 4298 3128 4349 et
3160 4289 3388 4347 Diodori
3423 4292 3778 4362 martyrum.

2205 4399 2268 4452 In
2298 4393 2479 4460 Italia,
2512 4389 2650 4446 villa
2680 4385 2970 4459 Fagoniaa,
2990 4381 3272 4439 Victorini
3305 4385 3361 4436 et
3389 4377 3670 4451 Sylvani.

2202 4503 2383 4559 Noras
2406 4503 2588 4554 MAnT.
2604 4527 2671 4536 —
2691 4495 2756 4548 In
2777 4489 3148 4557 Mauritania,
3181 4487 3412 4543 civitate
3432 4484 3790 4553 Tiburbita-

377 4593 576 4652 culum
603 4575 833 4668 populis
850 4595 1070 4668 grande
1093 4575 1384 4667 apparuit.
1405 4593 1550 4650 Nam
1573 4588 2018 4648 uniusannulus
2046 4590 2092 4654 D
2127 4609 2360 4659 norum,
2393 4586 2588 4661 passio
2619 4586 2958 4640 sanctarum
2993 4582 3321 4650 martyrum
3377 4575 3701 4646 Perpetua
3740 4576 3792 4627 et

379 4683 755 4756 orariumque
787 4684 1047 4750 alterius,
1095 4685 1250 4740 nube
1297 4687 1640 4756 susceptum
1670 4686 1728 4737 et
1758 4681 1815 4735 in
1847 4677 2019 4735 ccelos

377 4777 642 4830 evectum
691 4779 799 4830 est.
830 4774 1117 4830 Viderunt
1148 4773 1267 4829 haec
1297 4789 1501 4830 omnes
1533 4771 1635 4842 qui
1668 4769 1928 4836 aderant,
1963 4771 2018 4822 et

375 4880 684 4936 usquequo
714 4863 866 4919 acies
897 4863 1199 4920 oculorum
1231 4863 1528 4918 intendere
1574 4859 1779 4932 potuit,
1827 4855 2017 4928 fulgo-

377 4970 499 5009 rem
523 4953 648 5008 auri
673 4953 1102 5022 candoremque
1134 4950 1295 5007 lintei
1344 4949 1588 5006 attonito
1622 4947 2020 5020 sequebantur

378 5041 612 5098 intuitu.
650 5042 864 5098 Scribit
882 5041 1170 5097 Aureolos
1192 5041 1250 5096 in
1281 5040 1430 5095 libro
1462 5043 1890 5095 coronatorum.

447 5132 615 5204 Apud
638 5132 956 5188 Caesaream
990 5129 1291 5186 Palestina:
1319 5133 1655 5185 sanctorum
1696 5133 2019 5198 martyrum

386 5221 594 5277 Marini
628 5221 852 5293 militis,
885 5226 942 5277 et
999 5220 1210 5276 Asterii
1254 5219 1558 5283 senatoris,
1610 5218 1718 5272 sub
1752 5231 2022 5288 persecu-

381 5313 537 5368 tione
557 5309 1135 5374 Valeriani.Quorum
1158 5310 1316 5382 prior
1330 5326 1463 5364 cum
1488 5311 1795 5362 accusatus
1819 5305 2026 5361 fuisset

384 5419 419 5457 a
457 5399 954 5457 commilitonibus
975 5400 1129 5472 quod
1158 5404 1311 5455 esset
1338 5397 1725 5466 Christianus,
1759 5399 1814 5451 et
1845 5395 2021 5450 inter-

384 5495 624 5563 rogatus
655 5507 688 5545 a
710 5489 910 5561 judice
967 5487 1367 5544 Christianum
1426 5504 1487 5543 se
1547 5503 1674 5542 esse
1705 5485 1860 5540 clara
1888 5501 2025 5540 voce

385 5583 718 5643 testaretur,
754 5585 868 5633 tres
901 5578 951 5633 ei
985 5578 1138 5633 horae
1172 5579 1244 5632 ad
1303 5576 1748 5633 deliberandum
1784 5574 2023 5630 indultae

388 5669 544 5716 sunt.
592 5666 855 5735 Cumque
903 5683 936 5720 a
985 5663 1377 5721 tribunalibus
1419 5665 1629 5721 fuisset
1666 5679 1960 5735 egressus,
1993 5680 2027 5719 a

2130 4677 2464 4743 Felicitatis,
2499 4679 2557 4730 et
2586 4689 2718 4729 cum
2750 4670 2836 4727 eis
2895 4667 3182 4732 Revocati,
3237 4663 3551 4722 Saturnini
3609 4667 3668 4719 et
3698 4663 3791 4718 Se-

2127 4767 2386 4826 cunduli.
2411 4769 2668 4832 Quorum
2690 4759 2936 4817 ultimus
2967 4758 3026 4813 iu
3060 4771 3290 4812 carcere
3321 4751 3573 4825 quievit.
3644 4751 3789 4808 Reli-

2129 4859 2226 4930 qui
2258 4873 2461 4914 omnes
2485 4854 2555 4910 ad
2573 4851 2792 4909 bestias
2810 4852 2951 4905 sunt
2969 4845 3190 4913 traditi,
3233 4843 3343 4901 sub
3373 4846 3600 4898 Severo
3633 4841 3791 4914 prin-

2130 4949 2279 5020 cipe,
2297 4946 2390 5003 die
2408 4940 2727 5002 nativitatis
2747 4940 2895 5011 ejus.
2921 4937 3146 5009 Quique
3170 4951 3306 4990 eum
3360 4931 3567 4990 adhuc
3595 4946 3789 4987 serva-

2131 5041 2334 5093 rentur
2364 5035 2420 5090 in
2453 5047 2699 5099 carcere,
2731 5032 2788 5085 et
2815 5025 3080 5084 Felicitas
3120 5021 3459 5097 parturiret,
3508 5020 3791 5077 omnium

2132 5129 2469 5183 sanctorum
2501 5118 2967 5177 commilitonum
2991 5113 3265 5188 precibus
3286 5112 3696 5183 impetratum
3717 5113 3793 5165 est

2133 5219 2198 5272 ut
2219 5218 2420 5271 octavo
2435 5226 2635 5267 mense
2683 5211 2926 5281 pareret.
2954 5209 3084 5260 Jam
3116 5218 3251 5259 vero
3297 5201 3620 5272 Perpetuae
3654 5200 3794 5254 inter

2134 5304 2250 5361 alia
2278 5316 2622 5358 concessum
2654 5301 2764 5368 est,
2824 5299 2890 5350 ut
2943 5296 3072 5364 ejus
3130 5307 3298 5347 mens
3343 5287 3791 5361 quodammodo

2135 5395 2494 5449 averteretur
2523 5383 2916 5458 acorpore,in
2951 5398 3066 5455 quo
3112 5396 3297 5436 vaccae
3324 5376 3636 5449 impetum
3672 5392 3792 5449 per-

2139 5481 2293 5548 tulit,
2325 5481 2406 5535 ita
2436 5482 2502 5534 ut
2530 5477 2721 5533 adhuc
2763 5475 3026 5529 futurum
3056 5471 3491 5541 exspectaretur
3527 5467 3704 5538 quod
3746 5467 3791 5517 in

2135 5588 2198 5629 se
2221 5573 2347 5643 jam
2379 5572 2610 5643 gestum
2637 5582 2765 5622 esse
2787 5561 3055 5619 nesciret.

2207 5663 2294 5717 In.
2325 5655 2656 5725 Antiochia,
2679 5653 2874 5722 Leuci,
2902 5649 3098 5709 Saturi
3127 5653 3184 5707 et
3210 5646 3486 5706 Nestoris.
