4012 6198
307 376 455 440 1053
1308 378 1891 444 MARTYiiOLOGIl

2114 415 2134 427 -
2166 382 2399 445 MENS.
2448 383 2688 447 MART.
3544 390 3698 453 1054

372 512 435 567 In
496 512 743 570 Thracia
797 514 1028 584 Dandae,
1080 514 1331 583 Eunicaa,
1390 514 1661 583 Secundi,
1734 514 1940 587 Sergii,
1970 517 2026 583 Α
2056 539 2084 566 ‹‹
2110 517 2522 589 Quadraginta,
2546 518 2760 591 inquit,
2780 522 2940 587 sunt,
2960 517 3136 576 unius
3153 536 3363 577 corona
3384 520 3484 576 ubi
3507 524 3641 578 est?
3666 543 3696 574 »

306 602 513 674 Optati.
2057 610 2113 661 et
2144 605 2355 661 Christi
2407 609 2770 665 confessione
2818 610 3144 681 praemissa,
3188 609 3461 667 exsiliens
3491 612 3550 667 in
3582 617 3700 668 sta-

368 690 497 745 VIII
546 692 628 746 In.
695 692 878 747 MART.
926 726 991 732 ——-
1049 694 1218 765 Apud
1290 693 1695 766 Carthaginem
1760 693 1945 747 sancti
2056 711 2239 767 gnum
2267 697 2557 769 supplevit
2586 714 2897 755 numerum
2942 699 3272 754 definitum.
3308 700 3475 756 Mane
3504 705 3700 757 autem

306 779 488 833 Pontii
520 779 771 846 diaconi,
804 782 957 837 beati
1001 783 1268 855 Cypriani
1310 783 1585 854 episcopi.
1621 783 1727 848 Qui
1760 798 1947 853 usque
2058 786 2207 841 facto
2238 786 2597 842 invenientes
2644 804 2742 843 eos
2773 787 3095 844 incolumes
3145 806 3311 844 crura
3360 805 3562 845 eorum
3608 792 3697 845 Iu-

307 867 369 921 ad
396 868 685 940 passionis
710 887 828 925 suae
850 872 1003 927 diem
1026 888 1156 926 cum
1180 872 1307 943 ipso
1329 872 1597 927 exsilium
1622 872 1947 937 sustinens,
2057 875 2243 930 stibus
2273 876 2701 947 confregerunt,
2756 884 2811 932 et
2840 878 2957 949 igni
2992 895 3234 950 corpora
3266 879 3696 948 comburentes,

306 958 596 1028 egregium
618 958 890 1014 volumen
913 960 1055 1015 Vita:
1078 966 1134 1016 et
1164 962 1455 1032 passionis
1480 961 1663 1032 ipsius
1687 959 1942 1031 reliquit.
2054 963 2113 1018 in
2142 964 2383 1019 fluvium
2432 966 2822 1037 projecerunt.
2877 966 2986 1021 Sed
3019 967 3215 1023 divina
3262 967 3697 1039 dispensatione

308 1050 488 1116 Atque
510 1047 826 1102 Dominum
854 1065 1085 1121 semper
1108 1050 1162 1103 in
1189 1050 1562 1121 passionibus
1586 1049 1710 1103 suis
1735 1048 1946 1120 gloriﬁ-
2054 1052 2286 1120 reliquas
2319 1054 2579 1126 ipsorum
2615 1054 2675 1109 in
2715 1056 3003 1126 profundo
3047 1074 3210 1128 aqua:
3241 1055 3527 1129 religiosis
3558 1057 3699 1113 viris

305 1150 459 1204 cans,
494 1152 767 1191 caronam
800 1138 929 1192 vita
962 1138 1302 1209 promeruit.
2054 1142 2315 1197 revelata:
2343 1147 2399 1197 et
2427 1142 2645 1198 honore
2671 1142 2845 1216 digno
2877 1150 3016 1199 sunt
3039 1145 3303 1200 conditae.

371 1232 435 1286 In
464 1232 825 1300 Nicomedia,
857 1234 1132 1300 Quintilis
1159 1235 1414 1308 episcopi
1450 1241 1503 1290 et
1534 1236 1866 1308 Capitulini.
2125 1233 2188 1286 In
2221 1232 2558 1288 Nicomedia
2588 1233 2793 1288 Eunici
2823 1238 2879 1289 et
2924 1235 3217 1308 Gorgonii,
3251 1235 3429 1290 Firmi
3460 1239 3517 1291 et
3546 1240 3697 1308 Aga-

370 1320 433 1375 In
459 1321 672 1389 Africa,
698 1323 899 1395 Rogati
924 1328 979 1378 et
1002 1323 1226 1390 Felicis,
1252 1325 1525 1381 nativitas
1547 1325 1721 1381 etiam
1745 1325 1942 1397 Cyrilli
2052 1320 2178 1392 piti.
3728 1342 3757 1356 ι

304 1410 576 1482 episcOpi,
610 1411 843 1483 Sylvani
875 1418 932 1468 et
954 1412 1193 1470 Manilii,
2125 1410 2197 1464 IV
2228 1412 2305 1465 In.
2333 1410 2517 1466 MART.
2551 1442 2618 1449 —
2650 1414 2843 1466 Romae
2865 1413 3165 1469 beatorum
3190 1413 3530 1485 pontificum
3563 1415 3698 1470 Gre-

367 1499 467 1554 VII
518 1501 599 1553 Io.
651 1504 827 1556 Mm'r.
879 1533 947 1542 —
994 1503 1163 1573 Apud
1226 1503 1506 1559 Misenam
1537 1504 1940 1577 [Nysscnam]
2050 1499 2194 1571 gorii
2222 1500 2474 1555 doctoris
2505 1503 2560 1555 et
2586 1501 2831 1572 apostoli
2858 1502 3199 1574 Anglorum,
3246 1519 3393 1575 quos
3423 1519 3525 1575 per
3553 1504 3695 1558 ﬁde-

304 1587 807 1657 civitatem,sancti
831 1590 1109 1663 Gregorii,
1133 1592 1410 1663 episcopi,
1438 1594 1629 1648 fratris
1657 1595 1807 1649 beati
1834 1596 1939 1650 Ba-
2050 1586 2309 1644 lissimos
2329 1589 2716 1661 evangelistas
2737 1592 3130 1663 Augustinum
3154 1591 3499 1647 etMellitum
3522 1598 3699 1663 atque

308 1676 417 1731 silii
451 1677 841 1749 Caesariensis,
874 1680 980 1735 viri
1012 1680 1335 1737 doctissimi
1372 1687 1429 1737 et
1458 1681 1789 1755 eloquentia
1821 1684 1940 1739 cla-
2049 1677 2333 1733 Joannem
2367 1679 2437 1733 ad
2481 1680 2654 1734 ﬁdem
2704 1680 2912 1735 Christi
2964 1681 3263 1736 οοῐινθΐιίιο
3319 1681 3425 1747 Olli
3457 1682 3608 1737 sedit
3637 1681 3695 1735 ίῐι

305 1765 538 1820 rissimi.
2051 1768 2387 1839 episcopatu
2412 1784 2597 1825 annos
2618 1770 2915 1838 tredecim,
2936 1786 3167 1825 menses
3189 1786 3308 1836 sex,
3329 1770 3454 1825 dies
3473 1770 3696 1825 decem.

370 1855 533 1925 Apud
589 1856 991 1929 Barcillonem,
1041 1859 1273 1914 Paciani
1321 1860 1602 1933 episcopi,
1655 1864 1773 1916 tam
1823 1862 1941 1917 vita
1973 1888 2022 1953 Β
2123 1860 2270 1911 Item
2302 1856 2642 1925 Innocentii,
2678 1858 2777 1929 qui
2800 1859 2946 1913 rexit
2976 1857 3291 1953 Ecclesiam
3326 1875 3511 1953 annos
3534 1858 3703 1930 quin-

304 1959 472 2013 quam
500 1960 767 2001 sermone
789 1946 949 2001 clari.
975 1947 1082 2012 Qui
1114 1948 1333 2019 optima
1353 1952 1651 2005 senectute
1671 1955 1940 2006 mortuus
1974 1944 2017 1953 ”
2052 1944 2261 2010 decim,
2294 1962 2526 2001 menses
2548 1947 2717 2013 d003,
2742 1947 2868 2002 dies
2895 1946 3099 2019 viginti
3129 1952 3185 2003 et
3206 1964 3407 2003 υουω·
3432 1946 3536 2003 Ηίο
3566 1964 3701 2003 ϐοη-

303 2035 405 2102 est,
438 2032 744 2087 Theodosii
780 2033 1059 2106 principis
1094 2037 1475 2109 temporibus.
2052 2036 2323 2090 stitutum
2358 2035 2493 2090 fecit
2522 2036 2592 2090 de
2643 2035 2895 2091 Ecclesia
2939 2036 3059 2104 Dei,
3094 2040 3149 2091 et
3196 2036 3493 2108 Pelagium
3524 2040 3697 2108 atque

372 2124 434 2174 In
468 2119 662 2177 Africa
689 2121 893 2177 Felicis
924 2128 980 2178 et
1033 2124 1301 2196 Philippi,
1350 2126 1614 2191 Mariani,
1657 2126 1862 2200 Rogati
1888 2133 1945 2183 et
2051 2124 2427 2180 Caelestinum
2476 2125 2776 2181 haereticos
2824 2125 3143 2195 damnavit,
3190 2130 3247 2180 et
3289 2125 3591 2181 constituit
3634 2128 3701 2179 ut

303 2208 591 2277 Concessi,
627 2210 895 2282 Corgonii
928 2216 986 2267 et
1016 2213 1265 2285 Esychii.
2055 2214 2155 2285 qui
2206 2217 2379 2269 natus
2428 2214 2637 2271 fuisset
2684 2215 2753 2269 de
2796 2214 3141 2271 Christianis
3188 2214 3548 2286 perentibus,
3596 2229 3698 2285 per

368 2296 439 2350 VI
482 2299 561 2353 In.
615 2298 799 2354 MART.
834 2332 903 2341 ——
934 2300 1215 2357 Nativitas
1247 2307 1583 2358 sanctorum
1618 2308 1941 2374 martyrum
2053 2302 2413 2374 baptismum
2428 2307 2885 2375 regeneraretur.
2901 2303 3058 2367 Quod
3078 2301 3695 2375 Pelagiusdamnabat.

301 2383 603 2441 Alexandri
637 2392 692 2442 et
723 2389 846 2444 Gaii
880 2391 951 2445 de
981 2391 1285 2460 Eumenia,
1320 2392 1418 2463 qui
1452 2393 1604 2464 apud
1638 2394 1941 2465 Apamiam
2053 2391 2171 2447 Hoc
2204 2392 2591 2448 Innocentius.
2626 2392 2939 2464 Gregorius
2968 2409 3101 2447 vero
3143 2391 3562 2464 augmentavit,
3596 2391 3696 2447 sed

303 2476 700 2545 persecutione
730 2478 963 2534 Antonii
994 2480 1127 2534 Veri
1180 2480 1454 2552 Martyrio
1495 2484 1751 2538 coronati
1784 2487 1940 2539 sunt.
2056 2482 2116 2552 [/.
2143 2482 2384 2552 addens]
2410 2482 2467 2537 in
2490 2482 2819 2553 precatione
2838 2481 3117 2537 Canonis:
3140 2481 3362 2553 diesque
3398 2485 3612 2537 nostros
3633 2483 3694 2538 in

300 2563 510 2618 Scribit
529 2565 879 2637 Apollinaris
905 2568 1368 2640 Hierapolitanus
1388 2571 1696 2643 episcopus
1715 2572 1773 2628 in
1797 2571 1943 2628 libro
2052 2574 2149 2625 tua
2176 2587 2312 2642 pace
2341 2572 2583 2643 dispone.

302 2652 367 2707 ad
380 2668 578 2709 versus
607 2654 1020 2729 Cataphrygas.
2126 2660 2293 2731 Apud
2317 2659 2738 2725 Nicomediam,
2763 2660 2913 2715 beati
2940 2660 3088 2715 Petri
3112 2659 3404 2733 martyris,
3430 2659 3529 2731 qui
3548 2676 3703 2715 unus

371 2745 433 2795 In
457 2743 712 2814 Perside,
732 2750 1067 2801 sanctorum
1089 2752 1411 2820 martyrum
1433 2766 1677 2805 numero
1699 2751 1945 2821 quadra-
2055 2747 2164 2803 fuit
2193 2765 2261 2803 ex
2291 2749 2561 2804 Dorothei
2610 2754 2667 2805 et
2697 2749 2971 2821 Gorgonii
3021 2753 3345 2820 martyrum
3378 2748 3701 2815 sodalibus,

302 2829 462 2900 ginta
496 2831 767 2887 duorum.
2055 2835 2153 2908 qui
2186 2837 2245 2892 in
2268 2837 2533 2893 cubiculo
2560 2838 2711 2909 regis
2732 2844 2915 2893 erant.
2943 2838 3304 2907 Hicjubente
3326 2837 3702 2904 Diocletiano,

373 2918 433 2973 In
458 2919 785 2988 Antiochia,
806 2926 1016 2995 Agapae
1041 2924 1325 2997 [Agapes]
1346 2925 1587 2998 virginis
1609 2931 1664 2982 et
1688 2926 1940 2984 Marine.
2052 2942 2119 2981 eo
2152 2927 2304 2997 quod
2334 2926 2405 2981 de
2450 2926 2756 2999 suppliciis
2786 2927 3140 2998 martyribus
3162 2926 3430 2999 irrogatis
3462 2926 3703 2983 liberius

374 3011 436 3060 In
467 3007 825 3078 Nicomedia,
860 3010 1122 3081 Palatini,
1166 3014 1419 3069 Firmani
1461 3019 1517 3069 et
1546 3014 1766 3071 Rustici
1797 3032 1946 3073 mar-
2055 3014 2417 3071 clausarctur
2446 3016 2849 3087 [causaretur],
2888 3016 2945 3070 in
2990 3015 3236 3087 equuleo
3269 3032 3616 3089 suspensus,
3648 3020 3705 3071 et

300 3098 513 3168 tyrum.
2055 3105 2251 3175 ﬂagris
2276 3109 2395 3159 toto
2420 3104 2675 3161 laniatus
2697 3122 2959 3176 corpore,
2983 3122 3049 3160 ac
3070 3105 3388 3161 visceribus
3405 3107 3531 3177 jam
3554 3104 3707 3177 pelle

368 3184 433 3239 In
484 3184 851 3250 Alexandria,
920 3188 1187 3257 Heraclii,
1247 3190 1480 3256 Zosimi,
1530 3191 1837 3247 Alexandri
1888 3198 1946 3249 et
1982 3255 2017 3265 __
2057 3192 2387 3257 denudatis,
2423 3198 2586 3249 aceto
2616 3198 2673 3248 et
2711 3193 2829 3249 sale
2874 3195 3262 3265 perfunditur.
3304 3196 3566 3265 Cumque
3596 3193 3706 3249 hoc

300 3272 448 3329 Gaii.
1179 3255 1182 3257 Ὺ
1469 3255 1472 3256 ν
1976 3255 2018 3321 C
2057 3281 2332 3335 tormenti
2377 3255 2568 3351 genus
2616 3255 2950 3336 constanter
2999 3298 3064 3335 ac
3115 3281 3340 3335 fortiter
3384 3255 3708 3349 tolerasset,

369 3366 436 3416 In
472 3362 654 3434 Italia,
680 3364 736 3418 in
761 3366 1116 3423 monasterio
1140 3368 1339 3434 Bobio,
1364 3370 1549 3424 sancti
1573 3372 1753 3425 Atalaa
1776 3372 1949 3428 abba-
2059 3368 2338 3425 craticula
2359 3369 2565 3441 prunis
2584 3369 2985 3425 subterstratis
3002 3369 3137 3441 poni
3153 3369 3398 3439 jubetur
3415 3367 3475 3423 in
3493 3367 3706 3435 medio,

298 3450 394 3522 tis,
429 3451 785 3508 admirandae
831 3454 1156 3512 sanctitatis
1198 3457 1302 3511 viri
1338 3457 1608 3529 discipuli
1658 3460 1811 3515 beati
1842 3460 1946 3516 Co-
2059 3458 2255 3529 ibique
2286 3458 2437 3529 quod
2470 3458 2763 3529 reliquum
2798 3458 2985 3512 fuerat
3032 3457 3373 3513 verberibus
3403 3456 3705 3529 absumpti

297 3537 583 3596 lumbani.
2058 3546 2315 3618 corporis
2347 3546 2683 3619 superponi,
2718 3552 2773 3602 et
2798 3564 2912 3602 non
2944 3547 3013 3602 ad
3049 3546 3313 3602 subitum
3345 3546 3445 3601 sed
3478 3546 3699 3603 sensim

370 3628 412 3683 V
437 3633 520 3683 In.
555 3630 740 3686 Maar.
775 3661 843 3671 ——-
872 3633 1040 3703 Apud
1075 3633 1354 3690 Sebasten
1390 3636 1673 3692 Armeniae
1706 3638 1946 3694 Minoris
2058 3636 2457 3709 paulatimque
2484 3636 2783 3703 succendi,
2831 3651 2946 3707 quo
2986 3635 3208 3691 scilicet
3253 3651 3425 3705 pcena
3449 3633 3699 3705 protela-

296 3718 572 3774 nativitas
605 3724 928 3793 martyrum
978 3724 1385 3795 quadraginta,
1436 3726 1535 3797 qui
1582 3728 1946 3799 temporibus
2056 3726 2300 3782 returin
2334 3726 2596 3797 longum.
2634 3729 2753 3780 Hoc
2799 3725 3005 3780 Petrus
3054 3723 3330 3796 martyrio
3368 3729 3700 3793 coronatus,

296 3806 525 3862 Lucinii
550 3809 803 3881 [Licinii]
826 3810 1195 3881 imperatoris
1216 3818 1271 3868 et
1292 3814 1579 3885 Agricolai
1605 3818 1868 3888 prazsidis
1890 3822 1947 3873 et
2055 3832 2186 3871 vere
2219 3816 2365 3871 Petri
2400 3814 2619 3870 exstitit
2649 3818 2705 3869 et
2736 3814 2869 3869 fidei
2900 3814 3084 3869 haeres
3114 3817 3171 3868 et
3202 3812 3474 3868 nominis.

299 3896 480 3968 Lysia:
514 3898 809 3970 ducis,pro
842 3899 1075 3954 nomine
1098 3900 1313 3956 Christi
1348 3905 1590 3976 matyrio
1618 3911 1754 3960 sunt
1781 3922 1943 3961 coro-
2128 3905 2271 3960 Item
2294 3904 2639 3960 Nicomediae
2659 3903 2951 3969 nativitas,
2973 3906 3309 3958 sanctorum
3328 3900 3553 3973 Egduni
3574 3916 3698 3972 pre-

292 3986 437 4041 nati.
471 3987 626 4049 Quos
653 3986 993 4059 Agricolaus
1014 4005 1227 4059 praeses
1252 4007 1385 4046 cum
1418 3994 1487 4047 ad
1514 3993 1802 4050 culturam
1828 3996 1944 4051 ido-
2055 3994 2266 4064 sbyteri
2299 4000 2356 4049 et
2388 3994 2634 4048 aliorum
2668 3998 2911 4064 septem,
2945 3992 3045 4063 qui
3093 3990 3306 4061 singuli
3338 3990 3545 4046 diebus
3577 3990 3695 4045 sin-

290 4074 483 4130 Iorum
517 4081 849 4132 convertere
879 4094 992 4132 non
1026 4082 1243 4149 posset,
1278 4079 1572 4151 lapidibus
1603 4083 1767 4137 obrui
1800 4101 1943 4154 prae-
2054 4083 2209 4154 gulis
2240 4083 2695 4151 suiforabantur,
2730 4088 2793 4136 ut
2822 4081 3050 4137 caeteris
3088 4085 3281 4136 metus
3313 4080 3690 4136 incuteretur.

290 4164 467 4236 cepit.
502 4164 611 4220 Sed
641 4168 888 4220 tortores
921 4183 1145 4232 eorum,
1177 4168 1525 4224 alterutrum
1559 4187 1620 4225 se
1650 4169 1943 4242 lapidibus
2124 4172 2339 4226 Eodem
2363 4171 2455 4226 die
2475 4170 2668 4242 passio
2688 4170 3065 4227 Maximiliani
3089 4169 3359 4242 martyris
3376 4172 3433 4225 et
3449 4168 3698 4225 aliorum

289 4254 605 4322 cadentes,
625 4253 979 4326 martyribus
1001 4271 1205 4311 nocere
1225 4273 1336 4312 non
1360 4261 1649 4328 poterant.
1671 4258 1795 4314 Dux
1812 4278 1943 4315 vero
2053 4260 2462 4333 plurimorum.

290 4342 518 4415 Lysias,
552 4343 933 4399 exardescens
962 4344 1048 4398 ira
1080 4343 1214 4400 tulit
1244 4344 1499 4417 lapidem
1528 4351 1590 4401 ut
1620 4353 1944 4418 percuteret
2123 4352 2201 4406 III
2234 4351 2313 4405 In.
2347 4354 2527 4404 MART.
2562 4380 2627 4389 —-
2650 4350 2818 4421 Apud
2852 4347 3245 4405 Nicomediam
3272 4345 3544 4401 nativitas
3567 4362 3698 4401 sane

287 4430 550 4503 aliquem
574 4433 1071 4488 sanctorum.Sed
1097 4433 1243 4489 miro
1266 4434 1366 4490 Dei
1392 4439 1533 4490 nutu
1558 4434 1682 4506 ipse
1709 4436 1859 4509 lapis
1882 4437 1941 4493 in
2052 4444 2276 4495 ctorum
2329 4438 2652 4494 Macedonii
2713 4437 3055 4510 presbyteri,
3105 4440 3161 4491 et
3213 4433 3449 4490 Patricae
3499 4432 3699 4487 uxoris

285 4520 500 4577 faciem
523 4520 790 4593 prasidis
813 4522 1093 4594 pervenit.
1119 4523 1225 4588 Qui
1246 4524 1441 4579 furore
1460 4530 1789 4582 commotus
1812 4543 1941 4581 san-
2051 4529 2200 4600 ejus,
2233 4531 2289 4582 et
2314 4526 2445 4581 filia:
2478 4526 2769 4580 Μοᾱθεὶρε.

285 4614 418 4667 ctos
448 4611 550 4667 Dei
579 4610 636 4666 in
660 4615 934 4685 stagnum
966 4611 1152 4684 glacie
1200 4612 1578 4669 constrictum
1612 4614 1763 4669 mitti
1796 4633 1939 4687 pras-
1971 4625 2017 4688 Ι)
2120 4616 2319 4672 Nicaea:
2351 4615 2579 4670 civitate
2603 4613 2873 4669 nativitas
2928 4615 3264 4667 sanctorum
3312 4611 3589 4667 Theuscas
3638 4612 3697 4664 et

282 4700 461 4772 cepit.
488 4700 690 4757 Divino
709 4706 901 4757 autem
921 4705 1067 4756 nutu
1086 4700 1299 4773 glacies
1319 4702 1605 4759 dissoluta
1621 4708 1677 4758 et
1695 4703 1945 4776 frigidis-
2053 4707 2221 4763 Horis
2257 4704 2579 4772 [Theusetaa
2624 4707 2681 4758 et
2728 4702 2997 4772 Horrisaa]
3033 4700 3131 4755 ﬁlii
3180 4702 3327 4771 eius,
3360 4700 3692 4767 Theodore,

283 4788 444 4845 sima
474 4806 629 4861 aqua
659 4788 716 4845 in
748 4789 1090 4846 balnearum
1137 4791 1475 4862 temperiem
1521 4808 1799 4848 conversa
1828 4798 1935 4861 est,
2049 4796 2493 4869 Nymphodorae,
2516 4791 2932 4859 Marci,Arabae
2954 4789 3556 4861 [Arabaa],quiomnes
3574 4786 3697 4859 igni

282 4878 373 4934 ita
418 4882 482 4933 ut
529 4878 587 4935 in
635 4878 868 4935 laudem
912 4879 1033 4946 Dei,
1090 4883 1289 4935 sancto
1338 4880 1558 4953 Spiritu
1607 4883 1937 4951 confortati,
2048 4889 2187 4940 sunt
2211 4882 2427 4939 traditi.

280 4972 682 5039 erumperent.
715 4969 877 5025 Unus
907 4973 1103 5024 autem
1135 4984 1202 5023 ex
1228 4985 1429 5024 eorum
1464 4987 1727 5037 numero,
1761 4970 1940 5042 pusil-
2119 4975 2263 5029 Item
2294 4970 2431 5027 Julii
2461 4970 2717 5042 episcopi
2745 4973 2801 5024 et
2827 4966 3157 5023 Alexandri.

278 5056 528 5114 lanimis
559 5057 818 5125 effectus,
852 5058 1146 5129 refugiens
1171 5058 1243 5112 ad
1275 5057 1552 5115 balneum
1577 5058 1747 5129 juxta
1778 5076 1940 5130 para-
2120 5067 2264 5118 Item
2294 5058 2642 5116 Nicomedia:
2676 5057 2997 5113 multorum
3027 5060 3369 5128 martyrum.

278 5151 441 5213 tum,
474 5164 609 5203 mox
637 5151 701 5202 ut
722 5146 914 5218 attigit
941 5145 1214 5215 calorem,
1238 5147 1561 5203 dissolutus
1590 5152 1646 5203 et
1669 5153 1937 5205 mortuus
2119 5153 2317 5208 Pmnrs
2368 5152 2447 5205 In.
2504 5148 2689 5204 MART.
2728 5178 2787 5185 —
2844 5147 3036 5201 Romae
3088 5149 3408 5217 martyrum
3443 5143 3691 5215 quadra-

277 5240 396 5291 est.
432 5240 611 5291 Porro
642 5236 867 5291 cunctis
899 5236 996 5305 qui
1028 5251 1126 5291 eos
1151 5236 1562 5292 custodiendos
1594 5242 1938 5309 acceperant
2045 5241 2207 5314 ginta
2240 5242 2486 5311 septem,
2510 5236 2609 5308 qui
2640 5234 2915 5308 baptizati
2949 5238 3084 5288 sunt
3110 5250 3139 5287 a
3168 5235 3333 5288 beato
3366 5236 3533 5287 Petro
3564 5248 3697 5303 apo-

276 5341 497 5381 somno
518 5324 792 5397 gravatis,
812 5322 1231 5379 clavacularius
1253 5328 1478 5380 tantum
1504 5325 1801 5397 vigilabat.
1826 5326 1934 5391 Qui
2045 5328 2213 5399 stolo,
2255 5344 2388 5382 cum
2420 5330 2713 5381 teneretur
2743 5324 2801 5379 in
2859 5322 3123 5379 custodia
3176 5320 3504 5377 Mamertini
3556 5337 3691 5375 eum

274 5420 535 5476 audiens
565 5435 663 5473 eos
693 5421 949 5483 orantes,
998 5417 1317 5489 vidensque
1360 5418 1549 5474 lucem
1582 5421 1933 5477 immensam
2044 5416 2374 5490 coapostolo
2401 5432 2505 5471 suo
2530 5414 2728 5480 Paulo,
2754 5413 2852 5468 ubi
2882 5429 3085 5467 novem
3112 5427 3342 5466 menses
3364 5410 3423 5464 in
3445 5408 3694 5464 vinculis

271 5515 463 5577 atque
494 5506 739 5578 glaciem
756 5506 1429 5578 resolutam,rescipiens
1454 5509 1606 5563 unde
1625 5510 1935 5565 ortumlux
2043 5506 2263 5563 detenti
2294 5508 2450 5561 sunt.

269 5598 417 5670 ipsa
446 5596 705 5664 haberet,
740 5594 883 5651 vidit
912 5612 1088 5669 super
1134 5601 1370 5652 sanctos
1414 5614 1658 5653 coronas
1688 5599 1931 5654 descen-
2116 5597 2258 5652 Item
2290 5592 2575 5685 Lach-aria
2610 5588 2924 5685 pontificis,
2943 5588 3250 5685 quiscilit
3280 5588 3692 5685 Romaenannos.

270 5688 490 5744 dentes
535 5701 776 5743 numero
824 5686 1065 5759 triginta
1114 5702 1362 5755 novem;
1412 5686 1585 5759 coepit
1633 5688 1927 5761 cogitare:
2042 5687 2263 5743 decem.
2298 5682 2487 5739 Hicin
2538 5679 2892 5753 patriarchio
2943 5678 3096 5737 beati
3146 5676 3405 5750 Gregorii
3436 5676 3690 5750 [Georgii
