4012 6198
381 314 537 404 4.05.5

1273 317 1342 379 B.
1390 319 1734 390 NOTKERI
1779 319 2117 383 BALBULI
2162 320 2227 382 S.
2276 323 2506 385 GALLI
2547 323 2902 388 MONACHI

3617 321 3776 386 1056

380 448 616 521 Baron.]
636 447 903 522 Martyris
921 457 1096 522 caput
1115 453 1404 524 reperitin
1427 470 1603 526 capsa
1620 455 2024 521 reconditum;
2058 456 2111 522 Α
2140 473 2247 513 suo
2276 457 2529 518 lacerata
2556 463 2661 515 est.
2694 458 2804 514 Sed
2855 473 2989 513 cum
3039 472 3155 512 non
3205 457 3403 528 posset
3434 471 3538 528 per
3575 453 3685 512 hoc
3712 459 3773 512 ab

379 537 581 610 inqua
601 542 657 594 et
679 537 950 610 pitatium
968 539 1184 611 pariter
1203 539 1441 610 invenit,
1466 543 1573 599 hoc
1595 545 1789 617 ipsum
1815 544 2030 600 Graecis

377 625 592 683 litteris
622 627 844 683 habens
875 635 1198 709 exaratum.
1258 632 1534 704 Sepultus
1566 638 1655 690 est
1696 634 1755 688 in
1787 633 2030 689 ecclesia

379 716 531 772 beati
565 717 809 788 apostoli
838 717 1009 773 Petri.

451 806 621 877 Apud
654 806 1085 880 Carthaginem,
1110 809 1341 876 Donati,
1376 811 1646 880 Eufrosii,
1678 812 1955 868 Fronimi.

453 894 518 950 In
549 894 904 963 Nicomedia,
941 897 1307 966 Felicissimi,
1339 901 1541 967 Dativi,
1575 901 1884 957 Frontinae.

458 983 520 1037 In
554 983 749 1040 Africa
780 985 994 1053 Dionea,
1027 987 1359 1056 Alexandri,
1407 990 1579 1057 Petri,
1612 991 1941 1046 Mammarii
1976 997 2032 1047 et

385 1069 628 1127 Nabotis
657 1077 1002 1146 martyrum.

456 1160 537 1215 In.
571 1161 756 1217 MART.
789 1195 857 1204 ——
891 1166 954 1219 In
986 1167 1347 1238 Cappadocia
1379 1169 1561 1224 sancti
1597 1170 1839 1242 Longini
1875 1187 2027 1225 mar-

384 1250 531 1323 tyris
555 1267 569 1306 :
593 1253 693 1323 qui
716 1270 849 1308 cum
872 1253 929 1308 in
953 1255 1226 1326 passione
1250 1259 1475 1313 Domini
1499 1258 1868 1315 lancealatus
1904 1261 2030 1331 ejus

389 1341 636 1413 aperuit,
667 1341 791 1397 viso
823 1347 1155 1400 terrazmotu
1187 1351 1244 1400 et
1272 1346 1459 1419 signis
1493 1364 1618 1419 quae
1645 1349 1882 1413 fiebant,
1907 1366 2029 1404 cre-

387 1428 536 1485 didit
564 1431 624 1485 in
653 1431 969 1500 Christum,
1004 1433 1402 1506 paenitentiam
1453 1453 1632 1509 agens
1663 1438 1734 1492 de
1767 1437 2033 1508 pristinis

389 1519 684 1591 operibus,
719 1525 775 1574 et
804 1538 906 1592 per
926 1521 1168 1594 triginta
1187 1528 1241 1578 et
1271 1529 1398 1580 octo
1425 1541 1608 1581 annos
1639 1526 1865 1581 Christo
1888 1525 2036 1580 mili-

380 1610 544 1673 ‘tans,
579 1607 909 1680 multosque
931 1611 1002 1665 ad
1036 1611 1208 1667 fidem
1241 1613 1337 1667 Dei
1363 1619 1723 1680 convertens,
1751 1615 1819 1670 ad
1855 1619 2036 1670 extre-

389 1711 558 1750 mum
590 1696 648 1750 in
680 1699 1039 1770 Cappadocia
1064 1701 1174 1756 sub
1217 1701 1450 1758 Octavio
1481 1703 1725 1775 praeside
1755 1721 2036 1758 consum-

2138 546 2419 604 instantia
2449 548 2660 604 Christi
2692 546 2909 604 servitii
2939 547 3011 601 ad
3044 545 3336 601 idolorum
3369 545 3598 600 cultum
3631 564 3774 603 revo-

2137 637 2278 703 cari,
2305 637 2491 708 judici
2523 637 2751 710 publico
2783 637 2854 691 ad
2885 635 3246 708 puniendum
3290 634 3513 690 tradita
3539 639 3646 690 est.
3680 635 3777 690 [Ibi

2138 726 2279 780 dum
2301 727 2602 783 carnifices
2622 743 2748 782 eam
2767 724 3032 781 incendio
3051 724 3276 779 tradere
3292 723 3645 791 voluissent,
3665 743 3774 796 pre-

2140 815 2308 871 cibus
2340 815 2537 888 populi
2570 817 2716 870 datae
2762 818 2900 870 sunt
2927 814 2978 867 ei
3028 812 3274 868 induciae
3318 811 3503 867 trium
3537 814 3773 868 dierum.

2137 904 2354 960 Triduo
2377 922 2532 977 ergo,
2554 905 2861 977 completo,
2881 919 3014 959 cum
3038 903 3250 958 iterum
3269 917 3399 956 eam
3420 903 3634 974 punire
3651 919 3777 957 una-

2140 992 2376 1049 nimiter
2406 995 2709 1064 instarent,
2734 992 3078 1049 mirabiliter
3109 992 3206 1046 Dei
3238 990 3650 1046 misericordia
3668 1008 3773 1046 ere-

2139 1088 2237 1155 pta
2256 1087 2362 1139 est.
2387 1087 2533 1139 Nam
2557 1101 2690 1139 cum
2713 1082 3034 1139 orationem
3067 1081 3136 1136 ad
3161 1081 3344 1136 Deum
3374 1080 3650 1144 fudisset,
3673 1098 3772 1136 una

2141 1177 2301 1244 petra
2334 1172 2560 1245 ingens,
2595 1189 2722 1244 quas
2771 1176 2907 1226 ante
2956 1187 3084 1225 eam
3135 1169 3340 1236 fuerat,
3392 1184 3501 1240 per
3532 1170 3769 1224 medium

2140 1262 2344 1328 scissa,
2364 1261 2528 1316 illam
2546 1262 2604 1316 in
2623 1278 2685 1316 se
2702 1260 3034 1332 recipiebat,
3053 1263 3110 1314 et
3128 1258 3388 1329 undique
3407 1257 3770 1322 concludens,

2141 1350 2399 1405 hostium
2425 1350 2603 1405 furori
2623 1349 2951 1404 resistebat.
2980 1348 3060 1401 Ad
3081 1362 3257 1418 quam
3279 1345 3541 1416 populus
3562 1362 3772 1400 concur-

2144 1457 2296 1507 rens,
2330 1456 2463 1494 cum
2483 1438 2654 1494 vellet
2674 1438 2998 1493 secundum
3018 1437 3254 1506 jussum
3279 1434 3571 1507 principis
3604 1434 3769 1506 ipsum

2145 1528 2397 1602 lapidem
2411 1529 2728 1594 destruere,
2747 1525 2992 1581 fulmine
3005 1543 3069 1580 ac
3082 1525 3303 1580 tonitru
3318 1523 3547 1579 caelitus
3559 1525 3777 1593 emisso,

2147 1617 2382 1690 plurimi
2416 1633 2617 1673 eorum
2650 1616 3015 1680 interierunt,
3045 1615 3128 1669 ita
3171 1617 3235 1668 ut
3264 1613 3383 1668 duo
3416 1613 3580 1667 milia
3610 1619 3663 1666 et
3688 1629 3768 1666 se-

2146 1707 2434 1779 ptingenti
2466 1723 2533 1762 ex
2563 1705 2706 1777 ipsis
2751 1704 2947 1760 divino
2977 1701 3200 1774 judicio
3248 1701 3519 1757 exstincti
3553 1702 3774 1768 fuerint,

393 1785 800 1894 mavit.‘Quem
832 1794 1068 1860 prepter
1096 1789 1500 1848 infidelitatem
1548 1793 1727 1848 animi
1761 1810 2038 1865 corporea
2069 1830 2116 1894 Β
2147 1797 2314 1868 pauci
2339 1811 2470 1850 vero
2493 1795 2592 1866 qui
2617 1797 3035 1856 remanserant,
3072 1792 3336 1846 conversi
3357 1790 3426 1844 ad
3451 1790 3780 1852 Dominum,

391 1873 644 1930 caecitate
674 1891 1018 1946 percussum
1050 1883 1181 1949 post
1229 1881 1575 1953 martyrium
1609 1898 1783 1938 suum
1818 1881 2039 1937 illumi-

394 1960 569 2016 navit.
610 1987 613 1993 ·

463 2053 626 2123 Apud
659 2053 1154 2123 Thessalonicam,
1180 2045 1393 2114 sanctas
1420 2062 1691 2115 Matronae
1717 2078 1729 2116 :
1756 2077 1880 2132 quae
1903 2077 2036 2115 cum

393 2145 547 2196 esset
576 2141 856 2198 Plautillae
906 2146 1215 2217 cujusdam
1247 2148 1438 2204 viduas
1481 2149 1692 2204 ancilla
1729 2154 1786 2204 et
1816 2149 2039 2205 occulte

393 2228 691 2286 Christum
714 2231 930 2304 colens,
954 2235 1212 2306 quotidie
1239 2236 1466 2294 furtivis
1483 2237 1842 2294 orationibus
1864 2237 2038 2293 eccle-

387 2316 544 2372 siam
590 2319 985 2391 frequentaret
1033 2323 1396 2396 deprehensa
1441 2345 1474 2381 a
1521 2326 1762 2383 domina
1809 2344 1936 2398 sua,
1977 2326 2036 2380 in

393 2421 636 2462 scamno
666 2412 897 2465 extenta
918 2415 1091 2483 atque
1122 2412 1320 2486 ligata,
1345 2421 1401 2470 et
1422 2432 1565 2487 pene
1586 2432 1773 2488 usque
1795 2416 1866 2471 ad
1891 2431 2041 2470 mor-

392 2497 510 2550 tem
541 2496 849 2568 ﬂagellata,
885 2505 1061 2572 atque
1091 2502 1286 2558 vincta
1315 2504 1370 2560 in
1421 2521 1681 2576 scamno,
1714 2504 2041 2577 obsignatis

393 2583 842 2654 diligentissime
857 2588 1060 2659 januis
1113 2608 1217 2664 per
1242 2598 1466 2649 noctem
1493 2594 1714 2662 relicta,
1737 2594 1829 2649 die
1861 2593 2043 2649 altera

395 2669 674 2727 divinitus
707 2673 917 2742 soluta,
951 2682 1008 2733 et
1057 2695 1192 2734 cum
1225 2680 1446 2753 ingenti
1497 2683 1614 2737 oris
1653 2683 1841 2754 gratia
1867 2699 2041 2737 orans

383 2758 633 2815 inventa
687 2767 794 2819 est.
845 2765 1216 2840 Rursumque
1254 2769 1452 2826 crudis
1503 2770 1692 2826 nervis
1748 2771 1808 2825 in
1839 2771 2041 2826 eodem

382 2864 641 2905 scamno
673 2853 1006 2920 constricta,
1040 2860 1096 2909 et
1127 2856 1268 2913 loris
1290 2874 1596 2929 quousque
1617 2859 2045 2914 obmutesceret

401 2953 569 3004 caesa,
597 2939 795 3010 ibique
821 2958 922 3012 per
949 2944 1209 3000 triduum
1261 2945 1584 3017 obsignatis
1605 2947 1807 3018 januis
1837 2951 1926 3002 est
1955 2964 2044 3004 re-

401 3023 556 3080 licta.
584 3027 758 3082 Facta
778 3033 972 3084 autem
993 3032 1084 3086 die
1107 3033 1297 3101 tertia,
1319 3033 1532 3090 iterum
1556 3035 1837 3092 divinitus
1853 3034 2046 3092 soluta

398 3117 458 3168 et
487 3130 661 3171 orans
692 3115 927 3174 inventa
957 3125 1063 3176 est.
1096 3122 1258 3177 Tunc
1288 3123 1545 3180 robustis
1573 3124 1826 3181 fustibus
1860 3141 2046 3196 usque

403 3202 476 3258 ad
509 3207 756 3261 mortem
788 3223 934 3264 caesa
963 3213 1071 3265 est.
1108 3211 1170 3265 In
1219 3213 1584 3269 confessione
1613 3213 1826 3270 Christi
1855 3213 2043 3270 incor-
2076 3196 2119 3264 (ἶ

403 3295 645 3364 ruptum
673 3295 946 3368 spiritum
975 3299 1245 3355 reddidit.

476 3386 541 3437 In
573 3383 931 3458 Nicomedia,
967 3388 1126 3445 Lucii
1156 3390 1412 3463 episcopi
1442 3394 1500 3447 et
1528 3391 1820 3464 martyris.

479 3471 850 3547 Carthagine,
883 3477 1067 3548 Pauli,
1102 3479 1407 3536 Salutaris.

480 3561 623 3617 Item
649 3563 982 3632 Alexandri,
1011 3567 1338 3640 Theophili.

480 3650 631 3708 XVII
660 3652 796 3710 KAL.
819 3656 1022 3712 Aram.
1045 3688 1114 3698 —-
1142 3657 1358 3730 Romae,
1384 3659 1600 3732 Cyriaci
1633 3659 1922 3731 martyris,
1948 3660 2049 3731 qui

408 3756 442 3795 a
461 3739 630 3797 beato
648 3743 913 3800 Marcello
931 3763 1084 3819 papa
1099 3746 1380 3804 diaconus
1398 3748 1699 3804 ordinatus
1717 3747 1892 3804 simul
1915 3766 2050 3804 cum

411 3829 670 3887 Sisinnio
721 3833 906 3890 multa
953 3835 1246 3892 mirabilia
1292 3837 1426 3893 fecit
1470 3837 1580 3892 sub
1612 3836 1966 3893 Diocletiano
1998 3840 2054 3892 et

413 3919 762 3978 Maximiano
795 3923 1268 3996 imperatoribus,
1301 3930 1357 3982 et
1381 3927 1674 3983 damones
1696 3927 1767 3981 ab
1797 3925 2054 3982 obsessis

395 4011 757 4079 corporibus
776 4013 1016 4083 expulit,
1040 4019 1096 4070 et
1116 4020 1250 4087 post
1269 4015 1454 4072 multa
1474 4033 1540 4072 ac
1562 4016 1744 4072 nimia
1763 4020 2056 4071 tormenta

416 4111 543 4166 quae
572 4098 834 4170 pertulit,
883 4103 1200 4160 novissime
1248 4122 1349 4177 per
1394 4105 1736 4178 Carpasium
1771 4105 2053 4161 vicarium

406 4184 580 4256 jussu
612 4186 947 4244 Maximiani
978 4191 1299 4249 decollatus
1329 4199 1434 4250 est.

489 4277 552 4334 In
583 4276 913 4352 Aquilegia,
944 4278 1169 4336 Hilarii.

483 4372 552 4424 In
581 4367 938 4439 Nicomedia,
971 4369 1246 4439 Castoris,
1278 4370 1539 4444 Dionysii
1569 4375 1626 4427 et
1663 4372 1875 4430 Nonni.

485 4458 547 4514 In
579 4459 818 4528 Graecia,
849 4459 1118 4532 Cyriacaa,
1152 4459 1426 4517 Florentii
1460 4463 1517 4516 et
1544 4460 1791 4516 Joviani.

2146 1886 2204 1940 in
2237 1884 2568 1940 Christiana
2598 1881 2875 1955 religione
2907 1884 3374 1952 permanserunt.

2218 1973 2433 2028 Eodem
2484 1972 2575 2027 die
2599 1971 2874 2027 nativitas
2915 1973 3128 2025 sancta:
3176 1967 3467 2023 Gertrudis
3506 1966 3782 2037 virginis,

2147 2064 2217 2118 de
2248 2064 2418 2132 cujus
2451 2060 2750 2116 miraculis
2782 2060 2891 2114 hoc
2938 2057 3350 2114 celeberimum
3396 2057 3594 2120 fertur,
3628 2056 3780 2126 quod

2147 2169 2280 2208 cum
2311 2151 2371 2206 in
2395 2150 2486 2205 die
2513 2147 2724 2205 natalis
2755 2149 2883 2220 ejus
2905 2148 3174 2219 quaedam
3197 2162 3346 2201 anus
3374 2161 3561 2216 nuper
3589 2160 3781 2198 mona-

2147 2241 2390 2296 sterium
2438 2240 2704 2311 ingressa
2752 2241 2989 2309 propter
3040 2235 3450 2290 imminentem
3503 2231 3784 2288 Paschalis

2147 2331 2277 2386 festi
2309 2329 2802 2402 propinquitatem
2818 2325 3114 2400 jejunium
3139 2324 3364 2381 solvere
3398 2323 3533 2396 cogi
3569 2340 3680 2378 non
3703 2339 3782 2394 po—

2145 2418 2343 2489 tuerit,
2375 2417 2496 2473 ﬁlia
2523 2415 2711 2488 ipsius
2742 2415 2813 2471 ad
2845 2414 3231 2470 hauriendam
3271 2429 3493 2485 aquam
3528 2412 3602 2467 de
3631 2417 3782 2482 puteo

2147 2504 2388 2560 claustri
2410 2503 2646 2570 directa,
2662 2503 2762 2558 sed
2777 2503 2835 2556 in
2849 2502 3120 2556 eumdem
3136 2500 3266 2572 ipsa
3282 2500 3564 2554 demersa
3580 2505 3782 2553 mortua

2149 2599 2422 2659 extracta,
2456 2591 2678 2648 meritis
2710 2594 2922 2648 sanctze
2964 2588 3207 2662 virginis
3248 2588 3632 2652 resuscitata,
3662 2604 3780 2660 gau-

2150 2682 2314 2738 dium
2337 2699 2450 2737 non
2473 2680 2664 2736 solum
2688 2680 2880 2745 matri,
2906 2679 3007 2735 sed
3029 2684 3086 2734 et
3105 2681 3325 2734 cunctae
3354 2675 3781 2748 congregationi

2151 2773 2222 2828 ad
2252 2771 2557 2827 cumulum
2602 2769 2990 2826 solemnitatis
3022 2769 3079 2824 S.
3132 2765 3366 2822 Patricii
3410 2770 3603 2837 atque
3629 2764 3786 2838 ipsius

2149 2863 2444 2916 Gertrudae
2479 2877 2585 2915 sua
2616 2858 3053 2930 recuperatione
3082 2855 3490 2928 triplicaverit.

2221 2949 2317 3004 XV
2366 2951 2497 3004 KAL.
2542 2953 2744 3002 APRIL.
2799 2977 2866 2987 —
2912 2945 3198 3002 Nativitas
3245 2944 3432 3000 sancti
3493 2941 3789 2998 Alexandri
3853 2950 3864 2962 '

2152 3037 2429 3111 episcopi.
2462 3036 2568 3101 Qui
2601 3036 2671 3092 de
2721 3033 3084 3108 Cappadocia
3126 3033 3361 3088 civitate
3401 3048 3525 3086 sua
3558 3033 3795 3095 veniens,

2155 3145 2289 3184 cum
2322 3126 2610 3183 desiderio
2658 3130 2995 3181 sanctorum
3044 3122 3305 3179 locorum
3336 3120 3795 3192 Hierosolymam

2157 3220 2440 3290 pergeret,
2473 3220 2530 3271 et
2546 3213 2854 3270 Narcissus
2877 3213 3188 3285 episcopus
3206 3210 3477 3282 ejusdem
3509 3211 3674 3265 urbis
3689 3210 3797 3279 jam

2155 3322 2331 3363 senex
2361 3309 2580 3378 regeret
2613 3301 2952 3370 Ecclesiam,
2985 3305 3044 3357 et
3073 3299 3182 3372 ipsi
3211 3299 3488 3355 Narcisso
3523 3304 3584 3355 et
3614 3296 3797 3353 multis

2157 3394 2499 3450 clericorum
2532 3393 2659 3463 ejus
2690 3390 3007 3446 revelatum
3038 3392 3126 3445 est
3172 3389 3355 3444 altera
3386 3388 3483 3442 die
3521 3405 3694 3443 mane
3721 3388 3800 3441 in-

2156 3488 2308 3539 trare
2337 3481 2697 3554 episcopum,
2722 3479 2822 3551 qui
2845 3480 3079 3549 adjutor
3109 3475 3492 3532 sacerdotalis
3521 3475 3803 3532 cathedra

2157 3588 2286 3629 esse
2313 3571 2567 3626 deberet.
2615 3570 2812 3640 Itaque
2857 3584 2918 3623 re
2965 3567 3046 3622 ita
3095 3565 3385 3638 completa
3431 3569 3497 3620 ut
3529 3565 3809 3636 praedicta

2159 3662 2365 3728 fuerat,
2401 3658 2626 3715 cunctis
2657 3657 2716 3713 in
2746 3656 3055 3713 Palaestina
3083 3655 3144 3710 in
3193 3671 3371 3710 unum
3401 3653 3809 3725 congregatis,

2160 3750 2457 3805 adnitente
2485 3747 2569 3803 vel
2620 3745 2872 3802 maxime
2925 3745 3221 3810 Narcisso,
3269 3741 3806 3813 Hierosolymitana:

2160 3837 2414 3895 ecclesiae
2441 3854 2574 3893 cum
2625 3853 2690 3891 eo
2738 3832 3205 3908 gubernaculum
3255 3831 3528 3903 suscepit.
3579 3829 3812 3901 Quique

2163 3927 2564 4002 persecutione
2589 3925 2745 3981 Decii
2776 3941 2911 3980 cum
2949 3923 3076 3994 jam
3119 3922 3394 3994 longaeva
3421 3921 3618 3976 aetatis
3647 3937 3816 3976 vene-

2163 4018 2349 4074 randa
2363 4015 2572 4072 canitie
2593 4014 2976 4087 praefulgeret,
2992 4013 3206 4069 ductus
3224 4012 3586 4077 Caesaream,
3603 4015 3662 4066 et
3674 4010 3821 4065 clau-

2165 4125 2266 4165 sus
2298 4123 2545 4174 carcere,
2570 4106 2642 4160 ob
2665 4103 3087 4160 confessionem
3119 4101 3334 4158 Christi
3358 4101 3654 4174 martyrio
3675 4115 3824 4158 coro-

2164 4201 2340 4253 natus
2367 4200 2475 4252 est.

2235 4291 2301 4341 In
2333 4282 2698 4350 Alexandria,
2732 4280 2969 4354 Collegii
3001 4283 3058 4336 et
3085 4279 3268 4352 Colyti
3299 4280 3725 4337 diaconorum.

2237 4376 2302 4432 In
2331 4371 2687 4441 Nicomedia,
2722 4369 2940 4442 Aprilis
2970 4373 3027 4425 et
3054 4368 3298 4425 Servuli.

2238 4470 2300 4519 In
2331 4461 2667 4534 Campania,
2699 4457 2918 4529 Quinti,
2951 4459 3157 4532 Rogati
3189 4463 3244 4514 et
3274 4459 3589 4530 lngenuse.

489 4557 608 4613 XVI
637 4558 773 4615 KAL.
806 4563 1010 4615 APRIL.
1043 4591 1111 4599 —
1142 4560 1206 4615 In
1237 4558 1546 4634 Aquilegia
1588 4559 1777 4634 Largi,
1808 4558 2057 4626 Tatiani,
2092 4567 2136 4632 [)
2240 4555 2306 4608 In
2337 4549 2705 4621 Mauritania,
2737 4547 3027 4606 Timothei
3055 4551 3112 4604 et
3141 4547 3347 4603 Saldae.

417 4647 651 4704 Catonis
678 4652 734 4704 et
763 4649 970 4705 Dativi.

485 4738 701 4800 Romae,
731 4737 1042 4794 Alexandri
1072 4736 1328 4811 episcopi
1361 4741 1417 4793 et
1445 4735 1730 4794 Theoduli
1768 4735 2020 4791 diaconi.

487 4825 553 4880 In
575 4825 767 4881 Scotia
784 4827 1054 4882 nativitas
1075 4826 1262 4884 sancti
1281 4826 1513 4882 Patricii
1531 4824 1808 4897 episcopi,
1828 4824 2061 4881 natione

417 4913 699 4982 Britanni,
743 4914 843 4986 qui
894 4914 952 4970 in
1002 4915 1277 4972 Hibernia
1323 4916 1517 4974 insula
1565 4913 1752 4970 Scolis
1803 4913 2061 4986 primum

417 5003 831 5077 evangelizavit
862 5021 1069 5060 nomen
1106 5004 1335 5059 Domini
1363 5003 1547 5060 nostri
1575 5005 1715 5061 Jesu
1747 5003 1984 5069 Christi,
2009 5006 2065 5056 et

413 5108 511 5150 eos
541 5111 644 5167 per
665 5093 1082 5151 miraculorum
1113 5093 1504 5150 ostensionem
1538 5094 1608 5150 ad
1656 5094 1830 5149 fidem
1868 5107 2063 5147 veram

417 5185 722 5241 convertit.

485 5275 701 5330 Eodem
734 5273 829 5328 die
867 5273 1061 5344 passio
1109 5276 1327 5328 sanctae
1357 5271 1549 5328 Mariae
1589 5270 1901 5343 martyris:
1937 5285 2064 5341 quae

414 5381 548 5420 cum
580 5369 734 5421 esset
781 5363 994 5419 ancilla
1040 5363 1351 5435 cujusdam
1399 5360 1641 5418 Tertulli
1691 5358 1974 5432 praeclari,
2007 5362 2064 5412 et

418 5454 597 5510 nollet
637 5454 1026 5522 ininativitate
1052 5452 1154 5506 filii
1203 5451 1332 5522 ejus
1390 5449 1649 5522 prandiis
1703 5447 1923 5503 domini
1973 5445 2065 5501 sui

418 5545 723 5607 interesse,
758 5544 857 5600 sed
893 5542 1084 5615 magis
1139 5529 1606 5596 Christianorum
1634 5554 1794 5594 more
1817 5535 2066 5609 jejuniis

417 5651 653 5708 operam
685 5634 844 5705 dare,
870 5631 1116 5706 flagellis
1148 5629 1442 5688 atrocibus
1494 5629 1566 5687 ab
1593 5629 1797 5686 eodem
1827 5624 2064 5684 domino

2242 4642 2364 4698 XIV
2397 4642 2534 4698 KAL.
2583 4645 2786 4696 APRIL.
2819 4669 2888 4680 —-—
2918 4637 3089 4710 Apud
3136 4637 3518 4693 Pinarensem
3555 4637 3832 4710 [Pinnen-

2171 4733 2316 4802 sem]
2349 4731 2573 4798 urbem,
2596 4728 2748 4785 beati
2779 4726 3046 4792 Joannis,
3071 4742 3298 4798 magnae
3325 4726 3688 4782 sanctitatis
3718 4725 3831 4780 viri.

2172 4821 2278 4890 Qui
2299 4821 2369 4876 de
2388 4819 2554 4892 Syria
2570 4818 2853 4878 oriundus
2875 4815 3136 4889 pervenit
3156 4816 3226 4871 ad
3254 4814 3510 4880 Italiam,
3535 4819 3605 4871 et
3639 4813 3832 4889 angelo

2172 4910 2292 4981 Dei,
2324 4927 2439 4965 non
2471 4908 2641 4982 longe
2668 4909 2739 4964 ab
2761 4907 2964 4964 eadem
2997 4905 3137 4961 urbe
3165 4903 3357 4960 locum
3389 4903 3836 4974 permansionis

2173 4999 2286 5056 sibi
2306 5000 2765 5066 demonstrante,
2789 4997 2891 5052 sed
2914 4999 2970 5051 et
2991 5012 3024 5051 a
3044 4993 3420 5050 venatoribus
3441 4991 3688 5050 hiemis
3711 4998 3834 5048 tem-

2173 5105 2312 5161 pore
2339 5088 2447 5144 sub
2479 5089 2686 5142 arbore
2708 5084 2858 5140 foliis
2887 5072 3094 5140 vestita
3136 5085 3424 5154 repertus,
3455 5085 3527 5136 et
3556 5099 3678 5153 per
3706 5082 3835 5138 hanc

2174 5177 2391 5233 famam
2414 5175 2626 5248 populo
2648 5173 3116 5238 commendatus,
3147 5167 3596 5226 monasterium
3624 5170 3832 5227 statuit.

2176 5269 2240 5322 In
2273 5282 2386 5337 quo
2418 5280 2521 5338 per
2547 5261 2935 5336 quadraginta
2985 5263 3238 5332 quatuor
3284 5275 3470 5314 annos
3509 5261 3834 5318 multorum

2175 5371 2472 5413 servorum
2509 5353 2603 5410 Dei
2655 5353 2823 5408 Pater
2865 5349 3174 5418 exstitit,et
3223 5347 3280 5404 in
3313 5364 3456 5421 pace
3489 5351 3828 5421 quiescens.

2176 5442 2532 5513 quotidianis
2565 5440 2866 5497 miraculis
2895 5438 3088 5495 clarus
3117 5437 3357 5493 effulsit.

2247 5532 2461 5588 Eodem
2484 5531 2577 5588 die
2605 5531 2760 5604 apud
2784 5531 3126 5587 Sorrentum
3149 5527 3593 5599 [Surrentum],
3631 5521 3829 5593 Quinti.

2174 5620 2469 5694 Quintilis,
2501 5618 2818 5691 Quartillae,
2850 5617 3028 5677 Marci
3054 5633 3196 5693 cum
3221 5615 3352 5675 aliis
3377 5631 3640 5676 novem.
