4012 6198
261 395 391 453 1057

1247 387 1958 450 MAItTYIIOLOGIUM.
1998 422 2071 432 —-
2104 388 2338 451 MENS.
2390 392 2632 452 MART.

3488 398 3645 457 1058

320 528 373 581 In
432 528 688 581 Caasarea
744 523 1138 598 Cappadociae,
1207 521 1495 578 Theodori
1554 520 1877 592 presbyteri
1909 523 1963 587 Α
1994 521 2330 593 Victoriani,
2367 524 2684 580 Frumentii
2718 528 2775 579 et
2798 524 3039 580 alterius
3061 525 3380 581 Prumentii
3404 532 3460 581 et
3490 528 3635 583 duo-

266 615 428 669 sancti
464 619 518 670 et
551 615 650 686 pii.

322 703 378 756 In
410 704 621 772 Africa,
657 709 866 771 Bassa),
933 700 1179 769 Lucillas,
1239 700 1506 755 Fusciani
1554 704 1609 755 et
1638 698 1889 754 aliorum

266 791 585 847 multorum.

325 880 446 934 XIII
484 884 623 935 KAL.
685 882 888 935 APRIL.
948 912 1016 921 —
1064 879 1231 951 Apud
1276 877 1566 941 Colossos,
1615 874 1893 947 Archippi

270 970 526 1041 episcopi,
558 970 979 1025 commilitonis
1010 969 1165 1025 beati
1198 966 1444 1039 apostoli
1474 964 1661 1021 Pauli.

330 1059 383 1113 In
416 1057 745 1122 Antiochia,
778 1058 963 1113 sancti
996 1056 1238 1128 Joseph.

332 1149 386 1201 In
419 1147 602 1219 Syria,
642 1146 824 1216 Pauli,
855 1145 1072 1218 Cyrilli,
1106 1143 1366 1216 Engenii,
1400 1141 1899 1215 Serapionis,Vic-

272 1236 417 1291 torici
449 1240 502 1291 et
534 1234 798 1290 aliorum.

332 1324 387 1378 In
421 1324 743 1387 Britannia,
778 1322 964 1379 sancti
996 1322 1287 1393 Cudberti,
1324 1321 1420 1392 qui
1452 1338 1519 1375 ex
1552 1319 1902 1375 anachoreta

274 1412 523 1468 Ecclesiae
557 1412 1051 1467 Lindisfarnensis
1083 1411 1351 1476 antistes,
1377 1415 1558 1465 totam
1586 1410 1657 1464 ab
1712 1408 1902 1463 infan-

273 1503 341 1557 tia
368 1518 552 1572 usque
582 1502 653 1556 ad
686 1502 917 1557 senium
947 1499 1126 1554 vitam
1160 1498 1573 1554 miraculorum
1596 1498 1781 1569 signis
1815 1498 1903 1551 in-

273 1590 467 1661 clytam
499 1590 683 1644 duxit.
717 1590 897 1659 Cujus
931 1589 1070 1643 dum
1105 1587 1376 1642 undecim
1424 1604 1611 1642 annos
1644 1590 1907 1641 maneret

276 1696 471 1750 corpus
502 1679 834 1746 humatum,
893 1677 1296 1749 incorruptum
1352 1682 1482 1749 post
1541 1677 1681 1747 haec,
1736 1674 1907 1747 quasi

275 1769 461 1823 eadem
494 1768 636 1824 hora
666 1768 1028 1835 defunctum,
1064 1766 1244 1821 simul
1294 1783 1427 1821 cum
1480 1771 1637 1821 veste
1677 1783 1793 1838 qua
1825 1771 1906 1820 te-

2002 627 2130 663 rum
2163 627 2575 681 germanorum
2607 632 2619 681 ;
2652 613 2752 684 qui
2789 630 2992 669 omnes
3025 615 3425 685 persecutione
3454 615 3637 671 Wan-

2000 699 2207 765 dalica,
2240 702 2349 756 sub
2382 702 2626 757 Henrico
2681 703 3052 774 [Hunnerico]
3104 720 3235 775 rege
3265 705 3500 771 Ariano,
3535 721 3638 776 pro

2002 789 2333 844 constantia
2392 790 2688 847 catholicae
2748 792 3134 847 confessionis
3195 792 3646 849 immanissimis

2005 877 2310 949 suppliciis
2339 879 2673 944 excruciati,
2708 880 2936 951 egregie
2966 882 3222 937 coronati
3254 886 3394 937 sunt
3424 882 3482 937 in
3514 898 3646 953 par-

2005 966 2164 1021 tibus
2196 967 2423 1021 Africae.

2080 1055 2224 1111 Item
2256 1057 2314 1109 in
2352 1055 2557 1119 Africa,
2591 1056 2806 1113 Fidelis
2837 1062 2893 1111 et
2922 1057 3171 1113 aliorum
3200 1059 3427 1131 viginti.

2082 1144 2145 1198 In
2177 1144 2503 1215 Antiochia,
2535 1145 2823 1200 Theodori
2856 1147 3197 1218 presbyteri.

2085 1234 2146 1287 In
2179 1232 2459 1299 Caesarea,
2493 1233 2724 1289 Acbatii
2756 1240 2813 1290 et
2840 1235 3169 1291 Alexandri.

2084 1324 2155 1378 IV
2198 1328 2338 1379 KAL.
2373 1328 2569 1378 APRIL.
2606 1357 2671 1364 —
2705 1325 2767 1379 In
2800 1326 3014 1392 Africa,
3046 1324 3273 1397 Agapiti
3313 1330 3371 1381 et
3402 1326 3659 1383 Romuli.

2085 1412 2146 1468 In
2177 1412 2545 1479 Mauritania,
2580 1413 2919 1481 Secunduli,
2953 1412 3174 1481 Veruli,
3200 1413 3426 1484 Felicis,
3456 1417 3660 1472 Satur-

2015 1501 2137 1556 nini
2168 1507 2225 1557 et
2255 1502 2504 1556 aliorum
2545 1502 2893 1558 multorum.

2088 1591 2309 1659 Romae,
2340 1590 2398 1643 S.
2434 1589 2719 1661 Pigmenii
2752 1589 3101 1662 presbyteri.
3130 1591 3180 1643 Is
3200 1589 3500 1646 Julianum
3533 1608 3666 1663 apo-

2017 1685 2229 1735 statam
2261 1678 2585 1749 etimpium
2620 1695 2650 1732 a
2683 1694 2863 1749 puero
2891 1679 3149 1745 nutrivit,
3175 1677 3465 1734 etlitteris
3486 1680 3660 1735 etiam

2018 1767 2201 1823 sacris
2233 1768 2501 1822 erudivit.
2523 1767 2629 1832 Qui
2664 1767 2850 1822 factus
2880 1766 3517 1838 imperator,culturam
3541 1769 3659 1839 pie-

277 1858 507 1929 gebatur
536 1855 839 1910 inventum
897 1860 1005 1911 est.
1058 1854 1270 1910 Scribit
1316 1858 1374 1909 S.
1407 1854 1563 1910 Beda
1610 1856 1912 1926 presbyter
1940 1894 1989 1957 Β
2021 1857 2155 1912 tatis
2188 1855 2547 1927 relinquens.
2584 1856 2782 1911 audito
2841 1857 2996 1927 quod
3046 1873 3287 1927 corpora
3325 1862 3661 1913 sanctorum

278 1946 327 2010 in
358 1944 550 2000 libello
583 1946 653 1999 de
684 1944 820 1999 Vita
850 1945 1057 2016 ipsius.

342 2034 436 2088 XII
490 2034 635 2088 ΚΑι..
693 2036 893 2088 APRIL.
943 2066 1011 2073 ——
1042 2034 1210 2105 Apud
1261 2032 1696 2101 Alexandriam,
1729 2032 1912 2088 sancti

282 2122 603 2193 Serapionis
634 2122 925 2178 monachi.

346 2212 484 2266 Item
515 2211 771 2282 Iosephi,
804 2210 1125 2277 Volutiani,
1156 2209 1456 2265 Philocali.

342 2301 505 2371 Apud
539 2305 795 2355 castrum
826 2300 1128 2355 Cassinum
1180 2300 1595 2355 Beneventanm
1638 2300 1912 2366 civitatis,

284 2389 463 2443 sancti
495 2388 785 2443 Benedicti
840 2389 1088 2444 abbatis.
1138 2389 1317 2459 Cujus
1366 2388 1569 2455 vitam,
1603 2389 1917 2444 virtutibus

278 2482 329 2531 et
357 2476 656 2531 miraculis
680 2476 1096 2549 gloriosam,in
1113 2477 1488 2549 Dialogorum
1514 2477 1679 2532 libris
1712 2478 1918 2533 beatus

283 2582 427 2637 papa
458 2565 660 2621 scribit
692 2565 1024 2637 Gregorius.
1058 2567 1239 2629 Quem
1272 2566 1446 2620 etiam
1496 2565 1760 2638 regulam
1795 2583 1918 2621 mo-

282 2654 598 2709 nachorum
651 2671 786 2709 cum
836 2671 1052 2726 magna
1108 2655 1457 2709 discretione
1511 2659 1568 2710 et
1624 2654 1921 2710 luculento

278 2759 542 2799 sermone
573 2743 879 2815 scripsisse
907 2744 1301 2798 commendat.
1532 2808 1533 2811 η

352 2832 410 2885 In
442 2831 731 2887 territorio
766 2831 1172 2903 Lugdunensi,
1206 2832 1391 2887 sancti
1449 2831 1715 2903 Lupicini
1746 2833 1922 2888 abba-

280 2920 355 2975 tis
384 2920 743 2977 Virensium.
789 2920 895 2986 Qui
928 2937 1061 2975 cum
1097 2920 1273 2975 fratre
1322 2923 1583 2975 Romano
1625 2924 1756 2992 post
1784 2938 1922 2975 ana-

280 3009 449 3065 chore
480 3008 655 3064 ticam
686 3010 887 3077 vitam,
914 3026 1091 3080 quam
1128 3008 1199 3063 ab
1230 3008 1625 3065 adolescentia
1652 3010 1926 3065 austeris-

278 3099 491 3154 simam
522 3098 824 3164 duxerant,
857 3098 1128 3152 fundator
1152 3098 1639 3152 monasteriorum
1664 3102 1720 3152 et
1739 3103 1929 3153 rector

276 3180 501 3242 exstitit
528 3185 883 3251 animarum,
915 3189 1160 3255 uterque
1190 3200 1323 3239 vero
1356 3185 1590 3239 effector
1619 3185 1928 3241 miraculo-

2025 1951 2348 2017 martyrum
2381 1944 2480 2016 qui
2511 1945 2582 1999 ab
2615 1961 2679 1999 eo
2727 1946 3084 1999 necabantur
3127 1944 3279 1999 idem
3327 1947 3670 2016 Pigmenius

2023 2034 2312 2106 sepeliret,
2344 2035 2644 2089 mandavit
2671 2035 2756 2089 ei:
2792 2057 2820 2083 «
2851 2034 3028 2105 Perge
3060 2050 3173 2104 quo
3222 2034 3330 2103 vis,
3359 2034 3451 2088 hic
3508 2035 3667 2090 enim

2024 2142 2141 2179 non
2174 2122 2530 2179 mercabitur
2556 2124 2672 2178 vita
2703 2127 2821 2177 tua.
2855 2124 3071 2177 Tamen
3121 2122 3228 2177 hoc
3268 2123 3520 2178 servitiis
3551 2122 3669 2177 tuis

2027 2213 2225 2279 reddo,
2262 2229 2377 2267 non
2408 2212 2534 2268 tibi.
2570 2235 2597 2260 ››
2631 2214 2792 2267 Tunc
2823 2212 2880 2267 S.
2914 2211 3253 2283 Pigmenius
3302 2211 3552 2283 perrexit
3594 2212 3665 2267 ad

2026 2302 2615 2372 Persidem.Cumque
2639 2306 2890 2373 quatuor
2916 2316 3150 2357 menses
3171 2316 3434 2355 reversus
3451 2299 3664 2354 clivum

2026 2397 2211 2445 Sacrae
2235 2391 2336 2445 viae
2356 2407 2488 2444 cum
2514 2407 2628 2445 uno
2668 2407 2846 2461 puero
2878 2390 3087 2460 stipem
3122 2389 3369 2460 petendo
3391 2404 3670 2447 conscen-

2031 2481 2211 2543 deret,
2242 2480 2461 2534 factum
2482 2484 2572 2534 est
2600 2483 2663 2533 ut
2692 2480 3009 2534 offenderet
3037 2477 3337 2532 Julianum
3361 2478 3674 2549 imperato-

2032 2585 2153 2623 rem
2186 2568 2245 2621 in
2279 2568 2457 2622 rheda
2487 2584 2664 2622 aurea
2695 2568 3016 2622 sedentem.
3051 2566 3157 2631 Qui
3192 2566 3423 2621 eminus
3450 2566 3679 2637 prospi-

2032 2657 2191 2711 ciens
2210 2655 2600 2726 Pigmenium,
2626 2655 2812 2711 vocari
2838 2672 2969 2710 eum
3002 2653 3562 2726 praecepit,dixitque
3585 2654 3633 2709 ei
3660 2670 3674 2710 :

2034 2770 2058 2795 ‹‹
2094 2746 2289 2800 Gloria
2319 2745 2453 2811 diis,
2487 2745 2825 2816 deabusque
2856 2744 3023 2809 meis,
3056 2744 3193 2814 quia
3218 2748 3274 2798 te
3302 2743 3487 2799 video.
3513 2764 3539 2794 ι
3574 2742 3678 2799 Cui

2032 2834 2119 2888 vir
2167 2835 2267 2888 Dei
2316 2833 2652 2905 Pigmenius
2706 2832 2859 2888 illico
2902 2832 3239 2904 respondit:
3279 2855 3306 2883 ‹‹
3334 2831 3528 2888 Gloria
3557 2832 3674 2889 Deo

2034 2939 2163 2977 meo
2192 2924 2328 2977 Jesu
2360 2921 2589 2977 Christo
2645 2921 2939 2977 Nazareno
2993 2921 3286 2989 crucifixo,
3320 2920 3457 2993 quia
3505 2926 3559 2977 te
3598 2921 3675 2977 vi—

2035 3012 2163 3066 deo.
2202 3033 2228 3059 ››
2260 3010 2345 3064 Ad
2377 3010 2529 3064 hanc
2559 3026 2757 3065 vorem
2804 3010 2990 3064 iratus
3027 3007 3301 3069 Julianus
3327 3010 3510 3079 jussit
3539 3025 3674 3064 eum

2038 3116 2139 3170 per
2159 3103 2395 3170 pontem
2419 3099 2476 3152 in
2495 3098 2751 3153 Tiberim
2774 3097 3142 3170 praecipitari.
3163 3097 3342 3169 Cujus
3366 3114 3578 3169 corpus
3600 3099 3686 3153 in-

2037 3192 2272 3241 ventum
2332 3192 2389 3240 et
2428 3186 2734 3241 collectum
2793 3186 3087 3257 sepultum
3141 3190 3229 3241 est
3258 3186 3317 3240 in
3349 3187 3677 3244 cmmeterio

276 3292 435 3330 rum.
465 3274 728 3345 Cumque
760 3278 893 3341 post
923 3289 1139 3344 agones
1202 3272 1509 3343 plurimos,
1543 3290 1689 3344 quos
1728 3279 1930 3329 contra
1959 3257 2000 3321 α
2042 3275 2331 3339 Pontiani,
2365 3291 2477 3329 non
2511 3273 2680 3345 longe
2712 3292 2745 3329 a
2774 3274 2991 3328 sanctis
3021 3274 3227 3328 Abdon
3260 3278 3318 3329 et
3347 3274 3598 3328 Sennen.

277 3362 580 3421 diabolum
612 3366 669 3417 et
698 3361 939 3435 angelos
970 3362 1097 3431 ejus
1126 3360 1436 3415 visibiliter
1476 3361 1923 3429 desudaverunt,

278 3458 457 3524 atque
489 3450 761 3507 militiam
792 3468 968 3521 quam
1000 3449 1229 3504 Christo
1280 3465 1382 3521 per
1424 3466 1607 3505 annos
1640 3450 1928 3523 plurimos

281 3540 532 3596 ﬁdeliter
560 3540 977 3612 impenderunt
1026 3538 1201 3593 linem
1254 3538 1365 3594 sibi
1413 3538 1677 3594 laborum
1710 3545 1764 3595 et
1798 3557 1925 3613 per-

280 3629 606 3699 ceptionem
658 3628 1029 3700 praemiorum
1090 3628 1560 3699 appropinquare
1616 3645 1927 3700 cognosce-

282 3723 435 3785 rent,
465 3718 715 3773 decrevit
765 3717 1083 3788 Lupicinus
1134 3722 1200 3771 ut
1240 3716 1297 3771 in
1331 3717 1629 3772 remotiori
1661 3717 1927 3773 solitudi-

281 3806 378 3861 nis
410 3806 760 3861 monasterio
790 3807 846 3860 in
878 3824 994 3861 uno
1024 3806 1413 3861 conderentur
1443 3806 1730 3878 sepulcro.
1766 3807 1928 3869 Quod

284 3896 604 3966 Romanus,
637 3895 735 3966 qui
769 3895 1020 3949 mitioris
1050 3900 1173 3950 erat
1202 3894 1441 3965 ingenii,
1476 3896 1691 3951 intuitu
1744 3897 1926 3967 pieta-

278 3983 358 4038 tis
391 3984 673 4053 abnuens,
708 3982 868 4039 salva
909 3983 1191 4037 charitate
1244 3985 1574 4054 impetravit
1621 3986 1693 4039 ab
1745 4002 1811 4040 eo
1842 3991 1924 4057 ut,

278 4073 410 4144 ipso
443 4073 513 4127 ad
542 4072 827 4127 tutionem
860 4072 1106 4127 fratrum
1140 4072 1197 4126 in
1232 4073 1582 4127 monasterio
1614 4073 1924 4145 tumulato,

275 4178 342 4216 se
376 4162 447 4216 ad
480 4161 804 4216 remedium
837 4178 1163 4233 pauperum
1205 4173 1262 4216 et
1291 4161 1544 4216 maxime
1576 4162 1926 4218 feminarum

274 4250 656 4305 incommodo
688 4248 1111 4319 laborantium,
1146 4249 1203 4303 in
1235 4249 1485 4305 oratorio
1517 4250 1588 4305 ad
1622 4250 1927 4307 introitum

273 4338 490 4394 salutis
520 4339 657 4410 poni
681 4342 997 4410 pateretur.
1025 4339 1185 4403 Quod
1211 4356 1344 4393 cum
1379 4338 1567 4410 primo
1598 4338 1680 4394 ita
1709 4340 1927 4396 factum

274 4428 511 4497 fuisset,
546 4443 702 4482 nunc
733 4443 942 4498 corpus
972 4427 1033 4481 B.
1073 4427 1352 4499 Lupicini,
1386 4427 1671 4483 incertum
1720 4446 1787 4484 ex
1818 4447 1929 4501 qua

272 4532 483 4581 causa,
536 4516 595 4571 in
653 4515 871 4571 finibus
928 4516 1341 4571 Vesontionum
1395 4517 1548 4587 apud
1600 4521 1928 4574 Laconense

272 4605 705 4661 monasterium
740 4605 1113 4661 celeberrime
1146 4606 1568 4675 frequentatur.

354 4694 429 4750 XI
463 4696 599 4751 KAL.
632 4698 832 4749 APRIL.
867 4726 932 4735 —
962 4695 1128 4766 Apud
1179 4693 1509 4749 Narbonem
1550 4693 1861 4765 civitatem,
1896 4714 1930 4751 a

271 4800 401 4855 qua
433 4783 620 4839 Gallia
649 4784 1044 4839 Narbonensis
1087 4798 1294 4838 nomen
1346 4784 1687 4855 assumpsit,
1723 4786 1930 4841 nativi-

267 4876 373 4928 tas
404 4873 461 4928 S.
496 4872 681 4941 Pauli,
713 4889 888 4945 quem
920 4872 1070 4927 beati
1104 4870 1349 4943 apostoli
1380 4872 1712 4928 ordinatum
1741 4874 1927 4930 eidem

270 4961 413 5017 urbi
446 4962 787 5034 episcopum
822 4961 1175 5016 direxerunt.
1237 4960 1418 5022 Quem
1478 4962 1717 5017 tradunt
1765 4980 1927 5019 eum-

269 5050 416 5104 dem
450 5051 646 5122 ipsum
681 5051 859 5106 fuisse
891 5050 1156 5121 Sergium
1208 5049 1453 5106 Paulum
1498 5051 1929 5122 proconsulem,

266 5138 471 5193 virum
504 5141 873 5211 prudentem,
935 5157 968 5195 a
1024 5156 1136 5211 quo
1191 5138 1317 5209 ipse
1373 5138 1589 5195 Paulus
1632 5140 1930 5212 apostolus

268 5230 528 5285 sortitus
558 5234 648 5285 est
681 5215 913 5296 nomen,
946 5228 1085 5300 quia
1118 5226 1285 5281 illum
1318 5227 1452 5282 fidei
1500 5228 1714 5283 Christi
1757 5230 1929 5285 sube-

266 5322 464 5389 gerat.
498 5319 604 5382 Qui
639 5321 697 5374 in
730 5319 930 5375 eadem
988 5318 1222 5388 regione
1273 5317 1697 5388 praedicationis
1739 5321 1929 5375 officio

268 5423 401 5462 non
434 5408 688 5478 segniter
718 5406 976 5477 impleto,
1006 5406 1199 5461 clarus
1242 5404 1540 5460 miraculis
1571 5408 1931 5466 confessione

265 5495 499 5551 Christi
533 5501 842 5550 coronatus
874 5494 1173 5566 sepelitur.

354 5584 419 5639 In
448 5583 658 5652 Africa,
695 5584 996 5640 Saturnini
1030 5588 1088 5639 et
1118 5582 1367 5639 aliorum
1400 5600 1629 5640 novem.

362 5676 406 5731 X
434 5676 571 5730 KAL.
594 5677 793 5734 APRIL.
817 5704 886 5716 -—-
907 5672 1192 5734 Nativitas
1236 5676 1574 5732 sanctorum
1607 5678 1928 5753 martyrum

2106 3363 2233 3417 VIII
2268 3363 2404 3417 ΚΑΙ..
2440 3367 2644 3417 APRIL.
2670 3392 2738 3400 —-
2768 3362 2936 3432 Apud
2968 3360 3259 3416 civitatem
3291 3359 3537 3417 Galilaszs
3560 3361 3678 3417 Na-

2037 3450 2256 3517 zareth,
2301 3449 2764 3505 annuntiationis
2796 3448 3128 3504 Dominicae.

2108 3542 2279 3595 Extra
2312 3543 2539 3611 portam
2590 3537 3120 3610 Hierosolymarum
3167 3538 3450 3594 Dominus
3481 3543 3678 3595 noster

2035 3629 2209 3686 Jesus
2256 3627 2523 3682 Christus
2582 3627 2914 3695 crucifixus,
2972 3626 3201 3683 occulta
3260 3627 3678 3699 prophetarum

2040 3720 2293 3773 maxima
2322 3733 2391 3771 ex
2421 3720 2579 3788 parte
2609 3714 2896 3771 revelavit.

2110 3808 2171 3861 In
2204 3810 2402 3861 monte
2431 3803 2675 3861 visionis
2707 3803 3027 3859 immolatio
3060 3804 3241 3859 Isaac.

2107 3896 2248 3951 Item
2282 3892 2693 3966 Hierosolymis
2724 3893 2919 3965 passio
2949 3894 3000 3947 S.
3032 3892 3235 3949 Jacobi
3263 3893 3457 3948 fratris
3491 3893 3681 3949 Domi-

2039 3985 2117 4051 ni,
2153 3985 2251 4056 qui
2311 3984 2367 4037 in
2419 3983 2650 4037 Paschae
2701 3980 3069 4037 solemnitate
3114 3981 3336 4038 Judaais
3376 3982 3673 4040 Christum

2038 4074 2409 4137 testificatus,
2441 4072 2512 4126 de
2542 4070 2743 4141 templi
2774 4078 2861 4126 est
2892 4070 3147 4127 culmine
3187 4071 3580 4144 praecipitatus
3611 4089 3678 4128 ac

2039 4162 2275 4217 fullonis
2308 4164 2465 4215 vecte
2499 4176 2834 4231 percussus.

2110 4252 2304 4305 Romze
2336 4248 2552 4319 Cyrini,
2581 4248 2679 4321 qui
2715 4248 3056 4305 interfectus
3091 4267 3123 4304 a
3149 4249 3391 4305 Claudio
3422 4253 3477 4305 et
3508 4250 3566 4303 in
3593 4250 3685 4304 Ti-

2040 4339 2223 4395 berim
2251 4339 2530 4410 jactatus,
2564 4338 2621 4392 in
2654 4337 2850 4393 insula
2882 4338 3169 4410 Lycaonia
3208 4339 3497 4404 inventus,
3531 4342 3591 4392 et
3624 4338 3683 4393 in

2038 4427 2367 4483 cremeterio
2399 4425 2666 4482 Pontiani
2698 4426 2969 4481 conditus
3000 4431 3106 4481 est.
3140 4426 3434 4497 Scriptum
3466 4424 3525 4480 in
3558 4442 3687 4497 pas-

2038 4517 2199 4572 sione
2229 4520 2284 4571 S.
2319 4515 2633 4570 Valentini.

1962 4625 2005 4688 D
2111 4606 2280 4677 Apud
2314 4605 2629 4675 Smyrnum
2690 4603 3019 4675 [Sirmium]
3069 4603 3341 4660 nativitas
3389 4604 3447 4658 S.
3482 4603 3679 4660 Irenzei

2039 4694 2329 4768 episcopi:
2364 4693 2463 4764 qui
2504 4699 2763 4764 tempore
2796 4691 3131 4747 Maximiani
3166 4693 3535 4765 imperatoris
3567 4693 3676 4749 sub

2040 4785 2283 4856 praeside
2316 4783 2501 4838 Probo
2531 4782 2719 4853 primo
2752 4781 3055 4836 tormentis
3086 4782 3384 4838 acerrimis
3416 4786 3676 4850 vexatus,

2040 4874 2247 4929 deinde
2286 4872 2491 4927 diebus
2526 4870 2795 4944 plurimis
2827 4870 2883 4925 in
2917 4888 3144 4926 carcere
3175 4875 3542 4940 maceratus;
3575 4887 3679 4927 no-

2036 4962 2277 5017 vissime
2309 4959 2567 5016 abscisso
2600 4960 2787 5030 capite
2816 4964 3258 5015 consummatus
3289 4964 3396 5015 est.

2109 5050 2210 5105 VII
2246 5052 2374 5104 KAL.
2407 5053 2607 5103 AppiL.
2633 5078 2701 5088 —-—
2724 5048 3040 5115 Romae,via
3063 5048 3367 5116 Lavicana,
3388 5048 3446 5103 in
3466 5063 3677 5103 cmme-

2040 5139 2185 5196 terio
2217 5138 2503 5209 ejusdem,
2537 5137 2810 5192 nativitas
2842 5138 2900 5191 S.
2934 5136 3173 5192 Castuli.
3207 5136 3314 5200 Qui
3357 5153 3493 5193 cum
3525 5140 3680 5193 esset

2041 5227 2307 5285 notarius
2335 5223 2628 5297 [zetarius]
2662 5224 2862 5297 palatii
2894 5230 2952 5280 et
2984 5224 3192 5297 hospes
3223 5230 3582 5292 sanctorum,
3616 5229 3682 5281 ut

2040 5319 2099 5373 in
2130 5316 2193 5371 B.
2224 5314 2546 5371 Sebastiani
2605 5315 2785 5387 gestis
2844 5313 3077 5386 legitur,
3138 5332 3172 5369 a
3210 5313 3683 5386 persecutoribus

2043 5410 2321 5469 arctatus,
2346 5407 2401 5458 et
2430 5403 2600 5458 tertio
2631 5420 2949 5475 appensus,
2975 5404 3144 5459 tertio
3172 5403 3432 5472 auditus,
3463 5403 3523 5457 in
3553 5419 3685 5459 con-
3710 5440 3718 5450 .

2040 5496 2292 5553 fessione
2322 5491 2553 5548 Domini
2582 5493 3218 5563 perseverans,missus
3240 5491 3406 5549 estin
3436 5492 3682 5564 foveam,

2041 5591 2097 5641 et
2126 5581 2373 5637 dimissa
2402 5584 2493 5635 est
2522 5597 2699 5652 super
2744 5598 2876 5636 eum
2925 5598 3121 5637 massa
3169 5581 3475 5650 arenaria;
3508 5585 3685 5683 atque

2040 5675 2123 5733 ita
2151 5687 2286 5731 cum
2317 5668 2514 5745 palma
2543 5670 2807 5747 martyrii
2846 5671 3118 5760 migravit
3147 5671 3219 5729 ad
3251 5669 3573 5737 Christum.
