4012 6198
377 337 536 434 ,1039

1267 335 1334 394 Β.
1383 335 1726 395 NO'l‘KEttI
1773 333 2112 396 BALBULI
2159 337 2225 394 S.
2273 336 2503 396 GALLI
2548 335 2899 398 MONACHI

3615 335 3782 397 1060

452 469 665 523 Eodem
724 467 816 521 die
870 465 1023 537 apud
1072 465 1433 538 Pentapolim
1487 466 1699 539 Libyae,
1734 466 2022 522 Theodori
2053 478 2107 542 Α
2137 466 2285 521 dixit
2344 467 2552 522 beatus
2611 467 2958 523 Alexander:
3020 490 3048 516 «
3084 466 3245 523 Tolle
3296 467 3490 523 boiam
3522 467 3596 522 de
3629 468 3774 524 collo

380 555 659 629 episcopi,
694 555 968 610 Irenenaéi
1017 553 1267 625 diaconi,
1321 555 1656 626 Serapionis
1687 560 1744 610 et
1782 560 2022 610 Ammo-

383 646 463 702 nii
493 646 797 700 lectorum.

456 740 600 790 Item
649 733 803 805 apud
863 732 1200 805 Smyrnium
1261 733 1582 803 [Sirmium]
1633 733 1906 788 nativitas
1961 733 2020 788 S.

380 822 642 892 Montani
674 821 1018 894 presbyteri,
1045 821 1144 894 qui
1177 838 1312 877 cum
1337 821 1589 877 Maxima
1620 838 1796 877 uxore
1826 826 2023 878 tentus

380 918 439 968 et
467 912 528 966 in
554 911 797 966 ﬂuvium
832 911 1180 982 praecipatus
1211 916 1318 966 est.
1353 914 1612 977 Quorum
1643 927 1888 982 corpora
1918 928 2022 966 no-

381 1019 456 1057 no
497 1001 568 1055 ab
600 1001 743 1055 urbe
774 999 966 1071 lapide
997 999 1228 1056 inventa
1259 1003 1412 1055 sunt.

450 1091 522 1144 VI
553 1093 692 1144 ΚΑΒ.
726 1090 923 1142 APRIL.
959 1119 1024 1128 —
1061 1087 1474 1159 Hierosolymis
1530 1087 1879 1143 resurrectio
1914 1092 2020 1143 Do-

381 1177 523 1233 mini
555 1177 739 1233 nostri
771 1177 911 1232 Jesu
942 1175 1182 1232 Christi.

453 1268 516 1322 In
545 1267 758 1333 Africa,
791 1265 1043 1334 Romuli,
1078 1265 1291 1333 Acutii,
1323 1265 1562 1332 Pinarii,
1587 1265 1814 1332 Missiae,
1841 1266 2024 1322 Matu-

380 1358 513 1412 tinae
544 1360 600 1411 et
630 1354 900 1410 aliorum.

453 1448 594 1500 Item
630 1443 856 1512 Donati,
891 1441 1189 1498 Saturnini
1225 1445 1281 1497 et
1312 1442 1602 1498 Martiani.

453 1535 514 1588 In
546 1534 811 1604 z‘Egypto,
847 1529 1000 1585 beati
1057 1530 1304 1586 Joannis
1359 1531 1634 1597 eremitaa,
1667 1530 2022 1602 admirandas

377 1620 709 1677 sanctitatis
738 1618 864 1674 viri.
925 1618 1030 1682 Qui
1088 1624 1294 1689 praeter
1353 1619 1536 1674 multa
1586 1617 1867 1674 miracula
1898 1637 2022 1691 qua:

377 1709 577 1782 gessit,
613 1707 786 1762 etiam
820 1706 1158 1778 prophetico
1190 1707 1402 1778 spiritu
1435 1707 1664 1780 plenus,
1697 1708 2021 1763 Theodosio

373 1796 713 1869 imperatori
765 1794 1271 1851 Christianissimo
1327 1797 1600 1852 victorias
1642 1797 1711 1851 de
1742 1799 2020 1867 tyranno—

375 1901 508 1940 rum
539 1885 906 1940 immanitate
937 1884 1222 1956 praedixit.

445 1975 492 2027 V
523 1978 660 2030 KAL.
695 1981 898 2027 APRIL.
943 1975 1190 2045 —-Apud
1223 1974 1541 2029 Caesaream
1577 1973 1894 2029 Palaestina:
1928 1991 2024 2029 na-

377 2063 572 2120 tivitas
603 2063 701 2118 SS.
737 2067 1060 2133 martyrum
1093 2062 1296 2128 Prisci,
1350 2061 1555 2118 Malchi
1588 2068 1644 2117 et
1687 2062 2019 2118 Alexandri.

377 2154 481 2219 Qui
516 2151 916 2226 persecutione
936 2150 1243 2206 Valeriana
1274 2167 1405 2206 cum
1439 2151 1845 2206 suburbanum
1875 2151 2024 2223 agel-

377 2243 500 2299 lum
533 2241 880 2313 supradictaz
915 2240 1077 2295 urbis
1109 2240 1457 2309 habitarent,
1494 2246 1666 2310 atque
1722 2240 1779 2294 in
1815 2257 1882 2295 ea
1909 2256 2021 2294 cm-

376 2332 554 2388 lestes
586 2329 848 2402 martyrii
882 2335 1348 2401 preponerentur
1376 2345 1627 2396 coronas,
1663 2329 1857 2384 divino
1891 2329 2020 2383 ﬁdei

379 2421 568 2476 calore
600 2419 888 2485 succensi,
923 2418 1352 2488 ultrojudicem
1399 2418 1702 2487 adeuntes,
1744 2435 1849 2472 cur
1893 2421 2023 2472 tan-

376 2514 503 2564 tum
534 2508 592 2562 in
635 2507 983 2578 sanguinem
1043 2507 1272 2578 piorum
1322 2505 1639 2571 desmviret,
1687 2507 2020 2577 objurgant.

380 2597 535 2660 Quos
566 2595 664 2650 ille
695 2596 969 2650 continuo
997 2612 1102 2667 pro
1145 2595 1359 2650 Christi
1402 2595 1637 2650 nomine
1669 2596 1872 2650 bestiis
1905 2600 2019 2651 tra-

379 2684 530 2739 didit
558 2683 942 2738 devorandos.

448 2775 706 2828 Item.....
743 2772 956 2827 Romae.
987 2771 1147 2842 Xysti
1182 2788 1363 2843 papa),
1399 2772 1496 2844 qui
1557 2773 1709 2828 sedit
1749 2777 1878 2828 octo
1911 2789 2020 2826 an-

379 2880 506 2919 nos.
542 2863 605 2916 ln
638 2861 1070 2916 criminatorem
1104 2877 1278 2914 suum
1324 2865 1598 2927 Bassum,
1649 2865 1792 2914 nutu
1827 2860 2020 2914 divino

379 2955 702 3015 mortuum,
736 2947 1010 3002 manibus
1032 2947 1155 3002 suis
1177 2965 1310 3001 cum
1343 2947 1781 3002 linteaminibus
1812 2953 1869 3002 et
1899 2965 2021 3003 aro-

381 3037 642 3092 matibus
671 3040 952 3100 tractans,
986 3033 1252 3104 sepelivit
1279 3035 1431 3106 apud
1468 3036 1530 3090 B.
1565 3036 1821 3091 Petrum.

450 3125 618 3196 Apud
675 3121 1162 3178 Cabillonensium
1227 3122 1542 3194 civitatem,
1602 3125 2016 3180 Cunderammi

2136 572 2264 610 meo
2291 561 2347 610 et
2371 555 2607 628 impone
2663 557 2735 610 ei.
2787 577 2813 608 ι»
2867 557 3028 619 Quod
3079 573 3214 611 cum
3253 556 3596 612 obedienter
3629 562 3780 627 pater

2134 649 2563 714 exsequeretur,
2601 644 2794 699 divino
2826 649 2971 698 nutu
3004 644 3198 699 subito
3231 651 3436 700 sanata
3467 649 3575 700 est.
3606 644 3777 700 Voca-

2135 732 2308 787 batur
2335 738 2530 788 autem
2581 733 2708 805 ipsa
2755 732 3018 788 Balbina.
3073 738 3262 804 Atque
3313 734 3395 788 ita
3442 739 3616 805 pater
3661 735 3778 805 ejus

2133 821 2410 885 Quirinus
2437 827 2494 876 et
2514 823 2641 893 ipsa
2661 838 2794 876 cum
2818 821 3107 877 universis
3129 822 3229 892 qui
3251 821 3310 876 in
3333 822 3614 877 custodia
3635 827 3779 879 tene-

2133 910 2351 964 bantur
2381 911 2655 982 omnique
2686 911 2857 966 domo
2890 928 2997 966 sua
3027 911 3356 983 baptizatus
3378 915 3487 968 est.
3527 912 3688 976 Quod
3720 918 3775 968 ut

2136 999 2424 1053 nuntiavit
2453 999 2996 1055 commentariensis
3020 999 3330 1055 Aureliano
3358 1001 3579 1070 Judici,
3605 1002 3773 1057 iratus

2126 1088 2309 1158 jussit
2339 1089 2410 1143 ad
2442 1107 2503 1144 se
2543 1089 2756 1144 adduci
2787 1089 3096 1152 Quirinum
3137 1093 3193 1144 et
3223 1089 3367 1144 dixit
3397 1089 3448 1144 ei
3475 1109 3491 1145 :
3523 1114 3552 1139 u
3586 1091 3697 1162 Ego
3726 1097 3773 1146 te

2134 1176 2302 1248 quasi
2334 1177 2521 1231 {ilium
2551 1176 2745 1232 dilexi.
2770 1178 2857 1231 Tu
2891 1182 3089 1232 autem
3120 1177 3329 1233 irrides
3361 1194 3475 1248 me,
3502 1179 3770 1250 deceptus

2133 1265 2203 1319 ab
2234 1263 2582 1320 Alexandro.
2622 1288 2647 1315 ››
2682 1264 2832 1319 Dixit
2860 1265 2912 1320 ei
2942 1265 3258 1331 Quirinus:
3298 1288 3320 1317 ι
3353 1267 3474 1339 Ego
3510 1267 3769 1323 Christia-

2133 1371 2245 1408 nus
2275 1370 2406 1409 sum
2440 1353 2650 1423 factus,
2674 1353 2759 1408 vis
2790 1354 3088 1409 occidere?
3116 1354 3202 1410 vis
3232 1355 3562 1427 instigare?
3585 1357 3665 1410 vis
3693 1356 3766 1410 in-

2133 1443 2375 1498 cendere
2399 1443 2425 1497 ?
2456 1441 2614 1496 aliud
2650 1460 2764 1498 non
2792 1460 2908 1498 ero.
2962 1444 3108 1498 Nam
3157 1460 3362 1500 omnes
3392 1444 3497 1516 qui
3529 1451 3691 1500 erant
3718 1446 3767 1499 in

2133 1548 2361 1587 carcere
2393 1531 2499 1586 feci
2530 1531 2652 1587 ﬁeri
2686 1531 3072 1600 Christianos,
3097 1537 3154 1587 et
3184 1532 3500 1589 noluerunt
3534 1552 3770 1607 usquam

2132 1619 2238 1676 ire.
2279 1643 2305 1670 ››
2343 1621 2533 1675 Iratus
2557 1619 2915 1676 Aurelianus
2948 1621 3085 1676 fecit
3112 1621 3161 1676 ei
3194 1621 3457 1694 linguam
3491 1623 3770 1693 abscindi,

2133 1708 2342 1764 deinde
2373 1708 2432 1763 in
2487 1708 2730 1780 equuleo
2780 1709 3083 1780 suspendi.
3145 1710 3251 1774 Qui
3303 1712 3444 1766 dum
3482 1712 3772 1768 Aureliani

2134 1815 2246 1852 non
2281 1798 2508 1852 cederet
2539 1798 2989 1869 injuriis,jussit
3021 1797 3071 1853 ei
3105 1815 3316 1854 manus
3346 1816 3409 1854 ac
3437 1801 3616 1871 pedes
3646 1801 3774 1856 abs-

2133 1885 2312 1955 cindi,
2345 1891 2401 1940 et
2432 1887 2516 1941 sic
2546 1903 2681 1942 eum
2712 1886 2986 1942 decollari
3018 1891 3074 1941 ct
3105 1887 3343 1942 canibus
3384 1888 3609 1960 projici.
3655 1890 3770 1944 Sed

2132 1975 2442 2030 Christiani
2475 1992 2686 2046 corpus
2717 1977 2846 2046 ejus
2879 1980 3113 2047 raptum
3165 1977 3222 2030 in
3273 1977 3359 2031 via
3385 1978 3564 2048 Appia
3592 1995 3765 2050 sepe-

2132 2063 2386 2120 liverunt
2416 2064 2474 2118 in
2505 2064 2832 2120 cmmeterio
2865 2065 3210 2120 Praetextati.

2204 2152 2267 2207 In
2328 2152 2744 2208 Thessalonica
2808 2153 3057 2208 civitate.
3119 2153 3415 2220 Domnini,
3467 2153 3770 2228 PhiIOpoli,

2131 2241 2386 2307 Achaici,
2423 2240 2693 2312 Palatini,

2203 2330 2356 2384 Alibi
2389 2331 2660 2393 Victoris,
2688 2329 2978 2402 Aquilium
3010 2331 3274 2403 virginis.

2202 2417 2554 2487 Aurelianis,
2589 2420 2874 2491 depositio
2907 2421 3091 2475 sancti
3126 2420 3404 2477 Pastoris.

2205 2507 2254 2562 II
2287 2508 2419 2562 KAL.
2456 2514 2659 2562 APRIL.
2692 2539 2761 2548 —-
2809 2509 3025 2579 Romae,
3070 2514 3283 2564 sanctae
3317 2509 3582 2566 Balbina:
3612 2513 3769 2584 virgi-

2135 2595 2246 2662 nis,
2281 2593 2410 2648 ﬁlize
2439 2594 2662 2659 Quirini
2693 2595 2987 2666 martyris.
3024 2596 3160 2659 Quae
3190 2613 3323 2651 cum
3358 2597 3570 2652 Boiam
3597 2600 3769 2670 (ajibe-

2133 2685 2209 2738 ati
2243 2683 2578 2748 Alexandri,
2613 2701 2714 2756 per
2742 2701 2916 2755 quam
2947 2689 3156 2740 sanata
3177 2686 3384 2753 fuerat,
3412 2686 3769 2758 frequentius

2133 2772 2514 2840 oscularetur,
2548 2773 2848 2828 admonita
2879 2773 2950 2828 ab
2990 2789 3055 2828 eo
3092 2777 3153 2828 ut
3182 2772 3344 2829 illam
3394 2774 3660 2831 osculari
3687 2777 3771 2832 de-

2131 2861 2364 2926 sineret,
2398 2865 2455 2915 et
2487 2861 2672 2934 magis
2703 2862 2935 2916 vincula
2965 2863 3114 2918 beati
3147 2863 3301 2918 Petri
3333 2866 3772 2935 perquireret,et

2130 2967 2197 3004 ea
2229 2948 2477 3003 osculari
2510 2956 2757 3019 curaret,
2792 2967 3024 3006 summo
3057 2952 3252 3007 studio
3282 2969 3389 3024 per
3421 2953 3772 3009 desiderium

2129 3054 2408 3109 magnum
2442 3039 2704 3109 pervenit
2733 3040 2802 3093 ad
2832 3039 2981 3110 ipsa,
3003 3041 3360 3112 tradiditque
3393 3048 3619 3098 sancta:
3637 3044 3773 3099 The-

2125 3128 2313 3182 odorae
2337 3126 3000 3199 religiosissimze,sorori
3026 3129 3210 3184 sancti
3235 3131 3534 3186 Hermetis
3558 3132 3767 3204 praefec-

383 3212 798 3288 [Gunthranni]
829 3211 982 3284 regis
1041 3212 1416 3283 Francorum,
1449 3213 1556 3267 viri
1607 3213 1884 3286 religiosi,
1917 3215 2017 3286 qui
2049 3205 2091 3272 C
2129 3218 2172 3271 ti
2201 3221 2257 3272 et
2287 3216 2580 3288 martyris,
2615 3217 2746 3288 Ipsa
2779 3234 2906 3272 vero
2939 3217 3197 3286 Balbina,
3232 3219 3529 3276 instructa
3581 3240 3615 3277 a
3643 3222 3768 3276 Bea-

380 3307 460 3360 ita
490 3320 552 3360 se
583 3300 989 3376 spiritualibus
1020 3301 1350 3357 actionibus
1411 3301 1785 3373 mancipavit,
1818 3308 1900 3370 ut,
1933 3321 2019 3358 re-

381 3383 534 3448 lictis
565 3388 761 3447 saaculi
815 3393 1067 3462 pompis,
1119 3389 1428 3446 thesauros
1476 3407 1616 3446 suos
1663 3391 1926 3448 ecclesiis
1967 3397 2023 3448 et

381 3481 737 3555 pauperibus
769 3484 1050 3550 erogaret.

453 3571 522 3624 IV
554 3569 689 3624 KAL.
722 3574 922 3624 APRIL.
957 3599 1025 3609 -—
1060 3569 1118 3622 In
1169 3568 1526 3635 Nicomedia,
1579 3570 1852 3637 Pastoris,
1883 3571 2022 3626 Vic-

382 3658 578 3729 torini,
603 3657 924 3725 Saturnini,
951 3656 1188 3712 Juliani.

452 3750 518 3804 In
552 3749 764 3813 Africa,
814 3751 1153 3803 sanctorum
1203 3746 1604 3802 coufessorum
1637 3749 2018 3820 Armogastis,

381 3837 706 3894 Archimini
739 3840 797 3892 et
826 3835 1034 3907 Satyri.
1068 3835 1176 3901 Qui
1207 3840 1465 3906 tempore
1499 3837 1854 3892 Wandalicae
1888 3855 2020 3910 per-

381 3928 697 3984 secutionis
727 3926 837 3981 sub
868 3924 1157 3991 Geiserico
1190 3940 1321 3996 rege
1379 3923 1611 3992 Ariano,
1662 3943 1792 3982 cum
1827 3932 2024 3983 essent

382 4015 749 4071 lucidissima
774 4015 1037 4069 membra
1056 4013 1320 4069 Ecclesiae
1342 4013 1577 4082 Christi,
1602 4019 1658 4070 et
1681 4015 2020 4086 pravitatem

381 4105 730 4159 Arianorum
789 4101 1054 4156 libertate
1101 4102 1387 4157 catholica
1436 4104 1769 4174 frequenter
1809 4121 2018 4176 argue-

383 4196 532 4259 rent,
565 4207 668 4264 pro
699 4190 1061 4246 confessione
1088 4189 1346 4245 veritatis
1380 4193 1564 4248 multa
1593 4198 1651 4247 et
1679 4193 1876 4265 gravia
1896 4211 2020 4265 per-

381 4280 539 4352 pessi
570 4277 858 4352 supplicia
901 4284 1075 4349 atque
1131 4278 1462 4349 opprobria,
1495 4296 1734 4334 cursum
1782 4281 2018 4353 gloriosi

381 4368 718 4426 certaminis
748 4366 1157 4440 impleverunt.

453 4459 516 4514 In
550 4457 889 4530 Burgundia
935 4456 1219 4529 depositio
1271 4456 1424 4512 beati
1481 4457 1731 4514 Eustasii
1791 4462 2020 4518 abbatis

2130 3308 2187 3360 to
2219 3305 2565 3371 Alexandro,
2598 3306 2655 3359 in
2685 3305 3040 3378 virginitate,
3073 3307 3243 3378 plena
3273 3308 3448 3364 bonis
3476 3311 3768 3382 operibus,

2131 3393 2471 3464 permansit.
2504 3394 2573 3448 Et
2621 3398 2751 3464 post
2798 3394 3090 3450 devictum
3143 3395 3422 3451 saeculum
3469 3400 3648 3469 juxta
3678 3416 3774 3471 pa-

2129 3487 2274 3537 trem
2309 3499 2484 3536 suum
2516 3481 2821 3546 Quirinum
2856 3488 3173 3556 martyrem
3206 3485 3512 3557 sepelitur.

2205 3572 2266 3625 In
2324 3570 2534 3637 Africa,
2586 3575 2924 3626 sanctorum
2975 3573 3196 3639 Anesii,
3250 3574 3473 3642 Felicis,
3519 3576 3777 3646 Dioduli,

2133 3660 2308 3724 Proti,
2341 3659 2586 3715 Cornelii
2619 3665 2675 3716 et
2704 3660 2943 3716 Valeriae
2976 3678 3111 3717 cum
3143 3663 3320 3718 sociis
3347 3680 3566 3721 eorum.

2795 3797 3105 3857 APRILIS

2266 3889 2480 3950 Mensis
2511 3891 2746 3971 Aprilis
2775 3892 2950 3953 habet
2977 3893 3098 3954 dies
3128 3912 3273 3968 xxx,
3308 3894 3430 3955 Iun.
3464 3913 3635 3956 xxix.

2202 4025 2335 4078 KAL.
2369 4029 2569 4079 ApaIL.
2595 4056 2664 4065 —
2695 4025 2888 4080 Romae
2923 4025 3193 4083 nativitas
3225 4028 3586 4084 beatissima;
3605 4030 3782 4086 Theo-

2130 4113 2528 4180 dorze,sororis
2549 4113 2934 4170 illustrissimi
2961 4117 3233 4188 martyris
3255 4117 3570 4175 Hermetis.
3600 4119 3782 4183 Quam

2129 4202 2337 4258 beatus
2368 4203 2688 4258 Alexander
2721 4220 2869 4275 papa
2900 4208 2957 4258 et
2999 4210 3221 4277 martyr
3256 4205 3559 4276 instruxit,
3598 4210 3783 4281 bapti-

2129 4291 2279 4346 zavit
2307 4296 2483 4363 atque
2515 4291 2574 4345 in
2606 4291 2718 4346 ﬁde
2750 4291 2961 4347 Christi
2992 4293 3241 4349 edocuit.
3276 4297 3411 4360 Quae
3443 4298 3564 4351 sub
3603 4305 3786 4354 Aure-

2129 4379 2284 4436 liano
2315 4379 2574 4452 principe
2608 4381 3022 4453 martyrizavit,
3067 4383 3298 4455 sepulta
3333 4385 3509 4455 juxta
3544 4389 3787 4444 fratrem

2131 4474 2446 4540 martyrem
2476 4468 2569 4523 via
2606 4468 2848 4535 Salaria,
2880 4487 2994 4525 non
3026 4470 3199 4545 longe
3229 4475 3300 4528 ab
3333 4474 3477 4529 urbe
3511 4475 3737 4533 Roma.

382 4546 654 4620 discipuli
678 4547 742 4638 ‘S.
777 4546 1141 4638 Columbani.
1175 4546 1282 4610 Qui
1315 4551 1480 4638 pater
1511 4548 1688 4604 ferme
1719 4557 2016 4605 sexcento-
2052 4575 2098 4638 Β
2203 4558 2266 4611 In
2297 4555 2588 4626 Armenia,
2631 4558 2951 4629 Parthenii,
2999 4560 3318 4633 Quintiani,
3360 4562 3651 4634 Victoris,
3688 4567 3790 4622 Se-

382 4652 513 4691 rum
546 4635 768 4691 exstitit
795 4634 1240 4700 monachorum,
1273 4639 1328 4690 et
1355 4635 1484 4690 vitae
1515 4638 1822 4693 sanctitate
1852 4655 2020 4692 cons-

381 4724 611 4796 picuus,
643 4723 822 4778 etiam
856 4723 1159 4778 miraculis
1191 4723 1383 4779 clarus
1414 4725 1651 4780 effulsit.

451 4813 517 4868 In
548 4812 778 4868 civitate
814 4812 1036 4881 Pisana,
1070 4813 1253 4868 sancti
1283 4813 1546 4885 Torpetis
1582 4815 1873 4886 martyris.

453 4904 529 4958 III
558 4906 697 4956 KAL.
729 4902 928 4957 APRIL.
953 4933 1021 4942 —~
1046 4901 1260 4970 Romae,
1303 4901 1531 4967 Quirini
1555 4902 1772 4957 tribuni
1793 4909 1849 4958 et
1871 4922 2020 4960 mar-

378 4991 521 5065 tyris
543 4991 654 5048 sub
676 4991 928 5062 Trajano
950 4990 1319 5063 imperatore.
1341 4990 1448 5054 Qui
1471 5007 1605 5045 cum
1645 5008 1711 5047 ex
1736 4999 2019 5066 praecepto

379 5084 507 5153 ejus
529 5081 1002 5138 B.Alexandrum
1027 5097 1236 5153 papam
1261 5085 1315 5135 et
1332 5082 1574 5135 llermen
1597 5082 1934 5153 praefectum
1959 5084 2017 5138 in

377 5170 612 5227 vincula
633 5172 998 5243 conjecisset,
1021 5169 1585 5235 haberetquediliam
1609 5171 1778 5242 cujus
1801 5172 2017 5229 collum

378 5263 607 5317 struma
627 5257 1401 5330 circumdederat,exauditis
1423 5259 1785 5316 orationibus
1807 5266 1868 5315 Β.
1885 5267 2021 5318 Her-

378 5366 504 5407 mes
533 5351 604 5406 de
636 5351 748 5407 ﬁde
777 5350 1016 5413 Christi,
1039 5354 1096 5405 et
1123 5347 1266 5404 visis
1297 5347 1482 5420 signis
1500 5363 1626 5419 quae
1648 5349 1931 5406 Dominus
1955 5351 2016 5407 in

376 5439 732 5513 martyribus
767 5441 891 5496 suis
940 5439 1262 5495 Alexandro
1293 5441 1350 5492 et
1398 5436 1606 5492 Herme
1645 5441 2015 5510 operabatur,

376 5545 626 5604 eamque
649 5530 829 5586 ﬁliam
862 5547 1029 5586 suam
1065 5527 1276 5584 obtulit
1305 5527 1388 5582 eis
1416 5527 1486 5582 ad
1529 5529 1879 5586 sanandum.
1915 5529 2014 5585 Cui

450 5619 526 5706 (α)
558 5619 672 5678 Ηοο
703 5625 814 5691 est,
845 5618 1097 5677 vincula.
1122 5619 1484 5702 Scmvsmus,
1509 5620 1628 5674 not.
1654 5634 1765 5706 ms,
1795 5620 1852 5678 in
1875 5620 2011 5680 CAN.

2133 4646 2327 4701 eundi.

2199 4735 2413 4790 Eodem
2446 4735 2539 4790 die
2567 4739 2622 4790 S.
2657 4735 2926 4792 Venantii
2961 4738 3218 4812 episcopi
3250 4745 3306 4796 et
3339 4744 3660 4815 martyris.

2203 4825 2263 4877 In
2295 4837 2442 4894 pago
2470 4821 2828 4878 Jumnoense
2854 4824 2912 4878 S.
2948 4824 3244 4882 Wiolarici
3277 4828 3618 4903 [\Valerici]
3664 4847 3794 4886 eon-

2129 4911 2390 4976 fessoris,
2422 4911 2594 4982 cujus
2623 4911 2959 4983 sepulcrum
2991 4916 3211 4971 crebris
3268 4917 3593 4974 miraculis
3662 4920 3797 4975 illu-

2129 5004 2366 5058 stratur.

2199 5089 2272 5143 IV
2301 5089 2447 5144 NON.
2476 5090 2670 5145 APRIL.
2707 5121 2772 5129 —
2802 5092 2972 5163 Apud
3016 5096 3337 5148 Czesaream
3398 5097 3794 5168 Cappadocia

2128 5178 2323 5250 passio
2354 5184 2566 5233 sanctae
2598 5177 2937 5236 Theodosia:
2995 5181 3258 5254 virginis.
3321 5185 3454 5248 Qum
3518 5192 3794 5259 tempore

2126 5265 2464 5323 Diocletiani
2494 5283 2628 5322 cum
2659 5272 2814 5323 esset
2842 5285 3130 5325 annorum
3165 5272 3365 5327 decem
3386 5277 3445 5328 et
3467 5275 3793 5342 octo,ultro

2126 5374 2188 5412 se
2217 5357 2440 5412 sanctis
2470 5355 2902 5413 confessoribus
2933 5358 2991 5414 in
3024 5360 3290 5415 custodia
3322 5360 3589 5433 socians,
3638 5371 3792 5420 tents

2125 5445 2199 5501 ab
2229 5445 2460 5500 Urbano
2493 5443 2779 5516 praefecto,
2816 5451 2871 5500 et
2904 5447 2961 5501 in
2987 5451 3234 5519 equuleo
3267 5449 3554 5519 cruciata,
3579 5451 3788 5509 deinde

2125 5535 2274 5590 ferro
2305 5538 2541 5590 onerata
2570 5536 2624 5590 et
2656 5533 2716 5590 in
2747 5549 3036 5592 carcerem
3069 5541 3232 5594 trusa
3262 5543 3372 5607 est,
3407 5538 3509 5595 ubi
3547 5539 3664 5598 Dei
3685 5542 3783 5597 vir-
