4012 6198
267 324 391 383 1061

1241 321 1957 383 MARTYROLOGIUM.
1994 354 2070 365 —
2104 322 2338 383 MENS.
2385 322 2643 383 APRIL.

3493 336 3514 392 1
3531 335 3648 405 062

264 458 366 511 tute
398 456 596 511 omnia
622 454 853 511 vincula
904 455 1031 526 ejus
1081 455 1348 526 disrupta
1396 460 1555 510 sunt.
1591 455 1725 509 Post
1758 454 1877 508 hinc
1914 458 1964 520 Α
2002 456 2082 509 ris
2114 454 2525 511 dilaceratione
2573 473 2686 510 non
2732 462 2972 527 possent
3022 459 3344 529 ambulare,
3392 464 3644 523 militum

267 561 383 599 saxo
418 544 673 616 alligata,
709 545 765 598 in
800 559 958 598 mare
975 544 1243 598 demersa
1274 549 1382 597 est.
1402 544 1513 598 Sed
1538 542 1891 597 moxlittori-

274 634 367 687 bus
398 633 712 688 incolumis
746 632 969 688 reddita
1024 638 1081 687 et
1110 632 1313 687 bestiis
1365 633 1424 686 in
1462 630 1897 703 amphitheatro

269 722 525 792 projecta,
558 723 659 777 sed
682 722 753 776 ab
785 721 876 776 his
895 721 1132 788 intacta,
1158 720 1507 792 martyrium
1532 719 1741 792 capitis
1765 721 1898 774 abs-

272 809 506 864 cissione
534 808 865 885 complevit.

335 898 390 953 In
419 898 612 953 Africa
643 898 914 953 nativitas
933 902 1267 953 sanctorum
1291 897 1623 969 Amphiani,
1650 896 1901 951 Victoris

277 993 325 1042 et
349 986 593 1042 aliorum
625 987 1090 1059 quatuordeeim.

335 1077 495 1147 Apud
530 1077 881 1147 Lugdunum
917 1075 1113 1131 Galliae
1144 1076 1427 1148 depositio
1450 1076 1507 1131 S.
1541 1074 1748 1129 Nicetii
1782 1075 1902 1145 epi-

275 1166 416 1238 scopi
447 1170 504 1221 et
534 1165 904 1220 confessoris.
949 1166 1129 1235 Cujus
1185 1169 1242 1219 et
1270 1165 1387 1219 vita
1435 1162 1733 1218 miraculis
1786 1163 1903 1218 cla-

276 1254 394 1321 ruit,
428 1261 483 1309 et
514 1254 768 1326 pretiosa
797 1270 956 1308 mors
988 1253 1373 1308 nihilominus
1406 1252 1707 1308 miraculis
1740 1268 1903 1307 com-

276 1344 595 1398 mendatur.
974 1348 975 1351 “

336 1433 403 1486 ΙΙΙ
436 1432 580 1486 NON.
613 1438 816 1487 APRIL.
845 1464 912 1471 ——
933 1420 1357 1486 Thessalonicae
1381 1431 1655 1485 nativitas
1679 1434 1906 1486 sancta-

275 1539 392 1575 rum
405 1521 693 1591 virginum
709 1519 1223 1592 Agapes,llirenes[
1235 1521 1511 1589 lrenes]et
1523 1519 1777 1574 Chionize
1795 1520 1905 1574 sub

274 1608 632 1664 Diocletiano.
659 1609 1002 1680 Quaaprimo
1024 1609 1079 1662 in
1113 1625 1341 1664 carcere
1372 1614 1908 1679 maceratae,postea

274 1700 324 1752 in
352 1698 540 1769 ignem
576 1697 769 1752 missae
801 1703 957 1751 sunt.
992 1698 1103 1752 Sed
1149 1697 1378 1751 intactae
1411 1714 1444 1750 a
1490 1696 1745 1752 ﬂammis
1778 1700 1910 1768 post

276 1786 581 1842 orationem
628 1787 697 1841 ad
750 1786 934 1840 Deum
968 1787 1182 1855 fusam,
1240 1787 1469 1841 animas
1501 1786 1905 1841 reddiderunt.

336 1876 393 1930 In
428 1875 683 1947 Scythia,
716 1874 944 1930 civitate
966 1876 1188 1941 Tomis,
1240 1875 1512 1930 nativitas
1570 1879 1905 1929 sanctorum

276 1964 491 2036 Evagrii
522 1968 579 2019 et
608 1964 872 2035 Benigni.

340 2053 505 2124 Apud
538 2051 984 2107 Taurominium
1018 2052 1250 2119 Sicilia,
1277 2054 1463 2108 sancti
1496 2052 1810 2107 Pancratii.

341 2142 400 2195 In
432 2140 786 2207 Nicomedia,
816 2140 1023 2195 Donati
1054 2145 1109 2195 et
1138 2140 1454 2211 Ampliani.

340 2230 511 2284 Paros
543 2229 686 2283 Nox.
721 2232 921 2283 APRIL.
955 2260 1023 2269 -η
1068 2230 1129 2283 In
1183 2228 1602 2284 Thessalonica
1634 2228 1910 2284 nativitas

274 2323 597 2374 sanctorum
633 2317 949 2387 Agathonis
974 2317 1201 2372 diaconi
1233 2323 1289 2371 et
1309 2317 1591 2372 Theoduli

340 2407 489 2462 Alibi
521 2405 704 2473 Pauli,
740 2407 1030 2471 Matutini,
1070 2406 1303 2461 Urbani.
1340 2406 1661 2473 Saturnini,
1687 2406 1911 2473 Quinti-

274 2498 431 2564 liani,
468 2496 681 2559 Publii,
713 2495 988 2563 Victoris,
1023 2496 1289 2551 Successi
1322 2501 1378 2551 et
1406 2495 1649 2551 Juliani.

343 2584 651 2640 Mediolani
682 2586 967 2656 depositio
998 2586 1059 2639 B.
1094 2584 1379 2640 Ambrosii
1412 2585 1665 2655 episcopi
1693 2589 1747 2639 et
1778 2600 1914 2638 con-

276 2675 528 2731 fessoris.
562 2674 740 2745 Cujus
771 2674 986 2741 studio,
1010 2674 1161 2729 inter
1181 2677 1388 2728 caetera
1419 2673 1694 2728 doctrinae
1726 2681 1781 2727 et
1804 2672 1914 2726 mi-

282 2764 607 2820 raculorum
633 2763 905 2835 insignia,
937 2768 1197 2834 tempore
1228 2762 1451 2817 Arianae
1482 2762 1763 2832 perfidiaa,
1794 2766 1916 2814 tota

280 2853 444 2907 Italia
466 2853 535 2906 ad
573 2852 743 2906 ﬁdem
778 2850 1125 2906 catholicam
1170 2867 1448 2905 conversa
1479 2856 1585 2905 est.
1620 2849 1725 2912 Qui
1769 2866 1917 2919 prte-

282 2943 506 2996 fecturae
521 2939 708 3012 gratia
733 2940 803 2995 ad
818 2940 1089 2994 eumdem
1105 2938 1298 2994 locum
1316 2938 1645 2993 destinatus
1659 2941 1765 3003 est,
1785 2953 1918 2991 cum

286 3030 475 3084 adhuc
504 3033 657 3084 esset
673 3027 1213 3095 catechumenus,in
1229 3027 1589 3097 depositione
1610 3025 1874 3081 albarum
1891 3042 1925 3081 a

286 3117 533 3173 lactante
564 3133 742 3188 puero
785 3117 1125 3187 designatus
1174 3120 1259 3170 est
1307 3116 1638 3185 episcopus,
1695 3120 1751 3169 et
1794 3131 1927 3183 sug-

2000 545 2173 611 jussu
2206 544 2650 614 deportarentur
2680 545 2738 599 in
2761 545 3259 617 amphitheatrum
3293 556 3357 605 ut
3388 569 3420 605 a
3444 553 3647 611 bestiis

2009 636 2525 687 consumerentur:
2574 650 2823 704 quarum
2875 652 3009 690 cum
3060 636 3222 693 nulla
3270 655 3304 693 a
3351 657 3650 713 quoquam

2010 721 2316 775 hominum
2339 720 2425 775 vel
2457 722 2529 774 ab
2548 722 2690 793 ipsis
2714 725 3071 796 martyribus
3102 727 3173 781 ad
3204 726 3497 785 lassionem
3523 749 3653 787 san-

2011 816 2238 864 ctorum
2272 809 2569 881 provocari
2600 811 2901 883 quivisset,
2922 814 3099 881 jussit
3123 815 3410 873 Maximus
3433 837 3648 890 praeses

2011 898 2298 953 introduci
2330 898 2681 969 gladiatores
2727 906 2790 953 ut
2819 907 3051 957 sanctos
3085 903 3182 958 Dei
3217 911 3500 978 martyres
3530 909 3654 981 gla-

2013 988 2708 1051 diointerficercnt.Quod
2727 1006 2859 1044 cum
2876 991 3094 1047 factum
3113 994 3338 1063 fuisset,
3367 996 3652 1055 Maximus

2012 1079 2083 1133 de
2114 1076 2544 1148 amphitheatro
2594 1094 2656 1131 se
2705 1078 3015 1149 recipiens,
3064 1080 3300 1153 reliquit
3333 1084 3412 1139 ibi
3454 1086 3654 1143 decem

2015 1165 2251 1231 milites,
2281 1165 2380 1235 qui
2418 1181 2658 1236 corpora
2683 1169 3419 1236 martyrumimmiscerent
3449 1190 3658 1246 corpo-

2015 1255 2176 1309 ribus
2207 1254 2618 1325 gladiatorum.
2652 1254 2774 1309 Non
2820 1261 2951 1326 post
3000 1257 3255 1313 multum
3300 1277 3432 1316 vero
3466 1267 3659 1318 terrae-

2016 1348 2208 1399 motus
2233 1344 2416 1397 factus
2447 1348 2556 1408 est,
2584 1347 2639 1397 et
2658 1344 2916 1399 tonitrua
2946 1350 3001 1400 et
3024 1346 3255 1418 fulgura
3284 1354 3341 1404 et
3384 1367 3656 1409 corusca-

2014 1434 2116 1503 tio,
2148 1439 2202 1487 et
2233 1432 2415 1487 nimia
2462 1438 2777 1503 tempestas
2822 1433 3099 1489 imbrium
3161 1437 3653 1498 descendentibus

2018 1520 2083 1595 [f.
2116 1521 2639 1591 descendentium].
2674 1522 3028 1577 Custodibus
3077 1530 3271 1581 autem
3305 1527 3438 1584 inde
3472 1530 3652 1586 nimio

2018 1616 2237 1664 terrore
2268 1609 2504 1680 fugatis,
2541 1610 2878 1664 accedentes
2912 1611 3149 1682 quidam
3176 1613 3430 1687 religiosi
3456 1618 3660 1676 fratres

2018 1698 2118 1769 qui
2152 1697 2209 1751 in
2244 1697 2506 1768 proximo
2539 1697 2864 1766 latitabant,
2899 1700 3116 1754 incidio
3148 1701 3326 1758 stellae
3354 1722 3415 1760 se
3444 1724 3661 1777 praece-

2021 1786 2212 1841 dentis
2236 1790 2571 1841 sanctorum
2590 1802 2831 1857 corpora
2853 1795 3209 1861 repererunt,
3235 1792 3359 1847 etin
3385 1795 3665 1866 spelunca

2018 1874 2188 1930 vicini
2226 1875 2442 1929 montis
2462 1875 2912 1931 absconderunt.
2947 1876 3027 1931 De
3049 1894 3299 1949 quorum
3318 1882 3666 1955 longissima

2018 1964 2283 2027 historia,
2317 1964 2455 2034 quia
2486 1964 2845 2034 paucissima
2897 1970 3036 2020 sunt
3081 1967 3377 2042 adnotata,
3434 1975 3573 2029 libet
3605 1977 3660 2031 in

2018 2069 2219 2107 eorum
2252 2051 2727 2124 supplementum
2753 2052 3217 2124 gladiatoriiludi
3243 2059 3660 2121 exhibitionem

2020 2140 2197 2197 simul
2226 2140 2702 2211 etcessationem,
2724 2147 3057 2198 sanctorum
3080 2144 3315 2202 illorum
3338 2151 3663 2223 occasione,

2021 2231 2122 2301 qui
2155 2248 2187 2284 a
2204 2230 2628 2301 gladiatoribus
2650 2236 2789 2285 sunt
2808 2232 3163 2304 interempti,
3182 2252 3664 2299 commemorare.

2022 2320 2178 2373 lnter
2208 2319 2598 2390 multainepta
2616 2324 2671 2373 et
2694 2320 2975 2392 sacrilega
2996 2323 3210 2393 quibus
3226 2330 3358 2381 ante
3379 2332 3666 2400 cognitio-

2024 2422 2154 2461 nem
2190 2408 2366 2462 unius
2415 2408 2533 2463 veri
2586 2409 2681 2463 Dei
2731 2414 2952 2464 veteres
2996 2413 3347 2469 tenebantur
3376 2418 3663 2489 obstricti,

2024 2495 2197 2549 etiam
2249 2495 2369 2549 haec
2428 2497 2789 2551 consuetudo
2851 2497 3198 2555 mortalibus
3252 2502 3555 2577 illudebat,
3603 2516 3667 2565 ut

2026 2585 2454 2654 praestantiores
2468 2585 2686 2655 quique
2702 2588 2755 2639 in
2771 2602 2836 2640 eo
2850 2588 3285 2656 spectabiliores
3299 2604 3668 2669 apparerent,

2027 2672 2074 2726 si
2108 2672 2389 2727 effusione
2421 2688 2616 2727 rerum
2666 2672 2935 2727 homines
2993 2676 3219 2733 diutius
3266 2683 3563 2753 saginatos
3608 2686 3687 2743 in'

2028 2777 2264 2815 arenam
2296 2761 2770 2827 intromitterent,
2806 2764 2905 2833 qui
2937 2765 3191 2834 primum
3225 2770 3519 2829 sceleratis
3542 2777 3671 2847 qui-

2029 2850 2255 2919 busque
2287 2848 2374 2901 vel
2406 2849 2579 2904 etiam
2614 2850 2833 2905 sanctis
2885 2855 3240 2925 martyribus
3282 2859 3669 2934 interemptis,

2031 2938 2240 2992 deinde
2259 2938 2483 2992 mutuis
2506 2938 2848 2994 vulneribus
2865 2942 3182 2998 crudeliter
3204 2945 3669 3017 interirent.Qua3

2033 3026 2285 3081 stultitia
2314 3043 2445 3081 cum
2496 3027 2670 3082 etiam
2716 3028 3044 3084 Christiana
3093 3032 3373 3106 religione
3420 3041 3675 3111 pollente

2036 3120 2268 3205 prOpter
2281 3115 2691 3187 antiquitatem
2710 3118 2801 3171 sui
2829 3135 2942 3173 non
2968 3127 3165 3191 posset
3182 3125 3677 3205 aboleri,contigit

286 3207 545 3279 gestione
569 3204 831 3275 angelica
852 3203 1145 3257 auditores
1163 3220 1300 3258 suos
1323 3202 1927 3272 allocutus,expulsio-
1959 3196 2000 3261 C
2041 3204 2354 3274 quemdam
2388 3204 2739 3258 mODaChum
2795 3205 2863 3258 de
2907 3207 3139 3264 Oriente
3170 3214 3447 3271 οῖ’θίίοηίε
3491 3196 3680 3289 εταῖίει

288 3312 357 3350 ne
417 3295 770 3357 daemonum,
831 3297 887 3347 et
943 3292 1293 3347 exhibitione
1360 3292 1702 3356 sanitatum,
1756 3296 1930 3360 atque

286 3382 730 3440 resuscitatione
778 3385 1167 3449 mortuorum,
1218 3396 1319 3434 nec
1359 3396 1473 3434 non
1535 3384 1591 3433 et
1622 3377 1931 3433 tolerantia

287 3472 755 3527 omnimodarum
774 3470 1291 3541 injuriarum,vere
1314 3468 1679 3540 comprobari
1700 3472 1757 3523 et
1781 3484 1930 3521 nun-

287 3561 489 3633 cupari
526 3560 740 3615 meruit
770 3559 1030 3614 imitator
1077 3559 1456 3629 antiquorum
1510 3562 1832 3628 martyrum
1876 3559 1933 3611 et

286 3650 703 3723 apostolorum.

359 3740 505 3795 Non.
537 3741 734 3793 Aram.
772 3770 836 3779 —
868 3738 930 3793 In
963 3736 1376 3792 Thessalonica
1408 3736 1680 3791 nativitas
1719 3738 1933 3790 sanctae

288 3830 532 3885 Hirenes
575 3827 840 3899 [Irenes],
900 3844 1025 3897 quae
1076 3831 1212 3897 post
1260 3826 1624 3881 tolerantiam
1686 3824 1934 3880 carceris

288 3919 505 3991 sagitta
535 3934 811 3988 percussa
836 3920 923 3970 est
954 3933 986 3970 a
1015 3914 1271 3969 Sisinnio
1303 3916 1531 3984 comite,
1572 3916 1679 3969 sub
1741 3931 1854 3985 quo
1881 3917 1937 3968 et

288 4024 520 4064 sorores
552 4008 678 4077 ejus
717 4003 894 4060 simul
944 4006 1137 4075 Agape
1180 4008 1235 4058 et
1259 4004 1499 4073 Chionia
1529 4005 1935 4075 martyrizave-

291 4102 450 4152 runt.
485 4097 639 4159 Quas
671 4110 873 4149 omnes
906 4110 1038 4148 cum
1078 4092 1357 4148 Dulcitius
1390 4093 1778 4164 praedecessor
1809 4095 1936 4163 ejus

291 4188 351 4243 in
387 4184 867 4241 obscurissimam
901 4182 1104 4236 cellam
1138 4181 1454 4252 coquendis
1486 4182 1637 4237 vasis
1664 4181 1935 4236 refertam

290 4273 763 4338 inclusisset,sed
781 4276 1024 4343 posteas
1041 4270 1939 4342 ardentissimaconcupiscentia

290 4364 638 4436 deperisset,
664 4360 927 4416 clanculo
958 4361 1260 4431 ingressus
1281 4359 1339 4413 in
1361 4376 1487 4414 eam
1512 4377 1613 4431 per
1627 4364 1809 4415 totam
1833 4376 1937 4414 no-

290 4459 447 4509 ctem
507 4468 641 4506 cum
701 4450 854 4516 ollis,
910 4450 1141 4505 cacabis
1200 4466 1266 4504 ac
1321 4448 1592 4503 caldariis
1622 4448 1936 4516 volutatus,

2038 3297 2278 3346 Romam
2315 3292 2528 3355 venire,
2563 3298 2620 3347 et
2648 3292 2999 3363 gladiatores
3024 3313 3150 3352 sese
3182 3303 3469 3360 caedentes
3492 3307 3679 3380 inopi-

2040 3386 2176 3435 nato
2216 3379 2532 3435 incurrere.
2566 3381 2720 3444 Quos
2770 3398 2901 3436 cum
2938 3384 3251 3442 miseratus
3296 3392 3367 3446 ab
3399 3379 3681 3454 alterutra

2041 3470 2192 3525 caede
2214 3468 2518 3540 prohibere
2542 3475 2869 3539 conaretur,
2894 3488 2926 3525 a
2957 3477 3424 3544 spectaculorum
3449 3485 3682 3541 editori-

2040 3559 2152 3613 bus
2194 3557 2454 3630 lapidum
2514 3560 2685 3614 ruina
2736 3565 2824 3614 est
2880 3570 3284 3636 consumptus.
3344 3574 3451 3627 Pro
3511 3576 3683 3646 cujus

2042 3646 2283 3719 indigna
2314 3652 2498 3702 morte
2547 3647 2853 3719 religiosus
2906 3650 3222 3723 imperator
3251 3657 3371 3713 zelo
3408 3661 3505 3716 Dei
3534 3679 3692 3718 com-

2042 3742 2296 3808 punctus
2352 3736 2524 3791 ludos
2579 3736 2712 3793 illos
2784 3738 3077 3797 infaustos
3131 3726 3378 3802 ulterius
3428 3750 3689 3807 exhiberi

2046 3825 2366 3897 prohibuit.

2114 3916 2278 3987 Apud
2312 3914 2716 3970 Alexandriam
2748 3922 2803 3970 S.
2839 3917 3066 3989 Didymi
3100 3924 3441 3998 presbyteri.

2116 4004 2213 4057 Vll
2244 4004 2323 4057 In.
2364 4005 2563 4058 AeniL.
2598 4035 2664 4044 —
2694 4009 2887 4059 Romae
2918 4008 3057 4062 Sixti
3093 4027 3253 4083 papze
3305 4019 3361 4070 et
3390 4020 3684 4092 martyris,

2047 4093 2146 4163 qui
2179 4093 2323 4147 rexit
2370 4092 2683 4147 Ecclesiam
2735 4111 2920 4150 annos
2963 4097 3185 4168 decem,
3237 4121 3467 4162 menses
3516 4109 3685 4177 duos,

2047 4183 2197 4237 diem
2234 4198 2441 4245 unum,
2478 4198 2688 4251 passus
2720 4188 2807 4238 est
2837 4189 3197 4258 temporibus
3228 4194 3464 4250 Adriani
3495 4196 3685 4268 impe-

2049 4271 2275 4326 ratoris.
2316 4272 2414 4325 llic
2440 4273 2743 4327 constituit
2769 4278 2829 4328 ut
2861 4292 3025 4331 sacra
3045 4282 3319 4349 mysteria
3339 4300 3453 4338 non
3482 4288 3690 4341 tracta-

2050 4366 2252 4414 rentur
2280 4360 2391 4414 nisi
2418 4378 2449 4415 a
2472 4363 2654 4415 sacris
2688 4363 3001 4427 ministris,
3034 4372 3088 4419 et
3108 4368 3446 4443 quicunque
3465 4372 3688 4444 episco—

2054 4467 2160 4522 pus
2217 4456 2485 4505 evocatus
2527 4451 2594 4504 ad
2650 4452 2847 4505 sedem
2900 4454 3282 4523 apostolicam
3344 4460 3574 4526 rediens
3618 4463 3688 4517 ad

290 4546 473 4613 atque
498 4560 530 4596 a
559 4544 896 4595 sanctarum
930 4537 1515 4611 virginumillusione
1534 4538 1939 4604 defraudatus,
1973 4565 2016 4628 Β
2051 4538 2409 4611 parochiam,
2441 4554 2555 4592 non
2588 4538 2985 4609 susciperetur
3016 4542 3125 4597 nisi
3152 4545 3521 4605 salutationis
3544 4548 3691 4607 litte-

291 4648 434 4687 cum
468 4628 1011 4703 primumafamilia
1026 4627 1112 4682 vel
1135 4626 1525 4682 familiaribus
1551 4627 1674 4681 suis
1706 4644 1809 4699 pro
1833 4628 1939 4682 hac

290 4718 659 4792 turpitudine
690 4716 1101 4773 abominabilis
1132 4716 1463 4786 haberetur,
1496 4716 1939 4787 imperatorium

290 4809 581 4881 palatium
599 4811 898 4881 petens,ut
920 4805 1005 4861 vel
1038 4805 1115 4860 ibi
1132 4822 1372 4860 suarum
1390 4805 1737 4875 injuriarum
1767 4804 1940 4860 ultio-

290 4915 431 4954 nem
467 4902 805 4963 mereretur,
862 4899 1097 4967 propter
1144 4892 1569 4949 intolerabilem
1605 4894 1939 4961 faeditatem,

289 5006 477 5059 quam
502 4985 685 5042 oculis
716 4984 930 5040 clausis
954 5002 1068 5039 non
1092 4983 1463 5055 agnoscebat,
1495 4988 1550 5036 et
1581 4982 1716 5038 inde
1736 4982 1942 5054 expul-

287 5094 423 5144 sus,
451 5078 522 5131 de
555 5074 774 5146 reliquo
799 5073 959 5129 omni
990 5072 1208 5127 honore
1239 5076 1325 5127 est
1356 5071 1635 5142 privatus.

370 5166 536 5238 Apud
568 5166 876 5236 (Egyptum
900 5161 1168 5217 nativitas
1191 5165 1524 5216 sanctorum
1548 5159 1942 5230 Martiani,Ni-

287 5255 552 5324 canoris,
584 5250 885 5325 Apollonii.

372 5344 538 5415 Apud
572 5344 890 5396 Caesaream
926 5338 1126 5410 Lycias,
1152 5338 1425 5393 nativitas
1456 5339 1509 5392 S.
1534 5338 1869 5410 Amphiaui.

374 5432 437 5485 In
469 5429 667 5485 Cilicia
690 5428 963 5483 nativitas
1007 5431 1342 5482 sanctorum
1372 5426 1592 5495 Taraci,
1629 5426 1942 5481 Andronici

288 5525 358 5575 et
390 5518 581 5583 Probi,
618 5516 818 5572 multis
846 5516 1152 5571 tormentis
1184 5514 1665 5585 excruciatorum,
1699 5517 1840 5572 adeo
1884 5522 1946 5573 ut

289 5613 437 5685 post
467 5606 696 5666 tertiam
726 5606 1236 5679 interrogationem
1262 5621 1391 5661 cum
1419 5621 1521 5677 pro
1543 5605 1726 5662 nimia
1746 5622 1945 5669 corno-

2050 4646 2164 4698 ras,
2221 4628 2327 4682 hoc
2386 4631 2474 4681 est
2524 4627 2822 4695 formatas,
2877 4645 2907 4681 a
2965 4631 3100 4686 sede
3159 4635 3478 4705 apostolica
3536 4638 3691 4711 plebi

2050 4717 2377 4772 detulisset.
2416 4715 2482 4769 Et
2514 4715 2605 4769 hic
2637 4715 2890 4771 instituit
2936 4723 2999 4773 ut
3029 4718 3183 4777 intra
3214 4725 3499 4782 actionem
3543 4728 3690 4784 mis-

2051 4822 2249 4861 sarum
2282 4805 2533 4873 Sanctus,
2564 4808 2809 4874 sanctus,
2841 4810 3080 4875 sanctus,
3111 4810 3536 4870 decantaretur.

2124 4896 2181 4949 In
2215 4894 2460 4966 Syrmio,
2495 4893 2553 4947 S.
2588 4892 2784 4947 Irenzei
2814 4896 3069 4968 episcopi
3101 4900 3365 4970 ejusdem
3398 4903 3529 4959 loci.

2121 4984 2186 5038 In
2219 4984 2427 5045 Africa,
2482 4986 2817 5037 sanctorum
2878 4984 3183 5057 Epiphanii
3243 4991 3522 5063 episcopi,
3584 4998 3694 5049 Do-

2054 5072 2226 5138 natis,
2280 5071 2444 5137 Sixti,
2507 5071 2721 5137 Ruﬁni,
2778 5071 3043 5145 Modesti,
3106 5081 3161 5132 et
3203 5078 3451 5135 aliorum
3511 5082 3691 5139 unde-

2053 5177 2186 5216 CIII].

2124 5255 2186 5303 In
2219 5247 2573 5314 Nicomedia,
2604 5248 2891 5305 Timothei
2915 5257 2970 5307 et
2990 5254 3335 5329 Theogenis.

2124 5334 2418 5407 Pentapoli
2475 5336 2655 5406 Lybiae
2695 5338 3012 5408 superioris
3061 5346 3255 5415 passio
3315 5347 3373 5403 S.
3407 5345 3696 5403 Theodori
