  <div class='ocr_page' id='page_1' title='image "/cluster/home/n/w/nwhite01/storage/ocr_20150623/131/hvd.32044054759923/541.png"; bbox 0 0 4012 6198; ppageno 0'>
   <div class='ocr_carea' id='block_1_1' title="bbox 443 369 597 430">
    <p class='ocr_par' dir='ltr' id='par_1_1' title="bbox 443 369 597 430">
     <span class='ocr_line' id='line_1_1' title="bbox 443 369 597 430; baseline 0 -2"><span class='ocrx_word' id='word_1_1' title='bbox 443 369 597 430; x_wconf 77' lang='grc'>1067</span> 
     </span>
    </p>
   </div>
   <div class='ocr_carea' id='block_1_2' title="bbox 1296 330 2957 429">
    <p class='ocr_par' dir='ltr' id='par_1_2' title="bbox 1296 330 2957 429">
     <span class='ocr_line' id='line_1_2' title="bbox 1296 330 2957 429; baseline -0.002 -1"><span class='ocrx_word' id='word_1_2' title='bbox 1296 351 1390 428; x_wconf 79' lang='grc' dir='ltr'>Β.</span> <span class='ocrx_word' id='word_1_3' title='bbox 1439 365 1786 429; x_wconf 79' lang='lat' dir='ltr'>NOTKERI</span> <span class='ocrx_word' id='word_1_4' title='bbox 1830 330 2284 427; x_wconf 44' lang='lat' dir='ltr'>BALBULl/S.</span> <span class='ocrx_word' id='word_1_5' title='bbox 2333 365 2560 426; x_wconf 85' lang='lat' dir='ltr'><strong>GALLI</strong></span> <span class='ocrx_word' id='word_1_6' title='bbox 2604 364 2957 427; x_wconf 85' lang='lat' dir='ltr'>MONACHI</span> 
     </span>
    </p>
   </div>
   <div class='ocr_carea' id='block_1_3' title="bbox 3674 361 3818 425">
    <p class='ocr_par' dir='ltr' id='par_1_3' title="bbox 3674 361 3818 425">
     <span class='ocr_line' id='line_1_3' title="bbox 3674 361 3818 425; baseline 0.021 -3"><span class='ocrx_word' id='word_1_7' title='bbox 3674 361 3818 425; x_wconf 74' lang='grc'>1068</span> 
     </span>
    </p>
   </div>
   <div class='ocr_carea' id='block_1_4' title="bbox 511 492 3815 573">
    <p class='ocr_par' dir='ltr' id='par_1_4' title="bbox 511 492 3815 573">
     <span class='ocr_line' id='line_1_4' title="bbox 511 492 3815 573; baseline -0.002 -17"><span class='ocrx_word' id='word_1_8' title='bbox 511 500 868 558; x_wconf 89' lang='lat' dir='ltr'>Caucoliberi</span> <span class='ocrx_word' id='word_1_9' title='bbox 898 501 1190 573; x_wconf 69' lang='lat' dir='ltr'>Hispania:</span> <span class='ocrx_word' id='word_1_10' title='bbox 1223 500 1496 557; x_wconf 89' lang='lat' dir='ltr'>nativitas</span> <span class='ocrx_word' id='word_1_11' title='bbox 1525 499 1895 557; x_wconf 91' lang='lat' dir='ltr'>S.Vincentii</span> <span class='ocrx_word' id='word_1_12' title='bbox 1926 516 2086 554; x_wconf 89' lang='lat' dir='ltr'>mar-</span> <span class='ocrx_word' id='word_1_13' title='bbox 2115 500 2169 567; x_wconf 83' lang='lat' dir='ltr'><strong>A</strong></span> <span class='ocrx_word' id='word_1_14' title='bbox 2201 503 2369 554; x_wconf 89' lang='lat' dir='ltr'>erant</span> <span class='ocrx_word' id='word_1_15' title='bbox 2398 498 2740 571; x_wconf 79' lang='lat' dir='ltr'>presbyteri,</span> <span class='ocrx_word' id='word_1_16' title='bbox 2765 498 2862 554; x_wconf 84' lang='lat' dir='ltr'>alii</span> <span class='ocrx_word' id='word_1_17' title='bbox 2883 498 3245 553; x_wconf 90' lang='lat' dir='ltr'>diversorum</span> <span class='ocrx_word' id='word_1_18' title='bbox 3284 494 3565 551; x_wconf 88' lang='lat' dir='ltr'>ordinum</span> <span class='ocrx_word' id='word_1_19' title='bbox 3625 492 3815 567; x_wconf 66' lang='lat' dir='ltr'>clerici,</span> 
     </span>
    </p>
   </div>
   <div class='ocr_carea' id='block_1_5' title="bbox 440 590 607 664">
    <p class='ocr_par' dir='ltr' id='par_1_5' title="bbox 440 590 607 664">
     <span class='ocr_line' id='line_1_5' title="bbox 440 590 607 664; baseline -0.006 -18"><span class='ocrx_word' id='word_1_20' title='bbox 440 590 607 664; x_wconf 88' lang='lat' dir='ltr'>tyris.</span> 
     </span>
    </p>
   </div>
   <div class='ocr_carea' id='block_1_6' title="bbox 510 695 2084 768">
    <p class='ocr_par' dir='ltr' id='par_1_6' title="bbox 510 695 2084 768">
     <span class='ocr_line' id='line_1_6' title="bbox 510 695 2084 768; baseline -0.003 -15"><span class='ocrx_word' id='word_1_21' title='bbox 510 698 609 753; x_wconf 87' lang='lat' dir='ltr'>XII</span> <span class='ocrx_word' id='word_1_22' title='bbox 637 698 773 752; x_wconf 79' lang='lat' dir='ltr'>KAL.</span> <span class='ocrx_word' id='word_1_23' title='bbox 794 697 948 753; x_wconf 68' lang='lat' dir='ltr'>Man.</span> <span class='ocrx_word' id='word_1_24' title='bbox 980 727 1049 737; x_wconf 88' lang='lat'>-—-</span> <span class='ocrx_word' id='word_1_25' title='bbox 1080 697 1295 763; x_wconf 66' lang='lat' dir='ltr'>Romae,</span> <span class='ocrx_word' id='word_1_26' title='bbox 1325 698 1382 751; x_wconf 89' lang='lat' dir='ltr'>S.</span> <span class='ocrx_word' id='word_1_27' title='bbox 1418 695 1666 751; x_wconf 81' lang='lat' dir='ltr'>Victoris</span> <span class='ocrx_word' id='word_1_28' title='bbox 1696 695 2084 768; x_wconf 90' lang='lat' dir='ltr'>episcopi,qui</span> 
     </span>
    </p>
   </div>
   <div class='ocr_carea' id='block_1_7' title="bbox 437 784 2088 858">
    <p class='ocr_par' dir='ltr' id='par_1_7' title="bbox 437 784 2088 858">
     <span class='ocr_line' id='line_1_7' title="bbox 437 784 2088 858; baseline -0.002 -16"><span class='ocrx_word' id='word_1_29' title='bbox 437 787 649 842; x_wconf 89' lang='lat' dir='ltr'>tertius</span> <span class='ocrx_word' id='word_1_30' title='bbox 682 785 944 842; x_wconf 91' lang='lat' dir='ltr'>decimus</span> <span class='ocrx_word' id='word_1_31' title='bbox 973 792 1108 858; x_wconf 83' lang='lat' dir='ltr'>post</span> <span class='ocrx_word' id='word_1_32' title='bbox 1136 786 1371 842; x_wconf 89' lang='lat' dir='ltr'>beatum</span> <span class='ocrx_word' id='word_1_33' title='bbox 1400 790 1634 840; x_wconf 89' lang='lat' dir='ltr'>Petrum</span> <span class='ocrx_word' id='word_1_34' title='bbox 1694 785 1839 839; x_wconf 80' lang='lat' dir='ltr'>rexit</span> <span class='ocrx_word' id='word_1_35' title='bbox 1898 784 2088 839; x_wconf 88' lang='lat' dir='ltr'>Eccle-</span> 
     </span>
    </p>
   </div>
   <div class='ocr_carea' id='block_1_8' title="bbox 439 872 2085 945">
    <p class='ocr_par' dir='ltr' id='par_1_8' title="bbox 439 872 2085 945">
     <span class='ocr_line' id='line_1_8' title="bbox 439 872 2085 945; baseline -0.003 -14"><span class='ocrx_word' id='word_1_36' title='bbox 439 875 587 932; x_wconf 89' lang='lat' dir='ltr'>siam</span> <span class='ocrx_word' id='word_1_37' title='bbox 618 891 804 929; x_wconf 87' lang='lat' dir='ltr'>annos</span> <span class='ocrx_word' id='word_1_38' title='bbox 835 874 1057 941; x_wconf 86' lang='lat' dir='ltr'>decem,</span> <span class='ocrx_word' id='word_1_39' title='bbox 1086 880 1143 930; x_wconf 91' lang='lat' dir='ltr'>et</span> <span class='ocrx_word' id='word_1_40' title='bbox 1174 876 1282 930; x_wconf 86' lang='lat' dir='ltr'>sub</span> <span class='ocrx_word' id='word_1_41' title='bbox 1310 879 1516 929; x_wconf 88' lang='lat' dir='ltr'>Severo</span> <span class='ocrx_word' id='word_1_42' title='bbox 1530 872 2085 945; x_wconf 89' lang='lat' dir='ltr'>principemartyrio</span> 
     </span>
    </p>
   </div>
   <div class='ocr_carea' id='block_1_9' title="bbox 440 961 2086 1019">
    <p class='ocr_par' dir='ltr' id='par_1_9' title="bbox 440 961 2086 1019">
     <span class='ocr_line' id='line_1_9' title="bbox 440 961 2086 1019; baseline -0.003 0"><span class='ocrx_word' id='word_1_43' title='bbox 440 966 751 1019; x_wconf 88' lang='lat' dir='ltr'>coronatus</span> <span class='ocrx_word' id='word_1_44' title='bbox 777 968 885 1019; x_wconf 90' lang='lat' dir='ltr'>est.</span> <span class='ocrx_word' id='word_1_45' title='bbox 914 963 1017 1019; x_wconf 89' lang='lat' dir='ltr'>Hic</span> <span class='ocrx_word' id='word_1_46' title='bbox 1047 963 1347 1018; x_wconf 83' lang='lat' dir='ltr'>constituit</span> <span class='ocrx_word' id='word_1_47' title='bbox 1371 967 1435 1017; x_wconf 91' lang='lat' dir='ltr'>ut</span> <span class='ocrx_word' id='word_1_48' title='bbox 1463 968 1732 1017; x_wconf 88' lang='lat' dir='ltr'>sanctum</span> <span class='ocrx_word' id='word_1_49' title='bbox 1764 962 1978 1016; x_wconf 82' lang='lat' dir='ltr'>Pascha</span> <span class='ocrx_word' id='word_1_50' title='bbox 1994 961 2086 1015; x_wconf 91' lang='lat' dir='ltr'>die</span> 
     </span>
    </p>
   </div>
   <div class='ocr_carea' id='block_1_10' title="bbox 439 1049 2088 1122">
    <p class='ocr_par' dir='ltr' id='par_1_10' title="bbox 439 1049 2088 1122">
     <span class='ocr_line' id='line_1_10' title="bbox 439 1049 2088 1122; baseline -0.002 -14"><span class='ocrx_word' id='word_1_51' title='bbox 439 1052 743 1108; x_wconf 90' lang='lat' dir='ltr'>Dominico</span> <span class='ocrx_word' id='word_1_52' title='bbox 775 1051 1186 1117; x_wconf 78' lang='lat' dir='ltr'>celebraretur,</span> <span class='ocrx_word' id='word_1_53' title='bbox 1247 1056 1304 1107; x_wconf 92' lang='lat' dir='ltr'>et</span> <span class='ocrx_word' id='word_1_54' title='bbox 1334 1069 1367 1106; x_wconf 90' lang='lat' dir='ltr'>a</span> <span class='ocrx_word' id='word_1_55' title='bbox 1395 1051 1601 1122; x_wconf 89' lang='lat' dir='ltr'>quinta</span> <span class='ocrx_word' id='word_1_56' title='bbox 1661 1051 1888 1105; x_wconf 89' lang='lat' dir='ltr'>decima</span> <span class='ocrx_word' id='word_1_57' title='bbox 1942 1049 2088 1105; x_wconf 89' lang='lat' dir='ltr'>luna</span> 
     </span>
    </p>
   </div>
   <div class='ocr_carea' id='block_1_11' title="bbox 439 1140 2084 1215">
    <p class='ocr_par' dir='ltr' id='par_1_11' title="bbox 439 1140 2084 1215">
     <span class='ocr_line' id='line_1_11' title="bbox 439 1140 2084 1215; baseline -0.002 -19"><span class='ocrx_word' id='word_1_58' title='bbox 439 1141 617 1214; x_wconf 88' lang='lat' dir='ltr'>primi</span> <span class='ocrx_word' id='word_1_59' title='bbox 648 1141 869 1215; x_wconf 80' lang='lat' dir='ltr'>mensis</span> <span class='ocrx_word' id='word_1_60' title='bbox 900 1158 1086 1213; x_wconf 88' lang='lat' dir='ltr'>usque</span> <span class='ocrx_word' id='word_1_61' title='bbox 1111 1142 1170 1197; x_wconf 92' lang='lat' dir='ltr'>in</span> <span class='ocrx_word' id='word_1_62' title='bbox 1184 1140 1522 1196; x_wconf 88' lang='lat' dir='ltr'>vicesimam</span> <span class='ocrx_word' id='word_1_63' title='bbox 1553 1140 1799 1210; x_wconf 85' lang='lat' dir='ltr'>primam</span> <span class='ocrx_word' id='word_1_64' title='bbox 1816 1140 2084 1195; x_wconf 86' lang='lat' dir='ltr'>observa-</span> 
     </span>
    </p>
   </div>
   <div class='ocr_carea' id='block_1_12' title="bbox 428 1216 2086 1300">
    <p class='ocr_par' dir='ltr' id='par_1_12' title="bbox 428 1216 2086 1300">
     <span class='ocr_line' id='line_1_12' title="bbox 428 1216 2086 1300; baseline -0.002 -14"><span class='ocrx_word' id='word_1_65' title='bbox 428 1216 621 1286; x_wconf 51' lang='lat' dir='ltr'>&#39;retur.</span> <span class='ocrx_word' id='word_1_66' title='bbox 654 1230 817 1294; x_wconf 87' lang='lat' dir='ltr'>Quod</span> <span class='ocrx_word' id='word_1_67' title='bbox 848 1235 1089 1286; x_wconf 90' lang='lat' dir='ltr'>eatenus</span> <span class='ocrx_word' id='word_1_68' title='bbox 1119 1234 1281 1285; x_wconf 87' lang='lat' dir='ltr'>sexta</span> <span class='ocrx_word' id='word_1_69' title='bbox 1312 1228 1404 1284; x_wconf 91' lang='lat' dir='ltr'>die</span> <span class='ocrx_word' id='word_1_70' title='bbox 1435 1228 1559 1283; x_wconf 90' lang='lat' dir='ltr'>Kal.</span> <span class='ocrx_word' id='word_1_71' title='bbox 1595 1228 1812 1300; x_wconf 86' lang='lat' dir='ltr'>Aprilis</span> <span class='ocrx_word' id='word_1_72' title='bbox 1864 1229 2086 1298; x_wconf 83' lang='lat' dir='ltr'>absque</span> 
     </span>
    </p>
   </div>
   <div class='ocr_carea' id='block_1_13' title="bbox 441 1302 2085 1376">
    <p class='ocr_par' dir='ltr' id='par_1_13' title="bbox 441 1302 2085 1376">
     <span class='ocr_line' id='line_1_13' title="bbox 441 1302 2085 1376; baseline -0.003 0"><span class='ocrx_word' id='word_1_73' title='bbox 441 1319 620 1376; x_wconf 87' lang='lat' dir='ltr'>ullius</span> <span class='ocrx_word' id='word_1_74' title='bbox 651 1319 765 1376; x_wconf 90' lang='lat' dir='ltr'>diei</span> <span class='ocrx_word' id='word_1_75' title='bbox 795 1319 1142 1375; x_wconf 84' lang='lat' dir='ltr'>discretione</span> <span class='ocrx_word' id='word_1_76' title='bbox 1170 1318 1259 1375; x_wconf 89' lang='lat' dir='ltr'>vel</span> <span class='ocrx_word' id='word_1_77' title='bbox 1284 1318 1435 1373; x_wconf 76' lang='lat' dir='ltr'>lunze</span> <span class='ocrx_word' id='word_1_78' title='bbox 1485 1302 1884 1373; x_wconf 84' lang='lat' dir='ltr'>observatione</span> <span class='ocrx_word' id='word_1_79' title='bbox 1938 1316 2085 1371; x_wconf 89' lang='lat' dir='ltr'>cele-</span> 
     </span>
    </p>
   </div>
   <div class='ocr_carea' id='block_1_14' title="bbox 440 1407 2082 1477">
    <p class='ocr_par' dir='ltr' id='par_1_14' title="bbox 440 1407 2082 1477">
     <span class='ocr_line' id='line_1_14' title="bbox 440 1407 2082 1477; baseline -0.003 -13"><span class='ocrx_word' id='word_1_80' title='bbox 440 1408 673 1465; x_wconf 86' lang='lat' dir='ltr'>bratum</span> <span class='ocrx_word' id='word_1_81' title='bbox 703 1413 811 1464; x_wconf 91' lang='lat' dir='ltr'>est.</span> <span class='ocrx_word' id='word_1_82' title='bbox 844 1408 915 1462; x_wconf 87' lang='lat' dir='ltr'>Et</span> <span class='ocrx_word' id='word_1_83' title='bbox 944 1407 1246 1463; x_wconf 78' lang='lat' dir='ltr'>constituit</span> <span class='ocrx_word' id='word_1_84' title='bbox 1293 1411 1376 1477; x_wconf 92' lang='lat' dir='ltr'>ut,</span> <span class='ocrx_word' id='word_1_85' title='bbox 1437 1407 1779 1463; x_wconf 88' lang='lat' dir='ltr'>necessitate</span> <span class='ocrx_word' id='word_1_86' title='bbox 1822 1410 2082 1477; x_wconf 83' lang='lat' dir='ltr'>cogente,</span> 
     </span>
    </p>
   </div>
   <div class='ocr_carea' id='block_1_15' title="bbox 438 1495 2085 1566">
    <p class='ocr_par' dir='ltr' id='par_1_15' title="bbox 438 1495 2085 1566">
     <span class='ocr_line' id='line_1_15' title="bbox 438 1495 2085 1566; baseline -0.002 -13"><span class='ocrx_word' id='word_1_87' title='bbox 438 1497 560 1553; x_wconf 88' lang='lat' dir='ltr'>sive</span> <span class='ocrx_word' id='word_1_88' title='bbox 588 1498 648 1552; x_wconf 93' lang='lat' dir='ltr'>in</span> <span class='ocrx_word' id='word_1_89' title='bbox 678 1495 919 1551; x_wconf 87' lang='lat' dir='ltr'>ﬂumine</span> <span class='ocrx_word' id='word_1_90' title='bbox 949 1497 1069 1552; x_wconf 87' lang='lat' dir='ltr'>sive</span> <span class='ocrx_word' id='word_1_91' title='bbox 1098 1496 1156 1550; x_wconf 91' lang='lat' dir='ltr'>in</span> <span class='ocrx_word' id='word_1_92' title='bbox 1191 1496 1358 1566; x_wconf 88' lang='lat' dir='ltr'>mari,</span> <span class='ocrx_word' id='word_1_93' title='bbox 1392 1497 1511 1551; x_wconf 87' lang='lat' dir='ltr'>sive</span> <span class='ocrx_word' id='word_1_94' title='bbox 1541 1496 1598 1550; x_wconf 93' lang='lat' dir='ltr'>in</span> <span class='ocrx_word' id='word_1_95' title='bbox 1658 1495 1916 1550; x_wconf 81' lang='lat' dir='ltr'>fontibus</span> <span class='ocrx_word' id='word_1_96' title='bbox 1976 1495 2085 1549; x_wconf 90' lang='lat' dir='ltr'>sub</span> 
     </span>
    </p>
   </div>
   <div class='ocr_carea' id='block_1_16' title="bbox 440 1584 2086 1657">
    <p class='ocr_par' dir='ltr' id='par_1_16' title="bbox 440 1584 2086 1657">
     <span class='ocr_line' id='line_1_16' title="bbox 440 1584 2086 1657; baseline -0.002 -15"><span class='ocrx_word' id='word_1_97' title='bbox 440 1585 770 1643; x_wconf 89' lang='lat' dir='ltr'>Christiana</span> <span class='ocrx_word' id='word_1_98' title='bbox 798 1584 1818 1657; x_wconf 88' lang='lat' dir='ltr'>confessione,quicunquehomines</span> <span class='ocrx_word' id='word_1_99' title='bbox 1851 1601 1918 1638; x_wconf 86' lang='lat' dir='ltr'>ex</span> <span class='ocrx_word' id='word_1_100' title='bbox 1947 1600 2086 1655; x_wconf 86' lang='lat' dir='ltr'>gen-</span> 
     </span>
    </p>
   </div>
   <div class='ocr_carea' id='block_1_17' title="bbox 439 1674 1467 1746">
    <p class='ocr_par' dir='ltr' id='par_1_17' title="bbox 439 1674 1467 1746">
     <span class='ocr_line' id='line_1_17' title="bbox 439 1674 1467 1746; baseline -0.001 -16"><span class='ocrx_word' id='word_1_101' title='bbox 439 1674 646 1731; x_wconf 88' lang='lat' dir='ltr'>tilibus</span> <span class='ocrx_word' id='word_1_102' title='bbox 675 1674 976 1730; x_wconf 85' lang='lat' dir='ltr'>venientes</span> <span class='ocrx_word' id='word_1_103' title='bbox 1008 1674 1467 1746; x_wconf 86' lang='lat' dir='ltr'>baptizarentur.</span> 
     </span>
    </p>
   </div>
   <div class='ocr_carea' id='block_1_18' title="bbox 509 1763 2085 1835">
    <p class='ocr_par' dir='ltr' id='par_1_18' title="bbox 509 1763 2085 1835">
     <span class='ocr_line' id='line_1_18' title="bbox 509 1763 2085 1835; baseline -0.001 -17"><span class='ocrx_word' id='word_1_104' title='bbox 509 1763 653 1818; x_wconf 87' lang='lat' dir='ltr'>Item</span> <span class='ocrx_word' id='word_1_105' title='bbox 666 1763 1225 1831; x_wconf 67' lang='lat' dir='ltr'>Romae,sanctorum</span> <span class='ocrx_word' id='word_1_106' title='bbox 1247 1769 1572 1835; x_wconf 82' lang='lat' dir='ltr'>martyrum</span> <span class='ocrx_word' id='word_1_107' title='bbox 1613 1763 1844 1835; x_wconf 88' lang='lat' dir='ltr'>Sulpitii</span> <span class='ocrx_word' id='word_1_108' title='bbox 1876 1769 1934 1818; x_wconf 88' lang='lat' dir='ltr'>et</span> <span class='ocrx_word' id='word_1_109' title='bbox 1958 1768 2085 1817; x_wconf 86' lang='lat' dir='ltr'>Ser-</span> 
     </span>
    </p>
   </div>
   <div class='ocr_carea' id='block_1_19' title="bbox 437 1849 2165 1940">
    <p class='ocr_par' dir='ltr' id='par_1_19' title="bbox 437 1849 2165 1940">
     <span class='ocr_line' id='line_1_19' title="bbox 437 1849 2165 1940; baseline 0 -35"><span class='ocrx_word' id='word_1_110' title='bbox 437 1849 798 1940; x_wconf 41' lang='lat' dir='ltr'>wliani,u()ui</span> <span class='ocrx_word' id='word_1_111' title='bbox 831 1849 1240 1940; x_wconf 51' lang='lat' dir='ltr'>praedicatione</span> <span class='ocrx_word' id='word_1_112' title='bbox 1260 1849 1646 1940; x_wconf 87' lang='lat' dir='ltr'>etmiraculis</span> <span class='ocrx_word' id='word_1_113' title='bbox 1677 1852 1857 1907; x_wconf 70' lang='lat' dir='ltr'>beatm</span> <span class='ocrx_word' id='word_1_114' title='bbox 1889 1852 2088 1906; x_wconf 70' lang='lat' dir='ltr'>Flaviae</span> <span class='ocrx_word' id='word_1_115' title='bbox 2119 1877 2165 1940; x_wconf 82' lang='lat' dir='ltr'><strong>B</strong></span> 
     </span>
    </p>
   </div>
   <div class='ocr_carea' id='block_1_20' title="bbox 444 1936 2085 2011">
    <p class='ocr_par' dir='ltr' id='par_1_20' title="bbox 444 1936 2085 2011">
     <span class='ocr_line' id='line_1_20' title="bbox 444 1936 2085 2011; baseline 0.002 -18"><span class='ocrx_word' id='word_1_116' title='bbox 444 1936 755 1994; x_wconf 66' lang='lat' dir='ltr'>Domitillae</span> <span class='ocrx_word' id='word_1_117' title='bbox 793 1940 866 1994; x_wconf 91' lang='lat' dir='ltr'>ad</span> <span class='ocrx_word' id='word_1_118' title='bbox 911 1939 1088 1995; x_wconf 86' lang='lat' dir='ltr'>ﬁdem</span> <span class='ocrx_word' id='word_1_119' title='bbox 1138 1939 1352 1995; x_wconf 86' lang='lat' dir='ltr'>Christi</span> <span class='ocrx_word' id='word_1_120' title='bbox 1384 1940 1667 2005; x_wconf 88' lang='lat' dir='ltr'>conversi,</span> <span class='ocrx_word' id='word_1_121' title='bbox 1728 1958 1855 2011; x_wconf 64' lang='lat' dir='ltr'>quas</span> <span class='ocrx_word' id='word_1_122' title='bbox 1909 1939 2085 1996; x_wconf 88' lang='lat' dir='ltr'>etiam</span> 
     </span>
    </p>
   </div>
   <div class='ocr_carea' id='block_1_21' title="bbox 441 2027 2086 2101">
    <p class='ocr_par' dir='ltr' id='par_1_21' title="bbox 441 2027 2086 2101">
     <span class='ocr_line' id='line_1_21' title="bbox 441 2027 2086 2101; baseline 0.001 -18"><span class='ocrx_word' id='word_1_123' title='bbox 441 2044 690 2099; x_wconf 89' lang='lat' dir='ltr'>sponsas</span> <span class='ocrx_word' id='word_1_124' title='bbox 727 2043 929 2083; x_wconf 92' lang='lat' dir='ltr'>eorum</span> <span class='ocrx_word' id='word_1_125' title='bbox 988 2027 1359 2083; x_wconf 88' lang='lat' dir='ltr'>Theodorum</span> <span class='ocrx_word' id='word_1_126' title='bbox 1416 2033 1472 2084; x_wconf 91' lang='lat' dir='ltr'>et</span> <span class='ocrx_word' id='word_1_127' title='bbox 1519 2028 1963 2101; x_wconf 87' lang='lat' dir='ltr'>Euphrosynam</span> <span class='ocrx_word' id='word_1_128' title='bbox 2014 2031 2086 2084; x_wconf 89' lang='lat' dir='ltr'>ad</span> 
     </span>
    </p>
   </div>
   <div class='ocr_carea' id='block_1_22' title="bbox 442 2116 2084 2190">
    <p class='ocr_par' dir='ltr' id='par_1_22' title="bbox 442 2116 2084 2190">
     <span class='ocr_line' id='line_1_22' title="bbox 442 2116 2084 2190; baseline -0.001 -17"><span class='ocrx_word' id='word_1_129' title='bbox 442 2134 607 2189; x_wconf 87' lang='lat' dir='ltr'>spem</span> <span class='ocrx_word' id='word_1_130' title='bbox 636 2116 764 2173; x_wconf 67' lang='lat' dir='ltr'>vitae</span> <span class='ocrx_word' id='word_1_131' title='bbox 796 2122 1021 2172; x_wconf 56' lang='lat' dir='ltr'>externae</span> <span class='ocrx_word' id='word_1_132' title='bbox 1052 2120 1109 2172; x_wconf 92' lang='lat' dir='ltr'>et</span> <span class='ocrx_word' id='word_1_133' title='bbox 1134 2117 1628 2189; x_wconf 87' lang='lat' dir='ltr'>perseverantiam</span> <span class='ocrx_word' id='word_1_134' title='bbox 1664 2125 1877 2174; x_wconf 70' lang='lat' dir='ltr'>sanctae</span> <span class='ocrx_word' id='word_1_135' title='bbox 1909 2119 2084 2190; x_wconf 85' lang='lat' dir='ltr'>virgi-</span> 
     </span>
    </p>
   </div>
   <div class='ocr_carea' id='block_1_23' title="bbox 445 2205 2083 2278">
    <p class='ocr_par' dir='ltr' id='par_1_23' title="bbox 445 2205 2083 2278">
     <span class='ocr_line' id='line_1_23' title="bbox 445 2205 2083 2278; baseline 0.001 -16"><span class='ocrx_word' id='word_1_136' title='bbox 445 2205 890 2263; x_wconf 87' lang='lat' dir='ltr'>nitatislusrata</span> <span class='ocrx_word' id='word_1_137' title='bbox 928 2205 1134 2274; x_wconf 83' lang='lat' dir='ltr'>fuerat,</span> <span class='ocrx_word' id='word_1_138' title='bbox 1178 2206 1578 2277; x_wconf 82' lang='lat' dir='ltr'>persecutione</span> <span class='ocrx_word' id='word_1_139' title='bbox 1633 2208 1892 2278; x_wconf 87' lang='lat' dir='ltr'>Trajani,</span> <span class='ocrx_word' id='word_1_140' title='bbox 1952 2226 2083 2263; x_wconf 88' lang='lat' dir='ltr'>cum</span> 
     </span>
    </p>
   </div>
   <div class='ocr_carea' id='block_1_24' title="bbox 443 2293 2086 2366">
    <p class='ocr_par' dir='ltr' id='par_1_24' title="bbox 443 2293 2086 2366">
     <span class='ocr_line' id='line_1_24' title="bbox 443 2293 2086 2366; baseline 0 -14"><span class='ocrx_word' id='word_1_141' title='bbox 443 2294 666 2352; x_wconf 86' lang='lat' dir='ltr'>nollent</span> <span class='ocrx_word' id='word_1_142' title='bbox 693 2293 866 2351; x_wconf 86' lang='lat' dir='ltr'>idolis</span> <span class='ocrx_word' id='word_1_143' title='bbox 904 2293 1229 2365; x_wconf 84' lang='lat' dir='ltr'>immolare,</span> <span class='ocrx_word' id='word_1_144' title='bbox 1263 2312 1297 2349; x_wconf 90' lang='lat' dir='ltr'>a</span> <span class='ocrx_word' id='word_1_145' title='bbox 1326 2296 1590 2366; x_wconf 68' lang='lat' dir='ltr'>praefecto</span> <span class='ocrx_word' id='word_1_146' title='bbox 1639 2294 1810 2351; x_wconf 59' lang='lat' dir='ltr'>Urb‘is</span> <span class='ocrx_word' id='word_1_147' title='bbox 1863 2296 2086 2353; x_wconf 85' lang='lat' dir='ltr'>Aniano</span> 
     </span>
    </p>
   </div>
   <div class='ocr_carea' id='block_1_25' title="bbox 445 2383 2149 2457">
    <p class='ocr_par' dir='ltr' id='par_1_25' title="bbox 445 2383 2149 2457">
     <span class='ocr_line' id='line_1_25' title="bbox 445 2383 2149 2457; baseline 0 -16"><span class='ocrx_word' id='word_1_148' title='bbox 445 2384 632 2457; x_wconf 84' lang='lat' dir='ltr'>capite</span> <span class='ocrx_word' id='word_1_149' title='bbox 665 2383 796 2440; x_wconf 67' lang='lat' dir='ltr'>caesi</span> <span class='ocrx_word' id='word_1_150' title='bbox 818 2384 1251 2447; x_wconf 87' lang='lat' dir='ltr'>sunt.Quorum</span> <span class='ocrx_word' id='word_1_151' title='bbox 1266 2399 1508 2456; x_wconf 90' lang='lat' dir='ltr'>corpora</span> <span class='ocrx_word' id='word_1_152' title='bbox 1527 2385 1842 2440; x_wconf 75' lang='lat' dir='ltr'>Christiani</span> <span class='ocrx_word' id='word_1_153' title='bbox 1868 2386 2090 2457; x_wconf 89' lang='lat' dir='ltr'>rapien-</span> <span class='ocrx_word' id='word_1_154' title='bbox 2144 2426 2149 2431; x_wconf 82' lang='grc'><strong>-</strong></span> 
     </span>
    </p>
   </div>
   <div class='ocr_carea' id='block_1_26' title="bbox 443 2468 2090 2546">
    <p class='ocr_par' dir='ltr' id='par_1_26' title="bbox 443 2468 2090 2546">
     <span class='ocr_line' id='line_1_26' title="bbox 443 2468 2090 2546; baseline 0 -16"><span class='ocrx_word' id='word_1_155' title='bbox 443 2478 553 2542; x_wconf 87' lang='lat' dir='ltr'>tes,</span> <span class='ocrx_word' id='word_1_156' title='bbox 588 2477 909 2546; x_wconf 89' lang='lat' dir='ltr'>posuerunt</span> <span class='ocrx_word' id='word_1_157' title='bbox 937 2472 995 2528; x_wconf 92' lang='lat' dir='ltr'>in</span> <span class='ocrx_word' id='word_1_158' title='bbox 1029 2472 1242 2544; x_wconf 68' lang='lat' dir='ltr'>praedio</span> <span class='ocrx_word' id='word_1_159' title='bbox 1276 2490 1499 2540; x_wconf 89' lang='lat' dir='ltr'>eorum,</span> <span class='ocrx_word' id='word_1_160' title='bbox 1532 2468 1626 2530; x_wconf 73' lang='lat' dir='ltr'>via</span> <span class='ocrx_word' id='word_1_161' title='bbox 1684 2474 1905 2545; x_wconf 86' lang='lat' dir='ltr'>Latina,</span> <span class='ocrx_word' id='word_1_162' title='bbox 1966 2475 2090 2530; x_wconf 92' lang='lat' dir='ltr'>mil-</span> 
     </span>
    </p>
   </div>
   <div class='ocr_carea' id='block_1_27' title="bbox 444 2561 913 2618">
    <p class='ocr_par' dir='ltr' id='par_1_27' title="bbox 444 2561 913 2618">
     <span class='ocr_line' id='line_1_27' title="bbox 444 2561 913 2618; baseline 0.002 -2"><span class='ocrx_word' id='word_1_163' title='bbox 444 2561 614 2617; x_wconf 90' lang='lat' dir='ltr'>liario</span> <span class='ocrx_word' id='word_1_164' title='bbox 637 2562 913 2618; x_wconf 91' lang='lat' dir='ltr'>secundo.</span> 
     </span>
    </p>
   </div>
   <div class='ocr_carea' id='block_1_28' title="bbox 516 2649 2091 2724">
    <p class='ocr_par' dir='ltr' id='par_1_28' title="bbox 516 2649 2091 2724">
     <span class='ocr_line' id='line_1_28' title="bbox 516 2649 2091 2724; baseline 0.001 -19"><span class='ocrx_word' id='word_1_165' title='bbox 516 2649 733 2705; x_wconf 91' lang='lat' dir='ltr'>Eodem</span> <span class='ocrx_word' id='word_1_166' title='bbox 757 2651 849 2705; x_wconf 92' lang='lat' dir='ltr'>die</span> <span class='ocrx_word' id='word_1_167' title='bbox 869 2650 930 2705; x_wconf 91' lang='lat' dir='ltr'>in</span> <span class='ocrx_word' id='word_1_168' title='bbox 949 2650 1171 2718; x_wconf 88' lang='lat' dir='ltr'>Galliis,</span> <span class='ocrx_word' id='word_1_169' title='bbox 1193 2652 1423 2708; x_wconf 85' lang='lat' dir='ltr'>civitate</span> <span class='ocrx_word' id='word_1_170' title='bbox 1455 2653 2091 2724; x_wconf 83' lang='lat' dir='ltr'>Ebredunensi,nativi-</span> 
     </span>
    </p>
   </div>
   <div class='ocr_carea' id='block_1_29' title="bbox 444 2738 2091 2813">
    <p class='ocr_par' dir='ltr' id='par_1_29' title="bbox 444 2738 2091 2813">
     <span class='ocr_line' id='line_1_29' title="bbox 444 2738 2091 2813; baseline 0 -17"><span class='ocrx_word' id='word_1_171' title='bbox 444 2744 536 2796; x_wconf 89' lang='lat' dir='ltr'>tas</span> <span class='ocrx_word' id='word_1_172' title='bbox 566 2738 754 2795; x_wconf 86' lang='lat' dir='ltr'>sancti</span> <span class='ocrx_word' id='word_1_173' title='bbox 781 2738 1058 2807; x_wconf 86' lang='lat' dir='ltr'>Marcelli,</span> <span class='ocrx_word' id='word_1_174' title='bbox 1093 2740 1265 2812; x_wconf 88' lang='lat' dir='ltr'>primi</span> <span class='ocrx_word' id='word_1_175' title='bbox 1298 2741 1563 2811; x_wconf 83' lang='lat' dir='ltr'>ejusdem</span> <span class='ocrx_word' id='word_1_176' title='bbox 1591 2740 1750 2796; x_wconf 88' lang='lat' dir='ltr'>urbis</span> <span class='ocrx_word' id='word_1_177' title='bbox 1770 2741 2021 2813; x_wconf 91' lang='lat' dir='ltr'>episcopi</span> <span class='ocrx_word' id='word_1_178' title='bbox 2036 2745 2091 2797; x_wconf 91' lang='lat' dir='ltr'>et</span> 
     </span>
    </p>
   </div>
   <div class='ocr_carea' id='block_1_30' title="bbox 446 2823 2093 2899">
    <p class='ocr_par' dir='ltr' id='par_1_30' title="bbox 446 2823 2093 2899">
     <span class='ocr_line' id='line_1_30' title="bbox 446 2823 2093 2899; baseline -0.001 -12"><span class='ocrx_word' id='word_1_179' title='bbox 446 2828 823 2887; x_wconf 87' lang='lat' dir='ltr'>confessoris.</span> <span class='ocrx_word' id='word_1_180' title='bbox 859 2828 967 2893; x_wconf 90' lang='lat' dir='ltr'>Qui</span> <span class='ocrx_word' id='word_1_181' title='bbox 990 2828 1185 2884; x_wconf 88' lang='lat' dir='ltr'>divino</span> <span class='ocrx_word' id='word_1_182' title='bbox 1228 2823 1402 2899; x_wconf 84' lang='lat' dir='ltr'>jussu</span> <span class='ocrx_word' id='word_1_183' title='bbox 1450 2846 1585 2884; x_wconf 90' lang='lat' dir='ltr'>cum</span> <span class='ocrx_word' id='word_1_184' title='bbox 1643 2831 1862 2885; x_wconf 83' lang='lat' dir='ltr'>sanctis</span> <span class='ocrx_word' id='word_1_185' title='bbox 1917 2830 2093 2885; x_wconf 89' lang='lat' dir='ltr'>sociis</span> 
     </span>
    </p>
   </div>
   <div class='ocr_carea' id='block_1_31' title="bbox 446 2916 2090 2984">
    <p class='ocr_par' dir='ltr' id='par_1_31' title="bbox 446 2916 2090 2984">
     <span class='ocr_line' id='line_1_31' title="bbox 446 2916 2090 2984; baseline -0.001 -9"><span class='ocrx_word' id='word_1_186' title='bbox 446 2918 747 2975; x_wconf 88' lang='lat' dir='ltr'>Vincentio</span> <span class='ocrx_word' id='word_1_187' title='bbox 777 2920 833 2971; x_wconf 92' lang='lat' dir='ltr'>et</span> <span class='ocrx_word' id='word_1_188' title='bbox 862 2916 1104 2971; x_wconf 89' lang='lat' dir='ltr'>Domnio</span> <span class='ocrx_word' id='word_1_189' title='bbox 1151 2932 1220 2971; x_wconf 83' lang='lat' dir='ltr'>ex</span> <span class='ocrx_word' id='word_1_190' title='bbox 1248 2917 1443 2971; x_wconf 86' lang='lat' dir='ltr'>Africa</span> <span class='ocrx_word' id='word_1_191' title='bbox 1470 2918 1730 2984; x_wconf 90' lang='lat' dir='ltr'>veniens,</span> <span class='ocrx_word' id='word_1_192' title='bbox 1774 2918 2090 2973; x_wconf 83' lang='lat' dir='ltr'>maximam</span> 
     </span>
    </p>
   </div>
   <div class='ocr_carea' id='block_1_32' title="bbox 487 3003 2095 3075">
    <p class='ocr_par' dir='ltr' id='par_1_32' title="bbox 487 3003 2095 3075">
     <span class='ocr_line' id='line_1_32' title="bbox 487 3003 2095 3075; baseline 0 -14"><span class='ocrx_word' id='word_1_193' title='bbox 487 3009 673 3062; x_wconf 87' lang='lat' dir='ltr'>artem</span> <span class='ocrx_word' id='word_1_194' title='bbox 705 3003 941 3074; x_wconf 80' lang='lat' dir='ltr'>Alpium</span> <span class='ocrx_word' id='word_1_195' title='bbox 972 3003 1605 3072; x_wconf 85' lang='lat' dir='ltr'>Maritimarum,verbo</span> <span class='ocrx_word' id='word_1_196' title='bbox 1619 3010 1675 3061; x_wconf 90' lang='lat' dir='ltr'>et</span> <span class='ocrx_word' id='word_1_197' title='bbox 1694 3006 1879 3075; x_wconf 80' lang='lat' dir='ltr'>signis</span> <span class='ocrx_word' id='word_1_198' title='bbox 1914 3007 2095 3062; x_wconf 89' lang='lat' dir='ltr'>admi-</span> 
     </span>
    </p>
   </div>
   <div class='ocr_carea' id='block_1_33' title="bbox 438 3092 2092 3169">
    <p class='ocr_par' dir='ltr' id='par_1_33' title="bbox 438 3092 2092 3169">
     <span class='ocr_line' id='line_1_33' title="bbox 438 3092 2092 3169; baseline 0.002 -22"><span class='ocrx_word' id='word_1_199' title='bbox 438 3092 671 3169; x_wconf 47' lang='lat' dir='ltr'>andis,</span> <span class='ocrx_word' id='word_1_200' title='bbox 704 3092 920 3165; x_wconf 89' lang='lat' dir='ltr'>quibus</span> <span class='ocrx_word' id='word_1_201' title='bbox 953 3108 1141 3163; x_wconf 90' lang='lat' dir='ltr'>usque</span> <span class='ocrx_word' id='word_1_202' title='bbox 1162 3092 1334 3148; x_wconf 87' lang='lat' dir='ltr'>hodie</span> <span class='ocrx_word' id='word_1_203' title='bbox 1360 3092 1625 3166; x_wconf 83' lang='lat' dir='ltr'>refulget,</span> <span class='ocrx_word' id='word_1_204' title='bbox 1653 3095 1721 3149; x_wconf 89' lang='lat' dir='ltr'>ad</span> <span class='ocrx_word' id='word_1_205' title='bbox 1741 3096 1912 3150; x_wconf 80' lang='lat' dir='ltr'>tidem</span> <span class='ocrx_word' id='word_1_206' title='bbox 1931 3095 2092 3151; x_wconf 89' lang='lat' dir='ltr'>Chri-</span> 
     </span>
    </p>
   </div>
   <div class='ocr_carea' id='block_1_34' title="bbox 441 3170 2094 3287">
    <p class='ocr_par' dir='ltr' id='par_1_34' title="bbox 441 3170 2094 3287">
     <span class='ocr_line' id='line_1_34' title="bbox 441 3170 2094 3287; baseline -0.007 -36"><span class='ocrx_word' id='word_1_207' title='bbox 441 3194 516 3252; x_wconf 85' lang='lat' dir='ltr'>sti</span> <span class='ocrx_word' id='word_1_208' title='bbox 545 3170 861 3287; x_wconf 35' lang='lat' dir='ltr'>c‘aQIertit.</span> <span class='ocrx_word' id='word_1_209' title='bbox 896 3181 975 3236; x_wconf 88' lang='lat' dir='ltr'>Ita</span> <span class='ocrx_word' id='word_1_210' title='bbox 1008 3186 1071 3235; x_wconf 90' lang='lat' dir='ltr'>ut</span> <span class='ocrx_word' id='word_1_211' title='bbox 1098 3181 1510 3254; x_wconf 89' lang='lat' dir='ltr'>baptisterium</span> <span class='ocrx_word' id='word_1_212' title='bbox 1543 3184 1698 3255; x_wconf 90' lang='lat' dir='ltr'>quod</span> <span class='ocrx_word' id='word_1_213' title='bbox 1757 3184 1882 3256; x_wconf 87' lang='lat' dir='ltr'>ipse</span> <span class='ocrx_word' id='word_1_214' title='bbox 1939 3186 2094 3256; x_wconf 89' lang='lat' dir='ltr'>apud</span> 
     </span>
    </p>
   </div>
   <div class='ocr_carea' id='block_1_35' title="bbox 2194 584 3817 660">
    <p class='ocr_par' dir='ltr' id='par_1_35' title="bbox 2194 584 3817 660">
     <span class='ocr_line' id='line_1_35' title="bbox 2194 584 3817 660; baseline -0.001 -18"><span class='ocrx_word' id='word_1_215' title='bbox 2194 589 2367 660; x_wconf 84' lang='lat' dir='ltr'>longo</span> <span class='ocrx_word' id='word_1_216' title='bbox 2392 593 2651 660; x_wconf 87' lang='lat' dir='ltr'>tempore</span> <span class='ocrx_word' id='word_1_217' title='bbox 2676 591 3003 643; x_wconf 88' lang='lat' dir='ltr'>maceratus</span> <span class='ocrx_word' id='word_1_218' title='bbox 3023 591 3129 641; x_wconf 90' lang='lat' dir='ltr'>est.</span> <span class='ocrx_word' id='word_1_219' title='bbox 3155 585 3376 641; x_wconf 89' lang='lat' dir='ltr'>Deinde</span> <span class='ocrx_word' id='word_1_220' title='bbox 3414 584 3691 640; x_wconf 88' lang='lat' dir='ltr'>omnibus</span> <span class='ocrx_word' id='word_1_221' title='bbox 3708 592 3817 641; x_wconf 84' lang='lat' dir='ltr'>ante</span> 
     </span>
    </p>
   </div>
   <div class='ocr_carea' id='block_1_36' title="bbox 2196 673 3818 748">
    <p class='ocr_par' dir='ltr' id='par_1_36' title="bbox 2196 673 3818 748">
     <span class='ocr_line' id='line_1_36' title="bbox 2196 673 3818 748; baseline -0.001 -16"><span class='ocrx_word' id='word_1_222' title='bbox 2196 694 2258 733; x_wconf 91' lang='lat' dir='ltr'>se</span> <span class='ocrx_word' id='word_1_223' title='bbox 2287 677 2615 745; x_wconf 83' lang='lat' dir='ltr'>trucidatis,</span> <span class='ocrx_word' id='word_1_224' title='bbox 2643 678 2709 732; x_wconf 90' lang='lat' dir='ltr'>ad</span> <span class='ocrx_word' id='word_1_225' title='bbox 2744 683 3068 732; x_wconf 79' lang='lat' dir='ltr'>extremum</span> <span class='ocrx_word' id='word_1_226' title='bbox 3101 681 3158 731; x_wconf 88' lang='lat' dir='ltr'>et</span> <span class='ocrx_word' id='word_1_227' title='bbox 3185 673 3555 748; x_wconf 84' lang='lat' dir='ltr'>ipselictoris</span> <span class='ocrx_word' id='word_1_228' title='bbox 3579 673 3692 729; x_wconf 89' lang='lat' dir='ltr'>ictu</span> <span class='ocrx_word' id='word_1_229' title='bbox 3712 692 3818 747; x_wconf 84' lang='lat' dir='ltr'>per-</span> 
     </span>
    </p>
   </div>
   <div class='ocr_carea' id='block_1_37' title="bbox 2196 763 3817 839">
    <p class='ocr_par' dir='ltr' id='par_1_37' title="bbox 2196 763 3817 839">
     <span class='ocr_line' id='line_1_37' title="bbox 2196 763 3817 839; baseline -0.001 -17"><span class='ocrx_word' id='word_1_230' title='bbox 2196 784 2428 833; x_wconf 89' lang='lat' dir='ltr'>cussus,</span> <span class='ocrx_word' id='word_1_231' title='bbox 2455 766 2713 839; x_wconf 83' lang='lat' dir='ltr'>martyrii</span> <span class='ocrx_word' id='word_1_232' title='bbox 2740 766 2995 838; x_wconf 88' lang='lat' dir='ltr'>palmam</span> <span class='ocrx_word' id='word_1_233' title='bbox 3023 768 3331 820; x_wconf 88' lang='lat' dir='ltr'>assecutus</span> <span class='ocrx_word' id='word_1_234' title='bbox 3352 766 3462 819; x_wconf 88' lang='lat' dir='ltr'>est.</span> <span class='ocrx_word' id='word_1_235' title='bbox 3490 763 3631 817; x_wconf 85' lang='lat' dir='ltr'>Erat</span> <span class='ocrx_word' id='word_1_236' title='bbox 3653 768 3817 820; x_wconf 88' lang='lat' dir='ltr'>autem</span> 
     </span>
    </p>
   </div>
   <div class='ocr_carea' id='block_1_38' title="bbox 2196 852 3817 926">
    <p class='ocr_par' dir='ltr' id='par_1_38' title="bbox 2196 852 3817 926">
     <span class='ocr_line' id='line_1_38' title="bbox 2196 852 3817 926; baseline -0.002 -16"><span class='ocrx_word' id='word_1_237' title='bbox 2196 861 2359 910; x_wconf 82' lang='lat' dir='ltr'>sexta</span> <span class='ocrx_word' id='word_1_238' title='bbox 2392 855 2534 910; x_wconf 83' lang='lat' dir='ltr'>feria</span> <span class='ocrx_word' id='word_1_239' title='bbox 2562 856 2899 926; x_wconf 69' lang='lat' dir='ltr'>septimanae</span> <span class='ocrx_word' id='word_1_240' title='bbox 2941 854 3199 924; x_wconf 87' lang='lat' dir='ltr'>majoris,</span> <span class='ocrx_word' id='word_1_241' title='bbox 3234 853 3294 907; x_wconf 92' lang='lat' dir='ltr'>in</span> <span class='ocrx_word' id='word_1_242' title='bbox 3319 869 3437 924; x_wconf 89' lang='lat' dir='ltr'>qua</span> <span class='ocrx_word' id='word_1_243' title='bbox 3459 856 3601 907; x_wconf 87' lang='lat' dir='ltr'>ante</span> <span class='ocrx_word' id='word_1_244' title='bbox 3631 852 3817 908; x_wconf 80' lang='lat' dir='ltr'>Resur-</span> 
     </span>
    </p>
   </div>
   <div class='ocr_carea' id='block_1_39' title="bbox 2196 940 3817 1015">
    <p class='ocr_par' dir='ltr' id='par_1_39' title="bbox 2196 940 3817 1015">
     <span class='ocr_line' id='line_1_39' title="bbox 2196 940 3817 1015; baseline -0.001 -16"><span class='ocrx_word' id='word_1_245' title='bbox 2196 944 2473 1000; x_wconf 87' lang='lat' dir='ltr'>rectionis</span> <span class='ocrx_word' id='word_1_246' title='bbox 2506 944 2893 1014; x_wconf 78' lang='lat' dir='ltr'>festivitatem,</span> <span class='ocrx_word' id='word_1_247' title='bbox 2925 961 3120 999; x_wconf 89' lang='lat' dir='ltr'>annua</span> <span class='ocrx_word' id='word_1_248' title='bbox 3149 941 3442 1015; x_wconf 88' lang='lat' dir='ltr'>passionis</span> <span class='ocrx_word' id='word_1_249' title='bbox 3472 940 3688 997; x_wconf 85' lang='lat' dir='ltr'>Christi</span> <span class='ocrx_word' id='word_1_250' title='bbox 3718 959 3817 997; x_wconf 82' lang='lat' dir='ltr'>me-</span> 
     </span>
    </p>
   </div>
   <div class='ocr_carea' id='block_1_40' title="bbox 2197 1030 3815 1089">
    <p class='ocr_par' dir='ltr' id='par_1_40' title="bbox 2197 1030 3815 1089">
     <span class='ocr_line' id='line_1_40' title="bbox 2197 1030 3815 1089; baseline -0.002 -1"><span class='ocrx_word' id='word_1_251' title='bbox 2197 1034 2384 1089; x_wconf 90' lang='lat' dir='ltr'>moria</span> <span class='ocrx_word' id='word_1_252' title='bbox 2415 1034 2759 1089; x_wconf 86' lang='lat' dir='ltr'>celebratur.</span> <span class='ocrx_word' id='word_1_253' title='bbox 2790 1033 2950 1088; x_wconf 88' lang='lat' dir='ltr'>Passi</span> <span class='ocrx_word' id='word_1_254' title='bbox 2985 1037 3124 1087; x_wconf 90' lang='lat' dir='ltr'>sunt</span> <span class='ocrx_word' id='word_1_255' title='bbox 3151 1048 3287 1087; x_wconf 91' lang='lat' dir='ltr'>cum</span> <span class='ocrx_word' id='word_1_256' title='bbox 3312 1048 3379 1087; x_wconf 91' lang='lat' dir='ltr'>eo</span> <span class='ocrx_word' id='word_1_257' title='bbox 3412 1030 3599 1086; x_wconf 86' lang='lat' dir='ltr'>etiam</span> <span class='ocrx_word' id='word_1_258' title='bbox 3622 1030 3815 1086; x_wconf 78' lang='lat' dir='ltr'>Ustaza-</span> 
     </span>
    </p>
   </div>
   <div class='ocr_carea' id='block_1_41' title="bbox 2197 1119 3817 1195">
    <p class='ocr_par' dir='ltr' id='par_1_41' title="bbox 2197 1119 3817 1195">
     <span class='ocr_line' id='line_1_41' title="bbox 2197 1119 3817 1195; baseline 0 -18"><span class='ocrx_word' id='word_1_259' title='bbox 2197 1123 2287 1177; x_wconf 89' lang='lat' dir='ltr'>dis</span> <span class='ocrx_word' id='word_1_260' title='bbox 2312 1123 2592 1178; x_wconf 86' lang='lat' dir='ltr'>nutritius</span> <span class='ocrx_word' id='word_1_261' title='bbox 2617 1122 2770 1195; x_wconf 83' lang='lat' dir='ltr'>regis</span> <span class='ocrx_word' id='word_1_262' title='bbox 2796 1127 2853 1178; x_wconf 90' lang='lat' dir='ltr'>et</span> <span class='ocrx_word' id='word_1_263' title='bbox 2875 1122 3057 1191; x_wconf 86' lang='lat' dir='ltr'>major</span> <span class='ocrx_word' id='word_1_264' title='bbox 3077 1122 3244 1195; x_wconf 68' lang='lat' dir='ltr'>regiae</span> <span class='ocrx_word' id='word_1_265' title='bbox 3268 1121 3585 1187; x_wconf 86' lang='lat' dir='ltr'>domus,et</span> <span class='ocrx_word' id='word_1_266' title='bbox 3617 1119 3817 1177; x_wconf 78' lang='lat' dir='ltr'>Abdella</span> 
     </span>
    </p>
   </div>
   <div class='ocr_carea' id='block_1_42' title="bbox 2196 1208 3812 1283">
    <p class='ocr_par' dir='ltr' id='par_1_42' title="bbox 2196 1208 3812 1283">
     <span class='ocr_line' id='line_1_42' title="bbox 2196 1208 3812 1283; baseline -0.001 -18"><span class='ocrx_word' id='word_1_267' title='bbox 2196 1216 2369 1283; x_wconf 87' lang='lat' dir='ltr'>atque</span> <span class='ocrx_word' id='word_1_268' title='bbox 2408 1212 2662 1267; x_wconf 82' lang='lat' dir='ltr'>Ananiae</span> <span class='ocrx_word' id='word_1_269' title='bbox 2693 1211 3051 1267; x_wconf 86' lang='lat' dir='ltr'>venerabiles</span> <span class='ocrx_word' id='word_1_270' title='bbox 3084 1227 3272 1277; x_wconf 87' lang='lat' dir='ltr'>senes,</span> <span class='ocrx_word' id='word_1_271' title='bbox 3305 1215 3362 1264; x_wconf 90' lang='lat' dir='ltr'>et</span> <span class='ocrx_word' id='word_1_272' title='bbox 3391 1208 3661 1264; x_wconf 86' lang='lat' dir='ltr'>Pusitins</span> <span class='ocrx_word' id='word_1_273' title='bbox 3689 1210 3812 1282; x_wconf 82' lang='lat' dir='ltr'>prin-</span> 
     </span>
    </p>
   </div>
   <div class='ocr_carea' id='block_1_43' title="bbox 2196 1299 3809 1373">
    <p class='ocr_par' dir='ltr' id='par_1_43' title="bbox 2196 1299 3809 1373">
     <span class='ocr_line' id='line_1_43' title="bbox 2196 1299 3809 1373; baseline -0.002 -16"><span class='ocrx_word' id='word_1_274' title='bbox 2196 1318 2332 1373; x_wconf 89' lang='lat' dir='ltr'>ceps</span> <span class='ocrx_word' id='word_1_275' title='bbox 2364 1301 2654 1356; x_wconf 83' lang='lat' dir='ltr'>artiﬁcum</span> <span class='ocrx_word' id='word_1_276' title='bbox 2685 1300 2995 1372; x_wconf 85' lang='lat' dir='ltr'>regalium,</span> <span class='ocrx_word' id='word_1_277' title='bbox 3027 1317 3091 1356; x_wconf 90' lang='lat' dir='ltr'>eo</span> <span class='ocrx_word' id='word_1_278' title='bbox 3124 1300 3277 1371; x_wconf 92' lang='lat' dir='ltr'>quod</span> <span class='ocrx_word' id='word_1_279' title='bbox 3298 1299 3511 1355; x_wconf 89' lang='lat' dir='ltr'>videns</span> <span class='ocrx_word' id='word_1_280' title='bbox 3540 1299 3809 1370; x_wconf 65' lang='lat' dir='ltr'>pwfatnm</span> 
     </span>
    </p>
   </div>
   <div class='ocr_carea' id='block_1_44' title="bbox 2197 1387 3807 1462">
    <p class='ocr_par' dir='ltr' id='par_1_44' title="bbox 2197 1387 3807 1462">
     <span class='ocr_line' id='line_1_44' title="bbox 2197 1387 3807 1462; baseline -0.002 -15"><span class='ocrx_word' id='word_1_281' title='bbox 2197 1407 2393 1447; x_wconf 87' lang='lat' dir='ltr'>senem</span> <span class='ocrx_word' id='word_1_282' title='bbox 2423 1390 2710 1445; x_wconf 88' lang='lat' dir='ltr'>Ananiam</span> <span class='ocrx_word' id='word_1_283' title='bbox 2736 1390 2847 1445; x_wconf 91' lang='lat' dir='ltr'>sub</span> <span class='ocrx_word' id='word_1_284' title='bbox 2880 1388 2994 1444; x_wconf 91' lang='lat' dir='ltr'>ictu</span> <span class='ocrx_word' id='word_1_285' title='bbox 3025 1388 3204 1462; x_wconf 86' lang='lat' dir='ltr'>gladii</span> <span class='ocrx_word' id='word_1_286' title='bbox 3237 1393 3622 1455; x_wconf 69' lang='lat' dir='ltr'>trementem,</span> <span class='ocrx_word' id='word_1_287' title='bbox 3662 1387 3807 1443; x_wconf 73' lang='lat' dir='ltr'>excla-</span> 
     </span>
    </p>
   </div>
   <div class='ocr_carea' id='block_1_45' title="bbox 2197 1475 3809 1547">
    <p class='ocr_par' dir='ltr' id='par_1_45' title="bbox 2197 1475 3809 1547">
     <span class='ocr_line' id='line_1_45' title="bbox 2197 1475 3809 1547; baseline -0.001 -14"><span class='ocrx_word' id='word_1_288' title='bbox 2197 1483 2439 1533; x_wconf 79' lang='lat' dir='ltr'>maverit</span> <span class='ocrx_word' id='word_1_289' title='bbox 2459 1479 2835 1545; x_wconf 83' lang='lat' dir='ltr'>confidenter,</span> <span class='ocrx_word' id='word_1_290' title='bbox 2870 1478 3106 1534; x_wconf 88' lang='lat' dir='ltr'>dicens:</span> <span class='ocrx_word' id='word_1_291' title='bbox 3141 1501 3169 1528; x_wconf 87' lang='lat'><strong>«</strong></span> <span class='ocrx_word' id='word_1_292' title='bbox 3204 1475 3543 1547; x_wconf 86' lang='lat' dir='ltr'>Paululum,</span> <span class='ocrx_word' id='word_1_293' title='bbox 3579 1494 3613 1532; x_wconf 91' lang='grc' dir='ltr'>ο</span> <span class='ocrx_word' id='word_1_294' title='bbox 3651 1493 3809 1547; x_wconf 73' lang='lat' dir='ltr'>senex,</span> 
     </span>
    </p>
   </div>
   <div class='ocr_carea' id='block_1_46' title="bbox 2197 1565 3813 1633">
    <p class='ocr_par' dir='ltr' id='par_1_46' title="bbox 2197 1565 3813 1633">
     <span class='ocr_line' id='line_1_46' title="bbox 2197 1565 3813 1633; baseline -0.002 -11"><span class='ocrx_word' id='word_1_295' title='bbox 2197 1567 2400 1623; x_wconf 84' lang='lat' dir='ltr'>claude</span> <span class='ocrx_word' id='word_1_296' title='bbox 2430 1567 2648 1630; x_wconf 87' lang='lat' dir='ltr'>oculos,</span> <span class='ocrx_word' id='word_1_297' title='bbox 2678 1572 2736 1623; x_wconf 92' lang='lat' dir='ltr'>et</span> <span class='ocrx_word' id='word_1_298' title='bbox 2765 1584 3008 1623; x_wconf 90' lang='lat' dir='ltr'>securus</span> <span class='ocrx_word' id='word_1_299' title='bbox 3038 1572 3182 1633; x_wconf 87' lang='lat' dir='ltr'>esto,</span> <span class='ocrx_word' id='word_1_300' title='bbox 3217 1584 3351 1622; x_wconf 79' lang='lat' dir='ltr'>mox</span> <span class='ocrx_word' id='word_1_301' title='bbox 3379 1565 3604 1622; x_wconf 85' lang='lat' dir='ltr'>Christi</span> <span class='ocrx_word' id='word_1_302' title='bbox 3625 1566 3813 1621; x_wconf 81' lang='lat' dir='ltr'>videbis</span> 
     </span>
    </p>
   </div>
   <div class='ocr_carea' id='block_1_47' title="bbox 2199 1654 3816 1729">
    <p class='ocr_par' dir='ltr' id='par_1_47' title="bbox 2199 1654 3816 1729">
     <span class='ocr_line' id='line_1_47' title="bbox 2199 1654 3816 1729; baseline -0.002 -18"><span class='ocrx_word' id='word_1_303' title='bbox 2199 1662 2521 1727; x_wconf 79' lang='lat' dir='ltr'>aspectum.</span> <span class='ocrx_word' id='word_1_304' title='bbox 2562 1680 2587 1705; x_wconf 91' lang='grc'>››</span> <span class='ocrx_word' id='word_1_305' title='bbox 2620 1656 2762 1711; x_wconf 89' lang='lat' dir='ltr'>Filia</span> <span class='ocrx_word' id='word_1_306' title='bbox 2792 1673 3026 1729; x_wconf 91' lang='lat' dir='ltr'>quoque</span> <span class='ocrx_word' id='word_1_307' title='bbox 3069 1657 3337 1727; x_wconf 83' lang='lat' dir='ltr'>ejusdem</span> <span class='ocrx_word' id='word_1_308' title='bbox 3398 1654 3633 1723; x_wconf 88' lang='lat' dir='ltr'>Pusitii,</span> <span class='ocrx_word' id='word_1_309' title='bbox 3680 1655 3816 1728; x_wconf 81' lang='lat' dir='ltr'>virgo</span> 
     </span>
    </p>
   </div>
   <div class='ocr_carea' id='block_1_48' title="bbox 2200 1750 2864 1817">
    <p class='ocr_par' dir='ltr' id='par_1_48' title="bbox 2200 1750 2864 1817">
     <span class='ocr_line' id='line_1_48' title="bbox 2200 1750 2864 1817; baseline 0 -16"><span class='ocrx_word' id='word_1_310' title='bbox 2200 1763 2390 1811; x_wconf 85' lang='lat' dir='ltr'>sacra,</span> <span class='ocrx_word' id='word_1_311' title='bbox 2426 1750 2725 1817; x_wconf 88' lang='lat' dir='ltr'>perempta</span> <span class='ocrx_word' id='word_1_312' title='bbox 2757 1750 2864 1801; x_wconf 81' lang='lat' dir='ltr'>est.</span> 
     </span>
    </p>
   </div>
   <div class='ocr_carea' id='block_1_49' title="bbox 2267 1851 3822 1924">
    <p class='ocr_par' dir='ltr' id='par_1_49' title="bbox 2267 1851 3822 1924">
     <span class='ocr_line' id='line_1_49' title="bbox 2267 1851 3822 1924; baseline -0.001 -17"><span class='ocrx_word' id='word_1_313' title='bbox 2267 1853 2313 1907; x_wconf 88' lang='grc' dir='ltr'>Χ</span> <span class='ocrx_word' id='word_1_314' title='bbox 2344 1854 2472 1907; x_wconf 66' lang='grc' dir='ltr'>ΚΑι.</span> <span class='ocrx_word' id='word_1_315' title='bbox 2507 1856 2661 1907; x_wconf 71' lang='lat' dir='ltr'>Mm.</span> <span class='ocrx_word' id='word_1_316' title='bbox 2689 1884 2753 1893; x_wconf 89' lang='lat'><em>—</em></span> <span class='ocrx_word' id='word_1_317' title='bbox 2786 1853 3000 1919; x_wconf 81' lang='lat' dir='ltr'>Romae,</span> <span class='ocrx_word' id='word_1_318' title='bbox 3024 1853 3119 1909; x_wconf 90' lang='lat' dir='ltr'>via</span> <span class='ocrx_word' id='word_1_319' title='bbox 3146 1852 3349 1924; x_wconf 87' lang='lat' dir='ltr'>Appia,</span> <span class='ocrx_word' id='word_1_320' title='bbox 3396 1852 3454 1906; x_wconf 88' lang='lat' dir='ltr'>in</span> <span class='ocrx_word' id='word_1_321' title='bbox 3507 1851 3822 1907; x_wconf 66' lang='lat' dir='ltr'>caemeterio</span> 
     </span>
    </p>
   </div>
   <div class='ocr_carea' id='block_1_50' title="bbox 2195 1940 3826 2014">
    <p class='ocr_par' dir='ltr' id='par_1_50' title="bbox 2195 1940 3826 2014">
     <span class='ocr_line' id='line_1_50' title="bbox 2195 1940 3826 2014; baseline -0.002 -17"><span class='ocrx_word' id='word_1_322' title='bbox 2195 1941 2441 2008; x_wconf 79' lang='lat' dir='ltr'>Callixti,</span> <span class='ocrx_word' id='word_1_323' title='bbox 2468 1941 2741 1996; x_wconf 87' lang='lat' dir='ltr'>nativitas</span> <span class='ocrx_word' id='word_1_324' title='bbox 2771 1941 2959 1997; x_wconf 88' lang='lat' dir='ltr'>sancti</span> <span class='ocrx_word' id='word_1_325' title='bbox 2982 1941 3111 1997; x_wconf 84' lang='lat' dir='ltr'>Gaii</span> <span class='ocrx_word' id='word_1_326' title='bbox 3135 1941 3433 2014; x_wconf 76' lang='lat' dir='ltr'>papa3.Qui</span> <span class='ocrx_word' id='word_1_327' title='bbox 3459 1957 3596 1996; x_wconf 89' lang='lat' dir='ltr'>cum</span> <span class='ocrx_word' id='word_1_328' title='bbox 3650 1940 3826 1995; x_wconf 87' lang='lat' dir='ltr'>Eccle-</span> 
     </span>
    </p>
   </div>
   <div class='ocr_carea' id='block_1_51' title="bbox 2198 2028 3826 2101">
    <p class='ocr_par' dir='ltr' id='par_1_51' title="bbox 2198 2028 3826 2101">
     <span class='ocr_line' id='line_1_51' title="bbox 2198 2028 3826 2101; baseline -0.002 -15"><span class='ocrx_word' id='word_1_329' title='bbox 2198 2032 2345 2086; x_wconf 87' lang='lat' dir='ltr'>siam</span> <span class='ocrx_word' id='word_1_330' title='bbox 2372 2029 2641 2085; x_wconf 89' lang='lat' dir='ltr'>undecim</span> <span class='ocrx_word' id='word_1_331' title='bbox 2656 2048 2860 2096; x_wconf 89' lang='lat' dir='ltr'>annos,</span> <span class='ocrx_word' id='word_1_332' title='bbox 2879 2046 3111 2085; x_wconf 88' lang='lat' dir='ltr'>menses</span> <span class='ocrx_word' id='word_1_333' title='bbox 3125 2030 3514 2101; x_wconf 87' lang='lat' dir='ltr'>quatuor,dies</span> <span class='ocrx_word' id='word_1_334' title='bbox 3525 2028 3826 2083; x_wconf 87' lang='lat' dir='ltr'>duodecim</span> 
     </span>
    </p>
   </div>
   <div class='ocr_carea' id='block_1_52' title="bbox 2197 2116 3829 2190">
    <p class='ocr_par' dir='ltr' id='par_1_52' title="bbox 2197 2116 3829 2190">
     <span class='ocr_line' id='line_1_52' title="bbox 2197 2116 3829 2190; baseline -0.002 -16"><span class='ocrx_word' id='word_1_335' title='bbox 2197 2119 2461 2187; x_wconf 78' lang='lat' dir='ltr'>rexisset,</span> <span class='ocrx_word' id='word_1_336' title='bbox 2496 2119 2770 2190; x_wconf 75' lang='lat' dir='ltr'>martyrio</span> <span class='ocrx_word' id='word_1_337' title='bbox 2822 2123 3135 2174; x_wconf 90' lang='lat' dir='ltr'>coronatus</span> <span class='ocrx_word' id='word_1_338' title='bbox 3193 2123 3282 2173; x_wconf 90' lang='lat' dir='ltr'>est</span> <span class='ocrx_word' id='word_1_339' title='bbox 3336 2119 3447 2173; x_wconf 88' lang='lat' dir='ltr'>sub</span> <span class='ocrx_word' id='word_1_340' title='bbox 3485 2116 3829 2173; x_wconf 77' lang='lat' dir='ltr'>Diocletiano</span> 
     </span>
    </p>
   </div>
   <div class='ocr_carea' id='block_1_53' title="bbox 2200 2206 3825 2279">
    <p class='ocr_par' dir='ltr' id='par_1_53' title="bbox 2200 2206 3825 2279">
     <span class='ocr_line' id='line_1_53' title="bbox 2200 2206 3825 2279; baseline 0 -17"><span class='ocrx_word' id='word_1_341' title='bbox 2200 2209 2567 2278; x_wconf 86' lang='lat' dir='ltr'>imperatore.</span> <span class='ocrx_word' id='word_1_342' title='bbox 2600 2212 2797 2262; x_wconf 80' lang='lat' dir='ltr'>Frater</span> <span class='ocrx_word' id='word_1_343' title='bbox 2855 2213 3052 2263; x_wconf 87' lang='lat' dir='ltr'>autem</span> <span class='ocrx_word' id='word_1_344' title='bbox 3111 2209 3239 2279; x_wconf 86' lang='lat' dir='ltr'>ejus</span> <span class='ocrx_word' id='word_1_345' title='bbox 3301 2209 3506 2262; x_wconf 86' lang='lat' dir='ltr'>beatus</span> <span class='ocrx_word' id='word_1_346' title='bbox 3566 2206 3825 2262; x_wconf 77' lang='lat' dir='ltr'>Gabinius</span> 
     </span>
    </p>
   </div>
   <div class='ocr_carea' id='block_1_54' title="bbox 2202 2296 3827 2370">
    <p class='ocr_par' dir='ltr' id='par_1_54' title="bbox 2202 2296 3827 2370">
     <span class='ocr_line' id='line_1_54' title="bbox 2202 2296 3827 2370; baseline -0.002 -17"><span class='ocrx_word' id='word_1_347' title='bbox 2202 2297 2599 2370; x_wconf 83' lang='lat' dir='ltr'>presbyter,in</span> <span class='ocrx_word' id='word_1_348' title='bbox 2630 2296 2835 2353; x_wconf 88' lang='lat' dir='ltr'>multis</span> <span class='ocrx_word' id='word_1_349' title='bbox 2879 2297 3244 2352; x_wconf 87' lang='lat' dir='ltr'>clarissimus</span> <span class='ocrx_word' id='word_1_350' title='bbox 3293 2296 3675 2368; x_wconf 87' lang='lat' dir='ltr'>passionibns</span> <span class='ocrx_word' id='word_1_351' title='bbox 3719 2296 3827 2367; x_wconf 83' lang='lat' dir='ltr'>jam</span> 
     </span>
    </p>
   </div>
   <div class='ocr_carea' id='block_1_55' title="bbox 2202 2382 3824 2457">
    <p class='ocr_par' dir='ltr' id='par_1_55' title="bbox 2202 2382 3824 2457">
     <span class='ocr_line' id='line_1_55' title="bbox 2202 2382 3824 2457; baseline -0.002 -16"><span class='ocrx_word' id='word_1_352' title='bbox 2202 2386 2430 2441; x_wconf 79' lang='lat' dir='ltr'>{inierat</span> <span class='ocrx_word' id='word_1_353' title='bbox 2450 2385 2817 2457; x_wconf 85' lang='lat' dir='ltr'>triumphum</span> <span class='ocrx_word' id='word_1_354' title='bbox 2842 2386 3094 2441; x_wconf 72' lang='lat' dir='ltr'>victorian</span> <span class='ocrx_word' id='word_1_355' title='bbox 3129 2403 3266 2455; x_wconf 60' lang='lat' dir='ltr'>suis,</span> <span class='ocrx_word' id='word_1_356' title='bbox 3301 2385 3415 2440; x_wconf 87' lang='lat' dir='ltr'>sub</span> <span class='ocrx_word' id='word_1_357' title='bbox 3444 2385 3656 2440; x_wconf 88' lang='lat' dir='ltr'>eodem</span> <span class='ocrx_word' id='word_1_358' title='bbox 3677 2382 3824 2455; x_wconf 87' lang='lat' dir='ltr'>impio</span> 
     </span>
    </p>
   </div>
   <div class='ocr_carea' id='block_1_56' title="bbox 2200 2471 3827 2547">
    <p class='ocr_par' dir='ltr' id='par_1_56' title="bbox 2200 2471 3827 2547">
     <span class='ocr_line' id='line_1_56' title="bbox 2200 2471 3827 2547; baseline -0.002 -17"><span class='ocrx_word' id='word_1_359' title='bbox 2200 2475 2479 2547; x_wconf 90' lang='lat' dir='ltr'>principe,</span> <span class='ocrx_word' id='word_1_360' title='bbox 2514 2473 2824 2529; x_wconf 88' lang='lat' dir='ltr'>undecimo</span> <span class='ocrx_word' id='word_1_361' title='bbox 2856 2474 3146 2530; x_wconf 87' lang='lat' dir='ltr'>Kalendas</span> <span class='ocrx_word' id='word_1_362' title='bbox 3168 2474 3386 2529; x_wconf 86' lang='lat' dir='ltr'>Martii.</span> <span class='ocrx_word' id='word_1_363' title='bbox 3424 2473 3537 2528; x_wconf 88' lang='lat' dir='ltr'>Hic</span> <span class='ocrx_word' id='word_1_364' title='bbox 3559 2471 3827 2528; x_wconf 83' lang='lat' dir='ltr'>constituit</span> 
     </span>
    </p>
   </div>
   <div class='ocr_carea' id='block_1_57' title="bbox 2194 2554 3826 2637">
    <p class='ocr_par' dir='ltr' id='par_1_57' title="bbox 2194 2554 3826 2637">
     <span class='ocr_line' id='line_1_57' title="bbox 2194 2554 3826 2637; baseline -0.004 -17"><span class='ocrx_word' id='word_1_365' title='bbox 2194 2554 2387 2637; x_wconf 57' lang='lat' dir='ltr'>1utper</span> <span class='ocrx_word' id='word_1_366' title='bbox 2407 2580 2611 2619; x_wconf 89' lang='lat' dir='ltr'>omnes</span> <span class='ocrx_word' id='word_1_367' title='bbox 2643 2563 2903 2634; x_wconf 91' lang='lat' dir='ltr'>primum</span> <span class='ocrx_word' id='word_1_368' title='bbox 2936 2563 3154 2635; x_wconf 88' lang='lat' dir='ltr'>gradus</span> <span class='ocrx_word' id='word_1_369' title='bbox 3214 2561 3571 2618; x_wconf 84' lang='lat' dir='ltr'>ascenderet</span> <span class='ocrx_word' id='word_1_370' title='bbox 3628 2561 3674 2616; x_wconf 90' lang='lat' dir='ltr'>si</span> <span class='ocrx_word' id='word_1_371' title='bbox 3720 2561 3826 2631; x_wconf 87' lang='lat' dir='ltr'>quis</span> 
     </span>
    </p>
   </div>
   <div class='ocr_carea' id='block_1_58' title="bbox 2199 2650 3811 2725">
    <p class='ocr_par' dir='ltr' id='par_1_58' title="bbox 2199 2650 3811 2725">
     <span class='ocr_line' id='line_1_58' title="bbox 2199 2650 3811 2725; baseline -0.003 -16"><span class='ocrx_word' id='word_1_372' title='bbox 2199 2655 2508 2725; x_wconf 89' lang='lat' dir='ltr'>episcopus</span> <span class='ocrx_word' id='word_1_373' title='bbox 2538 2652 2660 2708; x_wconf 82' lang='lat' dir='ltr'>fieri</span> <span class='ocrx_word' id='word_1_374' title='bbox 2692 2658 3031 2719; x_wconf 85' lang='lat' dir='ltr'>mereretur,</span> <span class='ocrx_word' id='word_1_375' title='bbox 3054 2650 3113 2706; x_wconf 87' lang='lat' dir='ltr'>id</span> <span class='ocrx_word' id='word_1_376' title='bbox 3140 2655 3313 2707; x_wconf 88' lang='lat' dir='ltr'>estut</span> <span class='ocrx_word' id='word_1_377' title='bbox 3335 2655 3499 2707; x_wconf 84' lang='lat' dir='ltr'>esset</span> <span class='ocrx_word' id='word_1_378' title='bbox 3544 2650 3811 2713; x_wconf 79' lang='lat' dir='ltr'>ostiarius,</span> 
     </span>
    </p>
   </div>
   <div class='ocr_carea' id='block_1_59' title="bbox 2198 2740 3825 2812">
    <p class='ocr_par' dir='ltr' id='par_1_59' title="bbox 2198 2740 3825 2812">
     <span class='ocr_line' id='line_1_59' title="bbox 2198 2740 3825 2812; baseline -0.004 -15"><span class='ocrx_word' id='word_1_379' title='bbox 2198 2743 2398 2811; x_wconf 84' lang='lat' dir='ltr'>lector,</span> <span class='ocrx_word' id='word_1_380' title='bbox 2427 2741 2729 2807; x_wconf 84' lang='lat' dir='ltr'>exorcista,</span> <span class='ocrx_word' id='word_1_381' title='bbox 2750 2741 3168 2809; x_wconf 89' lang='lat' dir='ltr'>subdiaconus,</span> <span class='ocrx_word' id='word_1_382' title='bbox 3195 2740 3508 2806; x_wconf 88' lang='lat' dir='ltr'>diaconus,</span> <span class='ocrx_word' id='word_1_383' title='bbox 3536 2740 3825 2812; x_wconf 79' lang='lat' dir='ltr'>presbyter,</span> 
     </span>
    </p>
   </div>
   <div class='ocr_carea' id='block_1_60' title="bbox 2201 2825 3822 2886">
    <p class='ocr_par' dir='ltr' id='par_1_60' title="bbox 2201 2825 3822 2886">
     <span class='ocr_line' id='line_1_60' title="bbox 2201 2825 3822 2886; baseline -0.004 0"><span class='ocrx_word' id='word_1_384' title='bbox 2201 2835 2259 2886; x_wconf 91' lang='lat' dir='ltr'>et</span> <span class='ocrx_word' id='word_1_385' title='bbox 2288 2830 2551 2885; x_wconf 91' lang='lat' dir='ltr'>libellum</span> <span class='ocrx_word' id='word_1_386' title='bbox 2585 2828 2749 2886; x_wconf 87' lang='lat' dir='ltr'>valde</span> <span class='ocrx_word' id='word_1_387' title='bbox 2789 2829 2990 2886; x_wconf 85' lang='lat' dir='ltr'>utilem</span> <span class='ocrx_word' id='word_1_388' title='bbox 3016 2829 3086 2885; x_wconf 90' lang='lat' dir='ltr'>de</span> <span class='ocrx_word' id='word_1_389' title='bbox 3148 2828 3568 2885; x_wconf 88' lang='lat' dir='ltr'>Incarnatione</span> <span class='ocrx_word' id='word_1_390' title='bbox 3625 2825 3822 2883; x_wconf 85' lang='lat' dir='ltr'>Domini</span> 
     </span>
    </p>
   </div>
   <div class='ocr_carea' id='block_1_61' title="bbox 2203 2918 2570 2990">
    <p class='ocr_par' dir='ltr' id='par_1_61' title="bbox 2203 2918 2570 2990">
     <span class='ocr_line' id='line_1_61' title="bbox 2203 2918 2570 2990; baseline -0.005 -16"><span class='ocrx_word' id='word_1_391' title='bbox 2203 2918 2570 2990; x_wconf 91' lang='lat' dir='ltr'>conscripsit.</span> 
     </span>
    </p>
   </div>
   <div class='ocr_carea' id='block_1_62' title="bbox 2275 3014 3839 3088">
    <p class='ocr_par' dir='ltr' id='par_1_62' title="bbox 2275 3014 3839 3088">
     <span class='ocr_line' id='line_1_62' title="bbox 2275 3014 3839 3088; baseline -0.003 -17"><span class='ocrx_word' id='word_1_392' title='bbox 2275 3017 2417 3071; x_wconf 89' lang='lat' dir='ltr'>Item</span> <span class='ocrx_word' id='word_1_393' title='bbox 2440 3017 2667 3088; x_wconf 86' lang='lat' dir='ltr'>Agapiti</span> <span class='ocrx_word' id='word_1_394' title='bbox 2694 3015 3007 3088; x_wconf 78' lang='lat' dir='ltr'>pontificis,</span> <span class='ocrx_word' id='word_1_395' title='bbox 3041 3017 3139 3088; x_wconf 87' lang='lat' dir='ltr'>qui</span> <span class='ocrx_word' id='word_1_396' title='bbox 3173 3015 3326 3071; x_wconf 90' lang='lat' dir='ltr'>sedit</span> <span class='ocrx_word' id='word_1_397' title='bbox 3350 3015 3563 3071; x_wconf 67' lang='lat' dir='ltr'>Romae</span> <span class='ocrx_word' id='word_1_398' title='bbox 3596 3014 3839 3070; x_wconf 84' lang='lat' dir='ltr'>undecim</span> 
     </span>
    </p>
   </div>
   <div class='ocr_carea' id='block_1_63' title="bbox 2205 3103 3840 3178">
    <p class='ocr_par' dir='ltr' id='par_1_63' title="bbox 2205 3103 3840 3178">
     <span class='ocr_line' id='line_1_63' title="bbox 2205 3103 3840 3178; baseline -0.004 -18"><span class='ocrx_word' id='word_1_399' title='bbox 2205 3122 2456 3161; x_wconf 90' lang='lat' dir='ltr'>menses.</span> <span class='ocrx_word' id='word_1_400' title='bbox 2483 3106 2865 3178; x_wconf 82' lang='lat' dir='ltr'>Etingressus</span> <span class='ocrx_word' id='word_1_401' title='bbox 2885 3104 3453 3176; x_wconf 88' lang='lat' dir='ltr'>Constantinopolim</span> <span class='ocrx_word' id='word_1_402' title='bbox 3479 3106 3564 3159; x_wconf 84' lang='lat' dir='ltr'>ad</span> <span class='ocrx_word' id='word_1_403' title='bbox 3588 3103 3840 3160; x_wconf 79' lang='lat' dir='ltr'>Justinia-</span> 
     </span>
    </p>
   </div>
   <div class='ocr_carea' id='block_1_64' title="bbox 2210 3193 3843 3266">
    <p class='ocr_par' dir='ltr' id='par_1_64' title="bbox 2210 3193 3843 3266">
     <span class='ocr_line' id='line_1_64' title="bbox 2210 3193 3843 3266; baseline -0.003 -16"><span class='ocrx_word' id='word_1_404' title='bbox 2210 3212 2352 3250; x_wconf 90' lang='lat' dir='ltr'>num</span> <span class='ocrx_word' id='word_1_405' title='bbox 2378 3194 3196 3266; x_wconf 80' lang='lat' dir='ltr'>impcratorem,Anthemium</span> <span class='ocrx_word' id='word_1_406' title='bbox 3218 3193 3577 3265; x_wconf 87' lang='lat' dir='ltr'>episcopum</span> <span class='ocrx_word' id='word_1_407' title='bbox 3596 3193 3843 3248; x_wconf 86' lang='lat' dir='ltr'>Constan-</span> 
     </span>
    </p>
   </div>
   <div class='ocr_carea' id='block_1_65' title="bbox 442 3244 3841 3361">
    <p class='ocr_par' dir='ltr' id='par_1_65' title="bbox 442 3244 3841 3361">
     <span class='ocr_line' id='line_1_65' title="bbox 442 3244 3841 3361; baseline -0.002 -22"><span class='ocrx_word' id='word_1_408' title='bbox 442 3244 750 3358; x_wconf 38' lang='lat' dir='ltr'>praetegit!</span> <span class='ocrx_word' id='word_1_409' title='bbox 774 3272 978 3329; x_wconf 83' lang='lat' dir='ltr'>urbem</span> <span class='ocrx_word' id='word_1_410' title='bbox 997 3244 1279 3337; x_wconf 68' lang='lat' dir='ltr'>condidit.</span> <span class='ocrx_word' id='word_1_411' title='bbox 1302 3272 1361 3327; x_wconf 87' lang='lat' dir='ltr'>in</span> <span class='ocrx_word' id='word_1_412' title='bbox 1389 3244 2096 3331; x_wconf 34' lang='lat' dir='ltr'>sacrosanctisPasch‘alis</span> <span class='ocrx_word' id='word_1_413' title='bbox 2129 3244 2171 3310; x_wconf 75' lang='lat' dir='ltr'><strong>C</strong></span> <span class='ocrx_word' id='word_1_414' title='bbox 2209 3244 3841 3361; x_wconf 44' lang='lat' dir='ltr'>ii&#39;c‘iaﬁétﬂega-</span> 
     </span>
    </p>
   </div>
   <div class='ocr_carea' id='block_1_66' title="bbox 444 3360 2093 3440">
    <p class='ocr_par' dir='ltr' id='par_1_66' title="bbox 444 3360 2093 3440">
     <span class='ocr_line' id='line_1_66' title="bbox 444 3360 2093 3440; baseline -0.005 -13"><span class='ocrx_word' id='word_1_415' title='bbox 444 3371 576 3427; x_wconf 82' lang='lat' dir='ltr'>festi</span> <span class='ocrx_word' id='word_1_416' title='bbox 607 3361 1050 3440; x_wconf 77' lang='lat' dir='ltr'>vigiliis,divino</span> <span class='ocrx_word' id='word_1_417' title='bbox 1079 3360 1293 3417; x_wconf 88' lang='lat' dir='ltr'>virtute</span> <span class='ocrx_word' id='word_1_418' title='bbox 1325 3361 1576 3433; x_wconf 83' lang='lat' dir='ltr'>singulis</span> <span class='ocrx_word' id='word_1_419' title='bbox 1608 3363 1777 3427; x_wconf 85' lang='lat' dir='ltr'>annis</span> <span class='ocrx_word' id='word_1_420' title='bbox 1808 3365 1979 3435; x_wconf 89' lang='lat' dir='ltr'>aquis</span> <span class='ocrx_word' id='word_1_421' title='bbox 1996 3381 2093 3419; x_wconf 89' lang='lat' dir='ltr'>su-</span> 
     </span>
    </p>
   </div>
   <div class='ocr_carea' id='block_1_67' title="bbox 447 3453 2094 3522">
    <p class='ocr_par' dir='ltr' id='par_1_67' title="bbox 447 3453 2094 3522">
     <span class='ocr_line' id='line_1_67' title="bbox 447 3453 2094 3522; baseline -0.002 -11"><span class='ocrx_word' id='word_1_422' title='bbox 447 3458 586 3513; x_wconf 89' lang='lat' dir='ltr'>bitis</span> <span class='ocrx_word' id='word_1_423' title='bbox 614 3455 1028 3515; x_wconf 84' lang='lat' dir='ltr'>inundaretur,</span> <span class='ocrx_word' id='word_1_424' title='bbox 1060 3454 1118 3505; x_wconf 84' lang='lat' dir='ltr'>et</span> <span class='ocrx_word' id='word_1_425' title='bbox 1147 3467 1250 3522; x_wconf 89' lang='lat' dir='ltr'>per</span> <span class='ocrx_word' id='word_1_426' title='bbox 1279 3456 1501 3522; x_wconf 89' lang='lat' dir='ltr'>septem</span> <span class='ocrx_word' id='word_1_427' title='bbox 1529 3453 1795 3522; x_wconf 88' lang='lat' dir='ltr'>ejusdem</span> <span class='ocrx_word' id='word_1_428' title='bbox 1818 3453 2094 3508; x_wconf 89' lang='lat' dir='ltr'>solemni-</span> 
     </span>
    </p>
   </div>
   <div class='ocr_carea' id='block_1_68' title="bbox 448 3539 2098 3625">
    <p class='ocr_par' dir='ltr' id='par_1_68' title="bbox 448 3539 2098 3625">
     <span class='ocr_line' id='line_1_68' title="bbox 448 3539 2098 3625; baseline 0 -26"><span class='ocrx_word' id='word_1_429' title='bbox 448 3540 722 3599; x_wconf 87' lang='lat' dir='ltr'>tetisdies</span> <span class='ocrx_word' id='word_1_430' title='bbox 752 3542 941 3613; x_wconf 84' lang='lat' dir='ltr'>gratia</span> <span class='ocrx_word' id='word_1_431' title='bbox 971 3539 1323 3625; x_wconf 56' lang='lat' dir='ltr'>exuberante</span> <span class='ocrx_word' id='word_1_432' title='bbox 1341 3546 1697 3612; x_wconf 88' lang='lat' dir='ltr'>permaneat.</span> <span class='ocrx_word' id='word_1_433' title='bbox 1728 3541 2098 3599; x_wconf 82' lang='lat' dir='ltr'>Venerabiles</span> 
     </span>
    </p>
   </div>
   <div class='ocr_carea' id='block_1_69' title="bbox 451 3627 2096 3704">
    <p class='ocr_par' dir='ltr' id='par_1_69' title="bbox 451 3627 2096 3704">
     <span class='ocr_line' id='line_1_69' title="bbox 451 3627 2096 3704; baseline -0.001 -16"><span class='ocrx_word' id='word_1_434' title='bbox 451 3629 594 3688; x_wconf 90' lang='lat' dir='ltr'>socii</span> <span class='ocrx_word' id='word_1_435' title='bbox 626 3629 774 3701; x_wconf 89' lang='lat' dir='ltr'>ejus,</span> <span class='ocrx_word' id='word_1_436' title='bbox 807 3630 960 3700; x_wconf 89' lang='lat' dir='ltr'>apud</span> <span class='ocrx_word' id='word_1_437' title='bbox 993 3627 1361 3685; x_wconf 78' lang='lat' dir='ltr'>Dimensium</span> <span class='ocrx_word' id='word_1_438' title='bbox 1391 3630 1597 3685; x_wconf 92' lang='lat' dir='ltr'>urbem</span> <span class='ocrx_word' id='word_1_439' title='bbox 1613 3630 1854 3697; x_wconf 88' lang='lat' dir='ltr'>conditi,</span> <span class='ocrx_word' id='word_1_440' title='bbox 1885 3631 2096 3704; x_wconf 88' lang='lat' dir='ltr'>glorio-</span> 
     </span>
    </p>
   </div>
   <div class='ocr_carea' id='block_1_70' title="bbox 451 3716 1820 3779">
    <p class='ocr_par' dir='ltr' id='par_1_70' title="bbox 451 3716 1820 3779">
     <span class='ocr_line' id='line_1_70' title="bbox 451 3716 1820 3779; baseline -0.004 -1"><span class='ocrx_word' id='word_1_441' title='bbox 451 3721 535 3779; x_wconf 87' lang='lat' dir='ltr'>sis</span> <span class='ocrx_word' id='word_1_442' title='bbox 567 3717 956 3776; x_wconf 87' lang='lat' dir='ltr'>nihilominus</span> <span class='ocrx_word' id='word_1_443' title='bbox 983 3716 1285 3773; x_wconf 88' lang='lat' dir='ltr'>miraculis</span> <span class='ocrx_word' id='word_1_444' title='bbox 1314 3719 1820 3776; x_wconf 89' lang='lat' dir='ltr'>commendantur.</span> 
     </span>
    </p>
   </div>
   <div class='ocr_carea' id='block_1_71' title="bbox 522 3825 2098 3887">
    <p class='ocr_par' dir='ltr' id='par_1_71' title="bbox 522 3825 2098 3887">
     <span class='ocr_line' id='line_1_71' title="bbox 522 3825 2098 3887; baseline -0.002 -2"><span class='ocrx_word' id='word_1_445' title='bbox 522 3829 595 3887; x_wconf 89' lang='grc' dir='ltr'>ΧΙ</span> <span class='ocrx_word' id='word_1_446' title='bbox 625 3828 762 3884; x_wconf 66' lang='grc' dir='ltr'>ΚΜ..</span> <span class='ocrx_word' id='word_1_447' title='bbox 790 3827 948 3883; x_wconf 77' lang='grc' dir='ltr'><strong>ΜΑΙΙ.</strong></span> <span class='ocrx_word' id='word_1_448' title='bbox 982 3857 1051 3866; x_wconf 88' lang='lat'><em>-</em></span> <span class='ocrx_word' id='word_1_449' title='bbox 1086 3827 1147 3881; x_wconf 89' lang='lat' dir='ltr'>In</span> <span class='ocrx_word' id='word_1_450' title='bbox 1181 3825 1321 3881; x_wconf 88' lang='lat' dir='ltr'>Asia</span> <span class='ocrx_word' id='word_1_451' title='bbox 1352 3825 1627 3881; x_wconf 90' lang='lat' dir='ltr'>nativitas</span> <span class='ocrx_word' id='word_1_452' title='bbox 1678 3825 1865 3881; x_wconf 88' lang='lat' dir='ltr'>sancti</span> <span class='ocrx_word' id='word_1_453' title='bbox 1914 3826 2098 3882; x_wconf 79' lang='lat' dir='ltr'>Maxi-</span> 
     </span>
    </p>
   </div>
   <div class='ocr_carea' id='block_1_72' title="bbox 451 3913 2099 3988">
    <p class='ocr_par' dir='ltr' id='par_1_72' title="bbox 451 3913 2099 3988">
     <span class='ocr_line' id='line_1_72' title="bbox 451 3913 2099 3988; baseline -0.002 -15"><span class='ocrx_word' id='word_1_454' title='bbox 451 3917 599 3974; x_wconf 89' lang='lat' dir='ltr'>mini</span> <span class='ocrx_word' id='word_1_455' title='bbox 626 3915 923 3988; x_wconf 79' lang='lat' dir='ltr'>martyris,</span> <span class='ocrx_word' id='word_1_456' title='bbox 958 3915 1059 3986; x_wconf 91' lang='lat' dir='ltr'>qui</span> <span class='ocrx_word' id='word_1_457' title='bbox 1096 3919 1357 3986; x_wconf 87' lang='lat' dir='ltr'>tempore</span> <span class='ocrx_word' id='word_1_458' title='bbox 1371 3913 1528 3969; x_wconf 87' lang='lat' dir='ltr'>Decii</span> <span class='ocrx_word' id='word_1_459' title='bbox 1550 3914 1925 3986; x_wconf 86' lang='lat' dir='ltr'>imperatoris</span> <span class='ocrx_word' id='word_1_460' title='bbox 1940 3913 2099 3970; x_wconf 89' lang='lat' dir='ltr'>obla-</span> 
     </span>
    </p>
   </div>
   <div class='ocr_carea' id='block_1_73' title="bbox 450 3992 2100 4077">
    <p class='ocr_par' dir='ltr' id='par_1_73' title="bbox 450 3992 2100 4077">
     <span class='ocr_line' id='line_1_73' title="bbox 450 3992 2100 4077; baseline -0.002 -15"><span class='ocrx_word' id='word_1_461' title='bbox 450 4011 548 4062; x_wconf 86' lang='lat' dir='ltr'>tus</span> <span class='ocrx_word' id='word_1_462' title='bbox 577 4009 667 4062; x_wconf 90' lang='lat' dir='ltr'>est</span> <span class='ocrx_word' id='word_1_463' title='bbox 698 4002 1056 4077; x_wconf 90' lang='lat' dir='ltr'>proconsuli,</span> <span class='ocrx_word' id='word_1_464' title='bbox 1079 4003 1319 4059; x_wconf 91' lang='lat' dir='ltr'>nomine</span> <span class='ocrx_word' id='word_1_465' title='bbox 1340 4002 1592 4076; x_wconf 90' lang='lat' dir='ltr'>Optimo.</span> <span class='ocrx_word' id='word_1_466' title='bbox 1626 4004 1732 4068; x_wconf 88' lang='lat' dir='ltr'>Qui</span> <span class='ocrx_word' id='word_1_467' title='bbox 1770 4020 1904 4059; x_wconf 92' lang='lat' dir='ltr'>cum</span> <span class='ocrx_word' id='word_1_468' title='bbox 1930 3992 2100 4060; x_wconf 40' lang='lat' dir='ltr'>ab‘eo</span> 
     </span>
    </p>
   </div>
   <div class='ocr_carea' id='block_1_74' title="bbox 450 4091 2101 4163">
    <p class='ocr_par' dir='ltr' id='par_1_74' title="bbox 450 4091 2101 4163">
     <span class='ocr_line' id='line_1_74' title="bbox 450 4091 2101 4163; baseline -0.002 -14"><span class='ocrx_word' id='word_1_469' title='bbox 450 4091 766 4149; x_wconf 88' lang='lat' dir='ltr'>tormentis</span> <span class='ocrx_word' id='word_1_470' title='bbox 785 4092 1168 4163; x_wconf 84' lang='lat' dir='ltr'>cogereturad</span> <span class='ocrx_word' id='word_1_471' title='bbox 1196 4092 1646 4147; x_wconf 81' lang='lat' dir='ltr'>sacriﬁcandum</span> <span class='ocrx_word' id='word_1_472' title='bbox 1669 4092 1863 4159; x_wconf 91' lang='lat' dir='ltr'>idolis,</span> <span class='ocrx_word' id='word_1_473' title='bbox 1897 4097 1955 4148; x_wconf 89' lang='lat' dir='ltr'>et</span> <span class='ocrx_word' id='word_1_474' title='bbox 1983 4091 2101 4148; x_wconf 85' lang='lat' dir='ltr'>nol-</span> 
     </span>
    </p>
   </div>
   <div class='ocr_carea' id='block_1_75' title="bbox 412 4177 2102 4253">
    <p class='ocr_par' dir='ltr' id='par_1_75' title="bbox 412 4177 2102 4253">
     <span class='ocr_line' id='line_1_75' title="bbox 412 4177 2102 4253; baseline -0.001 -16"><span class='ocrx_word' id='word_1_475' title='bbox 412 4180 423 4189; x_wconf 78' lang='grc'><strong>“</strong></span> <span class='ocrx_word' id='word_1_476' title='bbox 450 4180 551 4250; x_wconf 88' lang='lat' dir='ltr'>let,</span> <span class='ocrx_word' id='word_1_477' title='bbox 582 4180 642 4235; x_wconf 90' lang='lat' dir='ltr'>in</span> <span class='ocrx_word' id='word_1_478' title='bbox 676 4177 925 4252; x_wconf 91' lang='lat' dir='ltr'>equuleo</span> <span class='ocrx_word' id='word_1_479' title='bbox 957 4178 1060 4233; x_wconf 90' lang='lat' dir='ltr'>diu</span> <span class='ocrx_word' id='word_1_480' title='bbox 1089 4183 1298 4249; x_wconf 87' lang='lat' dir='ltr'>tortus,</span> <span class='ocrx_word' id='word_1_481' title='bbox 1333 4181 1404 4235; x_wconf 91' lang='lat' dir='ltr'>ad</span> <span class='ocrx_word' id='word_1_482' title='bbox 1450 4185 1774 4237; x_wconf 87' lang='lat' dir='ltr'>extremum</span> <span class='ocrx_word' id='word_1_483' title='bbox 1805 4181 2102 4253; x_wconf 88' lang='lat' dir='ltr'>lapidibus</span> 
     </span>
    </p>
   </div>
   <div class='ocr_carea' id='block_1_76' title="bbox 451 4274 909 4342">
    <p class='ocr_par' dir='ltr' id='par_1_76' title="bbox 451 4274 909 4342">
     <span class='ocr_line' id='line_1_76' title="bbox 451 4274 909 4342; baseline -0.011 -15"><span class='ocrx_word' id='word_1_484' title='bbox 451 4274 542 4327; x_wconf 88' lang='lat' dir='ltr'>est</span> <span class='ocrx_word' id='word_1_485' title='bbox 569 4283 909 4342; x_wconf 88' lang='lat' dir='ltr'>oppressus.</span> 
     </span>
    </p>
   </div>
   <div class='ocr_carea' id='block_1_77' title="bbox 522 4356 2098 4432">
    <p class='ocr_par' dir='ltr' id='par_1_77' title="bbox 522 4356 2098 4432">
     <span class='ocr_line' id='line_1_77' title="bbox 522 4356 2098 4432; baseline 0 -18"><span class='ocrx_word' id='word_1_486' title='bbox 522 4359 688 4432; x_wconf 78' lang='lat' dir='ltr'>Apud</span> <span class='ocrx_word' id='word_1_487' title='bbox 701 4357 1113 4413; x_wconf 83' lang='lat' dir='ltr'>Alexandriam</span> <span class='ocrx_word' id='word_1_488' title='bbox 1132 4356 1404 4412; x_wconf 89' lang='lat' dir='ltr'>nativitas</span> <span class='ocrx_word' id='word_1_489' title='bbox 1426 4362 1760 4413; x_wconf 88' lang='lat' dir='ltr'>sanctorum</span> <span class='ocrx_word' id='word_1_490' title='bbox 1778 4359 2098 4430; x_wconf 81' lang='lat' dir='ltr'>Fortunati,</span> 
     </span>
    </p>
   </div>
   <div class='ocr_carea' id='block_1_78' title="bbox 452 4445 2099 4519">
    <p class='ocr_par' dir='ltr' id='par_1_78' title="bbox 452 4445 2099 4519">
     <span class='ocr_line' id='line_1_78' title="bbox 452 4445 2099 4519; baseline 0.001 -17"><span class='ocrx_word' id='word_1_491' title='bbox 452 4447 715 4503; x_wconf 88' lang='lat' dir='ltr'>Aratoris</span> <span class='ocrx_word' id='word_1_492' title='bbox 744 4445 1087 4519; x_wconf 90' lang='lat' dir='ltr'>presbyteri,</span> <span class='ocrx_word' id='word_1_493' title='bbox 1120 4445 1346 4513; x_wconf 89' lang='lat' dir='ltr'>Felicis,</span> <span class='ocrx_word' id='word_1_494' title='bbox 1382 4445 1562 4505; x_wconf 82' lang='lat' dir='ltr'>Silvii.</span> <span class='ocrx_word' id='word_1_495' title='bbox 1597 4446 1827 4515; x_wconf 90' lang='lat' dir='ltr'>Vitalis,</span> <span class='ocrx_word' id='word_1_496' title='bbox 1883 4448 1980 4519; x_wconf 89' lang='lat' dir='ltr'>qui</span> <span class='ocrx_word' id='word_1_497' title='bbox 2041 4448 2099 4503; x_wconf 93' lang='lat' dir='ltr'>in</span> 
     </span>
    </p>
   </div>
   <div class='ocr_carea' id='block_1_79' title="bbox 455 4536 1089 4607">
    <p class='ocr_par' dir='ltr' id='par_1_79' title="bbox 455 4536 1089 4607">
     <span class='ocr_line' id='line_1_79' title="bbox 455 4536 1089 4607; baseline -0.003 -16"><span class='ocrx_word' id='word_1_498' title='bbox 455 4552 686 4592; x_wconf 90' lang='lat' dir='ltr'>carcere</span> <span class='ocrx_word' id='word_1_499' title='bbox 717 4536 1089 4607; x_wconf 90' lang='lat' dir='ltr'>quieverunt.</span> 
     </span>
    </p>
   </div>
   <div class='ocr_carea' id='block_1_80' title="bbox 2204 3369 3842 3445">
    <p class='ocr_par' dir='ltr' id='par_1_80' title="bbox 2204 3369 3842 3445">
     <span class='ocr_line' id='line_1_80' title="bbox 2204 3369 3842 3445; baseline -0.004 -17"><span class='ocrx_word' id='word_1_500' title='bbox 2204 3375 2324 3443; x_wconf 89' lang='lat' dir='ltr'>bat,</span> <span class='ocrx_word' id='word_1_501' title='bbox 2349 3372 2638 3445; x_wconf 89' lang='lat' dir='ltr'>deposuit,</span> <span class='ocrx_word' id='word_1_502' title='bbox 2673 3379 2727 3427; x_wconf 90' lang='lat' dir='ltr'>et</span> <span class='ocrx_word' id='word_1_503' title='bbox 2757 3373 2815 3427; x_wconf 90' lang='lat' dir='ltr'>in</span> <span class='ocrx_word' id='word_1_504' title='bbox 2839 3373 2968 3443; x_wconf 84' lang='lat' dir='ltr'>ejus</span> <span class='ocrx_word' id='word_1_505' title='bbox 3020 3371 3145 3428; x_wconf 91' lang='lat' dir='ltr'>loco</span> <span class='ocrx_word' id='word_1_506' title='bbox 3211 3370 3446 3426; x_wconf 85' lang='lat' dir='ltr'>Menam</span> <span class='ocrx_word' id='word_1_507' title='bbox 3510 3369 3842 3427; x_wconf 86' lang='lat' dir='ltr'>catholicum</span> 
     </span>
    </p>
   </div>
   <div class='ocr_carea' id='block_1_81' title="bbox 2207 3461 2585 3517">
    <p class='ocr_par' dir='ltr' id='par_1_81' title="bbox 2207 3461 2585 3517">
     <span class='ocr_line' id='line_1_81' title="bbox 2207 3461 2585 3517; baseline -0.005 0"><span class='ocrx_word' id='word_1_508' title='bbox 2207 3461 2585 3517; x_wconf 84' lang='lat' dir='ltr'>consecravit.</span> 
     </span>
    </p>
   </div>
   <div class='ocr_carea' id='block_1_82' title="bbox 2282 3546 3845 3618">
    <p class='ocr_par' dir='ltr' id='par_1_82' title="bbox 2282 3546 3845 3618">
     <span class='ocr_line' id='line_1_82' title="bbox 2282 3546 3845 3618; baseline -0.003 -14"><span class='ocrx_word' id='word_1_509' title='bbox 2282 3552 2343 3605; x_wconf 89' lang='lat' dir='ltr'>In</span> <span class='ocrx_word' id='word_1_510' title='bbox 2377 3549 2629 3618; x_wconf 78' lang='lat' dir='ltr'>Perside,</span> <span class='ocrx_word' id='word_1_511' title='bbox 2663 3549 2893 3604; x_wconf 87' lang='lat' dir='ltr'>civitate</span> <span class='ocrx_word' id='word_1_512' title='bbox 2917 3548 3186 3616; x_wconf 92' lang='lat' dir='ltr'>Cordula,</span> <span class='ocrx_word' id='word_1_513' title='bbox 3215 3546 3492 3603; x_wconf 88' lang='lat' dir='ltr'>nativitas</span> <span class='ocrx_word' id='word_1_514' title='bbox 3527 3551 3845 3603; x_wconf 85' lang='lat' dir='ltr'>sanctorum</span> 
     </span>
    </p>
   </div>
   <div class='ocr_carea' id='block_1_83' title="bbox 2208 3634 3852 3709">
    <p class='ocr_par' dir='ltr' id='par_1_83' title="bbox 2208 3634 3852 3709">
     <span class='ocr_line' id='line_1_83' title="bbox 2208 3634 3852 3709; baseline -0.004 -16"><span class='ocrx_word' id='word_1_515' title='bbox 2208 3638 2517 3703; x_wconf 88' lang='lat' dir='ltr'>Parmenii,</span> <span class='ocrx_word' id='word_1_516' title='bbox 2550 3638 2767 3693; x_wconf 74' lang='lat' dir='ltr'>Helinm</span> <span class='ocrx_word' id='word_1_517' title='bbox 2798 3636 3153 3709; x_wconf 67' lang='lat' dir='ltr'>[Holimenze]</span> <span class='ocrx_word' id='word_1_518' title='bbox 3188 3642 3245 3691; x_wconf 87' lang='lat' dir='ltr'>et</span> <span class='ocrx_word' id='word_1_519' title='bbox 3273 3636 3599 3706; x_wconf 80' lang='lat' dir='ltr'>Chrysoteli</span> <span class='ocrx_word' id='word_1_520' title='bbox 3630 3634 3852 3707; x_wconf 74' lang='lat' dir='ltr'>presby-</span> 
     </span>
    </p>
   </div>
   <div class='ocr_carea' id='block_1_84' title="bbox 2207 3721 3850 3793">
    <p class='ocr_par' dir='ltr' id='par_1_84' title="bbox 2207 3721 3850 3793">
     <span class='ocr_line' id='line_1_84' title="bbox 2207 3721 3850 3793; baseline -0.004 -10"><span class='ocrx_word' id='word_1_521' title='bbox 2207 3735 2486 3793; x_wconf 86' lang='lat' dir='ltr'>terorum,</span> <span class='ocrx_word' id='word_1_522' title='bbox 2520 3732 2577 3782; x_wconf 88' lang='lat' dir='ltr'>et</span> <span class='ocrx_word' id='word_1_523' title='bbox 2596 3727 2759 3782; x_wconf 76' lang='lat' dir='ltr'>Lucae</span> <span class='ocrx_word' id='word_1_524' title='bbox 2791 3732 2847 3782; x_wconf 91' lang='lat' dir='ltr'>et</span> <span class='ocrx_word' id='word_1_525' title='bbox 2869 3726 3047 3781; x_wconf 90' lang='lat' dir='ltr'>Marci</span> <span class='ocrx_word' id='word_1_526' title='bbox 3080 3725 3451 3780; x_wconf 84' lang='lat' dir='ltr'>diaeonorum</span> <span class='ocrx_word' id='word_1_527' title='bbox 3481 3724 3559 3777; x_wconf 89' lang='lat' dir='ltr'>de</span> <span class='ocrx_word' id='word_1_528' title='bbox 3604 3721 3850 3791; x_wconf 70' lang='lat' dir='ltr'>Babylo~</span> 
     </span>
    </p>
   </div>
   <div class='ocr_carea' id='block_1_85' title="bbox 2208 3810 3846 3888">
    <p class='ocr_par' dir='ltr' id='par_1_85' title="bbox 2208 3810 3846 3888">
     <span class='ocr_line' id='line_1_85' title="bbox 2208 3810 3846 3888; baseline -0.004 -18"><span class='ocrx_word' id='word_1_529' title='bbox 2208 3816 2324 3871; x_wconf 89' lang='lat' dir='ltr'>nia.</span> <span class='ocrx_word' id='word_1_530' title='bbox 2357 3818 2614 3880; x_wconf 89' lang='lat' dir='ltr'>Quorum</span> <span class='ocrx_word' id='word_1_531' title='bbox 2650 3816 2875 3888; x_wconf 89' lang='lat' dir='ltr'>primus</span> <span class='ocrx_word' id='word_1_532' title='bbox 2910 3810 3846 3887; x_wconf 72' lang='lat' dir='ltr'>przecisaetiamlingualoqueba-</span> 
     </span>
    </p>
   </div>
   <div class='ocr_carea' id='block_1_86' title="bbox 2206 3896 3850 3975">
    <p class='ocr_par' dir='ltr' id='par_1_86' title="bbox 2206 3896 3850 3975">
     <span class='ocr_line' id='line_1_86' title="bbox 2206 3896 3850 3975; baseline -0.005 -16"><span class='ocrx_word' id='word_1_533' title='bbox 2206 3909 2324 3959; x_wconf 90' lang='lat' dir='ltr'>tur.</span> <span class='ocrx_word' id='word_1_534' title='bbox 2355 3903 2570 3958; x_wconf 89' lang='lat' dir='ltr'>Omnes</span> <span class='ocrx_word' id='word_1_535' title='bbox 2600 3903 2657 3958; x_wconf 91' lang='lat' dir='ltr'>in</span> <span class='ocrx_word' id='word_1_536' title='bbox 2692 3903 2938 3975; x_wconf 88' lang='lat' dir='ltr'>equuleo</span> <span class='ocrx_word' id='word_1_537' title='bbox 2972 3902 3245 3975; x_wconf 88' lang='lat' dir='ltr'>suspensi</span> <span class='ocrx_word' id='word_1_538' title='bbox 3278 3907 3331 3957; x_wconf 88' lang='lat' dir='ltr'>et</span> <span class='ocrx_word' id='word_1_539' title='bbox 3353 3900 3605 3955; x_wconf 78' lang='lat' dir='ltr'>nexibus</span> <span class='ocrx_word' id='word_1_540' title='bbox 3625 3896 3850 3953; x_wconf 83' lang='lat' dir='ltr'>attracti</span> 
     </span>
    </p>
   </div>
   <div class='ocr_carea' id='block_1_87' title="bbox 2209 3989 3856 4060">
    <p class='ocr_par' dir='ltr' id='par_1_87' title="bbox 2209 3989 3856 4060">
     <span class='ocr_line' id='line_1_87' title="bbox 2209 3989 3856 4060; baseline -0.004 -11"><span class='ocrx_word' id='word_1_541' title='bbox 2209 3998 2368 4049; x_wconf 90' lang='lat' dir='ltr'>sunt.</span> <span class='ocrx_word' id='word_1_542' title='bbox 2404 3992 2620 4048; x_wconf 90' lang='lat' dir='ltr'>Deinde</span> <span class='ocrx_word' id='word_1_543' title='bbox 2652 3992 2892 4048; x_wconf 84' lang='lat' dir='ltr'>laminis</span> <span class='ocrx_word' id='word_1_544' title='bbox 2914 3992 3263 4047; x_wconf 87' lang='lat' dir='ltr'>ardentibus</span> <span class='ocrx_word' id='word_1_545' title='bbox 3298 3989 3451 4045; x_wconf 87' lang='lat' dir='ltr'>circa</span> <span class='ocrx_word' id='word_1_546' title='bbox 3481 3989 3677 4045; x_wconf 85' lang='lat' dir='ltr'>latera</span> <span class='ocrx_word' id='word_1_547' title='bbox 3699 4002 3856 4060; x_wconf 85' lang='lat' dir='ltr'>appo-</span> 
     </span>
    </p>
   </div>
   <div class='ocr_carea' id='block_1_88' title="bbox 2211 4076 3852 4153">
    <p class='ocr_par' dir='ltr' id='par_1_88' title="bbox 2211 4076 3852 4153">
     <span class='ocr_line' id='line_1_88' title="bbox 2211 4076 3852 4153; baseline -0.005 -15"><span class='ocrx_word' id='word_1_548' title='bbox 2211 4083 2340 4138; x_wconf 80' lang='lat' dir='ltr'>sitis</span> <span class='ocrx_word' id='word_1_549' title='bbox 2366 4082 2631 4147; x_wconf 90' lang='lat' dir='ltr'>ustulati,</span> <span class='ocrx_word' id='word_1_550' title='bbox 2664 4086 2721 4137; x_wconf 92' lang='lat' dir='ltr'>et</span> <span class='ocrx_word' id='word_1_551' title='bbox 2740 4081 3037 4153; x_wconf 86' lang='lat' dir='ltr'>unguibus</span> <span class='ocrx_word' id='word_1_552' title='bbox 3068 4080 3413 4147; x_wconf 84' lang='lat' dir='ltr'>lacerati,ad</span> <span class='ocrx_word' id='word_1_553' title='bbox 3429 4078 3721 4135; x_wconf 86' lang='lat' dir='ltr'>ultimum</span> <span class='ocrx_word' id='word_1_554' title='bbox 3746 4076 3852 4150; x_wconf 82' lang='lat' dir='ltr'>gla-</span> 
     </span>
    </p>
   </div>
   <div class='ocr_carea' id='block_1_89' title="bbox 2209 4164 3859 4241">
    <p class='ocr_par' dir='ltr' id='par_1_89' title="bbox 2209 4164 3859 4241">
     <span class='ocr_line' id='line_1_89' title="bbox 2209 4164 3859 4241; baseline -0.005 -15"><span class='ocrx_word' id='word_1_555' title='bbox 2209 4172 2306 4227; x_wconf 89' lang='lat' dir='ltr'>dio</span> <span class='ocrx_word' id='word_1_556' title='bbox 2337 4170 2614 4225; x_wconf 87' lang='lat' dir='ltr'>trucidati</span> <span class='ocrx_word' id='word_1_557' title='bbox 2640 4173 3091 4241; x_wconf 85' lang='lat' dir='ltr'>sunt,praesente</span> <span class='ocrx_word' id='word_1_558' title='bbox 3113 4173 3487 4241; x_wconf 89' lang='lat' dir='ltr'>persecutore</span> <span class='ocrx_word' id='word_1_559' title='bbox 3517 4164 3859 4224; x_wconf 86' lang='lat' dir='ltr'>Decio.Scri-</span> 
     </span>
    </p>
   </div>
   <div class='ocr_carea' id='block_1_90' title="bbox 2210 4255 3614 4333">
    <p class='ocr_par' dir='ltr' id='par_1_90' title="bbox 2210 4255 3614 4333">
     <span class='ocr_line' id='line_1_90' title="bbox 2210 4255 3614 4333; baseline -0.003 -18"><span class='ocrx_word' id='word_1_560' title='bbox 2210 4264 2379 4333; x_wconf 88' lang='lat' dir='ltr'>ptum</span> <span class='ocrx_word' id='word_1_561' title='bbox 2407 4259 2514 4314; x_wconf 90' lang='lat' dir='ltr'>hoc</span> <span class='ocrx_word' id='word_1_562' title='bbox 2546 4262 2635 4314; x_wconf 88' lang='lat' dir='ltr'>est</span> <span class='ocrx_word' id='word_1_563' title='bbox 2657 4258 2717 4331; x_wconf 77' lang='lat' dir='ltr'>ip</span> <span class='ocrx_word' id='word_1_564' title='bbox 2751 4257 3022 4330; x_wconf 88' lang='lat' dir='ltr'>passione</span> <span class='ocrx_word' id='word_1_565' title='bbox 3053 4258 3239 4313; x_wconf 89' lang='lat' dir='ltr'>sancti</span> <span class='ocrx_word' id='word_1_566' title='bbox 3274 4255 3614 4312; x_wconf 86' lang='lat' dir='ltr'>Laurentii.</span> 
     </span>
    </p>
   </div>
   <div class='ocr_carea' id='block_1_91' title="bbox 2283 4353 3860 4427">
    <p class='ocr_par' dir='ltr' id='par_1_91' title="bbox 2283 4353 3860 4427">
     <span class='ocr_line' id='line_1_91' title="bbox 2283 4353 3860 4427; baseline -0.004 -15"><span class='ocrx_word' id='word_1_567' title='bbox 2283 4357 2423 4412; x_wconf 91' lang='lat' dir='ltr'>Item</span> <span class='ocrx_word' id='word_1_568' title='bbox 2450 4356 2509 4411; x_wconf 90' lang='lat' dir='ltr'>in</span> <span class='ocrx_word' id='word_1_569' title='bbox 2538 4355 2795 4422; x_wconf 91' lang='lat' dir='ltr'>Perside,</span> <span class='ocrx_word' id='word_1_570' title='bbox 2824 4360 3162 4412; x_wconf 88' lang='lat' dir='ltr'>sanctorum</span> <span class='ocrx_word' id='word_1_571' title='bbox 3208 4358 3546 4426; x_wconf 84' lang='lat' dir='ltr'>martyrum</span> <span class='ocrx_word' id='word_1_572' title='bbox 3604 4353 3860 4427; x_wconf 84' lang='lat' dir='ltr'>plurimo-</span> 
     </span>
    </p>
   </div>
   <div class='ocr_carea' id='block_1_92' title="bbox 2209 4444 3856 4517">
    <p class='ocr_par' dir='ltr' id='par_1_92' title="bbox 2209 4444 3856 4517">
     <span class='ocr_line' id='line_1_92' title="bbox 2209 4444 3856 4517; baseline -0.001 -17"><span class='ocrx_word' id='word_1_573' title='bbox 2209 4463 2362 4516; x_wconf 90' lang='lat' dir='ltr'>rum,</span> <span class='ocrx_word' id='word_1_574' title='bbox 2396 4446 2493 4517; x_wconf 84' lang='lat' dir='ltr'>qui</span> <span class='ocrx_word' id='word_1_575' title='bbox 2518 4445 2765 4516; x_wconf 89' lang='lat' dir='ltr'>jubente</span> <span class='ocrx_word' id='word_1_576' title='bbox 2782 4445 3037 4516; x_wconf 87' lang='lat' dir='ltr'>Saphore</span> <span class='ocrx_word' id='word_1_577' title='bbox 3069 4444 3329 4517; x_wconf 71' lang='lat' dir='ltr'>{Sapore}</span> <span class='ocrx_word' id='word_1_578' title='bbox 3360 4447 3545 4498; x_wconf 85' lang='lat' dir='ltr'>Persa</span> <span class='ocrx_word' id='word_1_579' title='bbox 3560 4459 3697 4499; x_wconf 87' lang='lat' dir='ltr'>rum</span> <span class='ocrx_word' id='word_1_580' title='bbox 3729 4454 3856 4510; x_wconf 73' lang='lat' dir='ltr'>rege.</span> 
     </span>
    </p>
   </div>
   <div class='ocr_carea' id='block_1_93' title="bbox 2210 4527 3861 4605">
    <p class='ocr_par' dir='ltr' id='par_1_93' title="bbox 2210 4527 3861 4605">
     <span class='ocr_line' id='line_1_93' title="bbox 2210 4527 3861 4605; baseline -0.005 -15"><span class='ocrx_word' id='word_1_581' title='bbox 2210 4552 2404 4591; x_wconf 90' lang='lat' dir='ltr'>annuo</span> <span class='ocrx_word' id='word_1_582' title='bbox 2437 4534 2529 4589; x_wconf 88' lang='lat' dir='ltr'>die</span> <span class='ocrx_word' id='word_1_583' title='bbox 2560 4550 2692 4588; x_wconf 89' lang='lat' dir='ltr'>cum</span> <span class='ocrx_word' id='word_1_584' title='bbox 2725 4534 3016 4605; x_wconf 89' lang='lat' dir='ltr'>passionis</span> <span class='ocrx_word' id='word_1_585' title='bbox 3047 4532 3361 4590; x_wconf 82' lang='lat' dir='ltr'>Dominicae</span> <span class='ocrx_word' id='word_1_586' title='bbox 3397 4532 3710 4587; x_wconf 85' lang='lat' dir='ltr'>memoria</span> <span class='ocrx_word' id='word_1_587' title='bbox 3737 4527 3861 4585; x_wconf 80' lang='lat' dir='ltr'>cele-</span> 
     </span>
    </p>
   </div>
   <div class='ocr_carea' id='block_1_94' title="bbox 527 4611 3854 4701">
    <p class='ocr_par' dir='ltr' id='par_1_94' title="bbox 527 4611 3854 4701">
     <span class='ocr_line' id='line_1_94' title="bbox 527 4611 3854 4701; baseline -0.002 -22"><span class='ocrx_word' id='word_1_588' title='bbox 527 4625 745 4691; x_wconf 72' lang='lat' dir='ltr'>Romae,</span> <span class='ocrx_word' id='word_1_589' title='bbox 778 4624 963 4680; x_wconf 89' lang='lat' dir='ltr'>sancti</span> <span class='ocrx_word' id='word_1_590' title='bbox 989 4624 1246 4680; x_wconf 88' lang='lat' dir='ltr'>Sotheris</span> <span class='ocrx_word' id='word_1_591' title='bbox 1266 4641 1448 4701; x_wconf 74' lang='lat' dir='ltr'>papae,</span> <span class='ocrx_word' id='word_1_592' title='bbox 1482 4625 1581 4696; x_wconf 91' lang='lat' dir='ltr'>qui</span> <span class='ocrx_word' id='word_1_593' title='bbox 1601 4626 1755 4682; x_wconf 87' lang='lat' dir='ltr'>sedit</span> <span class='ocrx_word' id='word_1_594' title='bbox 1778 4626 1835 4680; x_wconf 92' lang='lat' dir='ltr'>in</span> <span class='ocrx_word' id='word_1_595' title='bbox 1877 4625 2103 4697; x_wconf 88' lang='lat' dir='ltr'>episco-</span> <span class='ocrx_word' id='word_1_596' title='bbox 2134 4611 2181 4676; x_wconf 90' lang='lat' dir='ltr'>D</span> <span class='ocrx_word' id='word_1_597' title='bbox 2214 4625 2436 4688; x_wconf 86' lang='lat' dir='ltr'>bratur,</span> <span class='ocrx_word' id='word_1_598' title='bbox 2468 4640 2570 4694; x_wconf 90' lang='lat' dir='ltr'>per</span> <span class='ocrx_word' id='word_1_599' title='bbox 2600 4627 2782 4678; x_wconf 89' lang='lat' dir='ltr'>totam</span> <span class='ocrx_word' id='word_1_600' title='bbox 2816 4622 3071 4679; x_wconf 89' lang='lat' dir='ltr'>Persidis</span> <span class='ocrx_word' id='word_1_601' title='bbox 3102 4623 3398 4694; x_wconf 85' lang='lat' dir='ltr'>regionem</span> <span class='ocrx_word' id='word_1_602' title='bbox 3430 4621 3596 4675; x_wconf 87' lang='lat' dir='ltr'>tenti</span> <span class='ocrx_word' id='word_1_603' title='bbox 3653 4636 3723 4675; x_wconf 88' lang='lat' dir='ltr'>ac</span> <span class='ocrx_word' id='word_1_604' title='bbox 3775 4632 3854 4689; x_wconf 65' lang='lat' dir='ltr'>pro</span> 
     </span>
    </p>
   </div>
   <div class='ocr_carea' id='block_1_95' title="bbox 454 4713 2100 4785">
    <p class='ocr_par' dir='ltr' id='par_1_95' title="bbox 454 4713 2100 4785">
     <span class='ocr_line' id='line_1_95' title="bbox 454 4713 2100 4785; baseline 0.001 -17"><span class='ocrx_word' id='word_1_605' title='bbox 454 4717 596 4785; x_wconf 91' lang='lat' dir='ltr'>patu</span> <span class='ocrx_word' id='word_1_606' title='bbox 623 4730 810 4769; x_wconf 88' lang='lat' dir='ltr'>annos</span> <span class='ocrx_word' id='word_1_607' title='bbox 840 4730 1066 4784; x_wconf 90' lang='lat' dir='ltr'>novem,</span> <span class='ocrx_word' id='word_1_608' title='bbox 1102 4713 1487 4785; x_wconf 88' lang='lat' dir='ltr'>sepultusque</span> <span class='ocrx_word' id='word_1_609' title='bbox 1518 4720 1603 4768; x_wconf 83' lang='lat' dir='ltr'>est</span> <span class='ocrx_word' id='word_1_610' title='bbox 1656 4713 1715 4768; x_wconf 93' lang='lat' dir='ltr'>in</span> <span class='ocrx_word' id='word_1_611' title='bbox 1775 4715 2100 4770; x_wconf 84' lang='lat' dir='ltr'>coemeterio</span> 
     </span>
    </p>
   </div>
   <div class='ocr_carea' id='block_1_96' title="bbox 434 4801 2099 4877">
    <p class='ocr_par' dir='ltr' id='par_1_96' title="bbox 434 4801 2099 4877">
     <span class='ocr_line' id='line_1_96' title="bbox 434 4801 2099 4877; baseline 0.001 -21"><span class='ocrx_word' id='word_1_612' title='bbox 434 4801 878 4877; x_wconf 79' lang='lat' dir='ltr'>_beatiCallixti.</span> <span class='ocrx_word' id='word_1_613' title='bbox 909 4802 1005 4856; x_wconf 87' lang='lat' dir='ltr'>[lic</span> <span class='ocrx_word' id='word_1_614' title='bbox 1030 4802 1333 4857; x_wconf 90' lang='lat' dir='ltr'>constituit</span> <span class='ocrx_word' id='word_1_615' title='bbox 1357 4808 1417 4856; x_wconf 91' lang='lat' dir='ltr'>ut</span> <span class='ocrx_word' id='word_1_616' title='bbox 1442 4801 1598 4856; x_wconf 86' lang='lat' dir='ltr'>nulla</span> <span class='ocrx_word' id='word_1_617' title='bbox 1629 4802 1914 4858; x_wconf 89' lang='lat' dir='ltr'>monacha</span> <span class='ocrx_word' id='word_1_618' title='bbox 1974 4803 2099 4875; x_wconf 85' lang='lat' dir='ltr'>pal-</span> 
     </span>
    </p>
   </div>
   <div class='ocr_carea' id='block_1_97' title="bbox 450 4888 2102 4975">
    <p class='ocr_par' dir='ltr' id='par_1_97' title="bbox 450 4888 2102 4975">
     <span class='ocr_line' id='line_1_97' title="bbox 450 4888 2102 4975; baseline 0.001 -30"><span class='ocrx_word' id='word_1_619' title='bbox 450 4888 569 4945; x_wconf 87' lang='lat' dir='ltr'>lam</span> <span class='ocrx_word' id='word_1_620' title='bbox 604 4893 895 4945; x_wconf 89' lang='lat' dir='ltr'>sacratam</span> <span class='ocrx_word' id='word_1_621' title='bbox 927 4890 1287 4961; x_wconf 87' lang='lat' dir='ltr'>contingeret</span> <span class='ocrx_word' id='word_1_622' title='bbox 1317 4890 1373 4943; x_wconf 91' lang='lat' dir='ltr'>in</span> <span class='ocrx_word' id='word_1_623' title='bbox 1403 4888 1668 4975; x_wconf 59' lang='lat' dir='ltr'>ecclesia,</span> <span class='ocrx_word' id='word_1_624' title='bbox 1698 4908 1886 4962; x_wconf 88' lang='lat' dir='ltr'>neque</span> <span class='ocrx_word' id='word_1_625' title='bbox 1908 4892 2102 4947; x_wconf 90' lang='lat' dir='ltr'>incen-</span> 
     </span>
    </p>
   </div>
   <div class='ocr_carea' id='block_1_98' title="bbox 454 4984 881 5051">
    <p class='ocr_par' dir='ltr' id='par_1_98' title="bbox 454 4984 881 5051">
     <span class='ocr_line' id='line_1_98' title="bbox 454 4984 881 5051; baseline -0.007 -15"><span class='ocrx_word' id='word_1_626' title='bbox 454 4996 589 5036; x_wconf 90' lang='lat' dir='ltr'>sum</span> <span class='ocrx_word' id='word_1_627' title='bbox 622 4984 881 5051; x_wconf 89' lang='lat' dir='ltr'>poneret.</span> 
     </span>
    </p>
   </div>
   <div class='ocr_carea' id='block_1_99' title="bbox 522 5067 2100 5141">
    <p class='ocr_par' dir='ltr' id='par_1_99' title="bbox 522 5067 2100 5141">
     <span class='ocr_line' id='line_1_99' title="bbox 522 5067 2100 5141; baseline 0 -17"><span class='ocrx_word' id='word_1_628' title='bbox 522 5070 584 5124; x_wconf 92' lang='lat' dir='ltr'>In</span> <span class='ocrx_word' id='word_1_629' title='bbox 617 5067 852 5125; x_wconf 89' lang='lat' dir='ltr'>Perside</span> <span class='ocrx_word' id='word_1_630' title='bbox 877 5067 1146 5123; x_wconf 89' lang='lat' dir='ltr'>nativitas</span> <span class='ocrx_word' id='word_1_631' title='bbox 1175 5068 1362 5123; x_wconf 87' lang='lat' dir='ltr'>sancti</span> <span class='ocrx_word' id='word_1_632' title='bbox 1385 5068 1676 5123; x_wconf 88' lang='lat' dir='ltr'>Simeonis</span> <span class='ocrx_word' id='word_1_633' title='bbox 1708 5068 1964 5141; x_wconf 91' lang='lat' dir='ltr'>episcopi</span> <span class='ocrx_word' id='word_1_634' title='bbox 2001 5074 2100 5125; x_wconf 86' lang='lat' dir='ltr'>Se-</span> 
     </span>
    </p>
   </div>
   <div class='ocr_carea' id='block_1_100' title="bbox 451 5155 2104 5232">
    <p class='ocr_par' dir='ltr' id='par_1_100' title="bbox 451 5155 2104 5232">
     <span class='ocr_line' id='line_1_100' title="bbox 451 5155 2104 5232; baseline 0.001 -19"><span class='ocrx_word' id='word_1_635' title='bbox 451 5156 674 5228; x_wconf 57' lang='lat' dir='ltr'>leucia,</span> <span class='ocrx_word' id='word_1_636' title='bbox 692 5161 766 5213; x_wconf 87' lang='lat' dir='ltr'>&#39;et</span> <span class='ocrx_word' id='word_1_637' title='bbox 790 5155 1183 5229; x_wconf 85' lang='lat' dir='ltr'>Ctesiphontis</span> <span class='ocrx_word' id='word_1_638' title='bbox 1206 5156 1487 5229; x_wconf 85' lang='lat' dir='ltr'>regalium</span> <span class='ocrx_word' id='word_1_639' title='bbox 1512 5158 1948 5222; x_wconf 86' lang='lat' dir='ltr'>civitatum.0ui</span> <span class='ocrx_word' id='word_1_640' title='bbox 1970 5177 2104 5232; x_wconf 78' lang='lat' dir='ltr'>per~</span> 
     </span>
    </p>
   </div>
   <div class='ocr_carea' id='block_1_101' title="bbox 451 5245 2101 5319">
    <p class='ocr_par' dir='ltr' id='par_1_101' title="bbox 451 5245 2101 5319">
     <span class='ocr_line' id='line_1_101' title="bbox 451 5245 2101 5319; baseline 0 -15"><span class='ocrx_word' id='word_1_641' title='bbox 451 5247 752 5304; x_wconf 88' lang='lat' dir='ltr'>secutione</span> <span class='ocrx_word' id='word_1_642' title='bbox 782 5246 1062 5319; x_wconf 88' lang='lat' dir='ltr'>Saphoris</span> <span class='ocrx_word' id='word_1_643' title='bbox 1095 5245 1375 5318; x_wconf 85' lang='lat' dir='ltr'>[Saporis]</span> <span class='ocrx_word' id='word_1_644' title='bbox 1408 5245 1562 5318; x_wconf 87' lang='lat' dir='ltr'>regis</span> <span class='ocrx_word' id='word_1_645' title='bbox 1620 5250 1953 5318; x_wconf 85' lang='lat' dir='ltr'>Persarum,</span> <span class='ocrx_word' id='word_1_646' title='bbox 2006 5250 2101 5318; x_wconf 91' lang='lat' dir='ltr'>ju-</span> 
     </span>
    </p>
   </div>
   <div class='ocr_carea' id='block_1_102' title="bbox 448 5335 2100 5409">
    <p class='ocr_par' dir='ltr' id='par_1_102' title="bbox 448 5335 2100 5409">
     <span class='ocr_line' id='line_1_102' title="bbox 448 5335 2100 5409; baseline 0.001 -18"><span class='ocrx_word' id='word_1_647' title='bbox 448 5336 620 5392; x_wconf 89' lang='lat' dir='ltr'>bente</span> <span class='ocrx_word' id='word_1_648' title='bbox 641 5336 843 5391; x_wconf 90' lang='lat' dir='ltr'>eodem</span> <span class='ocrx_word' id='word_1_649' title='bbox 872 5340 1141 5409; x_wconf 83' lang='lat' dir='ltr'>tyranno,</span> <span class='ocrx_word' id='word_1_650' title='bbox 1177 5335 1637 5406; x_wconf 87' lang='lat' dir='ltr'>comprehensus</span> <span class='ocrx_word' id='word_1_651' title='bbox 1664 5336 1931 5407; x_wconf 79' lang='lat' dir='ltr'>ferroque</span> <span class='ocrx_word' id='word_1_652' title='bbox 1956 5354 2100 5392; x_wconf 85' lang='lat' dir='ltr'>onu-</span> 
     </span>
    </p>
   </div>
   <div class='ocr_carea' id='block_1_103' title="bbox 450 5423 2101 5496">
    <p class='ocr_par' dir='ltr' id='par_1_103' title="bbox 450 5423 2101 5496">
     <span class='ocr_line' id='line_1_103' title="bbox 450 5423 2101 5496; baseline -0.001 -15"><span class='ocrx_word' id='word_1_653' title='bbox 450 5428 602 5493; x_wconf 87' lang='lat' dir='ltr'>stus,</span> <span class='ocrx_word' id='word_1_654' title='bbox 629 5440 763 5480; x_wconf 89' lang='lat' dir='ltr'>cum</span> <span class='ocrx_word' id='word_1_655' title='bbox 797 5423 1017 5496; x_wconf 91' lang='lat' dir='ltr'>iniquis</span> <span class='ocrx_word' id='word_1_656' title='bbox 1048 5423 1532 5479; x_wconf 88' lang='lat' dir='ltr'>tribulationibus</span> <span class='ocrx_word' id='word_1_657' title='bbox 1581 5424 1708 5494; x_wconf 87' lang='lat' dir='ltr'>ejus</span> <span class='ocrx_word' id='word_1_658' title='bbox 1769 5425 2101 5496; x_wconf 87' lang='lat' dir='ltr'>aspectibus</span> 
     </span>
    </p>
   </div>
   <div class='ocr_carea' id='block_1_104' title="bbox 457 5511 2103 5580">
    <p class='ocr_par' dir='ltr' id='par_1_104' title="bbox 457 5511 2103 5580">
     <span class='ocr_line' id='line_1_104' title="bbox 457 5511 2103 5580; baseline 0 -10"><span class='ocrx_word' id='word_1_659' title='bbox 457 5513 775 5580; x_wconf 80' lang='lat' dir='ltr'>exhibitus,</span> <span class='ocrx_word' id='word_1_660' title='bbox 810 5514 880 5569; x_wconf 91' lang='lat' dir='ltr'>de</span> <span class='ocrx_word' id='word_1_661' title='bbox 911 5513 1159 5569; x_wconf 93' lang='lat' dir='ltr'>Domino</span> <span class='ocrx_word' id='word_1_662' title='bbox 1189 5513 1327 5569; x_wconf 87' lang='lat' dir='ltr'>Jesu</span> <span class='ocrx_word' id='word_1_663' title='bbox 1360 5511 1591 5567; x_wconf 89' lang='lat' dir='ltr'>Christo</span> <span class='ocrx_word' id='word_1_664' title='bbox 1623 5513 1805 5569; x_wconf 89' lang='lat' dir='ltr'>libera</span> <span class='ocrx_word' id='word_1_665' title='bbox 1861 5531 1998 5569; x_wconf 89' lang='lat' dir='ltr'>voce</span> <span class='ocrx_word' id='word_1_666' title='bbox 2047 5519 2103 5570; x_wconf 89' lang='lat' dir='ltr'>et</span> 
     </span>
    </p>
   </div>
   <div class='ocr_carea' id='block_1_105' title="bbox 453 5602 2100 5677">
    <p class='ocr_par' dir='ltr' id='par_1_105' title="bbox 453 5602 2100 5677">
     <span class='ocr_line' id='line_1_105' title="bbox 453 5602 2100 5677; baseline 0 -17"><span class='ocrx_word' id='word_1_667' title='bbox 453 5602 937 5660; x_wconf 78' lang='lat' dir='ltr'>constantissime.</span> <span class='ocrx_word' id='word_1_668' title='bbox 968 5606 1299 5674; x_wconf 89' lang='lat' dir='ltr'>testaretur,</span> <span class='ocrx_word' id='word_1_669' title='bbox 1333 5602 1589 5675; x_wconf 91' lang='lat' dir='ltr'>primum</span> <span class='ocrx_word' id='word_1_670' title='bbox 1623 5603 1895 5659; x_wconf 88' lang='lat' dir='ltr'>carcerali</span> <span class='ocrx_word' id='word_1_671' title='bbox 1936 5620 2100 5677; x_wconf 88' lang='lat' dir='ltr'>erga-</span> 
     </span>
    </p>
   </div>
   <div class='ocr_carea' id='block_1_106' title="bbox 455 5690 2101 5771">
    <p class='ocr_par' dir='ltr' id='par_1_106' title="bbox 455 5690 2101 5771">
     <span class='ocr_line' id='line_1_106' title="bbox 455 5690 2101 5771; baseline 0.002 -20"><span class='ocrx_word' id='word_1_672' title='bbox 455 5690 612 5751; x_wconf 79' lang='lat' dir='ltr'>stulo</span> <span class='ocrx_word' id='word_1_673' title='bbox 641 5707 777 5753; x_wconf 85' lang='lat' dir='ltr'>cum</span> <span class='ocrx_word' id='word_1_674' title='bbox 808 5691 942 5751; x_wconf 86' lang='lat' dir='ltr'>aliis</span> <span class='ocrx_word' id='word_1_675' title='bbox 978 5696 1236 5764; x_wconf 85' lang='lat' dir='ltr'>centum,</span> <span class='ocrx_word' id='word_1_676' title='bbox 1267 5708 1297 5750; x_wconf 90' lang='lat' dir='ltr'>e</span> <span class='ocrx_word' id='word_1_677' title='bbox 1325 5692 1545 5767; x_wconf 86' lang='lat' dir='ltr'>quibus</span> <span class='ocrx_word' id='word_1_678' title='bbox 1576 5690 1674 5750; x_wconf 85' lang='lat' dir='ltr'>alii</span> <span class='ocrx_word' id='word_1_679' title='bbox 1704 5692 1961 5771; x_wconf 86' lang='lat' dir='ltr'>episcopi</span> <span class='ocrx_word' id='word_1_680' title='bbox 2001 5693 2101 5755; x_wconf 86' lang='lat' dir='ltr'>alii</span> 
     </span>
    </p>
   </div>
   <div class='ocr_carea' id='block_1_107' title="bbox 2210 4704 3851 4783">
    <p class='ocr_par' dir='ltr' id='par_1_107' title="bbox 2210 4704 3851 4783">
     <span class='ocr_line' id='line_1_107' title="bbox 2210 4704 3851 4783; baseline -0.005 -14"><span class='ocrx_word' id='word_1_681' title='bbox 2210 4712 2423 4769; x_wconf 82' lang='lat' dir='ltr'>Christi</span> <span class='ocrx_word' id='word_1_682' title='bbox 2455 4712 2689 4767; x_wconf 89' lang='lat' dir='ltr'>nomine</span> <span class='ocrx_word' id='word_1_683' title='bbox 2720 4711 2913 4783; x_wconf 88' lang='lat' dir='ltr'>gladio</span> <span class='ocrx_word' id='word_1_684' title='bbox 2943 4717 3082 4767; x_wconf 91' lang='lat' dir='ltr'>sunt</span> <span class='ocrx_word' id='word_1_685' title='bbox 3102 4708 3378 4783; x_wconf 82' lang='lat' dir='ltr'>jugulati.</span> <span class='ocrx_word' id='word_1_686' title='bbox 3428 4708 3496 4762; x_wconf 83' lang='lat' dir='ltr'>In</span> <span class='ocrx_word' id='word_1_687' title='bbox 3564 4726 3692 4782; x_wconf 87' lang='lat' dir='ltr'>quo</span> <span class='ocrx_word' id='word_1_688' title='bbox 3747 4704 3851 4761; x_wconf 76' lang='lat' dir='ltr'>ﬁdei</span> 
     </span>
    </p>
   </div>
   <div class='ocr_carea' id='block_1_108' title="bbox 2210 4796 3859 4872">
    <p class='ocr_par' dir='ltr' id='par_1_108' title="bbox 2210 4796 3859 4872">
     <span class='ocr_line' id='line_1_108' title="bbox 2210 4796 3859 4872; baseline -0.005 -15"><span class='ocrx_word' id='word_1_689' title='bbox 2210 4801 2524 4857; x_wconf 88' lang='lat' dir='ltr'>certamine</span> <span class='ocrx_word' id='word_1_690' title='bbox 2548 4817 2757 4872; x_wconf 89' lang='lat' dir='ltr'>passus</span> <span class='ocrx_word' id='word_1_691' title='bbox 2780 4803 2870 4856; x_wconf 90' lang='lat' dir='ltr'>est</span> <span class='ocrx_word' id='word_1_692' title='bbox 2890 4800 3063 4855; x_wconf 88' lang='lat' dir='ltr'>etiam</span> <span class='ocrx_word' id='word_1_693' title='bbox 3090 4798 3352 4854; x_wconf 86' lang='lat' dir='ltr'>Milesius</span> <span class='ocrx_word' id='word_1_694' title='bbox 3373 4796 3632 4870; x_wconf 66' lang='lat' dir='ltr'>[Milles]</span> <span class='ocrx_word' id='word_1_695' title='bbox 3665 4797 3859 4868; x_wconf 76' lang='lat' dir='ltr'>episco-</span> 
     </span>
    </p>
   </div>
   <div class='ocr_carea' id='block_1_109' title="bbox 2210 4886 3854 4962">
    <p class='ocr_par' dir='ltr' id='par_1_109' title="bbox 2210 4886 3854 4962">
     <span class='ocr_line' id='line_1_109' title="bbox 2210 4886 3854 4962; baseline -0.006 -17"><span class='ocrx_word' id='word_1_696' title='bbox 2210 4907 2340 4962; x_wconf 90' lang='lat' dir='ltr'>pus,</span> <span class='ocrx_word' id='word_1_697' title='bbox 2365 4890 2674 4945; x_wconf 87' lang='lat' dir='ltr'>sanctitate</span> <span class='ocrx_word' id='word_1_698' title='bbox 2696 4898 2744 4944; x_wconf 87' lang='lat' dir='ltr'>et</span> <span class='ocrx_word' id='word_1_699' title='bbox 2771 4888 3187 4944; x_wconf 89' lang='lat' dir='ltr'>miraculorum</span> <span class='ocrx_word' id='word_1_700' title='bbox 3210 4886 3395 4959; x_wconf 84' lang='lat' dir='ltr'>gloria</span> <span class='ocrx_word' id='word_1_701' title='bbox 3416 4886 3721 4959; x_wconf 86' lang='lat' dir='ltr'>insignis.</span> <span class='ocrx_word' id='word_1_702' title='bbox 3748 4890 3854 4939; x_wconf 73' lang='lat' dir='ltr'>Ace-</span> 
     </span>
    </p>
   </div>
   <div class='ocr_carea' id='block_1_110' title="bbox 2210 4970 3848 5051">
    <p class='ocr_par' dir='ltr' id='par_1_110' title="bbox 2210 4970 3848 5051">
     <span class='ocr_line' id='line_1_110' title="bbox 2210 4970 3848 5051; baseline -0.005 -16"><span class='ocrx_word' id='word_1_703' title='bbox 2210 4980 2433 5051; x_wconf 88' lang='lat' dir='ltr'>psimas</span> <span class='ocrx_word' id='word_1_704' title='bbox 2468 4994 2700 5049; x_wconf 85' lang='lat' dir='ltr'>quoque</span> <span class='ocrx_word' id='word_1_705' title='bbox 2733 4981 3041 5050; x_wconf 88' lang='lat' dir='ltr'>cpiscopus</span> <span class='ocrx_word' id='word_1_706' title='bbox 3072 4995 3204 5033; x_wconf 88' lang='lat' dir='ltr'>cum</span> <span class='ocrx_word' id='word_1_707' title='bbox 3237 4975 3596 5048; x_wconf 85' lang='lat' dir='ltr'>presbytero</span> <span class='ocrx_word' id='word_1_708' title='bbox 3634 4990 3743 5031; x_wconf 88' lang='lat' dir='ltr'>suo</span> <span class='ocrx_word' id='word_1_709' title='bbox 3776 4970 3848 5026; x_wconf 80' lang='lat' dir='ltr'>Ja-</span> 
     </span>
    </p>
   </div>
   <div class='ocr_carea' id='block_1_111' title="bbox 2210 5062 3856 5137">
    <p class='ocr_par' dir='ltr' id='par_1_111' title="bbox 2210 5062 3856 5137">
     <span class='ocr_line' id='line_1_111' title="bbox 2210 5062 3856 5137; baseline -0.005 -15"><span class='ocrx_word' id='word_1_710' title='bbox 2210 5069 2372 5132; x_wconf 84' lang='lat' dir='ltr'>cobo,</span> <span class='ocrx_word' id='word_1_711' title='bbox 2405 5073 2462 5123; x_wconf 88' lang='lat' dir='ltr'>et</span> <span class='ocrx_word' id='word_1_712' title='bbox 2490 5068 2713 5123; x_wconf 89' lang='lat' dir='ltr'>Mareas</span> <span class='ocrx_word' id='word_1_713' title='bbox 2738 5071 2795 5121; x_wconf 87' lang='lat' dir='ltr'>et</span> <span class='ocrx_word' id='word_1_714' title='bbox 2822 5067 2987 5122; x_wconf 87' lang='lat' dir='ltr'>Bieor</span> <span class='ocrx_word' id='word_1_715' title='bbox 3012 5066 3396 5121; x_wconf 87' lang='lat' dir='ltr'>nihilominus</span> <span class='ocrx_word' id='word_1_716' title='bbox 3447 5062 3741 5137; x_wconf 81' lang='lat' dir='ltr'>episcopi</span> <span class='ocrx_word' id='word_1_717' title='bbox 3762 5072 3856 5117; x_wconf 65' lang='lat' dir='ltr'>cum</span> 
     </span>
    </p>
   </div>
   <div class='ocr_carea' id='block_1_112' title="bbox 2200 5146 3844 5227">
    <p class='ocr_par' dir='ltr' id='par_1_112' title="bbox 2200 5146 3844 5227">
     <span class='ocr_line' id='line_1_112' title="bbox 2200 5146 3844 5227; baseline -0.005 -16"><span class='ocrx_word' id='word_1_718' title='bbox 2200 5156 2432 5225; x_wconf 31' lang='lat' dir='ltr'>.clericis</span> <span class='ocrx_word' id='word_1_719' title='bbox 2466 5159 2581 5211; x_wconf 77' lang='lat' dir='ltr'>fere</span> <span class='ocrx_word' id='word_1_720' title='bbox 2614 5155 2903 5223; x_wconf 87' lang='lat' dir='ltr'>ducentis,</span> <span class='ocrx_word' id='word_1_721' title='bbox 2938 5161 2994 5209; x_wconf 89' lang='lat' dir='ltr'>et</span> <span class='ocrx_word' id='word_1_722' title='bbox 3041 5153 3471 5227; x_wconf 85' lang='lat' dir='ltr'>quinquaginta</span> <span class='ocrx_word' id='word_1_723' title='bbox 3541 5146 3844 5208; x_wconf 71' lang='lat' dir='ltr'>monachis.</span> 
     </span>
    </p>
   </div>
   <div class='ocr_carea' id='block_1_113' title="bbox 2210 5237 3844 5316">
    <p class='ocr_par' dir='ltr' id='par_1_113' title="bbox 2210 5237 3844 5316">
     <span class='ocr_line' id='line_1_113' title="bbox 2210 5237 3844 5316; baseline -0.007 -14"><span class='ocrx_word' id='word_1_724' title='bbox 2210 5247 2385 5303; x_wconf 88' lang='lat' dir='ltr'>etiam</span> <span class='ocrx_word' id='word_1_725' title='bbox 2417 5246 2659 5301; x_wconf 87' lang='lat' dir='ltr'>sacratis</span> <span class='ocrx_word' id='word_1_726' title='bbox 2688 5244 3013 5316; x_wconf 88' lang='lat' dir='ltr'>virginibus</span> <span class='ocrx_word' id='word_1_727' title='bbox 3032 5242 3320 5316; x_wconf 83' lang='lat' dir='ltr'>plurimis.</span> <span class='ocrx_word' id='word_1_728' title='bbox 3346 5242 3511 5296; x_wconf 85' lang='lat' dir='ltr'>Inter</span> <span class='ocrx_word' id='word_1_729' title='bbox 3528 5237 3844 5311; x_wconf 71' lang='lat' dir='ltr'>quasetism</span> 
     </span>
    </p>
   </div>
   <div class='ocr_carea' id='block_1_114' title="bbox 2211 5324 3841 5405">
    <p class='ocr_par' dir='ltr' id='par_1_114' title="bbox 2211 5324 3841 5405">
     <span class='ocr_line' id='line_1_114' title="bbox 2211 5324 3841 5405; baseline -0.004 -13"><span class='ocrx_word' id='word_1_730' title='bbox 2211 5342 2267 5393; x_wconf 90' lang='lat' dir='ltr'>et</span> <span class='ocrx_word' id='word_1_731' title='bbox 2297 5350 2552 5391; x_wconf 89' lang='lat' dir='ltr'>sororem</span> <span class='ocrx_word' id='word_1_732' title='bbox 2586 5334 2769 5388; x_wconf 90' lang='lat' dir='ltr'>sancti</span> <span class='ocrx_word' id='word_1_733' title='bbox 2801 5332 3055 5405; x_wconf 87' lang='lat' dir='ltr'>episcopi</span> <span class='ocrx_word' id='word_1_734' title='bbox 3096 5336 3153 5387; x_wconf 89' lang='lat' dir='ltr'>et</span> <span class='ocrx_word' id='word_1_735' title='bbox 3209 5329 3485 5401; x_wconf 88' lang='lat' dir='ltr'>martyris</span> <span class='ocrx_word' id='word_1_736' title='bbox 3548 5324 3841 5385; x_wconf 61' lang='lat' dir='ltr'>Simeenis,</span> 
     </span>
    </p>
   </div>
   <div class='ocr_carea' id='block_1_115' title="bbox 2210 5418 3845 5493">
    <p class='ocr_par' dir='ltr' id='par_1_115' title="bbox 2210 5418 3845 5493">
     <span class='ocr_line' id='line_1_115' title="bbox 2210 5418 3845 5493; baseline -0.007 -13"><span class='ocrx_word' id='word_1_737' title='bbox 2210 5425 2447 5481; x_wconf 89' lang='lat' dir='ltr'>nomine</span> <span class='ocrx_word' id='word_1_738' title='bbox 2476 5423 2769 5477; x_wconf 88' lang='lat' dir='ltr'>Tarbuam</span> <span class='ocrx_word' id='word_1_739' title='bbox 2803 5422 3178 5493; x_wconf 81' lang='lat' dir='ltr'>[Tarbulam],</span> <span class='ocrx_word' id='word_1_740' title='bbox 3216 5436 3349 5475; x_wconf 89' lang='lat' dir='ltr'>cum</span> <span class='ocrx_word' id='word_1_741' title='bbox 3378 5418 3732 5492; x_wconf 81' lang='lat' dir='ltr'>pedisequa</span> <span class='ocrx_word' id='word_1_742' title='bbox 3769 5423 3845 5468; x_wconf 62' lang='lat' dir='ltr'>sm</span> 
     </span>
    </p>
   </div>
   <div class='ocr_carea' id='block_1_116' title="bbox 2210 5500 3849 5586">
    <p class='ocr_par' dir='ltr' id='par_1_116' title="bbox 2210 5500 3849 5586">
     <span class='ocr_line' id='line_1_116' title="bbox 2210 5500 3849 5586; baseline -0.009 -15"><span class='ocrx_word' id='word_1_743' title='bbox 2210 5514 2508 5586; x_wconf 87' lang='lat' dir='ltr'>stipitibus</span> <span class='ocrx_word' id='word_1_744' title='bbox 2549 5510 2883 5583; x_wconf 87' lang='lat' dir='ltr'>alligantes,</span> <span class='ocrx_word' id='word_1_745' title='bbox 2918 5528 3208 5583; x_wconf 80' lang='lat' dir='ltr'>serraquae</span> <span class='ocrx_word' id='word_1_746' title='bbox 3238 5508 3539 5565; x_wconf 83' lang='lat' dir='ltr'>ﬁndcntes</span> <span class='ocrx_word' id='word_1_747' title='bbox 3598 5500 3849 5564; x_wconf 73' lang='lat' dir='ltr'>crudelis-</span> 
     </span>
    </p>
   </div>
   <div class='ocr_carea' id='block_1_117' title="bbox 2210 5604 2751 5662">
    <p class='ocr_par' dir='ltr' id='par_1_117' title="bbox 2210 5604 2751 5662">
     <span class='ocr_line' id='line_1_117' title="bbox 2210 5604 2751 5662; baseline -0.013 -1"><span class='ocrx_word' id='word_1_748' title='bbox 2210 5604 2357 5662; x_wconf 89' lang='lat' dir='ltr'>sime</span> <span class='ocrx_word' id='word_1_749' title='bbox 2380 5605 2751 5658; x_wconf 79' lang='lat' dir='ltr'>necaverunt.</span> 
     </span>
    </p>
   </div>
   <div class='ocr_carea' id='block_1_118' title="bbox 2282 5682 3859 5769">
    <p class='ocr_par' dir='ltr' id='par_1_118' title="bbox 2282 5682 3859 5769">
     <span class='ocr_line' id='line_1_118' title="bbox 2282 5682 3859 5769; baseline -0.004 -20"><span class='ocrx_word' id='word_1_750' title='bbox 2282 5692 2565 5769; x_wconf 85' lang='lat' dir='ltr'>Lugdune</span> <span class='ocrx_word' id='word_1_751' title='bbox 2594 5688 2790 5750; x_wconf 78' lang='lat' dir='ltr'>Gallias</span> <span class='ocrx_word' id='word_1_752' title='bbox 2822 5690 3009 5749; x_wconf 84' lang='lat' dir='ltr'>sancti</span> <span class='ocrx_word' id='word_1_753' title='bbox 3023 5687 3313 5768; x_wconf 83' lang='lat' dir='ltr'>Epipodii,</span> <span class='ocrx_word' id='word_1_754' title='bbox 3330 5686 3430 5766; x_wconf 89' lang='lat' dir='ltr'>qui</span> <span class='ocrx_word' id='word_1_755' title='bbox 3452 5682 3859 5764; x_wconf 67' lang='lat' dir='ltr'>persecutione</span> 
     </span>
    </p>
   </div>
  </div>
