4012 6198
232 368 372 431 1069

1213 368 1923 431 MARTYBOLOGIUM.
1958 401 2035 411 -—-
2069 367 2306 431 MENS.
2353 370 2610 431 APRIL.

3457 373 3612 436 1070

229 501 494 558 Antonini
522 500 815 575 Veri,post
845 503 1128 576 gloriosos
1151 503 1540 575 quadraginta
1562 507 1688 557 octo
1710 519 1857 556 mar-
1887 503 1941 567 Α
1972 501 2199 572 primus
2230 502 2590 557 Alexandriae
2614 503 2911 558 Christum
2934 502 3323 558 annuntiavit.
3349 504 3615 562 Meminit

228 594 403 661 tyrurn
437 609 674 663 agones,
710 594 811 665 qui
845 594 899 647 in
933 595 1132 648 eadem
1165 594 1305 648 urbe
1338 593 1495 664 passi
1528 596 1683 655 sunt,
1721 608 1853 645 cum

227 678 533 736 Alexandro
565 683 908 737 charissimo
940 683 1161 756 collega
1192 687 1406 743 tentus,
1437 684 1563 754 ipso
1621 680 1854 735 interim

228 767 280 822 in
308 785 588 825 carcerem
620 771 995 842 truso,primo
1019 789 1082 827 os
1105 773 1267 826 duris
1292 787 1619 843 pugnorum
1643 770 1856 824 ictibus

231 858 630 928 caasus,deinde
661 859 891 931 equulei
924 861 1257 915 extensione
1293 864 1854 931 vexatus,postremo

230 947 552 1017 martyrium
586 948 793 1019 capitis
825 950 1183 1004 abscissionc
1215 948 1545 1019 complevit.

298 1035 358 1088 IX
385 1036 515 1090 KAL.
548 1039 703 1092 Man.
741 1068 809 1075 —
841 1038 915 1108 (α)
948 1038 1007 1091 In
1040 1037 1546 1102 Perside,civitate
1578 1035 1850 1107 Diospoli,

240 1124 415 1193 passio
447 1125 633 1179 sancti
665 1126 893 1197 Georgii
929 1127 1222 1197 martyris,
1264 1126 1364 1196 qui
1420 1127 1528 1180 sub
1587 1125 1851 1188 Datiano,

228 1227 344 1283 rege
373 1214 780 1284 potentissimo
810 1215 911 1285 qui
943 1216 1354 1269 dominabatur
1400 1231 1577 1287 super
1617 1219 1852 1285 septua-

225 1301 372 1371 ginta
400 1319 582 1373 rsges,
620 1302 823 1358 multis
855 1303 1155 1359 miraculis
1186 1304 1413 1371 claruit,
1449 1303 1851 1375 plurimosque

226 1390 290 1443 ad
318 1391 486 1446 ﬁdem
517 1391 729 1447 Christi
773 1395 1073 1458 convertit,
1108 1393 1283 1447 simul
1334 1399 1391 1447 et
1441 1393 1847 1460 Alexandrum,

224 1477 396 1550 ipsius
432 1481 656 1535 Datiani
692 1498 951 1547 uxorem,
992 1499 1173 1550 usque
1204 1484 1275 1537 ad
1328 1482 1673 1553 martyrium
1713 1500 1851 1537 con-

220 1568 457 1623 fortavit.
492 1570 620 1641 Ipse
649 1587 781 1624 vero
813 1578 942 1641 post
974 1571 1193 1625 multos
1223 1576 1279 1626 et
1311 1572 1605 1626 inauditos
1636 1588 1850 1643 agones

232 1657 531 1713 novissime
563 1658 902 1728 decollatus,
937 1660 1281 1732 martyrium
1331 1678 1506 1716 suum
1546 1662 1851 1733 sanguinis

221 1745 486 1801 effusione
517 1748 967 1803 consummavit.
1004 1747 1184 1819 Cujus
1228 1754 1391 1821 gesta
1422 1750 1848 1820 passionis,etsi

218 1835 358 1890 inter
379 1835 739 1908 apocryphas
771 1842 1271 1892 connumerantur
1301 1838 1845 1910 scripturas,tamcn
1882 1877 1929 1942 Β

220 1922 670 1979 illustrissimum
702 1926 830 1994 ejus
861 1926 1207 1998 martyrium
1239 1927 1390 1981 inter
1420 1945 1664 1982 coronas
1695 1944 1848 1984 mar-

220 2017 395 2083 tyrum
425 2013 684 2069 Ecclesia
714 2014 810 2068 Dei
843 2015 1249 2071 venerabiliter
1276 2016 1524 2071 honorat

218 2102 418 2172 Romae,
452 2104 635 2159 sancti
666 2104 931 2159 Naboris.
968 2106 1030 2159 In
1060 2104 1407 2161 Alexandria
1430 2106 1663 2161 Corona:
1696 2124 1852 2161 mar-

216 2192 368 2262 tyris.

288 2281 340 2334 In
367 2279 573 2345 Gallia,
616 2281 850 2336 civitate
908 2283 1195 2349 Valentia,
1238 2283 1437 2338 Felicis
1497 2287 1842 2357 presbyteri,

220 2370 503 2423 Fortunati
534 2374 590 2424 et
617 2370 859 2425 Achillei
893 2372 1293 2427 diaconorum.
1342 2374 1447 2436 Qui
1481 2392 1513 2428 a
1544 2375 1709 2429 beato
1733 2376 1845 2430 Ire-

216 2474 329 2512 naeo
362 2446 1028 2532 LugdunensiepiscOpo
1061 2466 1116 2516 et
1147 2466 1398 2534 martyre
1428 2464 1501 2517 ad
1534 2465 1847 2535 prmdican-

212 2547 341 2601 dum
374 2549 614 2602 verbum
648 2548 745 2602 Dei
781 2549 967 2617 missi,
992 2568 1124 2605 cum
1155 2551 1469 2606 maximam
1502 2562 1723 2624 partem
1757 2572 1848 2610 su-

208 2636 475 2707 pradictae
506 2636 667 2691 urbis
697 2637 769 2692 ad
812 2637 985 2693 ﬁdem
1044 2638 1257 2694 Christi
1310 2643 1750 2713 convertissent,
1811 2661 1846 2698 a

207 2724 346 2779 duce
377 2724 639 2780 Cornelio
672 2726 727 2780 in
760 2743 1050 2782 carcerem
1084 2729 1233 2782 trusi
1268 2729 1474 2785 deinde
1522 2731 1845 2787 durissima

207 2829 504 2867 nervorum
535 2814 924 2887 ﬂagellatione
982 2816 1311 2872 diutissime
1368 2820 1650 2874 verberati
1684 2826 1840 2875 sunt.

203 2899 333 2955 Post
362 2900 536 2956 etiam
568 2904 843 2959 revinctis
873 2909 1006 2975 post
1036 2911 1200 2977 terga
1254 2907 1550 2971 manibus,
1603 2910 1840 2964 renibus

206 2990 587 3061 cruribusque
618 2994 947 3063 contractis,
983 2994 1135 3049 circa
1184 3000 1445 3049 rotarum
1493 2997 1837 3068 vertiginem

199 3077 443 3144 astricti,
475 3079 619 3133 fumi
643 3097 875 3151 quoque
908 3082 1298 3137 amaritudine
1329 3084 1630 3153 supposita
1660 3086 1753 3139 die
1775 3103 1841 3139 ac

201 3171 367 3222 nocte
397 3168 755 3235 continuata,
787 3169 1019 3239 cquulei
1070 3170 1407 3225 extensione
1439 3173 1731 3243 suspensi,
1765 3175 1837 3228 ad

1965 596 2019 645 et
2050 591 2226 661 huius
2242 592 2414 645 Marci
2448 593 2720 647 l'etrusin
2749 592 2939 663 prima
2964 592 3352 663 Epistola,sub
3374 595 3613 651 nomine

1965 681 2275 751 Babylonis
2308 682 2551 751 ﬁgurate
2583 686 2823 736 Romam
2852 682 3222 753 signiﬁcans:
3276 682 3491 738 Salutat
3521 700 3613 739 vos

1965 773 2177 839 quaeest
2201 771 2257 823 2’22
2275 769 2559 839 Babylone
2586 773 2821 825 Erclesz'u
2846 780 2896 826 et
2918 776 3134 826 Marcus
3152 771 3303 841 ﬁlms
3328 775 3611 828 maximus

1966 858 2177 927 {meus}.
2212 858 2318 921 Qui
2364 858 2699 914 constitutis
2729 866 2786 914 et
2818 860 3178 915 conﬁrmatis
3209 860 3483 917 Ecclesiis
3509 879 3612 933 per

1966 946 2223 1016 Libyam,
2258 947 2684 1013 Marmaricam,
2717 948 3219 1018 Hammoniacam,
3246 951 3609 1022 Pentapolim

1962 1034 2368 1090 Alexandriam
2401 1041 2574 1108 atque
2604 1038 2912 1109 zEgyptum
2956 1038 3308 1106 universam,
3340 1040 3410 1094 ad
3472 1039 3607 1095 ulti-

1963 1140 2124 1177 mum
2160 1128 2357 1179 tentus
2378 1129 2465 1179 est
2496 1142 2527 1179 a
2549 1127 2792 1197 paganis
2816 1129 2911 1198 qui
2938 1132 3340 1183 remanserant
3367 1128 3633 1184 Alexan--

1962 1212 2119 1265 driar.
2155 1214 2261 1276 Qui
2292 1214 2557 1269 videntes
2588 1231 2723 1270 eum
2755 1216 2848 1271 die
2902 1221 3104 1272 sancto
3156 1234 3256 1272 VIII
3309 1218 3432 1272 Kal.
3469 1218 3606 1273 Maii

1964 1300 2175 1357 missas
2208 1303 2508 1358 facientem
2543 1304 2829 1361 miserunt
2879 1307 3075 1360 funem
3124 1306 3183 1360 in
3216 1306 3362 1362 collo
3391 1308 3520 1378 ejus
3551 1312 3609 1363 et

1960 1391 2415 1447 trahebanteum
2440 1395 2508 1447 ad
2534 1394 2656 1449 loca
2673 1394 3068 1465 Bucoliie,qum
3088 1397 3426 1465 erantjuxta
3448 1412 3607 1452 mare

1962 1481 2071 1534 sub
2106 1481 2350 1551 rupibus
2382 1483 2479 1535 ubi
2514 1489 2636 1537 erat
2667 1483 2911 1539 ecclesia
2969 1488 3322 1539 constructa.
3357 1485 3427 1538 Et
3456 1485 3608 1540 inter

1959 1570 2311 1624 trahendum
2342 1571 2692 1627 insultantes
2722 1573 3324 1628 dicebantzTrahamus
3342 1572 3609 1628 bubulum

1960 1659 2029 1712 ad
2057 1660 2171 1714 loca
2195 1660 2522 1715 huculi.lloc
2544 1666 2739 1715 autem
2763 1662 2891 1715 ideo
2916 1662 3055 1732 quia
3086 1667 3311 1717 statura
3334 1677 3609 1734 procerus

1959 1752 2099 1803 erat.
2127 1750 2193 1802 Et
2223 1766 2337 1819 prae
2361 1750 2540 1805 nimio
2562 1752 2843 1819 cruciatu,
2877 1751 3209 1806 deﬂuebant
3247 1767 3451 1807 carnes
3482 1752 3609 1821 ejus

1960 1836 2017 1890 in
2048 1842 2285 1901 terram,
2319 1856 2385 1893 ac
2417 1856 2554 1893 saxa
2580 1839 2994 1893 inficiebantur
3023 1840 3330 1910 sanguine.
3356 1840 3607 1913 Vespere

1961 1930 2157 1979 autem
2191 1928 2361 1988 facto,
2391 1928 2679 1982 miserunt
2710 1945 2841 1983 eum
2873 1927 2932 1982 in
2975 1944 3288 1993 carcerem,
3323 1928 3423 1983 ubi
3455 1929 3607 1984 circa

1961 2014 2214 2069 mediam
2247 2020 2497 2081 noctem,
2532 2017 2719 2086 primo
2751 2016 3016 2087 angelica
3033 2016 3365 2071 visitatione
3386 2018 3608 2072 confor-

1958 2104 2352 2169 tatus,deinde
2369 2104 2491 2174 ipso
2520 2105 2764 2159 Domino
2788 2105 2899 2160 sibi
2923 2110 3240 2177 apparente
3264 2106 3335 2161 ad
3350 2105 3605 2161 cmlestia

1958 2207 2135 2263 regna
2160 2198 2400 2249 vocatus
2430 2199 2616 2249 est.At
2648 2196 2986 2265 mane,dum
3020 2194 3351 2250 traheretur
3380 2196 3453 2249 ad
3475 2194 3604 2251 loca

1957 2281 2224 2349 Bucoliar,
2259 2283 2476 2353 gratias
2509 2300 2688 2355 agens
2718 2289 2773 2339 et
2803 2284 3024 2339 dicens:
3054 2286 3367 2350 Domz‘ne,2’n
3403 2302 3603 2340 manus

1956 2373 2078 2424 tuas
2109 2372 2418 2426 commendo
2445 2375 2699 2443 spiritum
2730 2389 2931 2443 meum,
2987 2374 3301 2428 defunctus
3357 2379 3532 2440 est,et
3563 2391 3597 2429 a

1956 2458 2093 2513 viris
2126 2459 2413 2530 religiosis
2446 2461 2707 2532 sepultus
2736 2462 2792 2516 in
2844 2461 2968 2516 loco
3001 2461 3213 2533 lapidis
3245 2462 3420 2517 excisi
3466 2478 3601 2517 cum

1954 2546 2155 2618 gloria.
2191 2548 2569 2604 Ordinaverat
2597 2554 2790 2604 autem
2824 2567 2927 2621 pro
2959 2567 3022 2604 se
3079 2549 3446 2606 Alexandria
3486 2550 3605 2621 epi-

1954 2653 2198 2707 scopum
2231 2637 2546 2692 Anianum.
2578 2638 2736 2693 Alios
2769 2656 2998 2710 quoque
3019 2638 3188 2710 longe
3220 2638 3452 2710 lateque
3481 2640 3605 2712 epi-

1953 2740 2158 2795 scapos
2190 2732 2243 2779 et
2275 2727 2642 2797 presbyteros
2674 2732 2729 2781 et
2759 2728 3038 2783 diaconos
3060 2727 3600 2784 Ecclesiisdedorat.

1952 2814 2167 2868 Passus
2200 2819 2287 2868 est
2320 2820 2513 2869 autem
2538 2819 2735 2870 octavo
2767 2816 3012 2871 Neronis
3033 2833 3210 2872 anno.

2023 2904 2081 2956 In
2106 2907 2390 2974 Syracuse
2420 2904 2651 2959 civitate
2682 2904 2888 2959 Sicilia:
2937 2905 3217 2961 nativitas
3256 2911 3595 2962 sanctorum

1951 2991 2166 3057 Evodii,
2210 2992 2591 3063 Hermogenis
2622 2996 2678 3047 et
2709 2993 2981 3048 Callixtae.

2024 3081 2085 3132 In
2110 3080 2346 3133 Perside
2372 3081 2660 3152 S.Georgii
2690 3084 2960 3153 martyris
2983 3085 3152 3152 juxta
3183 3083 3598 3139 Kalendarium

1950 3166 2314 3237 sagacissimi
2346 3168 3093 3239 IIieronymi.Cujuspassio
3115 3172 3269 3240 apud
3304 3173 3599 3228 Romanos

201 3259 523 3311 extremum
556 3257 748 3329 gladio
778 3259 1059 3330 perempti
1095 3261 1322 3313 sunt.In
1360 3261 1689 3316 Fontcnella
1714 3280 1840 3316 mo.
1874 3243 1915 3308 C
1955 3259 2009 3309 et
2042 3270 2185 3324 pene
2214 3256 2357 3309 alios
2375 3272 2577 3309 omnes
2608 3256 3072 3311 ixKalendarum
3095 3257 3471 3327 Maiarum,ut
3496 3278 3596 3314 su-

199 3345 452 3400 nasterio
484 3346 668 3400 sancti
699 3346 1001 3402 Wolframi
1034 3348 1310 3419 episcopi,
1346 3348 1605 3419 praeclari
1639 3350 1695 3404 in
1732 3368 1847 3406 mc-

196 3432 415 3488 raculis
446 3438 504 3489 et
532 3435 798 3490 doctrina
828 3435 955 3490 viri.

277 3524 402 3576 VIII
437 3524 571 3578 KAL.
606 3524 761 3578 ΜΑιι.
794 3557 862 3563 ——
900 3525 959 3579 In
992 3525 1304 3597 Babylone,
1344 3528 1645 3599 metropoli
1677 3528 1842 3584 Chal-

197 3612 482 3680 daeorum,
516 3613 796 3681 Ananias,
826 3613 1081 3679 Azarias,
1117 3614 1445 3687 Misael,qui
1479 3618 1550 3671 ab
1583 3618 1726 3689 ipsis
1750 3636 1847 3674 no-

196 3700 465 3755 minibus
499 3701 823 3756 immutatis
851 3703 1128 3774 Sydrach,
1162 3704 1397 3775 Mysach
1431 3711 1487 3759 et
1533 3707 1846 3780 Abdenago

196 3790 525 3861 nuncupati
557 3791 792 3857 sunt,de
823 3792 1052 3847 camino
1076 3792 1227 3864 ignis
1248 3794 1506 3850 ardentis
1538 3802 1674 3851 sunt
1706 3797 1846 3853 libe-

193 3878 345 3933 rati:

266 3968 335 4023 In
366 3967 733 4034 Alexandria,
763 3967 1217 4033 Victoris,Zotici
1250 3987 1382 4024 cum
1416 3972 1544 4027 aliis
1575 3974 1848 4043 plurimis

241 4056 334 4122 ‘In
369 4056 1162 4127 Africa,Faustini,Victorini
1198 4064 1253 4113 et
1283 4058 1531 4114 aliorum
1564 4061 1845 4131 plurimo-

182 4161 331 4200 rum
367 4152 715 4217 martyrum.

263 4234 441 4304 Apud
470 4235 823 4307 Lugdunum
844 4235 1449 4303 Clavatum,nativitas
1471 4238 1849 4294 S.Alexandri

181 4321 1139 4396 medici,civisPergamensis,qui
1172 4326 1339 4381 tertio
1364 4332 1493 4397 post
1514 4329 1849 4398 passionem

176 4410 469 4482 Epipodii
504 4413 594 4467 die
626 4413 945 4483 productus
968 4431 997 4467 e
1018 4415 1463 4486 carcere,primo
1489 4417 1569 4471 ita
1598 4416 1851 4473 laniatus

176 4504 287 4555 est
320 4500 667 4556 crudelitate
696 4502 1225 4569 verberantium,ut
1255 4521 1426 4559 carne
1449 4504 1639 4561 soluta
1670 4512 1853 4563 costa-

1956 3344 2153 3413 perius
2183 3347 2449 3397 notatum
2478 3343 2835 3407 est,eelcbris
2868 3345 3137 3402 habetur.
3182 3347 3343 3411 Quod
3380 3347 3595 3403 idcirco

1956 3432 2407 3503 significandum
2448 3432 2665 3502 putavi,
2702 3437 2765 3487 ut
2796 3434 3128 3503 patriarcha
3186 3440 3384 3490 noster
3429 3436 3596 3492 Hatto

1955 3521 2458 3593 Magontiacensis,
2485 3522 2582 3592 qui
2614 3520 2722 3577 hoc
2753 3539 2903 3577 anno
2936 3525 3075 3578 item
3099 3525 3171 3578 ab
3198 3524 3600 3581 incarnatione

1958 3611 2189 3665 Domini
2220 3611 2502 3681 (b),caput
2525 3610 2652 3680 ejus
2674 3617 2731 3665 et
2761 3610 2917 3665 aliud
2942 3613 3239 3683 quoddam
3270 3614 3602 3668 membrum

1957 3717 2090 3754 cum
2124 3699 2393 3771 plurimis
2423 3705 2479 3754 et
2524 3699 2794 3754 maximis
2844 3706 3181 3756 sanctorum
3243 3701 3505 3772 reliquiis
3542 3702 3603 3755 in

1956 3789 2359 3844 Alemanniam
2393 3790 2463 3843 ad
2498 3806 2709 3844 novum
2736 3790 3160 3844 monasterium
3194 3807 3369 3847 suum
3403 3808 3437 3845 a
3468 3790 3605 3845 For-

1960 3895 2122 3933 moso
2154 3878 2471 3948 apostolico
2506 3877 2833 3949 impetratis
2865 3878 3204 3949 asportavit.
3240 3884 3303 3933 In
3356 3879 3486 3949 ejus
3513 3895 3607 3934 so-

1959 3966 2284 4022 lemnitate.
2318 3968 2375 4021 S.
2401 3966 2628 4034 Georgii
2662 3965 2948 4035 videlicet,
2982 3967 3313 4035 indicenda,
3348 3973 3515 4024 caute
3546 3985 3608 4024 se

1960 4061 2112 4127 agat,
2147 4057 2283 4126 quia
2314 4060 2369 4110 et
2390 4054 2585 4125 plures
2622 4054 2677 4107 in
2712 4055 2818 4109 hac
2851 4056 2943 4109 die
2974 4056 3163 4127 ipsius
3217 4056 3484 4121 natalitia
3514 4074 3605 4113 ce-

1958 4145 2181 4200 lebrare
2212 4153 2655 4201 consueverunt.
2690 4152 2755 4201 Et
2786 4148 3069 4204 festivitas
3099 4150 3155 4203 S.
3218 4148 3397 4204 Marci
3429 4165 3604 4204 evan-

1960 4234 2177 4305 gelistze
2211 4252 2244 4289 a
2273 4236 2608 4305 supradicto
2639 4236 2991 4309 Hieronymo
3024 4242 3247 4305 sancto,
3276 4237 3457 4307 priori
3489 4235 3602 4306 die,

1962 4323 2018 4376 id
2071 4327 2160 4377 est
2208 4328 2403 4377 octavo
2446 4324 2837 4380 Kalendarum
2897 4325 3205 4395 Maiarum,
3264 4326 3608 4381 auctoritate

1962 4410 2195 4465 Eusebii
2224 4412 2594 4467 Caesariensis
2626 4413 2932 4485 designata
2960 4419 3068 4468 est.

2035 4500 2217 4553 Roma
2268 4500 2491 4555 Litania
2534 4504 2740 4571 major.
2812 4503 2989 4571 Cujus
3061 4518 3249 4557 causa:
3303 4502 3405 4573 qui
3478 4518 3607 4568 nos,

175 4605 335 4643 rum
373 4590 678 4660 patefactis
706 4580 1059 4661 visceribus;
1088 4599 1309 4648 secreta
1349 4594 1586 4648 omnino
1638 4597 1850 4666 pande.
1884 4614 1930 4676 Β
1963 4592 2160 4659 utpote
2191 4589 2421 4643 barbari
2455 4595 2509 4643 et
2541 4590 2599 4643 in
2631 4594 2889 4645 extremo
2943 4591 3148 4645 mundi
3172 4590 3403 4646 climate
3434 4590 3610 4662 positi

171 4678 575 4732 rentur.Dein
595 4678 1009 4734 crucisafiixus
1034 4680 1294 4750 patibulo
1327 4682 1560 4735 beatum
1581 4682 1853 4753 spiritum

168 4765 575 4822 exanimatus
606 4768 822 4823 emisit.
857 4768 1017 4823 Passi
1049 4774 1189 4825 sunt
1214 4786 1347 4823 cum
1380 4786 1445 4824 eo
1478 4770 1575 4824 alii
1610 4788 1855 4827 numero

167 4853 446 4925 triginta
480 4862 754 4927 quatuor.

262 4943 337 4997 In
374 4944 632 5001 Britania
661 4946 946 5018 depositio
978 4946 1176 5001 Melliti
1213 4949 1494 5019 episcopi,
1517 4948 1616 5019 qui
1651 4949 1855 5004 tertius

160 5037 335 5104 post
367 5036 791 5106 Augustinum,
827 5036 1085 5107 primum
1131 5036 1452 5108 Anglorum
1514 5038 1852 5109 episcopum

156 5123 663 5179 Dorvernensem
698 5125 844 5179 rexit
873 5125 1203 5179 Etclesiam.

260 5210 379 5264 VII
413 5212 549 5265 KAL.
595 5213 751 5267 Man.
787 5245 853 5252 —
893 5214 1059 5283 Apud
1118 5213 1526 5268 Alexandriam
1586 5216 1855 5270 nativitas

151 5300 237 5354 S.
286 5298 476 5354 Marci
505 5301 898 5373 evangelistac.
960 5300 1065 5363 Qui
1099 5302 1426 5371 discipulus
1485 5308 1540 5357 et
1571 5303 1856 5374 interpres

148 5388 461 5460 apostoli
494 5388 663 5456 Petri,
699 5394 936 5460 rogatus
989 5390 1180 5443 Romae
1222 5407 1255 5443 a
1285 5390 1564 5445 fratribus
1619 5392 1859 5463 scripsit

148 5476 740 5548 Evangelium.Quo
772 5478 1333 5548 assumptoperrexit
1358 5479 1415 5532 in
1447 5479 1779 5550 .Egyptum,
1804 5486 1859 5536 et

256 5693 357 5776 (α)
385 5690 533 5753 Vide
564 5690 788 5752 Rabani
816 5688 1316 5770 Martyrologium.

1967 4694 2173 4733 sumus
2196 4677 2406 4749 ignari,
2438 4680 2521 4733 vel
2556 4679 2683 4748 ejus
2717 4697 2847 4750 quae
2879 4684 3011 4735 ante
3061 4679 3464 4735 ascensionem
3496 4678 3607 4733 Do-

1968 4766 2109 4820 mini
2142 4766 2440 4837 religionis
2471 4768 2657 4838 gratia
2685 4768 2913 4823 videtur
2953 4769 3240 4835 instituta,
3274 4774 3338 4823 ut
3384 4768 3432 4824 si
3465 4766 3610 4839 quid

1966 4857 2148 4925 culpa:
2174 4855 2597 4911 sordidantisin
2622 4857 2829 4912 diebus
2849 4857 3223 4930 indulgentia}
3246 4861 3609 4914 contractum

1966 4942 2228 4997 videatur
2258 4944 2343 4998 vel
2376 4944 2483 4998 hoc
2516 4945 2787 4999 triduano
2819 4946 3047 5016 jejunio
3079 4947 3357 5017 diluatur,
3392 4945 3486 4999 hic
3519 4960 3612 5011 ra-

1966 5032 2182 5087 tionem
2198 5033 2522 5087 secundum
2538 5034 2911 5089 traditionem
2929 5037 3220 5106 majorum
3236 5033 3612 5090 commodum

1967 5121 2236 5176 duximus
2267 5122 2795 5194 aperire.S.Avitus
2826 5124 3174 5179 Viennensis
3198 5124 3509 5195 episcopus
3524 5138 3611 5176 re-

1968 5210 2149 5264 fertin
2165 5212 2417 5281 quadam
2433 5210 2675 5266 homilia
2690 5230 2865 5282 quam
2886 5214 2955 5267 de
2981 5212 3408 5284 Rogationibus
3430 5210 3614 5280 scrip-

1968 5299 2177 5365 sit,has
2210 5300 2367 5370 ipsas
2402 5300 2927 5372 Rogationes.quas
2957 5307 3090 5356 ante
3120 5299 3479 5357 ascensionis
3511 5299 3619 5353 Do-

1969 5388 2197 5442 minica:
2232 5388 2594 5458 triumphum
2629 5389 3014 5445 celebramus.
3048 5409 3081 5445 a
3112 5390 3394 5445 Mamerto
3425 5386 3616 5459 ipsius

1967 5475 2313 5531 Viennensis
2348 5476 2508 5531 urbis
2548 5478 2840 5549 episcopo,
2874 5480 2966 5533 cui
2998 5485 3054 5534 et
3110 5479 3203 5533 hic
3230 5495 3295 5533 eo
3341 5482 3602 5548 tempore

2040 5694 2117 5775 (ὁ)
2148 5691 2255 5751 Hic
2286 5692 2512 5752 videtur
2540 5708 2821 5753 numerus
2850 5693 2988 5754 anni
3019 5692 3322 5753 excidisse.
