4012 6198
234 351 383 420 1073

1260 348 1973 417 MARTYROLOGIUM.
2009 381 2087 399 —-
2118 352 2353 417 MENS.
2402 353 2596 419 MAI].

3468 352 3624 419 1074

298 493 360 546 In
386 490 596 562 Africa,
629 490 923 560 provincia
940 489 1237 557 Numidia,
1262 492 1600 544 sanctorum
1623 485 1868 549 Manilii.
1898 488 1954 552 Α
1985 485 2235 555 Christo,
2264 487 2564 545 laboribus
2594 488 2706 561 piis
2738 501 2972 562 semper
2999 485 3339 553 inserviens,
3361 481 3625 546 lucratus

229 579 452 647 Donati,
488 582 760 648 Maurilii,
787 579 1360 648 Luciani,Victorini,
1385 577 1602 633 Narcias
1627 575 1868 648 virginis

228 674 281 725 et
310 670 557 726 aliorum
593 671 961 743 septuaginta
990 671 1263 725 duorum.
1396 746 1399 747 ν

292 761 431 814 Item
468 760 705 815 Luciani
737 776 869 814 cum
896 759 1028 815 aliis
1052 756 1288 813 ducenti
1318 762 1374 812 et
1404 756 1793 828 septuaginta.

292 849 353 903 In
381 850 559 905 Tarso
574 849 804 916 Ciliciae,
824 850 1051 904 Malinas
1076 865 1209 903 cum
1234 846 1364 903 aliis
1392 850 1626 901 centum
1643 849 1869 916 septua-

225 938 383 1010 ginta
413 943 471 994 et
495 938 742 994 aliorum
774 938 1119 993 multorum.

291 1027 367 1082 ΙΙΙ
398 1029 525 1082 ΚΑι.
548 1028 706 1082 ΜΛῙΙ.
740 1058 809 1067 -—-
841 1028 905 1081 In
926 1025 1359 1098 Paphoinsula,
1385 1022 1659 1079 nativitas
1681 1022 1865 1077 sancti

226 1115 451 1186 Tychici
485 1116 885 1189 apostolorum
917 1114 1211 1187 discipuli.

296 1207 456 1277 Apud
489 1206 900 1261 Alexandriam
935 1205 1203 1259 nativitas
1235 1208 1567 1259 sanctorum
1591 1204 1864 1258 Germani

228 1294 565 1367 presbyteri,
598 1295 871 1351 Prosdcci
905 1294 1152 1350 diaconi.

296 1386 358 1439 In
395 1384 629 1440 Perusio
650 1384 893 1447 Tusciae,
926 1382 1218 1437 Valentini
1250 1385 1306 1436 et
1338 1380 1631 1435 Martiani.

296 1474 355 1528 In
388 1474 665 1541 Bononia,
699 1472 906 1527 Vitalis
937 1476 991 1527 et
1021 1470 1327 1542 Agricolae.

295 1564 356 1618 In
374 1563 668 1627 Numidia,
694 1562 843 1633 apud
861 1561 1181 1615 Cirtensem
1199 1559 1510 1625 coloniam,
1526 1564 1861 1614 sanctorum

225 1654 540 1721 martyrum
583 1648 787 1721 Agapii
836 1652 891 1703 et
922 1648 1237 1702 Secundini
1296 1647 1723 1718 episcoporum.
1758 1648 1864 1713 Qui

222 1738 618 1811 persecutione
647 1736 939 1792 Valeriani
974 1741 1105 1807 post
1134 1736 1375 1807 longum
1413 1734 1683 1791 exsilium
1710 1737 1863 1809 apud

220 1828 514 1899 praefatam
546 1827 770 1893 urbem,
808 1826 867 1880 in
900 1842 1016 1897 qua
1074 1830 1215 1879 tunc
1254 1825 1507 1879 maxime
1554 1825 1863 1897 gentilium
1896 1856 1942 1921 Β

221 1932 363 1971 caeco
412 1916 604 1971 furore
646 1920 704 1969 et
756 1914 964 1969 officiis
1013 1914 1367 1969 militaribus
1416 1914 1487 1969 ad
1518 1916 1864 1969 tentandum

214 2006 505 2077 justorum
538 2005 713 2059 fidem
745 2003 936 2058 rabies
970 2002 1181 2057 diaboli
1214 2003 1548 2058 infestantis
1580 2003 1866 2068 inhiabat,

223 2110 286 2149 ex
315 2093 527 2149 illustri
560 2093 882 2148 sacerdotio
913 2092 1098 2147 effecti
1134 2096 1271 2146 sunt
1294 2097 1577 2164 martyres
1605 2092 1863 2164 gloriosi.

223 2183 381 2238 Passi
414 2186 552 2237 sunt
573 2182 630 2236 in
661 2198 862 2236 eorum
895 2179 1136 2252 collegio
1153 2180 1499 2235 JEmilianus
1524 2180 1712 2251 miles,
1739 2182 1870 2236 Ter-

226 2272 368 2328 tulla
398 2276 454 2326 et
482 2271 731 2326 Antonia
763 2286 938 2325 sacrae
970 2270 1247 2340 virgines,
1274 2274 1333 2324 et
1365 2270 1631 2340 quaedam
1660 2270 1869 2327 mulier

228 2376 357 2415 cum
386 2361 510 2415 suis
542 2358 812 2431 geminis.

296 2450 343 2504 Il
376 2454 509 2504 KAL.
546 2450 700 2503 ΜΑιι.
736 2480 803 2488 --
836 2448 895 2502 In
932 2446 1159 2502 civitate
1187 2448 1494 2503 Sanctonis
1513 2448 1784 2504 nativitas
1807 2451 1863 2505 S.

225 2539 480 2610 Eutropii
513 2537 805 2609 martyris.
839 2536 945 2601 Qui
997 2554 1029 2591 a
1050 2536 1217 2591 beato
1239 2536 1554 2603 Clemente,
1578 2538 1867 2609 apostolo-

226 2645 351 2683 rum
385 2643 740 2692 successore,
779 2627 849 2680 ad
882 2626 1285 2698 episcopatum
1318 2632 1693 2682 consecratus
1723 2632 1779 2683 et
1808 2628 1867 2682 in

225 2716 439 2772 Gallias
472 2716 823 2787 pradicandi
855 2714 1046 2785 gratia
1094 2715 1372 2786 directus,
1403 2716 1643 2787 impleto
1691 2717 1870 2787 hujus

227 2805 399 2861 ofﬁcii
432 2820 694 2867 munere,
729 2804 1171 2875 insurgentibus
1202 2806 1468 2875 paganis,
1493 2822 1637 2876 quos
1669 2811 1871 2861 auctor

225 2893 448 2948 invidis:
462 2893 693 2948 credere
717 2909 830 2947 non
858 2892 1144 2964 permisit,
1170 2892 1288 2946 ictu
1314 2893 1534 2948 securis
1557 2893 1756 2948 colliso
1775 2911 1867 2949 ca-

225 2983 339 3054 pite
372 2982 555 3037 victor
584 2982 877 3037 occubuit.

295 3075 357 3125 .ln
388 3070 733 3125 Alexandria
764 3071 1037 3125 nativitas
1068 3069 1599 3140 sanctiAphrodisii
1630 3072 1865 3142 presby-

223 3160 328 3216 teri
359 3164 416 3215 et
446 3159 693 3215 aliorum
725 3160 985 3230 triginta.

298 3251 492 3304 Romae
524 3247 805 3319 depositio
838 3247 1061 3311 Quirini
1089 3247 1368 3318 episcopi.

301 3338 497 3392 Passio
523 3342 860 3392 sanctorum
884 3335 1197 3390 Marianiet
1216 3335 1695 3405 Jacobi,quorum
1720 3335 1876 3405 prior

242 3426 444 3490 lector,
477 3440 729 3496 sequens
760 3425 1041 3478 diaconus
1069 3427 1209 3478 erat.
1240 3424 1307 3476 Et
1336 3438 1469 3477 cum
1494 3424 1618 3492 jam
1648 3424 1872 3493 pridem

236 3515 642 3570 infestationes
678 3514 936 3568 Deciana:
968 3511 1394 3583 persecutionis
1424 3511 1479 3564 in
1514 3511 1876 3567 confessione

230 3601 440 3657 Christi
460 3600 965 3667 evicisset,iterum
990 3616 1123 3653 cum
1142 3600 1489 3655 charissimo
1502 3599 1722 3671 collega
1745 3606 1873 3655 ten—

228 3696 347 3759 tus,
380 3692 533 3762 spud
549 3690 873 3746 Cirtensem
896 3688 1346 3759 coloniam,post
1371 3688 1498 3743 dira
1520 3694 1574 3743 et
1590 3689 1879 3760 exquisita

229 3779 537 3852 supplicia,
564 3778 646 3834 ita
668 3783 730 3832 ut
753 3779 1052 3833 Marianus
1086 3794 1187 3849 per
1202 3794 1472 3832 summos
1501 3779 1693 3848 apices
1717 3777 1879 3850 polli-

225 3885 359 3924 cum
392 3881 737 3939 suspensus,
767 3871 822 3921 et
852 3866 1011 3938 gravi
1048 3866 1301 3935 pondere
1329 3866 1577 3936 pedibus
1606 3865 1876 3933 innexus,

224 3957 631 4013 crudelissime
651 3959 1188 4027 torqueretur,tunc
1215 3954 1477 4009 cmteriin
1505 3972 1732 4010 carcere
1757 3973 1876 4010 ma-

223 4046 401 4102 cerati
436 4052 593 4115 sunt,
646 4045 745 4100 sed
788 4043 1000 4098 divinis
1049 4043 1502 4097 revelationibus
1534 4044 1881 4099 mirabiliter

226 4136 537 4192 contortati
563 4153 575 4202 ;
610 4134 818 4189 deinde
849 4131 1365 4187 Lambelisitanam
1400 4133 1607 4187 urbem
1637 4133 1707 4187 ad
1736 4151 1875 4203 pra:-

227 4224 417 4280 sidem
448 4223 673 4289 directi,
734 4228 791 4277 et
820 4238 1057 4276 rursum
1098 4220 1270 4293 longo
1310 4225 1571 4291 tempore
1603 4220 1877 4275 carcerali

227 4312 525 4384 ergastulo
550 4311 890 4383 mancipati,
916 4311 1016 4365 sed
1042 4310 1256 4365 iterum
1278 4309 1491 4363 divinis
1515 4308 1879 4364 revelationi-

230 4402 345 4457 bus
377 4400 955 4466 allevati,novissime
986 4415 1119 4454 cum
1154 4398 1358 4453 multis
1379 4397 1510 4453 aliis
1534 4398 1727 4470 gladio
1750 4414 1881 4453 con-

228 4490 513 4546 summati
543 4495 699 4545 sunt.

941 4666 1173 4722 MAIUS.

349 4776 565 4837 Mensis
611 4775 760 4835 Μαή
806 4774 982 4835 habet
1041 4773 1163 4833 dies
1208 4789 1383 4843 χχχι,
1435 4772 1557 4832 Iun.
1606 4790 1754 4833 xxx.

300 4938 602 4992 ΚΑι.ΜΑιι.
630 4968 696 4976 —
718 4936 990 4991 Pausatio
1022 4934 1288 4990 Jeremiae
1322 4932 1882 5003 prophetsznitium

226 5025 661 5098 praedicationis
675 5024 906 5081 Domini
923 5024 1105 5079 nostri
1118 5026 1256 5077 Jesu
1276 5020 1511 5077 Christi.
1528 5020 1727 5075 Natale
1740 5038 1882 5092 apo—

228 5114 518 5171 stolorum
532 5113 782 5185 Philippi
806 5118 863 5168 et
877 5113 1186 5168 Jacobi.Ex
1198 5111 1415 5182 quibus
1432 5110 1733 5181 Philippus
1751 5125 1884 5163 cum

225 5208 418 5260 totam
451 5219 597 5275 pene
620 5202 913 5275 Scythiam
942 5202 1013 5255 ad
1047 5201 1220 5254 fidem
1251 5199 1468 5254 Christi
1486 5198 1885 5263 convertisset,

228 5292 603 5359 diaconibus,
637 5290 992 5362 presbyteris
1021 5293 1078 5343 et
1105 5288 1392 5358 episcopis
1426 5288 1502 5342 ibi
1529 5286 1885 5352 constitutis,

227 5398 503 5437 reversus
535 5382 622 5434 est
652 5379 721 5433 ad
752 5377 971 5431 Asiam.
1008 5376 1113 5430 Ubi
1168 5375 1455 5429 continuas
1492 5374 1889 5445 prmdicationi

225 5486 340 5543 per
352 5469 575 5538 aliquot
588 5482 772 5521 annos
787 5464 1069 5519 insistens
1086 5461 1520 5516 multitudinem
1539 5461 1887 5533 populorum

1978 581 2083 632 est.
2119 576 2343 649 Quique
2374 580 2525 649 apud
2552 578 2904 650 Hierapolim
2920 578 3066 633 Asiae
3088 578 3381 634 civitatem
3397 579 3625 649 (a)dor-

1976 666 2140 720 mivit
2169 683 2302 721 cum
2322 668 2585 739 patribus
2609 669 2753 735 suis,
2786 668 3071 724 exstincta
3095 669 3301 724 haeresi
3322 668 3619 725 Ebionita-

1976 771 2130 821 rum,
2146 755 2243 826 qui
2258 756 2765 813 ChristumJesum
2786 761 2918 813 ante
2940 757 3363 813 incarnationis
3386 762 3623 830 tempus

1975 844 2157 898 fuisse
2188 845 2499 916 negabant,
2531 850 2586 900 et
2616 847 2884 917 sepultus
2914 852 3003 902 est
3059 847 3119 901 in
3150 863 3311 918 pace.
3359 848 3619 903 Jacobus

1973 948 2107 987 vero
2140 932 2237 1003 qui
2270 938 2325 986 et
2356 934 2530 988 frater
2557 933 2786 989 Domini
2820 935 3053 1006 dicitur,
3078 952 3182 1007 pro
3198 952 3263 991 eo
3286 936 3440 1007 quod
3463 934 3621 991 ﬁlius

1976 1025 2297 1077 matertera
2311 1024 2438 1093 ejus
2452 1022 2643 1077 Mariae
2659 1024 3404 1096 perhibetur,cognomento
3417 1025 3443 1079 J
3456 1029 3621 1080 ustus

1976 1115 2107 1181 post
2135 1110 2465 1182 passionem
2484 1111 2715 1167 Domini
2747 1113 2945 1167 statim
2967 1115 3039 1169 ab
3061 1114 3341 1185 apostolis
3363 1115 3624 1170 Hieroso-

1975 1198 2263 1270 lymorum
2288 1202 2595 1272 episcopus
2623 1206 2711 1256 est
2740 1202 3066 1258 ordinatus.
3094 1204 3199 1259 Hic
3222 1204 3291 1259 de
3314 1209 3475 1260 utero
3500 1221 3618 1260 ma-

1973 1289 2081 1343 tris
2112 1294 2350 1344 sanctus
2382 1290 2506 1344 fuit.
2542 1291 2756 1346 Vinum
2788 1296 2843 1346 et
2873 1291 3117 1347 siceram
3152 1310 3265 1348 non
3304 1293 3471 1363 bibit,
3497 1311 3619 1349 car-

1974 1396 2106 1433 nem
2140 1378 2361 1433 nullam
2393 1380 2664 1450 comedit,
2717 1397 3018 1452 nunquam
3078 1386 3345 1438 attonsus
3375 1388 3482 1452 est,
3518 1400 3622 1439 nec

1975 1472 2188 1523 unctus
2210 1474 2530 1539 unguento,
2564 1486 2668 1525 nec
2685 1486 2830 1525 usus
2852 1470 3078 1526 balneo.
3103 1471 3247 1527 Huic
3268 1472 3375 1528 soli
3395 1472 3621 1528 licitum

1974 1562 2099 1611 erat
2130 1556 2351 1629 ingredi
2383 1558 2593 1612 Sancta
2634 1563 2994 1614 sanctorum.
3035 1559 3335 1631 Siquidem
3365 1561 3623 1617 vestibus

1974 1645 2159 1701 laneis
2191 1663 2304 1700 non
2342 1646 2631 1713 utebatur,
2659 1648 2759 1702 sed
2792 1648 2982 1703 lineis.
3008 1649 3118 1704 Sed
3145 1665 3279 1704 cum
3312 1649 3541 1720 publice
3563 1650 3623 1705 in

1973 1734 2216 1791 concilio
2230 1734 2767 1806 compelleretur,ut
2784 1736 3311 1793 DominumJesum
3326 1737 3623 1794 Christum

1975 1830 2032 1880 et
2062 1825 2269 1879 Filium
2305 1825 2399 1878 Dei
2433 1841 2561 1880 esse
2592 1826 2925 1897 denegaret,
2958 1831 3014 1881 et
3063 1826 3161 1881 ille
3198 1844 3337 1883 voce
3368 1827 3626 1884 maxima

1979 1918 2397 1986 protestaretur
2421 1914 2491 1968 ad
2526 1913 2807 1986 populum
2839 1914 3038 1970 dicens
3064 1934 3075 1971 :
3112 1917 3257 1984 Quid
3282 1932 3371 1972 me
3397 1920 3627 1974 interro-

1975 2006 2120 2074 gatis
2149 2003 2214 2057 de
2246 2004 2384 2058 Filio
2416 2003 2653 2058 hominis
2673 2004 2700 2058 ?
2730 2005 2861 2059 Ecce
2888 2006 3003 2074 ipse
3031 2005 3175 2060 sedet
3201 2022 3236 2060 α
3277 2006 3483 2063 dextri:
3511 2008 3625 2061 vir-

1980 2095 2130 2159 tutis,
2163 2102 2213 2148 et
2244 2098 2507 2148 venturus
2529 2102 2605 2148 est
2628 2095 2682 2147 in
2712 2094 2948 2149 nubibus
2963 2095 3089 2149 cwli
3106 2112 3127 2156 ,'
3150 2095 3542 2166 pracipitatus
3555 2096 3626 2151 de

1977 2181 2158 2252 pinna
2171 2182 2369 2253 templi
2382 2226 2393 2249 ,
2408 2183 2718 2237 confractis
2734 2183 3223 2254 cruribus,adhuc
3237 2184 3624 2248 semianimis,

1981 2270 2194 2325 tollens
2223 2272 2293 2325 ad
2328 2270 2536 2325 cmlum
2570 2288 2781 2326 manus
2812 2271 3064 2327 diceret:
3120 2273 3366 2339 Domine,
3398 2287 3628 2341 agnosce

1977 2362 2075 2429 eis,
2111 2359 2248 2431 quod
2269 2362 2417 2414 enim
2445 2362 2660 2430 faciunt
2690 2361 2967 2425 nesciunt,
2998 2360 3237 2416 fullonis
3270 2362 3421 2417 fuste
3443 2361 3503 2416 in
3536 2377 3629 2416 ce-

1978 2449 2147 2503 rebro
2172 2466 2505 2520 percussus,
2540 2450 2831 2505 occubuit.
2860 2450 2962 2505 Hic
2989 2455 3074 2506 est
3094 2452 3163 2506 de
3181 2468 3296 2521 quo
3320 2454 3377 2506 et
3397 2454 3627 2523 aposto-

1977 2539 2071 2593 lus
2101 2538 2317 2594 Paulus
2342 2538 2545 2593 scribit
2560 2540 2630 2593 ad
2660 2538 2890 2594 Galatas
2911 2556 2923 2593 :
2941 2542 3126 2595 Alium
3152 2550 3335 2596 autem
3354 2541 3626 2612 apostolo-

1978 2645 2103 2683 rum
2155 2628 2267 2681 vz'di
2332 2629 2602 2682 neminem
2661 2630 2775 2682 nisi
2828 2630 3083 2684 Iacobum
3134 2632 3369 2699 fratrem
3406 2630 3629 2683 Domini

1979 2717 2118 2788 (Gal.
2156 2720 2214 2786 ι).
2270 2719 2337 2772 Et
2368 2716 2767 2788 apostolorum
2821 2734 2998 2789 super
3036 2717 3145 2773 hoc
3176 2722 3318 2773 Acta
3365 2717 3626 2773 crebrius

1978 2811 2285 2861 testantur.
2319 2805 2693 2877 Evangelium
2728 2822 2982 2877 quoque,
3008 2808 3161 2878 quod
3184 2807 3513 2879 appellatur
3534 2823 3625 2862 se-

1977 2897 2235 2951 cundum
2263 2896 2549 2961 Hebreos,
2581 2900 2637 2950 et
2667 2913 2700 2949 a
2721 2897 2887 2951 beato
2911 2897 3259 2969 Hieronymo
3280 2897 3339 2952 in
3360 2900 3623 2952 Grecam

1976 3000 2305 3040 sermonem
2323 2984 2527 3038 Latinu
2540 3000 2714 3055 mque
2727 2984 3080 3040 translatum
3097 2990 3205 3053 est,
3223 2989 3355 3057 post
3366 3001 3625 3041 resurre-

1976 3073 2225 3128 ctionem
2249 3073 2565 3129 Salvatoris
2595 3074 2667 3128 de
2696 3090 2762 3129 eo
2795 3074 3000 3129 refert:
3040 3096 3061 3123 ι
3088 3074 3373 3130 Dominus
3403 3078 3621 3139 autem,

1976 3163 2136 3217 venit
2166 3162 2236 3215 ad
2267 3162 2547 3216 Jacobum
2578 3161 2901 3228 Justum,et
2930 3163 3202 3233 apparuit
3229 3164 3299 3217 ei.
3318 3166 3625 3219 Juraverat

1897 3225 1941 3289 (ἶ
1980 3252 2175 3302 autem
2207 3248 2462 3302 Jacobus
2494 3265 2554 3302 se
2584 3265 2699 3303 non
2731 3255 3129 3305 comesturum
3159 3267 3372 3320 panem
3422 3252 3495 3305 ab
3524 3249 3625 3303 illa

1984 3336 2127 3391 hora
2175 3352 2289 3405 qua
2319 3336 2557 3389 calicem
2610 3336 2836 3390 Domini
2884 3338 3131 3401 biberat,
3191 3337 3373 3393 donec
3401 3338 3623 3393 videret

1983 3441 2117 3479 eum
2138 3428 2537 3494 resurgentem
2560 3441 2592 3478 a
2610 3426 2877 3479 mortuis.
2905 3425 3313 3497 nRursumque
3325 3429 3457 3497 post
3477 3442 3621 3498 pau-

1983 3512 2170 3567 lulum
2196 3529 2207 3565 :
2245 3534 2272 3561 ‹‹
2297 3512 2528 3575 Aﬂ‘erte,
2552 3511 2633 3565 ait
2660 3512 2960 3577 Dominus,
2986 3530 3251 3568 mensam
3275 3518 3333 3570 et
3353 3531 3623 3585 panem.»

1984 3602 2307 3671 Statimque
2341 3600 2576 3655 additur
2594 3618 2606 3656 :
2621 3600 2805 3655 «Tulit
2821 3618 3029 3672 panem
3054 3607 3110 3657 et
3132 3603 3429 3658 benedixit
3447 3608 3502 3660 et
3520 3605 3627 3660 fre-

1986 3692 2089 3763 git,
2122 3695 2177 3745 et
2208 3690 2369 3744 dedit
2398 3689 2615 3744 Jacobo
2644 3690 2834 3757 Justo,
2870 3690 3133 3761 dixitque
3165 3690 3253 3747 ei:
3289 3692 3487 3747 Frater
3524 3692 3628 3756 mi,

1988 3780 2225 3836 comede
2244 3796 2453 3851 panem
2476 3778 2817 3850 tuum,quia
2837 3780 3153 3835 resurrexit
3171 3779 3354 3835 Filius
3377 3780 3634 3836 hominis

1989 3888 2022 3925 a
2054 3869 2503 3925 dormientibus.
2541 3892 2567 3916 ››
2605 3869 2741 3923 Inde
2772 3873 2879 3934 est,
2912 3873 2977 3923 ut
3007 3868 3251 3939 quidam
3273 3869 3634 3933 existimant,

1989 3959 2144 4029 quod
2166 3959 2222 4012 in
2243 3957 2499 4029 Epistola
2517 3957 2676 4012 Pauli
2692 3958 2761 4012 ad
2786 3956 3114 4013 Corinthios
3136 3958 3283 4030 [ubi]
3304 3957 3633 4029 specialiter

1987 4046 2038 4102 ei
2069 4046 2284 4100 dicitur
2300 4044 2662 4116 apparuisse,
2698 4045 2781 4100 sic
2808 4046 3095 4117 scriptum
3111 4051 3235 4102 est:
3263 4048 3470 4103 Deinde
3484 4047 3632 4103 visu:

1987 4140 2061 4190 est
2091 4152 2123 4187 a
2148 4135 2340 4189 Iacobo
2371 4135 2418 4203 (I
2465 4134 2585 4187 Cor.
2619 4134 2728 4203 xv).
2785 4135 3048 4206 Triginta
3078 4136 3276 4208 itaque
3307 4136 3479 4193 annis
3509 4137 3637 4192 Hie-

1988 4221 2541 4292 rosolymitanorum
2574 4221 2722 4275 rexit
2760 4221 3095 4286 Ecclesium,
3130 4223 3187 4277 id
3220 4228 3308 4279 est
3340 4240 3529 4295 usque
3559 4225 3631 4279 ad

1988 4309 2303 4379 septimum
2336 4310 2581 4364 Neronis
2632 4326 2876 4377 annum,
2911 4316 2968 4366 et
3015 4313 3183 4379 juxta
3214 4312 3500 4383 templum
3531 4313 3631 4367 ubi

1989 4397 2383 4469 praecipitatus
2415 4398 2623 4464 fuerat,
2650 4397 2934 4469 sepultus.
2968 4399 3215 4471 Scripsit
3234 4404 3429 4455 autem
3454 4417 3631 4456 unam

1988 4491 2218 4542 tantum
2253 4486 2595 4557 Epistolam,
2627 4504 2752 4557 quae
2784 4488 2854 4542 de
2886 4492 3106 4559 septem
3136 4488 3439 4545 Cononicis
3454 4494 3561 4546 est.

1907 4596 1953 4659 Β
2062 4577 2123 4629 In
2156 4574 2361 4643 Gallia,
2396 4576 2687 4629 territorio
2736 4575 3078 4641 Vivariensi,
3138 4578 3191 4631 S.
3225 4576 3465 4633 Andeoli
3500 4579 3639 4634 sub-

1992 4664 2239 4720 diaconi.
2274 4666 2455 4729 Quem
2490 4663 2649 4719 misit
2678 4664 2749 4719 ab
2771 4664 3001 4719 Oriente
3028 4669 3267 4721 sanctus
3288 4666 3642 4739 Polycarpus

1992 4752 2368 4825 Smyrncnsis
2389 4752 3052 4824 episcopus,discipulus
3079 4753 3227 4808 beati
3243 4754 3487 4811 Joannis
3509 4773 3644 4828 apo-

1995 4843 2153 4908 stoli,
2198 4859 2331 4898 cum
2364 4843 2531 4897 beato
2564 4842 2819 4913 Benigno
2851 4846 2908 4896 et
2936 4842 3233 4898 Andochio
3266 4844 3642 4916 presbyteris,

1995 4938 2051 4987 et
2080 4932 2307 5003 Thyrso
2338 4932 2601 4997 diacono,
2635 4930 2707 4984 ab
2738 4930 3174 5001 praedicandum
3196 4932 3437 4987 verbum
3465 4934 3559 4988 Dei
3582 4933 3643 4988 in

1995 5020 2201 5077 Gallia.
2222 5020 2402 5090 Cujus
2427 5018 2832 5088 prmdicatione
2854 5018 3043 5074 Caesar
3061 5021 3308 5076 Severus
3327 5025 3641 5092 comperta,

1997 5108 2253 5181 spinosis
2286 5107 2540 5161 fustibus
2564 5106 2969 5163 crudelissime
2990 5107 3346 5180 ﬂagellatam
3372 5110 3429 5163 in
3451 5126 3643 5165 carce-

1999 5214 2121 5253 rem
2156 5196 2305 5250 tradi
2339 5195 2630 5266 praecepit.
2666 5196 2735 5249 Et
2756 5193 2869 5249 alia
2900 5195 2992 5249 die
3024 5196 3377 5267 productum
3400 5213 3533 5252 cum
3557 5197 3641 5251 vi-
3720 5234 3733 5251 κ

1998 5288 2158 5342 deret
2188 5283 2449 5355 superari
2482 5300 2595 5338 non
2656 5299 2848 5353 posse,
2870 5285 3053 5353 jussit
3078 5284 3171 5339 adi
3195 5284 3642 5341 similitudinem

1998 5373 2175 5446 gladii
2206 5374 2276 5427 de
2308 5372 2466 5443 ligno
2499 5371 2816 5425 durissimo
2848 5388 3047 5427 ensem
3097 5373 3243 5442 ﬁeri,
3276 5377 3332 5428 et
3360 5372 3419 5428 in
3452 5374 3642 5430 crucis

2002 5463 2242 5518 modum
2277 5462 2405 5531 ejus
2433 5463 2609 5530 caput
2626 5458 2788 5514 findi.
2823 5461 2985 5525 Quod
3009 5477 3143 5517 cum
3169 5461 3388 5517 factum
3412 5462 3639 5531 fuisset,

304 5682 385 5755 (a)
414 5680 807 5739 Confunditur
845 5678 940 5735 hic
979 5676 1288 5749 Philippus
1328 5674 1630 5748 apostolus
1675 5692 1808 5733 cum
1846 5675 2111 5749 Philippo
2137 5676 2404 5732 diacono.
2436 5672 2582 5728 Vide
2610 5673 2946 5730 Baronium.
