4012 6198
275 340 401 419 ton
436 331 446 340 ’
1274 349 1382 416 MA
1398 345 1968 414 BTYROLOGIUM

273 487 646 562 persecutione
673 487 1010 546 Diocletiani
1042 503 1175 544 cum
1223 487 1494 560 plurimis
1539 485 1879 540 clericorum
1913 495 1966 558 Α

272 595 481 635 suorum
513 580 788 652 martyrio
829 583 1142 634 coronatus
1173 584 1280 633 est.

328 679 453 732 Item
486 679 544 732 in
577 675 806 731 Metello
829 677 1078 730 Panensi
1111 674 1512 746 [Phennensi],
1547 676 1884 727 sanctorum

270 767 624 838 quadraginta
653 771 1000 836 martyrum,
1033 766 1131 835 qui
1157 763 1335 818 simul
1361 763 1547 833 capite
1569 761 1700 816 (εωεὶ
1725 765 1882 815 sunt.

323 861 998 934 Hierosolymis,Quiriaci
1016 859 1882 932 episcopi,cognomentoludze,

266 954 345 1024 qui
371 959 741 1024 posteaquam
771 950 1132 1006 Dominicam
1194 966 1422 1004 crucem
1475 949 1704 1018 reperit,
1739 952 1789 1001 et
1825 947 1880 999 in

268 1041 358 1095 fide
408 1040 618 1094 Christi
676 1039 938 1110 profecit,
997 1055 1029 1092 a
1093 1038 1258 1091 beato
1307 1036 1574 1099 Eusebio,
1609 1037 1884 1090 Romanae

265 1129 399 1184 urbis
427 1129 720 1200 episcopo,
755 1126 1285 1198 Hierosolymorum
1319 1131 1406 1180 est
1451 1125 1696 1179 antistes
1728 1123 1881 1176 ordi-

267 1225 429 1273 natus.
461 1219 640 1288 Cujus
673 1219 828 1270 fama
856 1214 1127 1269 Julianus
1157 1217 1434 1284 Apostata
1461 1213 1710 1283 cognita,
1746 1227 1881 1264 cum

266 1309 323 1362 ad
351 1306 556 1362 bellum
590 1305 911 1369 Persicum,
947 1305 1045 1358 ubi
1076 1308 1132 1357 et
1161 1303 1441 1356 divinitus
1490 1307 1578 1356 est
1610 1302 1884 1355 interem-

264 1402 392 1468 ptus,
417 1393 892 1463 tenderet,jussit
912 1409 1046 1446 cum
1071 1392 1141 1446 ad
1171 1408 1232 1445 se
1254 1392 1510 1461 perduci.
1540 1392 1719 1453 Quem
1749 1406 1878 1443 cum
1915 1457 1929 1470 ﬁ

263 1485 415 1540 nullis
441 1483 763 1539 terroribus
795 1486 894 1536 aut
926 1480 1418 1552 promissioaibus
1449 1497 1482 1534 a
1515 1479 1883 1534 confessione

262 1574 444 1629 Christi
462 1576 658 1644 posset
671 1570 1186 1640 immutare,jussit
1200 1571 1462 1623 dextram
1478 1570 1605 1639 ejus
1620 1567 1883 1622 abscindi

260 1679 495 1726 manum,
527 1662 768 1716 dicens:
807 1681 834 1707 ‹‹
866 1659 926 1714 In
961 1659 1068 1714 hac
1130 1675 1307 1712 manu
1373 1657 1590 1712 multas
1621 1657 1882 1712 scribens

259 1751 527 1825 epistolas,
561 1749 778 1804 multos
809 1748 1100 1819 separavit
1131 1765 1164 1801 a
1212 1747 1514 1802 sacriﬁciis
1554 1747 1817 1801 deorum.
1854 1768 1880 1793 ››

260 1843 352 1898 Sed
373 1841 567 1895 videns
587 1856 722 1893 eum
744 1837 1106 1892 immobilem
1135 1843 1190 1926 et
1215 1838 1392 1926 ﬁxum
1418 1836 1474 1890 in
1497 1836 1725 1890 Christo
1754 1853 1882 1906 per-
1916 1862 1964 1926 Β

260 1945 515 1994 severare,
533 1927 716 1999 jussit
740 1926 1050 1997 plumbum
1068 1925 1322 1980 bulliens
1339 1924 1394 1978 in
1410 1942 1474 1980 os
1489 1924 1882 1995 ejusinfundi,

260 2023 376 2073 utet
395 2017 668 2072 interiora
685 2016 911 2070 viscera
931 2015 978 2084 ej
992 2031 1057 2068 us
1087 2014 1499 2068 eonﬁarentur.
1530 2013 1792 2083 Cumque
1817 2028 1887 2066 ne

258 2108 330 2163 sic
359 2106 590 2176 quidem
653 2106 780 2175 ejus
834 2103 1221 2158 constantiam
1275 2101 1536 2158 emollire
1584 2101 1883 2167 valuisset,

251 2195 411 2266 jussit
434 2194 741 2265 grabatum
767 2209 977 2246 azreum
1003 2191 1217 2257 afferri,
1245 2197 1301 2244 et
1327 2191 1384 2244 in
1410 2208 1474 2245 eo
1512 2195 1781 2245 sanctum
1805 2191 1886 2243 vi-

256 2301 372 2339 rum
395 2282 647 2348 extendi,
668 2287 720 2336 et
752 2280 1047 2335 substerni
1070 2281 1350 2334 carbones
1404 2279 1573 2350 ignis,
1615 2284 1669 2332 et
1693 2277 1888 2348 spargi

255 2387 414 2442 super
439 2386 576 2424 eum
609 2368 694 2424 sa‘l
727 2373 782 2422 et
814 2367 1066 2438 adipem,
1099 2373 1156 2421 et
1207 2368 1460 2437 desuper
1512 2367 1692 2438 virgis
1726 2367 1885 2420 caedi.

253 2460 478 2515 Matrem
502 2464 695 2513 autem
719 2458 846 2526 ejus
869 2456 989 2510 haec
1020 2456 1219 2512 omnia
1257 2461 1692 2526 perseveranter
1724 2472 1886 2525 aspe-

254 2551 512 2611 ctantem,
546 2550 602 2599 et
635 2561 750 2598 non
779 2543 969 2598 solum
1003 2543 1381 2614 impavidam,
1411 2545 1511 2598 sed
1545 2544 1720 2599 etiam
1754 2560 1887 2597 con-

255 2633 666 2689 stantissimam
697 2636 1160 2702 permanentem,
1192 2649 1260 2687 ac
1291 2631 1475 2686 ﬁlium
1510 2636 1776 2686 materno
1807 2633 1889 2685 af-

251 2723 393 2777 fectu
415 2719 1053 2789 confortantem,jussit
1071 2719 1462 2790 impiissimus
1482 2725 1767 2791 tyrannus
1791 2736 1893 2791 per

247 2809 478 2880 capillos
511 2824 884 2879 suspensam,
907 2824 1052 2879 pene
1078 2807 1268 2862 tribus
1311 2808 1471 2863 horis
1511 2808 1802 2880 ungulari,
1838 2812 1894 2862 et

252 2898 543 2969 lampades
574 2913 842 2968 magnas,
876 2896 1120 2951 flamma
1148 2896 1438 2966 ardentes,
1463 2896 1741 2950 lateribus
1765 2898 1893 2964 ejus

245 2986 536 3059 applicari.
573 2989 706 3052 Quae
736 2986 796 3038 in
828 2985 1150 3056 gratiarum
1183 2986 1408 3039 actione
1440 2985 1591 3040 inter
1630 2991 1749 3040 tam
1791 2985 1894 3039 im-

245 3091 442 3130 manes
495 3074 790 3128 cruciatus
848 3089 1247 3143 perseverans,
1301 3073 1746 3128 immaculatum
1779 3074 1892 3127 Deo

241 3161 494 3218 reddidit
514 3161 808 3231 spiritum.
834 3161 996 3214 Tunc
1016 3160 1290 3231 praecepit
1309 3161 1584 3215 Julianus
1607 3163 1892 3231 nequissi-

241 3269 374 3306 mus
401 3252 618 3306 fossam
639 3250 762 3303 ﬁeri
785 3248 986 3314 altam,
1012 3253 1068 3304 et
1086 3249 1306 3303 vocavit
1323 3249 1608 3319 plurimos
1630 3249 1892 3304 incanta-
1925 3224 1966 3288 Ο

236 3346 391 3396 tores
407 3340 798 3410 serpentium,
814 3337 1164 3408 etjussiteos
1193 3337 1585 3408 nequissimos
1600 3343 1896 3408 serpentes

232 3430 527 3495 alferre,et
542 3427 694 3482 mitti
712 3427 768 3479 in
786 3429 999 3480 fossam
1017 3437 1066 3480 et
1080 3444 1182 3480 san
1192 3425 1509 3490 ctquuiri
1519 3427 1896 3498 acumprojici

231 3518 290 3572 in
309 3517 502 3573 medio
518 3533 741 3572 eorum.
764 3516 1027 3586 Cumque
1043 3521 1343 3586 serpentes
1357 3516 1552 3570 divino
1580 3521 1723 3570 nutu
1740 3533 1897 3570 mor—

231 3607 442 3662 tilicati
466 3607 734 3671 fuissent,
761 3610 816 3658 et
837 3609 1090 3659 Ammon
1129 3606 1526 3676 serpentarius
1552 3606 1623 3659 ad
1673 3609 1898 3659 tantum

230 3694 596 3752 miraculum
619 3694 985 3759 credidisset,
1013 3693 1201 3764 capite
1225 3693 1430 3764 plexus
1469 3698 1576 3748 est.
1601 3695 1764 3748 Tunc
1795 3695 1898 3749 Ju-

227 3785 435 3840 lianus
467 3790 744 3839 consueto
776 3783 890 3837 sibi
923 3799 1082 3836 more
1109 3784 1346 3836 beatum
1377 3782 1710 3848 Quiriacum
1743 3800 1901 3838 com-

231 3873 491 3946 pellans,
518 3876 583 3927 ut
604 3872 960 3928 Cruciﬁxum
986 3875 1243 3941 negaret,
1268 3877 1324 3925 et
1371 3872 1441 3924 ab
1465 3888 1531 3926 eo
1553 3873 1728 3943 digna
1751 3873 1903 3926 inve-

228 3962 435 4018 ctione
453 3961 766 4026 coercitus,
784 3959 964 4030 jussit
988 3959 1266 4013 cacabum
1291 3976 1569 4030 magnum
1593 3960 1902 4030 impletum

230 4050 370 4106 oleo
394 4050 668 4120 caleﬁeri,
694 4053 750 4103 et
773 4050 829 4101 in
871 4063 1006 4103 eum
1053 4052 1323 4101 sanctum
1365 4047 1699 4110 Quiriacum
1727 4050 1900 4103 mitti.

227 4140 348 4195 Sed
379 4156 516 4194 cum
542 4137 791 4193 nimium
819 4137 1132 4192 ferbuisset
1158 4137 1429 4205 cacabus,
1457 4136 1535 4190 ita
1563 4144 1627 4190 ut
1647 4141 1905 4191 astantes

227 4229 504 4284 calorem
565 4225 857 4282 sustinere
916 4242 1030 4279 non
1107 4227 1365 4295 possent,
1427 4224 1572 4278 dixit
1627 4235 1902 4280 sanctus:

223 4341 256 4367 ‹‹
287 4323 491 4389 Longe
513 4315 788 4382 recedite,
807 4313 1261 4380 ﬁlioli,utnemo
1280 4314 1643 4368 confleturex
1659 4315 1842 4380 vobis,
1879 4337 1906 4363 ››

215 4411 285 4462 et
314 4406 548 4461 faciens
573 4405 632 4458 in
660 4406 846 4458 fronte
869 4420 976 4458 sua
997 4402 1235 4474 signum
1260 4402 1472 4466 crucis,
1497 4403 1800 4473 ingressus
1821 4409 1910 4458 est

208 4494 282 4549 in
309 4494 608 4548 cacaburn
633 4491 802 4564 quasi
831 4493 900 4546 ad
927 4491 1248 4546 lavacrum.
1292 4491 1555 4560 Cumque
1579 4508 1679 4546 nec
1703 4492 1783 4545 sic
1807 4510 1906 4546 no-

215 4583 397 4639 citus
421 4583 693 4649 fuissent,
713 4581 894 4652 jussit
911 4597 1044 4635 eum
1067 4585 1350 4652 tyrannus
1371 4580 1442 4634 de
1461 4587 1828 4635 macroconto
1848 4581 1904 4636 in
1941 4589 1984 4652 ι)

211 4677 451 4745 pectus
484 4672 728 4744 percuti.
757 4671 861 4734 Qui
904 4686 1220 4740 percussus
1245 4669 1303 4722 in
1334 4684 1468 4723 voce
1518 4671 1901 4725 confessionis

213 4761 448 4818 emisit
470 4760 764 4832 spiritum,
787 4765 1000 4814 etcum
1024 4757 1322 4829 triumpho
1344 4757 1605 4829 martyrii
1647 4759 1907 4829 pervenit

213 4851 304 4907 ad
334 4849 666 4906 Christum.
687 4850 815 4904 Dies
840 4847 1132 4920 passionis
1151 4849 1278 4918 ejus
1293 4847 1617 4901 secundum
1634 4848 1904 4912 alioshic,

215 4939 586 4994 secundum
608 4935 1085 5008 Martyrologium
1110 4951 1242 4990 vero
1264 4935 1320 4989 S.
1349 4934 1680 5007 Hieronymi
1707 4935 1908 4990 Kalen-

219 5027 335 5083 dis
365 5028 510 5082 Maii
546 5025 791 5082 celebris
822 5026 1090 5080 habetur.

311 5127 476 5180 Item
509 5125 603 5179 die
635 5124 1056 5195 suprascripto,
1088 5121 1457 5188 Nicomediae,
1489 5127 1702 5176 sanctae
1732 5124 1911 5177 Anto-

215 5212 432 5268 ninze.
467 5215 601 5278 Quae
635 5211 887 5266 nimium
920 5214 1092 5276 torta,
1125 5215 1181 5264 et
1217 5210 1390 5263 variis
1440 5211 1800 5265 cruciatibus
1829 5213 1912 5265 af-

214 5299 436 5371 ﬂicta,
461 5301 700 5356 brachio
724 5300 911 5354 tribus
952 5299 1158 5352 diebus
1198 5314 1505 5369 suspensa,
1529 5307 1586 5354 et
1611 5300 1665 5352 in
1691 5317 1917 5354 carcere

217 5389 503 5445 biennio
526 5391 786 5453 detrusa,
811 5405 845 5440 a
891 5385 1251 5440 Priscilliano
1275 5387 1519 5456 praeside
1545 5389 1615 5441 ad
1639 5388 1916 5443 ultimum

208 5478 520 5534 ﬂammis
547 5482 754 5530 exusta
785 5480 892 5530 est.

309 5573 552 5629 Eodem
585 5574 677 5628 die
710 5573 769 5626 in
801 5572 1028 5627 Nicorio
1061 5570 1308 5640 [Norico]
1344 5570 1602 5642 Ripensi,
1628 5573 1750 5628 loco
1782 5575 1924 5630 Lau-

209 5665 446 5736 riaco,
478 5662 752 5720 nativitas
793 5662 977 5718 sancti
1010 5659 1296 5716 Floriani:
1351 5661 1449 5731 qui
1503 5666 1761 5734 tempore
1791 5663 1923 5721 Dio-

1980 390 1993 408 .
2026 379 2105 395 -—
2132 346 2372 412 MENS.
2419 345 2615 412 ΜΑῙῙ.

3489 338 3645 408 1078

1995 482 2227 539 oletiani
2257 489 2313 538 et
2367 483 2702 538 Maximiani
2738 481 3182 555 imperatorum,
3235 469 3501 539 saeviente
3531 479 3644 536 ini-

1997 573 2282 643 quissimo
2305 573 2550 643 praeside
2569 571 2861 644 Aquilino,
2879 573 3089 644 jussus
3136 579 3227 628 est
3271 570 3486 626 collum
3507 587 3645 625 saxo

2005 660 2182 732 ligato
2216 665 2346 732 post
2376 661 2588 716 nimias
2620 663 2803 716 credes
2834 666 2888 715 et
2920 661 3300 716 lacerationes
3331 659 3388 713 in
3430 660 3646 714 flumen

1994 750 2238 804 Anisum
2275 750 2639 820 praecipitari.
2675 750 2938 821 Cumque
2971 749 3205 805 lictores
3257 749 3452 804 divino
3485 753 3644 803 metu

1996 839 2296 909 pavefacti,
2331 838 2579 909 impium
2637 839 2863 894 facinus
2912 838 3375 903 exhorruissent,
3409 838 3646 908 quidam

1986 927 2221 997 juvenis
2253 928 2530 981 audacior
2561 933 2616 980 et
2649 927 2936 981 infelicior
2966 927 3214 996 caeteris,
3268 925 3649 998 praecipitavit

1994 1032 2126 1070 eum
2150 1017 2220 1071 de
2243 1021 2414 1088 ponte
2436 1015 2495 1070 in
2515 1015 2782 1082 ﬂuvium,
2804 1021 2859 1071 et
2882 1017 3079 1071 statim
3102 1015 3253 1071 oculi
3271 1017 3400 1086 ejus
3414 1030 3650 1086 crepue-

1994 1110 2166 1161 runt:
2190 1106 2349 1160 unda
2371 1122 2501 1160 vero
2541 1104 2874 1159 famulatrix
2912 1122 3125 1176 corpus
3156 1105 3342 1160 sancti
3373 1104 3647 1176 martyris

1991 1198 2049 1252 in
2083 1197 2337 1265 quodam
2386 1194 2680 1249 secretiori
2727 1194 2850 1248 loco
2901 1211 3038 1249 saxo
3070 1194 3439 1249 eminentiori
3467 1194 3645 1265 depo-

1993 1286 2131 1350 suit,
2159 1285 2256 1339 ubi
2284 1284 2334 1338 ei
2359 1284 2559 1337 tandiu
2587 1282 2784 1354 aquila
2805 1283 3433 1350 exhibuitcustodiam,
3463 1283 3647 1338 donec

1993 1374 2116 1444 ipse
2139 1374 2373 1428 cuidam
2397 1372 2683 1443 religiosae
2730 1373 2958 1426 feminae
2980 1373 3252 1427 eumdem
3277 1372 3643 1428 demonstra-

1991 1463 2092 1527 vit,
2125 1468 2182 1517 et
2211 1462 2260 1517 ei
2295 1462 2365 1516 de
2404 1462 2810 1516 transferendo
2842 1476 3081 1532 oorpore
3111 1477 3218 1515 suo
3252 1461 3570 1516 mandavit.

2071 1569 2140 1623 IIl
2172 1569 2314 1622 Nos.
2346 1568 2502 1622 Man.
2536 1599 2604 1606 ——
2635 1574 2681 1620 Α
2714 1566 3014 1636 Bethania,
3068 1566 3126 1620 in
3187 1570 3387 1622 monte
3443 1566 3646 1622 Oliveti

1986 1659 2156 1728 juxta
2186 1656 2644 1729 Hierosolymam
2705 1656 2835 1720 sita,
2889 1656 3154 1711 ascensio
3203 1655 3433 1711 Domini
3464 1655 3648 1710 nostri

1992 1747 2132 1801 Jesu
2155 1745 2364 1800 Christi
2394 1745 2450 1799 in
2474 1745 2707 1799 coelum.
2734 1743 2843 1798 Ubi
2866 1761 2999 1799 cum
3022 1743 3265 1799 ecclesia
3307 1744 3462 1815 regio
3487 1743 3649 1799 cultu

1995 1840 2328 1890 constructa
2348 1835 2571 1888 visatur
2589 1837 2645 1888 et
2666 1838 2836 1899 tecta,
2864 1833 3094 1904 proprie
3123 1833 3288 1888 locus
3312 1832 3424 1901 ille,
3450 1833 3510 1888 in
3533 1849 3649 1905 quo

1997 1923 2312 1978 novissime
2335 1923 2497 1978 stetit
2518 1927 2572 1976 et
2598 1922 2752 1976 unde
2777 1922 2848 1975 ad
2870 1921 3044 1976 ccelos
3066 1938 3278 1993 corpus
3300 1921 3650 1993 incorrupti-

1995 2031 2134 2067 vum
2166 2013 2421 2078 libravit,
2456 2012 2535 2065 ita
2593 2015 2858 2065 sacratus
2917 2010 3124 2064 divinae
3185 2011 3508 2081 majestatis
3539 2010 3648 2064 im-

1995 2101 2297 2174 pressione
2328 2101 2603 2170 creditur,
2637 2105 2694 2155 et
2724 2101 2794 2154 ab
2829 2099 3145 2154 incredulis
3175 2100 3350 2154 etiam
3373 2097 3648 2169 cernitur,

1997 2195 2062 2245 ut
2080 2206 2381 2261 nunquam
2406 2191 2659 2260 desuper
2679 2193 2897 2244 tectum
2924 2181 3234 2255 sustinere,
3257 2190 3358 2242 aut
3373 2188 3648 2242 deorsum

1999 2296 2276 2342 marmor,
2309 2284 2411 2332 aut
2439 2277 2595 2332 aliud
2631 2278 3030 2348 pavimentum
3081 2277 3336 2348 recipere
3369 2276 3648 2348 patiatur,

1999 2369 2099 2423 sed
2122 2367 2181 2421 in
2210 2366 2403 2421 media
2425 2366 2664 2421 basilica
2690 2365 2790 2420 Dei
2813 2370 2869 2420 et
2895 2365 3150 2420 hominis
3175 2365 3384 2420 ultima
3405 2364 3652 2436 vestigia

2000 2473 2184 2511 arenae
2217 2462 2532 2510 cernantur
2563 2454 2722 2509 omni
2754 2460 3016 2526 tempore
3038 2454 3344 2525 impressa,
3367 2458 3434 2509 ut
3455 2453 3649 2510 locum

1998 2546 2195 2616 ipsum
2219 2546 2498 2600 adeuntes
2548 2561 2661 2599 non
2687 2544 2982 2598 immerito
3010 2543 3236 2614 possint
3269 2543 3324 2598 in
3348 2542 3497 2598 hanc
3521 2559 3651 2614 pro-

2000 2634 2241 2706 phetica:
2276 2633 2628 2688 laudationis
2657 2649 2854 2688 vocem
2905 2648 3248 2704 erumpere:
3295 2632 3654 2687 Adoravimus

2003 2725 2059 2777 in
2092 2725 2223 2792 loco,
2260 2725 2358 2777 ubi
2385 2727 2648 2777 steterunt
2677 2722 2832 2792 pedes
2859 2723 2972 2792 ejus
3003 2722 3174 2791 (Psal.
3209 2720 3424 2790 CXXXI.)

2072 2812 2235 2881 Apud
2296 2811 2700 2866 Alexandriam
2773 2810 3046 2864 nativitas
3111 2809 3296 2864 sancti
3357 2806 3654 2880 Euthymii

2002 2900 2250 2965 diaconi,
2286 2899 2344 2952 in
2372 2915 2600 2954 carcere
2639 2899 3013 2970 quiescentis.

2070 2987 2520 3057 Thessalonicae,
2557 2987 2752 3043 lrenaei
2813 2990 2871 3042 et
2924 2987 3222 3059 Peregrini
3254 2991 3428 3058 atque
3458 2987 3654 3041 Irenes

2002 3077 2124 3147 igni
2159 3081 2620 3132 combustorum.

2077 3166 2138 3218 In
2172 3165 2355 3218 Gallia
2387 3182 2512 3235 quae
2552 3165 2766 3218 dicitur
2823 3164 3142 3229 Provincia,
3201 3163 3432 3218 civitate
3461 3163 3656 3218 Arela-

2005 3252 2177 3314 tensi,
2211 3254 2396 3306 sancti
2434 3252 2633 3306 llilarii
2664 3252 2943 3322 episcopi,
2979 3252 3200 3322 magni,
3233 3251 3385 3305 docti
3434 3255 3491 3304 et
3511 3267 3654 3322 prae-

2005 3340 2316 3395 clarissimi
2372 3341 2495 3394 viri.
2556 3341 2662 3403 Qui
2717 3339 3075 3412 paupertatis
3127 3343 3372 3402 amator,
3433 3343 3490 3392 et
3519 3354 3658 3410 erga

2008 3430 2248 3500 inopum
2283 3429 2696 3500 provisionem,
2757 3445 2870 3483 non
2931 3427 3122 3482 solum
3173 3425 3386 3482 mentis
3420 3427 3653 3498 pietate,

2009 3519 2106 3573 sed
2133 3521 2187 3572 et
2209 3517 2465 3589 corporis
2487 3517 2577 3572 sui
2624 3517 2819 3572 labore
2867 3516 3152 3571 sollicitus
3199 3521 3342 3571 erat.
3373 3517 3518 3572 Nam
3551 3533 3655 3588 pro

2011 3608 2338 3663 reﬁciendis
2371 3607 2727 3678 pauperibus
2775 3607 2949 3660 etiam
2981 3605 3423 3660 rusticationem
3455 3610 3658 3660 contra

2008 3698 2157 3751 vires
2188 3714 2325 3752 suas
2358 3702 2413 3751 et
2443 3712 2640 3761 usum,
2677 3696 2849 3750 homo
2909 3712 3118 3766 genere
3180 3693 3372 3749 clarus
3404 3698 3460 3748 et
3487 3693 3658 3765 longe

2011 3786 2177 3841 aliter
2207 3786 2508 3855 educatus,
2541 3784 2814 3840 exercuit.
2850 3785 2960 3839 Sed
2995 3801 3099 3838 nec
3146 3783 3205 3837 in
3255 3783 3660 3855 spiritualibus

2013 3875 2306 3947 neglexit:
2342 3892 2477 3929 nam
2509 3879 2566 3930 et
2609 3875 2665 3928 in
2728 3874 2983 3928 docendo
3043 3872 3289 3945 gratiam
3349 3871 3574 3938 habuit,
3607 3875 3664 3927 et

2013 3965 2233 4032 absque
2265 3979 2646 4034 personarum
2708 3961 3042 4033 acceptione
3098 3962 3373 4016 omnibus
3413 3961 3664 4033 castiga-

2013 4054 2229 4106 tionem
2265 4051 2530 4123 ingessit.
2584 4050 2949 4122 Pelagianam
3007 4067 3240 4122 quoque
3303 4050 3573 4105 haeresim
3605 4049 3665 4104 in

2015 4140 2297 4195 Collatore
2327 4139 2578 4194 maxime
2610 4141 2994 4211 deprehendit
3027 4145 3084 4195 et
3114 4141 3404 4212 corrigere
3433 4139 3665 4210 sategit.

2016 4230 2170 4283 Inter
2200 4245 2309 4283 sua
2339 4245 2470 4284 vero
2501 4228 2688 4300 Opera
2719 4230 2787 4284 ad
2841 4229 3165 4284 multorum
3216 4227 3549 4295 utilitatem,
3576 4242 3670 4281 ne-

2016 4317 2267 4372 cessario
2300 4334 2490 4388 opere,
2522 4318 2715 4372 Vitam
2765 4319 2950 4374 sancti
3005 4317 3283 4372 Honorati
3343 4314 3670 4370 decessoris

2018 4407 2106 4461 sui
2141 4407 2373 4477 ingenio
2403 4405 2721 4462 immortali
2755 4406 3102 4478 composuit.
3137 4405 3382 4460 Moritur
3409 4401 3670 4459 Valenti-

2020 4496 2194 4549 niano
2231 4501 2286 4549 et
2318 4495 2601 4550 Martiano
2632 4495 3109 4565 imperatoribus.

2091 4584 2324 4637 Viennm
2356 4583 2601 4638 Nectarii
2635 4587 2691 4637 et
2722 4583 2928 4637 Nicetii
2957 4583 3384 4654 episcoporum.

2083 4672 2487 4726 Antissiodoro
2520 4672 2722 4743 passio
2756 4671 2940 4726 sancti
2969 4671 3198 4726 Joviani
3229 4669 3600 4726 confessoris.

2090 4778 2302 4833 llNox.
2338 4779 2496 4832 Man.
2532 4808 2598 4818 ——
2632 4777 2846 4845 Romae,
2908 4782 3042 4832 ante
3096 4780 3324 4848 portam
3387 4775 3673 4843 Latinam,

2019 4868 2213 4939 passio
2244 4867 2432 4921 sancti
2461 4865 2706 4921 Joannis
2740 4865 3008 4938 apostoli.
3044 4866 3149 4931 Qui
3184 4866 3254 4920 ab
3285 4864 3539 4936 Epheso,
3572 4863 3680 4930 ubi

2020 4972 2255 5010 manere
2286 4960 2686 5019 consueverat,
2711 4956 2886 5024 jussu
2919 4953 3258 5024 Domitiani,
3295 4953 3494 5008 fratris
3545 4951 3678 5017 Titi,

2023 5043 2281 5098 secunda
2333 5042 2392 5095 in
2451 5042 2814 5098 Christianos
2873 5042 3274 5114 persecutione
3332 5056 3509 5112 quam
3557 5039 3683 5111 ipse

2023 5136 2156 5202 post
2185 5131 2471 5185 Neronem
2503 5132 2780 5201 exercuit,
2813 5132 2883 5186 ad
2933 5132 3136 5186 urbem
3190 5131 3435 5185 Romam
3468 5128 3682 5200 perdu-

2025 5226 2152 5275 ctus
2185 5224 2465 5290 praesente
2497 5225 2705 5274 senatu
2738 5225 2871 5275 ante
2902 5225 3129 5291 portam
3173 5219 3442 5273 Latinam
3477 5218 3534 5271 in
3568 5217 3682 5272 fer-

2026 5309 2212 5363 ventis
2245 5307 2354 5362 olei
2388 5306 2609 5361 dolium
2675 5308 2896 5363 missus
2927 5315 3035 5377 est,
3100 5311 3307 5379 agente
3365 5305 3473 5360 hoc
3504 5305 3685 5376 impio

2030 5396 2289 5469 principe
2317 5396 2416 5466 qui
2447 5395 2907 5450 Christianorum
2943 5396 3367 5451 infestissimus
3408 5409 3686 5466 persecu-

2029 5495 2121 5541 tor
2140 5491 2281 5550 erat,
2308 5490 2370 5538 ut
2390 5491 2510 5537 tam
2535 5483 2724 5538 valido
2753 5485 2941 5555 capite
2963 5486 3326 5552 detruncato,
3363 5482 3688 5537 inﬁrmiora

2033 5575 2303 5630 cederent
2347 5572 2614 5627 Ecclesiae
2667 5577 2948 5627 membra.
3013 5574 3122 5628 Sed
3156 5573 3360 5627 beatus
3387 5570 3686 5644 apostolus

2036 5668 2152 5719 tam
2215 5661 2432 5717 illaesus
2487 5679 2520 5716 a
2575 5677 2745 5732 poena
2794 5662 3228 5720 immanissima
3256 5661 3412 5731 exiit,
3445 5677 3622 5734 quam
3653 5677 3688 5716 a
