4012 6198
317 378 479 447 10⁵19

1199 377 1271 442 Β.
1319 378 1666 443 NOTKERI
1709 375 2046 442 BALBULI
2091 379 2157 442 S.
2205 376 2431 442 GALLI
2477 376 2828 444 MONACHI

3566 368 3731 438 1080

317 512 689 587 corruptione
721 510 912 568 carnis
971 513 1294 583 permansit
1343 513 1648 569 immunis.
1706 513 1869 568 Tunc
1901 511 1960 566 in
1992 512 2047 578 Α
2077 511 2187 567 sub
2218 513 2618 584 persecutione
2645 512 2899 584 Trajani.
2932 507 3128 568 Altera
3153 525 3290 566 vero
3332 506 3426 565 die
3483 511 3735 564 sanctus

318 605 632 662 Pathmum
661 601 916 657 insulam
971 601 1262 674 relegatus
1319 602 1542 672 exsilio,
1577 600 1964 674 Apocalypsin

315 694 461 749 vidit
489 699 547 748 et
598 689 852 762 scripsit.
912 691 996 744 Ad
1051 692 1578 746 commendandam
1613 706 1746 762 ergo
1778 689 1966 760 ipsius

319 783 554 855 dignam
579 777 921 834 memoriam
943 783 1000 834 et
1021 779 1399 851 apostolicam
1424 781 1481 834 in
1504 781 1616 834 fide
1662 785 1717 834 et
1737 778 1962 834 confes-

318 873 482 928 sione
502 868 733 925 Domini
755 869 939 924 nostri
962 868 1100 924 Jcsu
1125 869 1337 925 Christi
1369 869 1778 933 constantiam,
1802 868 1966 924 Chri-

320 959 495 1016 stiani
526 957 850 1022 basilicam,
883 957 1071 1028 ipsius
1103 959 1337 1014 nomine
1367 975 1433 1012 ac
1455 957 1739 1012 memoria
1761 957 1970 1028 glorio-

319 1064 467 1114 sam,
491 1047 548 1102 in
573 1063 753 1118 supra
773 1045 926 1102 dicto
945 1046 1070 1102 loco
1094 1052 1225 1102 ante
1251 1052 1476 1118 portam
1529 1046 1791 1102 Latinam
1822 1063 1966 1116 prae-

318 1137 472 1194 claro
505 1152 676 1208 opere
704 1136 1106 1202 condiderunt,
1137 1136 1236 1190 ubi
1285 1137 1558 1191 festivum
1614 1151 1966 1191 concursum

317 1227 506 1301 pridie
536 1243 720 1282 nonas
751 1226 933 1281 Maias
971 1228 1279 1281 annuatim
1335 1239 1530 1297 usque
1579 1225 1752 1280 hodie
1781 1225 1967 1280 facere

317 1333 432 1373 non
467 1315 794 1380 desistunt;
829 1315 983 1385 quod
1014 1320 1070 1368 et
1098 1315 1157 1369 in
1184 1313 1452 1385 plurimis
1483 1313 1750 1369 Ecclesia:
1770 1313 1965 1368 catho-

315 1405 441 1460 licae
473 1404 616 1460 locis
649 1403 920 1474 religiose
952 1403 1096 1458 solet
1127 1404 1372 1458 actitari.
1407 1407 1544 1458 Post
1566 1406 1812 1458 mortem
1834 1418 1967 1456 vero

248 1545 262 1555 ,
317 1494 653 1560 Domitiani,
678 1493 952 1548 omnibus
976 1493 1102 1562 ejus
1126 1492 1460 1548 constitutis
1483 1497 1722 1547 senatus
1741 1490 1968 1562 judicio

318 1582 584 1649 cessatis,
617 1583 768 1636 inter
799 1581 944 1636 alios
977 1580 1222 1635 diversis
1245 1596 1313 1635 ex
1335 1580 1528 1636 causis
1551 1581 1622 1635 ab
1643 1597 1708 1634 eo
1731 1581 1970 1634 damna-

317 1678 408 1729 tos
434 1677 491 1728 et
519 1671 578 1726 in
608 1669 812 1726 exsilia
842 1671 1132 1736 detrusos,
1178 1671 1356 1725 etiam
1410 1671 1616 1725 beatus
1675 1668 1972 1741 apostolus

315 1763 567 1818 Joannes
595 1759 959 1830 indulgentia
977 1758 1172 1814 Nerva:
1196 1759 1562 1831 imperatoris
1585 1758 1890 1824 dimissus,
1914 1763 1972 1813 et

2074 601 2351 656 diaconus
2384 601 2619 656 nomine
2649 601 2931 657 Caesarius
2967 600 3190 656 invenit
3219 615 3461 671 corpora
3494 602 3734 654 sancta-

2075 707 2206 744 rum
2240 689 2420 745 illaasa
2446 709 2458 746 :
2491 691 2549 744 in
2583 690 2758 746 facies
2785 691 2941 746 enim
2973 707 3111 746 suas
3140 693 3465 762 prostrate,
3494 693 3736 743 orantes

2073 779 2386 834 Dominum
2416 784 2796 836 recesserunt.
2831 779 3088 842 Quarum
3119 795 3365 850 corpora
3410 778 3574 832 idem
3604 793 3738 831 san-

2074 872 2204 923 ctus
2235 868 2516 937 djaconus
2547 874 2604 924 et
2660 873 2876 941 martyr
2935 867 3189 941 inclytus
3249 867 3307 922 in
3363 865 3736 938 sacrophago

2076 973 2222 1012 novo
2255 957 2430 1012 simul
2464 958 2760 1023 condiens,
2795 959 2853 1012 in
2886 957 3174 1028 profundo
3207 961 3370 1011 terra
3411 955 3739 1021 infodiens,

2077 1045 2362 1116 sepelivit.
2399 1047 2718 1102 Luxurium
2753 1063 2885 1102 vero
2916 1049 3055 1101 dum
3113 1046 3181 1100 ad
3231 1043 3570 1100 convivium
3606 1061 3736 1115 pro-

2077 1139 2326 1206 peraret,
2358 1134 2596 1190 coluber
2625 1136 2696 1191 de
2729 1152 2889 1190 ramo
2921 1134 3146 1190 arboris
3196 1150 3298 1206 per
3343 1133 3636 1205 capitium
3667 1133 3736 1186 ad

2076 1239 2174 1279 cor
2202 1224 2328 1293 ejus
2360 1223 2683 1295 ingressus,
2714 1229 2983 1280 enectum
3007 1228 3064 1280 et
3085 1223 3387 1296 turgidum
3407 1222 3484 1277 ad
3510 1227 3735 1293 specta-

2078 1311 2273 1366 culum
2303 1317 2360 1367 et
2389 1313 2722 1385 exemplum
2753 1312 3081 1369 infidelium
3113 1311 3443 1384 dereliquit.

2149 1400 2291 1456 Item
2324 1402 2516 1458 Romae
2547 1402 2837 1474 depositio
2860 1402 3154 1458 Benedicti
3175 1401 3493 1474 pontificis,
3525 1400 3630 1472 qui
3650 1417 3732 1454 se-

2077 1490 2163 1544 dit
2194 1486 2423 1546 menses
2450 1491 2672 1554 decem,
2704 1492 3030 1562 imperante
3079 1491 3486 1546 Constantino.
3529 1491 3639 1544 Hic
3670 1490 3738 1543 ab

2077 1579 2316 1634 ineunte
2339 1583 2498 1635 aetate
2521 1581 2581 1634 in
2603 1579 2858 1644 Ecclesia
2879 1579 3170 1650 militavit,
3200 1580 3566 1651 paupertatis
3587 1596 3741 1635 sem-

2078 1683 2179 1737 per
2208 1675 2453 1723 amator.
2488 1667 2765 1740 Sepultus
2797 1673 2886 1725 est
2916 1669 3071 1741 apud
3104 1669 3341 1724 beatum
3364 1672 3626 1723 Petrum.

2150 1757 2319 1827 Apud
2352 1757 2747 1813 Nicomediam
2790 1758 2986 1829 passio
3037 1763 3373 1814 sanctorum
3403 1762 3739 1829 martyrum

320 1850 389 1906 ad
421 1847 718 1921 Ephesum
751 1847 937 1903 redire
969 1847 1312 1918 permissus,
1345 1847 1684 1912 Ecclesiam,
1719 1847 1790 1901 ad
1823 1851 1969 1901 tem-
2001 1882 2049 1946 B
2082 1843 2259 1900 Flavii
2293 1850 2349 1900 et
2378 1846 2716 1918 Augustini,
2770 1851 2826 1902 et
2875 1845 3054 1902 trium
3109 1847 3346 1902 fratrum
3377 1845 3740 1911 Marcellini,

318 1955 432 2012 pus
455 1936 719 1992 absentia
731 1954 839 1992 sua
851 1937 1192 1992 destitutam
1207 1938 1700 2006 etcontristatam,
1720 1936 1970 1990 adventu

320 2045 428 2083 suo
467 2026 800 2091 laetificavit,
859 2030 916 2080 et
972 2025 1252 2097 exemplis
1309 2026 1657 2080 instructam
1714 2025 1884 2080 dictis
1915 2027 1972 2079 et

309 2116 557 2188 scriptis
587 2116 646 2170 in
708 2119 1057 2188 perpetuum
1108 2115 1471 2170 confortavit.
1532 2118 1707 2168 Porro
1741 2117 1973 2185 propter

323 2205 572 2261 nimiam
600 2203 1026 2269 crudelitatem,
1084 2211 1136 2257 et
1192 2203 1530 2276 impiissimi
1585 2203 1972 2274 persecutoris

320 2297 450 2367 ejus
480 2293 795 2350 Domitiani
830 2293 1108 2358 facinora,
1134 2293 1302 2363 ineo,
1329 2298 1392 2347 ut
1419 2291 1860 2362 bistoriographi
1885 2307 1970 2345 re-

320 2386 534 2449 ferunt,
569 2387 626 2438 et
655 2383 866 2438 domus
907 2387 964 2437 ct
1022 2398 1233 2437 nomen
1293 2384 1584 2438 Caesarum
1642 2381 1868 2437 defecit.
1903 2380 1975 2434 Ut

318 2490 452 2529 vero
483 2473 660 2528 etiam
694 2476 898 2544 postea
930 2489 1095 2545 reges
1145 2472 1540 2527 Romanorum
1590 2471 1843 2526 Caesares
1874 2487 1974 2542 ap-

321 2561 702 2635 pellarentur,
735 2562 979 2632 antiqua
1027 2561 1391 2617 consuetudo
1423 2565 1479 2616 et
1536 2561 1788 2615 maxime
1820 2559 1973 2631 apud

322 2651 603 2706 barbaras
635 2649 901 2705 nationes
933 2650 1206 2704 obtinuit.

398 2747 613 2803 Eodem
641 2747 735 2801 die
761 2746 1034 2802 nativitas
1058 2746 1212 2801 beati
1260 2745 1459 2800 Evodii
1480 2745 1850 2800 Antiochense
1875 2746 1976 2800 Ec-

326 2836 512 2892 clesiae
544 2835 822 2908 episcopi,
855 2835 953 2905 qui
987 2835 1214 2906 primus
1246 2835 1317 2888 ab
1349 2833 1626 2902 apostolis
1657 2833 1736 2886 ibi
1769 2837 1856 2888 est
1885 2850 1976 2886 or-

325 2924 565 2979 dinatus
595 2923 923 2994 episcopus.
958 2922 1037 2976 De
1069 2939 1181 2993 quo
1205 2923 1328 2992 ipse
1351 2920 1562 2976 Paulus
1591 2919 1977 2991 Philippensi-

323 3013 436 3066 bus
467 3012 731 3066 scribens
761 3011 876 3064 ait:
938 3009 1200 3063 Evodium
1256 3025 1412 3078 rogo,
1465 3018 1518 3063 et
1547 3009 1860 3079 Syntychen
1885 3009 1976 3064 de-

316 3115 534 3172 precor,
567 3099 809 3170 idz'psum
837 3112 1026 3170 sapere
1060 3098 1121 3152 in
1152 3097 1383 3154 Domino
1411 3099 1537 3154 Iesu
1571 3097 1787 3153 Christo
1819 3097 1978 3169 (Phi-

322 3190 457 3262 lipp.
495 3189 592 3259 Iv).

389 3249 531 3334 item
555 3249 838 3332 nativitas
865 3275 1017 3331 beati
1048 3275 1210 3330 Lucii
1265 3275 1634 3347 Cyrenensis,
1688 3275 1788 3348 qui
1820 3277 1975 3349 apud
2009 3249 2051 3316 C

324 3367 585 3440 Cyrenen
619 3364 847 3438 primus
877 3363 1188 3436 episcopus
1220 3383 1253 3418 a
1304 3364 1524 3420 sanctis
1583 3364 1862 3436 apostolis
1893 3369 1983 3420 est

319 3455 702 3512 constitutus.
736 3454 917 3517 Quem
951 3453 1126 3508 etiam
1160 3453 1218 3507 in
1279 3454 1520 3508 Actibus
1582 3453 1979 3525 apostolorum

322 3546 462 3616 (cap.
494 3547 623 3612 xm)
681 3547 920 3598 sanctus
979 3547 1160 3598 Lucas
1219 3541 1575 3614 evangelista
1629 3543 1686 3598 in
1719 3543 1980 3616 catalogo

321 3633 580 3689 virorum
612 3636 1038 3687 commemorat
1076 3630 1656 3702 perfectissimorum.

398 3732 539 3787 Item
573 3729 816 3786 Mariani
849 3732 905 3784 et
954 3728 1156 3784 Jacobi
1180 3729 1350 3798 juxta
1399 3729 1704 3799 quosdam,
1758 3733 1815 3784 et
1846 3729 1982 3784 alio-

323 3837 455 3876 rum
499 3819 911 3892 plurimorum.

391 3908 800 3965 Antissiodoro
831 3906 1115 3978 depositio
1149 3906 1206 3961 S.
1240 3905 1452 3961 Valerii
1482 3905 1761 3978 episcopi.

394 4015 542 4069 Non.
578 4014 736 4068 ΜΑιι.
774 4045 838 4054 -
861 4013 1147 4069 Nativitas
1171 4014 1358 4069 sancti
1381 4013 1682 4070 Juvenalis
1705 4015 1980 4086 martyris

322 4106 380 4160 et
411 4101 761 4158 beatissima:
794 4104 968 4171 atque
998 4101 1416 4158 illustrissimaa
1449 4102 1549 4158 Dei
1576 4102 1826 4172 famulaz,
1851 4102 1976 4158 Fla-

320 4193 425 4248 vim
457 4188 790 4247 Domitillae.
847 4191 981 4252 Quae
1040 4206 1173 4243 cum
1231 4196 1387 4245 esset
1443 4190 1622 4246 Flavii
1665 4191 1978 4246 Clementis

329 4279 589 4338 consulis
611 4295 680 4335 ex
703 4294 901 4334 sorore
942 4277 1153 4349 neptis,
1187 4283 1243 4332 et
1273 4295 1306 4332 a
1338 4283 1536 4334 sancto
1563 4279 1856 4336 Clemente
1886 4297 1977 4336 sa-

322 4389 419 4428 cro
450 4369 736 4426 velamine
767 4368 838 4424 ad
870 4366 1226 4438 integritatis
1259 4369 1748 4439 perseverantiam
1781 4369 1978 4424 consi-

323 4465 520 4534 gnata,
551 4457 950 4530 persecutione
1007 4455 1346 4527 Domitiani,
1408 4473 1558 4512 anno
1611 4458 1978 4530 principatus

324 4551 453 4622 ejus
483 4548 706 4603 decimo
741 4547 966 4619 quinto,
999 4546 1070 4600 ob
1102 4545 1506 4601 testimonium
1549 4547 1704 4617 quod
1752 4547 1975 4603 Christo

2083 1933 2358 1988 Macrobii
2389 1941 2442 1990 et
2471 1935 2755 2008 Eutychii.

2154 2023 2214 2076 In
2265 2023 2457 2079 Africa
2480 2023 2748 2100 Celerini,
2781 2024 3040 2090 Maximi,
3090 2023 3332 2093 Victuri,
3379 2021 3737 2095 Potentilla',

2083 2111 2372 2167 Faustina:
2399 2117 2455 2167 et
2475 2112 2724 2169 aliorum
2747 2112 3290 2183 innumerabilium,
3311 2112 3744 2184 Augustoduno

2083 2201 2368 2271 depositio
2402 2202 2554 2258 beati
2584 2203 2785 2258 Placiti
2818 2203 3096 2274 episcopi.

2155 2308 2278 2363 Vlll
2314 2309 2391 2362 In.
2427 2310 2581 2364 Man.
2615 2341 2683 2350 -—
2711 2309 3018 2365 Mediolani
3068 2308 3280 2365 natalis
3333 2309 3525 2364 sancti
3556 2308 3754 2364 Victo-

2086 2396 2187 2451 ris.
2223 2397 2328 2462 Qui
2363 2398 2595 2452 natione
2625 2399 2884 2463 Maurus,
2917 2403 2974 2454 et
3003 2416 3036 2453 a
3070 2397 3342 2469 primaeva
3380 2402 3552 2452 estate
3583 2396 3750 2452 Chri-

2087 2486 2337 2555 stianus,
2367 2502 2502 2541 cum
2534 2491 2689 2542 esset
2734 2488 2794 2541 in
2851 2487 3061 2543 castris
3107 2486 3524 2559 imperialibus
3557 2485 3752 2549 miles,

2087 2574 2261 2630 etiam
2293 2574 2503 2631 canitie
2561 2576 2887 2640 decoratus,
2953 2575 3336 2648 compellente
3394 2576 3756 2631 Maximiano

2089 2664 2437 2734 imperatore
2469 2669 2534 2719 ut
2557 2665 2912 2721 sacrificaret
2940 2665 3134 2732 idolis,
3169 2665 3227 2720 in
3252 2664 3637 2720 confessione
3659 2669 3757 2720 Do-

2090 2751 2231 2806 mini
2266 2753 2582 2808 fortissime
2614 2771 3010 2826 perseverans,
3045 2760 3177 2826 post
3220 2753 3602 2826 ergastulum
3638 2771 3756 2809 car-

2089 2840 2295 2908 cerale,
2328 2841 2428 2894 ubi
2461 2858 2559 2897 sex
2598 2843 2722 2897 dies
2773 2842 2898 2898 sine
2957 2844 3084 2898 cibo
3136 2847 3195 2898 et
3225 2847 3367 2914 potu
3400 2843 3755 2914 permansit,

2091 2929 2276 3000 primo
2308 2931 2563 3000 graviter
2592 2931 2848 2986 fustibus
2878 2935 2936 2987 et
2994 2930 3240 3003 flagellis
3291 2948 3509 3001 caesus,
3546 2931 3755 2986 deinde

2089 3015 2336 3088 liquenti
2360 3016 2598 3089 plumbo
2622 3021 2955 3091 perfunsus,
2975 3021 3074 3076 sed
3101 3019 3246 3074 nihil
3290 3020 3540 3092 penitus
3562 3021 3761 3087 Iesus,

2090 3105 2408 3162 novissime
2439 3107 2676 3178 gloriosi
2709 3109 2971 3182 martyrii
3005 3125 3243 3164 cursum
3278 3110 3500 3180 capitis
3531 3110 3758 3165 abscis-

2091 3193 2253 3250 sione
2287 3195 2613 3267 complevit.
2647 3197 2827 3268 Cujus
2857 3213 3070 3269 corpus
3093 3198 3247 3270 apud
3271 3197 3500 3253 Silvam
3535 3215 3663 3270 qua:
3686 3198 3758 3253 ad

2091 3282 2292 3338 Ulmos
2314 3289 2556 3340 vocatur
2575 3285 2780 3342 bestiis
2803 3291 2861 3342 et
2890 3286 3228 3342 volucribus
3249 3287 3616 3358 projectum,
3651 3288 3745 3342 sed

2091 3387 2194 3444 per
2223 3373 2511 3446 integram
2543 3374 2974 3434 hebdomadam
3002 3393 3036 3431 a
3057 3374 3220 3430 nulla
3241 3391 3447 3431 earum
3473 3376 3757 3431 contami-

2091 3468 2315 3529 natum,
2349 3480 2382 3517 a
2439 3468 2642 3518 sancto
2704 3465 2960 3520 Materno
3019 3465 3291 3537 episcopo
3329 3465 3654 3521 collectum
3701 3470 3757 3520 et

2090 3551 2408 3608 honorifice
2439 3551 2736 3624 sepultum
2767 3559 2874 3609 est.
2910 3554 3044 3610 Erat
3093 3558 3287 3610 autem
3338 3555 3482 3610 civis
3511 3559 3750 3610 sancto-

2089 3655 2218 3694 rum
2251 3639 2526 3696 Narboris
2557 3647 2616 3696 et
2645 3642 2872 3710 Felicis,
2923 3643 3045 3714 qui,
3106 3644 3165 3698 in
3224 3643 3413 3698 Africa
3441 3642 3747 3708 decollati,

2091 3727 2267 3783 simul
2299 3745 2433 3784 cum
2462 3729 2743 3788 Januario
2775 3736 2832 3788 et
2864 3731 3089 3789 Marino
3122 3730 3502 3787 Mediolanum
3538 3735 3744 3784 trans-

2090 3816 2194 3872 lati
2227 3823 2386 3873 sunt.

2159 3907 2659 3980 Constantinopoli
2690 3909 2900 3982 Agathi
2933 3907 3140 3964 militis
3195 3913 3252 3964 et
3300 3908 3550 3964 aliorum
3577 3906 3756 3964 valde

2091 3993 2436 4050 multorum.

2160 4085 2224 4138 In
2255 4085 2518 4158 (Egyplo,
2550 4086 2802 4143 Victoris
2833 4093 2889 4143 et
2924 4087 3251 4160 Stephanus.

2159 4176 2222 4226 In
2256 4172 2603 4228 Sanctonico
2635 4174 2916 4247 depositio
2943 4175 3001 4231 S.
3037 4175 3271 4231 Martini
3297 4175 3646 4248 presbyteri.

2158 4261 2562 4317 Antissiodoro
2595 4263 2842 4319 Helladii
2873 4265 3150 4338 episcopi.

2159 4369 2258 4422 VII
2292 4369 2374 4424 In.
2404 4373 2558 4425 ΜΑιι.
2594 4401 2660 4411 -
2694 4371 2756 4426 In
2819 4371 3104 4444 Axiopoli,
3164 4370 3419 4440 Quirilli,
3476 4371 3757 4439 Quindei,

2085 4457 2352 4512 Zenonis.

2159 4547 2219 4600 In
2253 4547 2475 4603 Tharso
2505 4547 2742 4614 Ciliciae,
2774 4548 3072 4606 Afrodisii.

326 4635 689 4709 perhibebat,
721 4650 857 4690 cum
888 4633 1019 4688 aliis
1047 4632 1338 4705 plurimis,
1375 4634 1434 4688 in
1465 4633 1721 4690 insulam
1753 4635 1980 4690 Pontia-
2010 4622 2058 4685 D
2158 4635 2660 4707 Constantinopoli
2707 4636 3011 4693 translatio
3043 4637 3101 4693 S.
3135 4637 3447 4694 Timothei.

327 4741 464 4780 nam
492 4722 692 4779 exsilio
715 4723 1041 4794 deportata,
1067 4722 1308 4796 longum
1331 4722 1474 4777 inibi
1501 4723 1844 4795 martyrium
1868 4725 1980 4778 du-

325 4815 430 4870 xit.
463 4812 790 4868 Novissime
819 4829 956 4868 cum
981 4813 1056 4867 ab
1082 4812 1396 4868 Aureliano
1419 4829 1634 4884 sponso
1657 4829 1785 4878 suo,
1809 4827 1979 4880 quem

327 4921 430 4977 pro
479 4901 709 4957 Christo
758 4905 1211 4972 contempserat,
1271 4905 1328 4956 et
1385 4903 1554 4972 cujus
1612 4900 1981 4956 accusatione

327 4991 530 5049 exsilio
563 4991 754 5047 fuerat
785 4989 1064 5062 relegata,
1095 4989 1383 5045 translata
1412 4993 1567 5045 esset
1621 4989 1692 5044 ad
1721 4989 1981 5045 Terraci-

329 5098 487 5147 nam,
522 5082 726 5136 urbem
760 5077 1110 5150 Campaniaa,
1170 5083 1226 5132 et
1264 5079 1531 5134 doctrina
1586 5095 1650 5134 ac
1684 5078 1982 5134 miraculis

326 5170 514 5242 primo
540 5168 981 5240 Euphrosynam
1007 5172 1062 5223 et
1102 5166 1464 5222 Theodoram
1513 5166 1898 5223 collactaneas
1927 5172 1984 5223 et

326 5258 699 5330 convirgines
729 5273 890 5324 suas,
926 5256 1138 5313 deinde
1169 5255 1344 5312 etiam
1378 5255 1521 5311 alios
1555 5255 1626 5310 ad
1674 5254 1847 5310 ﬁdem
1883 5261 2012 5312 Do-'

326 5347 472 5403 mini
503 5345 923 5410 convertisset;
956 5345 1110 5400 inter
1155 5362 1280 5416 qua
1331 5344 1626 5417 magnalia
1675 5345 1983 5416 praedictus

325 5434 698 5504 Aurelianus,
743 5433 1162 5489 infestissimus
1213 5441 1550 5506 persecutor
1601 5435 1750 5503 ejus,
1790 5435 1984 5490 divina

327 5523 540 5578 virtute
561 5522 881 5578 exstinctus
903 5527 994 5578 est
1016 5540 1069 5577 :a
1094 5524 1344 5578 Luxurio
1372 5524 1546 5578 fratre
1574 5523 1718 5595 .ejus
1745 5522 1983 5580 incenso

334 5611 673 5664 cubiculoin
693 5628 806 5681 quo
820 5610 998 5666 simul
1019 5628 1152 5666 cum
1173 5612 1427 5682 praefatis
1445 5610 1768 5682 virginibus
1787 5611 1984 5668 clausa

339 5696 696 5763 morabatur,
730 5713 965 5754 cursum
1000 5698 1235 5768 gloriosi
1266 5698 1526 5769 martyrii
1558 5702 1986 5757 consummavit

2163 4721 2225 4776 In
2277 4723 2533 4788 Perside,
2569 4730 2904 4781 sanctorum
2968 4732 3358 4783 trecentorum
3421 4731 3482 4782 et
3551 4727 3768 4784 decem

2096 4816 2439 4884 martyrum.

2163 4901 2330 4972 Apud
2363 4901 2610 4957 Nazanzi
2643 4904 2949 4974 oppidum,
2983 4903 3270 4976 depositio
3301 4904 3453 4960 beati
3489 4907 3770 4980 Gregorii

2089 4989 2366 5061 episcopi,
2400 4991 2862 5064 qui'l‘heologus
2921 4993 3152 5058 dicitur,
3215 4993 3450 5060 nobilis,
3507 4995 3773 5052 Athenis

2092 5079 2376 5144 eruditus,
2410 5079 2630 5151 collega
2661 5081 2816 5136 beati
2839 5081 3352 5150 Basilii,Csesarezs
3373 5083 3771 5156 Cappadocia

2093 5172 2295 5238 postea
2321 5168 2597 5240 episcopi.
2635 5169 2858 5241 Quique
2888 5187 3023 5226 cum
3055 5188 3118 5228 se
3163 5175 3350 5228 totum
3383 5173 3482 5227 Dei
3517 5175 3772 5230 servitio

2094 5255 2506 5328 mancipasset,
2525 5262 2758 5312 tantum
2781 5258 2851 5314 de
2873 5258 3104 5331 collegae
3127 5275 3326 5316 amore
3350 5265 3770 5335 praesumpsit,

2093 5351 2158 5400 ut
2182 5346 2481 5401 sedentem
2511 5347 2794 5402 Busilium
2819 5349 2889 5404 de
2910 5349 3165 5404 doctoris
3199 5350 3480 5406 cathedra
3501 5351 3768 5424 depone-

2094 5440 2180 5489 ret
2209 5451 2274 5489 ac
2306 5451 2507 5490 secum
2540 5437 2612 5491 ad
2644 5437 3066 5492 monasterium
3099 5454 3280 5493 manu
3313 5439 3532 5510 injecta
3549 5445 3768 5512 pentu-

2093 5528 2268 5588 ceret,
2303 5523 2500 5594 ibique
2533 5540 2635 5594 per
2659 5541 2845 5580 annos
2890 5526 3192 5595 tredecim,
3226 5528 3494 5583 omnium
3528 5529 3762 5586 Greco-

2093 5629 2222 5667 rum
2257 5612 2622 5668 saacularium
2655 5612 2821 5669 libris
2862 5615 3122 5686 remotis,
3177 5614 3321 5672 solis
3352 5617 3566 5672 divinae
3597 5620 3756 5675 Scri-

2095 5704 2276 5772 pturaa
2333 5701 2732 5761 voluminibus
2775 5719 3010 5776 operam
3069 5704 3304 5762 dabant.
3363 5705 3748 5765 Postmoduzn
