4012 6198
304 391 449 459 1081

1312 391 2026 459 MARTYRGLCGIUM.
2058 422 2138 439 --
2164 392 2419 456 MENS.
2450 394 2642 457 MAll.

3540 391 3696 454 1082

307 545 439 585 vero
454 530 606 603 apud
622 532 953 588 Nazanzum
978 530 1255 603 oppidum
1290 532 1597 603 episcopus
1619 530 1942 598 ordinatus,
1974 528 2029 595 Α
2060 528 2353 583 mirabilia
2383 546 2506 600 quae
2539 547 2641 601 per
2670 545 2802 585 eum
2835 529 2985 584 facta
3016 532 3174 595 sunt,
3226 526 3472 583 credidit
3501 527 3694 582 Chris-

306 619 705 676 haereticorum
754 621 1051 676 turbinem
1115 620 1249 675 fidei
1308 621 1617 676 serenitate
1675 618 1937 691 dispulit.

306 707 518 765 Deinde
540 712 712 765 etiam
736 709 1297 782 Constantinopolim
1323 711 1392 764 ad
1417 709 1818 781 corrigendam
1845 725 1942 763 vo-

2051 621 2130 685 to,
2164 617 2243 672 ita
2274 621 2337 672 ut
2368 618 2541 674 etiam
2575 624 2871 691 pateretur
2903 635 3005 690 pro
3036 618 3157 673 illo.

2124 710 2337 772 Romae,
2372 707 2461 761 via
2491 707 2731 774 Salaria,
2789 707 3060 763 milliario
3094 706 3369 762 vicesimo
3419 708 3695 776 secundo;

307 803 488 869 catus,
525 800 606 855 ire
638 805 693 854 et
726 801 853 868 ejus
884 816 1083 853 curam
1116 800 1414 867 suscipere
1445 816 1561 853 non
1594 800 1947 862 abnuit.Qua
2054 798 2108 850 S.
2143 794 2421 850 Anthimi.

306 887 361 942 in
394 888 505 942 fide
554 888 840 943 catholica
896 888 1185 959 roborata,
1238 906 1309 944 ne
1358 888 1672 961 cupiditate
1719 888 1947 943 illectus

308 975 529 1030 ditioris
562 977 795 1032 invasor
824 978 1231 1043 aestimaretur,
1267 979 1335 1032 ad
1371 977 1802 1049 pauperrimam
1854 994 1947 1033 se-

309 1065 435 1120 dem
466 1081 635 1119 suam
668 1067 1118 1137 reversus,quod
1143 1068 1432 1139 superfuit
1460 1066 1584 1120 vita;
1619 1067 1675 1121 in
1708 1084 1775 1121 ea
1796 1071 1947 1120 tem-

308 1170 413 1224 pus
444 1154 653 1225 exegit.
686 1154 756 1209 Et
786 1156 1066 1225 quoniam
1099 1156 1253 1211 fessa
1277 1157 1401 1225 jam
1438 1160 1602 1211 astate
1627 1160 1683 1210 et
1712 1173 1950 1228 corpore

309 1240 597 1297 invalidus
628 1246 771 1308 erat,
806 1260 1204 1299 successorem
1239 1244 1348 1299 sibi
1383 1244 1739 1317 delegit,quo
1758 1244 1950 1299 Eccle-

308 1330 451 1386 siam
483 1332 846 1402 gubernante
878 1331 1196 1388 debilitatis
1228 1337 1282 1388 et
1332 1334 1649 1390 senectutis
1680 1334 1796 1389 otio
1839 1335 1953 1388 fru-

309 1423 520 1474 eretur.

375 1525 449 1581 VI
482 1527 541 1580 In
574 1527 729 1582 Man.
764 1558 831 1567 —-—
861 1528 1154 1599 Depositio
1187 1529 1341 1584 beati
1373 1530 1481 1585 Job
1514 1530 1824 1602 prophetae.

379 1616 571 1670 Romae
606 1615 882 1684 Faltonis,
917 1616 1172 1673 Pinianee
1204 1623 1261 1673 et
1293 1619 1513 1686 Anitize,
1550 1620 1954 1685 Lucina,con-

305 1703 464 1776 jugis
495 1705 642 1776 ejus,
670 1721 801 1759 cum
835 1704 966 1761 aliis
996 1705 1267 1777 plurimis
1298 1707 1677 1780 martyribus.

379 1797 543 1860 Item,
578 1793 771 1848 Romae
803 1794 1094 1867 Calepodii
1130 1796 1287 1851 senis
1322 1797 1643 1869 presbyteri
1686 1798 1795 1853 sub
1825 1797 1951 1853 Ale-

312 1882 530 1935 xandro
556 1881 1035 1955 imperatore,qui
1067 1900 1201 1938 eum
1228 1885 1360 1940 fecit
1390 1886 1572 1941 occidi
1608 1904 1640 1941 a
1662 1887 1952 1956 Laodicio,
1986 1901 2032 1964 Β

312 1974 364 2025 et
394 1986 605 2041 corpus
653 1971 806 2026 trahi
865 1989 969 2044 per
1025 1973 1338 2044 civitatem,
1374 1979 1550 2047 atque
1610 1976 1668 2031 in
1700 1976 1954 2031 Tiberim

306 2058 635 2129 jactari,die
666 2060 1065 2115 Kalendarum
1081 2061 1417 2128 Maii.Quod
1451 2064 1751 2119 inventum
1777 2066 1958 2137 pisca-

313 2152 468 2202 tores
496 2146 832 2203 levaverunt
860 2153 916 2203 et
962 2156 1346 2205 narraverunt
1389 2151 1633 2207 Callixto
1665 2154 1956 2226 episcopo.

316 2239 390 2289 At
420 2234 517 2289 ille
549 2241 853 2308 acceptum
888 2239 1145 2292 condivit
1173 2257 1306 2294 cum
1342 2243 1726 2313 aromatibus,
1755 2246 1812 2297 et
1850 2242 1957 2298 lin-

317 2323 669 2379 teaminibus
700 2325 1026 2381 involutum
1060 2328 1325 2399 sepelivit
1354 2330 1415 2384 in
1449 2333 1772 2387 cmmeterio
1804 2335 1959 2404 ejus-

316 2413 1120 2481 dem,viaAurelia,milliario
1169 2418 1238 2471 ab
1262 2418 1411 2473 Urbe
1434 2421 1623 2492 tertio,
1659 2422 1717 2475 in
1742 2427 1959 2494 crypta,

316 2506 477 2557 sexto
509 2502 645 2557 ldus
676 2502 828 2557 Maii.
867 2504 1029 2558 Tunc
1063 2505 1382 2561 decollatus
1412 2512 1499 2562 est
1530 2510 1601 2563 ab
1634 2509 1963 2566 Alexandro

315 2590 639 2646 Palmatius
670 2591 875 2647 consul
908 2609 1041 2647 cum
1076 2611 1249 2649 uxore
1308 2600 1362 2649 et
1395 2595 1550 2665 filiis,
1583 2601 1639 2651 et
1669 2598 1797 2653 aliis
1830 2616 1961 2670 pro-

322 2680 535 2735 miscui
569 2697 742 2736 sexus
773 2683 1165 2755 quadraginta
1213 2684 1463 2751 duobus,
1496 2702 1629 2741 cum
1663 2688 1875 2758 quibus
1909 2693 1965 2743 et

314 2768 658 2840 Simplicius
689 2772 1051 2842 senator,qui
1078 2789 1179 2844 per
1200 2773 1524 2827 doctrinam
1549 2774 1773 2830 Callixti
1802 2794 1962 2848 papae

312 2862 369 2912 et
400 2856 696 2929 Calepodii
755 2860 1081 2931 presbyteri
1141 2876 1328 2931 nuper
1388 2862 1617 2917 fuerant
1664 2865 1960 2936 haptizati.

308 2947 604 3018 Scriptum
637 2947 696 3001 in
729 2948 1004 3019 passione
1037 2949 1189 3003 beati
1223 2949 1449 3005 Callixti
1481 2968 1662 3023 papae.

378 3034 596 3089 Eodem
629 3034 722 3089 die
753 3035 945 3090 natale
974 3037 1131 3092 beati
1192 3038 1466 3093 Gordiani
1527 3043 1826 3113 martyris,
1862 3044 1961 3114 qui

309 3126 429 3178 sub.
450 3122 685 3178 Juliano
710 3124 1062 3195 impiissimo
1086 3127 1435 3197 imperatore
1468 3145 1678 3199 passus
1703 3132 1960 3186 est.Nam

308 3228 443 3267 cum
476 3212 792 3282 praedictus
823 3216 1107 3284 tyrannus
1166 3216 1533 3286 praecepisset
1590 3217 1777 3272 eidem
1820 3221 1960 3273 Gor-

313 3300 491 3355 diano
519 3299 737 3355 vicario
768 3317 873 3355 suo
906 3300 1097 3355 adhuc
1130 3302 1333 3372 gentili
1366 3307 1429 3358 ut
1458 3306 1806 3361 Januarium
1830 3325 1963 3378 pre-

314 3389 613 3460 sbyterum
645 3388 960 3461 diligenter
991 3390 1426 3461 examinaret,si
1448 3410 1562 3464 quo
1598 3395 1768 3451 modo
1801 3395 1964 3451 illum

306 3481 514 3549 posset
545 3480 801 3532 avertere
833 3494 865 3532 a
892 3479 1005 3533 {ide
1037 3478 1272 3551 Christi,
1334 3486 1573 3536 sanctus
1633 3488 1825 3539 autem
1870 3485 1964 3540 Ja-

321 3566 569 3622 nuarius
588 3583 721 3621 eum
750 3567 939 3639 magis
962 3567 1220 3624 lucratus
1234 3576 1386 3625 esset
1403 3571 1628 3627 Christo
1644 3589 1777 3627 cum
1794 3590 1970 3629 uxore

306 3655 499 3726 ipsius
529 3656 765 3710 nomine
794 3656 1036 3724 Marine,
1066 3662 1123 3711 et
1154 3657 1381 3713 familia
1411 3660 1732 3730 promiscui
1772 3678 1965 3731 sexus,

309 3760 557 3799 numero
589 3744 1021 3817 quinquaginta
1072 3746 1262 3801 tribus
1305 3752 1362 3802 et
1392 3765 1457 3803 eo
1486 3749 1761 3820 amplius,
1795 3756 1969 3823 atque

331 3832 637 3888 universos
669 3832 1042 3905 baptismatis
1073 3835 1230 3890 unda
1260 3842 1655 3893 consecrassct
1677 3857 1695 3892 :
1725 3840 1969 3895 audiens

308 3920 423 3976 hoc
442 3921 815 3992 impissimus
834 3921 1439 3989 Julianus,iracundia
1460 3909 1968 3996 plenus,sanctum

304 4009 663 4066 Januarium
697 4011 1103 4081 presbyterum
1164 4012 1593 4083 proscriptione
1643 4016 1966 4085 damnavit,

304 4103 583 4154 sanctum
613 4116 747 4154 vero
776 4099 1140 4154 Gordianum
1173 4100 1231 4153 in
1265 4102 1535 4156 custodia
1585 4103 1823 4173 publica
1864 4124 1970 4176 po-

306 4187 635 4259 suit,atque
697 4187 932 4242 cuidam
992 4187 1415 4256 Clementiano,
1450 4206 1626 4260 quem
1684 4192 1969 4249 vicarium

306 4276 439 4346 ejus
471 4274 596 4331 loco
610 4275 1314 4347 deputaverat,commisit
1338 4295 1350 4344 ;
1380 4294 1552 4348 porro
1577 4296 1815 4335 uxorem
1842 4283 1969 4352 ejus

304 4366 596 4421 Marinam
629 4366 699 4420 ad
732 4369 929 4439 Aquas
962 4366 1188 4421 Salvias
1220 4366 1277 4420 in
1326 4367 1557 4422 servitio
1615 4369 1969 4427 rusticorum

305 4454 562 4527 opprimi
594 4456 748 4510 fecit.
783 4456 937 4511 Cum
1006 4459 1201 4510 autem
1262 4455 1507 4511 vidisset
1537 4456 1970 4516 Clementianus

309 4542 453 4614 quia
484 4549 754 4599 sanctum
784 4544 1154 4600 Gordianum
1191 4543 1351 4599 nullo
1381 4546 1554 4600 modo
1586 4564 1620 4601 a
1650 4551 1805 4602 statu
1836 4549 1969 4604 ﬁdei

2129 885 2190 938 In
2224 884 2432 951 Africa,
2471 884 2993 955 Majoli,Victorini,
3030 886 3329 942 Fortunati
3362 891 3418 941 et
3447 886 3696 942 aliorum

2060 973 2399 1028 multorum.

2132 1063 2194 1116 In
2227 1064 2362 1117 Asia
2393 1064 2664 1118 nativitas
2697 1068 3031 1119 sanctorum
3056 1065 3333 1120 Demetrii
3365 1070 3421 1121 et
3442 1066 3695 1121 Thadeei.

2130 1151 2386 1218 Viennae,
2422 1154 2724 1207 beatorum
2775 1153 3182 1225 episcoporum
3233 1154 3463 1209 Martini
3497 1160 3551 1210 et
3583 1156 3701 1209 Ma-

2062 1241 2229 1296 terni.
2291 1242 2469 1305 Quem
2532 1242 2858 1297 Maternum
2919 1243 2990 1297 ob
3049 1243 3241 1298 clades
3304 1244 3698 1310 imminentes,

2063 1329 2309 1385 solemni
2341 1335 2474 1385 ante
2505 1330 2917 1386 Ascensionem
2978 1332 3208 1386 Domini
3262 1332 3497 1388 litanias
3527 1332 3700 1388 insti-

2062 1419 2245 1474 tuisse
2277 1418 2611 1474 retulimus.

2138 1509 2277 1562 Item
2328 1508 2612 1579 depositio
2642 1507 2943 1579 Nepotiani
2976 1508 3315 1580 presbyteri,
3350 1510 3577 1580 nepotis
3602 1511 3703 1564 He-

2065 1594 2271 1651 liodori
2297 1596 2552 1667 epiSCOpi
2580 1598 2649 1651 de
2674 1597 2954 1663 sorore,in
2988 1598 3156 1667 cujus
3184 1596 3463 1669 epitaphii
3497 1614 3705 1654 conso-

2064 1684 2278 1740 latione
2309 1690 2364 1739 S.
2403 1686 2786 1756 Hieronymus
2808 1689 2994 1740 totum
3026 1687 3441 1757 mundum,pro
3473 1687 3555 1742 eis
3579 1705 3706 1759 qua;

2064 1774 2124 1828 in
2157 1792 2221 1830 eo
2255 1775 2406 1829 fiunt
2437 1774 2607 1828 malis
2640 1778 2695 1828 et
2726 1774 2996 1829 accidunt
3055 1774 3507 1842 calamitatibus,
3537 1777 3595 1831 in
3626 1776 3709 1832 lu-

2065 1867 2222 1918 ctum
2256 1868 2312 1918 et
2338 1863 2813 1919 lamentationem
2848 1864 3144 1917 convertit.

2142 1970 2215 2025 1V
2246 1972 2323 2026 ID.
2362 1970 2519 2025 MAII.
2564 2002 2620 2009 ——
2652 1970 2868 2032 Roma},
2900 1968 2959 2023 in
2992 1970 3313 2025 coemeterio
3362 1973 3709 2039 Pretextati,

2070 2059 2341 2114 nativitas
2376 2064 2711 2115 sanctorum
2747 2058 2913 2113 Nerei
2945 2063 3001 2113 et
3029 2059 3267 2114 Achillei
3300 2060 3565 2115 fratrum.
3602 2062 3708 2127 Qui

2069 2148 2304 2204 fuerunt
2334 2148 2585 2203 eunuchi
2618 2149 2799 2203 beatae
2831 2148 3033 2205 Flaviae
3086 2148 3414 2217 Domitillze,
3467 2166 3600 2205 cum
3647 2136 3714 2204 ea

2070 2239 2222 2310 apud
2243 2238 2496 2294 insulam
2512 2239 2777 2293 Pontiam
2800 2238 3042 2310 longum
3062 2255 3165 2310 pro
3179 2238 3403 2294 Christo
3424 2238 3714 2294 duxerunt

2070 2327 2361 2383 exsilium.
2397 2327 2779 2382 Postmodum
2838 2343 2969 2382 vero
3021 2329 3092 2382 ab
3151 2327 3455 2383 Aureliano
3498 2345 3712 2401 sponso

2071 2416 2403 2485 Domitillaz,
2439 2432 2612 2487 quem
2648 2416 2777 2487 ipsa
2809 2417 2881 2471 ob
2930 2433 3188 2471 amorem
3236 2416 3448 2472 Christi
3489 2434 3716 2489 spreve-

2071 2510 2180 2572 rat,
2216 2505 2403 2576 primo
2436 2504 2774 2559 verberibus
2805 2505 3169 2576 gravissimis
3226 2506 3429 2560 arctati
3484 2504 3713 2579 [attrec-

2071 2593 2219 2663 tati],
2255 2592 2460 2648 deinde
2494 2592 2747 2647 Moninic
2781 2593 2946 2655 Rullo
2981 2594 3271 2659 [Memmio
3305 2595 3476 2665 Rufo]
3507 2611 3714 2650 consu-

2074 2681 2181 2736 lari
2210 2687 2347 2737 sunt
2375 2681 2591 2736 traditi.
2646 2684 2691 2736 A
2723 2698 2838 2751 quo
2888 2699 3020 2738 cum
3074 2682 3321 2755 equuleo
3373 2687 3431 2738 et
3462 2683 3717 2739 ﬂammis

2074 2770 2559 2841 compellerentur
2598 2771 2668 2824 ad
2698 2769 3149 2841 immolandum,
3183 2775 3239 2824 et
3295 2771 3553 2827 dicerent
3593 2788 3654 2826 se
3685 2789 3719 2827 a

2073 2859 2239 2913 beato
2274 2860 2433 2913 Petro
2465 2858 2727 2928 apostolo
2758 2858 3275 2931 baptizatos,nulla
3296 2860 3521 2915 ratione
3546 2859 3717 2914 idolis

2072 2946 2399 3011 immolare,
2435 2948 2620 3017 capite
2652 2945 2782 3000 caesi
2817 2949 3243 3012 sunt.Quorum
3261 2965 3500 3019 corpora
3527 2948 3720 3021 rapuit

2071 3036 2384 3106 Auspicius
2415 3034 2741 3105 discipulus
2772 3052 2993 3101 eorum,
3027 3036 3281 3091 nutritor
3308 3042 3522 3093 sancta:
3544 3038 3722 3110 virgi-

2071 3125 2163 3178 nis
2193 3123 2498 3179 Domitillae
2556 3123 2615 3176 in
2675 3129 2871 3195 crypta
2927 3125 3211 3193 arenaria,
3271 3126 3364 3179 via
3412 3126 3723 3181 Ardeatina

2077 3211 2360 3282 sepelivit,
2395 3229 2428 3266 a
2461 3228 2628 3265 muro
2660 3212 2832 3266 Urbis
2864 3212 3136 3267 miliiario
3168 3230 3285 3267 uno
3317 3219 3373 3268 et
3402 3214 3666 3269 semisse.

2150 3300 2291 3353 Item
2322 3298 2413 3351 via
2445 3299 2698 3363 Aurelia,
2734 3298 3008 3353 miliiario
3041 3300 3315 3367 secundo,
3351 3303 3537 3355 sancti
3569 3305 3717 3355 Pan-

2079 3386 2240 3442 cratii
2265 3386 2670 3457 martyris.Qui
2697 3403 2827 3440 cum
2862 3391 3017 3442 esset
3045 3404 3331 3442 annorum
3361 3392 3720 3459 quatuorde-

2077 3476 2329 3543 cim,sub
2365 3474 2715 3530 Diocletiano
2746 3476 3095 3547 martyrium
3155 3476 3360 3548 capitis
3412 3478 3718 3533 detrunca-

2076 3567 2231 3621 tione
2267 3565 2591 3635 complevit.
2627 3565 2809 3635 Cujus
2844 3567 3224 3620 reverendum
3284 3582 3517 3638 corpus,
3551 3567 3717 3624 Octa-

2074 3653 2213 3709 villa
2243 3652 2645 3709 illustrissima
2677 3654 2893 3709 femina
2947 3654 3169 3710 occulte
3210 3659 3385 3710 noctu
3418 3658 3717 3712 sublatum

2078 3742 2438 3800 aromatibus
2469 3742 2767 3797 conditum
2807 3742 3086 3815 sepelivit.

2149 3834 2364 3888 Eodem
2394 3832 2505 3898 die,
2540 3832 2690 3887 beati
2724 3832 3002 3904 Dionysii,
3038 3832 3227 3903 patrui
3261 3834 3523 3904 ejusdem
3558 3851 3723 3890 sanc-

2078 3921 2122 3976 ti
2154 3921 2465 3975 Pancratii.
2500 3920 2681 3989 Cujus
2713 3921 2905 3975 studio
2938 3920 3076 3975 item
3135 3922 3472 3977 Pancratius
3529 3924 3719 3994 bapti-

2078 4014 2263 4075 zatus,
2299 4014 2356 4063 et
2386 4009 2443 4061 in
2475 4007 2685 4062 timore
2716 4008 2813 4063 Dei
2847 4009 3210 4064 confortatus
3243 4010 3313 4065 ad
3372 4013 3718 4084 martyrium

2079 4097 2375 4153 animatus
2406 4101 2512 4151 est.
2550 4099 2672 4166 Ipse
2702 4113 2833 4153 vero
2890 4114 3023 4153 cum
3081 4099 3337 4170 praemiis
3386 4101 3719 4156 cmlestibus

2080 4186 2295 4242 charus
2328 4190 2383 4239 et
2417 4189 2528 4239 Deo
2560 4185 2793 4256 dignus,
2830 4186 2984 4241 diem
3024 4186 3204 4258 hujus
3257 4188 3385 4244 vitae
3440 4188 3715 4245 ultimum

2079 4276 2135 4328 in
2166 4290 2305 4347 pace
2336 4273 2640 4329 conclusit.

2152 4366 2293 4418 Item
2329 4363 2524 4433 passio
2556 4364 2965 4419 secretissimae
2996 4364 3238 4436 virginis
3295 4366 3578 4435 Sotheris,
3619 4384 3716 4439 ge-

2082 4469 2218 4508 nere
2248 4450 2484 4517 nobilis,
2519 4453 2627 4507 sub
2659 4452 3012 4507 Diocletiano
3040 4454 3325 4525 Augusto.

2151 4542 2291 4596 Item
2330 4540 2525 4612 passio
2558 4548 2892 4596 sanctorum
2923 4541 3185 4609 Joannis,
3212 4541 3477 4609 Achillis,
3504 4544 3717 4616 Moysei

311 4648 437 4687 sua:
469 4636 669 4703 posset
700 4637 977 4699 avertere,
1017 4633 1202 4704 jussit
1255 4649 1390 4688 eum
1424 4624 1971 4707 primo'plumbatis
2004 4631 2048 4695 D
2080 4630 2411 4703 Aphroditi,
2443 4646 2574 4684 cum
2609 4629 2737 4684 aliis
2770 4646 3012 4685 numero
3045 4630 3381 4703 quingentis
3412 4637 3681 4703 quatuor.

305 4721 618 4786 caadi,dein
651 4722 838 4793 capite
868 4721 1149 4788 truncari,
1174 4725 1231 4776 et
1260 4738 1470 4793 corpus
1506 4724 1633 4793 ejus
1658 4729 1790 4779 ante
1818 4732 1966 4781 tem-

319 4808 486 4881 plum
516 4809 806 4882 Apollinis
836 4808 1121 4865 intellude
1181 4810 1242 4881 [f
1261 4810 1495 4881 palude]
1538 4812 1771 4881 jactari.
1806 4816 1967 4880 Quod

314 4914 454 4953 cum
487 4898 708 4954 factum
740 4898 1055 4955 Christiani
1088 4900 1530 4971 comperissent,
1586 4918 1798 4973 corpus
1840 4905 1969 4974 ejus

313 4990 603 5042 nocturno
635 4986 867 5043 silentio
902 4987 1213 5059 rapientes,
1276 4987 1550 5044 milliario
1610 4989 1744 5061 plus
1775 4991 1971 5047 minus

319 5092 439 5131 uno
460 5077 531 5132 ab
559 5077 702 5132 urbe
724 5076 909 5132 Roma
929 5080 1255 5148 posuerunt
1274 5076 1332 5131 in
1361 5082 1561 5149 crypta
1596 5079 1655 5133 in
1702 5085 1970 5137 cmmete-

311 5163 403 5220 rio
425 5165 776 5234 Praetextati,
808 5163 908 5221 ubi
936 5166 1061 5236 jam
1095 5164 1319 5237 pridem
1353 5182 1568 5237 corpus
1617 5168 1773 5223 beati
1814 5185 1968 5223 mar-

306 5255 461 5326 tyris
488 5254 792 5328 Epimachi
816 5253 1116 5325 sepultum
1152 5255 1549 5318 fuerat.Quem
1574 5255 1767 5311 ferunt
1786 5274 1969 5313 unum

311 5342 388 5397 de
412 5344 788 5415 septuaginta
810 5341 1115 5413 discipulis
1129 5342 1355 5397 Domini
1377 5343 1517 5398 Jesu
1531 5343 1743 5399 Christi
1767 5345 1967 5401 fuisse.

386 5448 437 5501 V
469 5450 551 5504 In.
587 5449 745 5503 ΜΑιι.
779 5479 847 5488 —-
867 5447 1069 5502 Passio
1094 5447 1279 5503 sancti
1311 5447 1507 5502 Evellii
1534 5450 1826 5521 martyris.
1862 5452 1969 5517 Qui

311 5538 490 5591 antea
518 5535 889 5591 consiliarius
911 5534 1157 5591 Neronis
1181 5535 1553 5607 imperatoris
1572 5538 1683 5592 fuit
1708 5558 1719 5606 ;
1751 5541 1849 5595 sed
1882 5540 1965 5595 vi-

310 5624 464 5680 dens
485 5623 876 5680 constantiam
902 5622 1367 5679 Christianorum
1392 5628 1683 5694 quomodo
1707 5628 1970 5700 martyri-

311 5716 676 5783 zarentur,et
692 5712 979 5785 precipue
1000 5712 1341 5785 patientiam
1376 5715 1565 5770 sancti
1592 5716 1878 5789 Torpetis,
1914 5721 1970 5773 et

2149 4721 2316 4792 Apud
2339 4723 2609 4790 Cyprum,
2634 4719 2692 4773 S.
2721 4720 2909 4774 Patris
2926 4720 3108 4775 nostri
3134 4718 3441 4792 Epiphanii
3465 4722 3719 4795 episcopi

2078 4808 2406 4864 Salamine.

2150 4917 2225 4971 III
2258 4921 2339 4971 Io.
2371 4916 2524 4970 Mm.
2560 4946 2625 4955 —
2656 4915 2936 4971 Nativitas
2966 4916 3022 4971 S.
3076 4915 3268 4971 Mariae
3318 4918 3389 4972 ad
3422 4918 3717 4991 Martyres.

2078 5004 2261 5073 Cujus
2290 5002 2618 5059 festivitatis
2649 5004 2763 5059 ista
2795 5008 2883 5059 est
2909 5005 3077 5059 ratio.
3109 5006 3225 5060 Sub
3260 5004 3448 5061 Phoca
3477 5005 3724 5077 impera-

2077 5097 2223 5160 tore,
2249 5093 2454 5148 beatus
2485 5092 2806 5148 Beneficius
2840 5094 3216 5164 [Bonifacius]
3246 5111 3397 5165 papa
3448 5093 3507 5148 in
3546 5097 3720 5150 veteri

2082 5182 2215 5236 fano
2247 5182 2401 5252 quod
2436 5182 2735 5236 Pantheon
2769 5182 3106 5248 vocabatur,
3140 5182 3349 5238 ablatis
3382 5181 3719 5239 idololatriae

2079 5270 2376 5337 sordibus,
2410 5268 2717 5325 ecclesiam
2751 5271 2927 5326 beata:
2960 5270 3151 5325 Maria»
3210 5287 3442 5343 semper
3478 5272 3720 5344 virginis

2079 5362 2136 5414 et
2166 5358 2431 5413 omnium
2460 5360 2774 5429 Martyrum
2807 5360 3112 5414 dedicavit.

2149 5447 2328 5517 Cujus
2359 5446 2741 5501 dedicationis
2772 5447 3171 5502 sacratissima
3203 5449 3325 5503 dies
3383 5449 3552 5505 tertio
3583 5449 3720 5506 Idus

2078 5535 2212 5592 Maii
2248 5536 2442 5589 Romae
2475 5534 2685 5606 agitur.
2711 5535 3015 5591 Festivitas
3038 5542 3231 5592 autem
3281 5538 3545 5594 omnium
3576 5538 3718 5593 San-

2078 5630 2306 5681 ctorum
2341 5622 2613 5678 Kalendis
2644 5622 2984 5682 Novembris
3006 5629 3124 5684 toto
3146 5626 3282 5683 orbe
3314 5631 3602 5684 terrarum
3634 5642 3716 5687 re-

2078 5712 2455 5787 ligiosissime
2484 5712 2824 5770 celebratur.
