4012 6198
324 349 481 418 1083

1204 346 1276 412 Β.
1323 343 1672 413 NOTKERI
1716 342 2057 412 BALBULI
2102 344 2169 411 S.
2216 344 2447 411 GALLI
2493 340 2846 412 MONACHI

3575 340 3748 408 1084

394 488 610 545 Eodem
644 484 755 553 die,
789 485 844 540 S.
875 482 1115 539 Servatii
1148 481 1415 538 Ecclesiae
1433 482 1793 555 Tungrensis
1845 482 1965 553 cpi-
1998 486 2052 552 Α
2083 481 2380 537 civitatem
2412 480 2746 537 Accitanam
2784 478 3103 545 venissent,
3160 478 3219 535 et
3272 479 3515 551 propter
3567 475 3753 533 labo-

321 579 501 652 SCOpi.
540 577 646 643 Qui
679 582 939 647 tempore
971 590 1086 645 quo
1143 573 1335 627 Hunni
1388 572 1759 628 Germaniam
1792 576 1977 627 vasta-

317 669 481 739 bant,
516 686 587 723 ne
620 666 873 723 civitatis
906 668 1079 732 atque
1103 662 1374 718 Ecclesiae
1407 679 1524 717 sua
1575 662 1793 716 videret
1823 661 1973 716 exci-

320 757 506 822 dium,
539 755 734 812 divina
766 752 1117 809 revelatione
1173 750 1587 815 commonitus,
1638 750 1874 805 transiit
1904 750 1973 805 ad

325 848 520 903 vicum
553 842 1038 915 Trajectensium,
1092 840 1292 912 ibique
1349 839 1654 895 defunctus
1714 839 1975 910 atquein

320 936 513 990 medio
547 932 766 1006 publici
802 930 1029 1004 aggeris
1063 934 1151 985 est
1180 928 1463 1000 sepultus.
1485 928 1568 982 Ob
1598 929 1766 999 cujus
1799 926 1976 981 meri-

322 1028 446 1079 tum
482 1023 824 1078 hominibus
856 1018 1379 1074 demonstrandum
1403 1033 1536 1071 cum
1568 1020 1829 1086 tempore
1860 1016 1978 1070 hie-

316 1113 431 1168 mis
463 1112 666 1168 omnia
695 1110 794 1165 nix
822 1109 880 1163 in
917 1107 1165 1163 circuitu
1197 1106 1463 1178 repleret,
1520 1122 1827 1176 nunquam
1887 1122 1969 1159 se-

315 1202 593 1274 pulcrum
627 1202 754 1271 ejus
785 1198 1038 1271 operuit,
1075 1197 1259 1251 donec
1288 1195 1583 1250 industria
1616 1194 1953 1259 civium,ins

314 1296 473 1349 tante
503 1291 680 1351 etiam
713 1304 1051 1343 successore
1082 1286 1269 1357 ipsius
1294 1285 1572 1350 Munolfo,
1607 1283 1852 1338 basilica
1884 1301 1977 1337 su-

320 1398 425 1455 per
451 1381 619 1436 illum
648 1378 934 1433 aediﬁcata
965 1381 1073 1431 est.

387 1469 793 1526 Antissiodoro
827 1464 1123 1537 depositio
1155 1465 1213 1520 S.
1250 1462 1602 1517 Marcelliani
1636 1462 1911 1533 episcopi.

389 1569 453 1624 In
482 1564 854 1631 Alexandria,
884 1560 1239 1635 Aphrodisii,
1265 1560 1526 1632 Agrippze
1557 1566 1613 1615 et
1648 1558 1970 1613 multorum

320 1660 662 1728 Martyrum.

394 1747 458 1801 In
488 1741 773 1799 Pollentia
801 1740 995 1813 passio
1030 1742 1369 1795 sanctorum
1400 1738 1651 1793 Victoris
1694 1742 1747 1792 et
1776 1739 1972 1792 Satur-

323 1833 493 1889 mini.

389 1927 593 1978 PRIDIE
619 1920 698 1976 In.
734 1919 893 1975 Man.
928 1949 995 1959 --
1028 1919 1090 1974 In
1151 1919 1390 1989 ngypto
1443 1916 1730 1988 depositio
1782 1916 1968 1971 sancti

317 2012 509 2067 Patris
535 2009 715 2066 nostri
744 2007 1064 2064 Pachomii.
1087 2006 1194 2073 Qui
1217 2023 1350 2061 cum
1377 2010 1533 2061 esset
1556 2006 1722 2061 factis
1745 2009 1974 2077 aposto-

317 2102 438 2158 licae
470 2100 671 2173 gratiae
704 2098 975 2170 insignis,
1001 2097 1393 2167 tundatorque
1425 2096 1648 2168 lEgypti
1681 2093 1971 2148 coenobio-

318 2189 717 2261 rum,scripsit
748 2187 1168 2243 monachorum
1192 2184 1622 2257 Regulas,quas
1654 2182 1859 2255 angelo
1882 2183 1968 2237 di-

319 2284 512 2336 ctante
542 2274 1033 2345 didicerat,simu1
1062 2279 1121 2329 et
1152 2274 1221 2328 de
1250 2278 1514 2345 tempore
1544 2271 1825 2344 paschali.

390 2380 453 2433 In
486 2376 651 2449 Syria
680 2374 954 2430 nativitas
987 2374 1045 2429 S.
1076 2371 1328 2427 Victoris
1358 2377 1416 2427 et
1446 2372 1681 2427 Coronae
1709 2370 1818 2425 sub
1849 2374 1971 2423 An-

317 2466 520 2523 tonino
547 2465 923 2537 imperatore,
984 2462 1132 2517 duce
1189 2460 1549 2517 Alexandria:
1609 2458 1969 2514 Sebastiano.

320 2560 457 2611 Erat
486 2560 683 2609 autem
715 2554 915 2607 Victor
946 2550 1115 2607 miles
1146 2567 1179 2605 a
1210 2549 1426 2604 Cilicia.
1461 2548 1563 2605 Cui
1593 2547 1973 2603 Sebastianus

320 2644 381 2700 in
412 2643 779 2698 confessione
812 2641 943 2697 fidei
976 2640 1190 2712 digitos
1222 2638 1509 2709 confringi
1531 2642 1588 2693 et
1608 2636 1771 2692 evelli
1792 2636 1975 2708 jussit

321 2750 356 2788 a
384 2735 538 2801 cute,
572 2730 780 2787 deinde
813 2728 980 2784 illum
1015 2728 1074 2783 in
1132 2728 1435 2782 caminum
1467 2726 1622 2797 ignis
1663 2725 1837 2790 mitti,
1872 2725 1972 2779 ubi

321 2821 518 2876 triduo
550 2834 902 2892 permanens
933 2834 1047 2871 non
1081 2820 1169 2871 est
1198 2814 1395 2870 lessus.
1429 2814 1645 2868 Deinde
1682 2829 1971 2868 venenum

330 2909 745 2978 biberejussus
765 2923 882 2960 non
907 2903 1411 2972 estmortuus,sed
1436 2901 1757 2957 veneﬁcum
1778 2900 1973 2971 potius

323 2996 395 3051 ad
429 2995 615 3049 {idem
638 2992 942 3049 convertit.
979 2991 1193 3046 Deinde
1225 2992 1455 3060 iussum
1486 2992 1574 3043 est
1604 3004 1810 3042 nervos
1841 3003 1970 3042 cor-

322 3082 483 3155 poris
514 3083 643 3153 ejus
674 3080 824 3145 tolli,
857 3079 1066 3135 deinde
1096 3077 1288 3134 oleum
1313 3076 1569 3133 bulliens
1590 3077 1649 3132 in
1684 3075 1972 3149 pudendis

317 3173 446 3244 ejus
477 3170 647 3226 mitti.
684 3173 820 3225 Post
849 3168 973 3224 haec
1011 3166 1321 3240 lampades
1354 3167 1625 3222 ardentes
1670 3183 1969 3238 suspensae

323 3261 397 3317 ad
429 3260 612 3316 latera
641 3256 941 3331 applicari.
976 3256 1113 3312 Post
1137 3256 1256 3311 haec
1287 3260 1515 3311 acetum
1544 3260 1602 3311 et
1654 3254 1868 3311 calcem
1902 3256 1975 3311 si-

323 3349 447 3406 mul
480 3349 735 3416 misceri,
768 3352 827 3402 et
852 3347 911 3401 in
942 3363 1007 3403 os
1040 3347 1169 3416 ejus
1203 3344 1456 3399 infundi.
1514 3345 1727 3401 Deinde
1776 3344 1973 3400 oculos

323 3441 451 3511 ejus
473 3437 846 3494 erui.Deinde
865 3453 966 3508 per
999 3434 1261 3490 triduum
1286 3434 1474 3504 capite
1495 3434 1767 3489 deorsum
1808 3451 1974 3489 verso

327 3525 706 3600 suspendi.Et
735 3541 870 3581 cum
902 3525 1093 3579 adhuc
1124 3522 1394 3595 spiraret,
1415 3523 1687 3594 praecepit
1715 3539 1849 3578 eum
1872 3524 1975 3593 ju-

327 3616 436 3672 dex
465 3615 794 3687 iniquitatis
825 3611 1123 3669 excoriari.
1174 3615 1334 3665 Tunc
1392 3611 1617 3666 Corona
1655 3627 1789 3665 eum
1821 3615 1977 3666 esset

322 3722 468 3762 uxor
498 3703 703 3760 militis
732 3703 1066 3775 cujusdam,
1100 3700 1273 3772 cmpit
1330 3700 1663 3755 beatificare
1705 3707 1972 3755 sanctum

320 3795 610 3851 Victorem
644 3810 747 3866 pro
778 3791 965 3864 gloria
994 3790 1277 3859 martyrii,
1310 3794 1367 3844 et
1396 3789 1535 3843 dum
1576 3788 1698 3845 hoc
1739 3790 1971 3858 faceret,

320 3884 468 3939 vidit
498 3884 646 3939 duas
677 3898 922 3938 coronas
953 3881 1025 3936 de
1055 3879 1199 3935 coelo
1230 3878 1635 3949 1apsas,unam
1668 3876 1887 3933 Victori
1920 3881 1977 3932 et

324 3970 570 4026 alteram
601 3969 714 4025 sibi
745 3971 1279 4040 missam.Cumque
1308 3967 1417 4022 hoc
1446 3967 1673 4022 cunctis
1695 3966 1977 4021 audienti-

326 4059 440 4115 bus
475 4062 915 4131 protestaretur,
944 4062 1105 4112 tenta
1134 4061 1221 4113 est
1250 4074 1283 4112 a
1313 4056 1859 4128 duce.Jussumque
1889 4060 1978 4111 est

330 4148 481 4203 duas
512 4146 749 4202 arbores
779 4145 984 4216 palmae
1016 4145 1240 4199 curvari
1268 4145 1672 4211 adinvicem,et
1704 4144 1977 4201 cannabi-

328 4236 455 4293 neis
488 4235 728 4291 funibus
759 4232 924 4307 ligari
959 4234 1240 4289 Coronam
1266 4234 1323 4287 in
1352 4238 1598 4305 utraque
1626 4234 1900 4289 manibus
1922 4238 1980 4289 et

328 4326 599 4400 pedibus,
632 4329 689 4380 et
719 4323 803 4379 sic
833 4323 1071 4379 arbores
1104 4320 1513 4385 dimitti.Quod
1538 4323 1678 4377 dum
1706 4322 1867 4378 fieret
1896 4322 1977 4377 di-

327 4415 454 4471 visa
484 4419 573 4471 est
601 4413 827 4470 Corona
856 4411 917 4467 in
949 4411 1098 4467 duas
1129 4414 1342 4481 partes.
1378 4414 1513 4465 Erat
1567 4415 1762 4466 autem
1794 4428 1976 4467 anno-

329 4520 459 4559 rum
494 4503 768 4559 sedecim.
799 4502 965 4557 Tunc
1025 4516 1260 4571 quoque
1308 4498 1502 4553 Victor
1549 4498 1890 4571 decollatus,
1922 4504 1980 4555 et

2001 1858 2051 1923 B

2086 588 2208 626 rem
2244 570 2466 626 itineris
2511 570 2804 625 modicum
2860 570 3247 640 quiescentes,
3307 584 3488 623 causa
3544 566 3753 622 victus

2085 660 2316 715 emendi
2348 659 2672 732 discipulos
2701 659 2758 713 in
2794 659 2995 713 urbem
3029 657 3356 725 misissent,
3390 674 3527 712 mox
3560 674 3751 728 paga-

2089 766 2299 804 norum
2332 748 2669 819 multitudo,
2703 748 2802 819 qui
2830 754 2968 802 tunc
3003 747 3148 802 forte
3169 746 3282 801 diis
3304 747 3432 802 suis
3463 747 3621 802 festa
3652 763 3751 802 ce-

2084 837 2398 907 lebrarent,
2430 855 2529 893 eos
2562 854 2747 909 usque
2778 837 2848 891 ad
2882 836 3125 891 fluvium
3173 840 3482 908 persecuta
3527 842 3644 890 est.
3684 838 3747 889 In

2086 944 2202 998 quo
2235 944 2381 999 pons
2415 927 2576 981 mirae
2616 925 3042 997 magnitudinis
3070 929 3130 980 et
3174 924 3472 980 ﬁrmitatis
3504 932 3748 979 exstru-

2085 1016 2684 1081 ctus,transeuntibus
2714 1015 2953 1084 sanctis,
2982 1013 3074 1069 Dei
3108 1018 3254 1069 nutu
3286 1030 3422 1068 cum
3450 1014 3623 1068 omni
3658 1014 3745 1068 in-

2084 1106 2454 1175 sequentium
2488 1104 2866 1175 multitudine
2899 1103 3161 1158 funditus
3192 1104 3541 1158 curruit.Ad
3577 1104 3738 1173 quod

2086 1193 2431 1248 miraculum
2464 1193 2650 1249 caeteri
2686 1192 2949 1259 territi,ei
2972 1192 3282 1263 cujusdam
3306 1191 3537 1263 magna:
3570 1209 3739 1246 sena-

2084 1281 2245 1337 tricis
2278 1282 2695 1353 Luparize,quze
2727 1281 3008 1336 divinitus
3038 1280 3451 1352 inspirata,eos
3486 1281 3738 1353 benigne

2086 1370 3050 1442 suscipiens,credidit,exemplum
3082 1368 3287 1435 secuti,
3311 1369 3537 1425 relictis
3571 1370 3740 1425 idolis

2085 1458 2311 1514 Christo
2334 1460 2580 1515 Dovuino
2612 1459 3148 1515 crediderunt.Post
3179 1458 3299 1513 haec
3328 1474 3460 1513 vero
3492 1458 3740 1514 diversis

2085 1549 2332 1603 urbibus
2360 1548 2819 1620 evangelizantes
2844 1553 2902 1602 et
2929 1547 3270 1602 innumeras
3324 1546 3741 1603 multitudines

2085 1636 2302 1692 Christi
2328 1636 2459 1691 ﬁdei
2483 1637 2889 1708 subjugantes,
2915 1636 3248 1706 Torquatus
3269 1635 3740 1708 Acci,Ctesipbon

2084 1725 2302 1798 Vergii,
2330 1725 2637 1780 Secundus
2667 1722 2891 1790 Ahalae,
2925 1722 3243 1779 Indaletius
3286 1722 3439 1791 Urci,
3468 1725 3739 1781 Cacilius

2084 1813 2367 1869 Heliberri
2398 1812 2661 1886 [Hiberi],
2724 1812 3045 1885 Hesychius
3093 1812 3344 1867 Carcesae
3388 1813 3735 1884 [Cartesee],

2080 1904 2441 1975 Euphrasius
2473 1902 2755 1974 Heliturgi
2791 1900 3098 1974 [Illiturgi]
3132 1901 3477 1972 quieverunt.
3512 1903 3728 1957 Exstat

2084 2010 2269 2065 usque
2300 1992 2471 2049 hodie
2504 1992 2731 2047 illustre
2763 1990 3136 2061 miraculum,
3170 1991 3242 2045 ad
3273 1991 3725 2046 commendatio-

2082 2100 2215 2138 nem
2249 2084 2529 2155 praetiosm
2563 2082 2770 2137 mortis
2800 2097 3025 2136 eorum.
3058 2080 3208 2134 Nam
3265 2080 3465 2135 eadem
3509 2079 3733 2135 solem-

2082 2171 2262 2227 nitate
2294 2173 2446 2244 apud
2481 2172 2778 2244 praefatam
2809 2169 3144 2225 Accitanam
3178 2168 3383 2224 urbem
3416 2168 3487 2224 ad
3530 2169 3737 2240 sepul-

2082 2276 2247 2315 crum
2280 2259 2464 2315 sancti
2495 2259 2775 2331 Torquati
2809 2259 2981 2314 arbor
3010 2256 3169 2313 olivae
3200 2257 3484 2312 divinitus
3522 2258 3737 2313 florens

2080 2349 2329 2405 maturis
2361 2348 2651 2404 fructibus
2683 2352 3015 2403 onustatur.

2154 2440 2320 2511 Apud
2363 2438 2619 2495 insulam
2677 2437 2887 2493 Chium
2946 2435 3220 2491 nativitas
3275 2436 3467 2493 sancti
3534 2437 3741 2515 Isidori

2082 2527 2383 2601 martyris,
2413 2528 2472 2581 in
2504 2528 2675 2596 cujus
2708 2525 2951 2581 basilica
2981 2529 3214 2597 puteus,
3235 2525 3298 2580 in
3328 2542 3447 2597 quo
3469 2531 3532 2581 et
3564 2527 3744 2581 fertur

2081 2616 2348 2687 injectus.
2382 2617 2461 2671 De
2491 2616 2664 2686 cuius
2697 2632 2853 2686 aqua
2882 2614 3264 2687 energumeni
3294 2620 3353 2670 et
3404 2615 3742 2671 febricitan-

2081 2710 2191 2772 tes,
2219 2705 2305 2760 vel
2334 2704 2542 2777 reliqui
2575 2703 2791 2759 inﬁrmi
2821 2703 3037 2776 saepius
3065 2704 3271 2776 potati,
3304 2704 3641 2761 salvantur.

2153 2795 2470 2849 Lamosaco
2497 2792 2851 2864 [Lampsaci]
2885 2794 3080 2864 passio
3114 2797 3458 2849 sanctorum
3496 2795 3655 2850 Petri
3688 2802 3739 2848 et

2080 2883 2343 2952 Andreae,
2376 2882 2539 2937 Pauli
2573 2887 2628 2937 et
2657 2880 2979 2955 Dyonysiaa.
3014 2883 3076 2936 In
3108 2881 3380 2938 Sardinia
3419 2868 3743 2955 Simplicii.

2154 2988 2304 3044 XVII
2338 2989 2473 3043 KAL.
2506 2989 2644 3045 JUN.
2677 3019 2748 3028 —
2778 2988 2840 3043 In
2902 2988 3129 3044 Isauria
3185 2988 3466 3045 nativitas
3507 2997 3745 3046 sancto-

2083 3095 2214 3133 rum
2244 3077 2499 3149 Aquilini
2533 3083 2590 3135 et
2622 3077 2961 3133 Victoriani.

2158 3168 2562 3224 Antissiodoro
2595 3168 2790 3239 passio
2822 3167 3011 3223 sancti
3041 3168 3550 3241 Peregrini,primi
3582 3170 3742 3240 ejus-

2087 3257 2218 3313 dem
2257 3257 2417 3312 urbis
2451 3257 2727 3329 episcopi.

2156 3346 2217 3401 In
2250 3345 2480 3402 civitate
2513 3347 2740 3414 Piceno,
2771 3345 3045 3403 Florentii
3075 3351 3134 3402 et
3162 3345 3529 3403 Diocletiani.
3574 3349 3738 3419 Apud

2082 3434 2399 3507 Ephesum,
2432 3435 2738 3507 Miogenis,
2773 3435 2982 3491 Gaiani
3012 3440 3070 3490 et
3097 3434 3312 3491 Jovini.

2155 3525 2219 3579 In
2250 3524 2479 3580 civitate
2509 3524 2773 3593 Cortina,
2800 3523 3095 3580 Vincentii
3124 3529 3182 3580 et
3212 3523 3482 3581 aliorum.

2153 3614 2324 3684 Apud
2386 3612 2656 3668 Castrum
2716 3613 3121 3669 Tricassinum
3180 3613 3461 3686 depositio
3504 3614 3736 3669 Fidulii

2083 3701 2315 3774 [Fidoli]
2349 3701 2693 3774 presbyteri.

2152 3792 2220 3845 In
2253 3806 2400 3862 pago
2431 3790 2969 3861 Forojuliensi,vico
3001 3790 3101 3862 qui
3131 3790 3345 3847 dicitur
3363 3789 3724 3860 Calidianus,

2084 3882 2300 3934 sancta:
2329 3877 2586 3932 Maxima:
2616 3878 2885 3952 virginis,
2914 3895 3040 3951 quae
3073 3879 3282 3935 multis
3310 3879 3464 3936 clara
3487 3879 3733 3935 virtuti-

2083 3968 2193 4023 bus
2223 3966 2281 4022 in
2315 3983 2456 4039 pace
2484 3967 2722 4039 quievit.

2154 4074 2280 4129 XVI
2312 4074 2447 4129 ΚΑι.
2479 4074 2620 4129 JUN.
2648 4105 2717 4114 --
2746 4074 2810 4130 In
2843 4074 3314 4141 Tuscia,civitate
3362 4075 3599 4147 Pisana,
3634 4092 3746 4131 na-

2082 4163 2279 4219 tivitas
2310 4164 2497 4218 sancti
2528 4164 2794 4235 Torpetis
2826 4163 3099 4236 martyris
3151 4164 3259 4219 sub
3309 4164 3538 4220 Nerone
3575 4166 3750 4237 prin-

2084 4252 2230 4325 cipe.
2256 4253 2364 4319 Qai
2395 4268 2647 4324 magnus
2675 4253 2914 4323 quidem
2967 4253 3133 4324 prius
3175 4254 3237 4308 in
3274 4253 3469 4309 ofﬁcio
3492 4254 3754 4310 Neronis

2087 4342 2330 4397 Caesaris
2361 4342 2492 4408 fuit,
2527 4341 2628 4396 sed
2661 4358 2696 4396 a
2725 4342 2892 4397 beato
2923 4342 3220 4398 Antonino
3269 4343 3614 4415 presbytero
3649 4344 3759 4400 ba-

2091 4432 2364 4503 ptizatus,
2397 4436 2453 4486 et
2482 4431 2536 4485 in
2573 4431 2685 4487 ﬁde
2714 4430 2928 4486 Christi
2959 4432 3231 4488 eruditus
3257 4438 3365 4488 est.
3387 4436 3576 4497 Quem
3610 4450 3762 4489 cum

2087 4521 2237 4576 Nero
2252 4520 2614 4591 cognovisset
2634 4537 2762 4576 esse
2782 4520 3762 4595 Christianum,tradiditcuiquam

329 4593 390 4648 in
421 4592 698 4648 omnibus
730 4590 915 4646 victor
942 4589 1205 4684 effectus,
1239 4588 1418 4684 simul
1451 4605 1584 4684 cum
1616 4590 1840 4645 Corona
1874 4605 1979 4684 co-
2010 4591 2057 4656 D
2089 4588 2419 4682 propinq'uo
2442 4625 2548 4664 suo
2566 4608 2855 4677 δεηθηίοο,
2889 4615 2956 4665 ιη
2976 4626 3109 4666 eum
3136 4610 3469 4667 sacriﬁcare
3488 4588 3769 4684 οοάιρθι,

330 4696 535 4737 ronam
565 4680 691 4735 vita:
724 4677 995 4752 perennis
1024 4682 1081 4732 et
1111 4676 1371 4749 martyrii
1401 4676 1658 4748 palmam
1691 4676 1934 4748 accepit.

403 4768 466 4825 In
499 4769 655 4836 Asia,
690 4768 841 4823 beati
873 4766 1194 4822 Maximini.

405 4855 739 4919 Mediolani,
772 4855 1045 4923 Victoris,
1078 4854 1348 4920 Naboris,
1384 4852 1606 4921 Felicis,
1641 4852 1883 4909 Rustici.

407 4947 551 5003 Item
591 4944 1157 5018 quadringentorum
1188 4942 1657 5014 sanctorum,qui
1688 4958 1822 4998 cum
1854 4960 1985 4999 san~

340 5038 434 5093 cto
465 5034 731 5101 Quiriaco
762 5033 921 5106 passi
957 5036 1114 5089 sunt.

413 5126 475 5181 In
500 5122 1070 5192 Africa,Secundiani
1104 5125 1161 5176 et
1191 5119 1507 5176 multorum
1538 5121 1877 5193 Martyrum.

411 5231 494 5288 In.
518 5230 675 5286 Mau.
699 5259 769 5272 —
794 5228 858 5284 In
888 5226 1191 5301 Hispaniis
1215 5225 1491 5281 nativitas
1516 5227 1816 5282 beatorum
1850 5243 1987 5282 con-

338 5322 630 5377 fcssorum
663 5319 965 5390 Torquati,
1002 5314 1420 5387 Ctesiphontis,
1454 5314 1726 5381 Secundi,
1760 5314 1987 5370 Indela-

340 5408 407 5465 tii
451 5406 786 5479 [Indaletiij,
846 5405 1079 5471 Caecilii,
1142 5403 1434 5477 Hesychii.
1486 5402 1816 5475 Euphrasii.
1881 5405 1990 5469 Qui

342 5500 537 5554 Roma:
568 5513 602 5551 a
623 5496 840 5551 sanctis
872 5493 1153 5568 apostolis
1181 5493 1438 5566 episcopi
1500 5492 1773 5563 ordinati,
1816 5497 1874 5547 et
1918 5494 1989 5548 ad

342 5585 775 5658 praedicandum
806 5584 1048 5639 verbum
1084 5583 1181 5639 Dei
1214 5586 1285 5638 ad
1320 5582 1653 5654 Hispanias,
1687 5586 1827 5637 tunc
1886 5583 1990 5638 ad-

2088 4696 2252 4753 leret.
2287 4697 2397 4752 Sed
2429 4713 2564 4752 cum
2598 4697 2818 4768 Spiritu
2850 4697 2951 4753 Dei
2981 4699 3347 4754 confortatus
3394 4700 3610 4755 beatus
3647 4701 3760 4766 vir,

2091 4790 2149 4843 et
2177 4785 2235 4840 in
2259 4786 2372 4841 fide
2396 4786 2678 4842 fundatus
2701 4785 3020 4842 immobilis
3044 4787 3584 4859 permaneret,fecit
3608 4805 3764 4844 eum

2092 4873 2403 4931 Satellicus
2420 4874 2605 4947 alapis
2630 4874 2858 4943 caedi,et
2885 4874 3136 4948 ligatum
3157 4877 3229 4932 ad
3253 4877 3599 4933 columnam
3626 4883 3767 4934 tan-

2093 4964 2192 5020 diu
2224 4963 2565 5019 verberibus
2595 4963 3090 5038 afﬁci,quousque
3109 4965 3352 5038 sanguis
3372 4965 3673 5039 guttatim
3695 4968 3768 5022 de

2094 5068 2335 5124 corpore
2364 5051 2552 5124 ipsius
2582 5052 2983 5109 efﬂueret.Sed
3008 5053 3205 5110 subito
3229 5054 3374 5110 dum
3398 5058 3639 5127 martyr
3662 5073 3771 5111 ea.

2095 5141 2348 5208 deretur,
2381 5140 2656 5196 columna
2683 5142 2897 5197 cadens
2926 5142 3217 5214 oppressit
3239 5144 3601 5215 judicem,et
3622 5161 3763 5201 cum

2096 5247 2195 5286 eos
2232 5230 2388 5285 viros
2418 5229 3022 5302 quinquag1nta.lnde
3037 5235 3236 5288 tentus
3264 5248 3300 5289 a
3328 5231 3767 5307 ministris,po-

2099 5319 2249 5375 situs
2273 5323 2363 5374 est
2392 5318 2451 5374 in
2486 5323 2631 5374 rota.
2659 5319 2798 5374 Inde
2828 5319 2966 5375 feris
2995 5320 3261 5390 obiectas
3281 5321 3452 5377 aﬁlio
3468 5321 3763 5389 Satellici,

2101 5408 2202 5463 sed
2234 5407 2478 5463 minime
2508 5406 2682 5464 lessus
2712 5410 2784 5464 ab
2815 5409 2920 5464 eis.
2949 5408 3129 5479 Cujus
3149 5411 3549 5466 constantiam
3578 5417 3641 5468 et
3661 5411 3766 5466 vir-

2099 5501 2287 5552 tutem
2307 5495 2546 5568 quidam
2570 5496 2943 5552 consiliarius
2959 5496 3491 5566 Neronis,Evellius
3517 5501 3763 5557 nomine

2100 5584 2677 5657 inspiciens,Christo
2699 5584 3035 5657 credidit,ac
3059 5592 3195 5659 post
3230 5586 3548 5661 paululum
3570 5588 3761 5662 bapti-

344 5672 459 5735 huc
490 5671 694 5744 gentili
726 5688 918 5728 errore
948 5671 1284 5743 implicitas,
1317 5671 1523 5727 directi
1555 5672 1993 5744 sunt.Cumque
2103 5673 2620 5739 zatus,decollatus
2650 5678 2739 5731 est
2766 5674 2825 5731 in
2856 5674 3001 5732 urbe
3026 5675 3211 5734 Roma
3241 5677 3635 5753 martyriique
3656 5677 3757 5733 ho-
