4012 6198
331 353 457 420 1085
1325 344 2045 416 MARTYBOLOGIUM.
2076 376 2155 394 —
2184 344 2421 412 MENS.
2468 345 2667 412 MAII.
3544 347 3698 412 1086

335 510 444 548 nore
472 495 802 549 coronatus.
833 491 939 547 Sed
973 494 1029 547 et
1058 490 1265 546 beatus
1295 489 1535 558 Torpes,
1560 487 1804 557 jubeiitc
1825 485 1941 557 Syl—
1971 481 2027 546 Α
2058 481 2228 536 ﬁdem
2252 483 2463 538 Christi
2489 500 2784 552 conversa,
2808 484 3086 539 accusata
3101 484 3241 538 esta
3262 480 3498 554 praefato
3523 499 3699 554 spon-

334 582 419 649 vio,
452 583 604 638 foras
632 582 921 637 civitatem
956 581 1228 636 Pisanam
1280 579 1514 637 ductus,
1570 575 1950 630 decollatione
2060 587 2122 625 so
2155 590 2259 626 suo
2283 575 2435 643 apud
2458 573 2785 628 Gallienum
2815 576 3166 645 Augustum,
3196 572 3348 643 quod
3374 576 3529 626 esset
3550 572 3706 625 Chri-

337 672 653 742 martyrium
686 688 858 725 suum
892 669 1204 740 complevit
1234 667 1403 721 tertio
1452 665 1742 720 Kalendas
1791 663 1946 717 Maii.
2062 662 2268 714 stiana.
2306 663 2411 725 Qui
2440 665 2639 717 eodem
2666 669 2927 735 tempore
2950 660 3419 716 immanissimus
3441 660 3708 715 Ecclesiae

335 760 483 829 Cujus
514 760 793 815 festivitas
824 764 880 813 et
909 763 1235 814 conventus
1266 756 1477 811 civium
1511 755 1739 810 decimo
1791 757 1951 807 sexto
2061 756 2415 822 persecutor,
2450 752 2703 806 decrevit
2733 758 2795 806 ut
2828 756 2928 807 aut
2950 766 3234 822 sponsum
3261 750 3472 805 Basilla
3494 753 3713 820 repete~

336 849 598 904 Kalendas
622 848 781 903 Junii
815 848 1024 919 agitur.
1061 849 1140 902 De
1194 863 1309 917 quo
1362 845 1536 901 etiam
1588 846 1768 899 fertur
1798 844 1951 914 quod
2064 844 2171 905 ret,
2206 844 2305 893 aut
2337 839 2528 909 gladio
2562 841 2841 894 interiret.
2878 840 3009 902 Qua:-
3042 844 3327 893 conventa
3376 855 3550 909 super
3580 839 3710 903 hoc,

335 939 513 1010 ingens
543 937 833 1004 machina,
868 954 1043 1009 quam
1068 936 1439 991 adversarius
1470 934 1563 988 Dei
1593 934 1739 988 Nero
1764 935 1833 987 ad
1872 933 1955 987 si-
2065 929 2366 998 respondit
2396 945 2456 981 se
2484 929 2697 999 Regem
2730 946 2932 999 regum
2965 930 3178 983 habere
3209 945 3514 1000 sponsum,
3548 926 3711 982 Chri-

337 1027 705 1081 militudinem
737 1027 864 1081 cceli
897 1026 1345 1080 commentando
1377 1024 1697 1087 fabricavit,
1731 1023 1955 1077 meritis
2067 1023 2223 1071 stum
2250 1017 2515 1071 videlicet
2534 1018 2650 1071 veri
2676 1020 2772 1071 Dei
2801 1018 3031 1073 Filium.
3058 1020 3280 1072 Etcum
3304 1016 3426 1071 haec
3448 1016 3712 1084 dixisset,

336 1121 381 1170 et
405 1116 760 1171 orationibus
791 1117 919 1185 ejus
952 1116 1009 1167 in
1044 1115 1261 1168 ﬁumen
1285 1117 1577 1168 Auxarum
1602 1111 1960 1183 praecipitata
2066 1106 2259 1177 gladio
2284 1107 2749 1160 transverberata
2779 1111 2886 1161 est.

336 1204 506 1271 fuerit,
540 1205 621 1258 ita
650 1208 715 1258 ut
746 1221 1038 1274 nusquam
1075 1203 1485 1274 comparuerit.

395 1295 447 1348 In
479 1293 851 1357 Alexandria,
886 1293 1140 1347 Victoris
1172 1298 1228 1346 et
1259 1290 1475 1345 Basilii.

395 1384 601 1448 Romaa,
635 1382 785 1437 beati
819 1381 1134 1437 Parthenii.

398 1471 704 1539 Leviduno,
740 1470 986 1525 Hcraclii
1022 1470 1390 1541 [Novioduni,
1427 1468 1697 1535 Heradii],
1723 1467 1883 1523 Pauli
1910 1472 1964 1522 et

340 1561 503 1616 alioru
516 1576 591 1615 ω.
1338 1554 1339 1557 “

401 1652 534 1704 Item
566 1647 850 1720 depositio
874 1648 1024 1703 beati
1058 1649 1119 1717 [/2
1144 1647 1458 1715 Brandani]
1486 1646 1804 1700 Praeandini
1829 1663 1965 1700 con-

339 1738 580 1793 tesseris.

2142 1195 2202 1249 In
2237 1194 2422 1249 Gallia
2454 1196 2681 1249 civitate
2716 1196 3005 1251 Nemauso
3038 1196 3231 1266 passio
3256 1196 3439 1250 sancti
3472 1194 3716 1250 Baldelii

2072 1284 2399 1354 (Baudelii).
2437 1285 2540 1349 Qui
2576 1302 2607 1339 a
2631 1284 2871 1355 paganis
2900 1286 3138 1339 deorum
3164 1301 3404 1338 suorum
3431 1284 3719 1339 sacriﬁcia

2074 1372 2505 1428 celebrantibus
2523 1374 3002 1444 comprehensus,
3020 1390 3149 1428 cum
3171 1373 3495 1428 sacriﬁcare
3518 1372 3717 1437 nollet,

2074 1463 2174 1516 sed
2208 1462 2265 1516 in
2305 1462 2415 1516 ﬁde
2447 1462 2657 1515 Christi
2694 1462 3013 1517 immobilis
3042 1462 3193 1516 inter
3221 1463 3459 1516 verbera
3508 1467 3563 1516 et
3610 1467 3723 1515 tor-

2078 1555 2272 1605 menta
2305 1552 2661 1621 persisteret,
2695 1551 2956 1622 martyrii
2984 1550 3238 1623 palmam
3263 1550 3516 1621 pretiosa
3537 1554 3723 1605 morte

2075 1640 2351 1710 percepit,
2385 1644 2440 1693 et
2472 1639 2843 1694 creberrimis
2866 1639 3050 1710 signis
3087 1639 3282 1694 clarus
3313 1638 3551 1694 effulsit.

2150 1728 2427 1799 Biturigis
2451 1727 2733 1799 depositio
2760 1728 3131 1799 Austregisili
3150 1728 3405 1800 episcopi
3428 1732 3486 1783 et
3507 1745 3726 1783 comes-

399 1834 487 1888 XV
518 1835 649 1888 KAL.
682 1834 817 1888 JUN.
856 1864 922 1872 ——
947 1834 1009 1887 In
1041 1831 1409 1898 Alexandria,
1434 1832 1789 1897 Potamonis,
1828 1833 1964 1886 Hor-
2001 1853 2048 1917 B
2080 1818 2248 1917 δοξξῇ

340 1923 456 1979 tasii
486 1928 541 1978 et
571 1922 903 1994 Serapionis
940 1922 1433 1994 presbyterorum.

402 2014 535 2067 Item
561 2012 619 2066 in
644 2016 908 2083 ngypto,
931 2011 1184 2065 Dioscori
1208 2011 1463 2077 lectoris,
1489 2011 1545 2065 in
1566 2028 1737 2081 quem
1761 2028 1973 2082 praeses

340 2100 511 2154 multa
541 2104 596 2154 et
624 2101 783 2153 varia
840 2104 1129 2153 tormenta
1177 2098 1451 2167 exercuit,
1514 2100 1593 2153 ita
1641 2104 1704 2153 ut
1750 2116 1975 2170 ungues

339 2191 453 2259 ejus
483 2189 780 2256 eﬁ‘oderet,
813 2194 871 2251 et
900 2188 1274 2258 lampadibus
1297 2189 1425 2258 ejus
1448 2188 1627 2243 latera
1650 2188 1977 2243 inﬂamma-

341 2282 435 2333 ret.
469 2278 576 2332 Sed
611 2277 862 2331 ccelestis
895 2276 1138 2331 luminis
1167 2277 1388 2348 fulgore
1420 2278 1606 2331 territi
1646 2278 1978 2332 ceciderunt

340 2367 605 2422 ministri.
639 2366 965 2421 Novissime
1016 2365 1249 2421 laminis
1302 2366 1643 2420 ardentibus
1706 2368 1974 2431 adustus,

344 2456 678 2528 martyrium
714 2456 1165 2511 consummavit.
1190 2454 1685 2525 Constantinopoli
1714 2456 1977 2527 Hesychii

344 2549 397 2599 et
424 2543 741 2599 Eustachii.

406 2650 527 2704 XIV
554 2650 688 2703 ΚΜ..
722 2649 857 2704 JUN.
892 2680 960 2689 —-
982 2649 1176 2704 Romae
1206 2648 1475 2703 nativitas
1506 2652 1718 2702 sancta:
1749 2648 1980 2703 Puden-

338 2738 502 2793 tianae
534 2736 796 2809 virginis,
832 2754 957 2808 quae
991 2736 1378 2791 illustrissimi
1416 2737 1647 2808 generis
1678 2738 1980 2803 Pudentis,

338 2826 602 2897 discipuli
623 2826 807 2880 sancti
827 2825 989 2879 Pauli
1012 2826 1283 2894 apostoli,
1308 2824 1427 2879 ﬁlia
1450 2824 1576 2879 fuit.
1602 2827 1779 2895 Cujus
1802 2829 1985 2880 mater

333 2914 639 2979 Sabinella,
675 2930 840 2969 soror
869 2914 1163 2968 Praxedis.
1190 2918 1343 2979 Quas
1367 2912 1672 2984 piissimus
1696 2920 1859 2984 pater
1888 2931 1982 2969 ea-

335 3020 463 3058 rum
497 3004 725 3058 Pudens
782 3003 841 3055 in
886 3002 1045 3055 omni
1104 3001 1384 3073 religione
1441 3002 1651 3057 Christi
1713 3004 1981 3069 erudivit,

335 3092 682 3161 Christoque
713 3090 967 3161 virgines
998 3090 1254 3160 reliquit.
1288 3092 1420 3154 Qua:
1464 3095 1597 3160 post
1630 3092 1852 3146 obitum
1886 3110 1984 3163 pa-

334 3180 441 3235 tris
473 3180 554 3234 ita
584 3179 641 3232 in
676 3179 835 3233 omni
868 3179 1277 3233 exercitatione
1322 3178 1555 3247 pietatis
1587 3184 1980 3245 excreverunt,
2013 3216 2054 3282 Ο

335 3274 401 3323 ut
432 3268 524 3323 die
556 3271 851 3338 noctuque
882 3268 1246 3321 incessanter
1274 3266 1513 3336 hymnis
1546 3272 1599 3319 et.
1622 3268 1982 3323 orationibus

336 3374 472 3412 cum
506 3356 729 3411 familia
759 3372 867 3410 sua
898 3355 1143 3409 Domino
1176 3355 1543 3409 inservirent.
1587 3356 1769 3419 Quam
1804 3360 1985 3411 totam

332 3446 715 3503 beatissimus
733 3444 869 3499 Pius
886 3444 1049 3499 urbis
1068 3444 1261 3498 Romm
1285 3442 1595 3514 episcopus
1617 3444 1987 3514 baptismatis

333 3536 497 3591 unda
528 3537 953 3598 consecratam,
984 3532 1320 3587 chrismatis
1363 3532 1638 3586 unctione
1688 3536 1743 3585 et
1791 3534 1986 3604 quoti-

331 3625 512 3679 diana
532 3623 931 3679 exhortatione
955 3622 1342 3676 conﬁrmavit.
1371 3626 1555 3675 Beata:
1581 3637 1714 3675 vero
1736 3621 1986 3693 virgines

328 3712 548 3769 Christi
576 3716 706 3782 post
726 3711 1068 3765 innumeros
1090 3709 1301 3766 Christi
1323 3726 1559 3781 agones,
1586 3717 1642 3764 et
1666 3710 1986 3765 multorum

329 3806 660 3873 martyrum
692 3799 1103 3855 venerabiliter
1134 3798 1422 3853 exhibitas
1452 3798 1803 3870 sepulturas,
1858 3805 1989 3871 post

328 3907 540 3945 omnes
566 3889 872 3945 facultates
887 3905 1026 3942 suas
1047 3887 1105 3941 in
1124 3886 1448 3941 visceribus
1467 3905 1789 3960 pauperum
1810 3889 1989 3943 inclu-

329 3996 455 4045 sas,
488 3979 835 4049 Christoque
868 3976 1118 4031 fideliter
1150 3978 1612 4042 commendatas,
1649 3978 1885 4031 tandem
1918 3979 1988 4032 de

327 4068 508 4125 terris
540 4068 609 4122 ad
651 4066 907 4122 coelestia
938 4082 1118 4137 regna
1150 4064 1564 4135 migraverunt.
1630 4066 1990 4121 Pudentiana

328 4157 580 4231 quidem
602 4155 826 4210 decimo
854 4159 1060 4225 quarto
1086 4152 1369 4207 Kalendas
1390 4152 1548 4206 Junii
1574 4152 1763 4223 posita
1790 4152 1849 4207 in
1878 4172 1987 4209 ca:-

328 4245 580 4303 meterio
602 4243 899 4308 Priscillae,
920 4242 1013 4296 via
1033 4241 1271 4296 Salaria.
1296 4241 1571 4294 Praxedis
1594 4258 1747 4307 vero,
1773 4244 1991 4297 duode-

327 4337 492 4394 cimo
516 4333 805 4389 Kalendas
824 4331 1093 4403 Augusti.
1120 4332 1253 4394 Quae
1273 4330 1342 4384 ab
1360 4328 1638 4400 apostolis
1653 4336 1989 4403 susceptum

320 4425 391 4480 in
423 4422 652 4478 Christo
684 4420 1057 4493 baptismatis
1081 4419 1484 4485 candidatum,
1512 4436 1700 4489 usque
1723 4421 1791 4474 ad
1818 4422 1992 4475 ﬁnem

323 4514 467 4569 vitae
499 4511 907 4567 custodierunt
938 4508 1405 4563 immaculatum.

408 4603 555 4656 Item
589 4602 783 4655 Roma;
817 4600 1087 4654 nativitas
1111 4598 1745 4653 sanctorumCalocerii
1769 4603 1825 4653 et
1858 4600 1991 4653 Par-
2024 4577 2070 4641 D

324 4690 549 4755 thenii,
584 4688 989 4745 eunuchorum
1024 4687 1224 4743 uxoris
1254 4686 1409 4741 Decii
1444 4686 1834 4758 imperatoris.
1886 4689 1989 4753 Qui

322 4798 477 4835 cum
508 4782 720 4844 essent,
754 4794 908 4831 unus
938 4777 1287 4848 praepositus
1318 4774 1590 4837 cubiculi,
1616 4775 1761 4829 alter
1788 4777 1988 4847 primi-

322 4869 555 4939 cerius,
588 4867 851 4922 nolentes
884 4865 1211 4921 sacriﬁcare
1242 4863 1433 4933 idolis,
1466 4881 1498 4919 a
1528 4864 1699 4919 Decio
1728 4871 1866 4920 sunt
1896 4883 1989 4920 oc-

318 4958 471 5026 cisi,
506 4962 561 5012 et
590 4974 624 5012 a
655 4955 1001 5011 Christianis
1025 4955 1195 5025 juxta
1217 4954 1371 5009 viam
1402 4953 1648 5025 Appiam
1684 4953 1916 5024 sepulti.

408 5048 479 5101 In
501 5028 875 5111 'Alexandria,
908 5044 1093 5100 sancti
1126 5043 1326 5098 Ireneei
1354 5042 1603 5097 diaconi.

409 5136 479 5191 In
514 5135 728 5200 Africa,
754 5138 1089 5190 sanctorum
1116 5132 1335 5197 Quinti,
1360 5130 1647 5199 Primulii,
1675 5130 1912 5186 Salustii
1935 5136 1993 5187 et

318 5225 667 5285 multorum
700 5227 1045 5293 martyrum.

405 5322 538 5377 XIII
564 5321 700 5375 KAL.
733 5320 872 5373 JUN.
909 5350 976 5357 —
1009 5319 1224 5384 Romae,
1265 5317 1358 5370 via
1412 5317 1654 5383 Salaria,
1718 5318 1992 5374 nativitas

316 5414 560 5465 sanctae
594 5407 817 5462 Basillze
842 5405 1085 5478 virginis
1135 5410 1193 5459 et
1245 5405 1516 5476 martyris
1568 5404 1804 5459 Christi.
1859 5409 1991 5472 Quae

313 5515 480 5553 cum
513 5499 667 5551 esset
697 5512 764 5550 ex
796 5494 952 5565 regio
983 5509 1215 5566 genere,
1248 5498 1305 5548 et
1334 5493 1577 5547 haberet
1608 5510 1890 5565 sponsum
1923 5496 1991 5548 ii-

307 5584 790 5650 lustrissimum,
814 5584 1050 5639 nomine
1070 5582 1430 5654 Pompeium,
1451 5598 1554 5652 per
1571 5583 1799 5637 beatam
1816 5585 1993 5656 Euge-

308 5675 505 5733 niam
536 5676 593 5729 et
622 5676 857 5729 sanctos
888 5672 986 5729 Dei
1018 5672 1174 5728 viros
1206 5675 1443 5729 Protum
1466 5675 1521 5726 et
1544 5671 1886 5729 Jacinthum
1920 5675 1990 5730 ad

2152 1906 2246 1959 XII
2280 1906 2415 1959 KAL.
2458 1905 2599 1959 JUN.
2633 1936 2699 1944 --
2736 1907 2793 1960 [η
2846 1905 3214 1974 Mauritania,
3261 1905 3493 1960 civitate
3539 1909 3726 1960 Caesa-

2084 1994 2281 2061 riensi,
2315 1995 2588 2048 nativitas
2623 1998 2958 2048 sanctorum
2992 1993 3303 2061 Timothei,
3340 1993 3505 2048 Pollii
3537 1998 3593 2048 et
3617 1996 3729 2048 Eu-

2087 2084 2259 2156 tychii
2293 2085 2692 2138 diaconorum.
2730 2085 2833 2148 Qui
2882 2084 3034 2154 apud
3088 2084 3386 2154 pret'atam
3435 2084 3729 2154 regionem

2084 2175 2323 2228 verbum
2346 2173 2574 2227 Domini
2598 2172 3075 2236 disseminantes,
3094 2170 3312 2242 pariter
3329 2170 3593 2225 coronari
3618 2187 3732 2225 me-

2088 2267 2349 2317 ruerunt.

2159 2352 2327 2421 Apud
2359 2355 2677 2406 Caesaream
2708 2349 3102 2421 Cappadociae,
3128 2351 3467 2403 sanctorum
3499 2347 3735 2419 Polyeu-

2089 2440 2184 2504 cti,
2218 2439 2478 2506 Victorii,
2514 2440 2735 2494 Donati.

2160 2532 2223 2582 In
2260 2528 2573 2591 Britannia,
2607 2527 2898 2582 Timothei
2930 2526 3179 2581 diaconi.

2162 2617 2549 2672 Antissiodori
2593 2616 2876 2687 depositio
2925 2616 3078 2669 beati
3129 2614 3284 2669 Valis
3330 2614 3669 2685 presbyteri,
3703 2632 3736 2669 a

2092 2723 2205 2777 quo
2242 2711 2529 2761 nostrates
2561 2706 2784 2760 aestimo
2818 2722 3029 2759 nomen
3056 2703 3313 2758 Valentis
3344 2707 3663 2758 mutuatos.

2163 2812 2231 2867 Χῐ
2266 2814 2399 2866 ΚΑι.
2434 2815 2567 2867 JUN.
2602 2844 2669 2851 —
2702 2814 2895 2867 Romae
2929 2810 3200 2865 nativitas
3225 2814 3560 2864 sanctorum
3590 2811 3737 2864 Fau-

2093 2902 2252 2967 stini,
2286 2901 2594 2964 Timothei,
2626 2900 2867 2955 Venusti
2901 2917 3033 2954 cum
3067 2899 3242 2954 sociis
3273 2914 3494 2953 eorum.

2165 2992 2226 3045 In
2258 2990 2507 3055 Corsica,
2529 2994 2741 3045 sanctae
2760 2990 2950 3055 Julia),
2971 3006 3097 3059 quae
3121 2988 3311 3042 crucis
3340 2987 3628 3059 supplicio
3650 3004 3741 3043 co-

2092 3085 2294 3133 ronata
2326 3085 2433 3133 est.

2166 3168 2227 3221 In
2260 3169 2452 3221 Africa
2482 3168 2631 3220 Casti
2664 3172 2721 3221 et
2748 3167 2985 3229 .Emilii,
3021 3167 3119 3237 qui
3153 3183 3256 3236 per
3287 3165 3480 3235 ignem
3518 3166 3737 3237 passio-

2094 3256 2186 3309 nis
2210 3242 3148 3325 martyrium'consummaverunt.
3176 3253 3390 3307 Scribit
3412 3254 3615 3308 beatus
3636 3260 3735 3325 (:y-

2098 3344 2337 3415 priauus
2368 3342 2426 3396 in
2462 3342 2609 3396 libro
2641 3344 2710 3395 de
2747 3343 2969 3413 Lapsis.

2171 3433 2232 3485 In
2264 3431 2496 3486 civitate
2527 3430 3019 3485 Antissiodorensi
3052 3429 3337 3501 depositio
3369 3429 3547 3485 beatae
3571 3430 3738 3486 Hele-

2097 3538 2182 3575 na?
2213 3520 2474 3592 virginis.

2167 3629 2211 3682 X
2246 3629 2380 3681 ΚΑῐ..
2415 3628 2550 3682 JUN.
2586 3658 2652 3666 ——
2683 3627 2847 3696 Apud
2886 3626 3168 3698 Lingones
3200 3626 3391 3697 passio
3415 3628 3599 3681 sancti
3636 3629 3737 3683 De-

2098 3717 2291 3772 siderii
2330 3716 2606 3788 episcopi.
2641 3716 2745 3778 Qui
2778 3732 2911 3769 eum
2938 3714 3165 3786 plebem
3190 3731 3357 3769 suam
3382 3716 3452 3769 ab
3486 3716 3738 3771 exercitu

2096 3806 2520 3860 Wandalorum
2545 3804 2755 3858 vastari
2781 3808 3057 3868 cerneret,
3091 3804 3162 3857 ad
3191 3818 3383 3874 regem
3412 3819 3613 3858 eorum
3637 3821 3741 3875 pro

2096 3912 2163 3949 ea
2196 3894 2635 3965 supplicaturus
2667 3893 2855 3948 exivit.
2894 3900 2935 3945 A
2962 3909 3075 3963 quo
3108 3892 3301 3947 statim
3327 3891 3591 3963 jugulari
3616 3894 3771 3964 jus—l

2099 4001 2220 4049 sus,
2257 4000 2359 4053 pro
2390 3983 2598 4036 ovibus
2629 3981 2741 4036 sibi
2792 3981 3026 4035 creditis
3059 3980 3336 4036 cervicem
3382 3981 3631 4037 libenter
3659 3988 3739 4038 te-

2097 4072 2302 4136 tendit,
2340 4075 2397 4125 et
2428 4087 2742 4141 percussus
2772 4069 2965 4141 gladio
2997 4071 3267 4142 migravit
3307 4072 3374 4126 ad
3423 4071 3739 4127 Christum.

2101 4160 2414 4215 Percussor
2441 4175 2572 4213 vero
2605 4161 2732 4229 ejus
2765 4176 2897 4215 mox
2940 4160 3195 4215 amentia
3226 4165 3544 4231 correptus,
3594 4161 3741 4215 inte-

2102 4249 2217 4303 riit.
2252 4248 2524 4320 Sepultus
2556 4253 2644 4303 est
2674 4249 2828 4303 idem
2862 4250 3065 4303 beatus
3115 4255 3336 4320 martyr
3390 4249 3448 4303 in
3504 4249 3746 4303 basilica

2102 4337 2255 4392 intra
2282 4338 2443 4392 urbis
2466 4355 2685 4393 muros.
2711 4339 2870 4403 Quod
2900 4337 3159 4391 ﬁdelium
3184 4336 3436 4407 populus
3463 4353 3495 4389 a
3515 4336 3743 4392 Christo

2103 4426 2154 4481 ei
2186 4428 2539 4481 commissus
2571 4427 2862 4497 przrcipuo
2894 4442 3091 4479 amore
3126 4425 3333 4496 ipsius,
3358 4430 3413 4479 et
3448 4426 3541 4496 pia
3570 4425 3741 4481 devo-

2100 4516 2255 4570 tione
2283 4516 2353 4569 ad
2387 4515 2625 4569 tutelam
2686 4514 2896 4567 civium
2954 4513 3075 4567 ﬁeri
3136 4514 3486 4584 procuravit,
3545 4519 3746 4569 contra

2103 4605 2419 4677 pessimam
2449 4602 2835 4674 quorumdam
2862 4602 3366 4667 consuetudinem,
3393 4602 3491 4673 qui
3522 4620 3591 4658 ne
3612 4620 3743 4658 san-

2104 4694 2398 4749 ctissimos
2430 4693 2665 4763 quidem
2699 4693 2757 4745 in
2791 4690 3035 4745 urbibus
3084 4690 3363 4746 tumulari
3414 4691 3744 4759 voluerunt,

2103 4784 2360 4839 dicentes
2391 4783 2681 4837 civitatem
2715 4780 2927 4835 civium
2961 4797 3088 4836 esse
3127 4780 3465 4851 viventium,
3504 4799 3616 4836 non
3650 4798 3744 4835 ca-

2103 4874 2380 4927 daverum
2412 4872 2842 4926 defunctorum.
2869 4871 3030 4925 Passi
3066 4874 3359 4925 suntcum
3383 4888 3449 4926 eo
3472 4875 3528 4925 et
3548 4870 3745 4941 plures

2102 4961 2201 5017 alii
2234 4963 2303 5016 de
2338 4977 2579 5015 numero
2608 4958 2799 5032 gregis
2832 4958 2944 5027 sui,
2978 4964 3035 5013 et
3062 4960 3212 5030 apud
3245 4959 3507 5013 eamdem
3543 4961 3745 5014 urbem

2101 5050 2336 5106 conditi.

2174 5141 2384 5195 Eodem
2409 5138 2522 5204 die,
2556 5138 2710 5209 apud
2740 5137 3025 5191 Viennam
3061 5136 3333 5192 nativitas
3363 5137 3548 5193 sancti
3580 5137 3743 5192 Desi-

2102 5229 2243 5283 derii
2267 5229 2529 5296 ejusdem
2547 5226 2710 5282 urbis
2734 5227 3011 5298 episcopi.
3039 5227 3143 5291 Qui
3168 5244 3377 5297 passus
3402 5231 3490 5282 est
3510 5226 3746 5298 quidem

2103 5320 2161 5373 in
2196 5317 2483 5373 territorio
2522 5316 2892 5387 Lugdunensi
2918 5315 2974 5368 in
3000 5315 3135 5369 villa
3160 5315 3543 5381 Prisciniaca,
3572 5330 3749 5385 super

2103 5408 2345 5463 ﬂuvium
2377 5405 2718 5461 Calaronam
2749 5424 2760 5459 :
2798 5405 2967 5459 modo
2997 5412 3187 5458 autem
3220 5405 3276 5458 in
3310 5404 3627 5460 Viennensi
3657 5420 3747 5458 ec-

2102 5497 2279 5551 clesia
2310 5495 2595 5567 sepultus,
2628 5494 2943 5548 honoriﬁce
2988 5498 3271 5547 servatur.
3324 5495 3402 5548 De
3446 5511 3561 5564 quo
3611 5493 3751 5563 quia

2101 5585 2448 5641 venerabilis
2505 5585 2673 5639 Pater
2729 5584 2871 5651 Ado,
2917 5583 3179 5653 ejusdem
3230 5582 3493 5637 Ecclesiae
3551 5586 3751 5638 nostra

2109 5680 2275 5730 aetate
2307 5674 2584 5748 pontitex,
2620 5676 2818 5743 utpote
2850 5672 2908 5726 in
2940 5673 3251 5743 praesentia
3270 5672 3477 5745 posito,
3503 5674 3559 5728 et
3587 5672 3659 5728 ob
3689 5671 3745 5727 id
