4012 6198
331 366 484 429 ιο89

1363 354 2072 425 MABTYROLOGIUM.
2107 391 2185 407 -
2210 360 2448 424 MENS.
2497 357 2689 426 MAI].

3528 330 3529 335 Ν
3577 363 3737 430 1090

329 499 418 554 dri
450 498 620 555 multi
651 497 926 572 martyrio
956 496 1212 553 coronati
1246 499 1402 551 sunt.
1436 495 1540 551 Hic
1581 495 1884 552 constituit
1912 499 1977 549 ut
2004 496 2059 559 Α
2089 496 2144 547 et
2190 494 2560 549 confessoris.
2593 494 2699 559 Qui
2733 493 2950 549 missus
2982 510 3014 548 a
3044 492 3211 549 beato
3243 493 3519 565 Gregorio
3552 502 3725 570 papa,

332 587 493 643 nulla
523 604 654 644 esca
686 588 1091 659 repudieratur
1120 603 1153 641 a
1184 584 1555 652 Christianis,
1576 602 1703 657 quae
1730 585 1976 640 rationa-

330 676 465 732 bilis
495 682 649 732 esset
676 681 733 731 et
762 677 1045 730 humana.

400 765 920 830 Mediolani,sancti
950 763 1207 833 Dionysii
1238 763 1494 835 episcopi
1525 767 1582 818 et
1602 761 1973 819 confessoris.

332 855 436 918 Qui
459 855 530 909 ab
546 854 891 925 imperatore
910 853 1248 909 Constantio
1271 853 1484 907 Ariano
1507 853 1662 923 apud
1686 852 1979 924 Cappado-

332 944 478 999 ciam
513 960 615 1014 pro
640 942 768 997 fide
826 942 1111 998 catholica
1139 942 1453 997 damnatus
1503 941 1727 1009 exsilio,
1762 938 1975 996 ibidem

333 1032 631 1104 requievit.
694 1032 992 1103 Reliquias
1050 1031 1310 1103 corporis
1359 1032 1509 1101 ejus,
1559 1047 1661 1101 per
1710 1035 1977 1085 sanctum

333 1122 613 1178 Basilium
644 1122 893 1194 praefatae
925 1120 1087 1176 urbis
1144 1120 1491 1192 Episcopum
1524 1125 1804 1191 receptas,
1839 1120 1979 1174 bea-

333 1217 429 1267 tus
452 1211 800 1266 Ambrosius
829 1209 1120 1281 condigno
1152 1208 1413 1264 condidit
1445 1208 1677 1263 honore.
1706 1207 1861 1262 Licet
1881 1206 1978 1263 alii

335 1302 689 1356 contendant
715 1300 869 1372 quod
899 1299 955 1354 in
986 1298 1319 1353 Armeniam
1343 1298 1497 1369 apud
1520 1297 1815 1352 Reditium
1843 1296 1979 1351 civi-

334 1395 513 1446 tatem
544 1389 863 1454 exsiliatus,
879 1388 1213 1458 ibidemque
1235 1386 1564 1455 defunctus,
1590 1403 1691 1457 per
1708 1390 1977 1441 sanctum

337 1479 639 1534 Aurelium
660 1479 925 1550 ejusdem
948 1476 1111 1532 urbis
1131 1476 1469 1548 episcopum
1494 1475 1886 1531 Mediolanum
1907 1474 1984 1530 sit

336 1566 676 1634 translatus,
712 1572 768 1622 et
788 1567 941 1639 quod
978 1567 1132 1621 idem
1162 1563 1432 1619 Aurelius
1464 1564 1680 1619 ibidem
1714 1564 1980 1618 infirma-

336 1663 431 1712 tus
457 1674 521 1711 ac
579 1660 866 1727 mortuus,
922 1656 982 1710 in
1041 1656 1243 1709 eodem
1272 1671 1405 1709 cum
1465 1659 1669 1709 sancto
1703 1653 1981 1725 Dionysio

338 1749 736 1813 monumento,
771 1744 924 1799 sicut
957 1745 1015 1797 in
1036 1744 1152 1798 vita
1182 1742 1579 1810 condixerant,
1599 1742 1984 1797 fuerittumu-

338 1834 511 1890 latus.

411 1925 549 1978 Item
580 1924 798 1987 Romae,
824 1921 1137 1978 Eleutherii
1171 1938 1353 1993 papae,
1387 1922 1485 1991 qui
1512 1921 1660 1976 sedit
1682 1921 1739 1975 in
1763 1921 1985 1992 cpisco-

340 2018 475 2085 patu
508 2029 693 2067 annos
724 2011 1084 2083 quindecim,
1117 2015 1175 2065 et
1205 2011 1427 2081 accepit
1450 2009 1731 2081 epistolas
1751 2027 1785 2065 a
1809 2010 1983 2065 Lucio

340 2101 749 2157 Britannorum
810 2116 962 2172 rege,
997 2103 1062 2154 ut
1111 2115 1213 2171 per
1257 2101 1385 2169 ejus
1445 2100 1789 2154 mandatum
1822 2100 1987 2154 fieret

339 2190 723 2246 Christianus.
750 2190 910 2253 Quod
932 2192 988 2244 et
1000 2189 1216 2243 factum
1235 2188 1483 2244 refertur
1495 2205 1596 2259 per
1615 2188 1984 2243 Timotheum

338 2280 529 2333 virum
564 2284 859 2345 sanctum,
891 2279 970 2333 ita
991 2282 1055 2332 ut
1085 2277 1238 2333 idem
1282 2277 1515 2343 Lucius,
1552 2278 1764 2347 spretis
1795 2277 1986 2332 omni-

340 2370 451 2424 bus
483 2367 885 2424 mundialibus
918 2368 1113 2436 rebus,
1150 2366 1345 2421 nudus
1375 2371 1431 2420 et
1486 2365 1790 2436 expeditus
1823 2382 1984 2437 pere-

344 2457 672 2529 grinatione
702 2461 993 2528 suscepta,
1022 2460 1244 2528 partem
1276 2455 1671 2526 Bejoariorum
1702 2458 1757 2509 et
1804 2460 1987 2509 totam

353 2546 622 2602 Rhetiam
645 2547 797 2602 inter
824 2544 998 2617 Alpes
1028 2545 1200 2599 sitam
1233 2543 1531 2599 miraculis
1561 2549 1617 2599 et
1638 2542 1991 2615 prmdicatio-

348 2634 523 2690 nibus
555 2636 627 2689 ad
658 2634 834 2689 fidem
866 2633 1081 2689 Christi
1106 2633 1459 2689 convertisse
1489 2633 1775 2687 credatur.
1811 2632 1990 2702 Cujus

345 2724 703 2796 sepulcrum,
736 2724 794 2778 id
826 2728 915 2778 est
943 2723 1043 2794 qui
1074 2722 1133 2777 in
1162 2723 1367 2778 Rhetia
1398 2722 1723 2794 requiescit,
1754 2721 1872 2776 sive
1896 2738 1991 2776 rex

344 2812 640 2882 quondam
696 2810 812 2881 ille,
847 2812 965 2866 sive
1015 2811 1350 2882 quicunque
1406 2827 1609 2866 servus
1644 2812 1739 2865 Dei
1794 2811 1987 2878 fuerit,

344 2900 714 2956 creberrimis
746 2900 1067 2955 virtutibus
1098 2899 1453 2955 illustratur.

412 2989 626 3044 Eodem
683 2989 777 3043 die
828 2990 982 3060 apud
1026 2988 1305 3054 Maasiam,
1368 2988 1595 3043 civitate
1647 2989 1987 3059 Doroscoro,

344 3077 615 3132 nativitas
646 3081 981 3131 sanctorum
1039 3081 1364 3147 martyrum
1394 3076 1727 3143 Pasicratis,
1780 3076 1987 3132 Valen-

343 3165 522 3221 tionis
553 3169 610 3219 et
639 3164 887 3221 aliorum
913 3166 1163 3219 duorum
1202 3164 1380 3219 simul
1412 3169 1841 3219 coronatorum.

2012 1862 2060 1927 B

2085 582 2309 653 primus
2340 584 2493 655 genti
2524 583 2845 656 Anglorum
2873 582 3090 637 Christi
3114 582 3491 654 Evangelium
3520 590 3729 657 praedi-

2084 671 2253 741 cavit,
2286 676 2461 742 atque
2490 672 2607 727 illic
2656 673 2969 727 virtutibus
2999 677 3055 727 et
3109 672 3409 729 miraculis
3439 674 3730 747 gloriosus

2084 759 2144 813 in
2167 777 2304 831 pace
2332 762 2569 831 quievit.

2156 848 2230 903 VI
2259 848 2393 903 KAL.
2425 850 2562 903 JUN.
2597 881 2663 889 —
2712 851 2772 905 In
2806 850 3152 906 Alexandria
3195 852 3473 909 nativitas
3499 861 3736 912 sancto-

2089 954 2218 991 rum
2253 937 2446 1009 Aquili
2484 940 2826 1010 presbyteri,
2882 940 3152 1010 Evangeli
3194 946 3253 996 et
3282 940 3527 999 aliorum
3589 946 3736 1001 duo-

2091 1026 2301 1081 decim.

2160 1120 2223 1169 In
2283 1116 2503 1183 Tomis,
2564 1116 2756 1186 Heliae,
2820 1118 3078 1189 Luciani,
3146 1120 3344 1186 Zotici,

2088 1203 2335 1259 Victoris
2366 1209 2422 1258 et
2455 1204 2723 1259 Maurini.

2164 1295 2224 1347 In
2258 1294 2548 1362 Sardinia,
2584 1294 2927 1351 Salustiani.

2164 1385 2226 1437 In
2261 1383 2473 1453 Maesia,
2504 1383 2733 1439 civitate
2781 1387 3187 1453 Doroftorensi,
3223 1389 3497 1444 nativitas
3549 1393 3738 1447 sancti

2088 1471 2251 1527 Julii.
2286 1473 2391 1537 Qui
2424 1478 2684 1544 tempore
2716 1474 3139 1544 persecutionis
3171 1493 3303 1530 cum
3337 1483 3490 1533 esset
3516 1486 3739 1535 vetera-

2093 1578 2204 1615 nus
2217 1565 2271 1615 et
2288 1562 2538 1616 emerita:
2554 1561 3261 1634 militiae,comprehensus
3276 1566 3347 1619 ab
3364 1567 3739 1636 officialibus,

2092 1655 2148 1704 et
2178 1649 2428 1704 Maximo
2444 1650 2672 1721 praesidi
2691 1651 2940 1714 oblatus.
2962 1652 3165 1708 nolens
3189 1654 3523 1711 sacrificare
3548 1658 3744 1728 idolis,

2092 1744 2147 1793 et
2172 1754 2380 1793 nomen
2414 1739 2645 1793 Domini
2674 1740 2813 1795 Jesu
2846 1740 3061 1796 Christi
3091 1743 3571 1800 constantissime
3602 1763 3738 1802 con-

2094 1828 2304 1893 fessus,
2332 1827 2571 1898 capitali
2604 1829 2894 1884 sententia
2926 1831 3169 1900 punitus
3202 1837 3309 1885 est.
3346 1832 3612 1904 Cumque
3644 1836 3743 1890 da-

2093 1922 2321 1972 ceretur
2346 1918 2414 1972 ad
2450 1916 2638 1971 locum
2685 1918 2858 1973 caedis
2891 1918 3219 1990 implendas,
3255 1920 3575 1993 Hesychius
3608 1923 3738 1996 qui-

2094 2008 2227 2061 dam
2260 2006 2429 2062 miles
2451 2023 2583 2061 cum
2618 2013 2674 2062 et
2694 2007 2819 2078 ipse
2846 2008 2917 2063 ob
2943 2009 3116 2063 fidem
3136 2009 3351 2065 Christi
3370 2012 3747 2083 comprehen-

2094 2113 2216 2162 sus,
2250 2096 2633 2161 detineretur,
2667 2097 2909 2169 rogabat
2938 2114 3071 2152 eum
3098 2098 3333 2154 dicens:
3373 2123 3391 2149 σι
3420 2104 3636 2156 Memor
3662 2118 3750 2156 θεν

2095 2191 2153 2240 to
2187 2186 2319 2254 mei,
2356 2203 2489 2241 nam
2524 2191 2579 2241 et
2609 2203 2711 2256 ego
2741 2187 3069 2257 subsequor
3098 2191 3172 2242 te.
3208 2188 3535 2243 Plurimum
3569 2190 3743 2245 etiam

2097 2273 2286 2329 saluta
2316 2274 2666 2329 Pasicratem
2699 2280 2755 2330 et
2784 2274 3196 2332 Valentionem
3235 2277 3490 2333 famulos
3520 2278 3752 2351 Dei,qui

2097 2379 2202 2417 nos
2234 2380 2337 2434 per
2366 2364 2789 2419 confessionem
2827 2365 3038 2419 bonam
3065 2367 3189 2435 jam
3220 2373 3640 2437 praecesserunt
3673 2368 3745 2423 ad

2098 2452 2436 2507 Dominum.
2465 2476 2485 2505 ι
2522 2453 2712 2508 Julius
2744 2470 2875 2508 vero
2899 2454 3171 2509 osculans
3203 2456 3559 2527 Hesychium
3585 2456 3751 2513 dixit:

3424 1122 3730 1190 Martialis,

2101 2564 2127 2589 ‹‹
2167 2541 2380 2606 Frater,
2399 2541 2609 2597 festina
2630 2543 2857 2598 venire:
2890 2545 3165 2599 mandata
3178 2546 3417 2615 tuajam
3438 2547 3753 2602 audierunt

2101 2647 2247 2701 quos
2277 2629 2568 2686 salutasti.
2599 2652 2626 2680 »
2652 2632 2743 2687 Sic
2766 2636 3002 2704 accepto
3028 2633 3236 2695 orario,
3270 2632 3459 2705 ligans
3483 2636 3591 2690 sibi
3617 2651 3753 2691 ocu-

2100 2719 2208 2786 los,
2242 2721 2501 2791 martyrii
2536 2720 2795 2792 palmam
2819 2720 3013 2792 gladio
3035 2722 3286 2777 ccedente
3316 2724 3591 2795 percepit.

2174 2809 2235 2862 In
2267 2808 2468 2865 Galliis
2500 2811 2737 2866 civitate
2793 2812 3098 2881 Arausica,
3133 2813 3317 2867 sancti
3351 2815 3610 2887 Eutropii
3635 2816 3757 2887 epi-

2101 2897 2282 2968 scopi,
2333 2900 2503 2967 cujus
2532 2899 2727 2954 Vitam
2769 2900 3059 2956 illustrem
3111 2901 3429 2958 virtutibus
3479 2920 3545 2958 ac
3575 2906 3756 2959 mira-

2100 2986 2249 3041 culis
2281 2990 2464 3043 Verus
2496 2988 2805 3060 episcopus
2861 2989 3162 3045 luculento
3221 3008 3490 3048 sermone
3539 2994 3757 3048 descri-

2100 3076 2236 3147 psit.

2079 3209 2085 3214 .
2170 3164 2379 3219 VKAL.
2440 3166 2675 3221 JUN.———
2730 3169 2787 3221 In
2823 3168 3094 3223 Sardinia
3151 3169 3347 3240 passio
3405 3176 3743 3226 sanctorum

414 3253 515 3307 VII
540 3253 674 3308 ΚΑΙ..
708 3255 841 3309 JUN.
871 3284 937 3293 —
968 3253 1251 3307 Nativitas
1275 3251 1461 3307 sancti
1489 3252 1794 3321 Quadrati,
1828 3260 1985 3323 Apo-
2018 3227 2059 3291 Ο
2100 3252 2338 3318 /Emilii,
2374 3252 2599 3321 Felicis,
2632 3254 2870 3323 Priami,
2907 3227 3169 3310 Luciani:

350 3341 633 3398 stolornm
667 3341 962 3412 discipuli,
994 3341 1172 3414 quiin
1203 3340 1396 3395 locum
1431 3340 1583 3395 beati
1606 3340 1793 3395 Publii
1813 3340 1987 3395 Athe-

347 3447 557 3487 narum
610 3431 918 3502 episcopus
982 3430 1357 3496 constitutus,
1418 3428 1732 3484 Ecclesiam
1783 3428 1988 3500 grandi

345 3526 563 3577 terrore
594 3519 919 3592 dispersam
944 3520 1054 3575 fide
1072 3525 1129 3575 et
1158 3518 1448 3574 industria
1470 3536 1574 3573 sua
1594 3518 1986 3590 congregavit.

346 3611 608 3681 Cumque
632 3610 923 3665 Adrianus
952 3608 1193 3664 Athenis
1224 3607 1510 3680 exegisset
1540 3606 1815 3672 hiemem,
1840 3607 1989 3661 invi-

345 3716 479 3756 sens
534 3699 894 3766 Eleusinam,
928 3704 985 3753 et
1037 3698 1313 3753 omnibus
1372 3714 1515 3770 pene
1546 3696 1775 3752 Graecia
1807 3696 1991 3769 sacris

342 3788 589 3844 initiatis
648 3788 907 3844 dedisset
964 3788 1351 3853 occasionem,
1411 3787 1494 3842 eis
1566 3786 1831 3842 videlicet
1889 3786 1990 3857 qui

343 3876 704 3934 Christianos
738 3877 1001 3943 oderant,
1035 3877 1257 3947 absque
1305 3881 1587 3946 praecepto
1620 3874 1990 3946 imperatoris

343 3982 545 4023 vexare
574 3967 898 4033 credentes,
960 3964 1214 4034 porrexit
1272 3964 1324 4018 ei
1368 3963 1584 4019 librum
1636 3982 1738 4035 pro
1793 3969 1991 4021 nostra

344 4056 621 4127 religione
652 4054 1068 4125 compositum,
1103 4052 1269 4108 valde
1298 4052 1500 4107 utilem
1524 4053 1881 4124 plenumque
1904 4071 1991 4109 ra-

345 4144 523 4201 tionis
556 4148 612 4199 et
642 4143 797 4208 fidei,
822 4141 1141 4213 apostolica
1171 4140 1436 4196 doctrina
1465 4141 1708 4213 dignum
1736 4160 1747 4196 :
1784 4143 1841 4196 in
1873 4159 1989 4213 quo

346 4239 404 4289 et
433 4232 839 4305 antiquitatem
872 4248 989 4286 suae
1020 4229 1205 4285 aetatis
1235 4230 1568 4295 ostendens,
1596 4231 1677 4285 ait
1706 4230 1991 4301 plurimos

346 4340 380 4377 a
409 4339 470 4378 se
499 4323 659 4377 vivos
691 4321 813 4393 qui,
838 4320 949 4375 sub
976 4318 1217 4373 Domino
1240 4318 1412 4374 variis
1432 4319 1489 4373 in
1509 4318 1710 4374 Judaea
1727 4320 1991 4391 oppressi

345 4411 803 4477 calamitatibus,
836 4410 1029 4465 sanati
1062 4409 1311 4464 fuerant.
1338 4408 1445 4473 Qui
1467 4425 1585 4462 una
1600 4424 1733 4463 cum
1756 4408 1990 4465 filiabus

343 4499 597 4572 Philippi
631 4499 689 4554 in
721 4498 1060 4570 prophetica
1089 4498 1277 4569 gratia
1314 4496 1726 4553 celeberrimus
1759 4498 1888 4553 fuit.

2171 3340 2365 3393 Roma:
2398 3342 2668 3395 nativitas
2692 3344 2876 3396 sancti
2901 3344 3142 3397 Joannis
3165 3361 3346 3414 papa.
3372 3345 3577 3412 Quem,
3611 3347 3749 3417 quia

2098 3429 2459 3483 orthodoxus
2490 3435 2632 3499 erat,
2650 3433 2705 3483 et
2722 3448 2755 3484 a
2776 3431 2804 3484 J
2817 3431 3388 3503 ustino,imperatore
3405 3433 3747 3501 orthodoxo,

2098 3516 2392 3572 Constanti
2404 3517 2658 3589 n0polim
2674 3519 2909 3574 veniens
2941 3520 3191 3591 gloriose
3205 3526 3512 3592 susceptus
3536 3523 3746 3589 fuerat,

2098 3606 2491 3661 Theodoricus
2524 3624 2621 3661 rex
2652 3608 2907 3663 Arianus
2937 3613 3318 3665 revertentem
3375 3611 3661 3667 Ravennae
3690 3611 3749 3667 in

2099 3695 2366 3750 custodia
2397 3696 2697 3751 detentum
2716 3698 2786 3751 ad
2805 3701 3053 3752 mortem
3080 3715 3265 3769 usque
3278 3716 3411 3753 cum
3435 3700 3564 3754 aliis
3589 3717 3750 3771 isque

2100 3782 2403 3839 catholicis
2436 3784 2570 3838 viris
2628 3786 2921 3856 perduxit.
2956 3787 3145 3857 Hujus
3195 3788 3464 3842 meminit
3511 3794 3751 3844 sanctus

2101 3871 2414 3944 Gregorius
2445 3874 2500 3927 in
2527 3874 2673 3929 libro
2691 3874 3276 3946 Dialogorum.Cujus
3300 3894 3533 3947 corpus,
3555 3883 3748 3931 trans-

2101 3966 2285 4019 latum
2319 3963 2389 4017 de
2423 3962 2715 4028 Ravenna,
2751 3964 3046 4033 sepultum
3080 3973 3166 4019 est
3196 3966 3255 4019 in
3288 3965 3531 4021 basilica
3563 3965 3747 4021 sancti

2099 4054 2251 4109 Petri
2283 4051 2760 4122 apostoli,quinto
2776 4052 3168 4109 Kalendarum
3185 4054 3593 4111 Junii.Olibrio
3617 4072 3748 4111 con-

2101 4142 2245 4197 sule.
2280 4145 2401 4204 Quo
2431 4145 2690 4210 tempore
2725 4140 3121 4199 Theodericus
3152 4161 3252 4199 rex
3282 4146 3431 4201 duos
3455 4152 3752 4203 senatores

2100 4231 2408 4303 praeclaros
2440 4233 2497 4284 et
2527 4230 2887 4298 exconsules,
2917 4234 3335 4303 Symmachum
3370 4240 3427 4289 et
3458 4236 3749 4302 Boetium,

2099 4319 2325 4375 occidit.
2361 4319 2469 4383 Qui
2492 4319 2872 4392 nonagesimo
2901 4326 3098 4376 octavo
3117 4322 3209 4377 die
3240 4327 3551 4393 postquam
3571 4324 3753 4379 Joan-

2100 4425 2202 4465 nes
2235 4425 2385 4479 papa
2408 4410 2719 4464 defunctus
2758 4414 2864 4478 est,
2890 4410 3083 4464 subito
3116 4410 3363 4476 interiit,
3397 4415 3452 4465 et
3484 4413 3541 4465 in
3573 4411 3747 4467 ollam

2098 4496 2341 4553 Vulcani
2377 4498 2691 4569 projectus,
2726 4498 2882 4553 ultra
2910 4514 3023 4553 non
3057 4500 3405 4571 comparuit.

417 4590 558 4644 Item
591 4590 650 4643 in
679 4589 891 4653 Africa,
924 4588 1112 4642 sancti
1142 4586 1417 4649 Quadrati
1446 4586 1720 4657 martyris
1743 4588 1798 4641 in
1823 4588 1992 4657 cujus
2023 4590 2068 4655 D
2175 4588 2317 4642 Item
2344 4588 2494 4658 apud
2514 4587 2716 4641 urbem
2740 4586 3025 4642 Parisium
3045 4588 3750 4660 depositioGermaniepi-

344 4676 714 4733 solemnitate
745 4692 1044 4732 sermones
1069 4675 1253 4731 sancti
1279 4674 1589 4747 Augustini
1613 4675 1989 4731 inveniuntur

344 4767 550 4822 habiti.

417 4856 632 4922 Romae,
666 4854 989 4927 Symmitrii
1018 4852 1338 4926 presbyteri
1396 4855 1451 4906 et
1479 4852 1725 4908 aliorum
1786 4854 1989 4925 viginti

346 4945 619 5012 duorum,
679 4961 827 5015 quos
900 4943 1230 4999 Antoninus
1286 4942 1601 5012 imperator
1657 4942 1849 5013 gladio
1886 4960 1989 5015 pro

346 5032 575 5090 Christo
608 5034 803 5104 puniri
836 5033 1005 5089 fecit:
1066 5048 1315 5103 quorum
1350 5047 1591 5101 corpora
1621 5036 1793 5085 noctu
1821 5031 1992 5085 beata

348 5123 623 5178 Praxedis
655 5120 884 5193 collegit
930 5126 988 5177 et
1047 5121 1104 5175 in
1136 5119 1467 5175 coemeterio
1527 5118 1796 5173 Priscillae
1828 5136 1990 5191 sepe-

347 5210 493 5266 livit.

420 5299 692 5367 Tuderto,
726 5296 969 5366 Tusciae,
1017 5296 1385 5362 Felicissimi,
1440 5294 1709 5364 Heraclii,
1744 5295 1988 5350 Paulini.

422 5388 486 5441 ln
518 5386 809 5443 territorio
839 5384 1335 5441 Antissiodorcnsi
1368 5384 1561 5455 passio
1594 5384 1780 5439 sancti
1811 5386 1991 5440 Prisci

350 5475 623 5544 martyris
654 5491 786 5528 cum
826 5473 1047 5544 ingenti
1101 5472 1495 5526 multitudine.

423 5564 481 5618 In
517 5562 769 5618 Britenia
800 5561 1081 5635 depositio
1140 5560 1323 5617 sancti
1370 5561 1678 5633 Augustini
1737 5562 1994 5635 episcopi

2097 4675 2256 4748 scopi
2287 4680 2343 4731 et
2372 4675 2744 4731 confessoris.
2765 4674 2870 4737 Qui
2889 4692 2956 4730 ex
2975 4675 3271 4731 nobilibus
3287 4677 3523 4748 quidem
3548 4694 3755 4748 paren-

2096 4767 2253 4821 tibus
2266 4769 2498 4820 exortus
2512 4765 2609 4819 sed
2627 4763 2981 4819 malitiosoru
2994 4782 3048 4819 m
3063 4764 3417 4821 omnimodis
3431 4771 3753 4822 attentatus

2097 4856 2351 4921 insidiis,
2372 4854 2567 4908 divina
2584 4869 2645 4908 se
2659 4853 2843 4925 gratia
2859 4858 3215 4925 protegente,
3239 4872 3352 4909 non
3379 4855 3570 4910 solum
3585 4855 3751 4910 vivus

2099 4950 2156 4999 et
2184 4943 2494 4999 incolumis
2525 4943 2726 5005 evasit,
2761 4942 2861 4997 sed
2892 4947 2947 4997 et
2978 4943 3034 4995 in
3064 4942 3227 4998 virile
3247 4944 3748 4999 roburvirtutibus

2100 5038 2155 5086 et
2187 5031 2472 5102 sapientia
2493 5031 2797 5084 decoratus
2829 5030 3081 5086 excrevit
3112 5030 3171 5085 in
3194 5036 3443 5095 tantum,
3466 5037 3531 5085 ut
3562 5050 3595 5085 a
3615 5049 3748 5086 san-

2101 5127 2191 5175 cto
2212 5118 2476 5173 Nectario
2506 5119 2806 5190 presbyter
2832 5120 3158 5187 ordinatus,
3184 5122 3365 5176 abbas
3396 5120 3748 5175 monasterio

2102 5209 2287 5265 sancti
2321 5206 2729 5279 Symphoriani
2761 5208 3154 5277 praeficeretur
3183 5209 3435 5277 invitus;
3486 5210 3545 5263 in
3582 5210 3750 5280 cujus

2104 5296 2384 5369 regimine
2416 5295 2495 5349 ita
2525 5300 2581 5349 et
2611 5295 3041 5365 divinojudicio
3064 5301 3119 5351 et
3140 5296 3397 5352 humano
3419 5296 3639 5369 placuit
3660 5314 3751 5352 ar-

2104 5385 2296 5451 bitrio,
2332 5390 2397 5439 ut
2424 5384 2613 5439 claves
2652 5387 2824 5454 portae
2848 5385 3172 5454 Parisiacae,
3198 5392 3255 5441 et
3279 5386 3513 5457 priusin
3533 5386 3753 5441 visione

2105 5492 2205 5547 per
2220 5473 2529 5527 Dominum
2542 5476 2615 5535 ,et
2629 5473 3003 5542 postmodum
3019 5473 3075 5527 in
3092 5474 3461 5545 episcopatus
3473 5473 3752 5529 electione

2106 5581 2207 5636 per
2220 5560 3553 5635 cohibentiam(a)acciperetpopulorum.Cujus
3566 5563 3753 5635 digni~

420 5690 497 5777 (α)
532 5688 698 5749 Forte
724 5688 1155 5750 conniventiam.
1197 5686 1334 5743 CAN.
1371 5685 1453 5743 De
1484 5685 1593 5745 hac
1628 5702 1765 5745 voce
1798 5688 1927 5748 vide
1947 5688 2296 5750 Goldastum
2326 5688 2396 5746 ad
2428 5685 2619 5746 edicta
2638 5685 2710 5744 de
2738 5685 3117 5763 imaginibus.
3139 5688 3537 5750 Scaivsamot.
3560 5705 3664 5750 ms.
3687 5688 3747 5753 in
