4012 6198
220 281 373 342 1091

1130 282 1199 342 Β.
1248 282 1596 346 NOTKERI
1641 283 1977 349 BALBULI
2024 286 2091 348 S.
2138 284 2366 349 GALLI
2410 284 2763 349 MONACHI

3477 280 3637 347 {0‘32

216 417 438 469 tantem
471 417 634 467 tanta
663 412 1009 468 auctoritate
1048 414 1500 481 administravit,
1559 422 1623 472 ut
1668 422 1863 473 tamen
1897 419 1950 484 Α
1979 420 2143 474 nium
2176 418 2505 475 sanctitatis
2533 421 2659 489 ejus
2688 417 3027 474 visebantur
3055 415 3418 489 incorrupta.
3448 419 3500 473 A
3524 433 3648 488 quo

217 501 480 573 exemplo
503 500 655 557 beati
689 501 921 555 Martini
953 503 1323 574 propositum
1373 505 1646 561 monachi
1677 506 1865 561 virtu-

218 594 453 661 temque
484 607 596 644 non
620 590 932 658 desereret,
954 596 1130 662 atque
1159 591 1287 647 ideo
1303 593 1430 648 etin
1461 611 1632 649 carne
1645 594 1863 662 vivens,

218 684 274 732 et
303 678 509 750 spiritu
542 677 717 733 cmlos
751 683 972 748 petens,
1004 680 1061 734 in
1088 680 1503 736 miraculorum
1535 682 1868 738 ostensione

218 765 298 820 illi
333 783 434 837 per
464 766 660 821 omnia
711 766 923 822 similis
974 774 1300 839 appareret,
1336 774 1392 825 et
1438 772 1640 826 eadem
1676 776 1863 843 aetate,

216 854 583 926 octogenaria
610 854 899 927 videlicet,
944 858 1016 911 ad
1075 858 1394 929 Christum,
1443 860 1571 932 ipso
1602 866 1864 927 vocante,

216 943 424 1015 plenus
455 946 763 1000 sanctitate
787 946 1084 1018 migraret.

294 1060 367 1113 IV
398 1060 532 1116 KAL.
586 1060 723 1116 Jux.
786 1093 851 1104 -—-
884 1062 1099 1129 Romre,
1130 1064 1223 1119 via
1283 1064 1537 1131 Aurelia,
1593 1066 1867 1121 nativitas

222 1148 407 1204 sancti
440 1149 733 1205 Restituti.
1476 1143 1483 1155 ’

284 1246 387 1302 Via
417 1247 747 1317 Tiburtina,
778 1253 1000 1321 septem
1032 1252 1475 1306 Germanorum.

286 1354 452 1425 Apud
488 1355 748 1410 Iconium
811 1356 1114 1427 provincia:
1174 1358 1409 1414 Isauriae
1443 1359 1635 1430 passio
1677 1360 1863 1415 sancti

214 1442 467 1497 Cononis
515 1447 573 1499 et
603 1443 707 1497 filii
766 1446 916 1514 ejus,
949 1446 1058 1500 sub
1116 1446 1430 1502 Aureliano
1492 1447 1864 1518 imperatore,

216 1530 419 1601 judice
446 1532 800 1587 Domitiano.
834 1533 941 1598 Qui
999 1550 1131 1589 cum
1165 1539 1320 1590 esset
1368 1537 1482 1592 ﬁde
1530 1535 1863 1607 praeclarus,

212 1618 509 1675 exhibitus
534 1619 732 1691 judici
765 1638 897 1676 cum
928 1622 1049 1677 filio
1080 1640 1186 1679 suo
1209 1641 1499 1680 annorum
1531 1626 1863 1695 duodecim,

212 1707 492 1779 Spiritum
552 1714 823 1764 sanctum
856 1710 915 1764 in
976 1728 1036 1766 sc
1084 1711 1352 1773 habitare
1405 1714 1592 1768 veraci
1634 1714 1861 1769 confes-

214 1796 376 1851 sione
408 1796 946 1854 manifestaverunt.
981 1800 1246 1855 Primum
1274 1801 1473 1872 itaque
1502 1800 1684 1873 ignito
1718 1803 1867 1858 ferro
1896 1793 1944 1859 B

215 1885 598 1956 superpositi,
634 1886 843 1943 deinde
901 1888 1190 1943 craticula:
1222 1890 1431 1962 prunis
1462 1891 1784 1961 suppositis
1806 1896 1863 1946 et

215 1982 340 2038 oleo
372 1985 703 2056 superfuso.
763 1986 982 2042 Deinde
1030 1986 1265 2043 frixorio
1297 1988 1529 2042 cadenti
1586 1987 1860 2056 immissi,

214 2072 413 2127 omnia
454 2079 877 2144 superaverunt
924 2075 984 2130 in
1017 2076 1253 2130 nomine
1280 2077 1516 2132 Christi.
1574 2077 1716 2131 Inde
1762 2094 1861 2132 su-

215 2170 457 2241 spensi,‘
482 2176 540 2226 et
568 2171 759 2226 valido
818 2172 940 2242 igni
988 2173 1196 2227 subtus
1229 2173 1512 2241 adhibito,
1550 2172 1758 2229 malleo
1789 2174 1860 2229 ad

213 2262 538 2313 extremum
588 2258 770 2331 ignito
802 2260 1077 2316 manibus
1117 2261 1383 2316 contritis
1415 2262 1470 2315 in
1532 2261 1705 2316 laude
1736 2278 1860 2316 om-

215 2345 531 2417 nipotentis
560 2347 660 2402 Dei
690 2348 965 2420 spiritum
994 2350 1342 2405 emiserunt.

288 2452 498 2507 Eodem
532 2452 646 2520 die,
701 2452 759 2507 in
801 2453 1034 2526 regione
1089 2456 1384 2527 Anagniae,
1430 2458 1600 2526 juxta
1654 2456 1860 2511 urbem

215 2540 648 2608 Tridentinam,
711 2543 906 2612 passio
960 2550 1296 2599 sanctorum
1353 2545 1555 2600 Sisinii
1607 2544 1860 2613 diaconi,

214 2628 472 2700 Martyrii
527 2627 782 2694 lectoris,
842 2634 899 2686 et
978 2632 1285 2687 Alexandri
1363 2633 1612 2688 ostiarii.
1666 2634 1862 2696 Qui‘a

215 2717 384 2773 beato
424 2717 653 2790 Vigilio,
702 2719 1061 2775 Tridentinaa
1115 2721 1277 2776 urbis
1330 2721 1621 2793 episcopo,
1674 2723 1746 2776 ad
1778 2721 1859 2775 vi-

215 2807 348 2861 cina
375 2806 502 2862 loca
534 2808 964 2877 praedicationis
1003 2809 1190 2879 gratia
1219 2809 1515 2873 destinati,
1574 2825 1706 2863 cum
1740 2808 1863 2879 plu-

216 2895 397 2948 rimos
430 2896 502 2949 ad
536 2895 709 2949 fidem
759 2894 973 2948 Christi
1030 2896 1471 2962 convertissent,
1532 2897 1605 2948 ab
1637 2896 1728 2948 his
1759 2896 1861 2966 qui

216 2981 274 3034 in
309 2997 503 3036 errore
534 2980 861 3053 paganismi
896 2981 1205 3052 persistere
1230 2980 1581 3053 maluerunt,
1616 2982 1861 3039 diversis

217 3069 498 3124 mortium
520 3068 835 3142 generibus
866 3068 1139 3124 trucidati
1173 3074 1330 3125 sunt.
1356 3071 1502 3142 Nam
1535 3071 1740 3127 beatus
1771 3072 1858 3127 Si-

1978 513 2216 564 sanctus
2246 508 2626 575 Athanasius,
2674 506 3136 578 persecutionem
3169 506 3508 562 Constantii
3543 506 3645 561 fu-

1976 598 2164 667 giens,
2215 597 2529 653 honorifice
2587 599 2893 667 susceptus
2950 600 3058 650 est.
3119 594 3233 650 Sed
3290 594 3433 666 quia
3497 595 3649 668 fuga

1978 687 2165 741 sancti
2197 686 2498 741 Athanasii
2547 685 2831 756 quosdam
2883 683 3293 739 formidolosos
3341 687 3449 738 aut
3481 689 3645 738 certe

1974 774 2351 846 blasphemus
2392 775 2452 828 in
2496 773 2855 829 contrarium
2891 773 3076 836 abuti,
3104 770 3349 845 cognovi
3383 772 3535 844 quid
3571 772 3650 827 de

1977 881 2045 919 ea
2075 863 2454 919 fidelissimus
2483 862 2747 917 Ecclesiae
2804 861 3173 933 dispensator
3204 861 3465 921 senserit
3517 863 3646 915 Au-

1976 953 2274 1025 gustinus,
2305 952 2497 1007 verbis
2544 952 2671 1021 ejus
2702 951 2760 1005 in
2814 950 3071 1005 medium
3115 950 3374 1022 proferre
3431 966 3647 1006 neces-

1976 1042 2197 1096 sarium
2231 1042 2389 1096 duxi.
2418 1041 2571 1096 Dicit
2594 1056 2728 1111 ergo
2760 1039 2913 1094 inter
2934 1038 3050 1094 alia
3079 1038 3135 1094 in
3168 1038 3424 1111 epistola
3445 1056 3637 1111 quam

1976 1130 2048 1184 ad
2083 1131 2437 1185 Honoratum
2470 1127 3407 1200 scripsitepiscopum,consultus
3431 1133 3642 1183 utrum

1978 1223 2234 1291 tempore
2263 1217 2689 1291 persecutionis
2750 1216 3092 1289 fugiendum
3138 1216 3215 1271 sit
3271 1217 3580 1289 episcopis
3608 1235 3644 1272 a

1976 1308 2100 1363 suis
2131 1308 2402 1363 sedibus:
2464 1330 2491 1357 ‹‹
2526 1307 2674 1372 Quid
2735 1311 2826 1361 est
2879 1322 3014 1378 ergo
3069 1307 3224 1379 quod
3256 1307 3318 1361 in
3379 1305 3643 1379 epistola

1973 1403 2077 1452 tua
2133 1396 2425 1468 posuisti?
2464 1395 2621 1450 Dicis
2650 1394 2846 1449 enim:
2899 1394 2958 1450 Si
3016 1394 3074 1449 in
3130 1394 3415 1450 Ecclesiis
3446 1396 3641 1467 persi-

1974 1486 2246 1541 stendum
2289 1490 2397 1548 est,
2452 1484 2591 1556 quid
2625 1484 2813 1540 simus
2845 1484 3015 1539 nobis
3061 1484 3149 1539 vel
3181 1483 3402 1557 populo
3424 1485 3639 1556 profu-

1973 1575 2114 1644 turi,
2147 1592 2262 1630 non
2294 1574 2480 1644 video,
2540 1573 2650 1628 nisi
2688 1577 2753 1628 ut
2801 1578 2935 1629 ante
2987 1573 3188 1629 oculos
3236 1578 3471 1630 nostros
3524 1574 3638 1629 viri

1974 1664 2203 1734 cadant,
2238 1663 2465 1719 feminae
2514 1666 2989 1734 constuprentur,
3022 1662 3411 1719 incendantur
3438 1662 3634 1720 eccle-

1974 1752 2093 1819 siae,
2126 1770 2233 1809 nos
2262 1752 2373 1824 ipsi
2422 1752 2730 1807 tormentis
2762 1751 3126 1816 deficiamus,
3162 1769 3283 1807 cum
3315 1752 3387 1808 de
3438 1752 3625 1809 nobis

1974 1842 2255 1913 quaeritur
2313 1841 2465 1912 quod
2515 1858 2629 1895 non
2682 1840 2991 1895 habemus.
3051 1862 3077 1887 ι»
3132 1839 3437 1911 Respondit
3492 1843 3616 1893 Au-

1972 1930 2275 2003 gustinus:
2313 1952 2341 1978 «
2378 1933 2588 1984 Potens
2611 1933 2699 1984 est
2729 1927 2967 2000 quidem
3001 1932 3151 1983 Deus
3183 1928 3376 1983 audire
3407 1944 3616 2000 preces

1974 2018 2206 2074 familiai
2237 2036 2375 2082 sum,
2429 2022 2487 2073 et
2528 2018 2650 2073 haec
2680 2034 2806 2090 quae
2861 2017 3258 2073 formidantur
3304 2022 3562 2073 avertere
3607 2061 3622 2087 ,

1972 2126 2076 2163 nec
2107 2108 2234 2164 ideo
2290 2112 2487 2163 tamen
2546 2112 2784 2179 propter
2812 2107 2945 2173 ista,
2995 2124 3122 2179 quas
3186 2106 3412 2162 incerta
3463 2111 3632 2172 sunt,

1972 2196 2143 2251 debet
2173 2212 2302 2251 esse
2352 2195 2539 2251 nostri
2602 2194 2780 2249 ofﬁcii
2809 2198 2967 2249 certa
3017 2194 3293 2260 desertio,
3343 2195 3474 2250 sine
3512 2211 3633 2266 quo

1972 2289 2061 2339 est
2089 2284 2243 2356 plebi
2276 2289 2435 2340 certa
2464 2282 2775 2356 pernicies,
2808 2300 2921 2339 non
2955 2283 3015 2338 in
3048 2283 3223 2338 rebus
3255 2282 3389 2337 vitas
3423 2282 3631 2353 hujus,

1972 2375 2071 2430 sed
2109 2374 2368 2441 alterius,
2404 2390 2529 2444 quae
2559 2371 3097 2445 incomparabiliter
3127 2371 3477 2444 diligentius
3510 2372 3634 2427 sol-

1971 2463 2307 2535 licitiusque
2355 2463 2614 2517 curanda
2643 2467 2753 2518 est.
2804 2462 2951 2517 Nam
2982 2461 3032 2517 si
3093 2464 3251 2517 certa
3280 2468 3486 2517 essent
3515 2462 3631 2517 ista

1972 2551 2126 2606 mala
2154 2569 2282 2624 quae
2311 2552 2593 2606 timentur
2648 2567 2721 2606 ne
2775 2549 2835 2605 in
2886 2550 3031 2606 locis
3073 2549 3130 2604 in
3164 2549 3387 2621 quibus
3418 2566 3635 2606 sumus

1972 2643 2121 2696 forte
2170 2641 2532 2709 contingant,
2568 2639 2731 2711 prius
2779 2639 2915 2694 inde
2946 2639 3213 2711 fugerent
3242 2655 3458 2695 omnes
3488 2656 3632 2711 pro-

1975 2734 2099 2800 pter
2129 2746 2275 2800 quos
2325 2730 2682 2784 manendum
2731 2733 2838 2794 est,
2870 2732 2927 2783 et
2966 2745 3074 2784 nos
3121 2746 3157 2783 a
3189 2729 3474 2783 manendi
3526 2745 3637 2785 ne-

1972 2818 2240 2873 cessitate
2272 2819 2482 2872 liberos
2515 2818 2983 2873 redderent.Non
3006 2817 3161 2872 enim
3182 2817 3512 2889 quisquam
3539 2823 3631 2873 est

1970 2905 2069 2975 qui
2102 2905 2260 2960 dicat
2289 2905 2592 2961 ministros
2626 2922 2861 2961 manere
2891 2910 3178 2977 Oportere,
3214 2905 3315 2960 ubi
3343 2907 3474 2976 jam
3508 2923 3630 2961 non

1971 2992 2185 3049 fuerint
2216 2994 2433 3065 quibus
2481 3011 2719 3051 necesse
2751 2996 2830 3050 sit
2861 2995 3215 3050 ministrare.
3258 2984 3347 3049 Ita
3376 2996 3628 3067 quidam

1970 3082 2156 3137 sancti
2205 3084 2461 3154 episcopi
2524 3084 2596 3138 de
2651 3083 2929 3155 Hispania
2986 3085 3394 3156 profugerunt,
3458 3083 3625 3156 prius

216 3156 447 3213 sinnius
477 3174 613 3215 cum
655 3157 879 3214 caeteris
911 3157 1146 3229 quidem
1188 3141 1412 3215 diutius
1443 3161 1597 3215 caede
1649 3166 1862 3216 macta-
1891 3159 1932 3225 C
1972 3141 2257 3243 plebibus.
2288 3141 2498 3244 pax-{im
2555 3174 2693 3245 fuga
2747 3141 2953 3245 lapsis,
2986 3141 3223 3245 ‘partiih
3274 3141 3627 3243 peremptis,

217 3252 336 3317 tus,
386 3246 487 3302 sed
545 3263 691 3301 aerea
744 3248 885 3302 tuba
932 3248 990 3302 in
1049 3248 1237 3318 capite
1293 3266 1629 3319 percussus,
1686 3256 1860 3321 atque

218 3335 524 3393 securibus
569 3336 898 3403 confossus,
924 3338 1094 3405 juxta
1124 3336 1311 3408 ipsius
1344 3338 1601 3393 ecclesiae
1654 3338 1859 3393 limina

218 3424 626 3479 decumbebat.
686 3428 935 3479 Sanctus
966 3441 1098 3479 vero
1157 3425 1469 3497 Martyrius
1531 3432 1586 3481 et
1648 3427 1857 3499 ipsein

218 3516 395 3582 caput
423 3512 726 3567 securibus
755 3512 1116 3580 vulneratus,
1150 3517 1325 3585 atque
1358 3515 1603 3571 sudibus
1662 3522 1859 3570 trans-

219 3602 464 3665 foratus,
495 3601 750 3656 reddidit
781 3601 1078 3673 spiritum.
1141 3606 1301 3657 Tunc
1332 3602 1577 3675 gentiles
1617 3620 1861 3676 corpora

220 3691 557 3745 sanctorum
598 3688 840 3763 Sisinnii
889 3695 946 3745 et
976 3690 1233 3763 Martyrii
1266 3690 1443 3749 simul
1476 3708 1609 3746 cum
1659 3696 1861 3747 sancto

218 3777 539 3834 Alexandro
594 3778 786 3833 adhuc
825 3780 1115 3835 semincce
1168 3780 1237 3834 ad
1271 3796 1433 3835 aram
1473 3780 1727 3845 Saturni,
1761 3780 1861 3835 ubi

218 3864 372 3938 ignis
416 3866 687 3937 copiosus
745 3872 869 3923 erat
898 3884 1231 3936 accenssus,
1261 3869 1333 3923 ad
1365 3869 1858 3924 concremandum

217 3954 653 4026 perduxerunt:
685 3960 743 4010 et
772 3960 1042 4011 sanctum
1067 3957 1461 4012 Alexandrum
1494 3958 1740 4029 flagellis
1761 3975 1863 4013 cas-

218 4044 555 4108 dentes,nec
570 4044 643 4098 ad
658 4042 1083 4100 immolandum
1099 4045 1271 4101 idolis
1285 4046 1628 4119 compellere
1645 4064 1866 4119 queun-

216 4134 327 4199 tes,
359 4129 553 4185 vivum
613 4130 987 4202 projecerunt
1021 4132 1079 4186 in
1132 4132 1350 4203 ignem,
1382 4138 1440 4188 et
1489 4133 1571 4188 sic
1603 4134 1861 4207 martyrii

222 4236 461 4307 c‘ursum
492 4236 936 4289 consummans,
962 4219 1221 4292 palmam
1274 4221 1539 4293 gloriosas
1571 4223 1866 4294 passionis

218 4308 460 4381 accepit.
493 4308 628 4365 Post
658 4325 912 4381 quorum
946 4326 1145 4365 necem
1176 4326 1310 4365 mox
1341 4311 1551 4365 umbra
1595 4313 1862 4383 quaedam

215 4401 380 4453 terra:
429 4397 688 4469 proxima
746 4401 928 4453 totam
993 4397 1283 4470 regionem
1339 4398 1687 4456 fulminibus
1741 4417 1863 4456 cre-

217 4485 490 4543 berrimis
549 4486 1017 4543 discurrentibus
1071 4487 1315 4552 obtexit,
1346 4492 1413 4542 ut
1441 4492 1497 4543 et
1553 4488 1667 4560 ipsi
1697 4489 1863 4561 impii

217 4578 439 4630 terrore
461 4573 734 4644 perculsi,
761 4575 1176 4630 conﬁterentur
1200 4574 1309 4630 hoc
1330 4580 1662 4632 sanctorum
1688 4594 1867 4633 causa

217 4661 367 4717 ﬁeri.
400 4661 485 4715 Ad
516 4678 766 4732 quorum
798 4663 972 4718 etiam
1005 4662 1287 4735 reliquias
1319 4682 1452 4719 cum
1482 4682 1578 4720 eas
1610 4672 1868 4736 postmo-

218 4752 361 4808 dum
392 4749 851 4806 Mediolanenses
882 4769 1119 4807 summa
1147 4753 1452 4809 devotione
1481 4754 1866 4826 susciperent,

219 4839 460 4911 quidam
504 4855 689 4895 caecus
746 4856 815 4894 ex
857 4840 1052 4896 littore
1077 4841 1408 4897 Dalmatino
1441 4842 1638 4898 divino
1669 4844 1868 4899 admo-

219 4928 379 4984 nitus
406 4927 684 4984 instinctu
739 4930 995 4995 veniens,
1031 4934 1185 4986 tacto
1242 4931 1434 4987 loculo
1484 4931 1681 4988 lumen
1712 4948 1869 4989 rece-

217 5017 323 5090 pit,
360 5022 424 5072 ut
453 5016 656 5074 scribit
684 5017 891 5075 beatus
954 5016 1234 5075 Paulinus
1293 5021 1351 5075 in
1384 5020 1515 5076 Vita
1544 5021 1694 5078 beati
1728 5028 1867 5078 Am-

216 5105 422 5162 brosii.

290 5212 544 5270 Treviris
575 5214 862 5287 depositio
893 5216 1080 5271 sancti
1110 5216 1343 5271 Maximi
1375 5216 1649 5288 episcopi.
1689 5218 1869 5290 Cujus

218 5304 569 5361 indumenta
620 5304 1002 5360 sacerdotalia
1048 5305 1106 5359 in
1165 5322 1316 5360 urna
1365 5321 1511 5360 aerea
1559 5305 1631 5360 ad
1684 5323 1869 5379 usque

220 5397 441 5463 nostra,
472 5392 591 5448 imo
650 5393 1146 5449 Nortmannorum
1195 5398 1480 5466 tempora,
1517 5394 1575 5448 in
1610 5396 1869 5451 testimo-

220 5519 356 5571 CAN.
392 5515 473 5571 Ibi
499 5516 736 5587 quidem
766 5518 1005 5589 Carolus
1035 5521 1270 5589 Mageus
1323 5519 1534 5574 asserit
1563 5519 1669 5575 hoc
1723 5538 1870 5589 opus

222 5601 565 5664 aggressum
595 5603 723 5664 esse
753 5603 888 5664 cum
918 5588 1252 5664 cohibentia
1280 5590 1712 5664 episcoporum,
1758 5588 1871 5664 hoc

221 5657 334 5745 get,
363 5671 499 5715 cum
526 5657 863 5719 collibentia
888 5660 1009 5721 sive
1038 5657 1665 5725 assensufﬁetinenda
1691 5657 1871 5741 igitur

1970 3260 2182 3332 partim
2210 3260 2515 3315 obsidione
2563 3261 2953 3332 consumptis,
3004 3261 3221 3333 partim
3281 3262 3628 3332 captivitate

1970 3348 2286 3420 dispersis:
2322 3350 2421 3403 sed
2456 3348 2643 3404 multo
2671 3348 2889 3421 plures,
2924 3348 3045 3404 illic
3078 3350 3458 3405 manentibus
3487 3365 3627 3422 pro-

1970 3441 2098 3507 pter
2126 3453 2275 3507 quos
2306 3442 2633 3507 manerent,
2686 3439 2796 3493 sub
2829 3438 3170 3494 eorumdem
3220 3437 3621 3511 periculorum

1972 3525 2257 3581 densitate
2288 3532 2655 3581 manserunt.
2690 3528 2759 3581 Et
2788 3526 2838 3581 si
2871 3525 3052 3598 aliqui
3085 3527 3470 3582 deseruerunt
3492 3526 3625 3598 ple-

1970 3614 2074 3668 bes
2105 3630 2263 3680 suas,
2296 3613 2406 3668 hoc
2434 3619 2525 3669 est
2569 3614 2726 3686 quod
2755 3614 3007 3669 dicimus
3067 3614 3193 3670 ﬁeri
3227 3631 3331 3670 non
3359 3613 3610 3668 debene:

1971 3717 2163 3773 neque
2211 3702 2365 3756 enim
2416 3703 2563 3757 tales
2621 3702 2781 3758 ducti
2839 3702 3189 3759 auctoritate
3248 3701 3450 3768 divina,
3499 3702 3605 3756 sed

1974 3792 2231 3845 humano
2263 3788 2349 3845 vel
2379 3807 2571 3847 errore
2603 3792 2852 3862 decepti,
2884 3790 2973 3847 vel
3021 3791 3234 3847 timore
3265 3794 3402 3847 sunt
3443 3789 3610 3846 victi.

1972 3883 2085 3935 Cur
2114 3878 2225 3934 sibi
2254 3879 2412 3934 enim
2444 3884 2654 3951 putant
2680 3878 3078 3935 indifferenter
3099 3880 3626 3953 obtemperandum

1973 3984 2102 4023 esse
2133 3972 2438 4039 praecepto,
2501 3969 2601 4023 ubi
2664 3967 2865 4041 legunt
2920 3970 2993 4024 de
3023 3968 3257 4025 civitate
3315 3968 3373 4023 in
3422 3968 3630 4024 civita-

1973 4061 2090 4111 tem
2120 4072 2249 4112 esse
2277 4057 2658 4128 fugiendum;
2700 4062 2757 4112 et
2796 4057 3224 4113 mercenarium
3259 4074 3375 4113 non
3415 4056 3629 4113 exhor-

1975 4154 2123 4212 rent,
2157 4146 2258 4217 qui
2315 4147 2471 4201 videt
2529 4147 2737 4218 lupum
2795 4146 3126 4202 venientem
3160 4151 3218 4202 et
3268 4146 3441 4217 tugit,
3482 4162 3630 4218 quo-

1975 4236 2134 4291 niam
2192 4251 2303 4290 non
2337 4239 2427 4290 est
2454 4233 2507 4290 ei
2537 4251 2678 4289 cura
2724 4234 2796 4290 de
2845 4234 3100 4291 ovibus?
3157 4234 3275 4291 Cur
3332 4251 3449 4290 non
3481 4235 3633 4291 istas

1974 4326 2121 4380 duas
2152 4324 2485 4379 Dominieas
2512 4339 2794 4394 verasque
2823 4324 3163 4390 sententias,
3201 4340 3380 4380 unam
3403 4322 3636 4380 scilicet

1974 4413 2075 4469 ubi
2108 4414 2246 4486 fuga
2271 4412 2488 4468 sin‘itur
2519 4417 2621 4467 aut
2652 4413 2914 4484 jubetur,
2945 4412 3192 4469 alteram
3224 4413 3324 4469 ubi
3356 4413 3634 4485 arguitur

1894 4529 1941 4593 Ι)
1974 4507 2147 4574 atque
2203 4501 2493 4593 culpatur,
2536 4501 2630 4556 hic
2682 4500 3014 4593 intelligere
3058 4502 3317 4593 student,
3364 4508 3431 4557 ut
3477 4502 3636 4593 inter

1977 4609 2039 4647 se
2069 4608 2185 4646 non
2218 4589 2583 4663 reperiantur
2611 4605 2739 4646 esse
2765 4591 3090 4657 contrarias,
3122 4592 3275 4647 sicut
3303 4608 3421 4647 non
3454 4590 3635 4647 sunt?

1980 4681 2049 4735 Et
2077 4679 2185 4734 hoc
2236 4680 2527 4751 quomodo
2559 4680 2845 4751 reperitur
2875 4679 2992 4735 nisi
3050 4680 3406 4746 attendatur,
3468 4679 3635 4751 quod

1971 4770 2097 4840 jam
2131 4767 2401 4840 superius
2450 4768 2768 4840 disputavi,
2821 4772 2963 4824 tunc
2998 4769 3070 4825 de
3125 4768 3271 4825 locis
3302 4769 3360 4824 in
3410 4769 3637 4842 quibus

1978 4875 2207 4928 sumus,
2270 4862 2569 4929 premente
2624 4858 3029 4929 persecutione
3080 4858 3423 4930 fugiendum
3493 4874 3633 4915 esse

1977 4947 2189 5003 Christi
2240 4946 2543 5010 ministris,
2588 4947 2820 5016 quando
2877 4946 2955 5001 ibi
3012 4946 3177 5019 plebs
3235 4947 3450 5002 Christi
3502 4962 3629 5002 non

1978 5038 2153 5094 fuerit
2174 5036 2267 5091 cui
2300 5036 2702 5103 ministretur;
2759 5040 2861 5091 aut
2890 5036 3067 5091 etiam
3098 5036 3293 5103 fuerit,
3340 5041 3398 5091 et
3426 5041 3634 5107 potest

1977 5125 2207 5197 impleri
2240 5142 2343 5197 per
2370 5126 2516 5181 alios
2548 5124 2951 5181 necessarium
2967 5124 3385 5193 ministerium,
3409 5124 3640 5196 quibus

1979 5216 2182 5270 eadem
2235 5231 2349 5270 non
2398 5218 2489 5270 est
2542 5230 2720 5269 causa
2768 5213 3067 5286 fugiendi:
3127 5215 3281 5269 sicut
3318 5215 3376 5269 in
3426 5219 3639 5286 sporta

1978 5303 2312 5360 submissus
2345 5302 2493 5376 fugit
2521 5303 2858 5375 Apostolus,
2883 5319 3016 5359 cum
3049 5319 3084 5358 a
3110 5307 3481 5375 persecutore
3501 5303 3635 5375 ipse

1980 5394 2213 5466 proprie
2248 5397 2624 5465 quaereretur,
2684 5392 2815 5449 aliis
2846 5392 3047 5463 utique
3105 5391 3516 5447 necessitatem
3548 5390 3637 5446 si-

1980 5519 2102 5574 haec
2136 5535 2244 5573 vox
2272 5534 2451 5589 quam
2480 5517 2904 5572 emendandam
2937 5516 3286 5589 autumabat
3332 5514 3628 5589 Canisius,

1978 5590 2195 5725 persia?
2207 5586 2681 5725 apiscginsensum
2697 5589 3109 5664 episcoporum
3121 5586 3465 5664 eligentium
3486 5586 3635 5679 prc-

2175 5701 2189 5723 .
2268 5680 2303 5722 Α
2383 5703 2399 5727 .
