4012 6198
306 366 456 431 1093

1351 364 2069 432 MARTYROLOGIUM.
2101 402 2181 415 —
2210 365 2419 431 MENS
2465 362 2660 431 MAll.

3543 362 3699 455 109g

317 502 514 560 milem
542 518 657 558 non
688 502 1061 571 habentibus,
1096 519 1128 557 a
1150 503 1364 574 quibus
1392 501 1513 558 illic
1544 502 1939 559 ministerium
1972 506 2025 571 Α
2054 502 2310 574 gemitus
2343 502 2633 566 omnium,
2667 505 2723 557 et
2752 497 3142 571 quorumdam
3177 501 3397 570 quanta
3425 500 3699 573 blasphe-

307 593 457 649 absit
481 597 546 648 ut
574 593 939 648 desereretur
968 590 1266 658 Ecclesiae;
1292 591 1443 647 sicut
1497 592 1650 663 fugit
1704 598 1943 647 sanctus

304 681 656 737 Athanasius
709 680 1135 737 Alexandrinus
1187 681 1518 753 episcopus,
1588 698 1721 736 cum
1808 698 1944 736 eum

307 770 634 842 specialiter
653 770 1086 842 apprehendere
1115 771 1494 826 Constantius
1547 776 1784 841 cuperet
1836 771 1943 824 im-

314 864 564 931 perator,
613 875 984 930 nequaquam
1045 876 1078 914 a
1109 859 1332 915 caeteris
1380 858 1668 915 ministris
1715 860 1946 914 deserta

304 947 467 1020 plebe
496 947 779 1003 catholica
818 965 946 1019 quas
1004 948 1059 1002 in
1109 948 1460 1003 Alexandria
1515 951 1945 1003 commanebat.

312 1050 452 1101 Cum
484 1048 680 1101 autem
703 1044 868 1117 plebs
902 1050 1102 1100 manet
1131 1051 1187 1101 et
1242 1045 1498 1100 ministri
1551 1046 1803 1116 fugiunt,
1838 1045 1947 1099 mi-

305 1134 730 1205 nisteriumque
762 1135 1145 1200 subtrahitur,
1201 1134 1343 1205 quid
1402 1133 1510 1188 erit
1567 1134 1679 1187 nisi
1738 1149 1949 1188 merce-

305 1222 535 1279 narium
567 1222 671 1278 illa
701 1223 839 1294 fuga
860 1222 1234 1288 damnabilis,
1270 1223 1487 1294 quibus
1519 1239 1633 1277 non
1667 1228 1755 1277 est
1810 1238 1950 1277 cura

306 1312 375 1367 de
407 1311 661 1367 ovibus?
718 1310 926 1366 Veniet
982 1310 1137 1366 enim
1199 1310 1389 1382 lupus,
1444 1327 1558 1365 non
1616 1310 1811 1380 homo,
1846 1309 1949 1365 sed

306 1400 595 1467 diabolus,
629 1400 730 1471 qui
762 1399 1106 1472 plerumque
1137 1399 1338 1455 fideles
1367 1404 1664 1470 apostatas
1677 1415 1808 1455 esse
1829 1414 1953 1471 per-

307 1489 511 1554 suasit,
543 1489 762 1560 quibus
793 1489 1201 1560 quotidianum
1234 1488 1629 1544 ministerium
1662 1486 1950 1543 Dominici

308 1576 563 1648 corporis
592 1577 818 1643 defuit;
853 1580 909 1631 et
964 1575 1178 1647 peribit
1232 1576 1504 1632 infirmus
1562 1577 1621 1631 in
1679 1581 1782 1631 tua
1834 1592 1949 1632 non

309 1666 573 1732 scientia,
624 1666 727 1721 sed
786 1664 1133 1737 ignorantia,
1189 1665 1386 1730 frater,
1465 1670 1699 1737 propter
1773 1680 1949 1737 quem

306 1754 571 1810 Christus
602 1759 873 1809 mortuus
902 1758 1011 1810 est.
1046 1754 1207 1819 Quod
1240 1758 1436 1809 autem
1468 1755 1539 1809 ad
1586 1771 1685 1809 eos
1747 1755 1953 1809 attinet

2053 592 2172 646 mia
2202 592 2271 645 de
2304 591 2569 645 absentia
2619 590 3079 644 ministeriorum
3135 595 3191 643 et
3246 587 3695 644 ministrorum!

2053 680 2197 733 Vide
2229 679 2362 750 quid
2400 680 2571 733 iaciat
2602 678 2889 733 malorum
2922 676 3331 748 temporalium
3390 677 3589 743 timor,
3646 683 3704 733 et

2054 773 2275 832 quanta
2304 766 2364 820 in
2396 784 2462 822 eo
2513 768 2589 821 sit
2638 766 2944 837 acquisitio
2994 765 3281 821 malorum
3330 770 3700 821 aeternorum.

2056 858 2115 911 Si
2149 862 2343 911 autem
2380 855 2635 909 ministri
2683 855 2899 923 adsint,
2933 872 3035 927 pro
3086 854 3308 910 viribus
3355 870 3502 925 quas
3553 855 3706 911 Deus

2057 945 2142 1000 eis
2175 944 2607 1007 subministrat,
2640 943 2912 998 omnibus
2943 942 3319 999 subvenitur:
3354 942 3453 997 alii
3511 942 3701 1013 bapti-

2057 1038 2284 1103 zantur,
2345 1032 2443 1086 alii
2499 1032 2969 1103 reconciliantur,
3022 1031 3166 1086 nulli
3224 1031 3511 1087 Dominici
3580 1048 3705 1087 cor-

2059 1124 2216 1195 poris
2248 1120 2660 1177 communione
2684 1120 3059 1187 fraudantur,
3083 1137 3287 1175 omues
3305 1119 3702 1187 consolantur,

2059 1211 2420 1266 aedificantur
2449 1215 2505 1265 et
2534 1209 2934 1274 exhortantur,
2970 1214 3033 1263 ut
3078 1209 3261 1264 Deum
3322 1214 3545 1280 rogent,
3605 1210 3705 1281 qui

2058 1303 2265 1372 potens
2295 1304 2383 1354 cst
2412 1297 2747 1369 omniaquae
2780 1297 3061 1353 timentur
3082 1303 3338 1354 avertere
3363 1316 3376 1363 ;
3411 1297 3600 1369 parati
3631 1299 3704 1354 ad

2057 1395 2395 1460 utrumque,
2432 1392 2496 1441 ut
2525 1386 2572 1441 si
2607 1403 2720 1442 non
2755 1391 2941 1458 potest
2986 1386 3235 1442 transire
3285 1386 3357 1441 ab
3417 1388 3501 1442 eis
3558 1386 3708 1443 calix

2059 1478 2187 1548 iste,
2222 1477 2324 1531 ﬁat
2354 1475 2619 1532 voluntas
2644 1476 2772 1546 ejus
2804 1475 2901 1546 qui
2935 1474 3075 1529 mali
3119 1475 3339 1545 aliquid
3372 1492 3489 1532 non
3521 1481 3711 1548 potest

2060 1566 2222 1622 velle.
2274 1567 2437 1648 Certe
2478 1566 2603 1635 jam
2659 1563 2822 1619 vides
2871 1564 3024 1634 quod
3080 1563 3400 1635 scripseras
3478 1569 3535 1620 te
3591 1582 3708 1622 non

2060 1656 2274 1725 videre,
2309 1659 2592 1724 quantum
2625 1652 2760 1707 boni
2794 1657 3232 1724 consequantur
3289 1652 3486 1724 populi
3546 1653 3706 1710 Chri-

2061 1744 2256 1812 stiani,
2276 1749 2334 1798 et
2365 1743 2425 1796 in
2450 1742 2833 1812 prresentibus
2863 1741 3036 1796 malis
3067 1758 3182 1796 non
3228 1741 3314 1797 eis
3372 1742 3523 1797 desit
3574 1760 3713 1814 pras-

309 1844 407 1915 qui
439 1843 497 1897 in
528 1842 638 1898 hac.
668 1859 729 1898 re
759 1860 875 1898 non
908 1842 1191 1897 falluntur
1218 1860 1433 1908 errore,
1479 1844 1580 1898 scd
1640 1843 1951 1899 formidine
1983 1869 2031 1933 B
2064 1833 2251 1889 sentia
2281 1832 2683 1887 ministrorum
2716 1829 2975 1933 Chrisli‘:
3013 1847 3261 1901 quorum
3312 1830 3474 1886 vides
3533 1831 3709 1886 ctiam

306 1936 695 2004 superantur:
730 1948 911 2003 quare
935 1948 1047 1987 non
1083 1932 1276 2004 potius
1306 1936 1509 1987 contra
1555 1949 1730 1987 suum
1780 1930 1949 1986 timo-

308 2038 450 2088 rem,
485 2021 725 2076 Domino
755 2021 1071 2075 miserante
1100 2026 1277 2092 atque
1333 2021 1666 2090 adjuvante,
1730 2020 1955 2075 fortiter

309 2110 611 2180 dimicant,
665 2125 735 2163 ne
791 2108 946 2167 mala
998 2108 1126 2164 sine
1183 2109 1617 2180 comparatione
1667 2109 1949 2181 graviora,

308 2214 435 2268 quae
467 2196 652 2254 multo
681 2197 938 2269 amplius
980 2202 1122 2253 sunt
1176 2198 1499 2263 tremenda,
1560 2198 1954 2269 contingant?

311 2296 436 2351 Fiat
467 2296 571 2351 hoc
602 2295 700 2350 ubi
732 2295 831 2350 Dei
862 2295 1118 2351 charitas
1152 2295 1377 2366 flagrat,
1431 2312 1547 2350 non
1604 2295 1808 2350 mundi
1860 2311 1954 2349 cu-

312 2383 525 2456 piditas
556 2383 764 2438 fumat.
797 2383 1063 2439 Charitas
1084 2383 1241 2438 enim
1265 2384 1407 2438 dicit
1427 2386 1594 2455 :Quz’s
1613 2386 1952 2454 inﬁrmatur,

312 2477 364 2528 et
408 2488 504 2541 ego
559 2488 670 2528 non
710 2472 1010 2541 inﬁrmor?
1066 2473 1196 2540 Quis
1250 2472 1688 2534 scandalizatur.
1749 2480 1801 2527 et
1860 2489 1955 2541 ego

311 2577 422 2617 non
450 2561 704 2632 uror?(l
736 2560 857 2617 Cor.
884 2562 1004 2631 σπι.)
1066 2562 1177 2617 Sed
1236 2562 1491 2617 charitas
1548 2579 1616 2618 ex
1675 2567 1788 2617 Deo
1845 2567 1953 2617 est.

313 2650 558 2707 Oremus
589 2668 725 2724 ergo
758 2655 820 2705 ut
866 2651 939 2706 ab
988 2650 1088 2705 illo
1132 2651 1321 2719 detur,
1354 2668 1387 2706 a
1418 2668 1533 2723 quo
1569 2652 1851 2721 jubetur;
1902 2656 1959 2705 ct

314 2757 416 2812 per
445 2739 595 2795 hanc
620 2739 808 2812 magis
849 2739 1168 2795 timeamus
1197 2756 1268 2794 ne
1324 2756 1458 2795 oves
1516 2739 1729 2794 Christi
1780 2739 1957 2811 spiri-

203 2889 213 2907 δ
312 2828 490 2884 tualis
519 2829 791 2899 nequitia:
834 2828 1026 2899 gladio
1074 2828 1133 2883 in
1193 2829 1384 2895 corde,
1443 2844 1621 2899 quam
1680 2846 1751 2884 ne
1808 2831 1957 2884 ferro

311 2916 370 2971 in
402 2933 640 2989 corpore
668 2917 1060 2982 trucidentur,
1092 2915 1212 2982 ubi,
1250 2918 1506 2988 quando,
1538 2934 1673 2972 cum
1719 2918 1956 2990 quibus,

313 3022 664 3078 quocunque
691 3006 899 3062 mortis
919 3022 1130 3078 genere
1163 3005 1430 3061 morituri
1462 3012 1620 3061 sunt.
1664 3006 1847 3077 Magis
1883 3006 1957 3061 ti-

316 3110 583 3149 meamus
614 3110 707 3159 ne,
740 3110 915 3149 sensu
948 3093 1219 3148 interiore
1262 3099 1553 3164 corrupto,
1614 3101 1811 3165 pereat
1866 3111 1959 3149 ca-

316 3182 486 3237 stitas
543 3181 699 3249 ﬁdei,
760 3198 934 3252 quam
994 3197 1067 3236 ne
1119 3181 1346 3236 feminae
1393 3180 1673 3236 violenter
1728 3187 1961 3237 constu-

318 3276 565 3343 prentur
595 3270 654 3325 in
686 3287 896 3325 carne:
931 3272 1069 3341 quia
1098 3268 1371 3324 violentia
1398 3285 1514 3324 non
1540 3269 1793 3325 violatur
1854 3288 1958 3340 pu-

320 3357 543 3423 dicitia,
572 3358 622 3412 si
655 3362 850 3413 mente
884 3362 1183 3425 servetur;
1218 3357 1496 3427 quoniam
1531 3374 1636 3412 nec
1682 3356 1738 3410 in
1798 3375 1971 3413 carne

317 3446 591 3517 violatur,
626 3447 859 3518 quando
916 3446 1185 3502 voluntas
1244 3445 1515 3517 patientis
1566 3463 1673 3501 sua
1725 3446 1971 3518 turpiter

319 3552 495 3591 carne
531 3551 651 3591 non
710 3536 910 3606 utitur,
970 3536 1070 3590 sed
1132 3535 1257 3590 sine
1312 3535 1696 3590 consensione
1758 3535 1967 3591 tolerat

319 3624 476 3696 quod
508 3624 659 3679 alius
690 3629 977 3696 operatur.
1010 3623 1194 3695 Magis
1249 3624 1565 3678 timeamus
1614 3641 1688 3679 ne
1745 3623 1968 3696 lapides

312 3713 429 3769 vivi
458 3713 909 3785 exstinguantur
953 3713 1348 3768 deferentibus
1409 3713 1597 3781 nobis,
1656 3730 1833 3785 quam
1896 3729 1965 3768 ne

312 3802 539 3874 lapides
569 3807 625 3857 et
656 3802 816 3873 ligna
846 3806 1209 3857 terrenorum
1241 3801 1966 3872 zedificiorumincendan-

310 3896 411 3946 tur
441 3891 828 3963 praesentibus
861 3890 1050 3945 nobis.
1086 3889 1595 3962 Magistimeamus
1615 3908 1685 3946 ne
1703 3892 1965 3947 membra

305 3980 567 4051 corporis
588 3979 826 4045 Christi,
853 3979 1133 4035 destituta
1150 3978 1444 4049 spirituali
1468 3980 1642 4046 victu,
1662 3985 1904 4035 necentu
1916 3999 1960 4049 r,

311 4095 492 4152 quam
525 4078 790 4133 membra
820 4076 1078 4149 corporis
1101 4075 1283 4131 nostri
1315 4092 1596 4148 oppressa
1626 4077 1819 4133 hostili
1850 4078 1960 4132 im-

304 4173 447 4240 petu
478 4171 881 4239 torqueantur.
910 4170 1034 4221 Non
1068 4164 1206 4236 quia
1234 4164 1348 4220 ista
1379 4181 1494 4220 non
1528 4169 1666 4220 sunt
1720 4167 1959 4221 vitanda

308 4274 444 4311 cum
478 4259 746 4327 possunt,
781 4256 882 4311 sed
915 4255 1054 4326 quia
1074 4253 1266 4325 potius
1289 4258 1431 4309 sunt
1454 4255 1709 4322 ferenda,
1729 4256 1963 4326 quando

303 4345 483 4402 vitari
516 4345 643 4401 sine
673 4344 975 4416 impietate
992 4360 1104 4399 non
1126 4347 1406 4415 possunt.
1443 4343 1564 4398 Nisi
1598 4344 1743 4397 forte
1799 4345 1960 4415 quis-

311 4451 491 4507 quam
526 4433 912 4500 contenderit,
942 4450 1057 4488 non
1108 4448 1236 4488 esse
1287 4432 1627 4487 ministrum
1686 4430 1958 4504 impium,

309 4523 413 4596 qui
444 4528 584 4578 tunc
638 4522 935 4579 subtrahit
991 4520 1384 4577 ministerium
1435 4520 1631 4590 pietati
1690 4537 1960 4577 necessa-

2068 1927 2355 1995 quantum
2386 1921 2539 1975 obsit
2586 1919 2871 1989 absentia,
2914 1919 3056 1973 dum
3102 1936 3210 1974 sua
3253 1925 3541 1991 quaerunt,
3599 1938 3714 1977 non

2063 2028 2189 2083 quae
2219 2011 2360 2065 Jesu
2391 2009 2635 2076 Christi;
2696 2025 2799 2063 nec
2850 2008 3067 2063 habent
3126 2006 3286 2062 illam
3340 2006 3707 2077 charitatem,

2064 2101 2135 2154 de
2178 2116 2293 2170 qua
2352 2098 2574 2153 dictum
2632 2102 2758 2152 est:
2819 2097 2934 2151 Non
2991 2098 3193 2167 qiuari!
3250 2111 3376 2167 quae
3425 2114 3530 2153 sua
3585 2107 3717 2153 sunt

2063 2190 2109 2259 (ι
2145 2188 2265 2243 Cor.
2300 2189 2439 2257 xu);
2483 2186 2952 2241 neoimitantur
3008 2202 3141 2240 eum
3204 2185 3303 2255 qui
3355 2185 3531 2241 dixit:
3598 2188 3718 2242 Non

2064 2293 2315 2347 quaerens
2341 2276 2480 2346 quod
2509 2277 2649 2330 mihi
2676 2276 2831 2342 utile,
2857 2274 2949 2329 sed
2987 2274 3128 2345 quod
3180 2273 3396 2345 multis,
3457 2280 3517 2330 ut
3571 2277 3719 2333 salvi

2062 2366 2206 2437 ﬁant
2236 2367 2425 2437 (lCor.
2470 2364 2546 2435 κ).
2600 2364 2708 2429 Qui
2757 2363 2932 2418 etiam
2986 2364 3377 2434 persecutoris
3432 2364 3716 2437 principis

2066 2454 2227 2509 illius
2259 2453 2501 2509 insidias
2547 2470 2661 2507 non
2705 2452 2973 2524 fugisset,
3034 2451 3146 2507 nisi
3206 2468 3267 2507 se
3320 2452 3453 2508 aliis
3503 2454 3721 2525 quibus

2066 2542 2432 2598 necessarius
2462 2546 2605 2608 erat,
2635 2558 2865 2596 servare
2913 2538 3213 2596 voluisset.
3265 2541 3505 2614 Propter
3561 2544 3721 2615 quod

2066 2631 2183 2686 ait:
2218 2632 2526 2703 Compellor
2572 2639 2874 2685 autemiex
2928 2629 3157 2696 duobus,
3221 2635 3724 2703 concupiscentiam

2068 2722 2269 2776 habens
2302 2720 2551 2791 dissolvi,
2612 2728 2662 2775 et
2712 2735 2828 2774 esse
2878 2736 3003 2774 cum
3062 2718 3293 2787 Christo,
3348 2722 3518 2777 multo
3572 2723 3719 2777 enim

2065 2812 2242 2879 magis
2271 2811 2574 2880 Optimum;
2607 2824 2832 2863 manere
2885 2817 3070 2863 autem
3113 2810 3177 2863 in
3225 2826 3411 2877 carne,
3470 2827 3721 2866 necessa-

2065 2900 2215 2953 rium
2231 2907 2459 2969 propter
2486 2914 2576 2953 vos
2603 2897 2875 2967 (Philipp.
2940 2898 3001 2968 1).
3061 2897 3166 2952 Hic
3219 2904 3415 2954 autem
3475 2900 3724 2956 formabo

2067 2987 2201 3060 quis
2227 2987 2435 3051 discat,
2469 2986 2598 3041 ideo
2630 2986 2837 3041 debere
2864 2986 3062 3057 fugere
3094 2986 3394 3043 ministros
3430 2989 3524 3044 Dei
3584 2989 3724 3045 tali-

2068 3078 2178 3132 bus
2211 3075 2659 3131 imminentibus
2692 3074 2885 3141 malis,
2921 3078 2984 3129 ut
3014 3092 3077 3130 se
3094 3092 3198 3147 pro
3231 3076 3479 3132 utilitate
3529 3078 3723 3135 Eccle-

2069 3166 2165 3218 siae
2198 3165 2562 3235 temporibus
2594 3163 3106 3234 tranquillioribus
3136 3170 3386 3220 servent.
3416 3167 3590 3223 Rectc
3617 3168 3726 3225 hoc

2074 3252 2141 3305 fit
2168 3269 2202 3306 a
2232 3252 2607 3323 quibusdam,
2644 3252 2877 3322 quando
2909 3268 3024 3305 non
3052 3254 3266 3307 desunt
3297 3252 3395 3307 alii
3432 3272 3533 3324 per
3577 3273 3727 3326 quos

2080 3339 2425 3411 suppleatur
2454 3338 2919 3394 ecclesiasticum
2952 3339 3369 3409 ministerium,
3392 3358 3463 3397 ne
3496 3344 3568 3398 ab
3600 3360 3727 3400 om-

2080 3428 2254 3483 nibus
2285 3428 2607 3493 deseratur,
2660 3427 2814 3499 quod
2858 3426 3061 3482 fecisse
3110 3428 3498 3486 Athanasium
3545 3449 3730 3505 supra

2079 3517 2372 3572 diximus:
2410 3533 2543 3570 nam
2578 3532 2753 3587 quam
2790 3516 3185 3571 necessarium
3220 3518 3393 3574 fuerit
3433 3521 3723 3590 Ecclesia,

2078 3609 2485 3678 quantumque
2540 3605 2839 3677 profuerit,
2895 3604 3051 3676 quod
3112 3605 3203 3660 vir
3250 3606 3346 3662 ille
3397 3612 3617 3665 mansit
3667 3612 3727 3666 in

2076 3711 2268 3764 carne,
2294 3693 2583 3749 catholica
2614 3694 2753 3748 fides
2776 3693 2953 3763 novit,
2987 3711 3114 3766 quas
3149 3696 3428 3751 adversus
3476 3699 3726 3755 Arianos

2076 3784 2379 3838 hareticos
2401 3799 2498 3838 ore
2529 3781 2685 3837 illius
2717 3786 2772 3837 et
2824 3799 3023 3838 amore
3081 3784 3328 3839 defensa
3393 3790 3500 3841 est.
3537 3809 3563 3834 ››
3615 3787 3734 3843 Hoc

2090 3872 2440 3928 breviarium
2495 3874 2679 3927 sancti
2738 3871 2928 3926 Patris
2985 3872 3288 3928 Athanasii
3321 3890 3499 3929 causa
3550 3875 3646 3931 hic
3702 3894 3735 3933 a

2074 3962 2243 4017 nobis
2275 3961 2553 4032 positum,
2588 3976 2891 4031 magnum,
2925 3966 2990 4014 ut
3019 3961 3211 4029 credo,
3238 3960 3567 4033 legentibus
3590 3981 3735 4020 con-

2074 4051 2215 4106 feret
2261 4048 2749 4115 emolumentum,
2798 4054 2854 4102 et
2905 4050 2977 4104 ad
3044 4048 3461 4121 inquirendum
3533 4058 3723 4110 totum

2071 4139 2214 4193 illud
2239 4137 2610 4209 Opusculum,
2640 4137 2949 4193 dulcedine
2968 4138 3061 4193 sui
3086 4140 3725 4211 priebebitincitamen-

2071 4232 2224 4284 tum.
3382 4252 3387 4255 -

2146 4334 2219 4388 III
2252 4338 2388 4387 KAL.
2422 4333 2558 4388 Jun.
2593 4364 2660 4373 —
2693 4332 2891 4389 Romae
2927 4333 3020 4388 via
3047 4333 3301 4403 Aurelia,
3351 4334 3410 4389 in
3450 4340 3728 4393 cosmete-

2073 4424 2181 4493 rio,
2205 4422 2391 4478 sancti
2421 4421 2625 4477 Felicis
2660 4438 2841 4494 papae.
2893 4422 2997 4486 Qui
3033 4438 3166 4476 cum
3225 4440 3412 4479 annos
3466 4424 3731 4497 quinque

2072 4512 2315 4568 rexisset
2338 4510 2656 4565 Ecclesiam
2689 4510 2798 4565 sub
2830 4509 3069 4565 Claudio
3102 4510 3387 4584 principe,
3445 4514 3726 4584 martyrio

311 4612 468 4668 rium
500 4613 735 4684 quando
766 4610 953 4683 magis
991 4615 1083 4666 est
1134 4610 1518 4665 necesarium.
1552 4613 1634 4664 An
1699 4628 1813 4665 non
1872 4628 1965 4666 co-
1997 4606 2043 4670 D
2075 4604 2386 4657 coronatus
2420 4603 2527 4653 est.
2563 4598 2665 4651 Hic
2697 4598 3010 4653 constituit
3040 4616 3218 4671 super
3240 4602 3556 4658 memorias
3577 4619 3732 4658 mar-

306 4702 591 4773 gitamus,
622 4717 757 4756 cum
791 4701 861 4755 ad
896 4699 1142 4755 istorum
1174 4698 1565 4771 periculorum
1626 4700 1961 4769 pervenitur

309 4794 592 4857 extrema,
628 4805 733 4843 nec
764 4793 854 4844 est
892 4793 1149 4861 potestas
1188 4787 1309 4843 ulla
1366 4786 1647 4858 fugiendi,
1705 4794 1963 4859 quantus

282 4877 366 4937 .in
404 4877 662 4933 Ecclesia
692 4877 814 4933 fieri
847 4877 1030 4933 soleat
1058 4877 1130 4933 ab
1163 4881 1413 4948 utroque
1458 4893 1596 4932 sexu
1657 4881 1832 4949 atque
1891 4879 1963 4933 ab

305 4966 473 5022 omni
506 4971 674 5022 aetate
706 4983 1065 5035 concursus;
1100 4966 1231 5021 aliis
1276 4964 1638 5036 baptismum
1698 4966 1963 5037 ﬂagitan-

304 5055 491 5121 tibus,
524 5055 654 5111 aliis
687 5055 1239 5124 reconciliationem,
1273 5053 1405 5109 aliis
1436 5053 1614 5109 etiam
1675 5053 1963 5124 paeniten-

302 5143 403 5199 tiae
459 5144 647 5216 ipsius
706 5146 1013 5211 actionem,
1075 5144 1352 5200 omnibus
1399 5141 1858 5198 consolationem
1911 5146 1967 5197 et

308 5246 815 5297 sacramentorum
848 5240 1266 5297 confectionem
1300 5245 1359 5295 et
1387 5238 1803 5312 erogationem.
1860 5238 1965 5293 Ubi

307 5330 361 5385 si
396 5330 654 5385 ministri
677 5329 888 5400 desint,
924 5320 1210 5401 quantum
1243 5328 1485 5382 exitium
1541 5327 1810 5398 sequitur
1867 5344 1965 5384 eos

314 5417 421 5488 qui
453 5418 524 5473 de
555 5418 666 5473 isto
699 5417 910 5473 saeculo
957 5418 1043 5472 vel
1082 5434 1195 5471 non
1250 5415 1570 5487 regenerati
1625 5423 1837 5471 exeunt
1877 5416 1964 5471 vel

309 5503 522 5575 ligatil
558 5508 823 5572 Quantus
856 5512 945 5561 est
965 5505 1140 5560 etiam
1170 5504 1364 5559 luctus
1397 5502 1657 5557 fidelium
1711 5506 1782 5560 de
1837 5523 1964 5578 per-

312 5591 539 5649 ditione
571 5593 823 5651 ﬁliorum
855 5611 1119 5664 suorum,
1176 5592 1275 5666 qui
1324 5608 1422 5649 eos
1475 5608 1675 5648 secum
1731 5593 1790 5648 in
1840 5595 1964 5650 vitae

312 5684 550 5752 aeternis
581 5684 781 5769 requie
821 5701 936 5745 non
1002 5681 1338 5745 habebunt!
1392 5681 1658 5752 Quantus
1715 5681 1968 5762 denique

2070 4694 2263 4762 tyrum
2299 4687 2514 4742 missas
2545 4685 2845 4741 celebrari.

2146 4778 2206 4833 In
2232 4774 2551 4840 Antiochia,
2578 4779 2914 4829 sanctorum
2938 4775 3336 4852 Isychii[Syci]
3367 4783 3423 4835 et
3448 4780 3722 4851 Palatini,

2073 4867 2195 4938 qui,
2232 4869 2295 4919 ut
2322 4864 2379 4919 S.
2416 4864 2804 4935 Hieronymus
2835 4864 3058 4927 scribit,
3082 4865 3575 4923 multatormenta
3597 4885 3727 4941 pro-

2074 4961 2201 5028 pter
2232 4969 2442 5008 nomen
2476 4951 2687 5007 Cbristi
2713 4958 2851 5006 sunt
2882 4953 3061 5023 passi.

2144 5041 2433 5098 Turribus
2463 5039 2763 5109 Sardiniae,
2788 5046 3125 5097 sanctorum
3160 5050 3490 5117 martyrum
3523 5046 3731 5101 Gabini

2073 5137 2130 5188 et
2160 5128 2432 5201 Crispuli.

2148 5221 2209 5275 In
2234 5217 2596 5285 Nicomedia,
2618 5218 2939 5273 multorum
2974 5225 3317 5293 martyrum.

2149 5328 2345 5383 PRIDIE
2378 5324 2514 5378 KAL.
2546 5324 2683 5379 Jux.
2710 5332 2777 5363 —’—
2801 5324 2993 5379 Romae
3010 5326 3279 5384 nativitas
3298 5334 3504 5384 sanctas
3536 5330 3727 5386 Petro-

2074 5416 2237 5479 uella:
2261 5413 2527 5486 virginis,
2554 5412 2686 5467 filiae
2714 5413 2861 5468 beati
2883 5415 3314 5488 Petriapostoli.
3342 5419 3526 5482 Quam
3579 5420 3725 5492 ipse,

2076 5504 2418 5577 rogantibus
2450 5501 2742 5569 fidelibus,
2776 5521 2809 5557 a
2839 5502 3351 5578 paralysicuravit,
3372 5509 3473 5563 sed
3506 5525 3640 5565 mox
3665 5515 3728 5565 ut

2075 5591 2343 5653 sanitatis
2377 5586 2726 5645 miraculum
2760 5590 2816 5644 in
2836 5590 3049 5648 Christi
3081 5594 3318 5650 nomine
3349 5596 3625 5666 ostendit,
3647 5598 3721 5656 ad

2075 5684 2387 5763 grabatum
2416 5694 2546 5739 eam
2569 5676 2780 5739 salutis
2809 5679 3230 5763 animaegratiaa
3251 5683 3441 5746 redire
3470 5686 3715 5770 manda:
