4012 6198
345 289 507 352 1095

1245 279 1318 343 Β.
1364 279 1712 344 NOTKERI
1756 278 2092 343 BALBULl
2138 282 2206 343 S.
2253 280 2476 344 GALLI
2520 281 2880 344 MONACHI

3604 277 3783 342 1096

342 424 438 478 vit.
475 424 544 476 At
574 419 671 475 ubi
703 418 764 473 in
795 417 896 474 Dei
927 416 1135 472 timore
1163 432 1244 471 cce
1261 415 1344 487 pit
1374 431 1502 470 esse
1543 413 1819 486 perfecta,
1881 431 1995 468 non
2026 416 2074 479 A
2181 418 2325 469 Item
2361 416 2554 470 Romae
2578 420 2811 470 centum
2845 413 3780 486 octogintamartyrum,etmulto

344 511 535 568 solum
567 509 695 580 ipsa
725 507 884 562 salva
914 505 1068 560 facta
1098 509 1205 574 est,
1237 521 1444 560 verum
1490 503 1665 558 etiam
1724 502 1996 573 plurimis

342 601 650 656 sanitatem
682 595 1044 666 recuperavit
1074 594 1436 649 orationibus
1470 593 1611 648 suis.
1632 591 1996 661 Quam,quia

341 689 520 743 nimis
550 691 674 742 erat
701 684 984 756 speciosa,
1022 683 1260 738 Flaccus
1293 699 1490 737 comes
1516 698 1622 736 suo
1654 679 1837 735 voluit
1865 697 1996 735 con-

329 778 497 849 jugio
521 775 749 832 sociari.
782 775 890 829 Sed
918 779 1121 829 sancta
1150 773 1332 844 virgo,
1370 764 1675 826 triduanas
1695 770 1766 824 ab
1809 787 1875 825 eo
1893 786 1994 839 pe-

346 872 474 922 tens
505 863 790 934 inducias,
825 880 958 918 cum
984 861 1235 916 Felicula
1265 860 1620 916 collectanea
1651 875 1779 927 sua,
1831 874 1994 928 mque

349 954 724 1011 sanctissima
751 952 991 1025 virgine,
1009 956 1197 1007 totum
1216 949 1358 1004 illud
1373 948 1706 1020 spatiumin
1746 946 1994 1018 jejuniis

344 1049 400 1099 et
415 1042 778 1099 orationibus
801 1058 864 1096 ex
875 1040 1132 1113 plevit,et
1147 1039 1482 1095 venientes.
1506 1037 1815 1092 Nicomede
1835 1052 1993 1107 pres-

345 1135 544 1204 bytero
565 1137 620 1187 et
641 1131 858 1186 Christi
886 1129 1165 1201 mysteria
1181 1128 1528 1193 celebrante,
1552 1142 1684 1182 mox
1707 1130 1769 1180 ut
1802 1125 1992 1180 Domi-

342 1223 457 1278 nici
491 1222 750 1294 corporis
777 1224 833 1275 et
856 1219 1162 1290 sanguinis
1185 1222 1551 1272 sacramenta
1584 1214 1859 1286 percepit,
1921 1213 1992 1268 ad

346 1312 560 1386 gaudia
589 1317 805 1366 aeterna
844 1307 1134 1379 migravit.

414 1403 629 1457 Eodem
644 1400 734 1455 die
748 1398 901 1470 apud
923 1396 1253 1467 Aquileiam
1269 1393 1462 1466 passio
1494 1397 1830 1448 sanctorum
1848 1392 1992 1446 Can-

343 1492 430 1556 tii,
461 1489 726 1545 Cantiani
758 1492 814 1542 et
842 1485 1201 1541 Cantianillae
1228 1485 1499 1548 fratrum,
1532 1481 1632 1552 qui
1665 1481 1992 1552 imperante

342 1579 697 1636 Diocletiano
731 1574 993 1647 martyrii
1025 1573 1115 1629 sui
1149 1590 1389 1628 cursum
1413 1573 1987 1626 consummaverunt.

412 1668 699 1723 Turribus
731 1665 1036 1730 Sardiniae,
1054 1665 1112 1717 S.
1137 1661 1549 1718 Crescentiani.

417 1759 476 1811 In
510 1755 807 1826 Hispania,
832 1752 1056 1807 civitate
1087 1752 1376 1819 Gerunda,
1409 1749 1705 1814 Germani,
1737 1747 1958 1801 Victuri

342 1845 593 1917 Sylvani,
630 1841 1276 1914 Tcleaphori,Victorini
1304 1845 1359 1895 et
1381 1839 1628 1896 aliorum
1643 1836 1984 1892 multorum.

1026 2036 1301 2093 JUNIUS.

345 2170 560 2235 Mensis
624 2167 838 2227 Junius
923 2162 1091 2223 kabet
1172 2162 1292 2221 dies
1357 2179 1497 2220 xxx.
1593 2160 1676 2220 Et
1733 2159 1792 2217 z’n
1885 2157 1988 2216 hoc

423 2268 633 2322 mense,
696 2244 1051 2307 hebdomade
1114 2241 1388 2314 secunda,
1483 2242 1597 2300 erit
1668 2236 1986 2299 celebratio

424 2331 826 2407 Jeium'orum.

416 2503 550 2557 ΚΑΙ..
573 2501 708 2556 JUN.
737 2497 1015 2552 -—Romae
1047 2492 1332 2549 dedicatio
1357 2493 1414 2546 S.
1444 2489 1777 2545 Nicomedis
1828 2504 1988 2560 pres-

344 2591 528 2664 byteri
559 2593 615 2644 et
645 2585 937 2658 martyris,
971 2584 1140 2654 cujus
1201 2581 1542 2652 martyrium
1602 2595 1718 2634 xvu
1768 2577 1988 2632 Kalend

345 2679 544 2736 Octob.
579 2675 920 2732 celebratur.
1713 2741 1725 2754 .

420 2771 563 2824 Item
583 2766 778 2821 Romae
809 2760 1080 2818 nativitas
1112 2759 1294 2831 Lyciae
1327 2759 1596 2826 [Luceiae]
1628 2756 1874 2826 virginis
1933 2757 1990 2809 et

345 2857 570 2920 Auceiae
599 2854 751 2927 regis
782 2852 1185 2913 barbarorum,
1204 2848 1428 2919 Rogati,
1449 2845 1742 2914 Germani,
1760 2842 1988 2914 Sylvani

351 2965 481 3003 cum
515 2944 647 2999 aliis
678 2941 811 3012 plus
840 2955 1019 3009 quam
1052 2935 1346 2990 trecentis.

421 3037 480 3089 In
505 3028 924 3087 Thessalonica
946 3025 1220 3080 nativitas
1251 3022 1437 3078 sancti
1461 3021 1699 3076 Octavii.

422 3126 484 3179 In
512 3117 835 3181 Antiochia,
867 3113 1080 3170 Zosimi
1111 3117 1166 3168 et
1191 3112 1390 3166 Tecla}.

414 3212 582 3285 Apud
605 3210 924 3265 Caesaream
944 3203 1258 3258 Palaestinae
1285 3201 1478 3272 passio
1493 3201 1678 3255 sancti
1698 3196 1989 3269 Pamphili

347 3299 688 3377 presbyteri,
718 3297 826 3352 viri
858 3293 1214 3350 admirandae
1247 3291 1378 3346 fidei
1411 3295 1467 3345 et
1498 3288 1847 3344 sanctitatis.
1881 3288 1989 3350 Qui

347 3390 745 3467 persecutione
777 3383 1077 3442 Maximini
1111 3381 1386 3452 martyrio
1405 3382 1837 3435 coronatusest.
1871 3377 1989 3467 Hu-

339 3465 440 3554 jus
470 3481 648 3534 vitam
676 3474 961 3532 Eusebius
983 3470 1352 3526 Casariensis
1370 3470 1688 3554 episcopus
1711 3468 1900 3522 tribus
1921 3465 1990 3519 1i-

345 3551 469 3625 bris
495 3563 953 3638 comprehendit.
969 3562 1077 3617 Sed
1101 3565 1156 3615 et
1171 3551 1377 3614 beatus
1393 3558 1775 3628 Hieronymus
1790 3554 1994 3611 scribit

345 3659 612 3732 quaedam
643 3651 939 3710 volumina
969 3667 1148 3705 manu
1175 3649 1304 3718 ejus
1333 3651 1564 3702 exarata
1581 3663 1642 3701 se
1667 3644 1949 3716 reperisse
1975 3661 1986 3698 :

347 3771 375 3800 ‹‹
409 3749 756 3819 QuzeJanto,
788 3741 999 3812 inquit,
1035 3737 1351 3810 amplector
1381 3742 1435 3790 et
1466 3751 1628 3791 servo
1661 3733 1896 3805 gaudio,
1930 3736 1994 3786 ut

345 3837 521 3894 Crmsi
553 3852 690 3906 opes
720 3833 934 3887 habere
965 3844 1056 3882 me
1088 3827 1340 3882 credam.
1376 3825 1434 3880 Si
1465 3824 1619 3880 enim
1652 3821 1861 3876 laetitiae
1905 3825 1995 3876 est

346 3940 527 3982 unam
559 3921 866 3995 epistolam
900 3918 1114 3973 habere
1145 3916 1436 3987 martyris,
1473 3917 1690 3986 quanto
1710 3911 1994 3982 magistot

289 4063 296 4069 .
347 4013 533 4068 millia
562 4025 862 4075 versuum,
898 4024 1024 4078 quae
1059 4005 1198 4060 mihi
1238 4005 1464 4060 videtur
1493 4002 1585 4058 sui
1605 3999 1995 4073 sanguinissi-

346 4116 558 4174 gnasse
586 4097 871 4168 vestigiis.
907 4117 934 4145 ››

418 4190 634 4244 Eodem
667 4187 758 4241 die
791 4181 1078 4256 depositio
1110 4181 1294 4237 sancti
1328 4179 1587 4251 Caprasii
1615 4178 1844 4234 abbatis
1877 4193 1995 4232 mo-

347 4277 586 4334 nasterii
621 4273 963 4331 Lirinensis.

415 4368 677 4437 Viennae,
711 4361 938 4419 Claudii
970 4364 1027 4417 et
1055 4359 1304 4416 Helladii
1339 4359 1768 4430 episcoporum.

421 4457 492 4512 IV
522 4457 667 4512 NON.
697 4457 831 4508 JUN.
867 4483 932 4492 —-
967 4451 1159 4506 Romae
1183 4447 1456 4503 nativilas
1474 4450 1812 4502 sanctorum
1841 4446 1992 4500 Mar-

2106 503 2449 572 plurimum,
2483 520 2732 574 quorum
2764 503 3004 558 nomina
3030 502 3186 558 Deus
3215 502 3328 558 scit
3357 501 3546 557 solus.

2179 627 2340 698 Apud
2377 628 2721 699 Lugdunum
2778 626 3001 694 Galliae,
3031 617 3311 683 nativitas
3373 627 3781 699 quadraginta

2105 719 2233 771 octo
2265 721 2608 788 martyrum,
2641 717 3005 788 temporibus
3035 716 3212 772 Marci
3243 717 3466 772 Aurelii
3499 715 3663 781 Veri,
3718 723 3777 772 et

2107 805 2380 860 Antonini
2411 811 2586 877 atque
2608 806 2762 860 Lucii
2785 805 3039 861 ﬁliorum
3059 806 3462 877 ejus.0uando
3497 805 3773 878 permul-

2105 898 2198 948 tas
2229 894 2388 949 orbis
2421 895 2664 950 Romani
2697 895 3028 966 provincias
3059 912 3125 950 ex
3157 894 3588 951 acclamatione
3610 900 3672 950 et
3694 911 3774 951 se-

2108 981 2325 1038 ditione
2354 983 2533 1055 vulgi,
2595 985 2998 1056 persecutione
3059 986 3338 1041 adversus
3393 984 3765 1040 Christianos

2106 1080 2400 1136 dirissima
2432 1080 2732 1136 concitata:
2757 1085 2914 1149 sunt,
2950 1082 3029 1136 ita
3051 1084 3116 1136 ut
3142 1081 3330 1137 multa
3351 1081 3547 1137 millia
3562 1087 3772 1154 marty-

2105 1185 2234 1222 rum
2259 1186 2360 1240 per
2385 1168 2509 1224 loca
2539 1169 2774 1242 singula
2824 1170 3046 1225 fierent.
3100 1171 3220 1234 Quo
3252 1173 3547 1242 tempore,
3614 1173 3763 1243 apud

2104 1257 2458 1328 Lugdunum
2480 1262 2536 1313 et
2558 1257 3048 1322 Viennam,urbes
3063 1258 3434 1332 Galliae,erga
3454 1261 3557 1315 Dei
3575 1276 3764 1316 servos

2103 1362 2168 1400 su
2177 1362 2281 1416 pra
2292 1362 2464 1401 omne
2482 1347 2834 1402 narrationis
2853 1364 3036 1419 genus
3050 1347 3482 1420 suppliciorum
3498 1354 3556 1404 et
3568 1351 3759 1404 crucia

2099 1439 2268 1489 tuum
2284 1435 2492 1490 modus
2508 1434 2802 1491 exhibitus
2823 1441 2929 1505 est,
2957 1437 3037 1491 ita
3059 1441 3124 1491 ut
3155 1437 3412 1508 primum
3446 1438 3759 1493 domorum

2105 1529 2224 1584 illis
2246 1531 2651 1601 prohiberetur
2671 1532 2977 1599 habitatio,
3011 1532 3130 1587 vini
3153 1533 3362 1588 deinde
3385 1551 3531 1589 usus
3554 1538 3612 1589 et
3642 1534 3764 1589 bal-

2103 1623 2508 1692 nearum,post
2538 1621 2738 1687 etiam,
2767 1639 3078 1692 processus
3100 1622 3174 1677 ad
3205 1622 3613 1694 publicum,ad
3642 1623 3772 1678 ulti-

2109 1725 2294 1775 mum,
2326 1725 2396 1764 ne
2428 1710 2666 1764 omnino
2694 1710 2752 1764 in
2767 1709 3029 1782 quolibet
3048 1711 3174 1766 loco
3196 1711 3350 1766 domi
3373 1712 3643 1784 forisque
3667 1729 3772 1784 pu-

1969 1792 1983 1815 ’
2019 1791 2066 1855 Β
2101 1796 2252 1852 blico
2270 1798 2608 1870 privatoque
2623 1798 3503 1872 viderentur.Deniqueqaodam
3522 1807 3766 1873 tempo-

2098 1901 2156 1940 re
2172 1890 2398 1942 astante
2411 1885 2646 1943 tribuno
2660 1892 2716 1943 et
2732 1889 3089 1960 primoribus
3105 1890 3468 1962 civitatis,pro
3483 1890 3642 1946 solis
3656 1906 3760 1946 ac-

2099 1973 2554 2032 clamationibus
2585 1976 2804 2048 pepuli,
2831 1977 3082 2049 correpti
3113 1982 3170 2034 et
3200 1979 3258 2033 in
3286 1995 3563 2035 carcerem
3581 1981 3752 2036 trusi

2096 2077 2236 2127 sunt
2263 2073 2578 2128 Christiani
2600 2091 2786 2146 usque
2809 2076 2880 2130 ad
2914 2076 3289 2146 praesentiam
3319 2079 3586 2148 praesidis
3615 2077 3733 2132 Cui
3753 2109 3767 2120 -

2097 2178 2209 2232 que
2235 2163 2559 2218 advenienti
2588 2165 2930 2236 offeruntur,
2965 2166 3023 2220 in
3057 2183 3204 2238 quos
3238 2165 3334 2222 ille
3357 2170 3524 2222 tanta
3543 2169 3764 2223 crude-

2094 2249 2254 2306 litate
2284 2251 2506 2307 abusus
2537 2257 2644 2308 cst.
2679 2257 2742 2308 ut
2770 2253 3005 2309 saevitiae
3035 2256 3164 2326 ejus
3196 2256 3424 2328 species
3485 2256 3757 2329 singulas

2100 2355 2269 2394 nemo
2292 2341 2475 2411 possit
2499 2358 2802 2413 exponere.
2830 2347 2982 2398 Inter
3011 2345 3246 2400 eosdem
3277 2361 3412 2400 vero
3434 2351 3752 2417 martyres,

2095 2435 2230 2491 licet
2259 2453 2462 2493 omnes
2492 2439 2551 2492 in
2584 2439 2810 2496 Christo
2843 2441 3043 2497 ﬁdeles
3075 2448 3132 2497 et
3156 2442 3464 2498 fortissimi
3501 2443 3753 2515 fuissent

2097 2525 2338 2593 inventi,
2362 2527 2420 2581 hi
2453 2531 2648 2584 tamen
2683 2530 2754 2584 ad
2787 2536 2969 2586 Deum
2998 2536 3055 2586 et
3093 2530 3366 2588 homines
3427 2549 3752 2606 apparuere

2098 2615 2404 2687 praecipui:
2439 2617 3353 2693 Photinusvidelicetepiscopus,
3378 2623 3485 2693 qui
3502 2639 3752 2695 nonage-

2099 2704 2261 2758 naria
2291 2711 2459 2760 aetate
2489 2712 2788 2778 gravatus,
2821 2709 2962 2764 dum
2996 2710 3068 2764 ab
3097 2711 3348 2765 ecclesia
3367 2711 3438 2766 ad
3469 2710 3756 2782 tribunal,

2098 2796 2154 2847 et
2197 2811 2228 2847 a
2285 2794 2565 2850 tribunali
2624 2797 2696 2851 ad
2757 2814 3046 2853 carcerem
3107 2799 3455 2867 deferretur,
3515 2806 3574 2856 et
3633 2806 3759 2873 post

2098 2881 2312 2937 nimias
2340 2885 2524 2940 caedes
2546 2890 2602 2940 et
2617 2885 2864 2957 injurias
2884 2889 2934 2942 ei
2955 2887 3155 2956 factas,
3174 2887 3352 2960 paulo
3371 2894 3510 2961 post
3549 2891 3756 2945 incon-

2096 2971 2446 3027 taminatum
2478 2974 2659 3030 edidit
2687 2976 2960 3049 spiritum
2984 3002 2997 3044 ;
3026 2982 3083 3033 et
3102 2978 3412 3034 Zacharias
3423 2980 3756 3052 presbyter,

2096 3069 2195 3139 qui
2229 3088 2330 3142 pro
2363 3073 2701 3130 defensione
2715 3075 2958 3130 fratrum
2973 3075 3238 3148 exemplo
3252 3077 3478 3133 Christi
3495 3079 3758 3134 animam

2021 3157 2062 3223 C
2102 3173 2270 3213 suam
2303 3161 2496 3231 posuit
2521 3180 2533 3228 ;
2558 3167 2615 3216 et
2646 3163 2977 3236 Repagatus
3021 3165 3424 3238 [Epagathus],
3472 3168 3578 3238 qui
3631 3169 3758 3238 ejus

2098 3245 2422 3304 imitatione
2452 3266 2585 3304 cum
2608 3256 2761 3306 esset
2783 3252 3186 3308 nobilissimus
3208 3259 3264 3308 et
3283 3254 3754 3321 eruditissimus,

2101 3337 2266 3408 quasi
2301 3339 2611 3394 advocatus
2644 3340 3132 3410 Christianorum,
3166 3359 3269 3414 pro
3325 3344 3614 3400 omnibus
3674 3353 3759 3400 est

2102 3425 2509 3498 interemptus.
2559 3429 2845 3485 Diaconus
2894 3447 3128 3502 quoque
3169 3431 3405 3487 nomine
3466 3436 3526 3488 et
3583 3449 3758 3506 opere

2101 3520 2358 3583 sanctus,
2394 3518 2493 3588 qui
2521 3518 2804 3574 inauditis
2828 3520 3126 3576 cruciatus
3153 3523 3485 3593 tormentis,
3512 3522 3662 3578 adeo
3697 3527 3762 3577 ut

2101 3604 2372 3660 cadentes
2392 3605 2644 3661 laminas
2667 3608 2796 3662 aeris
2829 3612 2884 3662 et
2918 3608 3052 3662 ferri
3085 3625 3223 3680 erga
3249 3609 3559 3681 inguinum
3620 3611 3760 3665 loca

2101 3691 2436 3749 delicatiora
2453 3711 2696 3766 quisque
2722 3696 3121 3752 membrorum
3139 3697 3472 3753 instauratis
3497 3697 3752 3768 ignibus

2099 3794 2347 3846 tortores
2374 3792 2741 3859 adhiberent,
2775 3798 2831 3849 et
2863 3811 3039 3866 super
3067 3794 3277 3850 sellam
3320 3797 3558 3850 ferream
3613 3794 3749 3867 igni

2100 3881 2403 3950 supposito
2434 3880 2804 3951 collocarent,
2832 3899 2936 3938 nec
2965 3889 3162 3939 tamen
3193 3901 3326 3940 eum
3359 3883 3760 3940 afideChristi

2101 3967 2401 4024 deﬂectere
2421 3969 2698 4039 valerent,
2749 3988 2883 4026 cum
2930 3972 3114 4027 Attalo
3171 3978 3228 4028 et
3283 3973 3539 4042 Maturo,
3586 3975 3766 4030 caesis

2100 4057 2249 4112 ferro
2291 4057 2633 4130 cervicibus,
2695 4061 2956 4131 martyrii
3015 4061 3273 4132 palmam
3332 4063 3530 4134 adepti
3591 4069 3765 4120 sunt.

2101 4154 2386 4210 Blandina
2406 4156 2580 4211 etiam
2605 4157 2870 4227 quadam
2898 4157 3135 4226 femina,
3167 4161 3337 4230 cujus
3369 4161 3774 4216 teneritudiui

2101 4260 2305 4300 omnes
2336 4250 2689 4300 metuerent:
2724 4246 2816 4300 cui
2844 4263 2877 4301 a
2907 4246 3245 4318 primaIuce
3277 4265 3464 4320 usque
3507 4251 3580 4304 ad
3644 4266 3780 4307 ves-

2102 4349 2299 4404 peram
2327 4338 2618 4389 tormenta
2646 4350 2878 4406 semper
2926 4336 3290 4405 innovantes,
3340 4339 3412 4392 ad
3473 4338 3779 4395 ultimum

2101 4421 2282 4477 victos
2313 4439 2375 4478 se
2400 4427 2646 4479 tortores
2679 4425 3058 4493 confitentur;
3088 4443 3215 4498 quae
3247 4431 3303 4482 et
3332 4429 3593 4483 secundo
3630 4428 3782 4502 pul-

349 4545 541 4601 cellini
570 4541 910 4617 presbyteri,
944 4545 1001 4594 et
1031 4539 1182 4595 Petri
1207 4537 1522 4593 exorcistze.
1559 4535 1666 4601 Qui
1699 4534 1916 4591 multos
1939 4535 1996 4588 in

2106 4516 2232 4566 sata
2261 4512 2616 4567 cruciatibus
2648 4529 2760 4567 non
2793 4519 3123 4585 superatur.
3153 4515 3345 4572 Tertio
3378 4532 3624 4588 quoque
3683 4518 3785 4574 die

348 4650 576 4689 carcere
608 4634 680 4688 ad
710 4633 883 4686 fidem
915 4627 1128 4684 Christi
1153 4629 1710 4696 convertentes,post
1730 4624 1858 4678 dira
1877 4623 1996 4679 vin-

351 4721 480 4778 cula
500 4726 556 4776 et
585 4721 841 4792 plurima
869 4721 1163 4774 tormenta
1191 4714 1457 4770 decollati
1507 4719 1664 4780 sunt,
1725 4729 1995 4784 persecu-

349 4810 504 4866 tione
534 4808 899 4872 Diocletiani,
933 4807 1042 4862 sub
1069 4805 1266 4878 judice
1296 4805 1522 4858 Severo.
1547 4803 1655 4857 Sed
1681 4803 1892 4874 quieos
1906 4803 1999 4858 de-

349 4899 598 4965 collavit,
633 4897 778 4952 vidit
810 4897 1038 4951 animas
1069 4909 1272 4949 eorum
1304 4891 1606 4964 splendide
1637 4895 1872 4946 ornatas
1924 4893 1995 4947 ab

351 4988 573 5062 angelis
609 4986 741 5042 ferri
775 4985 846 5040 ad
879 4983 1074 5048 caelos,
1108 4987 1164 5037 et
1195 4980 1592 5052 paenitentiam
1626 4996 1826 5052 agens,
1887 4982 1996 5036 sub

348 5078 506 5134 Julio
539 5093 690 5150 papa
722 5073 1049 5146 baptizatus
1079 5075 1167 5126 est
1189 5071 1246 5123 in
1283 5073 1578 5125 senectute
1607 5085 1735 5134 sua,
1761 5069 1998 5124 nomine

352 5166 699 5222 Dorotheus.
733 5166 813 5219 Ex
858 5161 1046 5235 pluris
1097 5163 1293 5214 autem
1353 5157 1451 5228 qui
1514 5173 1615 5226 per
1672 5157 1994 5213 doctrinam

352 5272 554 5312 eorum
586 5255 645 5309 in
677 5253 970 5310 Christum
1004 5250 1306 5306 credentes
1335 5247 1609 5318 baptizati
1635 5251 1790 5314 sunt,
1815 5248 1994 5314 idest,

350 5345 625 5401 trecentis
654 5344 795 5399 viris
830 5347 885 5398 et
916 5339 1220 5412 amplioris
1240 5336 1468 5393 numeri
1492 5335 1998 5403 feminis,decolla-

351 5441 448 5491 tus
472 5439 562 5490 est
585 5433 884 5489 Artemius
916 5447 1048 5486 cum
1081 5444 1257 5485 uxore
1283 5444 1392 5482 sua
1429 5425 1706 5492 Candida,
1767 5431 1824 5480 et
1880 5426 2001 5482 filia

352 5523 616 5591 Paulina,
646 5540 772 5594 quae
801 5538 902 5594 per
932 5521 1166 5576 beatum
1200 5518 1433 5574 Petrum
1466 5514 1811 5572 exorcistam
1845 5533 1877 5572 a
1907 5517 2002 5574 de-

355 5613 554 5672 monio
585 5611 694 5670 fuit
722 5611 990 5669 liberata.

2107 4599 2349 4671 religata
2380 4601 2451 4655 ad
2484 4600 2765 4673 stipitem,
2799 4608 2978 4674 atque
3003 4604 3062 4659 in
3109 4605 3301 4661 crucis
3345 4605 3592 4661 modum
3657 4608 3786 4662 diis-

2105 4693 2292 4754 tensa,
2318 4689 2519 4745 bestiis
2535 4691 2815 4762 pabulum
2840 4697 3415 4765 praeparatur.Quam
3437 4711 3573 4750 cum
3601 4696 3790 4752 nulla

2107 4803 2174 4845 ex
2205 4786 2289 4841 eis
2314 4788 2555 4842 auderet
2608 4789 2962 4861 contingere,
3025 4808 3261 4847 rursum
3323 4798 3644 4848 revocatur
3710 4794 3786 4849 ad

2107 4891 2417 4930 carcerem.
2443 4878 2655 4941 Quarto
2674 4877 2849 4932 etiam
2878 4879 3222 4936 verberibus
3252 4885 3400 4950 acta,
3448 4882 3788 4938 craticulis

2106 4977 2332 5040 exusta,
2362 4977 2418 5027 et
2444 4973 2630 5028 multa
2660 4972 2773 5028 alia
2805 4991 3100 5046 perpessa,
3133 4977 3206 5032 ad
3239 4977 3516 5032 ultimum
3562 4978 3788 5050 giadio

2099 5061 2428 5135 jugulatur.
2461 5063 2624 5117 Tunc
2647 5067 2702 5117 et
2732 5065 3006 5120 Ponticus
3038 5082 3482 5138 puerannorum
3508 5068 3788 5138 quinde-

2109 5151 2221 5206 cim
2251 5167 2352 5222 per
2379 5152 2576 5206 omnia
2607 5157 3030 5208 tormentorum
3064 5171 3279 5226 genera
3308 5172 3441 5210 cum
3464 5155 3608 5228 ipsa
3642 5175 3787 5212 cru-

2108 5240 2317 5307 ciatus,
2349 5244 2407 5295 et
2436 5245 2698 5295 materna
2720 5243 2846 5312 ejus
2878 5243 3280 5300 adhortatione
3321 5245 3786 5311 corroboratus,

2110 5343 2243 5394 ante
2264 5337 2424 5393 illam
2458 5338 2802 5410 martyrium
2833 5343 3280 5398 consummavit.
3314 5343 3664 5400 Alexander
3685 5361 3787 5402 au—

2110 5434 2229 5482 tem
2262 5428 2759 5500 medicus,genere
2783 5429 2990 5502 Phryx,
3010 5430 3472 5503 qualiteromnia
3503 5437 3786 5490 tormenc

2109 5521 2303 5572 torum
2336 5533 2547 5590 genera
2578 5519 2956 5589 superaverit,
2991 5524 3048 5574 et
3094 5519 3278 5576 victor
3333 5521 3405 5576 ad
3458 5521 3783 5580 Christum

2112 5606 2449 5680 perrexerit,
2480 5606 2897 5682 congruentius
2927 5607 2986 5667 in
3018 5607 3221 5684 quinto
3268 5607 3420 5671 libro
3478 5609 3783 5674 ecclesia-
