4012 6198
285 382 435 447 MO!

1340 384 2052 452 MARTYBOLOGIUM.
2079 422 2155 431 —
2185 385 2428 453 MENS.
2474 389 2645 453 JUN.

3538 349 3694 452 tios

283 520 543 577 criﬁcare
567 520 803 587 nollent,
837 522 1059 577 fortiter
1087 537 1185 577 eos
1208 522 1394 592 poenis
1452 523 1793 595 afﬂigerent.
1828 522 1935 578 Ve-
1966 524 2014 588 Α
2052 538 2217 577 ruere
2248 525 2540 595 coepisset,
2573 524 2632 579 in
2666 524 2793 595 ipso
2825 520 3116 577 subitanei
3186 537 3356 576 casus
3416 523 3696 595 periculo,

284 626 414 664 rum
446 627 579 665 cum
612 610 775 666 nulla
803 615 1043 682 possent
1073 627 1172 667 eos
1206 611 1427 666 ratione
1451 613 1806 679 movere,sed
1835 629 1936 683 pro

281 698 495 753 Christi
527 700 762 755 nomine
792 700 981 771 magis
1012 704 1283 771 optarent
1327 702 1494 767 mori,
1556 702 1940 756 extenderunt

282 804 379 842 eos
409 787 626 845 milites
660 792 715 843 et
742 789 923 860 virgis
955 790 1181 845 fortiter
1237 794 1667 857 mactaverunt;
1716 794 1773 845 et
1802 806 1935 844 cum

283 876 719 933 renuntiassent
748 878 1201 949 imperatoribus
1235 896 1361 950 qua
1396 880 1544 933 facta
1600 885 1758 944 sunt,
1804 879 1935 934 irati

282 964 447 1019 valde
468 965 780 1034 jusserunt
812 983 910 1021 eos
940 967 1090 1021 tradi
1124 968 1393 1022 Promoto
1426 968 1658 1039 prasidi
1684 968 1935 1023 civitatis

284 1056 663 1109 Nomentana
695 1060 758 1109 ut
789 1056 1035 1111 diversis
1068 1056 1253 1127 pcenis
1314 1073 1412 1112 eos
1472 1057 1841 1113 interﬁceret.
1872 1060 1939 1111 Et

284 1142 636 1214 accipientes
658 1160 757 1233 eos
778 1144 992 1201 milites
1015 1146 1300 1201 dexerunt
1319 1146 1376 1200 in
1403 1146 1555 1201 viam
1578 1163 1706 1217 qua
1724 1146 1938 1200 dicitur

280 1232 667 1299 Nomentana,
699 1232 974 1289 milliario
1007 1234 1232 1290 decimo
1263 1235 1455 1301 tertio,
1490 1236 1639 1291 ferro
1688 1236 1932 1301 vinctos,

280 1324 338 1373 et
368 1320 659 1375 miserunt
683 1337 781 1376 eos
812 1322 872 1377 in
904 1339 1193 1378 carcerem
1220 1324 1389 1393 juxta
1420 1324 1609 1377 forum
1642 1322 1892 1377 civitatis
1920 1341 1931 1389 ;

281 1407 382 1462 ubi
414 1409 626 1464 iterum
686 1409 949 1482 angelica
1005 1411 1342 1467 visitatione
1402 1411 1751 1467 releventur.
1801 1415 1938 1466 Post

280 1496 534 1553 multum
556 1515 687 1554 vero
712 1500 991 1571 temporis
1009 1500 1193 1568 jussit
1213 1499 1323 1554 sibi
1348 1500 1653 1555 Promotus
1702 1504 1935 1555 sanctos

280 1586 377 1641 Dei
401 1586 660 1642 Primum
683 1592 739 1643 et
756 1588 1111 1643 Felicianuni
1139 1594 1271 1644 ante
1294 1589 1551 1645 tribunal
1584 1607 1758 1644 suum
1791 1607 1933 1661 pra-

280 1676 519 1730 sentari.
553 1677 705 1739 Quos
732 1694 867 1732 cum
900 1679 970 1733 ad
1004 1679 1251 1749 primam
1288 1684 1344 1733 et
1383 1680 1569 1750 ipsam
1639 1678 1933 1750 publicam

278 1764 793 1837 interrogationem
827 1768 897 1821 ab
932 1766 1176 1823 invicem
1214 1768 1473 1839 separari
1494 1768 1937 1839 fecisset,jussit

280 1854 515 1908 beatum
539 1854 896 1910 Felicianum
931 1855 1247 1928 plumbatis
1281 1857 1444 1913 cadi.
1480 1860 1663 1922 Quem
1711 1874 1843 1912 cum
1877 1858 1933 1911 in

278 1959 342 1997 eo
374 1960 583 2015 genere
615 1945 890 2017 supplicii
922 1945 1140 2001 videret
1171 1945 1934 2018 insuperabilem,pracepit

277 2048 412 2086 eum
444 2032 613 2104 ligari
646 2035 715 2088 ad
750 2034 1033 2105 stipitem,
1064 2039 1119 2089 et
1152 2035 1385 2091 aculeos
1419 2036 1475 2089 in
1501 2036 1776 2091 manibus
1804 2038 1933 2107 ejus

277 2137 341 2175 ac
373 2122 620 2192 pedibus
654 2122 771 2193 figi,
802 2128 856 2177 et
886 2123 1219 2178 diutissime
1269 2124 1546 2195 torqueri,
1602 2128 1658 2179 et
1690 2141 1792 2195 per
1815 2128 1933 2179 tres

277 2209 400 2263 dies
428 2225 614 2281 neque
645 2227 859 2282 aquam
894 2228 1081 2282 neque
1114 2211 1295 2265 ullum
1331 2229 1517 2284 genus
1548 2213 1659 2267 cibi
1683 2212 1730 2267 ei
1758 2213 1930 2267 mini-

276 2298 468 2353 strari.
486 2298 748 2371 Cumque
767 2301 852 2355 sic
869 2300 1241 2371 pertriduum
1267 2303 1543 2356 continue
1568 2306 1934 2374 permaneret

275 2386 334 2441 in
359 2386 455 2441 Dei
478 2386 778 2457 laudibus,
798 2389 981 2457 jussit
1003 2405 1137 2444 eum
1163 2407 1375 2461 prases
1404 2390 1647 2462 flagellis
1672 2390 1832 2456 cadi,
1867 2407 1933 2444 ac

276 2476 346 2529 de
372 2475 570 2547 stipite
596 2477 927 2548 depositum
962 2479 1019 2532 in
1050 2479 1317 2533 custodia
1348 2478 1589 2533 recludi.
1654 2486 1733 2533 Ac
1775 2483 1933 2550 post-

276 2564 539 2632 modum,
572 2571 857 2637 prasente
878 2566 1005 2637 ipso
1030 2568 1195 2622 beato
1219 2568 1528 2632 Feliciano,
1584 2568 1717 2622 fecit
1747 2566 1933 2638 appli-

276 2654 393 2709 cari
424 2660 693 2709 sanctum
726 2655 1013 2710 Primum.
1070 2660 1192 2722 Quo
1245 2656 1627 2712 validissimis
1678 2657 1933 2711 fustibus

280 2760 450 2809 caeso,
484 2761 549 2798 ac
580 2744 875 2799 deindein
935 2745 1183 2817 equuleo
1242 2746 1526 2818 deposito,
1588 2751 1641 2801 et
1696 2746 1753 2800 in
1786 2746 1933 2801 lecto

273 2832 567 2903 supinato,
601 2834 875 2905 praecepit
905 2834 1215 2904 plumbum
1248 2834 1741 2889 ferventissimum
1778 2834 1835 2888 in
1869 2851 1933 2889 os

277 2920 405 2989 ejus
441 2921 691 2978 infundi.
716 2924 825 2979 Sed
850 2939 982 2978 cum
1028 2924 1214 2978 sancti
1246 2928 1528 2995 martyres
1562 2923 1932 2978 invictissimi

272 3010 688 3080 perstitissent,
715 3013 1087 3083 angustiatus
1110 3029 1322 3084 prases
1348 3012 1530 3082 jussit
1559 3030 1658 3067 eos
1700 3013 1769 3067 ad
1803 3029 1933 3067 am-

278 3097 633 3169 phiteatrum
658 3100 812 3165 duci,
839 3104 895 3154 et
917 3101 1063 3155 duos
1088 3102 1284 3155 leones
1306 3102 1364 3154 in
1399 3118 1497 3155 eos
1520 3101 1755 3155 dimitti.
1792 3100 1929 3165 Qui-

278 3186 389 3241 bus
420 3186 490 3241 ad
520 3187 696 3256 pedes
728 3192 1065 3243 sanctorum
1096 3189 1524 3259 corruentibus,
1586 3189 1762 3243 laxati
1795 3192 1935 3242 sunt

274 3279 330 3329 et
363 3274 481 3328 ursi
514 3275 883 3342 ferocissimi,
917 3277 1018 3332 sed
1078 3282 1135 3332 et
1186 3277 1297 3349 ipsi
1358 3282 1686 3348 martyrum
1722 3278 1933 3331 virtute
1963 3261 2005 3327 C

277 3364 561 3419 saevitiam
585 3365 989 3435 perdiderunt.
1012 3367 1175 3430 Quod
1196 3366 1459 3421 videntes
1484 3366 1543 3419 hi
1579 3366 1673 3437 qui
1709 3367 1780 3419 ad
1806 3382 1938 3437 spe-

280 3452 574 3508 ctaculum
606 3458 903 3522 venerant,
936 3472 1085 3526 pene
1117 3455 1277 3510 mille
1309 3455 1614 3527 quingenti
1640 3454 1745 3508 viri
1770 3455 1940 3508 mira-

280 3541 425 3597 culis
448 3541 1103 3613 perculsi,crediderunt
1125 3544 1183 3599 in
1202 3545 1462 3599 Domino.
1487 3544 1702 3599 Verum
1726 3560 1938 3615 praeses

282 3646 414 3685 cum
440 3632 867 3703 insuperabiles
890 3650 988 3689 eos
1013 3638 1292 3704 cerneret,
1329 3633 1521 3706 gladio
1554 3632 1937 3687 animadverti

282 3721 571 3792 pracepit.
604 3722 863 3784 Quorum
922 3740 1184 3795 corpora,
1247 3728 1423 3778 noctu
1491 3740 1523 3776 a
1590 3722 1939 3777 Christianis

283 3813 465 3881 rapta,
496 3811 724 3881 sepulta
756 3816 900 3866 sunt
931 3813 999 3866 ad
1034 3828 1202 3868 arcus
1226 3813 1622 3869 Nomentanos
1647 3812 1799 3866 intra
1822 3827 1941 3866 are-

282 3899 535 3964 narium,
560 3900 764 3971 quinto
789 3902 928 3956 ldus
958 3902 1139 3967 Junii,
1173 3902 1244 3956 ab
1279 3903 1420 3956 urbe
1453 3902 1637 3957 Roma
1671 3900 1940 3956 milliario

283 3987 509 4043 decimo
532 3989 725 4045 tertio.

354 4087 417 4139 In
443 4085 664 4153 Galliis,
694 4087 923 4142 civitate
944 4086 1335 4159 Agenno,loco
1365 4087 1725 4157 Pompeiaca,
1746 4085 1940 4158 passio

282 4175 470 4230 sancti
503 4175 793 4231 Vincentii
826 4176 1009 4231 levita
1042 4182 1097 4231 et
1129 4177 1424 4248 martyris,
1459 4177 1529 4230 de
1562 4193 1675 4246 quo
1702 4176 1755 4229 in
1792 4174 1940 4230 libro

284 4265 707 4327 Miraculorum
739 4266 998 4337 Gregorii
1031 4265 1303 4320 Turonici
1337 4266 1603 4321 refertur.

358 4371 505 4425 Item
537 4368 731 4422 Roma
766 4362 1021 4419 militum
1056 4363 1415 4434 quindecim.

359 4477 419 4532 In
455 4474 671 4539 Scotia,
701 4470 893 4527 insula
923 4470 1219 4538 Hibernia,
1279 4469 1563 4541 depositio
1623 4469 1809 4524 sancti
1840 4472 1944 4523 Co-

288 4564 913 4635 lumba,cognomento
937 4562 1089 4631 apud
1117 4576 1254 4615 suos
1275 4558 1669 4623 Columbkilli,
1692 4575 1757 4613 eo
1789 4557 1943 4629 quod

2050 611 2193 664 dixit
2217 612 2420 682 angelo
2444 614 2543 668 Dei
2570 613 2679 668 sibi
2706 611 3003 668 assistenti
3030 629 3042 665 :
3078 612 3719 682 Αιι.τι”[ἰανι’,αιιατὶιτάνε;ν

2047 704 2103 753 et
2135 716 2265 754 ecce
2298 700 2352 753 in
2382 701 2569 771 ipsius
2598 701 2877 756 momenti
2902 705 3116 763 atomo,
3144 700 3223 754 ita
3255 701 3444 755 ruenti
3473 701 3699 757 homini

2046 789 2396 843 subventum
2428 796 2518 845 est
2550 791 2620 845 ab
2653 791 2881 862 angelo,
2918 790 3082 861 quasi
3118 806 3233 844 non
3276 790 3561 861 scriptori,
3596 792 3699 846 sed

2047 877 2208 932 fabro
2240 895 2471 949 semper
2501 880 2749 934 adesset.
2783 882 2928 935 Cum
2960 878 3153 950 gravis
3213 878 3546 945 infirmitas,
3581 880 3699 935 imo

2045 966 2171 1021 lues
2205 972 2261 1021 et
2282 967 2614 1038 pestilentia
2635 967 3036 1036 intolerabilis,
3062 969 3402 1023 universum
3431 985 3575 1039 pene
3598 986 3700 1039 po-

2045 1054 2250 1124 pulum
2285 1056 2627 1123 devastaret,
2689 1057 2984 1112 benedixit
3042 1056 3291 1127 lapidem
3328 1058 3397 1111 de
3454 1056 3701 1113 littoreis

2046 1146 2223 1214 saxis,
2258 1150 2311 1199 et
2341 1146 2674 1217 ubicunque
2730 1147 3004 1218 pracepit
3062 1147 3121 1200 in
3180 1163 3392 1217 aquam
3443 1147 3696 1213 mittere,

2047 1244 2526 1315 atqueipsaaqua
2567 1244 2934 1300 infirmantes
2962 1244 3146 1316 potari
3182 1242 3265 1299 vel
3296 1245 3562 1316 aspergi:
3598 1245 3700 1317 qui

2046 1331 2105 1385 in
2139 1349 2351 1403 aquam
2386 1333 2626 1400 missus,
2662 1338 2717 1387 et
2748 1338 2949 1388 contra
2979 1338 3249 1388 naturam
3283 1350 3450 1388 suam
3483 1335 3541 1388 in
3576 1351 3700 1391 mo-

2044 1421 2185 1475 dum
2216 1439 2434 1492 spuma
2468 1426 2875 1493 supernatans,
2911 1427 2969 1476 at
2999 1422 3107 1477 hoc
3140 1423 3312 1476 modo
3345 1422 3601 1477 divinam
3634 1441 3695 1479 se

2044 1510 2505 1566 benedictionem
2540 1512 2867 1583 percepisse
2891 1514 3308 1575 contestans,et
3328 1529 3529 1567 omnes
3554 1530 3706 1568 mor-

2044 1600 2149 1654 bos
2183 1600 2525 1654 medicando
2558 1601 2895 1666 saniﬁcans,
2931 1616 3108 1671 super
3137 1616 3346 1654 aurum
3404 1605 3459 1655 et
3497 1619 3701 1658 omnes

2045 1704 2308 1759 gemmas
2340 1690 2652 1760 pretiosus,
2687 1707 2752 1743 ac
2788 1706 2965 1760 super
3023 1689 3221 1743 omnia
3272 1689 3702 1747 medicamenta

2046 1777 2153 1830 fuit
2184 1777 2627 1833 saluberrimus.
2661 1779 2729 1832 Et
2784 1782 2854 1832 ad
2906 1783 3288 1849 augmentum
3350 1779 3637 1846 miraculi,
3670 1797 3705 1835 a

2046 1865 2206 1921 nullo
2240 1882 2342 1937 per
2372 1867 2427 1921 id
2451 1867 2734 1938 temporis
2766 1868 3073 1933 morituro,
3095 1866 3231 1922 licet
3253 1867 3701 1939 diligentissime

2043 1957 2370 2010 custoditus
2402 1959 2457 2010 et
2481 1956 2820 2011 cautissime
2846 1955 3453 2027 requisitus,unquam
3479 1962 3704 2028 poterat

2042 2044 2311 2099 inveniri.
2335 2045 2450 2099 Iloc
2484 2062 2599 2099 uno
2631 2046 2702 2099 de
2734 2045 3084 2099 multimoda
3114 2044 3413 2100 sanatione
3445 2062 3699 2101 comme-

2044 2138 2287 2199 morato,
2315 2134 2568 2189 alterum
2602 2134 2670 2188 de
2704 2133 3019 2204 multiplici
3079 2134 3135 2187 in
3170 2134 3414 2204 penuria
3449 2134 3698 2189 subven-

2042 2222 2195 2277 tione
2217 2222 2357 2277 libet
2380 2224 2448 2277 ad
2476 2224 2816 2278 memoriam
2840 2240 3127 2288 revocare,
3155 2226 3218 2276 ut
3246 2223 3502 2293 prudens
3524 2221 3701 2277 lector

2042 2328 2110 2366 ex
2143 2312 2231 2367 his
2263 2313 2491 2367 duobus
2524 2318 2577 2367 et
2609 2312 2784 2367 tacita
2837 2312 3022 2367 discat
3080 2312 3388 2366 aestimare.
3453 2311 3697 2367 Cuidam

2044 2402 2700 2473 pauperculo,omnihus
2724 2403 2898 2456 rebus
2921 2401 3140 2472 indigo,
3159 2402 3461 2455 contulum
3481 2400 3536 2454 in
3560 2416 3699 2456 veru

2043 2495 2281 2545 sanctus
2312 2490 2557 2555 exacuit,
2591 2491 2745 2561 quod
2780 2490 2849 2544 ab
2881 2506 2946 2543 eo
2979 2489 3139 2544 silvis
3197 2494 3253 2543 et
3312 2489 3479 2559 aquis
3519 2489 3704 2559 jussit

2043 2579 2226 2651 infigi.
2261 2580 2421 2641 Quod
2455 2596 2586 2633 cum
2621 2579 2851 2643 faceret,
2887 2578 2968 2633 ita
3000 2580 3159 2633 dives
3214 2579 3453 2633 effectus
3496 2582 3606 2645 est,
3638 2580 3703 2633 ut

2045 2672 2099 2721 et
2121 2668 2331 2722 domus
2366 2669 2493 2739 ejus
2516 2669 2781 2723 eamdem
2806 2668 3230 2721 abundantiam
3255 2684 3367 2722 non
3391 2670 3702 2739 caperet,et

2043 2773 2187 2811 uxor
2206 2756 2665 2826 ejus,terrestres
2680 2756 2916 2811 delicias
2939 2772 3070 2810 cum
3097 2756 3342 2811 marinis
3365 2755 3701 2823 fastidiens,

2043 2854 2196 2908 idem
2229 2871 2369 2908 veru
2403 2854 2460 2907 in
2489 2854 2807 2924 perniciem
2843 2854 2931 2908 sui
2964 2870 2997 2907 a
3027 2853 3150 2908 viro
3183 2870 3287 2908 suo
3349 2854 3581 2909 fecisset
3610 2852 3700 2907 in-

2043 2943 2174 2997 cidi.
2203 2942 2477 2997 Doctrina
2498 2959 2630 2997 vero
2656 2943 2860 2998 beatus
2878 2941 3162 2997 Columba
3193 2959 3323 2996 cum
3360 2959 3563 2996 omnes
3594 2958 3697 2996 an-

2041 3032 2281 3086 teriores
2304 3032 2654 3103 adaquaret,
2681 3032 2736 3084 in
2762 3031 2869 3085 hoc
2895 3032 3303 3085 transcendere
3335 3047 3449 3085 non
3483 3029 3701 3100 injuria

2042 3124 2329 3184 censetur,
2356 3120 2510 3190 quod
2539 3136 2640 3189 per
2660 3125 2777 3173 tres
2806 3120 2929 3175 dies
2957 3120 3195 3174 ultimos
3217 3118 3697 3174 commorationis

2045 3207 2102 3260 in
2136 3213 2289 3260 terra
2319 3212 2529 3261 cuncta
2558 3207 2608 3260 ei
2670 3207 2920 3262 revelata
2971 3212 3109 3261 sunt
3157 3224 3333 3261 sacrae
3384 3206 3699 3277 Scriptura

2048 3300 2434 3360 sacramenta,
2470 3295 2704 3348 omibus
2736 3300 2888 3348 retro
2922 3294 3275 3366 mortalibus
3322 3298 3423 3348 aut
3462 3294 3698 3364 penitus

2048 3382 2295 3448 occulta,
2322 3390 2419 3436 aut
2453 3385 2605 3435 certe
2630 3383 2798 3452 juxta
2855 3382 3201 3453 Apostolum
3234 3399 3245 3435 :
3296 3382 3402 3435 Per
3428 3381 3707 3451 speculum

2048 3476 2101 3526 et
2132 3474 2186 3525 in
2221 3472 2509 3541 aenigmate
2542 3470 2584 3539 (Ι
2611 3472 2729 3525 Cor.
2764 3472 2911 3540 xm),
2962 3474 3282 3540 comperta.
3342 3470 3460 3524 imo
3510 3470 3705 3541 requi—

2050 3561 2229 3615 renda
2261 3565 2435 3631 atque
2481 3558 2843 3614 enucleanda
2900 3558 3217 3629 proposita.
3281 3561 3415 3623 Quae
3474 3561 3709 3630 propter

2050 3650 2380 3705 absentiam
2417 3649 2744 3714 Batthenei,
2779 3648 3223 3703 familiarissimi
3252 3648 3520 3702 videlicet
3548 3646 3707 3702 illius

2050 3738 2466 3810 discipuli,imo
2500 3741 2734 3809 propter
2756 3737 3166 3807 indignitatem
3187 3735 3417 3807 generis
3438 3734 3707 3801 humani,

2050 3828 2261 3883 litteris
2285 3845 2398 3882 non
2428 3833 2566 3882 sunt
2591 3826 3085 3882 attitulata.Porro
3106 3823 3421 3897 prophetia
3446 3824 3597 3878 dono
3628 3824 3712 3878 ita

2052 3919 2326 3972 mortales
2386 3934 2590 3972 omnes
2648 3914 3129 3988 prapondcravit,
3186 3918 3251 3967 ut
3308 3918 3364 3968 et
3402 3912 3712 3985 prasentia

2052 4008 2275 4062 caeteris
2306 4005 2668 4073 abscondita,
2705 4012 2761 4060 et
2790 4004 3077 4071 absentia,
3112 4021 3222 4058 non
3274 4002 3463 4058 solum
3493 4002 3707 4071 vicina,

2053 4106 2152 4160 sed
2184 4108 2239 4159 et
2272 4106 2437 4175 longe
2471 4104 2680 4175 posita,
2717 4103 2817 4159 sed
2850 4107 2906 4157 et
2938 4101 3226 4173 praterita
3285 4106 3340 4156 et
3396 4102 3613 4166 futura,
3649 4099 3709 4156 in

2053 4209 2168 4247 uno
2192 4191 2541 4246 inevitabilis
2568 4190 2719 4246 oculi
2752 4191 2868 4245 ictu
2902 4190 3379 4262 deprehenderet.
3413 4189 3528 4243 Vas
3577 4191 3709 4241 ante

2051 4298 2186 4336 eum
2220 4299 2320 4352 pro
2353 4281 2597 4335 solemni
2630 4280 3056 4346 benedictione,
3082 4280 3227 4334 lacte
3249 4278 3508 4350 plenum,
3546 4275 3707 4330 obla-

2054 4374 2178 4425 tum
2203 4375 2308 4424 est.
2336 4370 2495 4435 Quod
2530 4387 2663 4424 cum
2698 4368 3109 4433 benedixisset,
3141 4372 3197 4421 et
3218 4364 3522 4421 vasculum
3554 4362 3709 4419 illico

2055 4460 2402 4530 crepuisset,
2426 4459 2715 4530 increpuit
2747 4458 3081 4512 ministrum
3112 4472 3216 4510 cur
3247 4472 3363 4509 non
3398 4458 3529 4507 ante
3562 4452 3713 4507 infu-

2062 4548 2284 4602 sionem
2318 4564 2420 4619 per
2452 4547 2683 4618 signum
2719 4552 2929 4601 sancta
2962 4544 3153 4600 crucis
3176 4544 3417 4614 antiquo
3452 4542 3603 4597 hosti
3633 4540 3713 4596 lo-

291 4630 931 4719 multarum'cellarum,
956 4630 1014 4703 id
1038 4656 1123 4704 est
1144 4648 1633 4703 monasteriorum
1654 4647 1739 4703 vel
1772 4647 1949 4702 eccle-
1981 4634 2025 4697 D
2058 4654 2190 4691 cum
2226 4637 2281 4690 in
2316 4654 2379 4692 eo
2436 4635 2815 4708 permanendi
2875 4633 3295 4689 interdixisset
3359 4634 3501 4687 Ῑῐθπι
3543 4630 3712 4686 lactis

291 4745 514 4800 siarum
540 4740 861 4810 institutor,
888 4739 1163 4793 fundator
1188 4744 1244 4793 et
1267 4743 1454 4793 rector
1479 4736 1779 4805 exstiterit,
1804 4738 1947 4792 adeo

294 4839 358 4889 ut
387 4833 568 4888 abbas
600 4829 939 4886 monasterii
973 4830 1065 4883 cui
1113 4827 1425 4883 novissime
1485 4826 1731 4898 prafuit,
1766 4831 1822 4881 et
1848 4826 1947 4881 ubi

293 4921 627 4995 requiescit,
659 4924 861 4975 contra
928 4934 1149 4973 morem
1208 4916 1667 4972 ecclesiasticum
1729 4916 1949 4987 primas

293 5013 557 5068 omnium
586 5008 1060 5065 lliberniensium
1085 5008 1368 5062 habeatur
1387 5006 1815 5077 epiSCOporum,
1844 5021 1947 5059 nec

294 5100 609 5167 immerito,
643 5098 783 5170 quia
812 5098 967 5153 idem
1024 5100 1265 5151 sanctus
1323 5112 1425 5166 per
1466 5094 1948 5149 inhabitationem

296 5190 480 5246 sancti
507 5189 783 5261 Spiritus,
819 5186 986 5255 nulli,
1021 5190 1153 5257 post
1184 5183 1477 5256 apostolos
1536 5188 1592 5238 et
1621 5182 1949 5237 mirabilem

296 5280 639 5343 Martinum,
674 5278 730 5330 in
764 5274 1086 5347 prophetia,
1121 5274 1387 5328 doctrina
1445 5280 1500 5327 et
1531 5272 1949 5327 miraculorum

299 5368 633 5425 ostensione
666 5370 839 5435 atque
878 5362 1139 5435 angelica
1171 5362 1632 5432 frequentatione
1688 5360 1954 5415 videatur

301 5456 616 5513 secundus.
643 5454 802 5519 Quod
828 5452 911 5506 vel
936 5469 1005 5505 ex
1026 5450 1117 5505 his
1142 5451 1515 5521 paucissimis
1540 5450 1953 5521 persentiscere

300 5547 456 5601 licet.
487 5542 629 5595 Cum
662 5541 888 5595 sederet
916 5540 973 5593 in
1007 5540 1261 5610 quadam
1286 5539 1479 5593 insula
1500 5539 1782 5594 scribens.
1807 5543 1862 5593 et
1893 5539 1951 5592 in

303 5630 422 5693 alia
451 5633 660 5687 domus
692 5628 979 5684 altissima
1038 5627 1439 5696 adificarctur,
1502 5632 1558 5683 et
1615 5628 1853 5700 quidam
1884 5628 1953 5682 de

303 5721 564 5786 culmine
588 5720 853 5807 ejusdem
883 5716 1141 5777 enormis
1172 5717 1401 5776 fabrica
1451 5718 1524 5777 ad
1570 5722 1787 5777 terram
1820 5735 1951 5778 cor-

2060 4726 2530 4793 similitudinem,
2565 4742 2632 4779 ex
2687 4725 2837 4779 tauri
2898 4723 3186 4778 testiculis
3246 4738 3605 4793 expressam,
3650 4720 3711 4774 in

2060 4816 2376 4887 prOpriam,
2413 4815 2469 4869 id
2528 4819 2616 4869 est
2668 4812 2994 4883 sanguinis,
3056 4811 3287 4867 eminus
3318 4808 3712 4865 benedicendo

2060 4906 2340 4960 convertit
2372 4909 2663 4958 naturam.
2687 4903 2906 4974 Regum
2933 4901 3255 4956 vicinorum
3282 4899 3432 4955 bella
3483 4903 3538 4953 et
3568 4914 3713 4969 pra-

2061 4993 2228 5049 scivit
2259 4999 2314 5048 et
2346 4993 2660 5063 aliquando
2694 4991 3054 5063 compescuit
3105 4990 3419 5061 aliquando
3470 4987 3713 5056 veroju-

2062 5082 2267 5137 stiores
2300 5099 2508 5137 causas
2569 5081 2923 5136 habentibus
2985 5080 3140 5146 favit,
3175 5078 3511 5149 injustiores
3560 5092 3713 5145 vero,

2061 5171 2524 5241 divinajustitia
2549 5172 2917 5240 conjunctus,
2944 5186 3059 5224 non
3082 5168 3409 5238 adjuvando
3432 5164 3713 5235 despexit.

2063 5270 2512 5325 Subversionem
2555 5285 2787 5340 quoque
2838 5266 3111 5331 civitatis,
3170 5283 3294 5337 qua
3350 5281 3505 5319 nunc
3560 5263 3719 5317 Nova

2063 5360 2277 5415 dicitur
2300 5360 2355 5412 in
2382 5358 2565 5422 Italia,
2590 5359 2647 5413 in
2673 5357 2979 5412 subitaneo
3030 5358 3286 5427 stupore,
3334 5358 3496 5408 terra
3528 5352 3713 5421 hiatu,

2064 5449 2179 5503 imo
2205 5448 2450 5502 cmlcstis
2476 5448 2569 5501 ira
2596 5450 2883 5517 respectu,
2912 5445 3252 5499 subversam
3311 5441 3629 5514 conspexit,
3663 5443 3721 5495 et

2064 5538 2193 5593 aliis
2214 5538 2467 5592 exstasin
2498 5539 2621 5605 ejus
2648 5536 2998 5589 mirantibus
3020 5534 3277 5603 idipsum
3301 5528 3718 5595 nuntiavit,sed

2064 5632 2119 5683 et
2143 5626 2252 5681 hoc
2270 5625 2554 5698 praedixit,
2572 5625 2725 5697 quod
2747 5622 2947 5678 Gallici
2972 5627 3182 5688 nauta,
3209 5623 3361 5677 sicut
3403 5625 3459 5676 et
3498 5620 3719 5675 factum

2062 5716 2457 5790 est,eamdem
2490 5730 2612 5773 rem
2634 5713 2760 5788 ipso
2811 5728 2963 5772 anno
3010 5712 3069 5771 in
3118 5711 3312 5772 Scotia
3350 5708 3589 5769 relaturi
3621 5723 3713 5787 es:
