4012 6198
372 327 526 394 1103

365 553 520 624 bato,
555 571 686 610 cum
721 555 1015 628 psalmum
1045 556 1409 612 tricesimum
1451 557 1688 612 tertium
1717 572 1905 627 usque
1935 555 2006 610 ad

365 657 499 697 eum
531 660 764 700 versum
794 643 1164 717 perduxisset
1194 645 1253 700 in
1286 645 1632 700 scribendo:
1664 645 2008 716 Inquirentes

364 734 550 786 autem
580 733 893 801 Dominum,
925 751 1037 790 non
1065 733 1320 804 deﬁcient
1349 735 1414 790 in
1443 736 1594 790 omni
1651 734 1784 790 bono
1826 731 2005 804 (Psal.

366 820 586 893 χχχιιι),
621 823 952 879 astantibus
998 823 1226 896 inquit:
1274 847 1300 874 «
1351 823 1511 887 Quod
1562 821 1850 894 reliquum
1899 825 2007 889 est,

370 907 722 968 Baitheneus
753 913 1004 980 scribat;
1040 935 1067 962 »
1099 917 1162 968 ut
1192 911 1456 969 videlicet
1481 912 1582 983 qui
1633 912 1692 966 in
1730 911 2012 984 regimine

373 996 613 1055 fratrem
647 1000 697 1056 ei
728 1017 1114 1059 successurus
1143 1007 1286 1070 erat,
1322 1019 1436 1058 non
1495 1001 1685 1057 solum
1729 1000 2010 1067 docendo,

371 1086 472 1143 sed
495 1092 552 1144 et
581 1089 888 1147 scribendo
920 1090 1242 1164 discipulos
1273 1091 1342 1146 ad
1377 1107 1438 1146 se
1489 1107 1692 1146 vocare
1739 1089 2008 1145 deberet:

373 1176 576 1248 Venite,
609 1179 738 1251 ﬁlii,
773 1177 959 1236 audite
994 1196 1103 1247 me,
1136 1182 1384 1236 timorem
1442 1181 1660 1236 Domini
1703 1179 1895 1234 docebo
1928 1195 2014 1234 vos

371 1265 594 1337 (lbid.);
631 1276 685 1324 et
707 1269 905 1324 addit:
937 1293 962 1318 ‹‹
1010 1272 1140 1323 Haec
1201 1268 1324 1324 dies
1382 1269 1438 1322 in
1495 1268 1794 1340 Scriptura
1849 1283 2014 1322 sacra

369 1357 713 1426 Sabbatum,
747 1357 801 1412 id
837 1365 924 1414 est
953 1361 1186 1431 requies,
1216 1356 1560 1430 appellatur,
1621 1356 1679 1411 in
1726 1374 1842 1428 qua
1873 1356 2012 1412 mihi

371 1445 602 1519 requies
623 1450 836 1502 aeterna
866 1451 1120 1519 paratur.
1157 1448 1296 1502 Ecce
1327 1446 1482 1501 enim
1507 1446 1614 1502 hac
1632 1451 1796 1501 nocte
1820 1462 2014 1501 resur-

370 1536 642 1592 rectionis
664 1535 972 1590 Dominicze
1003 1536 1148 1590 vado
1181 1537 1248 1590 ad
1289 1535 1596 1591 Dominum
1623 1536 1823 1591 Jesum
1856 1534 2014 1590 Chri-

368 1631 525 1681 stum
561 1640 782 1696 magnre
813 1625 1256 1681 resurrectionis
1285 1629 1664 1688 auctorem,et
1686 1625 1791 1679 hoc
1809 1625 2012 1680 scitote

369 1713 507 1784 quia
536 1729 638 1786 per
663 1713 974 1770 continuos
1004 1715 1128 1770 dies
1161 1732 1319 1770 mare
1352 1715 1617 1770 clausum
1649 1714 1832 1769 nimia
1865 1719 2013 1769 tem-

1259 334 1327 393 B.
1379 333 1723 396 NOTKERI
1766 331 2104 394 BALBULI
2151 331 2215 392 S.
2264 333 2483 394 GALLI
2529 332 2879 395 MONACHI

369 469 518 521 sent.
552 463 654 520 Die
673 481 906 538 quoque
927 466 1134 522 ultimo
1157 467 1286 521 vitae
1337 467 1622 532 mortalis,
1651 468 1706 522 id
1739 471 1828 522 est
1856 465 2000 521 Sab-
2034 474 2088 539 Α
2115 467 2518 523 Antissiodoro
2613 466 2896 538 depositio
2999 467 3184 523 sancti

3611 327 3777 390 1104

3285 463 3553 523 Censorii
3654 463 3777 535 epi-

2119 555 2300 626 scopi.

2194 663 2268 717 ΙΙΙ
2302 664 2381 718 Ιι).
2406 664 2542 719 Jun.
2577 695 2642 704 —-
2674 663 2836 736 Apud
2862 665 3113 736 Cyprum
3133 661 3410 718 nativitas
3463 664 3526 716 S.
3554 661 3785 717 Barna-

2121 750 2205 806 bas
2237 751 2507 824 apostoli.
2541 752 2647 816 Qui
2681 769 2814 806 cum
2844 769 2878 806 a
2936 751 3279 823 parentibus
3333 749 3562 822 Joseph
3607 750 3787 806 fuerit

2123 845 2518 913 nuncupatus,
2549 841 2620 895 ab
2638 840 2918 912 apostolis
2939 840 3258 907 Barnabas,
3289 839 3377 895 vel
3408 840 3568 910 ﬁlius
3601 855 3785 895 conso-

2123 930 2346 986 lationis
2359 935 2822 1002 eslvocatus,pro
2835 947 2902 985 eo
2919 931 3070 1000 quod
3088 947 3222 985 cum
3236 929 3519 984 habuerit
3549 946 3780 1001 agrum,

2123 1035 2375 1091 eumque
2396 1019 2998 1090 vendiderit,pretium
3023 1021 3150 1089 ejus
3179 1025 3316 1075 ante
3347 1019 3531 1090 pedes
3554 1025 3780 1090 aposto-

2122 1107 2312 1164 lorum
2346 1110 2416 1165 ad
2448 1108 2909 1165 consolationem
2959 1125 3278 1181 pauperum
3337 1107 3631 1181 posuerit.
3679 1108 3781 1172 Qui

2123 1215 2256 1254 cum
2288 1203 2441 1254 esset
2459 1203 2629 1273 gente
2655 1199 2917 1266 Judatus,
2946 1199 3063 1255 imo
3121 1198 3345 1264 levites,
3405 1198 3514 1254 sed
3549 1197 3776 1254 natione

2123 1289 2487 1360 Cyprus,non
2510 1287 2703 1343 solum
2727 1292 2963 1344 caeteros
2981 1287 3214 1343 Judieos
3237 1287 3367 1343 fidei
3389 1287 3616 1343 Christi
3644 1288 3768 1342 sub.

2119 1379 2344 1448 jugare,
2370 1377 2467 1431 sed
2489 1381 2544 1431 et
2565 1377 2757 1448 ipsum
2781 1377 3106 1448 apostolum
3130 1376 3376 1432 Paulum
3400 1393 3437 1431 a
3456 1376 3689 1432 Christo
3709 1376 3773 1432 de

2124 1466 2266 1521 coelo
2294 1471 2583 1532 vocatum,
2617 1466 2716 1521 sed
2747 1470 2982 1538 propter
3011 1465 3321 1522 anterioris
3348 1466 3776 1538 persecutionis

2125 1556 2549 1610 immanitatem
2582 1555 2928 1611 Christianis
2959 1561 3323 1627 suspectum,
3370 1555 3778 1628 apostolorum

2125 1645 2300 1699 choro
2331 1644 2550 1699 sociare
2579 1643 2822 1700 curavit.
2857 1644 3000 1700 Cum
3061 1661 3176 1715 quo
3233 1644 3308 1699 ab
3363 1643 3482 1699 illis
3511 1644 3778 1716 gentium

2125 1733 2427 1805 apostolus
2457 1733 2782 1800 ordinatus,
2816 1737 2872 1788 et
2898 1732 3187 1804 plurimas
3207 1733 3280 1788 ab
3299 1732 3618 1789 incredulis
3646 1750 3780 1806 per

368 1806 593 1911 ξθεέξιίθ
610 1802 994 1911 ίθηθδῖιίίξιξὸυῐ
1015 1805 1302 1911 Θκεςίῖυίδε
1325 1821 1466 1903 Πιθίίῖ
1481 1821 1596 1911 00:1
1620 1821 1652 1859 3
1676 1801 2013 1911 ‘Blgarib‘fs
2044 1847 2091 1911 Β
2124 1801 2334 1894 pessus
2355 1822 2603 1892 injurias
2630 1839 2642 1890 ;
2667 1823 2767 1877 sed
2801 1801 2980 1877 causa
3000 1821 3538 1890 Marci,communis
3562 1801 3781 1879 eorum

370 1890 559 1947 turbis
581 1891 1007 1964 superstitiose,
1040 1893 1139 1948 sed
1201 1911 1235 1947 a
1281 1893 1500 1948 sanctis
1559 1892 1836 1948 fratribus
1870 1891 2014 1947 meis

371 1979 639 2054 religiose
659 1979 1040 2036 celebrentur.
1070 2005 1091 2031 »
1119 1981 1372 2044 Quicum
1391 1981 1678 2054 plurimos
1692 1980 2014 2052 discipulos

374 2070 460 2126 vel
490 2071 678 2128 socios
709 2069 1036 2126 sanctitatis
1067 2087 1186 2125 suae
1242 2087 1411 2143 pares
1467 2070 1794 2137 habuisset,
1827 2086 2011 2124 unum

372 2165 589 2231 tamen,
622 2159 981 2231 Comgellum
1015 2158 1256 2226 scilicet,
1293 2159 1492 2215 Latine
1536 2158 1728 2213 Fausti
1779 2157 2020 2213 nomine

370 2248 680 2318 illustrem,
710 2254 1124 2322 praeceptorem
1147 2249 1470 2306 beatissimi
1496 2248 1862 2317 Columbani,
1898 2264 2016 2302 ma-

368 2341 556 2414 gistri,
587 2338 811 2396 domini
841 2344 899 2394 et
931 2338 1116 2395 Patris
1166 2341 1347 2395 nostri
1398 2339 1569 2408 Galli,
1619 2338 1901 2393 virtutum
1948 2354 2014 2392 ac

369 2430 712 2486 meritorum
743 2445 1009 2497 suorum,
1043 2429 1211 2501 quasi
1239 2429 1503 2498 unicum,
1537 2427 1799 2500 exemplo
1830 2429 2009 2494 Isaac,

372 2517 610 2591 reliquit
638 2517 948 2574 heredem.

444 2623 515 2680 lV
538 2626 621 2680 lo.
651 2625 812 2680 JUIN.
849 2655 914 2665 —
945 2624 1145 2680 Romae
1164 2625 1256 2680 via
1284 2624 1529 2692 Aurelia,
1555 2623 1828 2680 milliario
1859 2622 2016 2678 deci-

377 2730 472 2771 mo
489 2712 678 2782 tertio,
695 2711 966 2769 nativitas
991 2713 1178 2770 sancti
1200 2713 1472 2770 Basilidis
1495 2715 1787 2786 martyris,
1811 2712 2018 2785 Tripo-

375 2804 466 2861 dis
483 2807 540 2860 et
559 2801 863 2870 Mandalis,
897 2805 1008 2858 sub
1040 2801 1355 2859 Aureliano
1387 2802 2017 2874 imperatore,praiside

376 2893 634 2959 Platone,
667 2895 725 2948 et
745 2889 994 2946 aliorum
1017 2890 1223 2962 viginti
1249 2896 1593 2962 martyrum.
1627 2891 1735 2944 Pro
1790 2889 2020 2961 Tripode

376 2985 572 3040 tamen
612 2985 666 3034 et
696 2977 952 3036 Mandale
975 2977 1035 3032 in
1067 2978 1420 3048 quibusdam
1449 2977 1750 3034 codicibus
1807 2980 1868 3032 in
1900 2979 2017 3033 Tri-

368 3068 492 3141 poli
520 3065 839 3136 Magdaletis
868 3064 1152 3137 scriptum
1181 3065 1483 3137 reperitur.

449 3166 664 3222 Eodem
718 3163 811 3220 die
868 3162 1022 3219 beati
1069 3163 1280 3220 Getulii
1340 3165 1614 3238 martyris
1654 3167 2020 3239 temporibus

366 3253 606 3312 Adriani
627 3252 1352 3326 imperatoris,subjudice
1367 3253 1716 3310 Licinio.Hie
1740 3255 1798 3310 in
1821 3257 2016 3314 omnis

367 3343 497 3418 lege
517 3343 714 3400 divina
733 3346 857 3398 erat
877 3341 1280 3407 doctissimus,
1311 3346 1368 3398 et
1398 3361 1500 3415 per
1537 3344 1665 3415 ejus
1687 3345 2014 3402 doctrinam

371 3433 544 3490 multi
569 3432 630 3487 in
678 3432 791 3487 fide
833 3431 1045 3488 Christi
1088 3431 1526 3488 crudiebantur.
1573 3433 1754 3504 Cujus
1795 3436 2012 3490 famam

365 3522 660 3579 Adrianus
679 3520 997 3594 imperator
1017 3521 1284 3590 audiens,
1310 3521 1520 3578 direxit
1548 3527 1834 3579 Cerealem
1856 3525 2009 3581 vica-

363 3611 518 3667 rium
545 3611 617 3668 ad
641 3611 960 3666 tenendum
983 3625 1118 3666 eum
1142 3626 1156 3664 :
1179 3610 1283 3665 sed
1303 3610 1502 3667 audito
1525 3612 1652 3683 ejus
1675 3613 1849 3669 verbo
1872 3615 2011 3670 veri-

357 3699 516 3770 tatis,
541 3699 788 3756 credidit
817 3699 877 3754 in
908 3698 1228 3768 Christum,
1261 3703 1319 3754 et
1374 3699 1702 3771 baptizatus
1759 3719 1792 3758 a
1839 3703 2007 3760 beato

358 3789 518 3847 Sixto
541 3805 715 3862 papa,
737 3803 841 3860 per
861 3787 1308 3844 instructionem
1337 3789 1526 3844 sancti
1556 3789 1768 3846 Getulii
1801 3791 1859 3846 in
1895 3793 2008 3848 fide

359 3877 576 3935 Christi
595 3877 958 3934 confortatus
979 3880 1087 3933 est.
1113 3877 1235 3942 Quo
1258 3877 1554 3934 Adrianus
1584 3885 1899 3951 comperto,
1922 3883 2008 3937 Li-

362 3966 584 4022 cinium
613 3965 980 4023 consularem
1011 3966 1240 4038 direxit,
1274 3970 1341 4022 ut
1385 3967 1674 4024 Cerealem
1723 3969 2003 4026 vicarium

359 4057 603 4110 teneret.
633 4054 779 4110 Cum
810 4070 924 4125 quo
983 4055 1189 4112 beatus
1247 4055 1516 4114 Getulius
1563 4061 1620 4113 et
1651 4058 1830 4115 frater
1873 4061 2002 4131 ejus

357 4142 872 4216 Amantius,atque
893 4144 1119 4201 amicus
1140 4160 1340 4200 eorum
1363 4147 1775 4204 sanctissimus
1795 4149 2001 4205 Primi-

357 4233 514 4290 tivus
539 4232 778 4300 inventi,
813 4232 1032 4305 pariter
1060 4239 1198 4289 sunt
1226 4235 1392 4301 tenti,
1425 4241 1484 4290 et
1505 4237 1681 4307 jussu
1737 4239 2001 4309 ejusdem

357 4322 564 4380 Licinii
593 4321 900 4396 exspoliati
931 4339 998 4378 ac
1028 4323 1180 4393 caesi,
1213 4339 1279 4378 ac
1311 4339 1412 4396 per
1439 4324 1647 4398 viginti
1679 4343 1743 4382 ac
1777 4334 2000 4402 septem

357 4413 483 4469 dies
513 4413 573 4468 in
596 4429 889 4469 carcerem
920 4417 1061 4469 sunt
1089 4412 1332 4470 detrusi.
1392 4414 1554 4470 Tunc
1609 4417 1847 4473 veniens
1892 4423 2000 4474 Ro-

357 4508 601 4569 mam,et
627 4502 880 4558 Adriano
903 4503 972 4559 de
994 4502 1333 4574 hujusmodi
1358 4504 1508 4560 facto
1532 4505 2000 4575 innotescens,ab

356 4606 424 4646 eo
444 4589 503 4645 in
536 4591 830 4647 mandatis
853 4593 1074 4664 accepit
1103 4598 1168 4648 ut
1189 4609 1393 4650 omnes
1425 4595 1559 4668 igne
1582 4602 1997 4652 concremaret.
2033 4591 2078 4656 D

358 4679 607 4734 Sanctus
639 4696 769 4735 vero
798 4679 1082 4747 Getulius,
1117 4698 1248 4738 cum
1299 4681 1358 4737 in
1404 4683 1538 4755 igne
1585 4685 2000 4755 superviveret,

357 4766 617 4824 fustibus
646 4769 849 4826 colliso
877 4770 1064 4842 capite
1115 4771 1461 4843 martyrium
1497 4771 1826 4844 complevit.
1861 4776 2004 4829 Con-

358 4856 642 4913 summati
671 4862 810 4913 sunt
838 4863 1038 4915 autem
1070 4860 1221 4916 beati
1256 4865 1540 4932 martyres
1591 4861 1648 4916 in
1681 4861 1859 4918 fundo
1891 4863 2001 4920 Ca-

356 4945 592 5018 preolis,
617 4947 710 5004 via
727 4947 974 5017 Salaria,
1003 4949 1074 5004 ab
1108 4950 1251 5005 urbe
1271 4954 1453 5006 Roma
1486 4949 1617 5023 plus
1647 4951 1846 5007 minus
1867 4953 1998 5007 mil-

353 5033 522 5092 liario
535 5037 761 5092 decimo
784 5036 972 5105 tertio,
990 5055 1170 5110 supra
1187 5039 1432 5094 fluvium
1453 5040 1732 5108 Tiberim,
1749 5041 1808 5095 in
1839 5047 2001 5114 parte

353 5123 786 5182 Sabiniensium
806 5169 816 5181 .
840 5127 1100 5192 Quorum
1133 5143 1378 5199 corpora
1408 5129 1825 5202 collegitbeata
1844 5132 2002 5204 Sym-

351 5213 625 5286 phorosa,
662 5232 802 5270 uxor
831 5214 1040 5270 Getulii
1075 5215 1350 5284 martyris
1373 5205 1521 5290 (quae
1545 5235 1658 5274 non
1679 5218 1848 5292 longe
1871 5227 2002 5294 post

351 5304 622 5360 eumdem
657 5304 850 5375 ipsum
885 5309 1202 5377 martyrem
1236 5322 1366 5361 cum
1430 5313 1653 5378 septem
1709 5309 1844 5365 filiis
1875 5311 2000 5367 suis

351 5391 1051 5466 martyrizavit,videlicet
1070 5394 1345 5452 vicesimo
1377 5396 1627 5469 septimo
1659 5398 1751 5454 die
1781 5400 2000 5456 mensis

350 5481 558 5551 Junii),
581 5487 638 5538 et
658 5482 931 5555 sepelivit
959 5501 1026 5541 ea
1055 5486 1112 5540 in
1147 5485 1362 5558 praedio
1389 5503 1494 5542 suo
1526 5487 1584 5542 in
1618 5489 1902 5559 arenario,
1939 5489 1998 5546 in

353 5569 482 5628 loco
497 5574 556 5626 et
575 5571 790 5644 Oppido
810 5589 989 5645 supra
1011 5575 1328 5631 nominato.

424 5668 778 5759 hicomedim
806 5671 993 5731 sancti
1012 5671 1323 5736 Zachariw.

2124 1910 2516 1982 discipuli,vel
2541 1911 2736 1982 potius
2757 1910 3198 1982 dispensatione
3224 1910 3402 1965 divina
3429 1911 3505 1965 ab
3534 1927 3608 1966 eo
3637 1927 3778 1966 eor-

2125 2017 2263 2073 pore
2293 1998 2535 2066 divisus,
2599 2003 2792 2055 mente
2845 2003 3042 2055 tamen
3105 2000 3323 2065 unitus,
3375 1998 3778 2054 nihilominus

2124 2107 2262 2146 evan
2272 2089 2464 2160 gelicoc
2480 2088 2907 2160 praedicationis
2921 2088 2976 2143 in
2979 2089 3254 2158 junctum
3281 2088 3391 2144 sibi
3411 2105 3562 2159 opus
3578 2088 3780 2160 exple.

2124 2179 2222 2232 vit.
2261 2183 2335 2233 De
2366 2180 2538 2248 cujus
2569 2178 2878 2234 sanctitate
2910 2195 3096 2234 unum
3125 2177 3282 2234 beati
3305 2183 3468 2233 Lucae
3497 2177 3775 2233 testimo—

2126 2268 2287 2323 nium
2322 2266 2592 2322 ﬁdelibus
2624 2267 2891 2322 sufficere
2923 2267 3177 2338 debebit,
3203 2267 3345 2339 quia
3364 2266 3638 2323 videlicet
3659 2271 3784 2323 erat

2127 2360 2210 2412 vir
2242 2357 2428 2423 bonus,
2457 2357 2656 2428 plenus
2707 2357 2922 2427 Spiritu
2973 2361 3159 2413 sancto
3212 2361 3262 2412 et
3314 2356 3423 2426 ﬁde
3475 2357 3640 2426 (Act,
3682 2357 3776 2426 ιιι).

2124 2446 2304 2517 Cujus
2336 2463 2548 2518 corpus
2578 2450 2842 2518 tempore
2899 2445 3146 2502 Zenonis
3199 2445 3602 2517 imperatoris,
3661 2446 3782 2518 ipso

2125 2535 2740 2606 revelante,repertum
2773 2539 2880 2590 est.
2904 2535 3007 2590 Hic
3037 2551 3215 2590 unam
3237 2535 3310 2589 ad
3333 2534 3779 2590 aedificationem

2127 2624 2394 2681 Ecclesiae
2427 2623 2814 2696 pertinentem
2846 2624 3154 2696 scripsisse
3212 2625 3399 2680 fertur
3449 2623 3778 2696 epistolam,

2128 2731 2254 2786 quae
2288 2719 2486 2770 tamen
2517 2714 2668 2769 inter
2697 2713 3059 2786 apocryphas
3091 2717 3424 2787 reputatur.

2202 2849 2415 2903 Eodem
2448 2847 2540 2903 die
2571 2848 2725 2920 apud
2757 2847 3102 2904 Corinthum
3160 2847 3482 2904 Sosthenis
3517 2848 3780 2922 discipuli

2130 2937 2280 2991 beati
2297 2935 2458 2991 Pauli
2505 2937 2770 3009 apostoli.
2801 2938 2906 3004 Qui
2938 2953 3072 2992 cum
3105 2937 3162 2992 in
3217 2936 3542 2994 Judaismo
3578 2937 3728 2994 male
3754 2955 3779 2992 ι

2130 3025 2425 3098 gentibus,
2459 3024 2722 3081 Gallione
2752 3023 3098 3096 proconsule
3129 3041 3242 3079 non
3279 3031 3557 3092 curante,
3591 3031 3786 3083 tracta—

2130 3120 2308 3182 retur,
2343 3115 2412 3169 ad
2447 3114 2961 3171 Christianismum
2992 3129 3332 3182 conversus,
3356 3115 3432 3170 ab
3465 3116 3601 3188 ipso
3629 3117 3790 3171 beato

2053 3216 2096 3284 ρ
2136 3203 2315 3260 Paulo
2337 3204 2393 3258 in
2421 3204 2758 3276 apostolicis
2785 3208 2875 3261 est
2897 3203 3102 3260 litteris
3125 3203 3452 3260 honorifice
3485 3221 3786 3262 commen-

2133 3295 2304 3350 datus
2337 3296 2386 3362 (Ι
2413 3293 2532 3350 Cor.
2569 3293 2629 3364 1).

2194 3403 2336 3458 Item
2361 3402 2516 3474 apud
2536 3399 2862 3471 Aquileiam
2887 3401 3163 3456 nativitas
3187 3406 3538 3457 sanctorum
3570 3409 3787 3476 marty-

2121 3509 2251 3546 rum
2278 3491 2480 3548 Felicis
2512 3495 2568 3546 et
2599 3490 2919 3557 Fortunati,
2951 3491 3062 3545 sub
3115 3491 3528 3562 persecutione
3560 3492 3788 3549 Diocle-

2118 3581 2261 3636 tiani
2291 3585 2346 3636 et
2365 3579 2700 3636 Maximiani
2715 3579 2793 3633 im
2804 3579 3416 3651 peratorum,pra:side
3429 3580 3788 3652 Euphemio.

2119 3670 2378 3736 Quicum
2400 3674 2598 3724 essent
2617 3668 2880 3741 germani
2911 3668 3122 3724 fratres
3155 3669 3269 3724 fide
3299 3668 3508 3724 Christi
3545 3669 3786 3726 ferven-

2118 3763 2224 3824 tes,
2250 3758 2542 3813 deferente
2564 3757 2808 3830 Apamio
2834 3757 2932 3829 qui
2957 3761 3080 3812 erat
3112 3774 3271 3812 unus
3301 3773 3362 3812 ex
3389 3756 3580 3811 ofﬁcio
3615 3775 3784 3829 pra:-

2116 3846 2282 3917 sidis,
2314 3846 2489 3902 vincti
2515 3847 2666 3902 ferro
2686 3845 3016 3919 Aquileiam
3040 3847 3232 3917 judici
3289 3845 3607 3917 Euphemio
3639 3847 3780 3918 per-

2116 3937 2431 3992 ducuntur.
2467 3936 2571 3991 Ubi
2605 3953 2738 3991 cum
2769 3934 3063 3991 Christum
3116 3935 3603 3991 constantissime
3635 3936 3793 3993 fate—

2115 4030 2335 4093 rentur,
2369 4027 2440 4080 ab
2469 4024 2834 4096 iratojudice
2857 4025 3111 4096 primum
3140 4025 3197 4078 in
3222 4022 3469 4096 equuleo
3503 4025 3793 4098 suspensi

2113 4119 2270 4185 sunt,
2300 4113 2641 4170 ardentibus
2673 4113 3042 4185 lampadibus
3065 4113 3221 4169 circa
3242 4112 3426 4170 latera
3447 4115 3755 4187 appositis
3778 4135 3794 4184 ;

2112 4205 2211 4260 sed
2241 4221 2393 4270 mox,
2421 4201 2808 4275 psallentibus
2833 4202 3214 4274 martyribus,
3273 4201 3622 4268 exstinctis,
3655 4204 3801 4261 inde

2111 4310 2214 4366 per
2241 4297 2498 4348 ventrem
2523 4291 2746 4346 ardenti
2772 4289 2896 4346 oleo
2919 4291 3138 4362 perfusi
3168 4316 3182 4358 ;
3207 4292 3275 4345 ad
3304 4291 3629 4359 ultimum,
3653 4293 3798 4349 dum

2109 4381 2168 4436 in
2191 4379 2555 4437 confessione
2577 4379 2786 4435 Christi
2822 4380 3231 4450 perdurarent,
3274 4381 3429 4435 foras
3475 4381 3799 4437 civitatem

2109 4472 2459 4540 ducti,juxta
2476 4467 2717 4524 ﬂuvium
2741 4467 2960 4522 civitati
2988 4469 3322 4539 proximum
3380 4469 3591 4541 capite
3625 4477 3802 4526 trun-

2109 4564 2336 4614 cantur.
2361 4559 2500 4613 Inde
2531 4561 2700 4612 nocte
2730 4574 2764 4612 a
2811 4555 3101 4628 religiosis
3156 4556 3300 4612 viris
3357 4558 3494 4628 ejus
3527 4560 3806 4615 civitatis

2111 4648 2348 4716 sublati,
2374 4665 2506 4702 cum
2534 4645 2902 4702 aromatibus
2925 4644 3171 4702 involuti
3196 4645 3677 4704 linteaminibus
3708 4665 3803 4704 oc-

2113 4738 2265 4793 culte
2295 4737 2510 4810 sepulti
2544 4741 2701 4791 sunt.
2733 4737 2805 4791 At
2835 4735 2986 4790 cives
3017 4735 3249 4790 Vicetia;
3292 4739 3806 4807 supervenientes

2111 4843 2311 4882 eorum
2337 4842 2580 4898 corpora
2630 4825 2952 4897 perducere
2973 4825 3041 4880 ad
3079 4841 3247 4880 suam
3281 4825 3599 4882 civitatem
3633 4828 3805 4884 Vice-

2111 4916 2250 4970 tiam
2278 4915 2635 4969 nitebantur.
2671 4914 2794 4969 Non
2830 4913 3305 4985 permittentibus
3361 4917 3579 4971 autem
3622 4918 3805 4989 Aqui-

2111 5004 2448 5072 leiensibus,
2484 5004 2601 5058 imo
2634 5003 3045 5068 renitentibus,
3078 5003 3316 5057 tandem
3347 5002 3443 5074 pia
3470 5007 3804 5062 contentio

2112 5095 2282 5150 finita
2302 5098 2390 5149 est
2412 5099 2559 5148 nutu
2581 5092 2798 5159 divino,
2833 5097 2896 5146 ut
2919 5092 3165 5147 Felicem
3215 5091 3542 5164 Vicentini,
3587 5096 3804 5152 Fortu-

2111 5190 2313 5240 natum
2348 5183 2631 5237 haberent
2664 5180 3090 5252 Aquileienses,
3126 5181 3206 5236 ita
3262 5186 3458 5237 tamen
3500 5189 3581 5238 ut
3623 5191 3802 5256 caput

2109 5273 2262 5328 beati
2295 5271 2501 5327 Felicis
2524 5271 2950 5342 Aquileienses,
2980 5274 3308 5342 caputvero
3341 5273 3542 5326 sancti
3586 5273 3799 5328 Fortu-

2109 5361 2232 5418 nati
2257 5360 2481 5416 Vicetia
2501 5359 2996 5422 sortiretur.Quod
3020 5360 3236 5414 l'actum
3259 5358 3318 5414 in
3340 5359 3530 5416 laude
3556 5359 3797 5418 Domini

2111 5450 2296 5506 nostri
2327 5448 2690 5505 JesuChristi
2714 5464 2902 5520 usque
2933 5447 3103 5503 hodie
3137 5452 3460 5520 permanet.

2181 5584 2374 5639 Romae
2398 5582 2662 5638 Anacleti
2687 5582 2975 5656 papae,qui
3009 5581 3234 5654 primus
3255 5582 3409 5638 beati
3439 5581 3626 5641 Petri
3658 5601 3790 5658 apo-

2106 5673 2241 5738 stoli
2261 5671 2607 5733 memoriam
2623 5671 2949 5733 construxit
2980 5676 3038 5732 et
3053 5670 3408 5756 composuit,
3436 5687 3598 5736 cum
3630 5691 3792 5758 pm:
