4012 6198
284 380 438 451 1105

1339 381 2057 449 MARTYROLOGIUM.
2088 414 2167 431 —
2197 382 2432 448 MENS.
2479 380 2651 448 JUN.

3540 376 3695 443 1106

277 520 445 593 byter
471 523 627 578 esset
653 518 959 577 ordinatus
984 518 1055 576 ab
1079 533 1167 589 eo,
1195 523 1252 575 et
1264 519 1435 590 juxta
1456 536 1669 592 corpus
1689 520 1815 590 ejus
1842 536 1930 575 se-
1956 521 2013 587 Α
2041 517 2102 573 in
2133 517 2226 574 die
2257 521 2591 574 sanctorum
2632 519 2957 590 martyrum
3006 512 3252 571 Protasii
3305 516 3364 570 et
3411 510 3694 588 Gervasii,

277 610 488 681 pultus
519 616 628 667 est.

352 717 401 771 ΙΙ
435 717 515 771 In.
544 717 683 772 JUN.
717 747 785 756 —
818 717 1016 771 Romae
1048 714 1321 770 nativitas
1361 716 1548 771 sancti
1580 715 1795 788 Cyrini.
1829 714 1936 779 Qui

270 804 447 876 jussu
478 805 701 861 Claudii
724 805 1097 877 imperatoris
1121 805 1383 875 secundi,
1409 809 1540 876 post
1564 805 1829 860 omnium
1854 806 1935 859 fa-

277 892 564 948 cultatum
598 892 978 959 ablationem,
1009 898 1065 947 et
1088 893 1381 947 diutinam
1409 894 1657 949 carceris
1681 909 1937 947 macera-

275 982 517 1047 tionem,
544 987 711 1037 nocte
733 981 1056 1036 decollatus
1081 986 1188 1051 est,
1214 986 1270 1036 et
1294 999 1507 1054 corpus
1529 982 1656 1052 ejus
1690 982 1746 1035 in
1768 982 1935 1037 Tibe-

274 1070 385 1126 rim
413 1072 757 1142 projectum.
800 1070 962 1137 Quod
994 1070 1053 1124 in
1076 1070 1360 1143 Lycaonia
1382 1070 1584 1125 insula
1607 1071 1932 1136 inventum,

275 1158 593 1215 honorifice
626 1177 658 1213 a
692 1159 965 1214 ﬁdelibus
996 1164 1085 1214 est
1113 1159 1431 1231 sepultum.
1467 1160 1710 1225 Quando
1741 1163 1935 1213 autem

274 1249 365 1303 vel
401 1249 702 1320 quomodo
735 1253 977 1303 Romam
1011 1248 1184 1303 fuerit
1216 1248 1591 1313 translatum,
1624 1248 1792 1303 nobis
1814 1247 1937 1319 qui-

274 1336 407 1393 dem
439 1343 528 1393 est
556 1338 946 1409 incognitum,
981 1338 1082 1392 sed
1116 1338 1283 1393 beato
1318 1338 1593 1411 Gregorio
1640 1338 1936 1392 credimus

272 1443 391 1482 non
423 1428 720 1499 ignotum.

350 1525 491 1579 Item
522 1525 715 1579 Romae
738 1524 983 1580 Naboris
1009 1528 1067 1579 et
1087 1524 1334 1579 Nazarii.
1388 1526 1543 1589 Quos
1591 1524 1767 1579 simul
1800 1541 1934 1579 cum

274 1614 565 1684 Gorgonio
598 1618 869 1684 martyre,
903 1630 1078 1684 quem
1132 1612 1191 1667 in
1241 1612 1643 1669 ecclesiastica
1682 1613 1935 1668 Historia

274 1707 415 1773 puto
436 1700 831 1773 designatum,
864 1701 1233 1773 permittente
1276 1702 1451 1757 Paulo
1478 1719 1629 1774 papa
1654 1706 1932 1770 Romano,

272 1789 577 1846 transtulit
599 1807 633 1846 a
654 1790 915 1846 Romain
958 1790 1229 1858 Galliam,
1279 1790 1387 1859 vel,
1430 1797 1492 1846 ut
1516 1791 1709 1846 verius
1730 1792 1931 1858 fatear,

268 1879 332 1935 in
349 1880 649 1935 Franciam
664 1880 965 1951 antiquam
992 1880 1391 1953 Ruodgangus
1414 1880 1689 1936 Metensis
1715 1880 1935 1951 episco-
1964 1896 2011 1960 Β

271 1983 403 2042 pus,
438 1986 590 2025 anno
635 1970 707 2024 ab
756 1969 1157 2025 incarnatione
1198 1969 1501 2024 Dominica
1532 1969 1929 2042 septingente-

273 2057 424 2114 simo
456 2060 819 2130 sexagesimo
844 2058 1069 2129 quinto,
1098 2063 1154 2113 et
1173 2058 1476 2113 collocavit
1500 2064 1769 2114 sanctum
1796 2062 1931 2113 Gor-

275 2146 519 2219 gonium
544 2146 603 2200 in
632 2145 986 2201 monasterio
1006 2148 1157 2217 quod
1184 2145 1398 2201 dicitur
1420 2147 1639 2213 Gorzia,
1661 2151 1929 2202 sanctum

192 2250 195 2251 '
274 2252 409 2291 vero
435 2234 723 2289 Naborem
748 2234 806 2289 in
829 2234 1183 2289 monasterio
1206 2234 1318 2289 alio
1341 2236 1499 2306 quod
1538 2235 1751 2290 dicitur
1776 2236 1931 2290 Nova

269 2323 443 2391 Cella,
470 2328 738 2379 sanctum
755 2340 987 2395 quoque
1004 2323 1311 2378 Nazarium
1330 2324 1389 2378 in
1405 2324 1757 2380 monasterio
1776 2324 1930 2396 quod

272 2412 489 2469 dicitur
515 2413 847 2483 Loresbam,
873 2413 969 2467 ubi
995 2412 1164 2485 signa
1201 2418 1258 2468 et
1299 2412 1585 2468 miracula
1606 2414 1661 2467 in
1693 2429 1929 2484 recupe-

276 2502 502 2556 ratione
546 2501 816 2557 sanitatis
872 2502 1243 2557 infirmorum
1292 2505 1349 2555 et
1406 2501 1685 2557 debilium
1719 2501 1932 2573 saepius

276 2590 690 2645 ostenduntur.

348 2692 563 2747 Eodem
586 2690 699 2756 die,
726 2688 1061 2757 Mediolani,
1099 2688 1375 2744 nativitas
1420 2694 1753 2745 sanctorum
1778 2706 1935 2744 mar-

275 2784 470 2851 tyrum
510 2778 737 2835 Nazarii
769 2786 825 2833 et
862 2778 1009 2833 Celsi
1062 2778 1247 2850 pueri.
1304 2779 1461 2833 Beati
1512 2778 1736 2834 Nazarii
1769 2784 1934 2850 pater

273 2867 605 2935 Africanus,
633 2872 821 2922 mater
846 2885 977 2922 vero
1002 2871 1306 2937 Perpetua,
1331 2885 1363 2922 a
1407 2870 1574 2923 beato
1596 2874 1765 2922 Petro
1790 2885 1932 2939 apo-

277 2955 426 3011 stolo
451 2956 753 3027 baptizati.
785 2957 912 3028 Ipse
936 2972 1070 3011 vero
1092 2960 1333 3011 sanctus
1352 2957 1632 3012 Nazarius
1668 2974 1700 3011 a
1732 2960 1931 3011 sancto

277 3043 574 3099 Clemente
606 3045 934 3099 instructus
968 3050 1024 3099 et
1053 3045 1381 3115 baptizatus
1414 3052 1521 3101 est.
1552 3048 1733 3111 Quem
1765 3052 1931 3100 Anu-

273 3132 435 3189 linus
468 3133 577 3187 sub
612 3134 770 3187 rabie
802 3135 1246 3203 persecutionis,
1305 3151 1431 3204 quze
1496 3151 1597 3204 per
1643 3134 1929 3189 Neronem

276 3220 523 3277 excitata
549 3224 655 3286 est,
689 3221 787 3275 diu
822 3227 1179 3277 maceratum
1210 3229 1264 3276 et
1297 3222 1577 3276 afflictum
1612 3222 1669 3275 in
1703 3237 1931 3276 carcere

280 3326 415 3364 cum
447 3309 788 3364 beatissimo
822 3326 1000 3381 puero
1030 3310 1212 3377 Celso,
1256 3327 1431 3380 quem
1480 3310 1633 3363 idem
1668 3310 1791 3380 ipse
1822 3325 1930 3362 nu-

278 3400 500 3466 trierat,
534 3398 727 3471 gladio
757 3398 911 3452 feriri
960 3399 1159 3469 jussit.
1192 3402 1449 3463 Quorum
1497 3415 1739 3469 corpora
1769 3397 1932 3453 Chri-

281 3488 455 3543 stiani
480 3487 655 3544 furati
680 3488 884 3560 quinto
898 3488 1189 3543 Kalendas
1210 3488 1455 3559 Augusti
1480 3487 1837 3559 sepelierunt
1858 3487 1936 3541 fo-

281 3578 361 3632 ris
384 3582 610 3649 portam
639 3593 765 3647 quae
803 3576 1020 3631 dicitur
1046 3577 1311 3633 Romana
1354 3578 1411 3631 in
1453 3576 1707 3648 propriis
1728 3576 1934 3631 hortis.

283 3663 700 3720 Revelaverunt
712 3668 908 3719 autem
924 3682 986 3720 se
1000 3665 1152 3719 beati
1166 3669 1449 3736 martyres
1462 3663 1939 3720 cuidamCaeratio

282 3754 540 3820 nomine,
566 3754 736 3823 cujus
762 3771 905 3809 uxor
933 3755 1266 3822 Fortunata,
1292 3760 1468 3827 etper
1490 3755 1681 3810 visum
1708 3771 1941 3809 monue-

284 3848 423 3898 runt
437 3858 499 3898 se
520 3842 801 3898 occultari
824 3847 1062 3914 propter
1078 3843 1299 3898 rabiem
1325 3843 1743 3914 persecutionis
1764 3859 1940 3913 quam

288 3932 437 3987 Nero
460 3930 681 4003 impius
705 3931 1075 3987 excitaverat.
1128 3932 1448 3987 Latuerunt
1480 3948 1613 3988 vero
1652 3949 1839 4004 usque
1871 3931 1941 3985 ad

299 4026 567 4094 tempora
624 4020 861 4076 Honorii
912 4026 969 4076 et
1021 4020 1253 4075 Arcadii
1308 4022 1747 4091 imperatorum.
1791 4023 1946 4085 Quos

285 4111 494 4166 beatus
526 4110 891 4175 Ambrosius,
925 4110 1169 4164 Domino
1191 4109 1504 4176 revelante,
1531 4112 1762 4182 reperit.
1789 4111 1949 4165 Pate-

289 4200 442 4255 facto
474 4204 670 4255 autem
698 4198 968 4271 sepulcro
1010 4200 1069 4253 in
1104 4215 1218 4269 quo
1265 4198 1498 4268 jacebat
1549 4215 1761 4271 corpus
1793 4199 1945 4254 beati

290 4288 538 4355 Nazarii,
573 4288 674 4360 qui
706 4288 1083 4360 quandonam
1142 4304 1353 4359 passus
1402 4288 1595 4355 fuerit,
1642 4292 1706 4342 ut
1744 4287 1950 4343 scribit

292 4382 538 4433 sanctus
562 4378 863 4445 Paulinus,
884 4393 1073 4447 usque
1090 4381 1230 4432 tunc
1250 4376 1531 4448 temporis
1546 4376 1947 4449 ignorabatur,

288 4466 563 4521 viderunt
583 4466 935 4538 sanguinem
957 4466 1233 4538 martyris
1258 4465 1335 4519 ita
1356 4470 1666 4531 recentem,
1687 4466 1783 4536 qui
1805 4483 1948 4537 prae-

290 4558 490 4609 sentes
521 4558 705 4619 erant,
735 4552 901 4625 quasi
924 4554 1127 4609 eodem
1152 4552 1247 4607 die
1267 4552 1473 4607 fuisset
1492 4554 1732 4607 effusus.
1768 4554 1953 4623 Caput

2046 606 2214 679 quasi
2246 607 2537 663 sociorum
2567 606 2939 679 synchronon
2985 604 3197 677 agitur.

2047 730 2166 802 (Ητό
2203 730 2594 787 desiderantur
2632 730 2840 802 aliquot
2883 728 3121 800 pagellae
3168 728 3229 781 in
3273 727 3699 798 manuscripto.)

2116 854 2434 910 Antiochiae
2468 858 2681 909 sanctae
2708 854 2944 909 Marinze
2974 851 3241 925 virginis,
3273 867 3400 922 quae
3433 868 3533 922 per
3579 850 3697 906 Oli-

2046 944 2239 999 brium
2272 944 2607 1015 praefectum
2640 942 2829 997 multa
2874 945 3167 997 tormenta
3213 956 3316 1012 pro
3346 939 3558 995 Christi
3588 957 3698 995 no-

2046 1032 2223 1102 mine,
2248 1034 2304 1087 id
2328 1032 2678 1102 estvincula,
2703 1048 3013 1102 carcerem,
3034 1028 3264 1102 ﬂagella
3284 1033 3340 1085 et
3355 1028 3696 1101 equuleum,

2044 1138 2321 1193 perpessa
2349 1125 2457 1177 est.
2491 1121 2674 1184 Quam
2707 1125 2764 1175 et
2794 1120 3064 1176 diabolus
3094 1120 3153 1173 in
3202 1119 3475 1174 draconis
3503 1118 3698 1189 specie

2045 1215 2214 1279 atque
2244 1209 2528 1280 .Ethiopis
2560 1225 2897 1281 aggressus,
2930 1208 3263 1264 subvertere
3292 1206 3559 1271 tentavit,
3592 1208 3694 1263 sed

2045 1316 2147 1371 per
2168 1299 2401 1370 signum
2427 1302 2642 1353 sanctae
2670 1298 2862 1353 crucis
2886 1297 3179 1369 eti'ugatus
3209 1302 3265 1352 et
3285 1300 3599 1369 superatus
3625 1296 3698 1352 ab

2043 1404 2112 1442 ea
2135 1387 2425 1443 discessit.
2447 1387 2775 1443 Novissime
2791 1403 2924 1442 vero
2942 1403 3046 1459 per
3065 1386 3335 1442 eumdem
3357 1386 3698 1457 prafectum

2045 1476 2347 1542 decollata,
2383 1477 2687 1532 mortalem
2714 1476 2894 1532 vitam
2924 1476 3157 1545 ﬁniens,
3211 1492 3405 1531 veram
3445 1479 3503 1531 et
3530 1479 3696 1532 (eter-

2044 1582 2181 1621 nam
2214 1583 2247 1620 a
2276 1564 2501 1621 Christo
2543 1565 2819 1637 percepit.

2121 1655 2404 1709 Ravennae
2436 1653 2730 1721 Macharii,
2766 1654 2990 1720 Felicis,
3020 1652 3253 1723 Emilii,
3286 1652 3557 1724 Crispini.

2116 1762 2258 1817 Xlll.
2292 1761 2425 1815 KAL.
2459 1760 2581 1815 Jun.
2614 1792 2682 1799 —-
2713 1759 3024 1815 Mediolani
3054 1760 3326 1815 nativitas
3357 1763 3696 1815 sanctorum

2044 1855 2365 1923 martyrum
2396 1849 2650 1906 Gervasii
2705 1853 2761 1904 et
2808 1848 3074 1905 Protasii.
3125 1849 3233 1913 Qui
3284 1847 3634 1916 beatissimi,
3669 1864 3704 1903 a

2043 1943 2245 1994 sancto
2273 1938 2449 1994 Paulo
2483 1938 2747 2011 apostolo
2774 1937 3069 2002 instructi,
3093 1954 3225 1993 cum
3249 1954 3352 2010 per
3370 1938 3571 1993 decem
3597 1954 3699 1992 an-

2039 2044 2147 2083 nos
2178 2028 2236 2082 in
2270 2044 2387 2083 uno
2418 2027 2713 2083 cmnaculo
2766 2026 3048 2094 conclusi,
3101 2026 3452 2081 lectionibus
3480 2029 3539 2081 et
3567 2042 3697 2081 ora-

2038 2116 2300 2172 tionibus
2332 2122 2508 2189 atque
2549 2117 2797 2188 jejuniis
2846 2119 3173 2182 vacassent,
3224 2115 3451 2170 decimo
3482 2130 3635 2169 anno
3665 2130 3700 2169 a

2042 2207 2419 2278 pontificibus
2432 2206 2789 2279 templorum
2802 2206 2957 2278 apud
2975 2204 3267 2261 Astatium
3285 2204 3557 2259 comitem
3572 2219 3701 2275 pro-

2041 2294 2168 2360 diti,
2190 2296 2336 2350 etab
2360 2296 2562 2351 eodem
2601 2294 2746 2350 tenti
2796 2300 2973 2365 atque
3022 2293 3358 2363 examinati,
3382 2293 3491 2348 hoc
3522 2291 3695 2348 modo

2042 2385 2113 2439 ad
2137 2384 2392 2455 palmam
2419 2384 2681 2454 martyrii
2702 2387 3108 2455 pervenerunt.
3131 2383 3277 2439 Cum
3294 2382 3452 2437 enim
3473 2397 3576 2437 nec
3594 2379 3697 2435 mi-

2042 2473 2137 2528 nis
2159 2488 2263 2529 nec
2286 2473 2708 2529 blandimentis
2734 2490 2833 2529 eos
2856 2472 3205 2544 compellere
3242 2470 3528 2543 potuisset
3549 2474 3613 2526 ut
3636 2485 3698 2527 se

2044 2562 2405 2618 Christianos
2436 2578 2565 2619 esse
2595 2567 2897 2635 negarent,
2934 2561 3281 2617 Gervasium
3312 2560 3552 2632 quidem
3577 2564 3702 2617 tan-

2044 2652 2139 2705 diu
2165 2651 2349 2721 jussit
2380 2650 2704 2723 plumbatis
2735 2650 2895 2721 caedi,
2930 2650 3192 2722 quandiu
3224 2649 3497 2722 spiritum
3528 2647 3701 2705 exha-

2043 2739 2219 2806 laret;
2250 2740 2578 2795 Protasium
2601 2756 2757 2804 vero,
2783 2739 3039 2795 fustibus
3060 2754 3299 2808 caesum,
3323 2738 3511 2810 capite
3530 2741 3699 2793 trun-

2041 2829 2179 2883 cari.
2214 2831 2473 2894 Quorum
2507 2846 2751 2901 corpora
2780 2828 3088 2901 Philippus
3118 2828 3206 2883 vir
3236 2826 3547 2900 religiosus
3578 2840 3698 2881 una

2042 2932 2175 2971 cum
2209 2917 2327 2972 filio
2358 2934 2463 2973 suo
2486 2917 2687 2972 furtim
2712 2917 2975 2984 abstulit,
2999 2921 3058 2972 et
3077 2918 3233 2971 intra
3252 2918 3494 2972 domum
3521 2928 3692 2971 suam

2041 3005 2099 3060 in
2124 3023 2257 3060 arca
2270 3023 2595 3062 marmorea
2607 3005 2891 3078 sepelivit.
2908 3007 3055 3061 Eoru
3068 3007 3262 3061 mdem
3275 3022 3409 3061 vero
3422 3001 3693 3075 sepulcra

2041 3094 2229 3149 multa
2261 3100 2391 3166 post
2438 3102 2702 3167 tempora
2760 3097 2871 3151 sub
2929 3094 3258 3151 Theodosio
3314 3094 3688 3165 imperatore,

2044 3182 2285 3236 Domino
2308 3183 2615 3247 revelante,
2642 3185 2847 3238 beatus
2874 3184 3223 3238 Ambrosius
3253 3182 3489 3254 reperit,
3529 3185 3587 3236 et
3609 3181 3689 3236 ita

1961 3261 2002 3326 C
2042 3270 2378 3339 incorrupta
2407 3287 2649 3340 corpora
2677 3287 2901 3340 eorum,
2936 3288 3001 3325 ac
3027 3271 3074 3325 si
3101 3272 3305 3325 eodem
3328 3270 3420 3323 die
3443 3268 3694 3323 fuissent

2044 3357 2396 3429 interempti.
2456 3360 2591 3421 Quae
2625 3375 2758 3412 cum
2819 3359 2878 3412 in
2923 3358 3126 3412 urbem
3157 3358 3689 3422 introducerentur,

2044 3446 2282 3518 quidam
2318 3447 2414 3501 diu
2446 3462 2633 3502 caecus
2666 3446 2855 3501 teretri
2890 3450 3048 3501 tactu
3081 3446 3278 3502 lumen
3312 3444 3545 3517 recepit.

2120 3536 2260 3591 Item
2292 3534 2532 3606 ibidem,
2558 3538 2728 3607 juxta
2754 3534 3230 3607 Martyrologium
3277 3532 3463 3590 sancti
3496 3533 3691 3590 Hiero-

2048 3625 2229 3697 nymi,
2264 3624 2537 3680 nativitas
2567 3625 2753 3680 sancti
2785 3624 3008 3681 Nazarii
3040 3629 3097 3679 et
3123 3621 3271 3679 Celsi
3303 3622 3489 3695 pueri.

2124 3715 2283 3786 Apud
2309 3719 2640 3769 Ravennam
2662 3713 2849 3769 sancti
2873 3712 3119 3769 Ursicini
3143 3712 3439 3785 martyris,
3462 3712 3563 3783 qui
3588 3712 3697 3768 sub

2045 3803 2243 3874 judice
2274 3804 2514 3859 Paulino
2547 3808 2678 3875 post
2708 3803 2891 3859 nimia
2910 3806 3204 3857 tormenta
3231 3802 3291 3856 in
3334 3799 3702 3857 confessione

2056 3891 2284 3947 Domini
2311 3892 2634 3949 immobilis
2664 3907 3037 3965 permanens,
3083 3890 3289 3963 capitis
3344 3888 3704 3946 abseissione

2056 3981 2401 4053 martyrium
2433 3981 2867 4037 consummavit
2896 3979 3281 4052 sepultusque
3310 3983 3398 4035 est
3418 3978 3476 4033 in
3498 3978 3702 4034 eadem

2056 4071 2199 4125 urbe
2232 4088 2266 4125 a
2296 4071 2463 4125 beato
2497 4069 2699 4139 Vitale,
2730 4073 2896 4141 patre
2952 4074 3292 4125 sanctorum
3352 4067 3614 4125 Gervasii
3648 4071 3707 4124 et

2055 4158 2322 4214 Protasii.

2129 4248 2323 4303 Romae
2351 4246 2625 4320 Sylvestri
2657 4264 2840 4320 papae,
2875 4248 2975 4320 qui
3008 4247 3160 4303 sedit
3207 4263 3359 4302 anno
3403 4262 3539 4302 uno.
3571 4244 3705 4311 Qui,

2059 4338 2454 4391 consentiente
2474 4336 2808 4392 Justinianu
2832 4337 3203 4408 imperatore,
3225 4353 3259 4391 a
3293 4333 3562 4391 Vilisario
3578 4335 3704 4405 [Be-

2062 4424 2287 4494 lisurio]
2322 4425 2563 4496 patricio
2591 4426 2914 4497 depositus,
2948 4432 3004 4480 et
3034 4424 3357 4480 monachus
3403 4423 3612 4490 factus,
3647 4422 3706 4478 in

2060 4514 2265 4570 exsilio
2296 4515 2594 4569 confessor
2624 4516 2889 4569 moritur.

292 4642 471 4699 etiam
502 4616 721 4715 ipsius,
748 4616 903 4715 quod
939 4644 1010 4697 ab
1033 4641 1230 4713 impiis
1264 4642 1450 4697 fuerat
1488 4616 1940 4709 abscissumJite

2134 4620 2254 4675 XII.
2292 4622 2427 4675 KAL.
2460 4621 2589 4677 Jun.
2624 4652 2691 4660 —
2720 4620 2917 4675 Romae
2947 4618 3231 4691 depositio
3281 4618 3433 4673 beati
3481 4616 3709 4685 Novati,

262 4762 265 4765 ν
292 4732 590 4805 integrum
613 4736 785 4802 atque
810 4732 1218 4803 incorruptum
1258 4746 1391 4785 cum
1416 4729 1641 4801 capillis
1663 4731 1869 4802 capitis
1900 4734 1957 4785 et

297 4822 499 4890 barba,
526 4824 592 4875 ut
615 4819 916 4876 videretur
934 4819 1137 4875 eodem
1166 4824 1427 4889 tempore
1478 4835 1594 4888 quo
1634 4818 1954 4887 levabatur,

297 4908 486 4965 lotum
519 4914 698 4981 atque
728 4910 1121 4980 compositum
1155 4909 1215 4962 in
1247 4906 1517 4978 sepulcro
1542 4925 1555 4971 ;
1585 4909 1758 4962 etiam
1782 4908 1957 4963 odore

296 5002 460 5054 tanto
492 4998 696 5071 repleti
731 5003 892 5066 sunt,
926 5002 990 5053 ut
1019 4997 1287 5053 omnium
1339 5000 1669 5051 aromatum
1700 4996 1959 5052 vinceret

296 5088 651 5143 suavitatem
676 5104 690 5142 :
718 5104 833 5159 quo
856 5088 1042 5143 levato
1064 5090 1121 5141 et
1142 5086 1201 5140 in
1226 5085 1433 5141 lectica
1474 5086 1815 5157 composito,
1838 5090 1955 5141 sta-

298 5176 405 5231 tim
440 5177 512 5232 ad
547 5180 818 5232 sanctum
843 5176 1074 5232 Celsum
1135 5178 1471 5246 martyrem,
1517 5173 1616 5243 qui
1666 5174 1724 5228 in
1755 5176 1958 5229 eodem

302 5265 471 5320 horto
503 5264 735 5337 positus
765 5267 907 5333 erat,
936 5264 1008 5317 ad
1057 5261 1381 5317 orationem
1435 5262 1691 5332 perrexit
1722 5267 1961 5317 sanctus

299 5354 632 5426 episcopus,
656 5358 714 5408 et
736 5358 1051 5423 utrumque
1074 5349 1377 5405 transtulit
1398 5351 1469 5405 ad
1490 5350 1789 5405 basilicam
1812 5353 1960 5423 Apo-

299 5441 585 5497 stolorum
617 5458 745 5512 quae
798 5446 887 5495 est
941 5439 1002 5494 in
1061 5439 1343 5493 Romana.
1409 5438 1629 5493 Inventi
1680 5445 1875 5495 autem
1907 5446 1965 5495 et

298 5528 577 5583 translati
602 5534 741 5583 sunt
772 5528 958 5599 pridie
982 5526 1357 5581 IdusJunias.
1390 5526 1697 5582 Festivitas
1716 5545 1849 5583 vero
1870 5546 1963 5585 eo-

304 5632 442 5673 rum
476 5617 547 5671 de
579 5617 857 5689 martyrio
890 5616 1084 5688 agitur
1116 5616 1321 5686 quinto
1368 5614 1657 5671 Kalendas
1692 5618 1962 5689 Augusti.

312 5706 801 5764 Commemoratio
819 5708 1013 5763 tamen
1037 5720 1239 5761 eorum
1259 5703 1495 5776 publica
1509 5708 1568 5761 et
1589 5706 1968 5765 celeberrima

2064 4710 2259 4766 fratris
2286 4709 2576 4765 Timothei
2609 4709 2953 4781 presbyteri,
2985 4708 3086 4780 qui
3120 4725 3153 4763 a
3195 4706 3384 4763 beatis
3432 4705 3714 4779 apostolis

2064 4800 2275 4856 eruditi
2300 4804 2458 4855 sunt.
2493 4801 2566 4854 De
2588 4816 2703 4871 quo
2726 4798 2945 4853 Novato
2984 4798 3191 4853 scribit
3227 4800 3433 4853 Pastor
3452 4796 3511 4852 in
3533 4795 3716 4869 gestis

2069 4890 2440 4955 Pudentianaa
2454 4892 2509 4943 et
2525 4888 2742 4943 Praxed
2754 4888 2801 4943 is
2814 4888 3131 4959 virginum,
3147 4887 3303 4957 quod
3325 4889 3457 4957 post
3469 4888 3717 4941 mortem

2068 4979 2247 5033 beatae
2272 4976 2649 5032 Pudentiana
2669 4975 2941 5032 visitante
2961 4993 3022 5032 se
3043 4977 3213 5032 beato
3235 4974 3335 5030 Pio
3366 4973 3639 5045 episcopo
3662 4975 3722 5028 et

2068 5071 2272 5123 sancta
2300 5070 2577 5132 Praxene,
2611 5066 2925 5121 assistente
2954 5066 3131 5121 etiam
3175 5062 3502 5134 frequentia
3531 5060 3717 5134 pluri~

2069 5171 2301 5210 morum
2336 5158 2679 5227 martyrum,
2713 5154 3053 5226 migraverit
3081 5154 3154 5209 ad
3184 5151 3503 5208 Christum.

2144 5246 2204 5298 In
2221 5244 2419 5298 Tomis
2436 5244 2662 5299 civitate
2684 5243 2866 5313 Pauli,
2891 5242 3133 5315 Cyriaci,
3160 5240 3370 5310 Paulae,
3395 5238 3717 5310 Felicianaa,

2071 5332 2295 5399 Felicis,
2332 5330 2565 5397 Aimilii,
2598 5331 2827 5397 Vitatis,
2859 5331 3164 5403 Crispina,
3196 5327 3503 5401 Martyriaa.

2144 5422 2283 5476 Item
2316 5420 2622 5475 translatio
2653 5420 2839 5475 sancti
2870 5420 3102 5475 Zezonis
3135 5418 3430 5490 martyris.

2145 5529 2215 5582 XI
2250 5528 2385 5581 Kac.
2418 5527 2547 5581 JUL.
2590 5558 2647 5566 —
2682 5528 2742 5580 In
2766 5526 2987 5593 Sicilia,
3014 5526 3247 5581 civitate
3268 5522 3592 5596 Syracusis,
3618 5537 3722 5578 na-

2074 5617 2274 5671 tivitas
2306 5617 2642 5669 sanctorum
2676 5619 2999 5687 martyrum
3034 5613 3228 5669 Rufini
3259 5616 3316 5668 et
3347 5612 3587 5669 Martiis.

2078 5711 2271 5762 Romae
2298 5706 2511 5759 sanctae
2572 5703 2870 5759 Demetrias
2927 5703 3192 5777 virginis,
3249 5719 3379 5774 qua:
3430 5701 3543 5760 fuit
3569 5701 3725 5760 beati
