  <div class='ocr_page' id='page_1' title='image "/cluster/home/n/w/nwhite01/storage/ocr_20150623/131/hvd.32044054759923/561.png"; bbox 0 0 4012 6198; ppageno 0'>
   <div class='ocr_carea' id='block_1_1' title="bbox 374 343 532 424">
    <p class='ocr_par' dir='ltr' id='par_1_1' title="bbox 374 343 532 424">
     <span class='ocr_line' id='line_1_1' title="bbox 374 343 532 424; baseline -0.006 -16"><span class='ocrx_word' id='word_1_1' title='bbox 374 343 532 424; x_wconf 78' lang='grc'>1107</span> 
     </span>
    </p>
   </div>
   <div class='ocr_carea' id='block_1_2' title="bbox 1256 335 2895 407">
    <p class='ocr_par' dir='ltr' id='par_1_2' title="bbox 1256 335 2895 407">
     <span class='ocr_line' id='line_1_2' title="bbox 1256 335 2895 407; baseline 0.002 -4"><span class='ocrx_word' id='word_1_2' title='bbox 1256 339 1327 403; x_wconf 90' lang='grc' dir='ltr'>Β.</span> <span class='ocrx_word' id='word_1_3' title='bbox 1373 335 1721 404; x_wconf 80' lang='lat' dir='ltr'>NOTKERI</span> <span class='ocrx_word' id='word_1_4' title='bbox 1764 335 2102 402; x_wconf 89' lang='lat' dir='ltr'>BALBULI</span> <span class='ocrx_word' id='word_1_5' title='bbox 2147 337 2214 402; x_wconf 91' lang='lat' dir='ltr'>S.</span> <span class='ocrx_word' id='word_1_6' title='bbox 2261 338 2492 405; x_wconf 82' lang='lat' dir='ltr'>GALLI</span> <span class='ocrx_word' id='word_1_7' title='bbox 2534 338 2895 407; x_wconf 83' lang='lat' dir='ltr'><strong>MONACHI</strong></span> 
     </span>
    </p>
   </div>
   <div class='ocr_carea' id='block_1_3' title="bbox 3625 340 3781 408">
    <p class='ocr_par' dir='ltr' id='par_1_3' title="bbox 3625 340 3781 408">
     <span class='ocr_line' id='line_1_3' title="bbox 3625 340 3781 408; baseline 0.019 -3"><span class='ocrx_word' id='word_1_8' title='bbox 3625 340 3781 408; x_wconf 73' lang='grc'>1108</span> 
     </span>
    </p>
   </div>
   <div class='ocr_carea' id='block_1_4' title="bbox 373 474 3776 548">
    <p class='ocr_par' dir='ltr' id='par_1_4' title="bbox 373 474 3776 548">
     <span class='ocr_line' id='line_1_4' title="bbox 373 474 3776 548; baseline -0.001 -8"><span class='ocrx_word' id='word_1_9' title='bbox 373 479 572 540; x_wconf 87' lang='lat' dir='ltr'>Fausti</span> <span class='ocrx_word' id='word_1_10' title='bbox 593 477 733 535; x_wconf 81' lang='lat' dir='ltr'>ﬁlia.</span> <span class='ocrx_word' id='word_1_11' title='bbox 757 476 886 534; x_wconf 71' lang='lat' dir='ltr'>Haec</span> <span class='ocrx_word' id='word_1_12' title='bbox 904 491 1038 532; x_wconf 89' lang='lat' dir='ltr'>cum</span> <span class='ocrx_word' id='word_1_13' title='bbox 1053 475 1754 548; x_wconf 76' lang='lat' dir='ltr'>anteimpiumlulianum</span> <span class='ocrx_word' id='word_1_14' title='bbox 1777 491 1878 546; x_wconf 91' lang='lat' dir='ltr'>pro</span> <span class='ocrx_word' id='word_1_15' title='bbox 1904 475 2016 529; x_wconf 82' lang='lat' dir='ltr'>ﬁde</span> <span class='ocrx_word' id='word_1_16' title='bbox 2047 474 2101 540; x_wconf 81' lang='grc' dir='ltr'><strong>Α</strong></span> <span class='ocrx_word' id='word_1_17' title='bbox 2129 475 2374 532; x_wconf 88' lang='lat' dir='ltr'>Sebasta</span> <span class='ocrx_word' id='word_1_18' title='bbox 2390 477 2552 548; x_wconf 89' lang='lat' dir='ltr'>prius</span> <span class='ocrx_word' id='word_1_19' title='bbox 2571 477 2852 545; x_wconf 87' lang='lat' dir='ltr'>Samaria,</span> <span class='ocrx_word' id='word_1_20' title='bbox 2874 482 2932 534; x_wconf 89' lang='lat' dir='ltr'>et</span> <span class='ocrx_word' id='word_1_21' title='bbox 2947 481 3082 534; x_wconf 83' lang='lat' dir='ltr'>ante</span> <span class='ocrx_word' id='word_1_22' title='bbox 3104 475 3294 534; x_wconf 85' lang='lat' dir='ltr'>multa</span> <span class='ocrx_word' id='word_1_23' title='bbox 3313 474 3534 534; x_wconf 61' lang='lat' dir='ltr'>secula</span> <span class='ocrx_word' id='word_1_24' title='bbox 3549 477 3776 536; x_wconf 85' lang='lat' dir='ltr'>Sichem</span> 
     </span>
    </p>
   </div>
   <div class='ocr_carea' id='block_1_5' title="bbox 370 564 2018 636">
    <p class='ocr_par' dir='ltr' id='par_1_5' title="bbox 370 564 2018 636">
     <span class='ocr_line' id='line_1_5' title="bbox 370 564 2018 636; baseline -0.006 -8"><span class='ocrx_word' id='word_1_25' title='bbox 370 570 585 628; x_wconf 81' lang='lat' dir='ltr'>Christi</span> <span class='ocrx_word' id='word_1_26' title='bbox 619 569 1103 633; x_wconf 78' lang='lat' dir='ltr'>introduceretur,</span> <span class='ocrx_word' id='word_1_27' title='bbox 1130 567 1188 621; x_wconf 93' lang='lat' dir='ltr'>in</span> <span class='ocrx_word' id='word_1_28' title='bbox 1213 567 1342 636; x_wconf 87' lang='lat' dir='ltr'>ejus</span> <span class='ocrx_word' id='word_1_29' title='bbox 1364 564 1725 621; x_wconf 83' lang='lat' dir='ltr'>confessione</span> <span class='ocrx_word' id='word_1_30' title='bbox 1747 565 2018 636; x_wconf 84' lang='lat' dir='ltr'>spiritum</span> 
     </span>
    </p>
   </div>
   <div class='ocr_carea' id='block_1_6' title="bbox 373 655 2016 731">
    <p class='ocr_par' dir='ltr' id='par_1_6' title="bbox 373 655 2016 731">
     <span class='ocr_line' id='line_1_6' title="bbox 373 655 2016 731; baseline -0.004 -15"><span class='ocrx_word' id='word_1_31' title='bbox 373 660 587 726; x_wconf 85' lang='lat' dir='ltr'>emisit,</span> <span class='ocrx_word' id='word_1_32' title='bbox 622 657 964 731; x_wconf 89' lang='lat' dir='ltr'>sepultaque</span> <span class='ocrx_word' id='word_1_33' title='bbox 990 661 1077 711; x_wconf 89' lang='lat' dir='ltr'>est</span> <span class='ocrx_word' id='word_1_34' title='bbox 1107 674 1139 711; x_wconf 89' lang='lat' dir='ltr'>a</span> <span class='ocrx_word' id='word_1_35' title='bbox 1181 657 1346 711; x_wconf 90' lang='lat' dir='ltr'>beato</span> <span class='ocrx_word' id='word_1_36' title='bbox 1394 656 1617 711; x_wconf 83' lang='lat' dir='ltr'>Joanne</span> <span class='ocrx_word' id='word_1_37' title='bbox 1662 655 2016 726; x_wconf 84' lang='lat' dir='ltr'>presbytero.</span> 
     </span>
    </p>
   </div>
   <div class='ocr_carea' id='block_1_7' title="bbox 364 743 2014 821">
    <p class='ocr_par' dir='ltr' id='par_1_7' title="bbox 364 743 2014 821">
     <span class='ocr_line' id='line_1_7' title="bbox 364 743 2014 821; baseline -0.005 -16"><span class='ocrx_word' id='word_1_38' title='bbox 364 752 536 821; x_wconf 83' lang='lat' dir='ltr'>juxta</span> <span class='ocrx_word' id='word_1_39' title='bbox 559 753 803 804; x_wconf 87' lang='lat' dir='ltr'>matrem</span> <span class='ocrx_word' id='word_1_40' title='bbox 829 763 994 802; x_wconf 90' lang='lat' dir='ltr'>suam</span> <span class='ocrx_word' id='word_1_41' title='bbox 1016 746 1315 801; x_wconf 86' lang='lat' dir='ltr'>Dafrosam</span> <span class='ocrx_word' id='word_1_42' title='bbox 1341 748 1395 800; x_wconf 90' lang='lat' dir='ltr'>et</span> <span class='ocrx_word' id='word_1_43' title='bbox 1413 760 1668 800; x_wconf 85' lang='lat' dir='ltr'>sororem</span> <span class='ocrx_word' id='word_1_44' title='bbox 1692 743 2014 810; x_wconf 82' lang='lat' dir='ltr'>Vivianam,</span> 
     </span>
    </p>
   </div>
   <div class='ocr_carea' id='block_1_8' title="bbox 368 835 1272 911">
    <p class='ocr_par' dir='ltr' id='par_1_8' title="bbox 368 835 1272 911">
     <span class='ocr_line' id='line_1_8' title="bbox 368 835 1272 911; baseline -0.007 -17"><span class='ocrx_word' id='word_1_45' title='bbox 368 841 534 911; x_wconf 89' lang='lat' dir='ltr'>juxto</span> <span class='ocrx_word' id='word_1_46' title='bbox 567 836 848 908; x_wconf 87' lang='lat' dir='ltr'>palatium</span> <span class='ocrx_word' id='word_1_47' title='bbox 884 835 1272 890; x_wconf 85' lang='lat' dir='ltr'>Licinianum.</span> 
     </span>
    </p>
   </div>
   <div class='ocr_carea' id='block_1_9' title="bbox 443 923 2015 999">
    <p class='ocr_par' dir='ltr' id='par_1_9' title="bbox 443 923 2015 999">
     <span class='ocr_line' id='line_1_9' title="bbox 443 923 2015 999; baseline -0.004 -18"><span class='ocrx_word' id='word_1_48' title='bbox 443 928 611 999; x_wconf 85' lang='lat' dir='ltr'>Apud</span> <span class='ocrx_word' id='word_1_49' title='bbox 637 924 1074 997; x_wconf 84' lang='lat' dir='ltr'>Moguntiacum</span> <span class='ocrx_word' id='word_1_50' title='bbox 1097 925 1389 979; x_wconf 89' lang='lat' dir='ltr'>civitatem</span> <span class='ocrx_word' id='word_1_51' title='bbox 1418 923 1691 979; x_wconf 89' lang='lat' dir='ltr'>nativitas</span> <span class='ocrx_word' id='word_1_52' title='bbox 1714 923 1898 978; x_wconf 85' lang='lat' dir='ltr'>sancti</span> <span class='ocrx_word' id='word_1_53' title='bbox 1916 923 2015 976; x_wconf 77' lang='lat' dir='ltr'>Al-</span> 
     </span>
    </p>
   </div>
   <div class='ocr_carea' id='block_1_10' title="bbox 371 1013 2017 1087">
    <p class='ocr_par' dir='ltr' id='par_1_10' title="bbox 371 1013 2017 1087">
     <span class='ocr_line' id='line_1_10' title="bbox 371 1013 2017 1087; baseline -0.004 -14"><span class='ocrx_word' id='word_1_54' title='bbox 371 1019 508 1073; x_wconf 88' lang='lat' dir='ltr'>bani</span> <span class='ocrx_word' id='word_1_55' title='bbox 541 1016 836 1087; x_wconf 77' lang='lat' dir='ltr'>martyris,</span> <span class='ocrx_word' id='word_1_56' title='bbox 871 1015 970 1084; x_wconf 93' lang='lat' dir='ltr'>qui</span> <span class='ocrx_word' id='word_1_57' title='bbox 1031 1015 1138 1068; x_wconf 88' lang='lat' dir='ltr'>sub</span> <span class='ocrx_word' id='word_1_58' title='bbox 1198 1013 1521 1068; x_wconf 87' lang='lat' dir='ltr'>Theodosio</span> <span class='ocrx_word' id='word_1_59' title='bbox 1568 1013 1916 1084; x_wconf 87' lang='lat' dir='ltr'>imperatore</span> <span class='ocrx_word' id='word_1_60' title='bbox 1946 1013 2017 1067; x_wconf 93' lang='lat' dir='ltr'>de</span> 
     </span>
    </p>
   </div>
   <div class='ocr_carea' id='block_1_11' title="bbox 372 1101 2018 1174">
    <p class='ocr_par' dir='ltr' id='par_1_11' title="bbox 372 1101 2018 1174">
     <span class='ocr_line' id='line_1_11' title="bbox 372 1101 2018 1174; baseline -0.004 -13"><span class='ocrx_word' id='word_1_61' title='bbox 372 1105 568 1161; x_wconf 85' lang='lat' dir='ltr'>insula</span> <span class='ocrx_word' id='word_1_62' title='bbox 595 1104 836 1159; x_wconf 81' lang='lat' dir='ltr'>Namsia</span> <span class='ocrx_word' id='word_1_63' title='bbox 865 1119 1132 1174; x_wconf 88' lang='lat' dir='ltr'>pergens,</span> <span class='ocrx_word' id='word_1_64' title='bbox 1167 1119 1301 1156; x_wconf 91' lang='lat' dir='ltr'>cum</span> <span class='ocrx_word' id='word_1_65' title='bbox 1352 1107 1552 1156; x_wconf 88' lang='lat' dir='ltr'>sancto</span> <span class='ocrx_word' id='word_1_66' title='bbox 1603 1101 1931 1155; x_wconf 90' lang='lat' dir='ltr'>Theonesto</span> <span class='ocrx_word' id='word_1_67' title='bbox 1961 1106 2018 1155; x_wconf 92' lang='lat' dir='ltr'>et</span> 
     </span>
    </p>
   </div>
   <div class='ocr_carea' id='block_1_12' title="bbox 370 1185 2016 1261">
    <p class='ocr_par' dir='ltr' id='par_1_12' title="bbox 370 1185 2016 1261">
     <span class='ocr_line' id='line_1_12' title="bbox 370 1185 2016 1261; baseline -0.004 -10"><span class='ocrx_word' id='word_1_68' title='bbox 370 1195 516 1251; x_wconf 91' lang='lat' dir='ltr'>Urso</span> <span class='ocrx_word' id='word_1_69' title='bbox 548 1193 939 1249; x_wconf 84' lang='lat' dir='ltr'>Mediolanum</span> <span class='ocrx_word' id='word_1_70' title='bbox 972 1192 1146 1247; x_wconf 83' lang='lat' dir='ltr'>venit.</span> <span class='ocrx_word' id='word_1_71' title='bbox 1183 1191 1438 1261; x_wconf 86' lang='lat' dir='ltr'>Indeque</span> <span class='ocrx_word' id='word_1_72' title='bbox 1461 1189 1676 1255; x_wconf 87' lang='lat' dir='ltr'>exiens,</span> <span class='ocrx_word' id='word_1_73' title='bbox 1701 1185 2016 1244; x_wconf 81' lang='lat' dir='ltr'>auxiliante</span> 
     </span>
    </p>
   </div>
   <div class='ocr_carea' id='block_1_13' title="bbox 370 1279 2014 1354">
    <p class='ocr_par' dir='ltr' id='par_1_13' title="bbox 370 1279 2014 1354">
     <span class='ocr_line' id='line_1_13' title="bbox 370 1279 2014 1354; baseline -0.004 -15"><span class='ocrx_word' id='word_1_74' title='bbox 370 1284 636 1350; x_wconf 90' lang='lat' dir='ltr'>Domino,</span> <span class='ocrx_word' id='word_1_75' title='bbox 663 1283 922 1354; x_wconf 88' lang='lat' dir='ltr'>pervenit</span> <span class='ocrx_word' id='word_1_76' title='bbox 941 1283 1013 1336; x_wconf 91' lang='lat' dir='ltr'>ad</span> <span class='ocrx_word' id='word_1_77' title='bbox 1046 1281 1282 1347; x_wconf 88' lang='lat' dir='ltr'>Gallias,</span> <span class='ocrx_word' id='word_1_78' title='bbox 1309 1285 1366 1334; x_wconf 91' lang='lat' dir='ltr'>et</span> <span class='ocrx_word' id='word_1_79' title='bbox 1389 1280 1445 1333; x_wconf 90' lang='lat' dir='ltr'>in</span> <span class='ocrx_word' id='word_1_80' title='bbox 1486 1280 1763 1334; x_wconf 89' lang='lat' dir='ltr'>servitute</span> <span class='ocrx_word' id='word_1_81' title='bbox 1784 1279 2014 1334; x_wconf 89' lang='lat' dir='ltr'>Domini</span> 
     </span>
    </p>
   </div>
   <div class='ocr_carea' id='block_1_14' title="bbox 369 1367 2016 1445">
    <p class='ocr_par' dir='ltr' id='par_1_14' title="bbox 369 1367 2016 1445">
     <span class='ocr_line' id='line_1_14' title="bbox 369 1367 2016 1445; baseline -0.004 -16"><span class='ocrx_word' id='word_1_82' title='bbox 369 1389 768 1445; x_wconf 86' lang='lat' dir='ltr'>perseverans,</span> <span class='ocrx_word' id='word_1_83' title='bbox 788 1375 844 1425; x_wconf 90' lang='lat' dir='ltr'>et</span> <span class='ocrx_word' id='word_1_84' title='bbox 863 1372 933 1425; x_wconf 91' lang='lat' dir='ltr'>ad</span> <span class='ocrx_word' id='word_1_85' title='bbox 957 1369 1300 1440; x_wconf 76' lang='lat' dir='ltr'>martyrium</span> <span class='ocrx_word' id='word_1_86' title='bbox 1324 1384 1424 1438; x_wconf 88' lang='lat' dir='ltr'>pro</span> <span class='ocrx_word' id='word_1_87' title='bbox 1447 1367 1684 1422; x_wconf 87' lang='lat' dir='ltr'>nomine</span> <span class='ocrx_word' id='word_1_88' title='bbox 1704 1367 2016 1422; x_wconf 89' lang='lat' dir='ltr'>Salvatoris</span> 
     </span>
    </p>
   </div>
   <div class='ocr_carea' id='block_1_15' title="bbox 368 1456 2015 1534">
    <p class='ocr_par' dir='ltr' id='par_1_15' title="bbox 368 1456 2015 1534">
     <span class='ocr_line' id='line_1_15' title="bbox 368 1456 2015 1534; baseline -0.005 -15"><span class='ocrx_word' id='word_1_89' title='bbox 368 1467 698 1534; x_wconf 86' lang='lat' dir='ltr'>promptus,</span> <span class='ocrx_word' id='word_1_90' title='bbox 722 1464 1032 1532; x_wconf 88' lang='lat' dir='ltr'>postquam</span> <span class='ocrx_word' id='word_1_91' title='bbox 1054 1459 1113 1511; x_wconf 92' lang='lat' dir='ltr'>in</span> <span class='ocrx_word' id='word_1_92' title='bbox 1145 1456 1375 1510; x_wconf 87' lang='lat' dir='ltr'>civitate</span> <span class='ocrx_word' id='word_1_93' title='bbox 1397 1459 1660 1527; x_wconf 86' lang='lat' dir='ltr'>Augusta</span> <span class='ocrx_word' id='word_1_94' title='bbox 1685 1457 1888 1511; x_wconf 88' lang='lat' dir='ltr'>beatus</span> <span class='ocrx_word' id='word_1_95' title='bbox 1911 1456 2015 1511; x_wconf 88' lang='lat' dir='ltr'>Ur-</span> 
     </span>
    </p>
   </div>
   <div class='ocr_carea' id='block_1_16' title="bbox 369 1545 2016 1622">
    <p class='ocr_par' dir='ltr' id='par_1_16' title="bbox 369 1545 2016 1622">
     <span class='ocr_line' id='line_1_16' title="bbox 369 1545 2016 1622; baseline -0.005 -13"><span class='ocrx_word' id='word_1_96' title='bbox 369 1570 472 1608; x_wconf 86' lang='lat' dir='ltr'>sus</span> <span class='ocrx_word' id='word_1_97' title='bbox 487 1549 995 1622; x_wconf 88' lang='lat' dir='ltr'>martyriicursum</span> <span class='ocrx_word' id='word_1_98' title='bbox 1017 1545 1466 1611; x_wconf 86' lang='lat' dir='ltr'>consummavit,</span> <span class='ocrx_word' id='word_1_99' title='bbox 1492 1550 1732 1600; x_wconf 90' lang='lat' dir='ltr'>sanctus</span> <span class='ocrx_word' id='word_1_100' title='bbox 1753 1545 2016 1600; x_wconf 85' lang='lat' dir='ltr'>Albanus</span> 
     </span>
    </p>
   </div>
   <div class='ocr_carea' id='block_1_17' title="bbox 369 1634 2016 1707">
    <p class='ocr_par' dir='ltr' id='par_1_17' title="bbox 369 1634 2016 1707">
     <span class='ocr_line' id='line_1_17' title="bbox 369 1634 2016 1707; baseline -0.005 -11"><span class='ocrx_word' id='word_1_101' title='bbox 369 1658 502 1696; x_wconf 90' lang='lat' dir='ltr'>cum</span> <span class='ocrx_word' id='word_1_102' title='bbox 529 1640 853 1694; x_wconf 89' lang='lat' dir='ltr'>Theonesto</span> <span class='ocrx_word' id='word_1_103' title='bbox 877 1637 1309 1707; x_wconf 85' lang='lat' dir='ltr'>Magontiacum</span> <span class='ocrx_word' id='word_1_104' title='bbox 1334 1635 1610 1706; x_wconf 86' lang='lat' dir='ltr'>pervenit.</span> <span class='ocrx_word' id='word_1_105' title='bbox 1637 1634 1903 1705; x_wconf 88' lang='lat' dir='ltr'>Dumque</span> <span class='ocrx_word' id='word_1_106' title='bbox 1936 1635 2016 1688; x_wconf 90' lang='lat' dir='ltr'>ibi</span> 
     </span>
    </p>
   </div>
   <div class='ocr_carea' id='block_1_18' title="bbox 366 1723 2016 1797">
    <p class='ocr_par' dir='ltr' id='par_1_18' title="bbox 366 1723 2016 1797">
     <span class='ocr_line' id='line_1_18' title="bbox 366 1723 2016 1797; baseline -0.004 -12"><span class='ocrx_word' id='word_1_107' title='bbox 366 1730 608 1785; x_wconf 88' lang='lat' dir='ltr'>verbum</span> <span class='ocrx_word' id='word_1_108' title='bbox 641 1727 738 1781; x_wconf 89' lang='lat' dir='ltr'>Dei</span> <span class='ocrx_word' id='word_1_109' title='bbox 771 1725 1128 1797; x_wconf 67' lang='lat' dir='ltr'>praedicaret,</span> <span class='ocrx_word' id='word_1_110' title='bbox 1160 1723 1502 1796; x_wconf 77' lang='lat' dir='ltr'>martyrium</span> <span class='ocrx_word' id='word_1_111' title='bbox 1531 1723 1794 1794; x_wconf 86' lang='lat' dir='ltr'>explevit,</span> <span class='ocrx_word' id='word_1_112' title='bbox 1843 1727 1899 1778; x_wconf 92' lang='lat' dir='ltr'>et</span> <span class='ocrx_word' id='word_1_113' title='bbox 1927 1739 2016 1778; x_wconf 91' lang='lat' dir='ltr'>se-</span> 
     </span>
    </p>
   </div>
   <div class='ocr_carea' id='block_1_19' title="bbox 369 1813 1702 1890">
    <p class='ocr_par' dir='ltr' id='par_1_19' title="bbox 369 1813 1702 1890">
     <span class='ocr_line' id='line_1_19' title="bbox 369 1813 1702 1890; baseline -0.005 -17"><span class='ocrx_word' id='word_1_114' title='bbox 369 1817 568 1890; x_wconf 89' lang='lat' dir='ltr'>pultus</span> <span class='ocrx_word' id='word_1_115' title='bbox 589 1821 678 1872; x_wconf 91' lang='lat' dir='ltr'>est</span> <span class='ocrx_word' id='word_1_116' title='bbox 707 1816 785 1870; x_wconf 91' lang='lat' dir='ltr'>ibi</span> <span class='ocrx_word' id='word_1_117' title='bbox 809 1816 979 1886; x_wconf 86' lang='lat' dir='ltr'>juxta</span> <span class='ocrx_word' id='word_1_118' title='bbox 1009 1813 1345 1885; x_wconf 68' lang='lat' dir='ltr'>prasdictam</span> <span class='ocrx_word' id='word_1_119' title='bbox 1387 1813 1702 1868; x_wconf 87' lang='lat' dir='ltr'>civitatem.</span> 
     </span>
    </p>
   </div>
   <div class='ocr_carea' id='block_1_20' title="bbox 439 1901 1906 1975">
    <p class='ocr_par' dir='ltr' id='par_1_20' title="bbox 439 1901 1906 1975">
     <span class='ocr_line' id='line_1_20' title="bbox 439 1901 1906 1975; baseline -0.004 -13"><span class='ocrx_word' id='word_1_120' title='bbox 439 1909 504 1962; x_wconf 92' lang='lat' dir='ltr'>In</span> <span class='ocrx_word' id='word_1_121' title='bbox 536 1911 791 1961; x_wconf 60' lang='lat' dir='ltr'>Caesarea</span> <span class='ocrx_word' id='word_1_122' title='bbox 821 1903 1103 1975; x_wconf 87' lang='lat' dir='ltr'>depositio</span> <span class='ocrx_word' id='word_1_123' title='bbox 1136 1902 1318 1958; x_wconf 87' lang='lat' dir='ltr'>sancti</span> <span class='ocrx_word' id='word_1_124' title='bbox 1353 1901 1585 1956; x_wconf 84' lang='lat' dir='ltr'>Eusebii</span> <span class='ocrx_word' id='word_1_125' title='bbox 1631 1901 1906 1973; x_wconf 89' lang='lat' dir='ltr'>episcopi.</span> 
     </span>
    </p>
   </div>
   <div class='ocr_carea' id='block_1_21' title="bbox 439 2009 2014 2070">
    <p class='ocr_par' dir='ltr' id='par_1_21' title="bbox 439 2009 2014 2070">
     <span class='ocr_line' id='line_1_21' title="bbox 439 2009 2014 2070; baseline -0.004 0"><span class='ocrx_word' id='word_1_126' title='bbox 439 2016 506 2070; x_wconf 89' lang='lat' dir='ltr'>X.</span> <span class='ocrx_word' id='word_1_127' title='bbox 542 2015 678 2069; x_wconf 53' lang='grc' dir='ltr'><strong>ΚΑΙ».</strong></span> <span class='ocrx_word' id='word_1_128' title='bbox 732 2014 860 2067; x_wconf 86' lang='lat' dir='ltr'>JUL.</span> <span class='ocrx_word' id='word_1_129' title='bbox 893 2041 962 2050; x_wconf 95' lang='lat'><strong>—</strong></span> <span class='ocrx_word' id='word_1_130' title='bbox 993 2009 1307 2064; x_wconf 59' lang='lat' dir='ltr'>Antiochia</span> <span class='ocrx_word' id='word_1_131' title='bbox 1357 2009 1629 2064; x_wconf 89' lang='lat' dir='ltr'>nativitas</span> <span class='ocrx_word' id='word_1_132' title='bbox 1679 2013 2014 2064; x_wconf 89' lang='lat' dir='ltr'>sanctorum</span> 
     </span>
    </p>
   </div>
   <div class='ocr_carea' id='block_1_22' title="bbox 369 2097 2014 2176">
    <p class='ocr_par' dir='ltr' id='par_1_22' title="bbox 369 2097 2014 2176">
     <span class='ocr_line' id='line_1_22' title="bbox 369 2097 2014 2176; baseline -0.004 -16"><span class='ocrx_word' id='word_1_133' title='bbox 369 2110 693 2176; x_wconf 86' lang='lat' dir='ltr'>martyrum</span> <span class='ocrx_word' id='word_1_134' title='bbox 732 2099 1108 2173; x_wconf 70' lang='lat' dir='ltr'>Agathalicze,</span> <span class='ocrx_word' id='word_1_135' title='bbox 1139 2097 1380 2163; x_wconf 89' lang='lat' dir='ltr'>Juliani,</span> <span class='ocrx_word' id='word_1_136' title='bbox 1415 2098 1632 2167; x_wconf 87' lang='lat' dir='ltr'>Graphi</span> <span class='ocrx_word' id='word_1_137' title='bbox 1681 2103 1738 2152; x_wconf 89' lang='lat' dir='ltr'>et</span> <span class='ocrx_word' id='word_1_138' title='bbox 1765 2097 2014 2153; x_wconf 88' lang='lat' dir='ltr'>aliorum</span> 
     </span>
    </p>
   </div>
   <div class='ocr_carea' id='block_1_23' title="bbox 369 2187 2015 2265">
    <p class='ocr_par' dir='ltr' id='par_1_23' title="bbox 369 2187 2015 2265">
     <span class='ocr_line' id='line_1_23' title="bbox 369 2187 2015 2265; baseline -0.005 -14"><span class='ocrx_word' id='word_1_139' title='bbox 369 2195 837 2265; x_wconf 82' lang='lat' dir='ltr'>octingentorum</span> <span class='ocrx_word' id='word_1_140' title='bbox 851 2187 1316 2260; x_wconf 89' lang='lat' dir='ltr'>quatuordecim,</span> <span class='ocrx_word' id='word_1_141' title='bbox 1337 2201 1583 2257; x_wconf 87' lang='lat' dir='ltr'>quorum</span> <span class='ocrx_word' id='word_1_142' title='bbox 1605 2187 1844 2242; x_wconf 89' lang='lat' dir='ltr'>nomina</span> <span class='ocrx_word' id='word_1_143' title='bbox 1860 2187 2015 2242; x_wconf 89' lang='lat' dir='ltr'>Deus</span> 
     </span>
    </p>
   </div>
   <div class='ocr_carea' id='block_1_24' title="bbox 365 2278 1170 2340">
    <p class='ocr_par' dir='ltr' id='par_1_24' title="bbox 365 2278 1170 2340">
     <span class='ocr_line' id='line_1_24' title="bbox 365 2278 1170 2340; baseline -0.012 0"><span class='ocrx_word' id='word_1_144' title='bbox 365 2284 542 2340; x_wconf 89' lang='lat' dir='ltr'>habet</span> <span class='ocrx_word' id='word_1_145' title='bbox 568 2282 629 2336; x_wconf 91' lang='lat' dir='ltr'>in</span> <span class='ocrx_word' id='word_1_146' title='bbox 661 2280 810 2335; x_wconf 90' lang='lat' dir='ltr'>libro</span> <span class='ocrx_word' id='word_1_147' title='bbox 833 2278 1170 2332; x_wconf 84' lang='lat' dir='ltr'>viventium.</span> 
     </span>
    </p>
   </div>
   <div class='ocr_carea' id='block_1_25' title="bbox 439 2360 2015 2436">
    <p class='ocr_par' dir='ltr' id='par_1_25' title="bbox 439 2360 2015 2436">
     <span class='ocr_line' id='line_1_25' title="bbox 439 2360 2015 2436; baseline -0.006 -8"><span class='ocrx_word' id='word_1_148' title='bbox 439 2375 498 2428; x_wconf 87' lang='lat' dir='ltr'>In</span> <span class='ocrx_word' id='word_1_149' title='bbox 517 2369 818 2426; x_wconf 88' lang='lat' dir='ltr'>Britannia</span> <span class='ocrx_word' id='word_1_150' title='bbox 840 2366 1028 2423; x_wconf 88' lang='lat' dir='ltr'>sancti</span> <span class='ocrx_word' id='word_1_151' title='bbox 1049 2365 1255 2420; x_wconf 89' lang='lat' dir='ltr'>Albani</span> <span class='ocrx_word' id='word_1_152' title='bbox 1280 2363 1569 2436; x_wconf 79' lang='lat' dir='ltr'>martyris,</span> <span class='ocrx_word' id='word_1_153' title='bbox 1613 2360 1711 2435; x_wconf 85' lang='lat' dir='ltr'>qui</span> <span class='ocrx_word' id='word_1_154' title='bbox 1755 2369 2015 2435; x_wconf 90' lang='lat' dir='ltr'>tempore</span> 
     </span>
    </p>
   </div>
   <div class='ocr_carea' id='block_1_26' title="bbox 364 2453 2016 2526">
    <p class='ocr_par' dir='ltr' id='par_1_26' title="bbox 364 2453 2016 2526">
     <span class='ocr_line' id='line_1_26' title="bbox 364 2453 2016 2526; baseline -0.007 -6"><span class='ocrx_word' id='word_1_155' title='bbox 364 2460 711 2520; x_wconf 87' lang='lat' dir='ltr'>Diocletiani</span> <span class='ocrx_word' id='word_1_156' title='bbox 739 2460 798 2513; x_wconf 89' lang='lat' dir='ltr'>in</span> <span class='ocrx_word' id='word_1_157' title='bbox 842 2455 1174 2518; x_wconf 85' lang='lat' dir='ltr'>Verolamio</span> <span class='ocrx_word' id='word_1_158' title='bbox 1223 2453 1452 2508; x_wconf 89' lang='lat' dir='ltr'>civitate</span> <span class='ocrx_word' id='word_1_159' title='bbox 1509 2458 1639 2525; x_wconf 91' lang='lat' dir='ltr'>post</span> <span class='ocrx_word' id='word_1_160' title='bbox 1667 2455 1929 2526; x_wconf 88' lang='lat' dir='ltr'>_verbera</span> <span class='ocrx_word' id='word_1_161' title='bbox 1959 2459 2016 2508; x_wconf 88' lang='lat' dir='ltr'>et</span> 
     </span>
    </p>
   </div>
   <div class='ocr_carea' id='block_1_27' title="bbox 364 2542 2014 2618">
    <p class='ocr_par' dir='ltr' id='par_1_27' title="bbox 364 2542 2014 2618">
     <span class='ocr_line' id='line_1_27' title="bbox 364 2542 2014 2618; baseline -0.008 -9"><span class='ocrx_word' id='word_1_162' title='bbox 364 2555 660 2609; x_wconf 89' lang='lat' dir='ltr'>tormenta</span> <span class='ocrx_word' id='word_1_163' title='bbox 689 2549 897 2604; x_wconf 89' lang='lat' dir='ltr'>acerba</span> <span class='ocrx_word' id='word_1_164' title='bbox 926 2546 1114 2618; x_wconf 85' lang='lat' dir='ltr'>capite</span> <span class='ocrx_word' id='word_1_165' title='bbox 1145 2544 1345 2616; x_wconf 86' lang='lat' dir='ltr'>plexus</span> <span class='ocrx_word' id='word_1_166' title='bbox 1377 2547 1484 2612; x_wconf 90' lang='lat' dir='ltr'>est,</span> <span class='ocrx_word' id='word_1_167' title='bbox 1518 2543 1614 2597; x_wconf 92' lang='lat' dir='ltr'>sed</span> <span class='ocrx_word' id='word_1_168' title='bbox 1657 2542 1757 2598; x_wconf 88' lang='lat' dir='ltr'>illo</span> <span class='ocrx_word' id='word_1_169' title='bbox 1807 2543 1862 2596; x_wconf 92' lang='lat' dir='ltr'>in</span> <span class='ocrx_word' id='word_1_170' title='bbox 1895 2547 2014 2597; x_wconf 84' lang='lat' dir='ltr'>ter-</span> 
     </span>
    </p>
   </div>
   <div class='ocr_carea' id='block_1_28' title="bbox 263 2631 2018 2705">
    <p class='ocr_par' dir='ltr' id='par_1_28' title="bbox 263 2631 2018 2705">
     <span class='ocr_line' id='line_1_28' title="bbox 263 2631 2018 2705; baseline -0.007 -7"><span class='ocrx_word' id='word_1_171' title='bbox 263 2648 267 2651; x_wconf 85' lang='grc'><strong>’</strong></span> <span class='ocrx_word' id='word_1_172' title='bbox 365 2659 491 2698; x_wconf 88' lang='lat' dir='ltr'>ram</span> <span class='ocrx_word' id='word_1_173' title='bbox 524 2640 784 2703; x_wconf 88' lang='lat' dir='ltr'>cadente,</span> <span class='ocrx_word' id='word_1_174' title='bbox 816 2635 967 2691; x_wconf 93' lang='lat' dir='ltr'>oculi</span> <span class='ocrx_word' id='word_1_175' title='bbox 998 2636 1125 2705; x_wconf 91' lang='lat' dir='ltr'>ejus</span> <span class='ocrx_word' id='word_1_176' title='bbox 1177 2634 1276 2705; x_wconf 89' lang='lat' dir='ltr'>qui</span> <span class='ocrx_word' id='word_1_177' title='bbox 1307 2649 1438 2687; x_wconf 90' lang='lat' dir='ltr'>eum</span> <span class='ocrx_word' id='word_1_178' title='bbox 1485 2631 1772 2702; x_wconf 91' lang='lat' dir='ltr'>percussit</span> <span class='ocrx_word' id='word_1_179' title='bbox 1800 2631 2018 2702; x_wconf 88' lang='lat' dir='ltr'>pariter</span> 
     </span>
    </p>
   </div>
   <div class='ocr_carea' id='block_1_29' title="bbox 363 2721 2016 2787">
    <p class='ocr_par' dir='ltr' id='par_1_29' title="bbox 363 2721 2016 2787">
     <span class='ocr_line' id='line_1_29' title="bbox 363 2721 2016 2787; baseline -0.007 0"><span class='ocrx_word' id='word_1_180' title='bbox 363 2729 720 2787; x_wconf 90' lang='lat' dir='ltr'>ceciderunt.</span> <span class='ocrx_word' id='word_1_181' title='bbox 754 2731 971 2781; x_wconf 87' lang='lat' dir='ltr'>Passus</span> <span class='ocrx_word' id='word_1_182' title='bbox 998 2728 1086 2779; x_wconf 90' lang='lat' dir='ltr'>est</span> <span class='ocrx_word' id='word_1_183' title='bbox 1111 2739 1244 2777; x_wconf 89' lang='lat' dir='ltr'>cum</span> <span class='ocrx_word' id='word_1_184' title='bbox 1273 2721 1367 2776; x_wconf 80' lang='lat' dir='ltr'>illo</span> <span class='ocrx_word' id='word_1_185' title='bbox 1399 2721 1573 2776; x_wconf 90' lang='lat' dir='ltr'>etiam</span> <span class='ocrx_word' id='word_1_186' title='bbox 1599 2737 1752 2775; x_wconf 91' lang='lat' dir='ltr'>unus</span> <span class='ocrx_word' id='word_1_187' title='bbox 1775 2721 1845 2776; x_wconf 92' lang='lat' dir='ltr'>de</span> <span class='ocrx_word' id='word_1_188' title='bbox 1867 2721 2016 2776; x_wconf 91' lang='lat' dir='ltr'>mili-</span> 
     </span>
    </p>
   </div>
   <div class='ocr_carea' id='block_1_30' title="bbox 364 2809 2013 2888">
    <p class='ocr_par' dir='ltr' id='par_1_30' title="bbox 364 2809 2013 2888">
     <span class='ocr_line' id='line_1_30' title="bbox 364 2809 2013 2888; baseline -0.006 -12"><span class='ocrx_word' id='word_1_189' title='bbox 364 2821 638 2888; x_wconf 90' lang='lat' dir='ltr'>tibus,eo</span> <span class='ocrx_word' id='word_1_190' title='bbox 661 2816 815 2888; x_wconf 93' lang='lat' dir='ltr'>quod</span> <span class='ocrx_word' id='word_1_191' title='bbox 858 2830 993 2869; x_wconf 89' lang='lat' dir='ltr'>eum</span> <span class='ocrx_word' id='word_1_192' title='bbox 1035 2813 1205 2867; x_wconf 88' lang='lat' dir='ltr'>ferire</span> <span class='ocrx_word' id='word_1_193' title='bbox 1243 2812 1469 2879; x_wconf 89' lang='lat' dir='ltr'>jussus,</span> <span class='ocrx_word' id='word_1_194' title='bbox 1511 2809 1781 2876; x_wconf 88' lang='lat' dir='ltr'>noluerit,</span> <span class='ocrx_word' id='word_1_195' title='bbox 1816 2810 2013 2866; x_wconf 90' lang='lat' dir='ltr'>divino</span> 
     </span>
    </p>
   </div>
   <div class='ocr_carea' id='block_1_31' title="bbox 365 2897 2018 2980">
    <p class='ocr_par' dir='ltr' id='par_1_31' title="bbox 365 2897 2018 2980">
     <span class='ocr_line' id='line_1_31' title="bbox 365 2897 2018 2980; baseline -0.007 -15"><span class='ocrx_word' id='word_1_196' title='bbox 365 2910 569 2980; x_wconf 87' lang='lat' dir='ltr'>utique</span> <span class='ocrx_word' id='word_1_197' title='bbox 585 2903 928 2978; x_wconf 87' lang='lat' dir='ltr'>perterritus</span> <span class='ocrx_word' id='word_1_198' title='bbox 942 2899 1396 2968; x_wconf 84' lang='lat' dir='ltr'>miraculo,quia</span> <span class='ocrx_word' id='word_1_199' title='bbox 1409 2897 1629 2953; x_wconf 86' lang='lat' dir='ltr'>viderat</span> <span class='ocrx_word' id='word_1_200' title='bbox 1642 2899 1871 2953; x_wconf 90' lang='lat' dir='ltr'>beatum</span> <span class='ocrx_word' id='word_1_201' title='bbox 1890 2916 2018 2954; x_wconf 88' lang='lat' dir='ltr'>mar</span> 
     </span>
    </p>
   </div>
   <div class='ocr_carea' id='block_1_32' title="bbox 366 2987 2012 3068">
    <p class='ocr_par' dir='ltr' id='par_1_32' title="bbox 366 2987 2012 3068">
     <span class='ocr_line' id='line_1_32' title="bbox 366 2987 2012 3068; baseline -0.005 -17"><span class='ocrx_word' id='word_1_202' title='bbox 366 3003 575 3068; x_wconf 90' lang='lat' dir='ltr'>tyrem,</span> <span class='ocrx_word' id='word_1_203' title='bbox 611 2993 721 3049; x_wconf 89' lang='lat' dir='ltr'>sibi</span> <span class='ocrx_word' id='word_1_204' title='bbox 754 2993 896 3045; x_wconf 90' lang='lat' dir='ltr'>dum</span> <span class='ocrx_word' id='word_1_205' title='bbox 928 2989 1001 3042; x_wconf 90' lang='lat' dir='ltr'>ad</span> <span class='ocrx_word' id='word_1_206' title='bbox 1034 3003 1308 3041; x_wconf 90' lang='lat' dir='ltr'>coronam</span> <span class='ocrx_word' id='word_1_207' title='bbox 1352 2987 1608 3055; x_wconf 87' lang='lat' dir='ltr'>martyrii</span> <span class='ocrx_word' id='word_1_208' title='bbox 1657 2994 2012 3058; x_wconf 88' lang='lat' dir='ltr'>properaret,</span> 
     </span>
    </p>
   </div>
   <div class='ocr_carea' id='block_1_33' title="bbox 369 3073 2013 3144">
    <p class='ocr_par' dir='ltr' id='par_1_33' title="bbox 369 3073 2013 3144">
     <span class='ocr_line' id='line_1_33' title="bbox 369 3073 2013 3144; baseline -0.005 -4"><span class='ocrx_word' id='word_1_209' title='bbox 369 3087 600 3140; x_wconf 86' lang='lat' dir='ltr'>alveum</span> <span class='ocrx_word' id='word_1_210' title='bbox 631 3079 825 3134; x_wconf 90' lang='lat' dir='ltr'>omnis</span> <span class='ocrx_word' id='word_1_211' title='bbox 873 3073 1222 3144; x_wconf 84' lang='lat' dir='ltr'>interpositi,</span> <span class='ocrx_word' id='word_1_212' title='bbox 1274 3074 1493 3128; x_wconf 90' lang='lat' dir='ltr'>orando</span> <span class='ocrx_word' id='word_1_213' title='bbox 1539 3076 2013 3131; x_wconf 88' lang='lat' dir='ltr'>transmeabilem</span> 
     </span>
    </p>
   </div>
   <div class='ocr_carea' id='block_1_34' title="bbox 366 3162 2016 3233">
    <p class='ocr_par' dir='ltr' id='par_1_34' title="bbox 366 3162 2016 3233">
     <span class='ocr_line' id='line_1_34' title="bbox 366 3162 2016 3233; baseline -0.006 -4"><span class='ocrx_word' id='word_1_214' title='bbox 366 3170 714 3229; x_wconf 88' lang='lat' dir='ltr'>reddidisse.</span> <span class='ocrx_word' id='word_1_215' title='bbox 743 3166 864 3230; x_wconf 92' lang='lat' dir='ltr'>Quo</span> <span class='ocrx_word' id='word_1_216' title='bbox 896 3165 957 3219; x_wconf 87' lang='lat' dir='ltr'>in</span> <span class='ocrx_word' id='word_1_217' title='bbox 978 3167 1240 3233; x_wconf 90' lang='lat' dir='ltr'>tempore</span> <span class='ocrx_word' id='word_1_218' title='bbox 1262 3162 1585 3233; x_wconf 89' lang='lat' dir='ltr'>persecutio</span> <span class='ocrx_word' id='word_1_219' title='bbox 1607 3164 2016 3220; x_wconf 89' lang='lat' dir='ltr'>crudelissima</span> 
     </span>
    </p>
   </div>
   <div class='ocr_carea' id='block_1_35' title="bbox 366 3250 2011 3323">
    <p class='ocr_par' dir='ltr' id='par_1_35' title="bbox 366 3250 2011 3323">
     <span class='ocr_line' id='line_1_35' title="bbox 366 3250 2011 3323; baseline -0.006 -4"><span class='ocrx_word' id='word_1_220' title='bbox 366 3260 576 3320; x_wconf 90' lang='lat' dir='ltr'>Oceani</span> <span class='ocrx_word' id='word_1_221' title='bbox 635 3256 883 3312; x_wconf 90' lang='lat' dir='ltr'>limbum</span> <span class='ocrx_word' id='word_1_222' title='bbox 943 3253 1002 3308; x_wconf 89' lang='lat' dir='ltr'>in</span> <span class='ocrx_word' id='word_1_223' title='bbox 1042 3250 1340 3306; x_wconf 88' lang='lat' dir='ltr'>Britannia</span> <span class='ocrx_word' id='word_1_224' title='bbox 1397 3255 1783 3323; x_wconf 84' lang='lat' dir='ltr'>transgressa,</span> <span class='ocrx_word' id='word_1_225' title='bbox 1835 3254 2011 3309; x_wconf 90' lang='lat' dir='ltr'>etiam</span> 
     </span>
    </p>
   </div>
   <div class='ocr_carea' id='block_1_36' title="bbox 362 3340 2010 3413">
    <p class='ocr_par' dir='ltr' id='par_1_36' title="bbox 362 3340 2010 3413">
     <span class='ocr_line' id='line_1_36' title="bbox 362 3340 2010 3413; baseline -0.006 -5"><span class='ocrx_word' id='word_1_226' title='bbox 362 3357 554 3408; x_wconf 83' lang='lat' dir='ltr'>Aaron</span> <span class='ocrx_word' id='word_1_227' title='bbox 579 3354 634 3404; x_wconf 87' lang='lat' dir='ltr'>et</span> <span class='ocrx_word' id='word_1_228' title='bbox 653 3346 877 3404; x_wconf 89' lang='lat' dir='ltr'>Julium</span> <span class='ocrx_word' id='word_1_229' title='bbox 901 3360 1034 3399; x_wconf 90' lang='lat' dir='ltr'>cum</span> <span class='ocrx_word' id='word_1_230' title='bbox 1057 3340 1190 3396; x_wconf 90' lang='lat' dir='ltr'>aliis</span> <span class='ocrx_word' id='word_1_231' title='bbox 1212 3340 1562 3412; x_wconf 85' lang='lat' dir='ltr'>octingentis</span> <span class='ocrx_word' id='word_1_232' title='bbox 1586 3342 1883 3413; x_wconf 84' lang='lat' dir='ltr'>octoginta</span> <span class='ocrx_word' id='word_1_233' title='bbox 1905 3359 2010 3398; x_wconf 91' lang='lat' dir='ltr'>no-</span> 
     </span>
    </p>
   </div>
   <div class='ocr_carea' id='block_1_37' title="bbox 360 3431 1264 3498">
    <p class='ocr_par' dir='ltr' id='par_1_37' title="bbox 360 3431 1264 3498">
     <span class='ocr_line' id='line_1_37' title="bbox 360 3431 1264 3498; baseline -0.017 0"><span class='ocrx_word' id='word_1_234' title='bbox 360 3458 491 3498; x_wconf 90' lang='lat' dir='ltr'>vem</span> <span class='ocrx_word' id='word_1_235' title='bbox 523 3437 674 3494; x_wconf 88' lang='lat' dir='ltr'>felici</span> <span class='ocrx_word' id='word_1_236' title='bbox 707 3451 910 3490; x_wconf 90' lang='lat' dir='ltr'>cruore</span> <span class='ocrx_word' id='word_1_237' title='bbox 949 3431 1264 3488; x_wconf 88' lang='lat' dir='ltr'>damnavit.</span> 
     </span>
    </p>
   </div>
   <div class='ocr_carea' id='block_1_38' title="bbox 431 3518 2006 3594">
    <p class='ocr_par' dir='ltr' id='par_1_38' title="bbox 431 3518 2006 3594">
     <span class='ocr_line' id='line_1_38' title="bbox 431 3518 2006 3594; baseline -0.006 -10"><span class='ocrx_word' id='word_1_238' title='bbox 431 3533 495 3584; x_wconf 91' lang='lat' dir='ltr'>In</span> <span class='ocrx_word' id='word_1_239' title='bbox 515 3528 747 3584; x_wconf 89' lang='lat' dir='ltr'>civitate</span> <span class='ocrx_word' id='word_1_240' title='bbox 765 3521 1094 3594; x_wconf 64' lang='lat' dir='ltr'>Campaniae</span> <span class='ocrx_word' id='word_1_241' title='bbox 1117 3520 1256 3574; x_wconf 91' lang='lat' dir='ltr'>Nola</span> <span class='ocrx_word' id='word_1_242' title='bbox 1275 3518 1459 3574; x_wconf 89' lang='lat' dir='ltr'>sancti</span> <span class='ocrx_word' id='word_1_243' title='bbox 1479 3518 1702 3573; x_wconf 90' lang='lat' dir='ltr'>Paulini</span> <span class='ocrx_word' id='word_1_244' title='bbox 1727 3519 2006 3591; x_wconf 88' lang='lat' dir='ltr'>episcopi.</span> 
     </span>
    </p>
   </div>
   <div class='ocr_carea' id='block_1_39' title="bbox 355 3606 2005 3686">
    <p class='ocr_par' dir='ltr' id='par_1_39' title="bbox 355 3606 2005 3686">
     <span class='ocr_line' id='line_1_39' title="bbox 355 3606 2005 3686; baseline -0.007 -11"><span class='ocrx_word' id='word_1_245' title='bbox 355 3619 463 3685; x_wconf 89' lang='lat' dir='ltr'>Qui</span> <span class='ocrx_word' id='word_1_246' title='bbox 485 3635 548 3674; x_wconf 90' lang='lat' dir='ltr'>se</span> <span class='ocrx_word' id='word_1_247' title='bbox 567 3613 932 3686; x_wconf 88' lang='lat' dir='ltr'>temporibus</span> <span class='ocrx_word' id='word_1_248' title='bbox 953 3609 1394 3676; x_wconf 80' lang='lat' dir='ltr'>Wandalorum,</span> <span class='ocrx_word' id='word_1_249' title='bbox 1437 3606 1564 3662; x_wconf 89' lang='lat' dir='ltr'>aliis</span> <span class='ocrx_word' id='word_1_250' title='bbox 1585 3607 1860 3662; x_wconf 90' lang='lat' dir='ltr'>omnibus</span> <span class='ocrx_word' id='word_1_251' title='bbox 1881 3609 2005 3679; x_wconf 88' lang='lat' dir='ltr'>jam</span> 
     </span>
    </p>
   </div>
   <div class='ocr_carea' id='block_1_40' title="bbox 356 3696 2004 3776">
    <p class='ocr_par' dir='ltr' id='par_1_40' title="bbox 356 3696 2004 3776">
     <span class='ocr_line' id='line_1_40' title="bbox 356 3696 2004 3776; baseline -0.007 -12"><span class='ocrx_word' id='word_1_252' title='bbox 356 3706 679 3771; x_wconf 86' lang='lat' dir='ltr'>exhaustis,</span> <span class='ocrx_word' id='word_1_253' title='bbox 713 3720 818 3776; x_wconf 90' lang='lat' dir='ltr'>pro</span> <span class='ocrx_word' id='word_1_254' title='bbox 850 3701 968 3756; x_wconf 81' lang='lat' dir='ltr'>{ilio</span> <span class='ocrx_word' id='word_1_255' title='bbox 1001 3699 1310 3770; x_wconf 89' lang='lat' dir='ltr'>cujusdam</span> <span class='ocrx_word' id='word_1_256' title='bbox 1343 3698 1526 3751; x_wconf 80' lang='lat' dir='ltr'>viduae</span> <span class='ocrx_word' id='word_1_257' title='bbox 1575 3696 1633 3750; x_wconf 92' lang='lat' dir='ltr'>in</span> <span class='ocrx_word' id='word_1_258' title='bbox 1668 3697 2004 3752; x_wconf 88' lang='lat' dir='ltr'>servitutem</span> 
     </span>
    </p>
   </div>
   <div class='ocr_carea' id='block_1_41' title="bbox 351 3785 2004 3862">
    <p class='ocr_par' dir='ltr' id='par_1_41' title="bbox 351 3785 2004 3862">
     <span class='ocr_line' id='line_1_41' title="bbox 351 3785 2004 3862; baseline -0.007 -8"><span class='ocrx_word' id='word_1_259' title='bbox 351 3796 621 3854; x_wconf 86' lang='lat' dir='ltr'>barbaris</span> <span class='ocrx_word' id='word_1_260' title='bbox 644 3794 901 3862; x_wconf 85' lang='lat' dir='ltr'>tradens,</span> <span class='ocrx_word' id='word_1_261' title='bbox 925 3796 982 3845; x_wconf 89' lang='lat' dir='ltr'>et</span> <span class='ocrx_word' id='word_1_262' title='bbox 1003 3806 1071 3844; x_wconf 88' lang='lat' dir='ltr'>ex</span> <span class='ocrx_word' id='word_1_263' title='bbox 1108 3786 1351 3843; x_wconf 86' lang='lat' dir='ltr'>terribili</span> <span class='ocrx_word' id='word_1_264' title='bbox 1391 3785 1612 3841; x_wconf 83' lang='lat' dir='ltr'>visione</span> <span class='ocrx_word' id='word_1_265' title='bbox 1657 3786 1776 3856; x_wconf 89' lang='lat' dir='ltr'>regi</span> <span class='ocrx_word' id='word_1_266' title='bbox 1802 3802 2004 3842; x_wconf 88' lang='lat' dir='ltr'>eorum</span> 
     </span>
    </p>
   </div>
   <div class='ocr_carea' id='block_1_42' title="bbox 346 3873 2004 3960">
    <p class='ocr_par' dir='ltr' id='par_1_42' title="bbox 346 3873 2004 3960">
     <span class='ocr_line' id='line_1_42' title="bbox 346 3873 2004 3960; baseline -0.007 -18"><span class='ocrx_word' id='word_1_267' title='bbox 346 3887 480 3960; x_wconf 90' lang='lat' dir='ltr'>quis</span> <span class='ocrx_word' id='word_1_268' title='bbox 502 3889 660 3941; x_wconf 90' lang='lat' dir='ltr'>esset</span> <span class='ocrx_word' id='word_1_269' title='bbox 684 3882 944 3954; x_wconf 84' lang='lat' dir='ltr'>agnitus,</span> <span class='ocrx_word' id='word_1_270' title='bbox 971 3878 1195 3934; x_wconf 88' lang='lat' dir='ltr'>reddita</span> <span class='ocrx_word' id='word_1_271' title='bbox 1213 3875 1325 3932; x_wconf 89' lang='lat' dir='ltr'>sibi</span> <span class='ocrx_word' id='word_1_272' title='bbox 1348 3875 1506 3929; x_wconf 89' lang='lat' dir='ltr'>omni</span> <span class='ocrx_word' id='word_1_273' title='bbox 1525 3873 1857 3945; x_wconf 88' lang='lat' dir='ltr'>captivitate</span> <span class='ocrx_word' id='word_1_274' title='bbox 1873 3875 2004 3930; x_wconf 90' lang='lat' dir='ltr'>civi-</span> 
     </span>
    </p>
   </div>
   <div class='ocr_carea' id='block_1_43' title="bbox 346 3963 2000 4043">
    <p class='ocr_par' dir='ltr' id='par_1_43' title="bbox 346 3963 2000 4043">
     <span class='ocr_line' id='line_1_43' title="bbox 346 3963 2000 4043; baseline -0.006 -13"><span class='ocrx_word' id='word_1_275' title='bbox 346 3976 488 4032; x_wconf 87' lang='lat' dir='ltr'>tatis</span> <span class='ocrx_word' id='word_1_276' title='bbox 513 3991 653 4043; x_wconf 76' lang='lat' dir='ltr'>suaa,</span> <span class='ocrx_word' id='word_1_277' title='bbox 680 3977 736 4027; x_wconf 91' lang='lat' dir='ltr'>et</span> <span class='ocrx_word' id='word_1_278' title='bbox 750 3969 1008 4026; x_wconf 89' lang='lat' dir='ltr'>oneratis</span> <span class='ocrx_word' id='word_1_279' title='bbox 1024 3969 1314 4022; x_wconf 88' lang='lat' dir='ltr'>frumento</span> <span class='ocrx_word' id='word_1_280' title='bbox 1333 3963 1601 4030; x_wconf 84' lang='lat' dir='ltr'>navibus,</span> <span class='ocrx_word' id='word_1_281' title='bbox 1626 3980 1758 4018; x_wconf 89' lang='lat' dir='ltr'>cum</span> <span class='ocrx_word' id='word_1_282' title='bbox 1780 3963 2000 4036; x_wconf 85' lang='lat' dir='ltr'>ingenti</span> 
     </span>
    </p>
   </div>
   <div class='ocr_carea' id='block_1_44' title="bbox 349 4054 1998 4137">
    <p class='ocr_par' dir='ltr' id='par_1_44' title="bbox 349 4054 1998 4137">
     <span class='ocr_line' id='line_1_44' title="bbox 349 4054 1998 4137; baseline -0.005 -19"><span class='ocrx_word' id='word_1_283' title='bbox 349 4063 535 4137; x_wconf 84' lang='lat' dir='ltr'>gloria</span> <span class='ocrx_word' id='word_1_284' title='bbox 564 4079 632 4117; x_wconf 85' lang='lat' dir='ltr'>ex</span> <span class='ocrx_word' id='word_1_285' title='bbox 664 4061 852 4116; x_wconf 88' lang='lat' dir='ltr'>Africa</span> <span class='ocrx_word' id='word_1_286' title='bbox 891 4059 961 4113; x_wconf 92' lang='lat' dir='ltr'>ad</span> <span class='ocrx_word' id='word_1_287' title='bbox 1013 4055 1308 4128; x_wconf 88' lang='lat' dir='ltr'>propriam</span> <span class='ocrx_word' id='word_1_288' title='bbox 1349 4054 1548 4109; x_wconf 89' lang='lat' dir='ltr'>sedem</span> <span class='ocrx_word' id='word_1_289' title='bbox 1599 4070 1864 4108; x_wconf 90' lang='lat' dir='ltr'>reversus</span> <span class='ocrx_word' id='word_1_290' title='bbox 1889 4059 1998 4110; x_wconf 87' lang='lat' dir='ltr'>est.</span> 
     </span>
    </p>
   </div>
   <div class='ocr_carea' id='block_1_45' title="bbox 348 4143 1998 4214">
    <p class='ocr_par' dir='ltr' id='par_1_45' title="bbox 348 4143 1998 4214">
     <span class='ocr_line' id='line_1_45' title="bbox 348 4143 1998 4214; baseline -0.007 -5"><span class='ocrx_word' id='word_1_291' title='bbox 348 4153 571 4209; x_wconf 80' lang='lat' dir='ltr'>Claruit</span> <span class='ocrx_word' id='word_1_292' title='bbox 601 4153 798 4206; x_wconf 89' lang='lat' dir='ltr'>autem</span> <span class='ocrx_word' id='word_1_293' title='bbox 823 4163 938 4201; x_wconf 91' lang='lat' dir='ltr'>non</span> <span class='ocrx_word' id='word_1_294' title='bbox 972 4145 1161 4200; x_wconf 90' lang='lat' dir='ltr'>solum</span> <span class='ocrx_word' id='word_1_295' title='bbox 1191 4143 1518 4198; x_wconf 87' lang='lat' dir='ltr'>eruditione</span> <span class='ocrx_word' id='word_1_296' title='bbox 1541 4147 1598 4198; x_wconf 93' lang='lat' dir='ltr'>et</span> <span class='ocrx_word' id='word_1_297' title='bbox 1619 4143 1853 4214; x_wconf 89' lang='lat' dir='ltr'>copiosa</span> <span class='ocrx_word' id='word_1_298' title='bbox 1872 4143 1998 4198; x_wconf 63' lang='lat' dir='ltr'>vitae</span> 
     </span>
    </p>
   </div>
   <div class='ocr_carea' id='block_1_46' title="bbox 347 4231 1995 4306">
    <p class='ocr_par' dir='ltr' id='par_1_46' title="bbox 347 4231 1995 4306">
     <span class='ocr_line' id='line_1_46' title="bbox 347 4231 1995 4306; baseline -0.007 -8"><span class='ocrx_word' id='word_1_299' title='bbox 347 4240 676 4306; x_wconf 87' lang='lat' dir='ltr'>sanctitate,</span> <span class='ocrx_word' id='word_1_300' title='bbox 713 4236 813 4292; x_wconf 91' lang='lat' dir='ltr'>sed</span> <span class='ocrx_word' id='word_1_301' title='bbox 848 4237 1021 4290; x_wconf 86' lang='lat' dir='ltr'>etiam</span> <span class='ocrx_word' id='word_1_302' title='bbox 1058 4231 1318 4302; x_wconf 86' lang='lat' dir='ltr'>potentia</span> <span class='ocrx_word' id='word_1_303' title='bbox 1361 4232 1638 4286; x_wconf 88' lang='lat' dir='ltr'>adversus</span> <span class='ocrx_word' id='word_1_304' title='bbox 1685 4232 1995 4287; x_wconf 70' lang='lat' dir='ltr'>daemones.</span> 
     </span>
    </p>
   </div>
   <div class='ocr_carea' id='block_1_47' title="bbox 415 4318 1997 4396">
    <p class='ocr_par' dir='ltr' id='par_1_47' title="bbox 415 4318 1997 4396">
     <span class='ocr_line' id='line_1_47' title="bbox 415 4318 1997 4396; baseline -0.006 -10"><span class='ocrx_word' id='word_1_305' title='bbox 415 4331 633 4385; x_wconf 89' lang='lat' dir='ltr'>Eodem</span> <span class='ocrx_word' id='word_1_306' title='bbox 663 4326 758 4382; x_wconf 89' lang='lat' dir='ltr'>die</span> <span class='ocrx_word' id='word_1_307' title='bbox 788 4321 1074 4396; x_wconf 91' lang='lat' dir='ltr'>depositio</span> <span class='ocrx_word' id='word_1_308' title='bbox 1104 4319 1258 4375; x_wconf 90' lang='lat' dir='ltr'>beati</span> <span class='ocrx_word' id='word_1_309' title='bbox 1285 4318 1488 4374; x_wconf 85' lang='lat' dir='ltr'>Nicetii</span> <span class='ocrx_word' id='word_1_310' title='bbox 1531 4319 1804 4375; x_wconf 77' lang='lat' dir='ltr'>Romamn</span> <span class='ocrx_word' id='word_1_311' title='bbox 1837 4321 1997 4377; x_wconf 89' lang='lat' dir='ltr'>urbis</span> 
     </span>
    </p>
   </div>
   <div class='ocr_carea' id='block_1_48' title="bbox 344 4417 622 4491">
    <p class='ocr_par' dir='ltr' id='par_1_48' title="bbox 344 4417 622 4491">
     <span class='ocr_line' id='line_1_48' title="bbox 344 4417 622 4491; baseline -0.014 -17"><span class='ocrx_word' id='word_1_312' title='bbox 344 4417 622 4491; x_wconf 89' lang='lat' dir='ltr'>episcopi.</span> 
     </span>
    </p>
   </div>
   <div class='ocr_carea' id='block_1_49' title="bbox 417 4515 1991 4587">
    <p class='ocr_par' dir='ltr' id='par_1_49' title="bbox 417 4515 1991 4587">
     <span class='ocr_line' id='line_1_49' title="bbox 417 4515 1991 4587; baseline -0.006 -8"><span class='ocrx_word' id='word_1_313' title='bbox 417 4525 489 4579; x_wconf 84' lang='lat' dir='ltr'>IX</span> <span class='ocrx_word' id='word_1_314' title='bbox 523 4526 655 4579; x_wconf 55' lang='grc' dir='ltr'><strong>ΚΑΒ.</strong></span> <span class='ocrx_word' id='word_1_315' title='bbox 690 4523 763 4579; x_wconf 88' lang='lat' dir='ltr'>JU</span> <span class='ocrx_word' id='word_1_316' title='bbox 779 4540 826 4577; x_wconf 89' lang='lat' dir='ltr'>L.</span> <span class='ocrx_word' id='word_1_317' title='bbox 859 4551 927 4560; x_wconf 88' lang='lat'><strong><em>—</em></strong></span> <span class='ocrx_word' id='word_1_318' title='bbox 961 4521 1020 4573; x_wconf 87' lang='lat' dir='ltr'>In</span> <span class='ocrx_word' id='word_1_319' title='bbox 1054 4515 1390 4573; x_wconf 87' lang='lat' dir='ltr'>Nicomedia</span> <span class='ocrx_word' id='word_1_320' title='bbox 1430 4515 1623 4587; x_wconf 88' lang='lat' dir='ltr'>passio</span> <span class='ocrx_word' id='word_1_321' title='bbox 1655 4520 1991 4571; x_wconf 88' lang='lat' dir='ltr'>sanctarum</span> 
     </span>
    </p>
   </div>
   <div class='ocr_carea' id='block_1_50' title="bbox 2049 1850 2096 1914">
    <p class='ocr_par' dir='ltr' id='par_1_50' title="bbox 2049 1850 2096 1914">
     <span class='ocr_line' id='line_1_50' title="bbox 2049 1850 2096 1914; baseline 0 0"><span class='ocrx_word' id='word_1_322' title='bbox 2049 1850 2096 1914; x_wconf 95' lang='lat' dir='ltr'><strong>B</strong></span> 
     </span>
    </p>
   </div>
   <div class='ocr_carea' id='block_1_51' title="bbox 2131 567 3778 637">
    <p class='ocr_par' dir='ltr' id='par_1_51' title="bbox 2131 567 3778 637">
     <span class='ocr_line' id='line_1_51' title="bbox 2131 567 3778 637; baseline 0.003 -19"><span class='ocrx_word' id='word_1_323' title='bbox 2131 574 2484 637; x_wconf 82' lang='lat' dir='ltr'>nuncupata,</span> <span class='ocrx_word' id='word_1_324' title='bbox 2508 567 2811 623; x_wconf 86' lang='lat' dir='ltr'>celebritas</span> <span class='ocrx_word' id='word_1_325' title='bbox 2833 567 3154 624; x_wconf 88' lang='lat' dir='ltr'>nativitatis</span> <span class='ocrx_word' id='word_1_326' title='bbox 3177 569 3363 624; x_wconf 87' lang='lat' dir='ltr'>sancti</span> <span class='ocrx_word' id='word_1_327' title='bbox 3401 568 3661 624; x_wconf 79' lang='lat' dir='ltr'>Joannis</span> <span class='ocrx_word' id='word_1_328' title='bbox 3683 570 3778 623; x_wconf 86' lang='lat' dir='ltr'>Ba-</span> 
     </span>
    </p>
   </div>
   <div class='ocr_carea' id='block_1_52' title="bbox 2131 655 3776 727">
    <p class='ocr_par' dir='ltr' id='par_1_52' title="bbox 2131 655 3776 727">
     <span class='ocr_line' id='line_1_52' title="bbox 2131 655 3776 727; baseline 0.003 -20"><span class='ocrx_word' id='word_1_329' title='bbox 2131 655 2342 724; x_wconf 75' lang='lat' dir='ltr'>ptistze,</span> <span class='ocrx_word' id='word_1_330' title='bbox 2370 659 2605 726; x_wconf 86' lang='lat' dir='ltr'>propter</span> <span class='ocrx_word' id='word_1_331' title='bbox 2633 672 2843 726; x_wconf 88' lang='lat' dir='ltr'>corpus</span> <span class='ocrx_word' id='word_1_332' title='bbox 2873 657 2999 726; x_wconf 90' lang='lat' dir='ltr'>ejus</span> <span class='ocrx_word' id='word_1_333' title='bbox 3032 656 3092 711; x_wconf 91' lang='lat' dir='ltr'>in</span> <span class='ocrx_word' id='word_1_334' title='bbox 3125 655 3517 712; x_wconf 87' lang='lat' dir='ltr'>Macherunta</span> <span class='ocrx_word' id='word_1_335' title='bbox 3549 657 3776 727; x_wconf 87' lang='lat' dir='ltr'>quidem</span> 
     </span>
    </p>
   </div>
   <div class='ocr_carea' id='block_1_53' title="bbox 2128 742 3778 816">
    <p class='ocr_par' dir='ltr' id='par_1_53' title="bbox 2128 742 3778 816">
     <span class='ocr_line' id='line_1_53' title="bbox 2128 742 3778 816; baseline 0.003 -20"><span class='ocrx_word' id='word_1_336' title='bbox 2128 742 2364 797; x_wconf 86' lang='lat' dir='ltr'>castello</span> <span class='ocrx_word' id='word_1_337' title='bbox 2386 744 2609 799; x_wconf 70' lang='lat' dir='ltr'>Arabiae</span> <span class='ocrx_word' id='word_1_338' title='bbox 2630 745 3058 809; x_wconf 89' lang='lat' dir='ltr'>detruncatum,</span> <span class='ocrx_word' id='word_1_339' title='bbox 3076 747 3175 800; x_wconf 91' lang='lat' dir='ltr'>sed</span> <span class='ocrx_word' id='word_1_340' title='bbox 3193 745 3270 799; x_wconf 93' lang='lat' dir='ltr'>ibi</span> <span class='ocrx_word' id='word_1_341' title='bbox 3287 744 3778 816; x_wconf 86' lang='lat' dir='ltr'>adiscipulisejus</span> 
     </span>
    </p>
   </div>
   <div class='ocr_carea' id='block_1_54' title="bbox 2126 831 3775 906">
    <p class='ocr_par' dir='ltr' id='par_1_54' title="bbox 2126 831 3775 906">
     <span class='ocr_line' id='line_1_54' title="bbox 2126 831 3775 906; baseline 0.002 -21"><span class='ocrx_word' id='word_1_342' title='bbox 2126 831 2506 887; x_wconf 89' lang='lat' dir='ltr'>tumulatum.</span> <span class='ocrx_word' id='word_1_343' title='bbox 2529 833 2635 898; x_wconf 89' lang='lat' dir='ltr'>Qui</span> <span class='ocrx_word' id='word_1_344' title='bbox 2661 849 2856 888; x_wconf 88' lang='lat' dir='ltr'>revera</span> <span class='ocrx_word' id='word_1_345' title='bbox 2873 833 2931 888; x_wconf 93' lang='lat' dir='ltr'>in</span> <span class='ocrx_word' id='word_1_346' title='bbox 2953 834 3182 889; x_wconf 85' lang='lat' dir='ltr'>Hebron</span> <span class='ocrx_word' id='word_1_347' title='bbox 3205 835 3438 889; x_wconf 85' lang='lat' dir='ltr'>civitate</span> <span class='ocrx_word' id='word_1_348' title='bbox 3460 834 3642 896; x_wconf 83' lang='lat' dir='ltr'>Juda,</span> <span class='ocrx_word' id='word_1_349' title='bbox 3663 852 3775 906; x_wconf 67' lang='lat' dir='ltr'>qua</span> 
     </span>
    </p>
   </div>
   <div class='ocr_carea' id='block_1_55' title="bbox 2127 921 3774 994">
    <p class='ocr_par' dir='ltr' id='par_1_55' title="bbox 2127 921 3774 994">
     <span class='ocr_line' id='line_1_55' title="bbox 2127 921 3774 994; baseline 0.003 -20"><span class='ocrx_word' id='word_1_350' title='bbox 2127 921 2198 974; x_wconf 92' lang='lat' dir='ltr'>ad</span> <span class='ocrx_word' id='word_1_351' title='bbox 2233 921 2609 992; x_wconf 84' lang='lat' dir='ltr'>fugitivorum</span> <span class='ocrx_word' id='word_1_352' title='bbox 2662 922 3000 994; x_wconf 69' lang='lat' dir='ltr'>praesidium</span> <span class='ocrx_word' id='word_1_353' title='bbox 3033 924 3461 993; x_wconf 87' lang='lat' dir='ltr'>sacerdotibus,</span> <span class='ocrx_word' id='word_1_354' title='bbox 3501 923 3624 978; x_wconf 90' lang='lat' dir='ltr'>imo</span> <span class='ocrx_word' id='word_1_355' title='bbox 3654 924 3774 980; x_wconf 83' lang='lat' dir='ltr'>ﬁliis</span> 
     </span>
    </p>
   </div>
   <div class='ocr_carea' id='block_1_56' title="bbox 2125 1010 3772 1085">
    <p class='ocr_par' dir='ltr' id='par_1_56' title="bbox 2125 1010 3772 1085">
     <span class='ocr_line' id='line_1_56' title="bbox 2125 1010 3772 1085; baseline 0.003 -23"><span class='ocrx_word' id='word_1_356' title='bbox 2125 1011 2314 1064; x_wconf 87' lang='lat' dir='ltr'>Aaron</span> <span class='ocrx_word' id='word_1_357' title='bbox 2350 1011 2537 1064; x_wconf 81' lang='lat' dir='ltr'>fuerat</span> <span class='ocrx_word' id='word_1_358' title='bbox 2573 1010 2854 1083; x_wconf 79' lang='lat' dir='ltr'>delegata,</span> <span class='ocrx_word' id='word_1_359' title='bbox 2883 1015 3222 1067; x_wconf 89' lang='lat' dir='ltr'>auctoritate</span> <span class='ocrx_word' id='word_1_360' title='bbox 3261 1013 3569 1085; x_wconf 85' lang='lat' dir='ltr'>Evangelii</span> <span class='ocrx_word' id='word_1_361' title='bbox 3602 1015 3772 1068; x_wconf 86' lang='lat' dir='ltr'>sancti</span> 
     </span>
    </p>
   </div>
   <div class='ocr_carea' id='block_1_57' title="bbox 2128 1099 3774 1171">
    <p class='ocr_par' dir='ltr' id='par_1_57' title="bbox 2128 1099 3774 1171">
     <span class='ocr_line' id='line_1_57' title="bbox 2128 1099 3774 1171; baseline 0.005 -21"><span class='ocrx_word' id='word_1_362' title='bbox 2128 1103 2308 1165; x_wconf 61' lang='lat' dir='ltr'>Lucae,</span> <span class='ocrx_word' id='word_1_363' title='bbox 2333 1105 2390 1155; x_wconf 88' lang='lat' dir='ltr'>et</span> <span class='ocrx_word' id='word_1_364' title='bbox 2413 1099 2544 1154; x_wconf 90' lang='lat' dir='ltr'>libri</span> <span class='ocrx_word' id='word_1_365' title='bbox 2567 1101 2704 1156; x_wconf 89' lang='lat' dir='ltr'>Jesu</span> <span class='ocrx_word' id='word_1_366' title='bbox 2730 1101 2903 1171; x_wconf 86' lang='lat' dir='ltr'>Nave,</span> <span class='ocrx_word' id='word_1_367' title='bbox 2928 1106 2986 1156; x_wconf 91' lang='lat' dir='ltr'>et</span> <span class='ocrx_word' id='word_1_368' title='bbox 3020 1106 3194 1156; x_wconf 90' lang='lat' dir='ltr'>natus</span> <span class='ocrx_word' id='word_1_369' title='bbox 3234 1102 3506 1157; x_wconf 80' lang='lat' dir='ltr'>creditur</span> <span class='ocrx_word' id='word_1_370' title='bbox 3530 1109 3588 1157; x_wconf 90' lang='lat' dir='ltr'>et</span> <span class='ocrx_word' id='word_1_371' title='bbox 3610 1105 3774 1158; x_wconf 84' lang='lat' dir='ltr'>nutri-</span> 
     </span>
    </p>
   </div>
   <div class='ocr_carea' id='block_1_58' title="bbox 2125 1188 3772 1257">
    <p class='ocr_par' dir='ltr' id='par_1_58' title="bbox 2125 1188 3772 1257">
     <span class='ocr_line' id='line_1_58' title="bbox 2125 1188 3772 1257; baseline 0.003 -16"><span class='ocrx_word' id='word_1_372' title='bbox 2125 1190 2239 1242; x_wconf 91' lang='lat' dir='ltr'>tus.</span> <span class='ocrx_word' id='word_1_373' title='bbox 2273 1188 2452 1257; x_wconf 88' lang='lat' dir='ltr'>Cujus</span> <span class='ocrx_word' id='word_1_374' title='bbox 2466 1188 2594 1244; x_wconf 70' lang='lat' dir='ltr'>vitae</span> <span class='ocrx_word' id='word_1_375' title='bbox 2616 1189 2894 1245; x_wconf 88' lang='lat' dir='ltr'>sanctitas</span> <span class='ocrx_word' id='word_1_376' title='bbox 2916 1194 2972 1244; x_wconf 92' lang='lat' dir='ltr'>et</span> <span class='ocrx_word' id='word_1_377' title='bbox 2993 1190 3454 1246; x_wconf 89' lang='lat' dir='ltr'>conversationis</span> <span class='ocrx_word' id='word_1_378' title='bbox 3476 1193 3772 1247; x_wconf 81' lang='lat' dir='ltr'>austeritas</span> 
     </span>
    </p>
   </div>
   <div class='ocr_carea' id='block_1_59' title="bbox 2125 1277 3767 1350">
    <p class='ocr_par' dir='ltr' id='par_1_59' title="bbox 2125 1277 3767 1350">
     <span class='ocr_line' id='line_1_59' title="bbox 2125 1277 3767 1350; baseline 0.004 -20"><span class='ocrx_word' id='word_1_379' title='bbox 2125 1293 2188 1330; x_wconf 91' lang='lat' dir='ltr'>ac</span> <span class='ocrx_word' id='word_1_380' title='bbox 2217 1277 2650 1348; x_wconf 66' lang='lat' dir='ltr'>praedicationis</span> <span class='ocrx_word' id='word_1_381' title='bbox 2673 1278 2944 1349; x_wconf 88' lang='lat' dir='ltr'>qualitas,</span> <span class='ocrx_word' id='word_1_382' title='bbox 2973 1283 3148 1349; x_wconf 89' lang='lat' dir='ltr'>atque</span> <span class='ocrx_word' id='word_1_383' title='bbox 3172 1281 3472 1350; x_wconf 87' lang='lat' dir='ltr'>passionis</span> <span class='ocrx_word' id='word_1_384' title='bbox 3492 1281 3569 1336; x_wconf 92' lang='lat' dir='ltr'>ob</span> <span class='ocrx_word' id='word_1_385' title='bbox 3592 1282 3767 1337; x_wconf 78' lang='lat' dir='ltr'>defen-</span> 
     </span>
    </p>
   </div>
   <div class='ocr_carea' id='block_1_60' title="bbox 2125 1365 3766 1441">
    <p class='ocr_par' dir='ltr' id='par_1_60' title="bbox 2125 1365 3766 1441">
     <span class='ocr_line' id='line_1_60' title="bbox 2125 1365 3766 1441; baseline 0.004 -22"><span class='ocrx_word' id='word_1_386' title='bbox 2125 1365 2346 1421; x_wconf 88' lang='lat' dir='ltr'>sionem</span> <span class='ocrx_word' id='word_1_387' title='bbox 2363 1365 2621 1434; x_wconf 70' lang='lat' dir='ltr'>veritatis</span> <span class='ocrx_word' id='word_1_388' title='bbox 2634 1367 2918 1422; x_wconf 90' lang='lat' dir='ltr'>acerbitas</span> <span class='ocrx_word' id='word_1_389' title='bbox 2924 1384 3063 1435; x_wconf 93' lang='lat' dir='ltr'>,non</span> <span class='ocrx_word' id='word_1_390' title='bbox 3080 1367 3273 1426; x_wconf 88' lang='lat' dir='ltr'>solum</span> <span class='ocrx_word' id='word_1_391' title='bbox 3286 1369 3766 1441; x_wconf 87' lang='lat' dir='ltr'>evangelistarum</span> 
     </span>
    </p>
   </div>
   <div class='ocr_carea' id='block_1_61' title="bbox 2124 1455 3768 1528">
    <p class='ocr_par' dir='ltr' id='par_1_61' title="bbox 2124 1455 3768 1528">
     <span class='ocr_line' id='line_1_61' title="bbox 2124 1455 3768 1528; baseline 0.003 -18"><span class='ocrx_word' id='word_1_392' title='bbox 2124 1455 2380 1526; x_wconf 87' lang='lat' dir='ltr'>scriptis,</span> <span class='ocrx_word' id='word_1_393' title='bbox 2412 1472 2613 1510; x_wconf 90' lang='lat' dir='ltr'>verum</span> <span class='ocrx_word' id='word_1_394' title='bbox 2645 1456 2818 1512; x_wconf 91' lang='lat' dir='ltr'>etiam</span> <span class='ocrx_word' id='word_1_395' title='bbox 2853 1457 3038 1528; x_wconf 89' lang='lat' dir='ltr'>ipsius</span> <span class='ocrx_word' id='word_1_396' title='bbox 3070 1457 3322 1526; x_wconf 79' lang='lat' dir='ltr'>Domini,</span> <span class='ocrx_word' id='word_1_397' title='bbox 3372 1459 3595 1514; x_wconf 88' lang='lat' dir='ltr'>interni</span> <span class='ocrx_word' id='word_1_398' title='bbox 3626 1460 3768 1515; x_wconf 82' lang='lat' dir='ltr'>vide-</span> 
     </span>
    </p>
   </div>
   <div class='ocr_carea' id='block_1_62' title="bbox 2123 1542 3394 1609">
    <p class='ocr_par' dir='ltr' id='par_1_62' title="bbox 2123 1542 3394 1609">
     <span class='ocr_line' id='line_1_62' title="bbox 2123 1542 3394 1609; baseline 0.004 -12"><span class='ocrx_word' id='word_1_399' title='bbox 2123 1542 2259 1598; x_wconf 91' lang='lat' dir='ltr'>licet</span> <span class='ocrx_word' id='word_1_400' title='bbox 2287 1543 2512 1609; x_wconf 88' lang='lat' dir='ltr'>arbitri,</span> <span class='ocrx_word' id='word_1_401' title='bbox 2545 1545 2898 1601; x_wconf 89' lang='lat' dir='ltr'>testimoniis</span> <span class='ocrx_word' id='word_1_402' title='bbox 2928 1547 3394 1602; x_wconf 87' lang='lat' dir='ltr'>commendatur.</span> 
     </span>
    </p>
   </div>
   <div class='ocr_carea' id='block_1_63' title="bbox 2198 1641 3774 1717">
    <p class='ocr_par' dir='ltr' id='par_1_63' title="bbox 2198 1641 3774 1717">
     <span class='ocr_line' id='line_1_63' title="bbox 2198 1641 3774 1717; baseline 0.006 -24"><span class='ocrx_word' id='word_1_403' title='bbox 2198 1641 2259 1694; x_wconf 88' lang='lat' dir='ltr'>In</span> <span class='ocrx_word' id='word_1_404' title='bbox 2283 1641 2511 1713; x_wconf 89' lang='lat' dir='ltr'>Epheso</span> <span class='ocrx_word' id='word_1_405' title='bbox 2534 1643 2807 1697; x_wconf 91' lang='lat' dir='ltr'>dormitio</span> <span class='ocrx_word' id='word_1_406' title='bbox 2831 1643 2983 1698; x_wconf 90' lang='lat' dir='ltr'>beati</span> <span class='ocrx_word' id='word_1_407' title='bbox 3003 1644 3249 1700; x_wconf 89' lang='lat' dir='ltr'>Joannis</span> <span class='ocrx_word' id='word_1_408' title='bbox 3272 1646 3520 1717; x_wconf 85' lang='lat' dir='ltr'>apostoli</span> <span class='ocrx_word' id='word_1_409' title='bbox 3538 1653 3774 1703; x_wconf 88' lang='lat' dir='ltr'>etevan-</span> 
     </span>
    </p>
   </div>
   <div class='ocr_carea' id='block_1_64' title="bbox 2125 1727 3771 1803">
    <p class='ocr_par' dir='ltr' id='par_1_64' title="bbox 2125 1727 3771 1803">
     <span class='ocr_line' id='line_1_64' title="bbox 2125 1727 3771 1803; baseline 0.004 -19"><span class='ocrx_word' id='word_1_410' title='bbox 2125 1727 2364 1800; x_wconf 71' lang='lat' dir='ltr'>gelistm.</span> <span class='ocrx_word' id='word_1_411' title='bbox 2391 1731 2573 1800; x_wconf 87' lang='lat' dir='ltr'>Cujus</span> <span class='ocrx_word' id='word_1_412' title='bbox 2601 1729 2733 1786; x_wconf 91' lang='lat' dir='ltr'>licet</span> <span class='ocrx_word' id='word_1_413' title='bbox 2755 1732 3042 1803; x_wconf 69' lang='lat' dir='ltr'>praaconia</span> <span class='ocrx_word' id='word_1_414' title='bbox 3063 1737 3227 1787; x_wconf 84' lang='lat' dir='ltr'>sexta</span> <span class='ocrx_word' id='word_1_415' title='bbox 3263 1734 3352 1789; x_wconf 90' lang='lat' dir='ltr'>die</span> <span class='ocrx_word' id='word_1_416' title='bbox 3387 1735 3771 1791; x_wconf 82' lang='lat' dir='ltr'>Kalendarum</span> 
     </span>
    </p>
   </div>
   <div class='ocr_carea' id='block_1_65' title="bbox 2125 1818 3775 1892">
    <p class='ocr_par' dir='ltr' id='par_1_65' title="bbox 2125 1818 3775 1892">
     <span class='ocr_line' id='line_1_65' title="bbox 2125 1818 3775 1892; baseline 0.005 -20"><span class='ocrx_word' id='word_1_417' title='bbox 2125 1818 2410 1890; x_wconf 81' lang='lat' dir='ltr'>Januarii,</span> <span class='ocrx_word' id='word_1_418' title='bbox 2446 1819 2678 1890; x_wconf 87' lang='lat' dir='ltr'>quando</span> <span class='ocrx_word' id='word_1_419' title='bbox 2710 1837 2812 1892; x_wconf 92' lang='lat' dir='ltr'>per</span> <span class='ocrx_word' id='word_1_420' title='bbox 2852 1824 3034 1876; x_wconf 89' lang='lat' dir='ltr'>totam</span> <span class='ocrx_word' id='word_1_421' title='bbox 3085 1821 3387 1878; x_wconf 88' lang='lat' dir='ltr'>Ecclesiam</span> <span class='ocrx_word' id='word_1_422' title='bbox 3436 1825 3775 1882; x_wconf 81' lang='lat' dir='ltr'>festivitatis</span> 
     </span>
    </p>
   </div>
   <div class='ocr_carea' id='block_1_66' title="bbox 2126 1906 3770 1984">
    <p class='ocr_par' dir='ltr' id='par_1_66' title="bbox 2126 1906 3770 1984">
     <span class='ocr_line' id='line_1_66' title="bbox 2126 1906 3770 1984; baseline 0.004 -22"><span class='ocrx_word' id='word_1_423' title='bbox 2126 1909 2253 1978; x_wconf 91' lang='lat' dir='ltr'>ejus</span> <span class='ocrx_word' id='word_1_424' title='bbox 2285 1906 2569 1963; x_wconf 90' lang='lat' dir='ltr'>solemnia</span> <span class='ocrx_word' id='word_1_425' title='bbox 2598 1909 2987 1974; x_wconf 86' lang='lat' dir='ltr'>celebrantur,</span> <span class='ocrx_word' id='word_1_426' title='bbox 3023 1912 3423 1982; x_wconf 88' lang='lat' dir='ltr'>congruentius</span> <span class='ocrx_word' id='word_1_427' title='bbox 3453 1915 3770 1984; x_wconf 69' lang='lat' dir='ltr'>praedicari</span> 
     </span>
    </p>
   </div>
   <div class='ocr_carea' id='block_1_67' title="bbox 2125 1997 3771 2073">
    <p class='ocr_par' dir='ltr' id='par_1_67' title="bbox 2125 1997 3771 2073">
     <span class='ocr_line' id='line_1_67' title="bbox 2125 1997 3771 2073; baseline 0.007 -24"><span class='ocrx_word' id='word_1_428' title='bbox 2125 1997 2454 2066; x_wconf 87' lang='lat' dir='ltr'>videantur,</span> <span class='ocrx_word' id='word_1_429' title='bbox 2488 2003 2684 2054; x_wconf 90' lang='lat' dir='ltr'>tamen</span> <span class='ocrx_word' id='word_1_430' title='bbox 2718 2003 2775 2052; x_wconf 91' lang='lat' dir='ltr'>et</span> <span class='ocrx_word' id='word_1_431' title='bbox 2803 1997 2899 2054; x_wconf 90' lang='lat' dir='ltr'>hic</span> <span class='ocrx_word' id='word_1_432' title='bbox 2927 1997 3128 2070; x_wconf 90' lang='lat' dir='ltr'>aliqua</span> <span class='ocrx_word' id='word_1_433' title='bbox 3151 2017 3218 2055; x_wconf 89' lang='lat' dir='ltr'>ex</span> <span class='ocrx_word' id='word_1_434' title='bbox 3242 2001 3320 2056; x_wconf 88' lang='lat' dir='ltr'>eis</span> <span class='ocrx_word' id='word_1_435' title='bbox 3347 2001 3416 2055; x_wconf 88' lang='lat' dir='ltr'>ad</span> <span class='ocrx_word' id='word_1_436' title='bbox 3437 2001 3771 2073; x_wconf 80' lang='lat' dir='ltr'>legentium</span> 
     </span>
    </p>
   </div>
   <div class='ocr_carea' id='block_1_68' title="bbox 2126 2084 3774 2164">
    <p class='ocr_par' dir='ltr' id='par_1_68' title="bbox 2126 2084 3774 2164">
     <span class='ocr_line' id='line_1_68' title="bbox 2126 2084 3774 2164; baseline 0.005 -24"><span class='ocrx_word' id='word_1_437' title='bbox 2126 2084 2438 2140; x_wconf 89' lang='lat' dir='ltr'>utilitatem</span> <span class='ocrx_word' id='word_1_438' title='bbox 2463 2092 3016 2144; x_wconf 90' lang='lat' dir='ltr'>commemorentur.</span> <span class='ocrx_word' id='word_1_439' title='bbox 3045 2089 3191 2143; x_wconf 89' lang='lat' dir='ltr'>Cum</span> <span class='ocrx_word' id='word_1_440' title='bbox 3219 2089 3391 2162; x_wconf 87' lang='lat' dir='ltr'>igitur</span> <span class='ocrx_word' id='word_1_441' title='bbox 3411 2093 3774 2164; x_wconf 78' lang='lat' dir='ltr'>sexagesimo</span> 
     </span>
    </p>
   </div>
   <div class='ocr_carea' id='block_1_69' title="bbox 2125 2175 3778 2248">
    <p class='ocr_par' dir='ltr' id='par_1_69' title="bbox 2125 2175 3778 2248">
     <span class='ocr_line' id='line_1_69' title="bbox 2125 2175 3778 2248; baseline 0.004 -19"><span class='ocrx_word' id='word_1_442' title='bbox 2125 2180 2324 2229; x_wconf 89' lang='lat' dir='ltr'>octavo</span> <span class='ocrx_word' id='word_1_443' title='bbox 2358 2180 2491 2246; x_wconf 91' lang='lat' dir='ltr'>post</span> <span class='ocrx_word' id='word_1_444' title='bbox 2523 2175 2857 2248; x_wconf 90' lang='lat' dir='ltr'>passionem</span> <span class='ocrx_word' id='word_1_445' title='bbox 2903 2177 3134 2232; x_wconf 92' lang='lat' dir='ltr'>Domini</span> <span class='ocrx_word' id='word_1_446' title='bbox 3168 2195 3342 2244; x_wconf 89' lang='lat' dir='ltr'>anno,</span> <span class='ocrx_word' id='word_1_447' title='bbox 3376 2181 3553 2234; x_wconf 85' lang='lat' dir='ltr'>sciret</span> <span class='ocrx_word' id='word_1_448' title='bbox 3590 2182 3778 2236; x_wconf 89' lang='lat' dir='ltr'>immi-</span> 
     </span>
    </p>
   </div>
   <div class='ocr_carea' id='block_1_70' title="bbox 2126 2266 3775 2340">
    <p class='ocr_par' dir='ltr' id='par_1_70' title="bbox 2126 2266 3775 2340">
     <span class='ocr_line' id='line_1_70' title="bbox 2126 2266 3775 2340; baseline 0.004 -22"><span class='ocrx_word' id='word_1_449' title='bbox 2126 2279 2262 2319; x_wconf 89' lang='lat' dir='ltr'>nere</span> <span class='ocrx_word' id='word_1_450' title='bbox 2295 2281 2560 2320; x_wconf 89' lang='lat' dir='ltr'>recessus</span> <span class='ocrx_word' id='word_1_451' title='bbox 2588 2266 2680 2321; x_wconf 93' lang='lat' dir='ltr'>sui</span> <span class='ocrx_word' id='word_1_452' title='bbox 2705 2267 2886 2333; x_wconf 90' lang='lat' dir='ltr'>diem,</span> <span class='ocrx_word' id='word_1_453' title='bbox 2919 2268 3253 2322; x_wconf 89' lang='lat' dir='ltr'>convocatis</span> <span class='ocrx_word' id='word_1_454' title='bbox 3297 2268 3607 2340; x_wconf 90' lang='lat' dir='ltr'>discipulis</span> <span class='ocrx_word' id='word_1_455' title='bbox 3638 2271 3775 2338; x_wconf 79' lang='lat' dir='ltr'>suis,</span> 
     </span>
    </p>
   </div>
   <div class='ocr_carea' id='block_1_71' title="bbox 2123 2352 3776 2431">
    <p class='ocr_par' dir='ltr' id='par_1_71' title="bbox 2123 2352 3776 2431">
     <span class='ocr_line' id='line_1_71' title="bbox 2123 2352 3776 2431; baseline 0.005 -25"><span class='ocrx_word' id='word_1_456' title='bbox 2123 2352 2276 2407; x_wconf 89' lang='lat' dir='ltr'>inter</span> <span class='ocrx_word' id='word_1_457' title='bbox 2309 2371 2477 2408; x_wconf 90' lang='lat' dir='ltr'>sacra</span> <span class='ocrx_word' id='word_1_458' title='bbox 2509 2354 2826 2410; x_wconf 90' lang='lat' dir='ltr'>missarum</span> <span class='ocrx_word' id='word_1_459' title='bbox 2864 2357 2958 2410; x_wconf 91' lang='lat' dir='ltr'>Dei</span> <span class='ocrx_word' id='word_1_460' title='bbox 2991 2356 3300 2424; x_wconf 88' lang='lat' dir='ltr'>solemnia,</span> <span class='ocrx_word' id='word_1_461' title='bbox 3337 2357 3411 2412; x_wconf 89' lang='lat' dir='ltr'>de</span> <span class='ocrx_word' id='word_1_462' title='bbox 3443 2362 3776 2431; x_wconf 88' lang='lat' dir='ltr'>contemptu</span> 
     </span>
    </p>
   </div>
   <div class='ocr_carea' id='block_1_72' title="bbox 2125 2441 3776 2516">
    <p class='ocr_par' dir='ltr' id='par_1_72' title="bbox 2125 2441 3776 2516">
     <span class='ocr_line' id='line_1_72' title="bbox 2125 2441 3776 2516; baseline 0.005 -21"><span class='ocrx_word' id='word_1_463' title='bbox 2125 2441 2329 2496; x_wconf 92' lang='lat' dir='ltr'>mundi</span> <span class='ocrx_word' id='word_1_464' title='bbox 2346 2447 2397 2496; x_wconf 92' lang='lat' dir='ltr'>et</span> <span class='ocrx_word' id='word_1_465' title='bbox 2417 2443 3024 2513; x_wconf 91' lang='lat' dir='ltr'>concupiscentiarum</span> <span class='ocrx_word' id='word_1_466' title='bbox 3039 2446 3190 2516; x_wconf 88' lang='lat' dir='ltr'>ejus,</span> <span class='ocrx_word' id='word_1_467' title='bbox 3205 2462 3270 2500; x_wconf 89' lang='lat' dir='ltr'>ac</span> <span class='ocrx_word' id='word_1_468' title='bbox 3284 2447 3356 2501; x_wconf 89' lang='lat' dir='ltr'>de</span> <span class='ocrx_word' id='word_1_469' title='bbox 3381 2448 3776 2504; x_wconf 84' lang='lat' dir='ltr'>observatione</span> 
     </span>
    </p>
   </div>
   <div class='ocr_carea' id='block_1_73' title="bbox 2126 2531 3772 2606">
    <p class='ocr_par' dir='ltr' id='par_1_73' title="bbox 2126 2531 3772 2606">
     <span class='ocr_line' id='line_1_73' title="bbox 2126 2531 3772 2606; baseline 0.005 -22"><span class='ocrx_word' id='word_1_470' title='bbox 2126 2535 2340 2585; x_wconf 77' lang='lat' dir='ltr'>mutuae</span> <span class='ocrx_word' id='word_1_471' title='bbox 2365 2531 2688 2600; x_wconf 87' lang='lat' dir='ltr'>charitatis,</span> <span class='ocrx_word' id='word_1_472' title='bbox 2711 2533 2918 2588; x_wconf 90' lang='lat' dir='ltr'>iterato</span> <span class='ocrx_word' id='word_1_473' title='bbox 2937 2539 3110 2606; x_wconf 88' lang='lat' dir='ltr'>atque</span> <span class='ocrx_word' id='word_1_474' title='bbox 3128 2535 3503 2606; x_wconf 79' lang='lat' dir='ltr'>frequentato</span> <span class='ocrx_word' id='word_1_475' title='bbox 3522 2554 3772 2593; x_wconf 83' lang='lat' dir='ltr'>sermone</span> 
     </span>
    </p>
   </div>
   <div class='ocr_carea' id='block_1_74' title="bbox 2123 2621 3769 2693">
    <p class='ocr_par' dir='ltr' id='par_1_74' title="bbox 2123 2621 3769 2693">
     <span class='ocr_line' id='line_1_74' title="bbox 2123 2621 3769 2693; baseline 0.004 -19"><span class='ocrx_word' id='word_1_476' title='bbox 2123 2636 2222 2674; x_wconf 89' lang='lat' dir='ltr'>eos</span> <span class='ocrx_word' id='word_1_477' title='bbox 2248 2621 2563 2676; x_wconf 89' lang='lat' dir='ltr'>admonere</span> <span class='ocrx_word' id='word_1_478' title='bbox 2596 2639 2712 2676; x_wconf 92' lang='lat' dir='ltr'>non</span> <span class='ocrx_word' id='word_1_479' title='bbox 2743 2622 2992 2693; x_wconf 88' lang='lat' dir='ltr'>destitit,</span> <span class='ocrx_word' id='word_1_480' title='bbox 3026 2624 3084 2677; x_wconf 89' lang='lat' dir='ltr'>in</span> <span class='ocrx_word' id='word_1_481' title='bbox 3115 2628 3373 2693; x_wconf 90' lang='lat' dir='ltr'>tantum,</span> <span class='ocrx_word' id='word_1_482' title='bbox 3410 2630 3478 2680; x_wconf 91' lang='lat' dir='ltr'>ut</span> <span class='ocrx_word' id='word_1_483' title='bbox 3509 2627 3685 2681; x_wconf 90' lang='lat' dir='ltr'>etiam</span> <span class='ocrx_word' id='word_1_484' title='bbox 3712 2628 3769 2681; x_wconf 88' lang='lat' dir='ltr'>de</span> 
     </span>
    </p>
   </div>
   <div class='ocr_carea' id='block_1_75' title="bbox 2123 2708 3771 2783">
    <p class='ocr_par' dir='ltr' id='par_1_75' title="bbox 2123 2708 3771 2783">
     <span class='ocr_line' id='line_1_75' title="bbox 2123 2708 3771 2783; baseline 0.004 -20"><span class='ocrx_word' id='word_1_485' title='bbox 2123 2708 2389 2778; x_wconf 84' lang='lat' dir='ltr'>ejusdem</span> <span class='ocrx_word' id='word_1_486' title='bbox 2406 2711 2702 2765; x_wconf 69' lang='lat' dir='ltr'>sententiae</span> <span class='ocrx_word' id='word_1_487' title='bbox 2720 2711 3059 2782; x_wconf 89' lang='lat' dir='ltr'>repetitione</span> <span class='ocrx_word' id='word_1_488' title='bbox 3080 2712 3477 2783; x_wconf 87' lang='lat' dir='ltr'>fastidientes,</span> <span class='ocrx_word' id='word_1_489' title='bbox 3497 2714 3616 2770; x_wconf 86' lang='lat' dir='ltr'>alia</span> <span class='ocrx_word' id='word_1_490' title='bbox 3629 2716 3771 2770; x_wconf 86' lang='lat' dir='ltr'>illum</span> 
     </span>
    </p>
   </div>
   <div class='ocr_carea' id='block_1_76' title="bbox 2123 2798 3777 2876">
    <p class='ocr_par' dir='ltr' id='par_1_76' title="bbox 2123 2798 3777 2876">
     <span class='ocr_line' id='line_1_76' title="bbox 2123 2798 3777 2876; baseline 0.005 -24"><span class='ocrx_word' id='word_1_491' title='bbox 2123 2798 2314 2853; x_wconf 89' lang='lat' dir='ltr'>dicere</span> <span class='ocrx_word' id='word_1_492' title='bbox 2333 2799 2470 2870; x_wconf 90' lang='lat' dir='ltr'>quia</span> <span class='ocrx_word' id='word_1_493' title='bbox 2487 2799 2606 2853; x_wconf 75' lang='lat' dir='ltr'>hzec</span> <span class='ocrx_word' id='word_1_494' title='bbox 2626 2799 2736 2854; x_wconf 91' lang='lat' dir='ltr'>sibi</span> <span class='ocrx_word' id='word_1_495' title='bbox 2752 2800 2894 2856; x_wconf 91' lang='lat' dir='ltr'>satis</span> <span class='ocrx_word' id='word_1_496' title='bbox 2907 2818 3198 2873; x_wconf 88' lang='lat' dir='ltr'>superque</span> <span class='ocrx_word' id='word_1_497' title='bbox 3215 2801 3590 2874; x_wconf 77' lang='lat' dir='ltr'>sufﬁcerent,</span> <span class='ocrx_word' id='word_1_498' title='bbox 3607 2822 3777 2876; x_wconf 78' lang='lat' dir='ltr'>preca-</span> 
     </span>
    </p>
   </div>
   <div class='ocr_carea' id='block_1_77' title="bbox 2124 2887 3770 2960">
    <p class='ocr_par' dir='ltr' id='par_1_77' title="bbox 2124 2887 3770 2960">
     <span class='ocr_line' id='line_1_77' title="bbox 2124 2887 3770 2960; baseline 0.004 -20"><span class='ocrx_word' id='word_1_499' title='bbox 2124 2892 2346 2941; x_wconf 90' lang='lat' dir='ltr'>rentur.</span> <span class='ocrx_word' id='word_1_500' title='bbox 2367 2887 2590 2951; x_wconf 90' lang='lat' dir='ltr'>Quibus</span> <span class='ocrx_word' id='word_1_501' title='bbox 2613 2887 2710 2943; x_wconf 92' lang='lat' dir='ltr'>ille</span> <span class='ocrx_word' id='word_1_502' title='bbox 2734 2889 3064 2960; x_wconf 91' lang='lat' dir='ltr'>respondit:</span> <span class='ocrx_word' id='word_1_503' title='bbox 3091 2912 3118 2940; x_wconf 89' lang='lat'><strong>«</strong></span> <span class='ocrx_word' id='word_1_504' title='bbox 3145 2890 3293 2954; x_wconf 88' lang='lat' dir='ltr'>Quia</span> <span class='ocrx_word' id='word_1_505' title='bbox 3319 2897 3548 2946; x_wconf 70' lang='lat' dir='ltr'>sancta:</span> <span class='ocrx_word' id='word_1_506' title='bbox 3571 2899 3625 2947; x_wconf 87' lang='lat' dir='ltr'>et</span> <span class='ocrx_word' id='word_1_507' title='bbox 3650 2893 3770 2947; x_wconf 82' lang='lat' dir='ltr'>inte-</span> 
     </span>
    </p>
   </div>
   <div class='ocr_carea' id='block_1_78' title="bbox 2127 2976 3772 3052">
    <p class='ocr_par' dir='ltr' id='par_1_78' title="bbox 2127 2976 3772 3052">
     <span class='ocr_line' id='line_1_78' title="bbox 2127 2976 3772 3052; baseline 0.005 -23"><span class='ocrx_word' id='word_1_508' title='bbox 2127 2980 2358 3030; x_wconf 68' lang='lat' dir='ltr'>meratae</span> <span class='ocrx_word' id='word_1_509' title='bbox 2381 2976 2712 3032; x_wconf 90' lang='lat' dir='ltr'>dilectionis</span> <span class='ocrx_word' id='word_1_510' title='bbox 2739 2978 3004 3035; x_wconf 88' lang='lat' dir='ltr'>custodia</span> <span class='ocrx_word' id='word_1_511' title='bbox 3024 2984 3123 3034; x_wconf 88' lang='lat' dir='ltr'>aut</span> <span class='ocrx_word' id='word_1_512' title='bbox 3145 2979 3238 3034; x_wconf 85' lang='lat' dir='ltr'>vix</span> <span class='ocrx_word' id='word_1_513' title='bbox 3261 2997 3296 3034; x_wconf 89' lang='lat' dir='ltr'>a</span> <span class='ocrx_word' id='word_1_514' title='bbox 3330 2997 3646 3052; x_wconf 88' lang='lat' dir='ltr'>quoquam</span> <span class='ocrx_word' id='word_1_515' title='bbox 3670 2999 3772 3037; x_wconf 80' lang='lat' dir='ltr'>mor</span> 
     </span>
    </p>
   </div>
   <div class='ocr_carea' id='block_1_79' title="bbox 2124 3065 3777 3138">
    <p class='ocr_par' dir='ltr' id='par_1_79' title="bbox 2124 3065 3777 3138">
     <span class='ocr_line' id='line_1_79' title="bbox 2124 3065 3777 3138; baseline 0.005 -19"><span class='ocrx_word' id='word_1_516' title='bbox 2124 3065 2332 3121; x_wconf 87' lang='lat' dir='ltr'>talium</span> <span class='ocrx_word' id='word_1_517' title='bbox 2357 3066 2532 3138; x_wconf 89' lang='lat' dir='ltr'>digne</span> <span class='ocrx_word' id='word_1_518' title='bbox 2553 3067 3096 3138; x_wconf 78' lang='lat' dir='ltr'>praedicaretur,aut</span> <span class='ocrx_word' id='word_1_519' title='bbox 3119 3068 3272 3124; x_wconf 90' lang='lat' dir='ltr'>inter</span> <span class='ocrx_word' id='word_1_520' title='bbox 3293 3072 3616 3126; x_wconf 88' lang='lat' dir='ltr'>mundana</span> <span class='ocrx_word' id='word_1_521' title='bbox 3635 3089 3777 3127; x_wconf 80' lang='lat' dir='ltr'>scan-</span> 
     </span>
    </p>
   </div>
   <div class='ocr_carea' id='block_1_80' title="bbox 2124 3154 3772 3230">
    <p class='ocr_par' dir='ltr' id='par_1_80' title="bbox 2124 3154 3772 3230">
     <span class='ocr_line' id='line_1_80' title="bbox 2124 3154 3772 3230; baseline 0.003 -20"><span class='ocrx_word' id='word_1_522' title='bbox 2124 3154 2258 3210; x_wconf 86' lang='lat' dir='ltr'>dala</span> <span class='ocrx_word' id='word_1_523' title='bbox 2285 3171 2470 3227; x_wconf 92' lang='lat' dir='ltr'>usque</span> <span class='ocrx_word' id='word_1_524' title='bbox 2494 3157 2565 3210; x_wconf 89' lang='lat' dir='ltr'>ad</span> <span class='ocrx_word' id='word_1_525' title='bbox 2590 3156 2764 3211; x_wconf 81' lang='lat' dir='ltr'>linem</span> <span class='ocrx_word' id='word_1_526' title='bbox 2787 3155 3016 3212; x_wconf 88' lang='lat' dir='ltr'>illibata</span> <span class='ocrx_word' id='word_1_527' title='bbox 3034 3161 3370 3225; x_wconf 89' lang='lat' dir='ltr'>teneretur;</span> <span class='ocrx_word' id='word_1_528' title='bbox 3398 3163 3458 3214; x_wconf 90' lang='lat' dir='ltr'>et</span> <span class='ocrx_word' id='word_1_529' title='bbox 3476 3159 3578 3215; x_wconf 89' lang='lat' dir='ltr'>his</span> <span class='ocrx_word' id='word_1_530' title='bbox 3598 3161 3772 3230; x_wconf 87' lang='lat' dir='ltr'>dictis,</span> 
     </span>
    </p>
   </div>
   <div class='ocr_carea' id='block_1_81' title="bbox 2123 3245 3775 3319">
    <p class='ocr_par' dir='ltr' id='par_1_81' title="bbox 2123 3245 3775 3319">
     <span class='ocr_line' id='line_1_81' title="bbox 2123 3245 3775 3319; baseline 0.004 -21"><span class='ocrx_word' id='word_1_531' title='bbox 2123 3245 2258 3299; x_wconf 88' lang='lat' dir='ltr'>data</span> <span class='ocrx_word' id='word_1_532' title='bbox 2279 3245 2555 3301; x_wconf 90' lang='lat' dir='ltr'>omnibus</span> <span class='ocrx_word' id='word_1_533' title='bbox 2578 3262 2735 3316; x_wconf 90' lang='lat' dir='ltr'>pace,</span> <span class='ocrx_word' id='word_1_534' title='bbox 2769 3251 2825 3300; x_wconf 92' lang='lat' dir='ltr'>et</span> <span class='ocrx_word' id='word_1_535' title='bbox 2841 3251 2959 3301; x_wconf 90' lang='lat' dir='ltr'>tam</span> <span class='ocrx_word' id='word_1_536' title='bbox 2987 3246 3302 3318; x_wconf 86' lang='lat' dir='ltr'>semetipso</span> <span class='ocrx_word' id='word_1_537' title='bbox 3325 3264 3518 3319; x_wconf 89' lang='lat' dir='ltr'>quam</span> <span class='ocrx_word' id='word_1_538' title='bbox 3543 3249 3658 3304; x_wconf 84' lang='lat' dir='ltr'>illis</span> <span class='ocrx_word' id='word_1_539' title='bbox 3679 3250 3775 3304; x_wconf 87' lang='lat' dir='ltr'>Do-</span> 
     </span>
    </p>
   </div>
   <div class='ocr_carea' id='block_1_82' title="bbox 2123 3334 3776 3406">
    <p class='ocr_par' dir='ltr' id='par_1_82' title="bbox 2123 3334 3776 3406">
     <span class='ocr_line' id='line_1_82' title="bbox 2123 3334 3776 3406; baseline 0.004 -19"><span class='ocrx_word' id='word_1_540' title='bbox 2123 3334 2321 3388; x_wconf 90' lang='lat' dir='ltr'>minici</span> <span class='ocrx_word' id='word_1_541' title='bbox 2360 3334 2617 3405; x_wconf 89' lang='lat' dir='ltr'>corporis</span> <span class='ocrx_word' id='word_1_542' title='bbox 2665 3339 2721 3388; x_wconf 90' lang='lat' dir='ltr'>et</span> <span class='ocrx_word' id='word_1_543' title='bbox 2761 3335 3066 3406; x_wconf 88' lang='lat' dir='ltr'>sanguinis</span> <span class='ocrx_word' id='word_1_544' title='bbox 3115 3342 3490 3392; x_wconf 89' lang='lat' dir='ltr'>sacramento</span> <span class='ocrx_word' id='word_1_545' title='bbox 3523 3355 3776 3393; x_wconf 88' lang='lat' dir='ltr'>commu-</span> 
     </span>
    </p>
   </div>
   <div class='ocr_carea' id='block_1_83' title="bbox 2121 3421 3776 3497">
    <p class='ocr_par' dir='ltr' id='par_1_83' title="bbox 2121 3421 3776 3497">
     <span class='ocr_line' id='line_1_83' title="bbox 2121 3421 3776 3497; baseline 0.004 -21"><span class='ocrx_word' id='word_1_546' title='bbox 2121 3421 2585 3489; x_wconf 88' lang='lat' dir='ltr'>nitis,reclinavit</span> <span class='ocrx_word' id='word_1_547' title='bbox 2615 3439 2677 3478; x_wconf 90' lang='lat' dir='ltr'>se</span> <span class='ocrx_word' id='word_1_548' title='bbox 2716 3423 2773 3477; x_wconf 93' lang='lat' dir='ltr'>in</span> <span class='ocrx_word' id='word_1_549' title='bbox 2827 3422 3096 3494; x_wconf 83' lang='lat' dir='ltr'>sepulcro</span> <span class='ocrx_word' id='word_1_550' title='bbox 3137 3425 3307 3495; x_wconf 88' lang='lat' dir='ltr'>quasi</span> <span class='ocrx_word' id='word_1_551' title='bbox 3361 3425 3423 3480; x_wconf 93' lang='lat' dir='ltr'>in</span> <span class='ocrx_word' id='word_1_552' title='bbox 3454 3425 3630 3497; x_wconf 87' lang='lat' dir='ltr'>lecto,</span> <span class='ocrx_word' id='word_1_553' title='bbox 3666 3434 3776 3482; x_wconf 87' lang='lat' dir='ltr'>tam</span> 
     </span>
    </p>
   </div>
   <div class='ocr_carea' id='block_1_84' title="bbox 2119 3510 3778 3583">
    <p class='ocr_par' dir='ltr' id='par_1_84' title="bbox 2119 3510 3778 3583">
     <span class='ocr_line' id='line_1_84' title="bbox 2119 3510 3778 3583; baseline 0.004 -17"><span class='ocrx_word' id='word_1_554' title='bbox 2119 3510 2266 3567; x_wconf 90' lang='lat' dir='ltr'>liber</span> <span class='ocrx_word' id='word_1_555' title='bbox 2284 3529 2318 3567; x_wconf 85' lang='lat' dir='ltr'>a</span> <span class='ocrx_word' id='word_1_556' title='bbox 2339 3511 2536 3567; x_wconf 93' lang='lat' dir='ltr'>dolore</span> <span class='ocrx_word' id='word_1_557' title='bbox 2559 3513 2763 3567; x_wconf 89' lang='lat' dir='ltr'>mortis</span> <span class='ocrx_word' id='word_1_558' title='bbox 2788 3529 2966 3583; x_wconf 90' lang='lat' dir='ltr'>quam</span> <span class='ocrx_word' id='word_1_559' title='bbox 2990 3513 3277 3569; x_wconf 90' lang='lat' dir='ltr'>immunis</span> <span class='ocrx_word' id='word_1_560' title='bbox 3298 3515 3567 3571; x_wconf 88' lang='lat' dir='ltr'>creditur</span> <span class='ocrx_word' id='word_1_561' title='bbox 3589 3533 3624 3571; x_wconf 87' lang='lat' dir='ltr'>a</span> <span class='ocrx_word' id='word_1_562' title='bbox 3649 3533 3778 3572; x_wconf 86' lang='lat' dir='ltr'>con-</span> 
     </span>
    </p>
   </div>
   <div class='ocr_carea' id='block_1_85' title="bbox 2117 3601 2715 3673">
    <p class='ocr_par' dir='ltr' id='par_1_85' title="bbox 2117 3601 2715 3673">
     <span class='ocr_line' id='line_1_85' title="bbox 2117 3601 2715 3673; baseline 0 -18"><span class='ocrx_word' id='word_1_563' title='bbox 2117 3601 2272 3673; x_wconf 90' lang='lat' dir='ltr'>tagio</span> <span class='ocrx_word' id='word_1_564' title='bbox 2304 3601 2715 3672; x_wconf 89' lang='lat' dir='ltr'>corruptionis.</span> 
     </span>
    </p>
   </div>
   <div class='ocr_carea' id='block_1_86' title="bbox 2188 3689 3776 3766">
    <p class='ocr_par' dir='ltr' id='par_1_86' title="bbox 2188 3689 3776 3766">
     <span class='ocr_line' id='line_1_86' title="bbox 2188 3689 3776 3766; baseline 0.004 -22"><span class='ocrx_word' id='word_1_565' title='bbox 2188 3691 2618 3763; x_wconf 85' lang='lat' dir='ltr'>Augustoduno</span> <span class='ocrx_word' id='word_1_566' title='bbox 2649 3689 2938 3763; x_wconf 89' lang='lat' dir='ltr'>depositio</span> <span class='ocrx_word' id='word_1_567' title='bbox 2970 3692 3156 3747; x_wconf 87' lang='lat' dir='ltr'>sancti</span> <span class='ocrx_word' id='word_1_568' title='bbox 3178 3691 3452 3765; x_wconf 85' lang='lat' dir='ltr'>Simplicii</span> <span class='ocrx_word' id='word_1_569' title='bbox 3476 3694 3776 3766; x_wconf 84' lang='lat' dir='ltr'>episcopi,</span> 
     </span>
    </p>
   </div>
   <div class='ocr_carea' id='block_1_87' title="bbox 2119 3778 2570 3846">
    <p class='ocr_par' dir='ltr' id='par_1_87' title="bbox 2119 3778 2570 3846">
     <span class='ocr_line' id='line_1_87' title="bbox 2119 3778 2570 3846; baseline 0.004 -14"><span class='ocrx_word' id='word_1_570' title='bbox 2119 3778 2287 3846; x_wconf 84' lang='lat' dir='ltr'>Festi,</span> <span class='ocrx_word' id='word_1_571' title='bbox 2325 3779 2570 3834; x_wconf 89' lang='lat' dir='ltr'>Lucerii.</span> 
     </span>
    </p>
   </div>
   <div class='ocr_carea' id='block_1_88' title="bbox 2182 3885 3777 3961">
    <p class='ocr_par' dir='ltr' id='par_1_88' title="bbox 2182 3885 3777 3961">
     <span class='ocr_line' id='line_1_88' title="bbox 2182 3885 3777 3961; baseline 0.006 -25"><span class='ocrx_word' id='word_1_572' title='bbox 2182 3885 2282 3940; x_wconf 82' lang='lat' dir='ltr'>VII</span> <span class='ocrx_word' id='word_1_573' title='bbox 2317 3885 2452 3941; x_wconf 78' lang='grc' dir='ltr'>ΚΑι.</span> <span class='ocrx_word' id='word_1_574' title='bbox 2484 3885 2515 3940; x_wconf 94' lang='lat' dir='ltr'>J</span> <span class='ocrx_word' id='word_1_575' title='bbox 2525 3902 2617 3940; x_wconf 91' lang='lat' dir='ltr'>UL.</span> <span class='ocrx_word' id='word_1_576' title='bbox 2652 3917 2717 3926; x_wconf 92' lang='lat'><strong><em>—</em></strong></span> <span class='ocrx_word' id='word_1_577' title='bbox 2749 3887 2911 3959; x_wconf 82' lang='lat' dir='ltr'>Apud</span> <span class='ocrx_word' id='word_1_578' title='bbox 2947 3887 3146 3961; x_wconf 87' lang='lat' dir='ltr'>Pyrrhi</span> <span class='ocrx_word' id='word_1_579' title='bbox 3186 3888 3459 3944; x_wconf 87' lang='lat' dir='ltr'>Beroeam</span> <span class='ocrx_word' id='word_1_580' title='bbox 3491 3889 3777 3946; x_wconf 80' lang='lat' dir='ltr'>nativitas</span> 
     </span>
    </p>
   </div>
   <div class='ocr_carea' id='block_1_89' title="bbox 2112 3974 3636 4050">
    <p class='ocr_par' dir='ltr' id='par_1_89' title="bbox 2112 3974 3636 4050">
     <span class='ocr_line' id='line_1_89' title="bbox 2112 3974 3636 4050; baseline 0.003 -21"><span class='ocrx_word' id='word_1_581' title='bbox 2112 3974 2295 4029; x_wconf 78' lang='lat' dir='ltr'>sancti</span> <span class='ocrx_word' id='word_1_582' title='bbox 2331 3975 2637 4045; x_wconf 87' lang='lat' dir='ltr'>Sosipatri,</span> <span class='ocrx_word' id='word_1_583' title='bbox 2671 3975 2946 4048; x_wconf 88' lang='lat' dir='ltr'>discipuli</span> <span class='ocrx_word' id='word_1_584' title='bbox 2977 3977 3130 4032; x_wconf 86' lang='lat' dir='ltr'>beati</span> <span class='ocrx_word' id='word_1_585' title='bbox 3159 3977 3322 4033; x_wconf 89' lang='lat' dir='ltr'>Pauli</span> <span class='ocrx_word' id='word_1_586' title='bbox 3357 3979 3636 4050; x_wconf 89' lang='lat' dir='ltr'>apostoli.</span> 
     </span>
    </p>
   </div>
   <div class='ocr_carea' id='block_1_90' title="bbox 2182 4071 3784 4148">
    <p class='ocr_par' dir='ltr' id='par_1_90' title="bbox 2182 4071 3784 4148">
     <span class='ocr_line' id='line_1_90' title="bbox 2182 4071 3784 4148; baseline 0.006 -23"><span class='ocrx_word' id='word_1_587' title='bbox 2182 4071 2540 4127; x_wconf 63' lang='lat' dir='ltr'>Alexandriae</span> <span class='ocrx_word' id='word_1_588' title='bbox 2573 4075 2762 4128; x_wconf 89' lang='lat' dir='ltr'>sancti</span> <span class='ocrx_word' id='word_1_589' title='bbox 2807 4074 3086 4130; x_wconf 90' lang='lat' dir='ltr'>Gallicani</span> <span class='ocrx_word' id='word_1_590' title='bbox 3140 4076 3412 4148; x_wconf 81' lang='lat' dir='ltr'>martyris</span> <span class='ocrx_word' id='word_1_591' title='bbox 3447 4094 3459 4131; x_wconf 93' lang='lat'>:</span> <span class='ocrx_word' id='word_1_592' title='bbox 3518 4079 3636 4142; x_wconf 86' lang='lat' dir='ltr'>Qui</span> <span class='ocrx_word' id='word_1_593' title='bbox 3667 4079 3784 4134; x_wconf 79' lang='lat' dir='ltr'>dux</span> 
     </span>
    </p>
   </div>
   <div class='ocr_carea' id='block_1_91' title="bbox 2109 4160 3785 4241">
    <p class='ocr_par' dir='ltr' id='par_1_91' title="bbox 2109 4160 3785 4241">
     <span class='ocr_line' id='line_1_91' title="bbox 2109 4160 3785 4241; baseline 0.005 -26"><span class='ocrx_word' id='word_1_594' title='bbox 2109 4160 2354 4216; x_wconf 82' lang='lat' dir='ltr'>Romani</span> <span class='ocrx_word' id='word_1_595' title='bbox 2375 4162 2687 4228; x_wconf 87' lang='lat' dir='ltr'>exercitus,</span> <span class='ocrx_word' id='word_1_596' title='bbox 2713 4179 2846 4218; x_wconf 91' lang='lat' dir='ltr'>cum</span> <span class='ocrx_word' id='word_1_597' title='bbox 2865 4164 3020 4220; x_wconf 91' lang='lat' dir='ltr'>intra</span> <span class='ocrx_word' id='word_1_598' title='bbox 3035 4163 3424 4238; x_wconf 89' lang='lat' dir='ltr'>Philoppolim</span> <span class='ocrx_word' id='word_1_599' title='bbox 3450 4167 3785 4241; x_wconf 84' lang='lat' dir='ltr'>[Philippo-</span> 
     </span>
    </p>
   </div>
   <div class='ocr_carea' id='block_1_92' title="bbox 2109 4249 3788 4326">
    <p class='ocr_par' dir='ltr' id='par_1_92' title="bbox 2109 4249 3788 4326">
     <span class='ocr_line' id='line_1_92' title="bbox 2109 4249 3788 4326; baseline 0.006 -23"><span class='ocrx_word' id='word_1_600' title='bbox 2109 4249 2308 4321; x_wconf 85' lang='lat' dir='ltr'>polim]</span> <span class='ocrx_word' id='word_1_601' title='bbox 2333 4250 2712 4306; x_wconf 88' lang='lat' dir='ltr'>Thraciarum</span> <span class='ocrx_word' id='word_1_602' title='bbox 2737 4252 2962 4317; x_wconf 91' lang='lat' dir='ltr'>urbem,</span> <span class='ocrx_word' id='word_1_603' title='bbox 2989 4271 3022 4309; x_wconf 92' lang='lat' dir='ltr'>a</span> <span class='ocrx_word' id='word_1_604' title='bbox 3041 4259 3214 4326; x_wconf 89' lang='lat' dir='ltr'>gente</span> <span class='ocrx_word' id='word_1_605' title='bbox 3250 4255 3615 4326; x_wconf 77' lang='lat' dir='ltr'>Scytharum</span> <span class='ocrx_word' id='word_1_606' title='bbox 3643 4259 3788 4314; x_wconf 83' lang='lat' dir='ltr'>fuis-</span> 
     </span>
    </p>
   </div>
   <div class='ocr_carea' id='block_1_93' title="bbox 2107 4339 3790 4412">
    <p class='ocr_par' dir='ltr' id='par_1_93' title="bbox 2107 4339 3790 4412">
     <span class='ocr_line' id='line_1_93' title="bbox 2107 4339 3790 4412; baseline 0.004 -20"><span class='ocrx_word' id='word_1_607' title='bbox 2107 4342 2195 4392; x_wconf 91' lang='lat' dir='ltr'>set</span> <span class='ocrx_word' id='word_1_608' title='bbox 2210 4339 2508 4402; x_wconf 90' lang='lat' dir='ltr'>obsessus,</span> <span class='ocrx_word' id='word_1_609' title='bbox 2533 4343 2589 4392; x_wconf 92' lang='lat' dir='ltr'>et</span> <span class='ocrx_word' id='word_1_610' title='bbox 2611 4339 2683 4393; x_wconf 90' lang='lat' dir='ltr'>ad</span> <span class='ocrx_word' id='word_1_611' title='bbox 2705 4339 3144 4412; x_wconf 87' lang='lat' dir='ltr'>suggestionem</span> <span class='ocrx_word' id='word_1_612' title='bbox 3165 4345 3510 4397; x_wconf 88' lang='lat' dir='ltr'>sanctorum</span> <span class='ocrx_word' id='word_1_613' title='bbox 3529 4343 3790 4400; x_wconf 86' lang='lat' dir='ltr'>Joannis</span> 
     </span>
    </p>
   </div>
   <div class='ocr_carea' id='block_1_94' title="bbox 2106 4426 3790 4498">
    <p class='ocr_par' dir='ltr' id='par_1_94' title="bbox 2106 4426 3790 4498">
     <span class='ocr_line' id='line_1_94' title="bbox 2106 4426 3790 4498; baseline 0.005 -18"><span class='ocrx_word' id='word_1_614' title='bbox 2106 4430 2164 4481; x_wconf 92' lang='lat' dir='ltr'>et</span> <span class='ocrx_word' id='word_1_615' title='bbox 2193 4426 2380 4487; x_wconf 76' lang='lat' dir='ltr'>Pauli.</span> <span class='ocrx_word' id='word_1_616' title='bbox 2417 4427 2688 4482; x_wconf 90' lang='lat' dir='ltr'>abdicata</span> <span class='ocrx_word' id='word_1_617' title='bbox 2717 4427 3005 4483; x_wconf 88' lang='lat' dir='ltr'>idolorum</span> <span class='ocrx_word' id='word_1_618' title='bbox 3056 4428 3307 4498; x_wconf 90' lang='lat' dir='ltr'>cultura,</span> <span class='ocrx_word' id='word_1_619' title='bbox 3361 4430 3612 4487; x_wconf 86' lang='lat' dir='ltr'>Domini</span> <span class='ocrx_word' id='word_1_620' title='bbox 3650 4434 3790 4490; x_wconf 84' lang='lat' dir='ltr'>Jesu</span> 
     </span>
    </p>
   </div>
   <div class='ocr_carea' id='block_1_95' title="bbox 2104 4515 3792 4591">
    <p class='ocr_par' dir='ltr' id='par_1_95' title="bbox 2104 4515 3792 4591">
     <span class='ocr_line' id='line_1_95' title="bbox 2104 4515 3792 4591; baseline 0.005 -21"><span class='ocrx_word' id='word_1_621' title='bbox 2104 4515 2318 4570; x_wconf 86' lang='lat' dir='ltr'>Christi</span> <span class='ocrx_word' id='word_1_622' title='bbox 2353 4531 2415 4569; x_wconf 89' lang='lat' dir='ltr'>se</span> <span class='ocrx_word' id='word_1_623' title='bbox 2445 4515 2769 4571; x_wconf 83' lang='lat' dir='ltr'>defensioni</span> <span class='ocrx_word' id='word_1_624' title='bbox 2797 4519 3290 4584; x_wconf 89' lang='lat' dir='ltr'>commendasset,</span> <span class='ocrx_word' id='word_1_625' title='bbox 3317 4523 3376 4574; x_wconf 89' lang='lat' dir='ltr'>et</span> <span class='ocrx_word' id='word_1_626' title='bbox 3397 4519 3546 4591; x_wconf 71' lang='lat' dir='ltr'>ipsa:</span> <span class='ocrx_word' id='word_1_627' title='bbox 3571 4527 3637 4577; x_wconf 90' lang='lat' dir='ltr'>et</span> <span class='ocrx_word' id='word_1_628' title='bbox 3662 4527 3792 4578; x_wconf 62' lang='lat' dir='ltr'>tota</span> 
     </span>
    </p>
   </div>
   <div class='ocr_carea' id='block_1_96' title="bbox 343 4593 3793 4685">
    <p class='ocr_par' dir='ltr' id='par_1_96' title="bbox 343 4593 3793 4685">
     <span class='ocr_line' id='line_1_96' title="bbox 343 4593 3793 4685; baseline -0.001 -17"><span class='ocrx_word' id='word_1_629' title='bbox 343 4615 661 4685; x_wconf 90' lang='lat' dir='ltr'>virginum,</span> <span class='ocrx_word' id='word_1_630' title='bbox 707 4609 901 4674; x_wconf 87' lang='lat' dir='ltr'>Pistis,</span> <span class='ocrx_word' id='word_1_631' title='bbox 937 4607 1124 4679; x_wconf 82' lang='lat' dir='ltr'>Elpis,</span> <span class='ocrx_word' id='word_1_632' title='bbox 1167 4605 1403 4677; x_wconf 84' lang='lat' dir='ltr'>Agapis,</span> <span class='ocrx_word' id='word_1_633' title='bbox 1433 4622 1558 4675; x_wconf 74' lang='lat' dir='ltr'>quae</span> <span class='ocrx_word' id='word_1_634' title='bbox 1600 4605 1800 4661; x_wconf 87' lang='lat' dir='ltr'>Latine</span> <span class='ocrx_word' id='word_1_635' title='bbox 1822 4607 1997 4672; x_wconf 79' lang='lat' dir='ltr'>Fides,</span> <span class='ocrx_word' id='word_1_636' title='bbox 2035 4593 2076 4655; x_wconf 86' lang='lat' dir='ltr'>D</span> <span class='ocrx_word' id='word_1_637' title='bbox 2105 4603 2363 4657; x_wconf 63' lang='lat' dir='ltr'>Thraciae</span> <span class='ocrx_word' id='word_1_638' title='bbox 2397 4604 2468 4658; x_wconf 90' lang='lat' dir='ltr'>ab</span> <span class='ocrx_word' id='word_1_639' title='bbox 2502 4603 2760 4659; x_wconf 90' lang='lat' dir='ltr'>hostium</span> <span class='ocrx_word' id='word_1_640' title='bbox 2799 4605 3131 4661; x_wconf 89' lang='lat' dir='ltr'>incursione</span> <span class='ocrx_word' id='word_1_641' title='bbox 3162 4606 3624 4664; x_wconf 70' lang='lat' dir='ltr'>suntliberatze.</span> <span class='ocrx_word' id='word_1_642' title='bbox 3656 4611 3793 4674; x_wconf 81' lang='lat' dir='ltr'>Qui-</span> 
     </span>
    </p>
   </div>
   <div class='ocr_carea' id='block_1_97' title="bbox 347 4693 2049 4774">
    <p class='ocr_par' dir='ltr' id='par_1_97' title="bbox 347 4693 2049 4774">
     <span class='ocr_line' id='line_1_97' title="bbox 347 4693 2049 4774; baseline -0.008 -17"><span class='ocrx_word' id='word_1_643' title='bbox 347 4702 496 4774; x_wconf 85' lang='lat' dir='ltr'>Spes,</span> <span class='ocrx_word' id='word_1_644' title='bbox 531 4702 802 4766; x_wconf 78' lang='lat' dir='ltr'>Charitas,</span> <span class='ocrx_word' id='word_1_645' title='bbox 834 4699 1132 4763; x_wconf 90' lang='lat' dir='ltr'>dicuntur,</span> <span class='ocrx_word' id='word_1_646' title='bbox 1184 4701 1241 4750; x_wconf 89' lang='lat' dir='ltr'>et</span> <span class='ocrx_word' id='word_1_647' title='bbox 1284 4693 1486 4748; x_wconf 88' lang='lat' dir='ltr'>matris</span> <span class='ocrx_word' id='word_1_648' title='bbox 1516 4711 1718 4749; x_wconf 88' lang='lat' dir='ltr'>earum</span> <span class='ocrx_word' id='word_1_649' title='bbox 1748 4695 1995 4765; x_wconf 71' lang='lat' dir='ltr'>Sophize,</span> <span class='ocrx_word' id='word_1_650' title='bbox 2037 4735 2049 4744; x_wconf 80' lang='lat'>.</span> 
     </span>
    </p>
   </div>
   <div class='ocr_carea' id='block_1_98' title="bbox 347 4781 1994 4863">
    <p class='ocr_par' dir='ltr' id='par_1_98' title="bbox 347 4781 1994 4863">
     <span class='ocr_line' id='line_1_98' title="bbox 347 4781 1994 4863; baseline -0.005 -17"><span class='ocrx_word' id='word_1_651' title='bbox 347 4808 475 4863; x_wconf 71' lang='lat' dir='ltr'>quae</span> <span class='ocrx_word' id='word_1_652' title='bbox 503 4790 787 4860; x_wconf 80' lang='lat' dir='ltr'>Sapientia</span> <span class='ocrx_word' id='word_1_653' title='bbox 818 4788 1255 4856; x_wconf 88' lang='lat' dir='ltr'>interpretatur,</span> <span class='ocrx_word' id='word_1_654' title='bbox 1289 4787 1345 4837; x_wconf 89' lang='lat' dir='ltr'>et</span> <span class='ocrx_word' id='word_1_655' title='bbox 1374 4781 1622 4836; x_wconf 88' lang='lat' dir='ltr'>aliarum</span> <span class='ocrx_word' id='word_1_656' title='bbox 1656 4782 1994 4838; x_wconf 85' lang='lat' dir='ltr'>multarum.</span> 
     </span>
    </p>
   </div>
   <div class='ocr_carea' id='block_1_99' title="bbox 419 4871 1998 4944">
    <p class='ocr_par' dir='ltr' id='par_1_99' title="bbox 419 4871 1998 4944">
     <span class='ocr_line' id='line_1_99' title="bbox 419 4871 1998 4944; baseline -0.004 -10"><span class='ocrx_word' id='word_1_657' title='bbox 419 4881 612 4936; x_wconf 66' lang='lat' dir='ltr'>Romae</span> <span class='ocrx_word' id='word_1_658' title='bbox 647 4877 833 4933; x_wconf 84' lang='lat' dir='ltr'>sancti</span> <span class='ocrx_word' id='word_1_659' title='bbox 882 4875 1129 4930; x_wconf 89' lang='lat' dir='ltr'>Joannis</span> <span class='ocrx_word' id='word_1_660' title='bbox 1175 4871 1516 4944; x_wconf 82' lang='lat' dir='ltr'>presbyteri,</span> <span class='ocrx_word' id='word_1_661' title='bbox 1571 4887 1746 4942; x_wconf 85' lang='lat' dir='ltr'>quem</span> <span class='ocrx_word' id='word_1_662' title='bbox 1780 4872 1998 4943; x_wconf 90' lang='lat' dir='ltr'>impius</span> 
     </span>
    </p>
   </div>
   <div class='ocr_carea' id='block_1_100' title="bbox 341 4958 1997 5025">
    <p class='ocr_par' dir='ltr' id='par_1_100' title="bbox 341 4958 1997 5025">
     <span class='ocr_line' id='line_1_100' title="bbox 341 4958 1997 5025; baseline -0.005 -2"><span class='ocrx_word' id='word_1_663' title='bbox 341 4967 618 5022; x_wconf 87' lang='lat' dir='ltr'>Julianus</span> <span class='ocrx_word' id='word_1_664' title='bbox 641 4964 975 5021; x_wconf 87' lang='lat' dir='ltr'>inauditum</span> <span class='ocrx_word' id='word_1_665' title='bbox 998 4962 1091 5016; x_wconf 88' lang='lat' dir='ltr'>via</span> <span class='ocrx_word' id='word_1_666' title='bbox 1113 4959 1337 5016; x_wconf 88' lang='lat' dir='ltr'>Salaria</span> <span class='ocrx_word' id='word_1_667' title='bbox 1356 4958 1556 5025; x_wconf 91' lang='lat' dir='ltr'>veteri,</span> <span class='ocrx_word' id='word_1_668' title='bbox 1583 4963 1715 5014; x_wconf 90' lang='lat' dir='ltr'>ante</span> <span class='ocrx_word' id='word_1_669' title='bbox 1753 4959 1997 5015; x_wconf 44' lang='lat' dir='ltr'>simula‘</span> 
     </span>
    </p>
   </div>
   <div class='ocr_carea' id='block_1_101' title="bbox 343 5049 1996 5121">
    <p class='ocr_par' dir='ltr' id='par_1_101' title="bbox 343 5049 1996 5121">
     <span class='ocr_line' id='line_1_101' title="bbox 343 5049 1996 5121; baseline -0.005 -9"><span class='ocrx_word' id='word_1_670' title='bbox 343 5072 509 5112; x_wconf 87' lang='lat' dir='ltr'>crum</span> <span class='ocrx_word' id='word_1_671' title='bbox 534 5055 685 5111; x_wconf 90' lang='lat' dir='ltr'>Solis</span> <span class='ocrx_word' id='word_1_672' title='bbox 721 5051 994 5111; x_wconf 90' lang='lat' dir='ltr'>decollari</span> <span class='ocrx_word' id='word_1_673' title='bbox 1020 5049 1309 5121; x_wconf 74' lang='lat' dir='ltr'>praecepit.</span> <span class='ocrx_word' id='word_1_674' title='bbox 1350 5049 1486 5119; x_wconf 89' lang='lat' dir='ltr'>Ejus</span> <span class='ocrx_word' id='word_1_675' title='bbox 1526 5065 1738 5120; x_wconf 91' lang='lat' dir='ltr'>corpus</span> <span class='ocrx_word' id='word_1_676' title='bbox 1769 5066 1801 5104; x_wconf 90' lang='lat' dir='ltr'>a</span> <span class='ocrx_word' id='word_1_677' title='bbox 1832 5049 1996 5105; x_wconf 88' lang='lat' dir='ltr'>beato</span> 
     </span>
    </p>
   </div>
   <div class='ocr_carea' id='block_1_102' title="bbox 341 5137 1997 5217">
    <p class='ocr_par' dir='ltr' id='par_1_102' title="bbox 341 5137 1997 5217">
     <span class='ocr_line' id='line_1_102' title="bbox 341 5137 1997 5217; baseline -0.004 -16"><span class='ocrx_word' id='word_1_678' title='bbox 341 5145 660 5201; x_wconf 89' lang='lat' dir='ltr'>Concordio</span> <span class='ocrx_word' id='word_1_679' title='bbox 677 5144 1015 5217; x_wconf 88' lang='lat' dir='ltr'>presbytero</span> <span class='ocrx_word' id='word_1_680' title='bbox 1033 5138 1272 5194; x_wconf 91' lang='lat' dir='ltr'>collectu</span> <span class='ocrx_word' id='word_1_681' title='bbox 1284 5154 1338 5191; x_wconf 90' lang='lat' dir='ltr'>m</span> <span class='ocrx_word' id='word_1_682' title='bbox 1353 5143 1409 5191; x_wconf 89' lang='lat' dir='ltr'>et</span> <span class='ocrx_word' id='word_1_683' title='bbox 1422 5137 1716 5208; x_wconf 92' lang='lat' dir='ltr'>sepultum</span> <span class='ocrx_word' id='word_1_684' title='bbox 1731 5140 1997 5209; x_wconf 87' lang='lat' dir='ltr'>estjuxta</span> 
     </span>
    </p>
   </div>
   <div class='ocr_carea' id='block_1_103' title="bbox 340 5234 963 5306">
    <p class='ocr_par' dir='ltr' id='par_1_103' title="bbox 340 5234 963 5306">
     <span class='ocr_line' id='line_1_103' title="bbox 340 5234 963 5306; baseline -0.008 -16"><span class='ocrx_word' id='word_1_685' title='bbox 340 5234 589 5291; x_wconf 89' lang='lat' dir='ltr'>concilia</span> <span class='ocrx_word' id='word_1_686' title='bbox 619 5239 963 5306; x_wconf 87' lang='lat' dir='ltr'>martyrum.</span> 
     </span>
    </p>
   </div>
   <div class='ocr_carea' id='block_1_104' title="bbox 416 5313 1998 5392">
    <p class='ocr_par' dir='ltr' id='par_1_104' title="bbox 416 5313 1998 5392">
     <span class='ocr_line' id='line_1_104' title="bbox 416 5313 1998 5392; baseline -0.004 -14"><span class='ocrx_word' id='word_1_687' title='bbox 416 5325 479 5378; x_wconf 90' lang='lat' dir='ltr'>In</span> <span class='ocrx_word' id='word_1_688' title='bbox 495 5323 790 5378; x_wconf 86' lang='lat' dir='ltr'>britannia</span> <span class='ocrx_word' id='word_1_689' title='bbox 801 5318 1087 5392; x_wconf 86' lang='lat' dir='ltr'>depositio</span> <span class='ocrx_word' id='word_1_690' title='bbox 1103 5319 1315 5371; x_wconf 69' lang='lat' dir='ltr'>sancta:</span> <span class='ocrx_word' id='word_1_691' title='bbox 1330 5313 1671 5369; x_wconf 69' lang='lat' dir='ltr'>Edeldrudaz</span> <span class='ocrx_word' id='word_1_692' title='bbox 1685 5314 1929 5387; x_wconf 88' lang='lat' dir='ltr'>virginis</span> <span class='ocrx_word' id='word_1_693' title='bbox 1942 5322 1998 5372; x_wconf 91' lang='lat' dir='ltr'>et</span> 
     </span>
    </p>
   </div>
   <div class='ocr_carea' id='block_1_105' title="bbox 343 5403 1995 5485">
    <p class='ocr_par' dir='ltr' id='par_1_105' title="bbox 343 5403 1995 5485">
     <span class='ocr_line' id='line_1_105' title="bbox 343 5403 1995 5485; baseline -0.005 -16"><span class='ocrx_word' id='word_1_694' title='bbox 343 5413 578 5485; x_wconf 68' lang='lat' dir='ltr'>reginae.</span> <span class='ocrx_word' id='word_1_695' title='bbox 603 5413 779 5483; x_wconf 87' lang='lat' dir='ltr'>Cujus</span> <span class='ocrx_word' id='word_1_696' title='bbox 800 5426 1032 5480; x_wconf 85' lang='lat' dir='ltr'>corpus,</span> <span class='ocrx_word' id='word_1_697' title='bbox 1057 5423 1192 5462; x_wconf 90' lang='lat' dir='ltr'>cum</span> <span class='ocrx_word' id='word_1_698' title='bbox 1216 5405 1414 5460; x_wconf 88' lang='lat' dir='ltr'>decem</span> <span class='ocrx_word' id='word_1_699' title='bbox 1437 5403 1608 5458; x_wconf 88' lang='lat' dir='ltr'>annis</span> <span class='ocrx_word' id='word_1_700' title='bbox 1629 5408 1784 5458; x_wconf 87' lang='lat' dir='ltr'>esset</span> <span class='ocrx_word' id='word_1_701' title='bbox 1804 5406 1995 5477; x_wconf 87' lang='lat' dir='ltr'>sepul-</span> 
     </span>
    </p>
   </div>
   <div class='ocr_carea' id='block_1_106' title="bbox 343 5499 1410 5571">
    <p class='ocr_par' dir='ltr' id='par_1_106' title="bbox 343 5499 1410 5571">
     <span class='ocr_line' id='line_1_106' title="bbox 343 5499 1410 5571; baseline -0.011 -13"><span class='ocrx_word' id='word_1_702' title='bbox 343 5506 496 5569; x_wconf 88' lang='lat' dir='ltr'>tum,</span> <span class='ocrx_word' id='word_1_703' title='bbox 531 5503 938 5571; x_wconf 86' lang='lat' dir='ltr'>incorruptum</span> <span class='ocrx_word' id='word_1_704' title='bbox 971 5499 1269 5552; x_wconf 87' lang='lat' dir='ltr'>inventum</span> <span class='ocrx_word' id='word_1_705' title='bbox 1301 5499 1410 5547; x_wconf 89' lang='lat' dir='ltr'>est.</span> 
     </span>
    </p>
   </div>
   <div class='ocr_carea' id='block_1_107' title="bbox 420 5582 1603 5662">
    <p class='ocr_par' dir='ltr' id='par_1_107' title="bbox 420 5582 1603 5662">
     <span class='ocr_line' id='line_1_107' title="bbox 420 5582 1603 5662; baseline -0.007 -18"><span class='ocrx_word' id='word_1_706' title='bbox 420 5593 562 5646; x_wconf 90' lang='lat' dir='ltr'>Item</span> <span class='ocrx_word' id='word_1_707' title='bbox 595 5589 793 5662; x_wconf 87' lang='lat' dir='ltr'>vigilia</span> <span class='ocrx_word' id='word_1_708' title='bbox 823 5586 1009 5643; x_wconf 88' lang='lat' dir='ltr'>sancti</span> <span class='ocrx_word' id='word_1_709' title='bbox 1041 5584 1286 5641; x_wconf 88' lang='lat' dir='ltr'>Joannis</span> <span class='ocrx_word' id='word_1_710' title='bbox 1314 5582 1603 5654; x_wconf 66' lang='lat' dir='ltr'>Baptista).</span> 
     </span>
    </p>
   </div>
   <div class='ocr_carea' id='block_1_108' title="bbox 423 5670 1996 5746">
    <p class='ocr_par' dir='ltr' id='par_1_108' title="bbox 423 5670 1996 5746">
     <span class='ocr_line' id='line_1_108' title="bbox 423 5670 1996 5746; baseline -0.001 -16"><span class='ocrx_word' id='word_1_711' title='bbox 423 5679 546 5734; x_wconf 86' lang='lat' dir='ltr'><strong>VIII</strong></span> <span class='ocrx_word' id='word_1_712' title='bbox 583 5681 661 5734; x_wconf 86' lang='lat' dir='ltr'>In.</span> <span class='ocrx_word' id='word_1_713' title='bbox 693 5680 826 5733; x_wconf 78' lang='lat' dir='ltr'>JUL.</span> <span class='ocrx_word' id='word_1_714' title='bbox 861 5708 926 5717; x_wconf 96' lang='lat'><strong>—</strong></span> <span class='ocrx_word' id='word_1_715' title='bbox 957 5680 1020 5729; x_wconf 89' lang='lat' dir='ltr'>In</span> <span class='ocrx_word' id='word_1_716' title='bbox 1055 5673 1357 5746; x_wconf 88' lang='lat' dir='ltr'>provincia</span> <span class='ocrx_word' id='word_1_717' title='bbox 1404 5670 1732 5738; x_wconf 64' lang='lat' dir='ltr'>Palenstina,</span> <span class='ocrx_word' id='word_1_718' title='bbox 1767 5673 1996 5730; x_wconf 87' lang='lat' dir='ltr'>civitate</span> 
     </span>
    </p>
   </div>
   <div class='ocr_carea' id='block_1_109' title="bbox 2109 4695 3796 4772">
    <p class='ocr_par' dir='ltr' id='par_1_109' title="bbox 2109 4695 3796 4772">
     <span class='ocr_line' id='line_1_109' title="bbox 2109 4695 3796 4772; baseline 0.006 -25"><span class='ocrx_word' id='word_1_719' title='bbox 2109 4709 2220 4764; x_wconf 92' lang='lat' dir='ltr'>que</span> <span class='ocrx_word' id='word_1_720' title='bbox 2251 4697 2495 4748; x_wconf 86' lang='lat' dir='ltr'>Romam</span> <span class='ocrx_word' id='word_1_721' title='bbox 2529 4709 2816 4758; x_wconf 87' lang='lat' dir='ltr'>reversus,</span> <span class='ocrx_word' id='word_1_722' title='bbox 2841 4699 2896 4749; x_wconf 91' lang='lat' dir='ltr'>et</span> <span class='ocrx_word' id='word_1_723' title='bbox 2916 4695 3286 4751; x_wconf 90' lang='lat' dir='ltr'>Christianus</span> <span class='ocrx_word' id='word_1_724' title='bbox 3308 4697 3588 4766; x_wconf 73' lang='lat' dir='ltr'>effectus,</span> <span class='ocrx_word' id='word_1_725' title='bbox 3618 4703 3796 4772; x_wconf 81' lang='lat' dir='ltr'>quin-</span> 
     </span>
    </p>
   </div>
   <div class='ocr_carea' id='block_1_110' title="bbox 2107 4782 3793 4860">
    <p class='ocr_par' dir='ltr' id='par_1_110' title="bbox 2107 4782 3793 4860">
     <span class='ocr_line' id='line_1_110' title="bbox 2107 4782 3793 4860; baseline 0.005 -24"><span class='ocrx_word' id='word_1_726' title='bbox 2107 4799 2219 4854; x_wconf 90' lang='lat' dir='ltr'>que</span> <span class='ocrx_word' id='word_1_727' title='bbox 2251 4782 2436 4836; x_wconf 89' lang='lat' dir='ltr'>millia</span> <span class='ocrx_word' id='word_1_728' title='bbox 2464 4799 2764 4838; x_wconf 84' lang='lat' dir='ltr'>servorum</span> <span class='ocrx_word' id='word_1_729' title='bbox 2797 4801 3037 4839; x_wconf 90' lang='lat' dir='ltr'>suorum</span> <span class='ocrx_word' id='word_1_730' title='bbox 3086 4785 3300 4841; x_wconf 84' lang='lat' dir='ltr'>liberos</span> <span class='ocrx_word' id='word_1_731' title='bbox 3348 4786 3653 4860; x_wconf 87' lang='lat' dir='ltr'>civesque</span> <span class='ocrx_word' id='word_1_732' title='bbox 3688 4791 3793 4845; x_wconf 84' lang='lat' dir='ltr'>Ro-</span> 
     </span>
    </p>
   </div>
   <div class='ocr_carea' id='block_1_111' title="bbox 2109 4871 3796 4946">
    <p class='ocr_par' dir='ltr' id='par_1_111' title="bbox 2109 4871 3796 4946">
     <span class='ocr_line' id='line_1_111' title="bbox 2109 4871 3796 4946; baseline 0.004 -21"><span class='ocrx_word' id='word_1_733' title='bbox 2109 4888 2315 4927; x_wconf 91' lang='lat' dir='ltr'>manos</span> <span class='ocrx_word' id='word_1_734' title='bbox 2338 4871 2492 4939; x_wconf 84' lang='lat' dir='ltr'>fecit,</span> <span class='ocrx_word' id='word_1_735' title='bbox 2514 4871 2731 4943; x_wconf 90' lang='lat' dir='ltr'>quibus</span> <span class='ocrx_word' id='word_1_736' title='bbox 2745 4873 2918 4928; x_wconf 91' lang='lat' dir='ltr'>etiam</span> <span class='ocrx_word' id='word_1_737' title='bbox 2945 4875 3160 4945; x_wconf 70' lang='lat' dir='ltr'>praedia</span> <span class='ocrx_word' id='word_1_738' title='bbox 3175 4875 3506 4946; x_wconf 86' lang='lat' dir='ltr'>domosque</span> <span class='ocrx_word' id='word_1_739' title='bbox 3518 4878 3796 4935; x_wconf 83' lang='lat' dir='ltr'>donavit.</span> 
     </span>
    </p>
   </div>
   <div class='ocr_carea' id='block_1_112' title="bbox 2105 4961 3792 5036">
    <p class='ocr_par' dir='ltr' id='par_1_112' title="bbox 2105 4961 3792 5036">
     <span class='ocr_line' id='line_1_112' title="bbox 2105 4961 3792 5036; baseline 0.006 -22"><span class='ocrx_word' id='word_1_740' title='bbox 2105 4964 2356 5016; x_wconf 89' lang='lat' dir='ltr'>Cunctas</span> <span class='ocrx_word' id='word_1_741' title='bbox 2377 4977 2512 5016; x_wconf 89' lang='lat' dir='ltr'>vero</span> <span class='ocrx_word' id='word_1_742' title='bbox 2537 4961 2845 5016; x_wconf 87' lang='lat' dir='ltr'>facultates</span> <span class='ocrx_word' id='word_1_743' title='bbox 2867 4980 3025 5030; x_wconf 89' lang='lat' dir='ltr'>suas,</span> <span class='ocrx_word' id='word_1_744' title='bbox 3053 4969 3290 5035; x_wconf 84' lang='lat' dir='ltr'>excepto</span> <span class='ocrx_word' id='word_1_745' title='bbox 3323 4965 3456 5034; x_wconf 89' lang='lat' dir='ltr'>jure</span> <span class='ocrx_word' id='word_1_746' title='bbox 3486 4966 3792 5036; x_wconf 84' lang='lat' dir='ltr'>ﬁliarum,</span> 
     </span>
    </p>
   </div>
   <div class='ocr_carea' id='block_1_113' title="bbox 2103 5049 3798 5124">
    <p class='ocr_par' dir='ltr' id='par_1_113' title="bbox 2103 5049 3798 5124">
     <span class='ocr_line' id='line_1_113' title="bbox 2103 5049 3798 5124; baseline 0.006 -20"><span class='ocrx_word' id='word_1_747' title='bbox 2103 5050 2304 5105; x_wconf 78' lang='lat' dir='ltr'>Atticae</span> <span class='ocrx_word' id='word_1_748' title='bbox 2347 5049 2612 5105; x_wconf 87' lang='lat' dir='ltr'>videlicet</span> <span class='ocrx_word' id='word_1_749' title='bbox 2651 5056 2707 5106; x_wconf 90' lang='lat' dir='ltr'>et</span> <span class='ocrx_word' id='word_1_750' title='bbox 2743 5052 3032 5118; x_wconf 73' lang='lat' dir='ltr'>Artemiae,</span> <span class='ocrx_word' id='word_1_751' title='bbox 3067 5069 3214 5124; x_wconf 91' lang='lat' dir='ltr'>quas</span> <span class='ocrx_word' id='word_1_752' title='bbox 3245 5057 3660 5112; x_wconf 84' lang='lat' dir='ltr'>Constantina</span> <span class='ocrx_word' id='word_1_753' title='bbox 3689 5062 3798 5114; x_wconf 85' lang='lat' dir='ltr'>Au-</span> 
     </span>
    </p>
   </div>
   <div class='ocr_carea' id='block_1_114' title="bbox 2105 5140 3792 5212">
    <p class='ocr_par' dir='ltr' id='par_1_114' title="bbox 2105 5140 3792 5212">
     <span class='ocr_line' id='line_1_114' title="bbox 2105 5140 3792 5212; baseline 0.004 -18"><span class='ocrx_word' id='word_1_754' title='bbox 2105 5143 2278 5212; x_wconf 88' lang='lat' dir='ltr'>gusta</span> <span class='ocrx_word' id='word_1_755' title='bbox 2305 5143 2466 5210; x_wconf 89' lang='lat' dir='ltr'>virgo</span> <span class='ocrx_word' id='word_1_756' title='bbox 2524 5140 2927 5195; x_wconf 89' lang='lat' dir='ltr'>sacratissima</span> <span class='ocrx_word' id='word_1_757' title='bbox 2982 5142 3210 5197; x_wconf 88' lang='lat' dir='ltr'>Christo</span> <span class='ocrx_word' id='word_1_758' title='bbox 3269 5143 3456 5198; x_wconf 84' lang='lat' dir='ltr'>fuerat</span> <span class='ocrx_word' id='word_1_759' title='bbox 3525 5143 3792 5210; x_wconf 82' lang='lat' dir='ltr'>lucrata,</span> 
     </span>
    </p>
   </div>
   <div class='ocr_carea' id='block_1_115' title="bbox 2104 5227 3793 5302">
    <p class='ocr_par' dir='ltr' id='par_1_115' title="bbox 2104 5227 3793 5302">
     <span class='ocr_line' id='line_1_115' title="bbox 2104 5227 3793 5302; baseline 0.004 -18"><span class='ocrx_word' id='word_1_760' title='bbox 2104 5227 2351 5284; x_wconf 87' lang='lat' dir='ltr'>distrahi</span> <span class='ocrx_word' id='word_1_761' title='bbox 2410 5243 2476 5281; x_wconf 90' lang='lat' dir='ltr'>ac</span> <span class='ocrx_word' id='word_1_762' title='bbox 2532 5228 2736 5283; x_wconf 89' lang='lat' dir='ltr'>donari</span> <span class='ocrx_word' id='word_1_763' title='bbox 2795 5231 3153 5302; x_wconf 88' lang='lat' dir='ltr'>pauperibus</span> <span class='ocrx_word' id='word_1_764' title='bbox 3215 5231 3365 5286; x_wconf 88' lang='lat' dir='ltr'>fecit.</span> <span class='ocrx_word' id='word_1_765' title='bbox 3445 5233 3534 5288; x_wconf 86' lang='lat' dir='ltr'>Ac</span> <span class='ocrx_word' id='word_1_766' title='bbox 3609 5253 3680 5291; x_wconf 85' lang='lat' dir='ltr'>se</span> <span class='ocrx_word' id='word_1_767' title='bbox 3743 5237 3793 5290; x_wconf 88' lang='lat' dir='ltr'>in</span> 
     </span>
    </p>
   </div>
   <div class='ocr_carea' id='block_1_116' title="bbox 2105 5317 3793 5388">
    <p class='ocr_par' dir='ltr' id='par_1_116' title="bbox 2105 5317 3793 5388">
     <span class='ocr_line' id='line_1_116' title="bbox 2105 5317 3793 5388; baseline 0.004 -15"><span class='ocrx_word' id='word_1_768' title='bbox 2105 5317 2359 5373; x_wconf 91' lang='lat' dir='ltr'>Ostiensi</span> <span class='ocrx_word' id='word_1_769' title='bbox 2392 5317 2535 5372; x_wconf 90' lang='lat' dir='ltr'>urbe</span> <span class='ocrx_word' id='word_1_770' title='bbox 2558 5319 2818 5374; x_wconf 90' lang='lat' dir='ltr'>manenti</span> <span class='ocrx_word' id='word_1_771' title='bbox 2850 5324 3052 5376; x_wconf 89' lang='lat' dir='ltr'>sancto</span> <span class='ocrx_word' id='word_1_772' title='bbox 3081 5321 3204 5375; x_wconf 93' lang='lat' dir='ltr'>viro</span> <span class='ocrx_word' id='word_1_773' title='bbox 3231 5320 3495 5388; x_wconf 88' lang='lat' dir='ltr'>cuidam,</span> <span class='ocrx_word' id='word_1_774' title='bbox 3537 5326 3793 5380; x_wconf 83' lang='lat' dir='ltr'>nomine</span> 
     </span>
    </p>
   </div>
   <div class='ocr_carea' id='block_1_117' title="bbox 2103 5405 3792 5481">
    <p class='ocr_par' dir='ltr' id='par_1_117' title="bbox 2103 5405 3792 5481">
     <span class='ocr_line' id='line_1_117' title="bbox 2103 5405 3792 5481; baseline 0.005 -22"><span class='ocrx_word' id='word_1_775' title='bbox 2103 5405 2385 5470; x_wconf 84' lang='lat' dir='ltr'>Ililarino,</span> <span class='ocrx_word' id='word_1_776' title='bbox 2421 5405 2679 5476; x_wconf 88' lang='lat' dir='ltr'>sociavit,</span> <span class='ocrx_word' id='word_1_777' title='bbox 2713 5408 2883 5478; x_wconf 87' lang='lat' dir='ltr'>cujus</span> <span class='ocrx_word' id='word_1_778' title='bbox 2904 5409 3305 5464; x_wconf 88' lang='lat' dir='ltr'>habitaculum</span> <span class='ocrx_word' id='word_1_779' title='bbox 3330 5408 3631 5481; x_wconf 83' lang='lat' dir='ltr'>ampliari</span> <span class='ocrx_word' id='word_1_780' title='bbox 3665 5415 3792 5470; x_wconf 83' lang='lat' dir='ltr'>fecit</span> 
     </span>
    </p>
   </div>
   <div class='ocr_carea' id='block_1_118' title="bbox 2106 5493 3790 5570">
    <p class='ocr_par' dir='ltr' id='par_1_118' title="bbox 2106 5493 3790 5570">
     <span class='ocr_line' id='line_1_118' title="bbox 2106 5493 3790 5570; baseline 0.003 -20"><span class='ocrx_word' id='word_1_781' title='bbox 2106 5496 2176 5550; x_wconf 91' lang='lat' dir='ltr'>ad</span> <span class='ocrx_word' id='word_1_782' title='bbox 2203 5493 2642 5566; x_wconf 89' lang='lat' dir='ltr'>peregrinorum</span> <span class='ocrx_word' id='word_1_783' title='bbox 2667 5496 3121 5567; x_wconf 87' lang='lat' dir='ltr'>susceptionem,</span> <span class='ocrx_word' id='word_1_784' title='bbox 3145 5514 3323 5568; x_wconf 89' lang='lat' dir='ltr'>quam</span> <span class='ocrx_word' id='word_1_785' title='bbox 3344 5498 3466 5568; x_wconf 90' lang='lat' dir='ltr'>ipse</span> <span class='ocrx_word' id='word_1_786' title='bbox 3492 5500 3790 5570; x_wconf 81' lang='lat' dir='ltr'>plurimis</span> 
     </span>
    </p>
   </div>
   <div class='ocr_carea' id='block_1_119' title="bbox 2104 5582 3788 5663">
    <p class='ocr_par' dir='ltr' id='par_1_119' title="bbox 2104 5582 3788 5663">
     <span class='ocr_line' id='line_1_119' title="bbox 2104 5582 3788 5663; baseline 0.007 -27"><span class='ocrx_word' id='word_1_787' title='bbox 2104 5583 2503 5654; x_wconf 89' lang='lat' dir='ltr'>impendebat.</span> <span class='ocrx_word' id='word_1_788' title='bbox 2566 5582 2631 5636; x_wconf 90' lang='lat' dir='ltr'>Et</span> <span class='ocrx_word' id='word_1_789' title='bbox 2689 5583 3044 5640; x_wconf 89' lang='lat' dir='ltr'>adminiculo</span> <span class='ocrx_word' id='word_1_790' title='bbox 3103 5603 3424 5654; x_wconf 86' lang='lat' dir='ltr'>servorum,</span> <span class='ocrx_word' id='word_1_791' title='bbox 3459 5603 3642 5660; x_wconf 85' lang='lat' dir='ltr'>quos</span> <span class='ocrx_word' id='word_1_792' title='bbox 3668 5594 3788 5663; x_wconf 82' lang='lat' dir='ltr'>jam</span> 
     </span>
    </p>
   </div>
   <div class='ocr_carea' id='block_1_120' title="bbox 2105 5671 3781 5743">
    <p class='ocr_par' dir='ltr' id='par_1_120' title="bbox 2105 5671 3781 5743">
     <span class='ocr_line' id='line_1_120' title="bbox 2105 5671 3781 5743; baseline 0.005 -17"><span class='ocrx_word' id='word_1_793' title='bbox 2105 5671 2375 5727; x_wconf 86' lang='lat' dir='ltr'>libertate</span> <span class='ocrx_word' id='word_1_794' title='bbox 2395 5671 2654 5739; x_wconf 87' lang='lat' dir='ltr'>donavit,</span> <span class='ocrx_word' id='word_1_795' title='bbox 2680 5675 2853 5743; x_wconf 89' lang='lat' dir='ltr'>atque</span> <span class='ocrx_word' id='word_1_796' title='bbox 2873 5673 2997 5731; x_wconf 91' lang='lat' dir='ltr'>ides</span> <span class='ocrx_word' id='word_1_797' title='bbox 3023 5675 3243 5732; x_wconf 90' lang='lat' dir='ltr'>arctius</span> <span class='ocrx_word' id='word_1_798' title='bbox 3281 5691 3380 5732; x_wconf 90' lang='lat' dir='ltr'>eos</span> <span class='ocrx_word' id='word_1_799' title='bbox 3409 5675 3527 5732; x_wconf 85' lang='lat' dir='ltr'>sibi</span> <span class='ocrx_word' id='word_1_800' title='bbox 3558 5681 3781 5736; x_wconf 80' lang='lat' dir='ltr'>astrin-</span> 
     </span>
    </p>
   </div>
  </div>
