4012 6198
295 370 451 449 1109

1348 366 2056 445 MARTYROLOGIUM.
2090 406 2168 425 —-
2196 372 2433 442 MENS.
2477 372 2646 444 JUN.

3540 362 3698 430 HlO

296 520 400 585 xit,
436 516 712 576 omnibus
741 516 1141 593 indigentibus
1180 516 1254 572 ad
1286 532 1348 572 se
1379 514 1763 579 venientibus,
1798 530 1937 567 cun-
1969 512 2021 577 Α
2056 518 2145 569 tos
2190 514 2261 568 ad
2315 515 2488 568 fidem
2539 512 2753 568 Christi
2804 506 3104 567 convertit.
3140 503 3391 564 Rediens
3438 518 3572 561 vero
3622 504 3695 561 ad

293 608 517 679 ctisque
552 608 967 681 languentibus
996 611 1206 662 sanctas
1255 604 1551 661 servitutis
1583 603 1815 659 servitia
1843 618 1935 656 ex-

294 696 489 751 hibere
516 714 629 751 non
655 697 1126 761 cessabat,donec
1149 695 1420 750 Julianus
1443 691 1941 765 Apostata,Caasar

294 785 553 851 effectus,
586 786 771 857 legem
814 785 1214 857 promulgaret
1246 788 1309 837 ut
1355 782 1664 838 Christiani
1702 780 1845 835 nihil
1880 780 1937 833 in

294 875 401 930 hoc
433 875 643 930 szeculo
678 874 1061 946 possiderent.
1096 873 1205 927 Sed
1257 883 1313 927 et
1344 878 1483 926 tunc
1514 870 1848 926 Gallicanus
1879 869 1937 922 in

297 964 668 1037 paucissimis
703 964 855 1018 casis
888 980 1035 1035 quas
1067 963 1138 1017 ad
1191 961 1581 1017 ministerium
1614 976 1937 1031 pauperum

298 1057 618 1109 reservatas
648 1052 921 1120 habebat,
958 1053 1036 1107 ita
1066 1052 1363 1106 Christum
1394 1051 1759 1105 defensorem
1791 1049 1941 1102 inve-

297 1142 418 1196 nire
456 1143 806 1211 merebatur,
843 1146 906 1195 ut
944 1140 1278 1212 quicunque
1310 1141 1369 1194 in
1401 1156 1497 1194 eas
1532 1138 1822 1193 malitiose
1852 1138 1938 1192 vel

297 1232 365 1286 ad
397 1232 696 1303 ponendos
712 1230 912 1285 titulos
930 1231 1054 1284 ﬁsci
1086 1231 1303 1284 intrare
1334 1228 1938 1300 praesumeret,statim

294 1325 396 1375 aut
427 1320 655 1375 diabolo
678 1320 1022 1390 repleretur,
1043 1324 1143 1373 aut
1172 1318 1341 1389 leprae
1374 1317 1621 1372 maculis
1647 1333 1941 1389 resperge-

296 1414 473 1465 retur.
506 1409 666 1472 Quod
700 1426 832 1463 cum
862 1408 1098 1463 Juliano
1130 1408 1333 1462 fuisset
1375 1408 1736 1476 nuntiatum,
1772 1423 1935 1460 man-

296 1497 452 1553 davit
481 1497 532 1552 ei
560 1501 625 1551 ut
656 1502 755 1552 aut
784 1497 894 1551 diis
926 1496 1279 1551 sacriﬁcaret
1307 1501 1409 1551 aut
1439 1514 1472 1550 a
1504 1495 1719 1549 finibus
1764 1493 1939 1550 Italiae

296 1588 638 1642 discederet.
704 1587 834 1641 Mox
883 1601 1019 1657 ergo
1067 1586 1273 1641 beatus
1318 1585 1674 1647 Gallicanus,
1725 1582 1941 1639 relictis

299 1676 596 1739 omnibus,
648 1674 1061 1729 Alexandriam
1114 1674 1301 1746 petiit,
1342 1679 1398 1730 et
1444 1673 1523 1727 ibi
1565 1675 1807 1743 junctus
1856 1678 1944 1727 est

297 1763 728 1820 confessoribus
758 1764 972 1819 Christi
1006 1779 1108 1835 per
1137 1780 1358 1818 annum
1407 1764 1772 1817 continuum.
1806 1766 1944 1816 Post

2047 610 2277 674 gentem
2306 604 2399 657 cui
2430 602 2765 674 specialiter
2789 600 2980 655 fuerat
3009 598 3317 671 episcopus
3349 597 3543 662 datus,
3584 599 3692 651 Ga-

2046 692 2195 747 latas
2236 708 2422 762 usque
2472 694 2543 747 ad
2592 693 2829 747 beatum
2878 690 3052 744 ﬁnem
3083 687 3209 741 vitm
3242 703 3358 741 suae
3410 686 3468 739 in
3524 700 3695 757 Opere

2050 782 2279 838 Domini
2312 782 2679 836 cont‘ortavit.

2120 881 2289 953 Apud
2306 880 2531 934 Tiburti
2544 896 2676 934 nam
2693 878 2866 934 Italiae
2882 877 3173 933 civitatem
3196 873 3470 930 nativitas
3484 879 3696 929 sanctae

2049 970 2475 1041 Symphorosze,
2528 968 2725 1023 uxoris
2780 967 2930 1022 beati
2982 964 3191 1021 Getulii
3241 963 3513 1035 martyris
3563 980 3697 1019 cum

2051 1063 2272 1130 septem
2329 1057 2484 1123 ﬁliis,
2518 1059 2842 1119 Crescente,
2874 1055 3131 1123 Juliano,
3173 1053 3462 1120 Nemesio,
3499 1052 3701 1107 Primi-

2050 1149 2187 1215 tivo,
2220 1148 2474 1213 Justino,
2510 1148 2757 1213 Stacteo,
2792 1145 3070 1215 Eugenio,
3102 1160 3237 1199 cum
3270 1143 3487 1213 quibus
3527 1158 3701 1212 passa

2050 1242 2106 1293 et
2159 1236 2332 1292 simul
2386 1237 2495 1291 sub
2526 1234 2779 1289 Adriano
2834 1233 3114 1305 principe.
3149 1230 3254 1298 Qui
3304 1232 3494 1302 ipsam
3526 1230 3697 1301 Sym-

2051 1327 2365 1399 phorosam
2406 1325 2590 1395 jussit
2640 1323 2853 1394 palmis
2904 1323 3064 1388 credi,
3100 1321 3307 1376 deinde
3358 1336 3459 1391 per
3510 1319 3701 1374 crines

2051 1416 2352 1486 suspendi.
2396 1417 2581 1480 Quam
2614 1414 2755 1468 dum
2790 1428 3066 1482 superare
3111 1408 3448 1465 nullatenus
3480 1412 3697 1479 posset,

2042 1505 2223 1577 jussit
2270 1522 2399 1559 eam
2454 1502 2689 1574 alligato
2730 1518 2867 1557 saxo
2916 1501 2975 1554 in
3032 1498 3277 1554 ﬂuvium
3325 1496 3699 1570 praecipitari.

2051 1594 2231 1665 Cujus
2261 1594 2438 1647 frater
2458 1591 2770 1662 Eugenius,
2796 1588 3136 1662 principalis
3167 1586 3337 1642 curiae
3360 1586 3695 1652 Tiburtinis,

2051 1683 2333 1753 colligens
2364 1698 2575 1751 corpus
2605 1682 2752 1748 ejus,
2773 1677 3056 1749 sepelivit.
3081 1678 3151 1731 Et
3182 1691 3353 1730 mane
3383 1674 3699 1746 imperator

2043 1772 2226 1843 jussit
2274 1775 2495 1841 septem
2546 1768 2775 1839 stipites
2823 1767 2943 1839 ﬁgi,
3000 1766 3200 1837 ibique
3249 1763 3397 1820 ﬁlios
3447 1765 3575 1834 ejus
3633 1763 3705 1817 ad

296 1854 468 1949 etiam}
490 1853 730 1909 580335“
750 1853 807 1906 in
837 1853 1335 1923 eremum’ibique
1362 1870 1395 1907 ει
1418 1852 1711 1908 RaUCiaDO
1735 1851 1943 1906 comite
1977 1886 2023 1949 Β
2052 1859 2302 1915 trocleas
2333 1857 2586 1924 extendi,
2613 1862 2668 1911 et
2688 1856 3057 1912 Crescentem
3078 1855 3133 1908 in
3161 1857 3394 1926 gutture
3416 1852 3707 1923 transﬁgi,

294 1941 644 2014 templorum
702 1942 753 1996 vi
807 1943 1124 2013 cogebatur
1155 1942 1482 1996 sacriﬁcare
1533 1941 1682 2008 diis;
1719 1946 1775 1995 et
1803 1942 1944 1994 dum

295 2035 714 2095 contemneret,
750 2046 1067 2101 percussus
1098 2030 1290 2101 gladio
1342 2030 1399 2084 in
1436 2047 1696 2101 corpore,
1730 2029 1947 2084 Christi

294 2124 512 2191 martyr
559 2120 768 2185 factus,
822 2125 996 2189 atque
1042 2118 1124 2172 ita
1174 2119 1425 2189 perrexit
1483 2120 1555 2173 ad
1606 2119 1945 2187 Dominum,

297 2210 559 2280 gaudens
619 2223 753 2262 cum
806 2208 1124 2279 triumpho.
1164 2208 1261 2262 Cui
1297 2208 1497 2263 statim
1548 2208 1638 2263 sui
1690 2208 1947 2262 nominis

299 2297 606 2352 basilicam
649 2302 1120 2363 construxerunt,
1158 2298 1214 2351 in
1250 2315 1367 2369 qua
1406 2298 1725 2352 exuberant
1772 2298 1945 2352 bene-

300 2386 432 2441 ﬁcia
462 2386 757 2458 martyris,
791 2402 859 2441 ex
885 2403 950 2441 eo
983 2390 1039 2441 et
1068 2403 1221 2440 nunc
1254 2392 1309 2441 et
1340 2404 1529 2457 usque
1554 2386 1613 2440 in
1642 2385 1873 2440 srecula.

373 2477 568 2530 Romae
604 2475 822 2530 Luceia:
854 2475 1096 2547 virginis
1127 2481 1183 2530 et
1212 2475 1434 2531 Auceia:
1475 2474 1648 2548 regis,
1683 2475 1781 2546 qui
1814 2492 1946 2530 cum

297 2562 423 2619 aliis
453 2564 661 2636 viginti
695 2566 926 2619 duobus
951 2564 1169 2635 pariter
1192 2564 1475 2636 martyrio
1506 2565 1764 2620 coronati
1789 2570 1946 2620 sunt.

368 2669 435 2724 VI
467 2671 607 2723 KAL.
640 2669 769 2724 JUL.
795 2702 860 2710 —
894 2670 1087 2725 Romae
1110 2670 1383 2726 nativitas
1413 2676 1750 2726 sanctorum
1773 2675 1947 2725 Joan-

296 2756 389 2812 nis
439 2761 496 2811 et
546 2756 709 2812 Pauli
759 2759 1029 2813 fratrum.
1076 2759 1335 2822 Quorum
1389 2760 1547 2830 prior
1576 2759 1945 2831 praepositus,

296 2847 588 2901 secundus
623 2848 729 2901 fuit
758 2847 1129 2918 primicerius
1160 2848 1510 2903 Constantine
1536 2848 1946 2917 virginis,ﬁlia3

294 2934 652 2990 Constantini
687 2935 1202 3006 imperatoris.Qui
1238 2953 1372 2991 cum
1407 2938 1564 2991 omni
1596 2937 1687 2991 die
1720 2942 1946 2990 turmas

295 3022 756 3078 Christianorum
783 3030 1109 3078 recrearent
1134 3041 1199 3079 ex
1227 3024 1318 3079 his
1349 3025 1557 3095 opibus
1581 3042 1727 3095 quas
1752 3041 1944 3079 sacra-

294 3113 528 3167 tissima
556 3111 719 3182 virgo
747 3111 962 3166 Christi
986 3112 1323 3166 Constantia
1346 3112 1947 3183 reliquerat,pervenit

296 3202 405 3257 hoc
436 3202 506 3256 ad
538 3200 839 3256 Julianum
874 3200 1296 3270 impiissimum
1329 3200 1633 3254 Czesarem.
1668 3200 1775 3264 Qui
1811 3217 1941 3253 cum

297 3307 403 3346 nec
435 3289 612 3345 minis
645 3306 750 3344 nec
767 3288 1144 3343 suasionibus
1166 3306 1198 3342 a
1227 3288 1436 3343 Christi
1462 3306 1658 3343 amore
1688 3305 1786 3343 eos
1808 3289 1945 3342 abs-

227 3431 234 3436 .
296 3379 527 3435 trahere
559 3383 615 3433 et
658 3379 729 3433 ad
786 3377 1075 3433 idolorum
1129 3371 1420 3431 culturam
1471 3377 1700 3432 allicere
1729 3381 1944 3447 posset,

299 3469 460 3524 dedit
476 3466 559 3522 eis
580 3466 850 3522 inducias
872 3467 1072 3521 decem
1097 3466 1398 3532 diebus,ut
1423 3466 1493 3521 ad
1517 3466 1945 3539 venerationem

301 3558 543 3613 deorum
597 3573 841 3611 suorum
890 3555 1334 3610 inclinarentur.
1383 3556 1543 3609 Tunc
1592 3555 1776 3609 sancti
1826 3553 1947 3623 Dei,

300 3646 662 3703 Christianos
695 3646 766 3701 ad
800 3661 861 3700 se
894 3645 1232 3714 invitantes,
1265 3644 1683 3699 ordinaverunt
1725 3645 1794 3699 de
1826 3661 1948 3697 om-

302 3735 477 3790 nibus
509 3752 635 3807 quaa
669 3734 996 3805 relinquere
1028 3737 1313 3805 poterant,
1339 3750 1405 3788 ac
1436 3750 1538 3805 per
1566 3738 1717 3788 totos
1751 3734 1950 3788 decem

302 3823 430 3879 dies
458 3824 817 3879 incessanter
835 3827 1009 3877 noctu
1032 3823 1250 3892 diuque
1275 3822 1659 3893 eleemosynis
1685 3822 1955 3876 insisten-

304 3916 412 3982 tes,
438 3913 497 3966 in
530 3912 645 3968 ﬁne
666 3911 875 3966 decimi
911 3910 1195 3976 diei,hora
1225 3912 1512 3973 coenandi,
1536 3910 1689 3965 intra
1712 3912 1953 3965 domum

307 4010 477 4058 suam
508 4018 541 4055 a
560 4001 909 4055 Terentiano
940 3999 1378 4070 campiductore
1399 4004 1630 4054 orantes
1653 4000 1953 4054 constricti

307 4095 531 4154 sunt,et
561 4089 722 4144 nulla
744 4089 966 4143 ratione
999 4088 1084 4143 vel
1112 4088 1566 4143 comminatione
1587 4105 1619 4142 a
1650 4089 1957 4143 dilectione

307 4178 523 4233 Christi
547 4176 1136 4249 quantulumcunque
1158 4175 1531 4239 declinantes,
1560 4192 1660 4246 per
1682 4177 1955 4230 eumdem

309 4268 727 4323 Terentianum
760 4265 1051 4329 decollati,
1074 4269 1129 4319 et
1158 4264 1313 4319 intra
1333 4266 1571 4319 domum
1606 4282 1773 4319 suam
1799 4265 1959 4320 fovea

307 4357 463 4411 facta
494 4354 733 4427 repositi
767 4359 929 4422 sunt,
962 4356 1120 4408 fama
1152 4353 1445 4425 divulgata
1477 4354 1819 4424 quodjussu
1844 4355 1958 4409 Ca:-

311 4446 463 4500 saris
485 4445 545 4499 in
578 4443 847 4499 exsilium
869 4442 1034 4497 missi
1070 4443 1335 4498 fuissent.
1353 4443 1654 4497 Daemones
1676 4447 1870 4497 autem
1895 4459 1962 4498 ex

311 4534 571 4590 obsessis
598 4532 940 4604 corporibus
970 4531 1125 4587 intra
1155 4534 1397 4587 domum
1428 4530 1673 4585 Joannis
1705 4536 1761 4585 et
1799 4532 1957 4587 Pauli

2056 1949 2251 2005 Julian
2262 1965 2358 2003 um
2375 1947 2433 2002 in
2454 1945 3048 2019 pectore,Nemesium
3066 1944 3122 1997 in
3138 1942 3707 2009 corde,Primitivum

2058 2056 2161 2111 per
2191 2037 2559 2105 umbilicum,
2588 2035 2910 2101 Justinum,
2938 2050 3041 2105 per
3069 2032 3335 2087 membra
3355 2030 3709 2096 distensum,

2058 2128 2245 2183 scindi
2280 2144 2381 2199 per
2397 2125 2662 2197 singulos
2684 2124 2943 2196 corporis
2963 2123 3148 2178 nodos
3171 2121 3710 2192 atquejuncturas;

2058 2218 2357 2272 Stacteum
2405 2214 2621 2270 lanceis
2678 2210 3233 2276 innumerabilibus,
3290 2210 3471 2264 donec
3522 2223 3712 2262 more-

2058 2310 2236 2371 retur,
2272 2305 2330 2359 in
2362 2309 2576 2360 terram
2608 2302 2819 2373 conﬁgi
2847 2300 3208 2373 :Eugenium
3239 2298 3382 2353 ﬁndi
3416 2314 3449 2352 a
3480 2300 3712 2368 pectore

2059 2411 2247 2465 usque
2278 2394 2349 2449 ad
2370 2393 2673 2449 inferiores
2700 2395 2894 2463 partes
2924 2409 2937 2457 ;
2971 2394 3028 2445 et
3059 2392 3386 2461 posuerunt
3406 2386 3711 2458 pontiﬁces

2060 2501 2357 2539 sacrorum
2391 2499 2601 2537 nomen
2634 2480 2743 2536 loci
2774 2480 2956 2547 illius,
2982 2479 3051 2534 ad
3077 2482 3298 2549 septem
3324 2476 3666 2531 Bithanatos
3696 2490 3708 2528 :

2057 2589 2557 2645 quorumcorpora
2577 2570 2954 2641 requiescunt
2974 2568 3066 2623 via
3084 2566 3414 2636 Tiburtina,
3434 2563 3711 2620 milliario

2060 2679 2233 2717 ΠΟΠΟ.

2128 2751 2343 2807 Eodem
2380 2750 2470 2805 die
2500 2750 2557 2804 in
2594 2749 2891 2819 Hispania,
2920 2746 3193 2804 Corduba
3222 2744 3475 2809 civitate,
3510 2742 3712 2798 nativi-

2060 2846 2152 2896 tas
2186 2845 2523 2895 sanctorum
2556 2838 2727 2894 Zoelli
2761 2841 2815 2893 et
2846 2837 3097 2892 aliorum
3128 2833 3549 2890 novemdecim.

2127 2946 2299 3017 Apud
2352 2945 2647 3016 Ephesum
2699 2943 2983 2999 festivitas
3015 2944 3251 3014 Septem
3282 2937 3709 2994 Dormientium

2056 3034 2325 3100 fratrum,
2372 3033 2481 3088 hoc
2549 3037 2658 3101 est,
2713 3029 3077 3096 Maximiani,
3128 3027 3361 3098 Malchi,
3434 3025 3708 3081 Martiani

2057 3122 2461 3190 [Martiniani],
2518 3121 2801 3192 Dionysii,
2850 3119 3112 3179 Joannis.
3147 3116 3502 3189 Serapionis,
3559 3115 3705 3171 Con—

2057 3209 2316 3265 stantini.
2350 3210 2456 3271 Qui
2506 3209 2819 3263 Decianam
2866 3207 3326 3278 persecutionem
3362 3208 3494 3274 post
3523 3202 3711 3256 nimia

2057 3302 2114 3353 et
2144 3296 2400 3367 plurima
2430 3300 2720 3349 tormenta
2750 3295 3060 3365 fugientes,
3085 3292 3518 3347 absconderunt
3550 3306 3612 3344 se
3644 3289 3702 3342 in

2058 3384 2339 3457 spelunca
2368 3383 2571 3454 grandi
2617 3384 2673 3436 in
2709 3387 2903 3436 monte
2935 3380 3125 3445 Caelio,
3156 3383 3213 3434 et
3240 3380 3321 3433 ibi
3354 3379 3414 3433 in
3444 3376 3706 3433 oratione

2058 3473 2299 3529 assidua
2328 3474 2792 3543 permanserunt.
2820 3469 2980 3533 Quod
3004 3468 3249 3523 audiens
3280 3466 3490 3523 Decius
3520 3466 3705 3537 impe-

2060 3567 2238 3627 rator,
2266 3560 2448 3632 jussit
2476 3560 2699 3614 obstrui
2729 3568 2793 3613 Os
2827 3558 3117 3629 spelunca:
3152 3561 3217 3611 ut
3264 3556 3344 3611 ibi
3378 3555 3705 3611 interirent.

2061 3651 2199 3706 Post
2235 3653 2526 3704 trecentos
2571 3654 2765 3703 autem
2814 3653 2871 3703 et
2902 3650 3277 3719 septuagtnta
3325 3645 3472 3700 duos
3503 3660 3708 3714 annos,

2062 3740 2172 3795 hoc
2204 3744 2292 3794 est
2320 3738 2616 3793 tricesimo
2648 3753 2802 3792 anno
2834 3736 3065 3807 imperii
3094 3732 3427 3804 Theodosii,
3464 3732 3568 3786 ﬁlii
3600 3734 3715 3785 Ar-

2065 3828 2215 3883 cadii
2239 3826 2628 3899 imperatoris,
2655 3827 2887 3898 quando
2915 3823 3229 3896 pullulavit
3248 3818 3715 3886 haeresis,volens

2065 3933 2344 3973 evacuare
2376 3933 2539 3987 spem
2564 3916 2695 3970 ﬁdei
2727 3919 2783 3969 et
2814 3913 3297 3969 resurrectionem
3322 3914 3715 3975 mortuorum,

2067 4007 2176 4078 ipsi
2212 4010 2433 4076 septem
2460 4006 2685 4069 fratres,
2706 4003 2806 4074 qui
2840 4004 2895 4056 in
2922 4002 3197 4073 praedicta
3228 3999 3509 4072 spelunca
3530 4013 3720 4070 usque

2068 4096 2138 4150 ad
2170 4094 2314 4148 illud
2346 4099 2579 4164 tempus
2610 4092 3008 4163 quiescebant,
3038 4090 3232 4146 divina
3262 4088 3590 4161 provisione
3621 4104 3718 4143 su-

2069 4183 2258 4239 scitati
2294 4189 2431 4236 sunt
2453 4182 2523 4235 de
2555 4198 2759 4236 somno
2792 4180 3229 4252 longissimo,et
3257 4175 3664 4250 comprehensi
3688 4193 3722 4229 a

2071 4272 2424 4343 quibusdam
2448 4287 2512 4327 eo
2526 4270 2679 4342 quod
2698 4270 3005 4340 pecuniam
3023 4269 3111 4325 sui
3132 4267 3546 4339 temporisjam
3565 4279 3722 4318 nunc

2072 4360 2549 4431 antiquissimam
2581 4361 2637 4413 in
2667 4364 2988 4415 mercatum
3012 4356 3361 4413 adduxerint
3381 4354 3453 4409 ad
3486 4368 3720 4423 compa-

2074 4451 2324 4505 randum
2385 4449 2497 4503 sibi
2527 4450 2743 4503 victum
2797 4447 3229 4519 quotidianum,
3262 4445 3323 4498 in
3355 4440 3722 4515 praesentiam

2072 4540 2380 4595 hominum
2408 4536 2565 4592 illius
2589 4538 2776 4591 aetatis
2797 4534 3054 4600 adducti,
3080 4533 3247 4605 quasi
3270 4533 3601 4587 inventores
3618 4546 3725 4585 an-

312 4622 1352 4695 ejiciebantur,conﬁtentessanctam
1379 4621 1711 4690 passionem
1739 4638 1961 4687 eorum,
1995 4621 2041 4684 D
2073 4627 2373 4700 tiquorum
2428 4626 2838 4680 thesaurorum
2873 4624 3229 4695 cogebantur
3281 4620 3520 4675 reddere
3570 4619 3727 4689 quod

312 4713 397 4768 ita
426 4716 491 4767 ut
520 4711 728 4766 unicus
752 4709 911 4765 ﬁlius
941 4709 1273 4764 Terentiani
1303 4710 1401 4779 qui
1434 4726 1533 4764 eos
1561 4708 1965 4777 dccollavcrat,

311 4801 533 4857 veniret
565 4801 720 4855 intra
743 4800 984 4855 domum
1009 4804 1369 4866 sanctorum,
1395 4802 1450 4852 et
1481 4798 1758 4852 clamaret
1780 4816 1881 4869 per
1905 4816 1969 4853 os

314 4892 443 4962 ejus
476 4892 726 4955 daemon,
760 4889 912 4960 quod
946 4887 1164 4943 Paulus
1196 4892 1251 4943 et
1294 4887 1551 4942 Joannes
1592 4887 1969 4943 incenderent

314 4997 473 5035 eum.
507 4981 671 5035 Tunc
692 4977 1097 5047 Terentianus,
1136 4976 1334 5031 divina
1355 4980 1740 5047 compunctus
1760 4976 1967 5047 gratia,

316 5073 374 5124 et
405 5070 463 5123 in
478 5068 707 5124 Christo
729 5071 1123 5139 regeneratus,
1148 5065 1353 5119 tandiu
1390 5066 1460 5120 ad
1486 5070 1819 5120 sanctorum
1846 5081 1969 5119 cor-

317 5174 461 5229 pora
510 5156 891 5223 orationibus,
935 5154 1225 5221 incubuit,
1261 5155 1445 5209 donec
1494 5153 1970 5209 emundationem

319 5247 442 5302 ﬁlio
476 5264 581 5303 suo
610 5245 970 5316 impetraret.

396 5337 458 5390 In
490 5332 835 5390 Alexandria
864 5330 1206 5401 Agathonis,
1241 5330 1515 5401 Diogenis
1546 5334 1601 5383 et
1634 5330 1837 5399 Bigati.

392 5425 455 5478 In
486 5422 677 5477 Africa
707 5418 1037 5485 Gaudentii,
1074 5417 1299 5488 Felicis,
1333 5419 1563 5489 Agapiti
1596 5423 1654 5473 et
1684 5418 1971 5473 Emeritre.

392 5526 439 5578 V
474 5526 610 5579 ΚΑΙ..
651 5524 781 5578 JUL.
816 5552 883 5561 -ο
937 5524 995 5576 In
1043 5521 1269 5576 Galatia
1320 5522 1590 5577 nativitas
1644 5523 1794 5577 beati
1841 5522 1973 5577 Cre-

323 5613 565 5679 scentis,
621 5608 894 5681 discipuli
934 5610 1086 5664 beati
1142 5608 1302 5663 Pauli
1356 5609 1625 5680 apostoli.
1682 5609 1789 5672 Qui
1831 5609 1973 5664 etin

325 5702 543 5761 Gallias
576 5700 890 5757 transitum
912 5699 1338 5765 faciens,verbo
1370 5697 1801 5770 praedicationis
1823 5698 1973 5754 mul-

2080 4717 2664 4790 putabanturtenere.
2685 4714 2792 4767 Sed
2826 4710 3211 4783 postmultam
3238 4707 3729 4765 concertationem

2086 4811 2143 4861 et
2175 4808 2512 4860 sanctorum
2539 4802 2781 4857 nimiam
2812 4799 3247 4855 tribulationem
3279 4798 3443 4871 (quia
3472 4796 3734 4867 suspica-

2092 4894 2307 4949 bantur
2323 4909 2384 4946 se
2406 4907 2643 4962 vespere
2675 4890 2743 4944 de
2765 4888 2993 4943 civitate
3016 4886 3201 4943 exisse
3225 4891 3281 4942 et
3300 4902 3471 4942 mane
3493 4883 3735 4947 redisse,

2091 4982 2228 5037 licet
2256 4983 2571 5035 immutata
2606 4982 2761 5034 esset
2789 4978 2847 5032 in
2881 4977 3066 5032 oculis
3098 4978 3343 5047 eorum),
3375 4975 3611 5030 tandem
3642 4988 3738 5026 ve.

2098 5072 2294 5126 niente
2315 5069 2538 5124 Marino
2567 5067 2946 5139 Ephesiorum
2980 5066 3274 5138 episcopo,
3298 5068 3355 5120 et
3381 5062 3625 5119 veritate
3656 5059 3736 5116 rei

2087 5158 2402 5215 difﬁculter
2416 5155 2977 5228 exsculpta,liberati
2996 5155 3218 5209 suntde
3232 5153 3507 5208 manibus
3526 5149 3739 5205 violen-
3796 5200 3801 5203 .

2089 5252 2284 5303 torum
2341 5266 2353 5301 :
2403 5262 2467 5301 ac
2522 5244 2847 5300 Theodosio
2896 5242 3227 5314 imperatori
3278 5242 3347 5296 de
3398 5238 3738 5311 longinquis

2092 5336 2298 5391 mundi
2332 5335 2597 5407 partibus
2651 5334 2948 5396 advocato,
2981 5332 3039 5385 in
3084 5330 3487 5386 testimonium
3530 5329 3737 5383 futura:

2085 5424 2533 5480 resurrectionis
2574 5420 2930 5494 praesentati,
2963 5420 3174 5475 iterum
3206 5419 3264 5474 in
3295 5418 3488 5475 locum
3523 5415 3737 5488 quietis

2087 5513 2348 5586 pristina:
2382 5511 2702 5566 redierunt.

2160 5611 2222 5663 In
2251 5605 2976 5663 civitateAmbianensium
3000 5604 3254 5660 inventio
3276 5619 3584 5676 corporum
3611 5618 3741 5658 san-

2089 5705 2316 5755 ctorum
2352 5697 2643 5765 Fusciani,
2676 5693 2948 5751 Victorici
2993 5698 3167 5767 atque
3198 5693 3489 5751 Gentiani.
