4012 6198
369 319 523 388 illi

1251 327 1320 389 B.
1368 327 1716 392 NOTKERI
1757 323 2095 390 BALBULI
2139 322 2203 389 S.
2251 325 2479 392 GALLI
2521 325 2876 393 MONACHI

3616 321 3770 388 ιω

442 462 516 516 IV
538 459 673 516 KAL.
696 459 722 515 J
733 475 824 515 UL.
853 490 913 499 —
946 459 1115 532 Apud
1149 461 1504 532 Lugdunum
1527 461 1722 517 Galliae
1745 461 2018 517 nativitas
2045 459 2100 527 Α
2130 462 2322 533 priore
2349 461 2793 530 dissonantiam,
2825 461 2951 533 ejus
2981 477 3015 517 a
3045 459 3342 534 plerisque
3372 461 3650 531 negatur,
3679 461 3769 516 sed

371 550 560 610 sancti
593 549 789 606 Irenaei
813 548 1089 621 episcopi,
1120 551 1220 622 qui
1251 551 1418 607 beato
1441 551 1685 606 Photino
1717 567 1894 622 prope
1917 567 2017 605 no—

371 640 686 712 nagenario
709 639 781 693 ob
812 638 1025 694 Christi
1048 641 1393 713 martyrium
1422 645 1717 711 coronato,
1740 641 1798 694 in
1821 639 2015 694 locum

373 731 503 801 ejus
534 728 833 783 successit.
855 730 1034 794 Quem
1058 730 1230 784 etiam
1255 735 1482 785 constat
1501 729 1828 785 beatissimi
1858 729 2014 800 Poly'

373 817 532 890 carpi
556 817 829 889 discipuli
861 818 1044 873 sancti
1063 819 1308 876 Joannis
1338 818 1605 890 apostoli,
1625 818 1943 874 sacerdotis
1963 821 2019 872 et

376 907 667 978 martyris,
701 907 883 962 fuisse
931 908 1286 980 discipulum
1322 927 1333 963 :
1368 908 1586 980 quique
1617 907 2018 980 persecutione

375 997 567 1054 Severi
590 1013 724 1052 cum
757 997 917 1051 omni
949 997 1067 1052 fere
1090 997 1340 1052 civitatis
1373 1015 1490 1052 sua:
1524 995 1738 1069 populo
1769 996 2018 1068 gloriose

372 1089 684 1143 coronatus
731 1089 819 1142 est
867 1087 1166 1158 martyrio,
1218 1085 1484 1158 sepultus
1532 1090 1622 1141 est
1665 1103 1698 1141 a
1743 1085 2019 1142 Zacharia

371 1177 729 1248 presbytero,
748 1175 807 1230 in
840 1181 1039 1248 crypta
1059 1175 1309 1232 basilicae
1337 1176 1490 1231 beati
1519 1174 1759 1230 Joannis
1791 1175 2016 1246 Baptis-

369 1270 441 1322 tae
475 1267 584 1321 sub
616 1265 806 1333 altari,
831 1267 1000 1337 cujus
1031 1267 1102 1322 ab
1126 1283 1240 1320 uno
1271 1265 1447 1320 latere
1471 1263 1809 1337 Epipodius,
1834 1265 1907 1318 ab
1933 1262 2016 1318 al-

325 1399 335 1406 .
370 1362 494 1414 tero
525 1356 854 1412 Alexander
884 1361 1104 1426 martyr
1133 1359 1220 1409 est
1249 1352 1598 1410 tumulatus.

442 1455 660 1513 Eodem
692 1454 784 1510 die
816 1455 973 1525 apud
1005 1451 1418 1508 Alexandriam
1452 1451 1649 1523 passio
1680 1454 2018 1506 sanctorum

371 1549 696 1617 martyrum
747 1541 1063 1610 Plutarchi,
1119 1541 1341 1607 Sereni,
1400 1539 1744 1608 Heraclidis,
1793 1538 2016 1594 Herois.

371 1635 517 1690 Item
541 1631 760 1700 Sereni,
792 1630 1165 1698 Potamienm,
1199 1629 1482 1686 Marcella:
1511 1634 1566 1684 et
1588 1628 2018 1684 catechumenze

370 1724 529 1780 Herae
551 1720 1185 1790 nomine,baptismum
1206 1719 1480 1792 martyrio
1504 1723 1848 1775 consecutae.
1866 1717 2021 1772 Inter

370 1827 530 1882 queas
558 1809 853 1881 praecipua
897 1812 1021 1864 erat
1068 1809 1404 1864 Potamiena
1445 1808 1625 1880 virgo,
1662 1824 1792 1878 qum
1828 1805 2018 1878 primo

369 1899 693 1955 immensos
714 1897 1124 1954 etinnumeros
1147 1910 1360 1970 agones
1385 1913 1486 1968 pro
1499 1895 1828 1967 virginitate
1849 1895 2017 1950 desu-

370 1987 755 2054 dans,deinde
807 1988 979 2042 etiam
1014 2003 1116 2058 pro
1146 1986 1356 2041 Christi
1408 1985 1686 2056 martyrio
1726 1983 2018 2055 citquisita

371 2083 428 2135 et
457 2077 720 2134 inaudita
746 2081 1035 2134 tormenta
1054 2092 1348 2148 perpessa,
1367 2075 1437 2130 ad
1470 2074 1744 2129 ultimum
1768 2089 1900 2128 cum
1922 2087 2015 2127 ve-

371 2165 616 2224 nerabili
634 2171 820 2222 matre
841 2164 1110 2221 Marcella
1129 2164 1282 2235 ignis
1314 2162 1622 2236 suppliciis
1644 2165 2014 2232 consumpta,

369 2273 403 2314 e
431 2257 603 2313 terris
634 2255 910 2329 migravit
939 2255 1011 2311 ad
1043 2253 1276 2310 cmlum.

439 2356 654 2413 Eodem
672 2355 764 2410 die
794 2352 1079 2425 depositio
1103 2352 1291 2408 sancti
1316 2351 1525 2407 Leonis
1549 2367 1732 2424 papae.
1756 2349 1862 2416 Qui
1889 2352 2020 2420 post

369 2446 846 2504 beatumPetrum
860 2441 1124 2515 apostolo
1136 2459 1191 2498 m
1205 2442 1355 2513 quad
1366 2440 1693 2513 ragesimus
1707 2438 2014 2511 septimus,

369 2535 428 2590 in
460 2536 604 2592 urbe
627 2535 812 2591 Roma
835 2532 988 2588 sedit
1011 2549 1196 2588 annos
1226 2530 1429 2602 viginti
1452 2533 1508 2586 et
1529 2546 1736 2597 unum,
1753 2543 2016 2583 mensem

369 2641 576 2690 unum,
601 2624 725 2678 dies
756 2622 1057 2677 tredecim.
1090 2621 1192 2676 Hic
1222 2619 1478 2692 plurima
1509 2618 1776 2674 doctrina
1805 2615 2014 2671 exube-

369 2728 529 2778 rans,
573 2716 630 2767 et
677 2727 810 2768 cum
861 2709 1063 2766 multis
1111 2708 1402 2780 episcopis
1446 2708 1622 2762 ﬁdem
1671 2704 2015 2760 catholicam

369 2819 682 2874 exponens,
715 2799 1138 2872 Eutychianam
1188 2801 1246 2852 et
1292 2796 1699 2854 Nestorianam
1747 2793 2018 2848 haeresim

371 2890 754 2961 damnavit,et
765 2888 1209 2944 sanctissimum
1223 2885 1691 2940 Chalcedonense
1701 2881 2015 2937 concilium

375 2996 485 3034 sua
512 2977 806 3032 industria
835 2974 1175 3045 congregari
1206 2973 1360 3027 fecit.
1397 2973 1501 3026 llic
1533 2970 1836 3025 constituit
1864 2968 2018 3024 intra

375 3066 666 3125 actionem
708 3064 902 3120 dicere
954 3079 966 3116 :
1015 3065 1285 3118 Sanctum
1331 3059 1682 3128 sacriﬁcium,
1717 3063 1772 3114 et
1813 3075 2016 3114 mona-

373 3155 544 3214 cham
576 3171 692 3211 non
724 3153 984 3226 accipere
1012 3151 1273 3208 velamen
1305 3148 1511 3221 capitis
1539 3147 1911 3204 benedictum
1943 3149 2014 3204 ab

2122 568 2254 606 vere
2284 552 2474 622 ipsius
2495 567 2622 607 esse
2639 568 2672 606 a
2694 551 2918 606 cunctis
2940 567 3157 606 sanum
3181 548 3562 622 sapientibus
3582 566 3771 621 appro-

2125 640 2315 696 batur.
2339 641 2443 696 Hic
2467 638 2756 695 ordinavit
2781 640 2920 694 daos
2941 638 3498 711 episcopos,Linum
3517 639 3769 694 videlicet

2125 734 2181 784 et
2233 729 2480 795 Cletum,
2528 729 2628 800 qui
2679 727 3104 801 praesentaliter
3151 744 3326 783 omne
3378 727 3767 784 ministerium

2125 818 2486 874 sacerdotale
2506 819 2564 874 in
2595 819 2738 874 urbe
2763 819 2946 874 Roma
2966 816 3178 890 populo
3197 816 3287 873 vel
3309 818 3767 888 supervenienti-

2126 908 2237 963 bus
2275 907 2631 963 exhiberent.
2665 907 2795 978 Ipse
2823 922 2957 961 vero
3005 906 3255 961 orationi
3291 910 3352 961 et
3382 906 3766 977 praedicationi

2126 1012 2362 1068 operam
2395 997 2572 1051 dabat
2605 1013 2616 1051 :
2654 996 2808 1051 sicut
2857 994 3036 1050 etiam
3069 995 3500 1066 Hierosolymis
3531 995 3763 1051 diaconi.

2126 1086 2236 1141 bus
2269 1085 2337 1140 ad
2363 1086 2672 1140 viduarum
2695 1101 2760 1140 ac
2791 1083 3150 1156 pupillorum
3174 1083 3583 1139 ministerium
3613 1102 3760 1142 cons-

2126 1174 2335 1241 titutis,
2367 1175 2492 1246 ipse
2521 1190 2656 1229 cum
2689 1175 2916 1229 caeteris
2956 1172 3236 1244 apostolis
3269 1172 3532 1229 orationi
3562 1191 3623 1230 ac
3648 1191 3757 1230 ver-

2125 1265 2198 1319 bo
2229 1279 2461 1334 semper
2489 1267 2612 1318 erat
2643 1263 2893 1318 instans.

2201 1368 2414 1424 Paulus
2437 1385 2688 1441 quoque,
2713 1373 2845 1440 post
2875 1367 3208 1440 passionem
3232 1368 3473 1423 Domini
3505 1369 3756 1425 vicesimo

2129 1458 2331 1531 quinto
2362 1475 2534 1523 anno,
2569 1458 2626 1511 id
2659 1462 2746 1512 est
2776 1457 3032 1512 secundo
3063 1457 3330 1525 Neronis,
3356 1461 3670 1530 postquam
3697 1459 3758 1514 ab

2127 1546 2450 1604 Jerusalem
2499 1563 2686 1617 usque
2717 1546 2775 1600 in
2825 1544 3118 1617 Illyricum
3152 1546 3529 1618 Evangelium
3560 1546 3759 1602 Christi

2130 1636 2390 1709 replevit,
2416 1636 2660 1691 Romam
2685 1635 2922 1706 quidem
2944 1635 3176 1690 vinctus
3197 1634 3576 1706 directus,sed
3599 1654 3632 1691 a
3654 1637 3761 1693 Deo

2131 1725 2478 1780 mirabiliter
2497 1723 2941 1789 absolutus,sub
2971 1723 3157 1778 libera
3185 1725 3444 1780 custodia
3467 1726 3762 1797 ingressus

2048 1833 2095 1897 Β
2129 1820 2237 1882 est,
2262 1818 2322 1868 et
2350 1813 2503 1869 sicut
2523 1814 2647 1885 ipse
2672 1813 2731 1867 in
2759 1813 3017 1868 secunda
3038 1813 3110 1867 ad
3125 1813 3477 1869 Timotheum
3508 1815 3762 1886 Epistula

2126 1903 2328 1959 scribit
2359 1903 2504 1974 (cap.
2548 1903 2646 1974 IV),
2679 1903 2945 1957 liberatus
2975 1901 3042 1957 de
3071 1918 3164 1958 ore
3197 1901 3377 1969 leonis,
3407 1903 3753 1960 ferocissimi

2075 2007 2078 2012 '
2123 1992 2390 2048 videlicet
2415 1991 2807 2063 persecutoris
2851 1991 3120 2059 Neronis,
3156 1991 3509 2063 Evangelium
3536 1992 3758 2049 Christi

2123 2082 2182 2136 in
2226 2081 2554 2137 Occidentis
2585 2097 2820 2152 quoque
2870 2080 3136 2152 partibus
3174 2081 3526 2152 praedicavit,
3553 2087 3614 2136 et
3637 2081 3763 2153 ipse

2125 2176 2332 2243 quarto
2365 2170 2590 2225 decimo
2607 2169 2852 2225 Neronis
2874 2186 3047 2239 anno,
3065 2170 3270 2225 eodem
3293 2169 3385 2224 die
3406 2186 3523 2241 quo
3551 2170 3758 2240 Petrus,

2126 2261 2320 2315 Romae
2349 2276 2450 2332 pro
2480 2257 2708 2314 Christo
2738 2259 2926 2329 capite
2948 2263 3276 2325 truncatus,
3309 2258 3580 2330 sepultus
3609 2260 3760 2314 estin

2123 2348 2216 2404 via
2233 2347 2512 2413 Ostiensi,
2533 2363 2685 2402 anno
2710 2351 2842 2419 post
2863 2347 3198 2418 passionem
3221 2347 3462 2402 Domini
3480 2347 3762 2403 tricesimo

2125 2437 2394 2510 septimo.
2428 2436 2676 2508 Scripsit
2706 2441 2900 2492 autem
2951 2453 3180 2507 novem,
3211 2437 3330 2490 imo
3365 2437 3592 2506 decem,
3616 2439 3764 2507 juxta

2127 2525 2474 2599 Decalogum
2521 2525 2688 2597 legis,
2722 2523 3017 2597 Epistolas
3056 2525 3129 2580 ad
3179 2529 3412 2597 septem
3457 2524 3763 2581 Ecclesiae:

2127 2617 2213 2671 Ad
2246 2615 2541 2671 Romanos
2563 2631 2767 2682 unam,
2788 2615 2860 2670 ad
2883 2613 3217 2670 Corinthios
3243 2614 3421 2682 duas,
3457 2615 3534 2670 ad
3557 2614 3764 2671 Galatas

2127 2721 2326 2773 unam,
2344 2705 2414 2760 ad
2441 2703 2725 2777 Ephesios
2751 2720 2950 2774 unam,
2973 2704 3046 2758 ad
3071 2702 3488 2775 Philippenses
3511 2703 3764 2771 unam,“

2127 2794 2499 2850 Colossenses
2548 2809 2750 2860 unam,
2786 2793 2857 2848 ad
2903 2792 3473 2849 Thessalonicenses
3519 2794 3682 2860 duas,
3704 2792 3765 2847 ad

2127 2883 2396 2937 Hebrmos
2429 2898 2629 2937 unam.
2664 2887 2741 2937 De
2774 2898 2890 2953 qua
2920 2880 3056 2936 licet
3083 2899 3117 2937 a
3147 2881 3524 2952 quibusdam
3556 2887 3770 2954 propter

2125 2969 2672 3026 dissimilitudinem
2705 2969 2994 3026 dictorum
3027 2971 3690 3040 atquefsententiarum,
3721 2977 3767 3026 et

2127 3058 2266 3131 quia
2297 3075 2509 3115 nomen
2537 3058 2699 3114 illius
2732 3059 2791 3113 in
2825 3058 2992 3114 titulo
3023 3075 3139 3114 non
3169 3058 3448 3128 habetur,
3487 3059 3766 3130 quondam

2127 3149 2461 3205 dubitatum
2493 3148 2591 3216 sit,
2624 3165 2782 3203 nunc
2811 3151 2868 3204 et
2897 3147 3050 3204 inter
3078 3147 3397 3204 canonicas
3426 3149 3764 3221 Scriptum,

373 3198 986 3318 ἓῌὲῖοὲἴηὲῖρἵῖιὶξ
1019 3198 1512 3313 ζνῖἑᾷἓίὶῖᾇῷἶῆξῇ
1539 3198 2011 3310 ﬁgit—tiliam}:
2047 3198 2090 3266 Ο
2126 3198 2591 3309 diligi—£33025
2614 3198 2778 3293 an;
2809 3198 3056 3309 item
3080 3198 3765 3294 ἷιῖεἷιὶιζῖἐεῖιῖιὲἕῐὲιὶὲἰῶἶ

444 3336 508 3390 In
539 3333 735 3389 Africa
749 3331 986 3388 Fabiani
1009 3333 1066 3386 et
1087 3328 1293 3386 Felicis
1316 3345 1449 3383 cum
1477 3326 1610 3382 aliis
1634 3326 1836 3382 multis
1860 3343 2013 3382 mar-

371 3424 620 3497 tyribus.

439 3508 1167 3584 Vigiliasanotissimorum
1181 3504 1578 3578 apostolorum
1593 3504 1746 3560 Petri
1759 3508 1817 3560 et
1828 3502 2009 3560 Pauli.

439 3619 514 3674 llI
535 3618 671 3674 KAL.
691 3621 810 3675 Jun.
834 3648 903 3658 -η
935 3616 1132 3671 Roma:
1165 3611 1378 3668 natalis
1401 3613 1706 3668 beatorum
1723 3610 2012 3682 apostolo-

366 3723 498 3764 rum
546 3707 697 3763 Petri
752 3710 808 3762 et
852 3703 1041 3770 Pauli,
1073 3703 1174 3774 qui
1233 3701 1393 3774 passi
1441 3706 1581 3756 sunt
1627 3701 1735 3756 sub
1786 3701 2011 3757 Nerone

363 3798 608 3862 Caesare,
653 3800 832 3851 Basso
881 3798 938 3849 et
986 3793 1176 3848 Tusco
1225 3789 1588 3846 consulibus.
1622 3789 1849 3857 Petrus,
1881 3793 2012 3860 post

365 3886 687 3941 multorum
711 3883 963 3938 millium
983 3881 1319 3937 Judzeorum
1341 3876 1777 3934 conversionem
1810 3877 1880 3932 ad
1898 3878 2009 3932 Do-

364 3975 592 4029 minum
617 3973 821 4028 Jesum
853 3971 1172 4037 Christum,
1207 3972 1338 4040 post
1367 3967 1728 4022 vocationem
1759 3965 2008 4021 Cornelii

363 4066 420 4117 et
448 4059 836 4134 plurimorum
864 4059 1191 4131 gentilium,
1216 4061 1349 4128 post
1379 4055 1780 4128 episcopatum
1802 4055 2005 4110 Antio-

363 4147 837 4207 chenaeEcclesite
855 4150 911 4203 et
923 4146 1391 4217 praedicationem
1407 4143 1792 4216 dispersionis
1805 4160 2005 4199 eorum

363 4240 464 4312 qui
487 4240 558 4294 de
580 4236 1024 4293 circumcisione
1042 4235 1102 4290 in
1125 4234 1329 4300 Ponto,
1351 4233 1597 4297 Galatia,
1619 4233 2005 4304 Cappadocia,

359 4329 498 4385 Asia
527 4331 584 4384 et
612 4326 881 4398 Bithynia
912 4325 971 4379 in
1003 4323 1298 4379 Christum
1332 4321 1715 4388 crediderant,
1749 4322 2006 4376 secundo

359 4416 582 4474 Claudii
622 4432 775 4472 anno
806 4415 877 4470 ad
911 4411 1366 4485 expugnandum
1417 4409 1714 4464 Simonem
1746 4410 2003 4482 Magum,

357 4509 476 4564 imo
509 4507 580 4562 ad
621 4503 1113 4561 illuminationem
1145 4497 1625 4566 Occidentalium,
1659 4503 1717 4554 et
1746 4498 2001 4556 medicae

2124 3341 2408 3392 Prteterea
2427 3340 2569 3392 sunt
2588 3341 2644 3392 et
2673 3334 2799 3390 aliae
2816 3336 2886 3390 ad
2918 3335 3240 3408 discipulos
3266 3336 3402 3406 ejus
3427 3337 3764 3408 quatuor,“

2123 3425 2494 3481 Timotheum
2545 3425 2692 3490 duae,
2725 3425 2798 3480 ad
2846 3425 3045 3480 Titum
3096 3441 3233 3490 una,
3266 3425 3341 3480 ad
3373 3424 3765 3481 Philemonem

2124 3531 2260 3570 una.
2287 3515 2512 3585 Legunt
2541 3513 2783 3584 quidam
2805 3518 2862 3569 et
2889 3514 2962 3568 ad
2987 3512 3400 3581 Laodicenses,
3422 3531 3555 3586 qua:
3579 3521 3769 3571 tamen

2120 3621 2225 3676 pro
2248 3602 2430 3658 nihilo
2455 3607 2758 3674 reputatur
2775 3603 2928 3674 apud
2947 3602 3265 3674 sapientes.
3286 3604 3766 3660 Commemoratis

2120 3693 2301 3764 igitur
2321 3708 2448 3763 quae
2463 3692 2533 3746 ad
2549 3691 2942 3763 apostolatum
2964 3691 3054 3747 vel
3077 3693 3413 3766 martyrium
3434 3694 3564 3761 ejus
3578 3693 3760 3763 perti-

2121 3797 2256 3836 nere
2284 3780 2656 3845 videbantur,
2677 3779 2849 3835 liceat
2869 3780 3376 3852 paucis,quamvis
3395 3779 3588 3834 ordine
3608 3796 3753 3851 pra:-

2119 3873 2370 3942 postero,
2407 3868 2609 3940 aliqua
2637 3870 2708 3924 de
2756 3867 3100 3941 genealogia
3125 3868 3217 3925 vel
3248 3868 3588 3925 educatione
3619 3885 3758 3940 prte-

2117 3957 2399 4014 electione
2412 3957 2601 4030 ipsius
2613 3958 2685 4014 ad
2705 3958 3048 4014 memoriam
3061 3957 3464 4014 studiosorum
3476 3974 3765 4014 revocare.

2115 4047 2327 4102 Saulus
2360 4048 2560 4118 itaque
2591 4052 2693 4102 aut
2739 4046 2878 4102 Saul
2927 4052 3099 4114 certe,
3134 4055 3192 4102 ut
3217 4049 3388 4118 juxta
3417 4047 3768 4103 Hebraicum

2116 4137 2335 4192 idioma
2365 4136 2600 4208 loquar,
2635 4135 2776 4207 quia
2804 4135 3001 4208 ipsum
3031 4153 3243 4192 nomen
3276 4137 3334 4192 in
3369 4136 3526 4192 tribu
3556 4137 3771 4207 Benja-

2117 4225 2239 4280 min
2285 4225 2438 4280 unde
2492 4224 2588 4280 ille
2639 4229 2784 4292 erat,
2816 4229 3053 4296 propter
3097 4224 3238 4280 Saul
3286 4241 3482 4298 regem
3514 4226 3775 4281 maxime

2114 4313 2449 4382 excellebat,
2469 4330 2536 4369 ex
2567 4313 2780 4386 oppido
2809 4313 3056 4370 Giscalis
3087 4313 3377 4370 oriundus
3407 4315 3517 4369 fuit
3545 4333 3558 4381 ;
3594 4333 3721 4388 quo
3745 4333 3778 4372 ι

2117 4403 2396 4458 Romanis
2426 4406 2755 4474 capto,cum
2777 4402 3120 4475 parentibus
3132 4406 3257 4459 suis
3279 4405 3532 4458 Tarsum
3553 4403 3776 4460 Cilicia

2113 4491 2575 4563 transmigratus
2602 4497 2711 4547 est.
2735 4494 2780 4546 A
2808 4491 3026 4562 quibus
3047 4493 3119 4548 ob
3137 4492 3404 4547 studium
3433 4492 3777 4550 litterarum

358 4600 623 4652 mentum
670 4594 732 4649 in
772 4592 971 4649 anima
1001 4595 1056 4646 et
1104 4606 1340 4661 corpore
1388 4587 1794 4660 languentium
1827 4605 1860 4643 ε,
1889 4587 2004 4643 Deo
2036 4572 2082 4636 D
2115 4579 2575 4652 Hierosolymam
2608 4579 2887 4651 directus,
2917 4598 2951 4636 a
2981 4580 3300 4637 Gamaliele
3328 4581 3590 4653 antiquas
3629 4583 3780 4656 legis

355 4684 636 4748 directus,
668 4683 916 4738 Romam
956 4679 1234 4752 pervenit.
1271 4677 1472 4748 Ibique
1503 4676 1708 4748 viginti
1740 4676 2002 4747 quinque

355 4775 524 4831 annis
554 4771 893 4827 cathedram
943 4767 1362 4825 sacerdotalem
1405 4781 1590 4837 usque
1620 4766 1691 4820 ad
1722 4764 1998 4820 ultimum

353 4861 598 4920 Neronis
627 4875 849 4916 annum
876 4858 1065 4914 tenuit
1089 4875 1101 4913 :
1132 4874 1165 4911 a
1189 4871 1304 4927 quo
1335 4860 1394 4910 et
1421 4853 1580 4910 cruci
1610 4853 2000 4921 afﬁxus,mar—

353 4952 497 5025 tyrio
528 4953 860 5014 coronatus,
887 4947 1074 5018 capite
1105 4945 1428 5001 secundum
1459 4942 1795 5015 petitionem
1826 4959 1996 4998 suam

353 5042 422 5097 ad
457 5046 672 5097 terram
701 5054 889 5108 verso,
925 5040 982 5092 et
1011 5035 1260 5107 pedibus
1307 5033 1365 5087 in
1398 5031 1652 5088 sublime
1683 5031 1993 5103 supinatis,

352 5131 491 5203 quia
518 5129 788 5185 videlicet
807 5125 1117 5198 indignum
1146 5141 1207 5179 se
1238 5121 1632 5192 crederet,qui
1661 5120 1743 5176 ita
1771 5122 1997 5175 cruciﬁ-

348 5223 583 5292 geretur
603 5217 964 5273 utDominus
985 5210 1704 5283 suuszsepultusqueaqud
1729 5211 1994 5265 eamdem

349 5311 556 5366 urbem
623 5308 682 5362 in
741 5305 1038 5368 Vaticano,
1085 5305 1256 5374 juxta
1304 5300 1458 5355 viam
1508 5297 1988 5370 Triumphalem;

347 5399 526 5456 totius
571 5397 732 5453 orbis
779 5394 1145 5450 veneratione
1193 5389 1536 5453 celebratur,
1567 5391 1624 5442 et
1669 5387 1894 5443 cunctis
1925 5404 1993 5444 ex

347 5489 458 5543 ﬁde
486 5484 993 5556 seinquirentibus
1008 5481 1277 5536 multiset
1298 5475 1786 5533 inenarrabilibus
1800 5478 1990 5532 modis

345 5574 684 5645 opitulatur.
719 5572 964 5642 Scripsit
1017 5571 1164 5624 duas
1193 5565 1483 5639 Epistolas
1514 5581 1641 5635 quae
1691 5564 1987 5620 Canonicae

348 5661 726 5718 nominantur
760 5678 772 5716 :
808 5674 1061 5730 quarum
1109 5656 1366 5713 secunda
1417 5657 1652 5725 propter
1689 5651 1823 5723 styli
1853 5669 1988 5710 cum

2111 4667 2488 4741 peritissimo,
2504 4685 2571 4724 ac
2598 4673 2798 4739 postea
2817 4668 2878 4724 in
2899 4668 3276 4741 Evangelium
3301 4669 3516 4726 Christi
3537 4677 3776 4742 vocato,

2110 4766 2167 4820 in
2218 4770 2450 4821 tantum
2511 4766 2778 4821 eruditus
2808 4770 2916 4834 est,
2951 4771 3016 4822 ut
3064 4772 3170 4822 Vas
3197 4768 3482 4824 electionis
3525 4769 3610 4823 ab
3649 4771 3778 4842 ipso

2108 4855 2306 4910 datore
2320 4854 2648 4925 spiritualiu
2660 4871 2714 4908 m
2729 4855 3153 4912 charismatum
3174 4873 3290 4912 non
3306 4856 3613 4913 immerito
3629 4877 3780 4915 nun-

2107 4942 2309 5016 cupari
2333 4949 2669 4997 mereretur.
2686 4945 2829 4998 Cum
2852 4948 3047 4999 autem
3079 4945 3138 4999 in
3161 4961 3302 5000 nece
3332 4945 3487 5000 beati
3507 4948 3780 5020 Stepha—

2107 5033 2164 5087 ni
2215 5030 2658 5104 protomartyris
2717 5030 2951 5098 Christi,
3009 5032 3229 5088 Judaeis
3287 5032 3774 5091 Christianorum

2104 5119 2576 5192 persecutoribus
2628 5124 3060 5177 consentaneus
3089 5127 3264 5186 esset,
3302 5139 3372 5178 ac
3403 5128 3617 5194 postea
3673 5142 3778 5197 per

2102 5215 2284 5265 totam
2308 5207 2468 5263 illam
2488 5208 2844 5279 provinciam
2859 5225 3062 5265 omnes
3083 5226 3148 5265 eo
3181 5211 3420 5266 nomine
3439 5211 3776 5284 insignitas

2103 5297 2382 5353 acerrime
2410 5295 2748 5364 debellaret,
2783 5301 2959 5369 atque
2988 5302 3050 5352 ut
3093 5299 3218 5370 ipse
3248 5300 3587 5365 conﬁtetur,
3625 5302 3772 5360 Jesu

2100 5384 2382 5442 Nazareni
2409 5383 2662 5440 cultores
2694 5401 2882 5456 usque
2913 5385 2973 5441 in
3004 5391 3236 5443 exteras
3268 5388 3537 5444 nationes
3557 5405 3768 5461 perse-

2101 5479 2379 5548 queretur
2409 5492 2421 5529 :
2457 5473 2515 5528 in
2549 5473 2782 5545 quibus,
2805 5475 2948 5530 dum
2983 5477 3353 5546 Damascum,
3383 5480 3764 5551 metropolim

2099 5565 2365 5621 videlicet
2415 5562 2612 5634 Syriae,
2648 5567 2931 5634 pergeret,
2975 5565 3324 5623 revelatione
3363 5566 3588 5633 subita,
3647 5572 3761 5626 imo

2099 5670 2270 5727 praua
2289 5651 2658 5725 dignissima,
2683 5651 3024 5724 compulsus
3040 5655 3115 5714 ad
3139 5655 3338 5727 ﬁdem,
3365 5656 3428 5714 in
3447 5655 3757 5717 doctorum
