4012 6198
296 363 451 434 1113

1349 363 2063 431 marmorearum.
2094 397 2171 415 -
2199 364 2431 432 usus.
2476 369 2641 435 JUL.

3535 370 3693 436 HM

295 499 559 575 gentium
580 502 653 559 de
675 505 1043 575 persecutore
1067 504 1155 557 est
1169 500 1512 557 translatus.
1537 500 1800 572 Cumque
1821 500 1940 573 pri-
1970 515 2022 581 Α
2126 502 2340 557 Eodem
2374 503 2485 572 die,
2510 504 2568 559 id
2598 508 2690 561 est
2716 503 2888 561 tertio
2918 502 3207 561 Kalendas
3235 503 3394 571 Julii,
3430 508 3584 577 quod
3607 512 3696 564 est

297 607 459 648 mum
483 602 551 650 ad
568 594 1034 661 praedicationem
1050 593 1177 662 ejus
1199 591 1439 663 Sergius
1461 589 1673 644 Paulus
1694 607 1937 662 procon-

294 679 383 735 sul
413 683 581 752 Cypri
615 683 975 750 credidisset,
1009 698 1074 737 eo
1124 681 1279 752 quod
1338 696 1471 735 eum
1531 680 1746 734 Christi
1802 680 1938 735 ﬁdei

294 769 627 841 subegerat,
663 773 791 842 ejus
821 771 1067 826 sortitus
1103 774 1192 825 est
1221 786 1456 824 nomen.

359 862 424 911 Et
446 859 584 928 quia
609 861 677 915 de
701 860 853 915 beati
879 860 1039 916 Pauli
1062 859 1286 929 origine
1308 875 1411 913 seu
1433 858 1730 913 vocatione
1752 875 1940 930 pauca

290 945 730 1016 proposuimus,
754 948 930 1003 etiam
954 948 1023 1002 de
1049 946 1269 1001 caeteris
1284 944 1561 1017 apostolis
1580 945 1705 1000 sine
1727 947 1939 1017 przeju~

290 1040 438 1097 dicio
469 1038 805 1110 sapientum
838 1036 1037 1107 aliqua
1061 1040 1374 1090 narrentur
1395 1036 1466 1089 ad
1492 1034 1935 1090 instructionem

288 1128 709 1201 ignorantium.

356 1220 437 1273 Ac
455 1216 712 1288 primum
732 1214 1037 1270 sciendum
1053 1214 1189 1286 quia
1209 1230 1343 1267 cum
1358 1213 1665 1268 duodecim
1689 1210 1938 1283 apostoli

287 1304 598 1362 aDomino
656 1303 983 1359 referantur
1039 1302 1225 1367 electi,
1288 1302 1677 1373 quorumdam
1736 1317 1937 1356 eorum

287 1394 482 1466 patria
508 1392 596 1448 vel
619 1393 812 1447 tribus
842 1396 943 1446 aut
982 1392 1235 1462 denique
1290 1390 1513 1445 voeatio
1570 1407 1685 1445 non
1743 1395 1939 1461 aperte

283 1485 554 1539 videatur
583 1498 874 1554 expressa.
908 1481 1018 1537 Sed
1050 1480 1391 1552 diligentius
1423 1480 1701 1551 inspectis
1732 1478 1937 1533 divinae

286 1573 606 1644 Scriptura:
628 1570 878 1643 paginis,
896 1585 1083 1641 neque
1106 1569 1225 1623 haec
1249 1568 1340 1640 pie
1360 1569 1756 1640 quaerentibus
1781 1568 1936 1623 inve-

283 1661 505 1716 nienda
535 1663 845 1731 negantur.
881 1660 949 1713 Et
978 1659 1049 1713 de
1079 1658 1246 1713 Petro
1307 1657 1545 1729 quidem
1599 1662 1657 1712 et
1707 1658 1935 1712 Andrea

282 1754 462 1821 atque
482 1748 753 1820 Philippo
777 1748 931 1819 quod
952 1748 1023 1802 de
1048 1746 1376 1813 Bethsaida,
1398 1764 1523 1818 quae
1548 1746 1781 1801 nomine
1805 1763 1935 1817 pro-

280 1838 410 1912 prio
442 1846 722 1895 venatores
769 1841 1003 1891 nostros
1060 1836 1468 1908 prmﬁguravit,
1530 1834 1640 1890 orti
1696 1836 1931 1903 fuerint,

279 1928 483 1985 nullus
517 1927 617 1999 qui
638 1924 1021 1997 Evangelium
1048 1924 1461 1996 1egit,ignorat.
1482 1924 1641 1987 Quod
1675 1925 1850 1979 etiam
1865 1926 1936 1979 de

278 2016 501 2073 Jacobo
525 2021 582 2070 et
604 2014 827 2070 Joanne
848 2012 1295 2084 intelligendum
1320 2013 1505 2068 Lucas
1529 2012 1696 2067 nobis
1720 2012 1939 2068 insinat

278 2121 419 2160 cum
453 2120 551 2159 eos
581 2102 856 2169 Simonis,
891 2102 991 2172 qui
1025 2101 1096 2156 ob
1128 2102 1467 2156 ﬁrmitatem
1499 2101 1633 2156 ﬁdei
1660 2102 1864 2157 Petrus
1904 2120 1938 2156 a

279 2193 533 2249 Domino
558 2190 953 2261 cognominari
978 2190 1211 2260 meruit,
1237 2191 1427 2246 socios
1448 2191 1628 2246 fuisse
1648 2207 1939 2246 commen-

279 2282 404 2338 dat.
431 2286 507 2336 De
534 2280 751 2336 Jacobo
782 2284 979 2335 autem
1012 2279 1359 2351 Miuore,qui
1378 2279 1555 2335 frater
1576 2280 1804 2334 Domini
1822 2296 1935 2334 non

284 2369 483 2428 solum
517 2387 551 2425 a
583 2368 879 2435 fidelibus,
913 2385 1115 2424 verum
1146 2372 1204 2423 et
1233 2386 1267 2423 a
1296 2369 1567 2439 Josepho,
1601 2368 1936 2424 Judaorum

281 2458 784 2531 historiographo,
818 2456 1147 2529 nuncupari
1178 2457 1423 2525 solet,et
1453 2458 1731 2513 fratribus
1751 2458 1941 2529 ipsius

280 2547 526 2604 Simone
556 2564 623 2603 ac
654 2548 828 2614 Juda,
862 2547 984 2602 sive
1015 2547 1326 2617 Thaddzeo,
1362 2548 1503 2618 quin
1522 2548 1592 2601 de
1614 2547 1771 2602 tribu
1789 2547 1941 2603 Juda

282 2638 530 2703 fuerint,
553 2637 754 2693 nullus
778 2636 1241 2692 Christianorum
1269 2636 1538 2691 dubitare
1558 2636 1935 2708 permittitur.

277 2724 363 2781 De
393 2725 693 2780 vocatione
721 2742 861 2780 vero
892 2724 1130 2779 Matthei
1163 2741 1320 2795 eum,
1345 2724 1536 2779 tribus
1568 2724 1941 2792 evangelistis

277 2813 771 2883 consonantibus,
803 2813 1175 2885 apertissime
1205 2814 1509 2868 referatur:
1545 2813 1615 2867 de
1644 2812 1802 2867 tribu
1850 2812 1939 2869 vel

276 2903 475 2974 patria
500 2902 687 2975 ipsius
719 2901 895 2957 taceri
922 2901 1170 2955 videtur.
1232 2902 1341 2956 Sed
1401 2902 1543 2967 dum
1601 2905 1828 2957 Marcus
1885 2906 1943 2956 et

276 2992 467 3046 Lucas
496 3006 652 3057 eum,
683 2990 860 3045 tacito
893 2988 1129 3060 vulgato
1153 2990 1548 3059 nomine,Levi
1573 2996 1937 3063 nuncupant,

280 3083 390 3137 aut
420 3079 931 3151 Dionymonjuxta
962 3079 1270 3149 quosdam,
1307 3082 1405 3133 aut
1433 3080 1504 3133 de
1560 3079 1718 3134 tribu
1779 3081 1934 3150 Levi,

262 3171 447 3240 juxta
476 3166 897 3239 diligentiores,
930 3166 1113 3220 fuisse
1144 3166 1476 3235 designant.
1509 3167 1685 3221 Porro
1716 3168 1786 3222 de
1807 3168 1941 3223 Bar-

1966 1886 2013 1951 B

2048 596 2183 645 ante
2214 609 2397 647 unum
2428 594 2581 649 diem
2617 594 3012 650 Kalendarum
3070 596 3433 661 earumdem,
3496 596 3690 651 Romae

2048 678 2241 751 passio
2272 687 2698 753 nongentorum
2733 684 3106 756 septuaginta
3143 700 3243 739 sex
3274 688 3617 757 martyrum.

2119 768 2181 822 In
2214 769 2447 825 Perside
2481 773 2754 829 nativitas
2787 779 3124 828 sanctorum
3158 773 3417 828 Simonis
3446 778 3503 828 et
3528 774 3693 829 Judee

2048 858 2466 929 apostolorum.

2121 948 2170 1000 ll
2203 947 2336 1001 KAL.
2394 948 2618 1003 JUL.—-
2659 950 2876 1017 Romae,
2912 952 3029 1006 imo
3087 967 3189 1022 per
3247 955 3435 1006 totum
3494 952 3693 1007 orbem

2047 1034 2283 1103 Christi,
2316 1036 2601 1092 festivitas
2632 1040 2817 1094 sancti
2852 1040 3009 1096 Pauli
3033 1039 3303 1109 apostoli.

2119 1125 2263 1179 Item
2287 1126 2499 1181 natalis
2526 1127 2878 1183 beatissima:
2900 1129 3151 1196 Lucinae,
3174 1146 3300 1199 quae
3323 1128 3394 1183 ab
3417 1129 3698 1200 apostolis

2048 1213 2339 1284 baptizata
2369 1220 2457 1270 est
2482 1219 2537 1270 et
2566 1215 2855 1272 instructa
2879 1236 2891 1272 :
2928 1234 3173 1289 quaeque
3202 1218 3272 1273 de
3323 1217 3698 1275 facultatibus

2047 1302 2171 1357 suis
2204 1304 2608 1360 necessatibus
2638 1312 2973 1361 sanctorum
2993 1307 3697 1373 communicans,vincula

2046 1407 2279 1462 semper
2321 1397 2377 1447 et
2435 1410 2693 1450 carceres
2756 1394 3081 1461 sublevare,
3142 1401 3319 1467 atque
3376 1397 3697 1467 sepulturis

2046 1495 2246 1534 eorum
2267 1481 2672 1537 venerabiliter
2694 1482 2973 1538 inservire
2993 1484 3503 1549 studuit.Quorum
3529 1485 3700 1540 meri-

2044 1566 2120 1622 tis
2150 1572 2207 1621 et
2235 1569 2365 1639 ipsa
2396 1570 2636 1632 sociata,
2669 1572 2983 1641 pretiosam
3033 1576 3283 1625 mortem
3334 1571 3697 1627 confessione

2043 1656 2258 1711 Christi
2281 1658 2508 1729 adepta,
2540 1659 2689 1713 atria
2706 1659 2955 1715 coelestis
2975 1659 3304 1715 Jerusalem
3323 1659 3541 1715 intrare
3564 1666 3700 1716 vota

2044 1762 2155 1800 sua
2182 1747 2420 1801 Domino
2444 1746 2824 1818 persolvendo
2847 1748 3081 1811 meruit;
3107 1764 3174 1802 ac
3195 1748 3389 1803 Romae
3411 1747 3470 1802 in
3496 1751 3700 1819 crypta

2043 1833 2343 1901 laudabili,
2378 1853 2555 1906 quam
2578 1836 2707 1907 ipsa
2733 1837 2803 1891 ad
2831 1836 3201 1891 condendam
3223 1853 3467 1908 corpora
3488 1841 3700 1909 marty-

2044 1940 2176 1978 rum
2208 1929 2628 1995 construxerat,
2652 1924 3074 1981 honorabiliter
3105 1928 3192 1979 est
3222 1924 3469 1996 sepulta.

2118 2015 2179 2067 In
2210 2013 2404 2068 Africa
2432 2015 2722 2070 Timothei
2755 2020 2811 2070 et
2841 2014 3043 2070 Zotici.

2124 2104 2181 2156 [η
2211 2104 2535 2175 Agrippina
2566 2104 2821 2176 Asclepii
2852 2110 2911 2159 et
2943 2102 3258 2174 Pamphili.

2121 2192 2437 2248 Lemovicis
2468 2193 2757 2269 depositio
2789 2193 2977 2249 sancti
3006 2192 3294 2248 Martialis
3326 2192 3583 2265 episcopi
3643 2196 3702 2249 et

2049 2282 2423 2337 confessoris.

2743 2371 3006 2427 JULIUS.

2370 2462 2590 2522 Mensis
2618 2463 2819 2521 Julius
2858 2462 3030 2523 habet
3059 2462 3179 2523 dies
3208 2480 3379 2524 xxxx.

2122 2562 2230 2612 KAL
2264 2558 2393 2615 JUL.
2427 2591 2495 2600 —
2530 2563 2591 2615 In
2624 2565 2822 2615 monte
2851 2560 2927 2615 0r
2957 2559 3241 2631 depositio
3279 2562 3471 2615 Aaron
3524 2559 3700 2632 primi

2052 2648 2367 2703 sacerdotis
2400 2650 2459 2704 in
2487 2648 2633 2721 lege.

2122 2736 2316 2791 Romae
2349 2738 2624 2794 nativitas
2655 2738 2842 2794 sancti
2874 2737 2999 2793 Gaii
3031 2754 3193 2809 papa:
3224 2742 3280 2792 et
3300 2737 3550 2793 aliorum
3582 2753 3697 2793 non

2050 2841 2370 2895 paucorum
2402 2834 2748 2900 martyrum.

2122 2916 2184 2969 In
2218 2915 2638 2987 Mesopotamia
2664 2916 2835 2972 Zoelli
2868 2932 3000 2971 cum
3032 2915 3162 2971 aliis
3194 2915 3703 2986 plurimis.Uronis

2050 3003 2369 3075 [Turonis],
2399 3005 2780 3077 Monegundae
2805 3005 3255 3076 [Monegundiaa]
3315 3003 3703 3060 sanctissimae

2051 3093 2300 3155 femina,
2333 3095 2485 3164 apud
2512 3095 2747 3149 beatum
2772 3094 3090 3149 Martinam
3110 3093 3372 3161 inclusae,
3398 3094 3499 3150 sed
3524 3093 3704 3150 mira-

2050 3179 2318 3234 culorum
2355 3182 2689 3236 ostensione
2720 3181 3129 3236 celeberrimae.

271 3256 592 3314 “1010111830
625 3260 799 3327 atque
823 3254 1048 3309 Thoma
1081 3253 1226 3309 nihil
1258 3253 1418 3308 aliUd
1453 3254 1807 3326 quibusdam
1877 3257 1935 3310 in
1971 3252 2013 3318 C
2122 3272 2185 3321 In
2218 3267 2510 3322 territorio
2544 3268 2942 3339 Lugdunensi,
2977 3267 3101 3323 loco
3124 3269 3223 3338 qui
3243 3267 3409 3323 vallis
3434 3268 3705 3324 Vebrona

271 3344 495 3400 litteris
527 3342 866 3415 apostolicis
900 3340 1219 3413 signiﬁcari
1244 3341 1495 3405 videtur,
1534 3342 1645 3397 nisi
1681 3344 1833 3413 quod
1868 3360 1936 3398 ex

270 3432 661 3492 multitudine
692 3430 1117 3503 discipulorum
1150 3429 1349 3485 selecti
1382 3435 1697 3485 narrantur
1726 3432 1782 3486 in
1807 3448 1939 3503 apo-

269 3523 560 3581 stolicum
591 3522 864 3595 gradum.
898 3521 1010 3575 Sed
1042 3524 1099 3574 et
1129 3521 1189 3573 in
1247 3519 1352 3589 eis,
1413 3520 1463 3574 si
1518 3520 1651 3591 quis
1708 3521 1938 3577 acutius

265 3613 600 3681 intueatur,
623 3627 799 3666 sacrm
823 3609 1135 3680 Scriptura:
1160 3607 1653 3680 profundissimos
1669 3609 1936 3665 rimando

266 3702 590 3757 thesauros
624 3698 897 3764 fontium,
928 3696 1254 3753 Jerusalem
1299 3697 1524 3769 [Israel]
1585 3698 1819 3753 divitias
1875 3716 1937 3755 se

261 3789 571 3847 invenisse
585 3787 1057 3861 gratulabundus
1081 3786 1597 3841 admiratur.Sicut
1628 3786 1685 3841 in
1710 3788 1935 3859 psalmo

261 3879 341 3935 de
374 3877 809 3934 resurrectione
840 3881 898 3930 et
928 3876 1271 3930 ascensione
1292 3874 1523 3930 Domini
1557 3881 1733 3947 atque
1766 3877 1936 3932 donis

258 3968 528 4041 Spiritus
558 3966 767 4031 sancti,
803 3962 1325 4037 apostolorumque
1372 3964 1799 4034 praedicatione,
1832 3982 1936 4021 nec

264 4074 391 4113 non
429 4061 486 4111 et
515 4053 859 4112 credulitate
886 4050 1151 4124 gentium
1185 4051 1305 4106 sive
1337 4052 1677 4107 crudelitate
1739 4070 1932 4124 perse-

166 4194 191 4211 ε
258 4143 587 4217 quentium
645 4140 980 4210 conscripto
1041 4142 1318 4194 cantatur
1376 4140 1549 4209 (Psal.
1614 4142 1800 4211 va1):
1875 4143 1930 4195 ιη

258 4234 517 4290 ecclesiis
547 4232 846 4288 benedicite
877 4234 987 4285 Deo
1019 4230 1250 4283 Domino
1280 4229 1344 4283 de
1359 4229 1603 4297 fontibus
1630 4231 1933 4286 Jerusalem

259 4323 512 4393 [Israel].
544 4320 627 4376 Ibi
647 4320 944 4392 Benjamin
969 4317 1433 4383 adolescentulus,
1485 4317 1700 4373 Paulus
1731 4318 1929 4373 videli-

258 4417 386 4481 cet,
419 4410 575 4466 sicut
603 4409 782 4465 etiam
818 4409 1006 4463 Lucas
1040 4406 1111 4461 de
1148 4404 1243 4462 illo
1275 4406 1563 4477 repetivit,
1596 4423 1747 4462 secus
1772 4408 1931 4478 pedes

254 4499 631 4558 adolescentis
660 4499 799 4571 (Act.
842 4496 981 4567 vn);
1018 4526 1083 4535 ——
1114 4497 1173 4551 in
1230 4497 1432 4550 mentis
1487 4511 1735 4565 excessu,
1776 4498 1933 4552 velut

2052 3361 2445 3427 nuncupatur,
2480 3356 2765 3427 depositio
2796 3356 2901 3409 viri
2927 3356 3022 3410 Dei
3047 3354 3370 3411 beatissimi
3388 3355 3704 3411 Domitiani

2047 3445 2299 3514 abbatis,
2317 3446 2415 3516 qui
2444 3446 2671 3517 primus
2694 3444 2814 3499 illic
2835 3444 3196 3499 eremiticam
3220 3444 3397 3499 vitam
3425 3445 3703 3512 exercuit,

2050 3539 2106 3588 et
2136 3534 2423 3605 plurimos
2445 3534 2555 3589 sibi
2584 3535 2640 3588 in
2658 3534 2759 3589 Dei
2782 3533 3017 3589 servitio
3039 3549 3385 3605 aggregans,
3408 3539 3703 3590 monaste-

2046 3624 2201 3677 rium
2234 3623 2513 3690 instituit,
2550 3623 2895 3695 magnisque
2941 3622 3259 3677 virtutibus
3318 3626 3376 3677 et
3430 3621 3704 3693 gloriosis

2047 3713 2347 3768 miraculis
2377 3713 2593 3778 clarus,
2626 3712 2903 3767 collectus
2933 3715 3023 3767 est
3053 3711 3123 3766 ad
3148 3716 3344 3783 patres
3366 3727 3505 3766 suos
3527 3711 3582 3766 in
3607 3728 3698 3767 se-

2047 3806 2280 3857 nectute
2310 3803 2482 3857 bona.

2120 3892 2332 3946 Eodem
2365 3890 2458 3946 die
2489 3889 2774 3961 depositio
2802 3888 3032 3945 Arelefﬁ
3060 3888 3432 3945 confessoris.
3468 3890 3575 3955 Qui
3628 3888 3700 3944 ab

2042 3979 2291 4034 infantia
2324 3981 2434 4034 Deo
2465 3978 2717 4048 deditus,
2753 3977 3140 4033 monasticam
3171 3977 3351 4032 vitam
3400 3977 3696 4049 expetivit,

2043 4072 2099 4122 et
2128 4086 2162 4122 a
2191 4073 2393 4123 sancto
2427 4067 2741 4122 Maximino
2772 4065 3177 4122 Aurelianenei
3203 4066 3495 4138 episcopo,
3521 4064 3702 4121 simul

2043 4173 2176 4210 cum
2208 4157 2372 4211 Avito
2406 4156 2564 4210 socio
2596 4156 2899 4227 presbyter
2927 4155 3256 4221 ordinatus,
3279 4156 3457 4210 vitam
3488 4154 3697 4210 solita-

2042 4244 2190 4299 riam
2222 4244 2562 4300 desiderans
2589 4263 2601 4311 ;
2637 4246 2737 4301 sed
2767 4245 3210 4316 proﬁcientibus
3237 4243 3462 4299 meritis
3513 4243 3695 4298 latere

2041 4332 2377 4388 nullatenus
2408 4334 2627 4404 (divino
2660 4335 2716 4388 id
2742 4334 2961 4389 factum
2982 4334 3153 4401 nutu)
3178 4332 3549 4402 nequiens,et
3570 4348 3694 4386 mo-

2041 4424 2298 4477 nasteria
2327 4423 2384 4477 in
2413 4424 2657 4479 diversis
2691 4423 2833 4478 locis
2864 4422 3185 4485 aediﬁcans,
3230 4418 3432 4475 multis
3462 4419 3694 4477 virtuti-

2040 4512 2150 4567 bus
2182 4517 2238 4566 et
2268 4512 2324 4566 in
2359 4529 2532 4568 carne
2564 4528 2809 4567 manens
2840 4516 2896 4565 et
2926 4515 3057 4581 post
3078 4509 3304 4565 obitum
3327 4508 3557 4564 claruit.
3580 4509 3690 4565 Sed

256 4591 432 4646 idem
466 4589 535 4644 de
557 4605 619 4645 se
651 4587 995 4660 proﬁtetur:
1032 4585 1158 4641 Sive
1184 4587 1368 4640 mente
1424 4585 1735 4640 excedzmus
1781 4587 1926 4654 Deo;

2055 4602 2179 4672 quia
2210 4602 2489 4657 virtutum
2540 4602 2776 4657 nomine
2826 4600 3141 4670 aliquando
3196 4598 3324 4654 vitea
3383 4598 3686 4666 sanctitas,

252 4682 385 4737 sive
417 4684 776 4749 temperantes
804 4690 1014 4744 sumus,
1064 4673 1213 4728 vobis
1265 4673 1336 4744 (II
1397 4673 1516 4729 Cor.
1550 4675 1626 4744 v).
1662 4705 1729 4714 ——
1757 4676 1921 4730 Prin-

254 4772 419 4841 cipes
447 4766 619 4837 Iuda,
653 4766 821 4822 duces
851 4779 1057 4819 eorum.
1090 4762 1343 4817 Jacobus
1376 4761 1598 4819 scilicet
1637 4763 1837 4820 Simon
1868 4768 1925 4820 et

254 4859 290 4915 ,Ι
299 4858 478 4914 udas.
511 4886 580 4897 —-
609 4856 896 4925 Principes
926 4852 1189 4918 Zabulon,
1214 4853 1492 4923 principes
1548 4854 1917 4924 Nephthalim.

256 4945 505 5019 Reliqui
536 4944 737 5017 procul
768 4942 945 4999 dubio
969 4941 1611 5013 cuncti,praeterludam
1635 4943 1919 5014 Scarioth,

257 5036 432 5110 quod
462 5035 882 5107 interpretatur
903 5030 1183 5087 meditatio
1204 5031 1783 5103 mortis(a)designata
1803 5049 1919 5087 non

252 5123 749 5183 inconvenienter
795 5120 1134 5193 accipiatur,
1193 5118 1369 5174 etiam
1428 5121 1921 5176 transmutatione

252 5213 621 5280 litterarum,
654 5211 793 5284 quia
825 5211 894 5264 de
924 5208 1082 5264 tribu
1114 5207 1401 5273 Issachar,
1424 5210 1579 5280 quod
1620 5210 1679 5264 in
1713 5210 1921 5267 Latina

248 5303 474 5375 lingua
500 5310 581 5357 est
611 5314 829 5368 merces,
858 5296 1222 5368 exprimitur,
1246 5300 1302 5352 et
1331 5301 1578 5363 ortus,et
1599 5298 1785 5370 ipsius
1816 5317 1917 5355 no-

251 5390 451 5448 minis
488 5390 673 5445 hzeres
695 5387 957 5457 seipsum
977 5383 1579 5456 proﬂigandofuerit,a
1599 5387 1918 5443 tractatori-

246 5482 384 5536 bus
406 5476 697 5547 Evangelii
721 5473 1185 5531 commendatur.
1211 5472 1307 5525 [lis
1333 5473 1581 5528 breviter
1596 5492 1697 5545 per
1721 5493 1916 5532 exces-

246 5580 403 5624 sum
435 5562 907 5621 commemoratis
938 5562 1009 5617 ad
1041 5559 1406 5632 propositum
1440 5564 1768 5620 redeamus.

329 5708 413 5783 (α)
442 5709 690 5768 Videtur
717 5708 887 5766 desse
919 5704 1163 5779 aliquid.

2037 4690 2353 4761 aliquando
2388 4690 2809 4745 miraculorum
2833 4690 3092 4745 efﬁcacia
3111 4688 3474 4759 designatur,
3500 4704 3687 4742 unum

2035 4781 2105 4835 de
2136 4779 2439 4836 miraculis
2456 4797 2558 4851 per
2580 4780 2952 4835 sanctitatem
2979 4777 3141 4833 illius
3156 4776 3511 4842 ostensis,ad
3537 4793 3691 4832 com-

2033 4870 2404 4941 primendum
2437 4868 2880 4925 temerariarum
2916 4866 3235 4922 mulierum
3260 4866 3590 4935 audaciam,
3626 4865 3686 4920 in

2033 4959 2139 5014 hoc
2169 4958 2696 5015 ecclesiasticarum
2728 4956 3107 5011 historiarum
3124 4954 3405 5009 hreviario
3428 4969 3684 5008 comme-

2032 5063 2260 5103 morare
2291 5047 2563 5102 sufficiat.
2596 5046 2856 5101 Audiens
2886 5046 3156 5117 quaedam
3187 5042 3417 5110 mulier,
3444 5042 3682 5097 nomine

2030 5136 2257 5202 Gunda,
2294 5136 2434 5206 quia
2463 5139 2703 5191 sanctus
2736 5134 3016 5189 Areletfus
3048 5131 3318 5187 muliebri
3358 5130 3544 5198 sexui,
3580 5147 3685 5202 per

2030 5242 2204 5296 quem
2236 5224 2397 5279 virile
2420 5226 2597 5279 robur
2627 5224 2772 5279 solet
2802 5222 3073 5288 emolliri,
3122 5220 3522 5275 interdixisset
3578 5220 3683 5275 ad-

2030 5316 2177 5370 itum
2209 5315 2266 5368 in
2301 5314 2723 5370 monasterium
2756 5330 2951 5382 suum,
2978 5313 3282 5381 assumpto
3313 5309 3419 5364 viri
3450 5308 3676 5379 habitu,

2029 5404 2197 5475 quasi
2229 5407 2429 5457 sancto
2463 5402 2557 5456 Dei
2582 5401 2850 5466 illusura,
2882 5405 2937 5452 ct
2970 5404 3032 5453 ut
3064 5398 3175 5453 sibi
3224 5397 3677 5467 videbaturjam

2025 5493 2144 5547 voti
2174 5492 2264 5545 sui
2290 5507 2530 5562 compos
2551 5490 2771 5555 effecta,
2795 5490 2942 5543 inter
2966 5487 3399 5542 multitudinem
3416 5486 3675 5540 virorum

2026 5581 2299 5637 tendebat
2327 5580 2399 5635 ad
2423 5578 2755 5635 coenobium
2781 5596 2793 5646 ;
2823 5582 2877 5633 et
2906 5593 3037 5633 ecce
3054 5575 3249 5632 subito
3275 5575 3334 5630 in
3357 5575 3673 5633 amentiam
