4012 6198
352 339 509 408 1115

1233 337 1306 402 Β.
1355 336 1703 402 NOTKERI
1746 331 2089 402 BALBULI
2135 334 2200 399 S.
2247 334 2480 400 GALLI
2521 330 2878 401 MONACHI

3611 337 3760 404 1116

343 493 531 547 versa,
568 475 784 531 femora
815 473 1132 540 denudare,
1163 489 1335 528 crura
1365 473 1705 538 divaricare,
1765 478 1822 527 et
1880 489 1988 544 pu-
2018 471 2072 537 Α
2101 470 2616 526 Sacramentorum
2647 470 3004 538 continetur,
3036 466 3467 543 Semproniani.
3503 470 3762 536 Quorum

344 567 537 623 denda
567 563 797 636 proprio
829 562 1051 618 nomini
1085 562 1436 635 cognomina
1466 563 1635 634 ccepit
1675 565 1988 627 ostentare,

342 660 400 712 et
430 656 582 727 quod
617 655 796 726 pudet
825 653 1034 720 dicere,
1065 652 1196 706 nisa
1227 657 1315 707 est
1346 653 1776 722 liasiarezatque
1797 667 1990 706 exem-

343 744 438 818 plo
471 743 668 799 uxoris
704 743 824 807 Lot,
859 742 966 795 etsi
999 757 1114 796 non
1149 741 1206 794 in
1253 745 1509 796 statuam
1545 739 1683 794 salis
1743 743 1986 804 mutata,

343 835 444 889 sed
470 850 639 905 pmna
669 849 775 885 sua
796 831 1236 885 condimentum
1262 831 1438 885 fatuis
1461 827 1987 899 ellecta,praesenti-

342 925 452 979 bus
483 926 539 977 et
570 920 926 985 absentibus,
965 919 1079 974 imo
1113 919 1290 975 etiam
1325 918 1538 973 futuris
1562 922 1781 972 metum
1799 915 1987 972 curio-

343 1011 539 1067 sitatis
570 1009 834 1065 incussit.

409 1100 483 1154 VI
516 1101 658 1154 NON.
686 1099 817 1153 JUL.
859 1130 927 1136 —
961 1098 1154 1152 Romae
1186 1096 1454 1152 nativitas
1487 1099 1825 1174 sanctorum
1852 1100 1988 1149 Pro-

342 1189 488 1246 cessi
519 1193 575 1243 et
605 1187 961 1252 Martiniani,
1012 1186 1113 1257 qui
1175 1203 1304 1240 cum
1355 1185 1618 1239 viderent
1676 1183 1984 1246 mirabilia,

339 1296 466 1351 qua;
499 1277 744 1332 faciebat
774 1293 876 1347 per
906 1277 1106 1330 beatos
1138 1274 1432 1346 apostolos
1465 1291 1604 1328 suos
1646 1274 1878 1327 Petrum
1934 1279 1989 1326 et

337 1367 586 1423 Paulum
621 1365 898 1420 Dominus
927 1369 1099 1419 Jesus
1125 1363 1408 1421 Christus.
1436 1362 1635 1416 mirari
1662 1367 1984 1432 coeperunt,

338 1461 514 1512 Erant
541 1455 697 1510 enim
729 1454 884 1508 hunc
915 1453 1196 1523 temporis
1225 1453 1548 1506 beatissimi
1581 1451 1826 1522 apostoli
1868 1457 1986 1505 tra-

338 1545 442 1600 diti
475 1543 715 1598 Paulino
745 1543 866 1597 viro
895 1541 1220 1596 clarissimo
1244 1543 1352 1595 sub
1372 1542 1636 1596 custodia
1659 1539 1987 1594 Mamertini

337 1635 398 1688 in
439 1637 636 1687 monte
667 1631 949 1701 Tarpeio:
983 1631 1081 1684 ubi
1109 1631 1179 1684 de
1214 1634 1406 1684 monte
1452 1630 1575 1684 suis
1625 1629 1987 1685 orationibus

339 1737 553 1792 aquam
582 1736 820 1774 manare
841 1719 1121 1774 fecerunt.
1157 1720 1319 1773 Tunc
1352 1718 1628 1789 baptizati
1654 1722 1793 1773 sunt
1844 1722 1985 1772 Pro-

2101 559 2357 615 natalem
2390 564 2551 614 sexta
2581 559 2674 614 die
2705 559 2912 614 Iduum
2943 558 3296 615 Novembris
3354 563 3604 617 eatenus
3664 580 3764 618 nos

2101 649 2426 706 celebrasse
2457 649 2836 715 credidimus,
2860 649 3043 703 donec
3066 649 3422 705 venerabilis
3440 650 3626 706 Pater
3649 655 3762 709 Ado

2100 738 2244 794 alios
2275 743 2331 793 et
2361 738 2505 793 alios
2538 754 2640 810 pro
2673 736 2758 793 eis
2790 737 2959 792 nobis
2994 738 3373 794 honorandos
3404 739 3758 797 insinuaret:

2101 828 2170 883 de
2203 829 2421 899 quibus
2453 829 2511 882 in
2547 844 2653 882 suo
2713 827 2858 896 loco,
2913 827 3032 882 vita
3089 828 3321 896 comite,
3384 832 3760 887 commodius

2098 917 2438 973 disseretur.
2475 921 2586 972 Hos
2619 933 2754 986 ergo
2787 917 2993 972 beatus
3023 917 3407 974 Sebastianus
3439 921 3686 974 credere
3706 923 3758 976 in

2098 1006 2398 1061 Christum
2430 1005 2648 1071 docuit,
2682 1009 2738 1059 et
2769 1009 3007 1060 sanctus
3037 1005 3402 1078 Polycarpus
3451 1010 3753 1080 presbyter

2098 1095 2431 1166 baptizavit.
2464 1094 2570 1160 Qui
2604 1111 2739 1148 cum
2771 1104 3107 1149 sanclorum
3138 1111 3386 1167 corpora
3406 1113 3630 1167 perora
3662 1099 3752 1152 Ti-

2096 1184 2299 1238 berina
2327 1184 2711 1255 requirerent,
2746 1183 2887 1237 tenti
2917 1187 3075 1250 sunt,
3107 1187 3166 1238 et
3196 1184 3269 1238 ad
3304 1184 3640 1240 Fabianum
3661 1187 3754 1241 Uro

2098 1273 2187 1328 bis
2221 1273 2554 1344 praelectum
2588 1272 2875 1342 perducti.
2919 1272 3027 1335 Qui
3059 1289 3194 1327 cum
3225 1289 3329 1345 per
3368 1273 3499 1330 dies
3562 1277 3747 1332 decem

2098 1361 2275 1416 minis
2301 1365 2357 1414 et
2382 1361 2680 1416 blanditiis
2703 1364 3070 1432 satageretut
3089 1377 3189 1417 eos
3212 1363 3282 1416 ad
3322 1362 3748 1420 immolandum

2092 1449 2270 1505 idolis
2302 1454 2656 1522 provocaret,
2691 1455 2746 1504 et
2805 1449 3034 1504 nullum
3103 1451 3341 1520 penitus
3373 1469 3409 1506 a
3445 1454 3756 1509 stabilitate

2099 1538 2232 1594 fidei
2259 1556 2622 1594 commovere
2655 1544 2874 1610 posset,
2905 1539 3041 1594 fecit
3069 1540 3141 1594 de
3173 1541 3256 1595 eis
3315 1543 3752 1614 suggestionem

2101 1627 2448 1684 Diocletiano
2479 1633 2535 1683 et
2588 1627 2940 1683 Maximiano
2992 1628 3482 1700 imperatoribus:
3537 1633 3754 1704 quique

2091 1717 2400 1786 jusserunt
2435 1733 2534 1772 eos
2564 1717 2823 1789 torqueri
2851 1733 3137 1788 ;cumque
3169 1717 3327 1772 nulla
3357 1719 3581 1775 ratione
3602 1737 3759 1776 com—

339 1825 542 1865 cessus
574 1814 630 1863 et
659 1807 1048 1862 Martinianus
1081 1824 1113 1861 a
1135 1808 1300 1862 beato
1360 1812 1528 1862 Petro
1590 1807 1873 1878 apostolo,
1932 1811 1988 1861 et
2023 1845 2070 1908 Β
2102 1806 2256 1879 pulsi
2289 1807 2581 1875 cederent,
2607 1807 2917 1877 jusserunt
2948 1823 3049 1862 eos
3097 1806 3157 1860 in
3213 1823 3360 1862 mare
3416 1810 3752 1880 praecipites

340 1898 437 1954 alii
471 1897 789 1969 promiscui
823 1913 996 1951 sexus
1028 1912 1272 1950 numero
1305 1895 1693 1966 quadraginta
1742 1901 1987 1966 septem.

342 1987 504 2053 Quod
533 2003 666 2040 cum
698 1985 1030 2040 nuntiatum
1063 1989 1218 2039 esset
1260 1983 1524 2050 Paulino,
1561 1983 1722 2038 misit
1778 1983 1993 2039 milites

341 2081 398 2130 et
428 2076 615 2131 tenuit
637 2092 754 2142 eos,
771 2074 1067 2144 jussitque
1089 2073 1147 2127 in
1172 2073 1439 2129 custodia
1463 2073 2018 2143 retrudi.Sequenti.

342 2170 539 2220 autem
579 2164 671 2219 die
697 2163 910 2227 educti,
945 2179 1078 2216 cum
1111 2161 1608 2217 constantissime.
1691 2203 1703 2216 .
1784 2203 1795 2214 .
1883 2203 1894 2215 .
1977 2203 1988 2214 .

340 2291 440 2346 Hic
466 2292 661 2346 iterum
689 2288 1070 2344 desiderantur
1130 2289 1341 2358 aliquot
1386 2287 1625 2359 pagella:
1685 2288 1744 2340 in
1800 2302 1992 2340 manu—

947 2362 1148 2431 scripto
1189 2359 1385 2414 codice.

411 2467 690 2525 Rusticus
716 2485 745 2522 e
777 2466 1229 2523 contraintulit:
1267 2467 1453 2536 Nunc,
1490 2464 1782 2536 inquiens,
1818 2479 1992 2535 agno-

339 2557 531 2611 vimus
563 2557 701 2626 quia
731 2555 1114 2627 irreligiosus,
1148 2555 1479 2610 incantator
1520 2571 1583 2608 ac
1646 2569 1853 2625 magus
1905 2569 1986 2618 es,

340 2645 439 2716 qui
473 2660 644 2699 mane
677 2645 954 2711 comedis,
987 2660 1184 2699 cervas
1223 2643 1474 2714 mulges,
1509 2647 1729 2698 vestem
1781 2643 1850 2697 de
1899 2659 1987 2697 ra-

338 2733 432 2789 dio
465 2733 604 2789 solis
635 2733 939 2805 appendis,
973 2733 1021 2788 si
1054 2733 1337 2787 infantem
1382 2732 1442 2787 in
1491 2732 1589 2786 Dei
1622 2733 1856 2787 nomine
1913 2731 1993 2786 lo-

341 2823 439 2896 qui
466 2841 580 2878 non
612 2823 836 2878 feceris.
882 2822 1143 2876 Tandem
1170 2822 1348 2892 igitur
1381 2826 1512 2892 post
1543 2821 1988 2892 refragationem

339 2912 738 2965 diutissimam
771 2914 1010 2963 sanctus
1041 2910 1146 2978 vir,
1199 2909 1595 2963 humilitatem
1655 2924 1826 2963 suam
1884 2907 1987 2962 ali-

341 2997 694 3068 quantulum
748 3002 1094 3067 postponere
1139 3001 1197 3049 et
1246 2996 1565 3066 potentiam
1617 2995 1990 3050 manifestare

343 3089 601 3151 coactus,
635 3101 950 3140 conversus
982 3084 1052 3138 ad
1115 3084 1395 3139 infantem
1460 3083 1603 3138 dixit
1635 3103 1648 3140 :
1713 3105 1740 3133 «
1769 3085 1987 3155 Adjuro

339 3179 396 3231 te
426 3174 749 3246 perJesum
808 3173 1105 3229 Christum
1169 3172 1380 3228 Filium
1432 3173 1532 3228 Dei
1589 3172 1721 3238 vivi,
1783 3178 1848 3228 ut
1906 3174 1989 3228 fa-

340 3264 519 3320 tearis
548 3279 743 3318 coram
775 3263 1069 3327 omnibus,
1109 3262 1242 3334 quis
1272 3266 1328 3317 te
1359 3261 1643 3334 genuerit,
1704 3265 1803 3316 aut
1863 3278 1990 3333 qua:

342 3353 648 3426 pepererit.
677 3374 704 3402 ››
729 3352 812 3406 Ad
848 3369 974 3424 quae
997 3352 1344 3422 infantulus,
1379 3352 1536 3405 fandi
1559 3350 1748 3422 gratia
1779 3351 1849 3406 ab
1873 3367 1992 3406 om-

342 3444 505 3497 nium
538 3444 771 3497 auctore
803 3444 1091 3512 percepta,
1119 3440 1567 3495 obsolutissimo
1600 3455 1869 3495 sermone
1901 3456 1989 3494 re-

341 3531 605 3603 spondit:
634 3552 660 3580 «
694 3531 860 3586 Pater
889 3546 1054 3585 meus
1087 3531 1194 3584 iste
1227 3517 1502 3584 Rusticus
1533 3533 1620 3583 est
1657 3529 1986 3600 episcopus,

341 3623 396 3676 et
424 3624 611 3675 mater
639 3635 771 3675 mea
800 3617 1264 3675 sanctimonialis
1295 3622 1383 3672 est
1413 3617 1532 3674 illa.
1566 3640 1594 3667 »
1631 3619 1839 3688 Sicque
1893 3618 1990 3672 ob-

339 3709 593 3766 stinatus
623 3709 721 3764 ille
750 3709 1060 3780 episcopus
1093 3707 1149 3761 in
1181 3706 1398 3762 scelere
1431 3722 1536 3761 suo
1569 3707 1920 3773 denudatus,
1955 3723 1988 3760 a

337 3797 530 3854 veraci
561 3797 778 3852 famulo
810 3796 908 3852 Dei
942 3795 1294 3867 paenitentiae
1326 3793 1639 3849 consilium
1659 3794 1898 3865 accepit,
1932 3797 1989 3848 et

339 3891 578 3942 sanctus
608 3886 878 3941 sacerdos
909 3886 1024 3941 Gor
1054 3903 1088 3940 a
1117 3884 1345 3940 Christo
1377 3882 1756 3955 glorificatus,
1791 3883 1858 3936 ad
1902 3882 1985 3937 lo-

341 3991 473 4028 cum
498 3991 673 4029 suum
706 3975 898 4039 rediit,
932 3991 998 4028 ac
1029 3976 1100 4029 de
1139 3974 1231 4028 die
1260 3972 1320 4026 in
1350 3972 1504 4028 diem
1554 3971 1613 4026 in
1673 3975 1986 4043 augmento

339 4061 618 4115 virtutum
653 4061 962 4131 proficiens
994 4063 1052 4116 in
1081 4079 1220 4132 pace
1248 4061 1547 4134 requievit.

408 4155 553 4205 NON.
585 4151 714 4207 JUL.
747 4181 815 4190 —
836 4151 1003 4222 Apud
1027 4151 1434 4205 Alexandriam
1453 4151 1679 4221 Egypti
1711 4149 1985 4206 nativitas

337 4240 525 4295 sancti
561 4238 838 4304 Pantzeni,
873 4238 977 4293 viri
1033 4237 1336 4310 apostolici
1367 4245 1424 4293 et
1481 4240 1639 4293 omni
1696 4238 1985 4309 sapientia

336 4331 625 4386 adornati.
658 4329 762 4384 Cui
793 4332 1022 4383 tantum
1056 4327 1234 4382 studii
1261 4332 1318 4382 et
1343 4327 1561 4382 amoris
1581 4343 1718 4398 erga
1741 4331 1981 4383 verbum

334 4418 434 4474 Dei
459 4418 586 4489 fuit,
619 4423 684 4473 ut
723 4418 899 4472 etiam
931 4417 1002 4472 ad
1035 4416 1470 4488 praedicandum
1493 4415 1702 4471 Christi
1727 4418 1983 4488 Evange-

335 4507 480 4563 lium
513 4509 790 4563 omnibus
819 4506 1091 4578 gentibus
1121 4522 1247 4577 quas
1277 4505 1336 4560 in
1369 4505 1620 4560 Orientis
1642 4505 1866 4560 ultimis
1897 4521 1982 4560 se-

2104 1895 2262 1950 dari:
2299 1895 2612 1951 immensis
2641 1897 2836 1967 itaque
2888 1896 3094 1951 arctati
3151 1897 3509 1968 ponderibus,
3544 1898 3742 1969 pelagi

2102 1985 2376 2039 ﬂuctibus
2406 1985 2525 2038 dati
2559 1989 2789 2053 sunt,ut
2811 1985 2866 2038 in
2897 1983 3022 2040 loco
3048 1984 3428 2039 mundointer
3445 2003 3628 2057 aquas
3648 2003 3751 2041 co-

2103 2090 2306 2129 ronam
2339 2072 2603 2145 martyrii
2636 2073 2934 2145 percipere
2965 2077 3346 2128 mererentur.

2171 2179 2298 2234 VIII
2333 2181 2415 2234 In.
2438 2180 2572 2235 JUL.
2606 2212 2672 2219 —
2706 2181 2767 2234 In
2800 2179 2940 2234 Asia
2987 2179 3204 2235 Miuore
3234 2179 3509 2236 nativitas
3566 2182 3752 2236 sancti

2103 2268 2323 2340 Aquilae
2356 2273 2412 2324 et
2443 2268 2716 2324 Priscillae
2749 2269 2948 2324 uxoris
2975 2269 3124 2338 ejus,
3155 2269 3228 2323 de
3261 2269 3480 2340 quibus
3513 2270 3572 2323 in
3601 2270 3754 2324 Acti-
3827 2337 3830 2342 ν

2101 2359 2212 2414 bus
2234 2357 2632 2430 apostolorum
2660 2357 2875 2430 legitur
2902 2361 3042 2428 (cap.
3066 2357 3224 2427 xvm)
3275 2358 3438 2428 quod
3469 2359 3627 2430 apud
3656 2375 3751 2413 eos

2099 2447 2268 2502 beatu
2279 2464 2306 2502 s
2318 2447 2618 2518 apostolus
2633 2446 3110 2518 Paulus,propter
3129 2446 3286 2502 idem
3301 2446 3541 2502 artiﬁcii
3573 2463 3679 2519 gen
3690 2465 3751 2502 us

2101 2537 2255 2606 quod
2282 2534 2366 2589 illi
2397 2539 2453 2590 et
2482 2535 2704 2590 eisdem
2735 2539 2857 2590 erat
2915 2550 3248 2601 commune,
3311 2539 3651 2590 moraretur
3702 2542 3755 2590 et

2098 2628 2456 2697 operaretur,
2473 2629 2788 2696 postquam
2804 2623 2918 2695 ipsi
2932 2624 3002 2679 ab
3017 2623 3160 2679 urbe
3174 2623 3362 2679 Roma
3385 2622 3448 2678 in
3478 2624 3749 2680 Achaiam

2100 2713 2477 2769 devenerunt.

2173 2811 2234 2864 In
2254 2808 2562 2864 Palaestina
2581 2809 2767 2865 sancti
2791 2809 3050 2881 ProcOpii
3073 2810 3372 2880 martyris,
3401 2809 3507 2881 qui
3533 2811 3606 2865 ab
3629 2811 3756 2881 Scy-

2097 2897 2320 2968 thopoli
2353 2899 2920 2967 ductusCaesaream,
2937 2899 3006 2954 ad
3023 2899 3275 2969 primam
3292 2901 3750 2971 responsionum

2098 2985 2510 3042 confidentiam
2534 2987 2679 3042 irato
2703 2987 2903 3058 judice
2937 2987 3189 3042 Fabiano
3217 2987 3414 3058 capite
3449 2997 3755 3044 caesusest.

2170 3085 2232 3138 In
2254 3085 2445 3140 Nicaea
2473 3086 2718 3141 Sostrati
2751 3084 3060 3155 senatoris,
3092 3085 3286 3140 Severi
3338 3090 3400 3141 et
3458 3086 3758 3156 Honorati,

2041 3212 2064 3238 η
2105 3188 2239 3227 cum
2271 3172 2401 3228 aliis
2434 3173 2657 3228 multis.

2178 3266 2242 3316 In
2273 3263 2651 3318 Taurominio
2710 3262 2874 3334 Speri
2929 3265 2987 3317 et
3040 3260 3367 3318 Corneliani
3435 3280 3579 3320 cum
3639 3265 3761 3319 aliis

2104 3351 2429 3422 sexaginta.

2171 3441 2234 3494 In
2263 3456 2410 3512 pago
2431 3439 2703 3505 Austrim,
2735 3439 2792 3494 id
2816 3442 2907 3495 est
2926 3455 3086 3494 novae
3115 3439 3371 3495 Francia;
3386 3447 3612 3506 castro,
3646 3442 3760 3496 imo

2098 3528 2349 3594 civitate,
2385 3533 2450 3584 ut
2481 3527 2797 3584 Teutonico
2850 3527 3085 3584 nomine
3145 3529 3359 3600 prodit,
3423 3531 3764 3602 VVirzburg,

2088 3619 2260 3689 juxta
2280 3617 2693 3685 Moiniluvium
2709 3618 3046 3689 sita,passio
3071 3618 3258 3673 sancti
3272 3618 3539 3686 Chiliani,
3571 3621 3760 3690 primi

2096 3707 2363 3779 ejusdem
2395 3705 2646 3761 civitatis
2677 3706 2932 3778 episcopi
2963 3709 3018 3761 et
3047 3707 3303 3762 duorum
3321 3707 3756 3778 discipulorum

2097 3797 2222 3868 ejus
2254 3795 2515 3850 Colonati
2575 3793 2964 3867 [Colomanni]
3023 3794 3246 3852 scilicet
3304 3796 3618 3868 presbyteri
3689 3802 3754 3850 et

2095 3885 2344 3942 Totnani
2374 3884 2622 3939 diaconi.
2657 3884 2764 3948 Qui
2797 3885 2868 3939 ab
2892 3884 3170 3940 Hibernia
3199 3889 3506 3941 Scotorum
3546 3885 3754 3942 insula

2091 3975 2410 4044 venientes,
2444 3978 2501 4028 et
2529 3992 2562 4028 a
2589 3973 2864 4045 pontifice
2893 3974 3049 4029 sedis
3063 3974 3767 4046 apostolicaaauctoritate

2095 4069 2351 4136 accepta,
2386 4081 2596 4118 nomen
2629 4063 2846 4117 Christi
2877 4063 2936 4117 in
2960 4063 3161 4119 eodem
3194 4063 3470 4119 locoetin
3506 4065 3769 4120 circuitu

2093 4154 2572 4225 praedicaverunt.
2607 4154 2872 4223 Cumque
2894 4151 3147 4208 multum
3180 4152 3655 4225 populumidem
3689 4157 3777 4210 vir

2092 4241 2447 4314 apostolicus
2479 4241 2664 4314 signis
2703 4247 2760 4296 et
2789 4243 2961 4297 verbo
3019 4242 3266 4297 Domino
3324 4244 3700 4315 aequiperet,
3745 4263 3780 4301 a

2091 4332 2237 4386 duce
2267 4332 2528 4387 locorum
2559 4331 2921 4398 eorumdem,
2957 4331 3192 4387 nomine
3214 4335 3518 4404 Cozperto,
3551 4351 3669 4406 pro
3714 4352 3781 4390 eo

2091 4421 2248 4491 quod
2280 4437 2414 4475 eum
2447 4437 2480 4475 a
2510 4421 2782 4492 conjugio
2813 4419 3010 4476 uxoris
3045 4420 3241 4476 fratris
3281 4421 3374 4476 sui
3409 4421 3780 4497 disjungere

2090 4509 2394 4575 niteretur,
2426 4508 2674 4564 factione
2696 4510 2961 4576 ejusdem
2995 4509 3524 4566 incestuosissimaa
3567 4514 3786 4578 Geilm,

335 4597 600 4652 cessibus
627 4597 1042 4664 reconduntur,
1065 4595 1198 4650 ﬁdei
1217 4599 1274 4649 et
1295 4595 1616 4650 devotionis
1641 4594 1830 4650 calore
1852 4611 1981 4666 pro-
2013 4581 2060 4646 D
2091 4613 2225 4653 cum
2257 4595 2430 4652 sociis
2459 4597 2662 4652 eodem
2694 4597 3305 4664 zeloferventibus,est
3331 4599 3785 4674 interemptus.

335 4685 521 4740 fectus
543 4683 703 4751 sit,et
722 4701 905 4755 usque
927 4684 993 4739 ad
1023 4683 1244 4738 Indiam
1268 4682 1592 4738 citeriorem
1617 4683 1983 4754 praedicando

337 4772 680 4845 pervenerit.
717 4773 823 4828 Ubi
856 4772 1068 4844 reperit
1108 4771 1616 4837 Bartholomaeum,
1670 4788 1853 4826 unum
1912 4773 1983 4826 de

336 4861 642 4919 duodecim
676 4861 976 4933 apostolis,
997 4863 1309 4917 adventum
1343 4861 1569 4916 Domini
1595 4860 1735 4916 Jcsu
1766 4860 1981 4916 Christi

328 4951 501 5021 juxta
521 4951 896 5022 Evangelium
922 4949 1178 5006 Matthaei
1199 4950 1736 5021 praedicasseQuod
1753 4950 1983 5005 Hebrai-

335 5039 420 5095 cis
449 5039 657 5095 litteris
690 5039 998 5111 scriptum,
1031 5043 1325 5094 revertens
1346 5039 1758 5094 Alexandriam
1782 5055 1981 5094 secum

334 5129 560 5195 detulit,
600 5127 799 5200 ibique
830 5127 1167 5201 praeclaram
1199 5134 1254 5183 et
1282 5127 1535 5183 nobilem
1576 5127 1754 5182 vitam
1814 5129 1981 5184 beato

335 5219 451 5273 fine
475 5217 782 5274 conclusit.

404 5307 624 5362 Ibidem
659 5311 996 5362 sanctorum
1028 5303 1297 5374 Heraclii,
1323 5305 1490 5374 Helii,
1522 5304 1808 5377 Apollonii
1870 5307 1980 5362 Pu-

335 5395 438 5452 blii
470 5413 602 5451 cum
636 5395 768 5451 aliis
797 5395 1022 5467 viginti.

404 5485 598 5540 Romae
631 5486 827 5556 passio
859 5486 1162 5540 beatorum
1195 5489 1517 5556 martyrum
1541 5484 1982 5558 Nicostratipri-

333 5574 414 5629 mi
445 5574 643 5641 scrini,
676 5574 901 5630 Claudii
933 5575 1501 5642 commentariensis,
1560 5574 1804 5630 Castorii
1861 5575 1979 5631 sive

335 5661 599 5732 Castulli,
631 5663 932 5730 Victorini,
963 5663 1392 5736 Symphoriani,
1413 5663 1522 5732 vel,
1557 5663 1711 5720 sicut
1738 5663 1797 5720 in
1830 5663 1978 5721 libro

2089 4687 2172 4741 Ad
2190 4703 2440 4758 quorum
2457 4685 2768 4742 memorias
2781 4703 2850 4741 cu
2863 4703 2914 4740 m
2932 4687 3189 4759 plurima
3202 4704 3322 4742 sem
3333 4689 3618 4760 perﬂant
3635 4693 3794 4747 mira

2091 4774 2343 4844 cula,his
2359 4779 2556 4830 tamen
2571 4775 3070 4847 indiciispretiosa
3085 4793 3244 4832 mors
3257 4793 3460 4832 eorum
3489 4780 3786 4850 primum

2093 4863 2439 4918 mortalibus
2453 4868 2541 4918 est
2553 4865 2982 4920 commendata.
3006 4865 3151 4920 Nam
3167 4865 3217 4920 is
3230 4866 3328 4937 qui
3345 4881 3444 4922 eos
3462 4865 3536 4923 in
3554 4871 3794 4927 oratio-

2093 4969 2164 5008 ne
2181 4953 2400 5024 positos
2414 4956 2698 5008 nocturno
2712 4957 2972 5024 tempore
2992 4952 3224 5010 silentio
3252 4956 3529 5026 peremit,
3570 4958 3708 5015 huc
3741 4965 3796 5015 et

2091 5040 2229 5097 illuc
2243 5058 2447 5098 amens
2461 5041 2866 5109 discurrendo,
2898 5059 2964 5098 ac
2979 5059 3039 5098 se
3054 5058 3219 5098 reum
3235 5043 3396 5100 necis
3409 5053 3793 5104 sanctorum

2089 5129 2467 5197 clamitando,
2497 5147 2676 5202 seque
2706 5131 2900 5202 ipsum
2941 5132 3220 5187 dentibus
3271 5131 3398 5187 suis
3447 5130 3792 5203 laniando,

2089 5219 2229 5292 quia
2256 5219 2391 5292 igne
2416 5217 2695 5274 invisibili
2725 5237 2760 5275 a
2789 5224 2987 5276 sancto
3022 5220 3412 5276 Chilianosibi
3441 5220 3795 5282 videbatur

2089 5309 2274 5375 exuri,
2308 5307 2694 5364 commissum
2726 5326 2899 5364 suum
2933 5309 3058 5381 ipse
3115 5309 3455 5381 publicavit.
3531 5311 3788 5370 Geilam

2089 5415 2324 5470 quoque
2354 5397 2531 5453 etiam
2565 5397 2691 5469 ipso
2723 5398 2957 5454 nomine
2989 5398 3283 5470 petulcam
3298 5398 3565 5470 spiritus
3606 5404 3790 5459 mali-

2090 5503 2243 5560 gnus
2275 5487 2505 5553 invasit,
2539 5490 2596 5541 et
2625 5487 2929 5559 indignam
2968 5489 3096 5559 ejus
3151 5488 3333 5543 vitam
3393 5487 3788 5560 dignissima

2089 5581 2274 5633 morte
2305 5575 2510 5631 ﬁnivit.
2543 5575 2886 5632 Cozbcrtum
2917 5592 3050 5632 vero
3078 5576 3228 5633 servi
3259 5575 3352 5633 sui
3409 5579 3789 5638 occiderunt

2089 5665 2501 5738 gladio,ﬁlium
2523 5669 2718 5722 autem
2749 5664 3110 5739 ejuspopuli
3136 5664 3542 5739 propulerunt
3581 5669 3671 5728 de
3703 5686 3784 5726 re-
