4012 6198
268 344 417 411 1117

1319 338 2031 407 MARTYROLOGIUM.
2062 370 2141 385 -
2170 338 2403 404 MENS.
2446 339 2612 405 JUL.

3514 346 3669 412 1118

270 500 398 558 gno.
433 483 521 539 Ad
555 484 935 556 augmentum
966 496 1197 552 quoque
1228 480 1554 535 sanctitatis
1588 483 1909 549 martyrum
1941 480 1997 542 Α
2028 476 2139 530 bus
2170 478 2423 531 mactati.
2458 478 2739 550 Sylvanus
2788 476 3104 549 pracipitio
3141 476 3527 553 interemptus
3558 491 3665 541 est.

273 574 707 643 declarandum,
764 589 893 627 cum
948 574 1077 641 post
1107 586 1293 624 annos
1346 568 1633 640 plurimos
1666 567 1910 622 transfe-

271 662 431 718 rendi
459 662 649 734 gratia
675 662 1103 731 detegerentur,
1129 662 1331 712 contra
1358 660 1627 711 naturam
1651 655 1914 725 ejusdem

271 751 542 823 regionis,
577 766 755 821 supra
784 748 1025 803 modum
1059 747 1336 809 humidae,
1357 745 1491 799 libri
1514 762 1711 799 eorum
1739 762 1802 799 ac
1827 760 1918 797 ve-

272 840 544 896 stimenta
565 838 781 904 omnia,
808 837 1022 909 pariter
1044 853 1176 890 cum
1200 836 1283 891 eis
1304 836 1652 901 subterrata,
1680 835 1758 889 ita
1782 836 1919 888 sunt

272 929 448 983 illazsa
478 932 706 999 reperta
736 926 903 997 quasi
939 926 997 980 in
1030 924 1242 980 scrinio
1275 940 1452 994 super
1483 927 1697 977 terram
1731 923 1917 994 posito

273 1022 465 1074 essent
492 1016 742 1071 inclusa.

338 1124 438 1179 VII
471 1125 551 1178 In.
583 1123 713 1177 JUL.
740 1152 806 1161 --
830 1120 1023 1175 Romte
1056 1120 1126 1174 ad
1161 1120 1397 1173 Guttam
1422 1118 1646 1189 jugiter
1678 1135 1916 1173 manan-

270 1218 386 1269 tem
418 1212 693 1267 nativitas
727 1210 911 1265 sancti
944 1210 1192 1264 Zenonis
1218 1214 1274 1262 et
1296 1208 1543 1262 aliorum
1566 1208 1761 1261 decem
1787 1207 1919 1261 mil-

272 1301 417 1357 lium
449 1303 834 1356 ducentorum
867 1303 922 1353 et
955 1299 1153 1353 trium.

344 1392 485 1446 Item
519 1389 770 1445 Floriani
801 1392 857 1443 et
888 1388 1103 1442 Fausti.

346 1482 407 1534 In
440 1478 669 1535 civitate
698 1479 846 1550 Tyro
878 1477 1113 1547 [Thora]
1135 1520 1149 1545 ,
1182 1492 1297 1530 non
1330 1474 1503 1547 longe
1533 1476 1603 1529 ab
1637 1476 1779 1529 urbe
1810 1475 1919 1529 Ro-

274 1585 396 1638 ma,
446 1566 725 1622 Anatolize
772 1571 829 1622 et
875 1564 1125 1619 Audacis
1177 1566 1286 1619 sub
1340 1565 1506 1619 Decio
1550 1565 1919 1635 imperatore.

274 1661 529 1723 Quorum
561 1655 850 1721 Anatolia,
885 1672 1017 1709 eum
1052 1654 1271 1709 multos
1302 1655 1359 1708 in
1395 1654 1605 1709 Piceno
1632 1654 1919 1723 inﬁrmos,

274 1746 562 1801 lunaticos
578 1762 641 1800 ac
660 1744 1559 1813 daemoniacoscurrasset,ducta
1572 1743 1923 1813 est,jubente

2024 564 2367 631 Alexander,
2421 567 2626 622 Vitalis
2676 571 2731 622 et
2778 568 3057 622 Martialis
3108 569 3339 639 capitali
3381 575 3672 629 sententia

2026 653 2235 723 puniti,
2272 671 2303 707 a
2335 655 2614 709 charitate
2646 655 2860 710 Christi
2892 660 2945 709 et
2977 656 3200 711 unitate
3236 658 3365 714 ﬁdei
3392 676 3505 715 non
3532 666 3672 717 sunt

2025 740 2110 795 vel
2134 741 2192 795 in
2228 747 2410 796 morte
2444 743 2635 798 divisi.
2874 742 2879 747 ”

2099 831 2239 885 Item
2276 832 2469 885 Romae
2504 832 2755 887 milliaro
2787 834 3224 899 decimo,fundo
3258 836 3542 895 Plautilla:
3573 842 3670 911 qui

2029 919 2241 973 dicitur
2270 924 2446 985 Buxo,
2492 925 2824 975 sanctarum
2863 923 3082 976 Ruﬁnse
3114 928 3170 977 et
3202 925 3478 980 Secundae
3512 944 3671 983 soro-

2029 1026 2185 1075 rum,
2220 1013 2379 1080 patre
2410 1009 2738 1064 clarissimo
2774 1012 2998 1067 Asterie
3028 1017 3083 1066 et
3114 1018 3299 1068 matre
3321 1016 3553 1071 Aurelia
3583 1034 3677 1090 ge-

2031 1098 2320 1164 nitarum;
2351 1100 2460 1153 sub
2485 1100 2884 1170 persecutione
2908 1101 3195 1156 Valeriani
3221 1108 3274 1157 et
3299 1104 3678 1175 Gallieni,ju-

2030 1188 2261 1243 dicibus
2284 1189 2459 1243 Junio
2485 1190 2754 1259 praefecto
2778 1192 2835 1243 et
2858 1190 3182 1246 Archisilao
3211 1193 3444 1261 comite,
3470 1195 3524 1248 in
3552 1196 3675 1251 loco

2031 1277 2325 1347 przedicto,
2360 1294 2461 1348 pro
2494 1294 2558 1331 eo
2592 1278 2744 1347 quod
2778 1293 3025 1347 sponsos
3050 1296 3190 1335 suos
3222 1299 3255 1335 a
3286 1278 3514 1338 Christo
3538 1302 3673 1356 apo-

2031 1369 2277 1421 statatos
2310 1367 2567 1437 accipere
2600 1366 2911 1432 noluerint,
2946 1369 3132 1439 capite
3165 1387 3323 1425 caesae
3359 1377 3517 1427 sunt.

2106 1457 2165 1509 In
2200 1456 2391 1510 Africa
2418 1460 2755 1510 sanctorum
2778 1456 3043 1522 Januari,
3076 1461 3317 1525 Marani,
3353 1461 3599 1518 Naboris
3622 1468 3681 1518 et

2033 1543 2258 1611 Felicis,
2290 1545 2363 1599 ob
2394 1545 2783 1599 constantiam
2818 1546 3157 1600 Christianae
3191 1548 3321 1602 ﬁdei
3363 1550 3672 1607 decollato-

2032 1650 2212 1687 rum:
2264 1650 2513 1703 quorum
2564 1650 2803 1705 corpora
2852 1639 3054 1706 postea
3102 1636 3497 1693 Mediolanum
3542 1645 3679 1695 sunt

2032 1723 2335 1778 translata.

276 1834 676 1902 Faustiniano,
708 1835 779 1889 ad
816 1834 1103 1889 civitatem
1135 1833 1269 1905 Tyri
1303 1832 1567 1903 [Thom],
1594 1837 1651 1886 et
1682 1831 1924 1886 diversis
1955 1848 2002 1913 B
2110 1831 2151 1881 V
2185 1833 2263 1885 lo.
2297 1833 2423 1885 JUL.
2459 1862 2523 1874 —-
2557 1831 2753 1885 Romae
2786 1831 2980 1902 passio
3012 1837 3347 1887 sanctorum
3374 1835 3680 1906 Stephani,

274 1925 577 1998 plagarum
627 1924 942 1996 generibus
990 1928 1210 1991 vexata,
1246 1922 1458 1977 deinde
1490 1938 1623 1976 cum
1657 1925 1927 1993 serpente

276 2018 397 2069 tota
446 2017 614 2067 nocte
665 2010 913 2077 inclusa,
963 2010 1110 2064 nihil
1156 2010 1295 2065 lzesa
1325 2016 1431 2064 est.
1466 2010 1612 2072 Quin
1647 2013 1702 2064 et
1730 2009 1925 2079 ipsum

277 2103 556 2167 Marsum,
601 2099 701 2171 qui
749 2104 1077 2170 serpentem
1109 2099 1432 2168 dimiserat,
1469 2098 1703 2153 nomine
1733 2098 1923 2151 Auda-

278 2208 424 2257 cem,
458 2206 629 2246 mane
660 2206 693 2244 a
726 2206 830 2243 suo
863 2192 1129 2259 serpente
1173 2188 1573 2242 devorandum
1606 2187 1837 2257 eripuit,
1872 2190 1929 2241 et

278 2281 347 2335 ad
398 2279 609 2333 Christi
664 2277 1011 2349 martyrium
1045 2276 1344 2332 convertit.
1378 2276 1523 2330 Nam
1558 2280 1613 2330 et
1643 2276 1767 2347 ipse
1799 2280 1929 2347 post

282 2369 391 2423 hoc
420 2369 491 2423 ob
525 2367 947 2423 confessionem
980 2364 1236 2420 veritatis
1271 2366 1329 2419 in
1362 2365 1689 2419 custodiam
1734 2366 1927 2432 datus,

279 2473 384 2512 nec
407 2472 593 2526 mora,
615 2454 851 2527 capitali
876 2455 1165 2510 sententia
1186 2458 1493 2509 coronatus
1511 2458 1616 2509 est.
1645 2454 1775 2524 Ipsa
1794 2471 1931 2524 quo-

279 2562 391 2617 que
422 2544 640 2599 Christi
672 2546 834 2616 virgo
866 2542 1058 2616 gladio
1090 2544 1557 2598 transverberata
1587 2559 1721 2597 cum
1754 2546 1932 2597 staret

278 2634 534 2690 extensis
586 2633 859 2689 manibus
892 2633 949 2687 in
982 2633 1261 2698 oratione,
1310 2632 1392 2686 ita
1420 2636 1485 2686 ut
1514 2648 1616 2703 per
1663 2632 1929 2686 dextrum

277 2721 434 2776 latus
466 2721 699 2793 gladius
733 2722 974 2786 missus,
1008 2738 1110 2792 per
1140 2721 1452 2775 sinistrum
1503 2720 1701 2774 exiret.
1750 2720 1931 2774 Passa

275 2814 363 2866 est
392 2810 640 2882 septimo
671 2810 885 2864 Iduum
916 2809 1079 2874 Julii,
1111 2809 1342 2881 sepulta
1372 2814 1566 2863 autem
1589 2812 1677 2864 est
1705 2824 1874 2863 mane
1899 2827 1932 2863 a

275 2898 500 2954 civibus
535 2899 897 2970 Tyrensibus
926 2898 1390 2970 [Thorensibus].

348 2988 656 3043 Mediolani
716 2988 989 3042 nativitas
1048 2988 1234 3042 sancti
1296 2987 1585 3058 Mochymi
1644 2988 1707 3057 π.
1742 2986 1930 3041 sancti

276 3077 500 3146 Monac].

346 3166 412 3221 In
463 3165 703 3236 Egypto
756 3161 954 3234 Cyrilli
1007 3162 1287 3233 episcopi.
1341 3163 1445 3227 Qui
1499 3179 1532 3215 a
1575 3162 1741 3231 Lycio
1783 3162 1930 3217 duce

276 3253 532 3310 ﬂammis
564 3254 836 3323 injectus,
870 3251 1089 3307 illaasus
1122 3250 1342 3317 evasit;
1399 3266 1462 3304 ac
1514 3255 1751 3320 stupore
1784 3250 1929 3304 tanti

280 3340 552 3398 miraculi
581 3339 828 3411 ajudice
849 3339 1159 3403 dimissus,
1183 3355 1314 3392 cum
1340 3353 1545 3391 rursus
1566 3337 1804 3390 verbum
1828 3336 1929 3390 Dei

276 3430 543 3487 alacriter
562 3428 925 3501 praedicaret,
950 3444 1015 3482 ac
1038 3427 1323 3499 plurimos
1345 3425 1638 3481 efﬁcacius
1660 3425 1729 3478 ad
1755 3425 1925 3479 ﬁdem

276 3520 493 3575 Christi
516 3522 896 3583 converteret,
924 3518 1126 3587 judex,
1161 3515 1461 3587 impietate
1493 3513 1767 3586 repletus,
1795 3531 1928 3569 eum

275 3609 463 3681 capite
513 3607 686 3679 plecti
727 3608 910 3677 jussit
957 3610 1131 3677 atque
1162 3608 1426 3677 optatum
1458 3603 1720 3675 martyrii
1753 3604 1929 3658 ﬁnem
1990 3592 1997 3599 ’

278 3696 730 3753 consummavit.

347 3788 488 3841 Item
513 3786 570 3840 in
594 3786 839 3857 [Egypto
866 3782 1053 3838 sancti
1079 3782 1417 3854 Serapionis
1438 3782 1690 3854 episcopi
1717 3786 1775 3836 et
1800 3798 1931 3836 con-

273 3875 536 3932 fessoris.

350 3967 411 4020 In
432 3963 660 4019 civitate
680 3960 1013 4016 Martulana
1034 3960 1221 4015 sancti
1243 3961 1386 4014 Brici
1409 3960 1651 4030 [Brictii]
1675 3959 1930 4031 episcopi

278 4059 336 4111 et
359 4052 731 4109 confessoris.
758 4050 862 4116 Qui
888 4051 998 4105 sub
1018 4050 1198 4121 judici
1226 4050 1509 4103 Martiano
1535 4054 1843 4120 postquam
1868 4065 1931 4103 os

273 4143 469 4215 lapide
489 4145 804 4197 contusum
829 4144 1002 4207 est,et
1024 4139 1081 4192 in
1108 4138 1357 4209 equuleo
1380 4136 1783 4192 crudelissime
1801 4154 1930 4191 cru-

276 4232 489 4297 ciatus,
522 4230 583 4284 in
615 4229 984 4284 confessione
1019 4227 1246 4283 Domini
1278 4228 1623 4298 perdurans,
1646 4226 1705 4280 in
1740 4242 1931 4281 caree-

277 4337 403 4376 rem
436 4325 635 4375 trusus
668 4323 796 4385 est;
832 4326 1001 4373 nocte
1033 4321 1229 4372 autem
1264 4320 1593 4371 terraemotu
1616 4315 1772 4386 gravi
1798 4314 1931 4369 civi-

277 4414 369 4465 tas
390 4413 478 4465 est
513 4405 805 4481 perculsa,
832 4407 981 4462 inter
1001 4406 1147 4462 alios
1170 4405 1365 4477 plures
1387 4406 1560 4460 etiam
1583 4398 1933 4458 M‘artianum

278 4497 512 4553 occidit.
562 4498 631 4552 Et
660 4496 875 4551 Christi
909 4496 1209 4550 confessor
1241 4496 1312 4550 ab
1346 4493 1551 4566 angelo
1584 4498 1787 4549 sancto
1816 4498 1873 4547 et
1902 4510 1936 4547 a

2038 1920 2279 1987 Leontii,
2314 1920 2567 1975 Mauritii
2600 1925 2657 1974 et
2688 1921 2935 1975 aliorum
2970 1923 3309 1977 multorum.

2115 2011 2177 2063 ln
2214 2010 2409 2064 Africa
2440 2010 2729 2064 Mauriani
2767 2010 3016 2081 [Marini]
3048 2015 3105 2065 et
3133 2013 3413 2066 Januarii.

2109 2099 2170 2153 In
2203 2100 2478 2154 Armenia
2508 2099 2748 2165 Minore,
2779 2100 3012 2154 civitate
3038 2100 3321 2171 Nicopoli,
3347 2106 3683 2158 sanctorum

2039 2192 2362 2259 martyrum
2382 2188 2645 2242 Januarii
2672 2193 2727 2242 ct
2756 2187 3018 2260 Pelagia),
3048 2188 3146 2261 qui
3177 2190 3686 2263 equuleo,ungulis

2037 2282 2095 2331 et
2134 2281 2418 2331 testarum
2467 2278 2810 2348 fragmentis
2861 2277 3067 2331 diebus
3118 2284 3369 2348 quatuor
3417 2280 3681 2348 cruciati,

2039 2382 2092 2419 m
2104 2365 2489 2437 artyrizaveru
2501 2371 2581 2421 nt.

2111 2455 2439 2509 Translatio
2473 2456 2660 2511 sancti
2686 2456 2976 2511 Benedicti
3013 2456 3240 2512 abbatis
3272 2475 3304 2512 a
3332 2463 3521 2513 castro
3551 2460 3686 2514 Cas-

2041 2544 2168 2599 sino
2192 2546 2310 2599 sive
2340 2544 2601 2598 Cassiani
2636 2544 2690 2598 in
2726 2544 2941 2598 Gallias
2972 2545 3058 2598 vel
3093 2546 3487 2617 Aquitaniam.
3522 2552 3687 2603 Post-

2042 2648 2217 2702 quam
2242 2632 2420 2698 enim,
2456 2631 2607 2686 sicut
2626 2632 2750 2703 ipse
2771 2632 2967 2687 vivens
2992 2635 3354 2705 przedixerat,
3391 2641 3685 2691 monaste-

2040 2721 2191 2773 rium
2216 2721 2343 2790 ejus
2370 2720 2696 2790 agentibus
2727 2725 2814 2775 est
2843 2726 3154 2788 vastatum,
3188 2724 3528 2779 hominibus
3559 2730 3687 2779 tan-

2042 2813 2188 2873 tum,
2229 2810 2401 2879 juxta
2449 2810 2797 2864 sententiam
2846 2810 3053 2865 illius:
3119 2814 3218 2866 V221:
3268 2814 3491 2867 obtinui
3546 2815 3692 2885 apud

2040 2899 2211 2952 Deum
2254 2900 2697 2969 omnipotentem,
2742 2903 2801 2952 ut
2829 2916 2899 2953 ω)
2929 2900 3025 2954 hoc
3055 2901 3166 2955 loco
3198 2902 3338 2956 mihi
3365 2905 3579 2959 anima:
3608 2919 3690 2958 ce-

2040 2986 2324 3052 derentur,
2358 2987 2455 3041 illo
2476 2987 2869 3043 intercedente
2902 2988 3176 3045 salvatis:
3213 3008 3425 3062 corpus
3448 2991 3633 3063 ipsius
3662 3008 3695 3046 a

2042 3077 2329 3146 religiosis
2364 3078 2739 3148 quibusdam,
2776 3078 3022 3133 Domino
3055 3080 3360 3151 revelante,
3397 3086 3691 3152 repertum

2042 3170 2098 3218 et
2118 3166 2177 3218 in
2199 3164 2414 3219 Gallias
2436 3166 2811 3229 translatum,
2837 3172 3009 3236 atque
3031 3168 3090 3221 in
3120 3170 3409 3223 territorio
3431 3169 3691 3224 Aurelia-

2042 3253 2228 3312 nensi.
2265 3252 2618 3306 monasterio
2662 3254 2815 3322 quod
2848 3258 3086 3308 vocatur
3117 3255 3463 3321 Floriacum,
3514 3257 3687 3327 digne

2040 3340 2359 3412 sepultum,
2396 3344 2451 3393 et
2482 3340 2667 3395 multo
2699 3340 2935 3413 dignius
2968 3342 3428 3413 frequentatione
3460 3345 3688 3399 devoto-

2040 3448 2168 3486 rum
2204 3434 2292 3485 est
2313 3429 2535 3501 jugiter
2566 3429 2936 3484 honoratum.

2113 3519 2423 3575 Translata
2454 3523 2594 3573 sunt
2624 3519 2800 3573 etiam
2838 3520 3053 3589 pariter
3083 3537 3215 3574 ossa
3246 3521 3425 3576 beata:
3456 3522 3689 3578 Schola-

2040 3609 2196 3664 sticas
2220 3608 2482 3679 virginis,
2508 3607 2725 3663 sororis
2747 3609 2894 3678 ejus,
2923 3614 3098 3679 atque
3121 3610 3177 3663 in
3212 3610 3477 3681 partibus
3508 3612 3689 3665 Ceno-

2041 3698 2412 3753 manensium
2434 3696 2839 3769 religiosorum
2861 3698 3163 3754 devotione
3181 3699 3693 3770 conditum.Cujus

2042 3787 2297 3842 animam
2349 3787 2502 3841 idem
2548 3787 2637 3840 vir
2667 3786 2766 3842 Dei
2798 3803 2828 3842 e
2858 3803 3097 3859 corpore
3127 3804 3423 3860 egressam
3454 3789 3601 3843 vidit
3632 3789 3690 3843 in

2042 3875 2324 3930 columbae
2356 3876 2547 3947 specie
2580 3875 2705 3930 σα)ὶί
2738 3879 2958 3930 secreta
2988 3880 3310 3947 penetrare,
3360 3894 3690 3950 corpusque

2042 3968 2167 4035 ejus
2192 3981 2390 4019 secum
2414 3965 2472 4018 in
2500 3982 2615 4019 uno
2638 3966 2821 4035 jussit
2854 3966 2988 4037 poni
3022 3966 3310 4037 sepulcro,
3345 3971 3412 4022 ut
3443 3985 3693 4040 quorum

2044 4071 2212 4110 mens
2243 4070 2359 4108 una
2383 4069 2613 4123 semper
2634 4053 2691 4106 in
2726 4055 2835 4108 Deo
2859 4054 3066 4122 fuerat,
3091 4072 3292 4110 eorum
3316 4072 3545 4129 quoque
3567 4075 3692 4112 cor-

2042 4161 2184 4215 pora
2216 4160 2320 4197 nec
2352 4142 2652 4212 sepultura
2684 4148 2997 4214 separaret.
3049 4145 3156 4199 Sed
3207 4162 3287 4199 vae
3338 4146 3688 4201 miserorum

2044 4232 2297 4301 meritis,
2352 4247 2456 4302 per
2502 4248 2648 4302 quos
2697 4232 3122 4301 separationem
3156 4251 3331 4304 passa
3361 4226 3532 4299 sunt,
3567 4251 3693 4304 quae

2045 4321 2429 4392 dispositione
2462 4320 2647 4375 sancti
2681 4320 2931 4391 Spiritus
2978 4322 3254 4393 conjungi
3304 4328 3646 4376 meruerunt
3676 4340 3687 4375 :

2044 4410 2145 4465 sed
2182 4426 2291 4463 non
2325 4408 2424 4462 diu
2458 4408 2621 4462 locus
2654 4407 2771 4478 ille,
2798 4414 3133 4463 sanctorum
3158 4409 3421 4481 reliquiis
3444 4410 3691 4465 honora-

2046 4499 2201 4563 bilis,
2236 4516 2268 4552 a
2301 4497 2557 4552 ﬁdelium
2590 4503 2872 4552 conventu
2908 4498 3123 4553 mansit
3156 4498 3387 4565 inanis;
3424 4516 3559 4554 nam
3585 4500 3694 4554 fra-

276 4588 448 4644 beato
476 4591 644 4642 Petro
677 4584 940 4656 apostolo
972 4584 1263 4649 visitatus,
1299 4587 1474 4653 atque
1502 4582 1573 4636 ad
1607 4581 1931 4653 prmdican-
1963 4578 2010 4641 D
2041 4594 2159 4643 tres
2194 4587 2291 4658 qui
2325 4586 2581 4641 hostium
2615 4602 2826 4640 manus
2857 4586 3097 4641 evadere
3128 4592 3462 4657 potuerunt,
3487 4588 3694 4643 iterato

276 4678 420 4731 dum
453 4674 831 4746 Evangelium
865 4674 1253 4741 confortatus,
1300 4687 1543 4743 magnas
1585 4670 1935 4743 populorum

278 4765 643 4820 credentium
701 4762 1113 4818 multitudines
1144 4760 1525 4832 omnipotenti
1556 4761 1672 4815 Deo
1703 4760 1935 4814 lucrifa-

279 4853 474 4923 ciens,
528 4852 749 4924 quievit
796 4852 855 4907 in
905 4869 1066 4924 pace.
1126 4852 1305 4922 Cujus
1353 4850 1607 4905 animam
1667 4850 1939 4905 viderunt

280 4947 538 4999 astantes
579 4943 639 4997 in
671 4942 863 5015 Specie
894 4941 1175 4997 columbae
1210 4942 1387 4996 niveae
1421 4938 1562 4994 coelo
1592 4938 1786 5009 recipi.

353 5050 429 5106 VI
452 5050 532 5105 Io.
556 5051 684 5105 JUL.
714 5082 782 5089 —
805 5050 1001 5105 Romae
1033 5048 1307 5105 nativitas
1339 5052 1562 5118 septem
1597 5046 1842 5100 fratrum
1880 5045 1939 5096 ti-

279 5139 498 5196 liorum
548 5142 761 5195 sanctm
805 5138 1143 5203 Felicitatis,
1166 5138 1223 5192 id
1270 5142 1359 5192 est
1388 5134 1672 5204 Januarii,
1712 5132 1935 5200 Felicis,

283 5228 557 5300 Philippi,
592 5226 844 5299 Sylvani,
877 5226 1206 5295 Alevandri,
1236 5225 1465 5295 Vitatis,
1500 5222 1802 5278 Martialis.
1830 5222 1937 5285 Qui

280 5320 395 5375 sub
429 5317 696 5391 praefecto
727 5315 891 5370 urbis
920 5314 1148 5379 Publio,
1182 5319 1443 5386 tempore
1471 5310 1748 5367 Antonini
1777 5313 1936 5382 prin-

280 5408 453 5479 cipis,
489 5405 747 5476 primum
781 5403 990 5469 auditi,
1032 5402 1240 5457 deinde
1272 5419 1373 5472 per
1403 5402 1661 5456 diversos
1682 5400 1935 5469 judices,

279 5500 350 5549 ut
378 5492 558 5547 variis
590 5490 895 5563 suppliciis
926 5491 1307 5557 laniarentur,
1342 5488 1510 5543 missi
1541 5492 1698 5543 sunt.
1736 5490 1773 5542 E
1807 5489 1935 5559 qui-

277 5584 394 5639 bus
421 5578 758 5651 Januarius,
795 5584 925 5651 post
952 5581 1192 5636 verbera
1211 5580 1508 5650 virgarum
1540 5583 1595 5633 et
1625 5594 1932 5647 carcerem,

280 5673 355 5733 ad
387 5669 721 5745 plumbatas
752 5668 980 5727 occisus
1012 5673 1117 5725 est.
1152 5668 1311 5726 Felix
1340 5672 1397 5724 et
1428 5666 1736 5739 Philippus
1766 5666 1933 5723 fusti-

2048 4679 2103 4732 in
2140 4693 2322 4731 unum
2358 4675 2707 4747 conglobati,
2743 4682 2797 4728 et
2826 4674 2955 4729 aliis
2989 4676 3059 4729 ad
3088 4676 3267 4731 vicem
3292 4676 3692 4749 dispersorum

2047 4766 2326 4821 adhibitis
2377 4763 2770 4835 multiplicati,
2823 4780 3019 4818 sacros
3065 4765 3287 4821 cineres
3319 4766 3544 4837 seipsos
3571 4767 3693 4835 jam

2048 4855 2276 4910 cautius
2310 4857 2566 4925 agentes,
2602 4852 2743 4907 satis
2768 4852 3037 4924 religiose
3059 4859 3357 4920 curarunt,
3383 4856 3565 4909 donec
3594 4871 3697 4907 nu-

2049 4960 2151 5015 per
2192 4942 2563 4996 infestatione
2608 4941 3030 4996 Saracenorum
3082 4941 3139 4995 in
3192 4959 3425 4997 omnem
3458 4948 3695 4997 ventum

2048 5032 2297 5102 dispersi
2329 5034 2485 5085 sunt.

2120 5138 2184 5193 IV
2220 5138 2297 5191 Io.
2330 5137 2461 5191 JUL.
2497 5168 2563 5175 —
2609 5137 2775 5207 Apud
2827 5135 3155 5206 Aquileiam
3206 5137 3479 5192 nativitas
3510 5138 3694 5192 sancti

2048 5228 2433 5296 Hermagorm,
2468 5224 2576 5289 vel,
2602 5224 2755 5279 sicut
2779 5225 2833 5278 in
2858 5225 3117 5295 antiquis
3142 5226 3441 5280 codicibus
3470 5226 3691 5279 inveni-

2048 5320 2164 5386 tur,
2196 5313 2616 5377 Herinechoraa,
2644 5312 2817 5384 primi
2841 5313 3105 5383 ejusdem
3132 5314 3380 5369 civitatis
3408 5313 3693 5385 epiSCOpi,

2048 5404 2319 5477 discipuli
2353 5403 2536 5458 sancti
2570 5400 2747 5455 Marci
2779 5404 3165 5472 evangelistm.

2122 5495 2264 5549 Item
2300 5490 2625 5558 Fortunati,
2652 5491 2721 5545 de
2754 5507 2868 5560 quo
2894 5490 3245 5547 Fortunatus
3271 5493 3580 5565 episcopus
3608 5508 3619 5548 :

2234 5673 2295 5721 Et
2326 5671 2675 5721 Fortunatam
2708 5668 2807 5719 fert
2837 5668 3078 5733 Aquileia
3108 5684 3284 5721 suum.
