4012 6198
379 377 538 446 1119

1258 373 1330 437 Β.
1379 371 1728 438 NOTKERI
1771 367 2112 436 BALBULI
2157 369 2225 436 S.
2270 371 2503 436 GALLI
2545 370 2905 438 MONACBI

3634 371 3790 437 “30

448 513 513 571 In
545 512 731 585 Cypro
762 508 913 567 beati
946 509 1195 566 Nasonis
1227 508 1505 581 [Jasonis]
1553 508 1776 580 antiqui
1809 506 2021 564 Christi
2053 506 2110 574 Α
2210 508 2290 562 In.
2322 507 2453 563 Jun.
2487 539 2556 549 —
2585 507 2767 564 Nisibi
2798 507 3051 574 civitate,
3085 506 3300 564 natalis
3345 507 3540 566 sancti
3588 507 3790 567 Jacobi

375 601 671 674 discipuli.

2134 596 2410 670 episcopi,
2446 613 2671 670 magna:
2700 598 2929 654 virtutis
2962 597 3092 670 viri,
3127 598 3209 654 ita
3240 601 3308 654 ut
3338 599 3413 654 ad
3431 599 3567 670 ejus
3591 615 3788 670 preces

449 689 724 748 Romaein
745 689 1026 744 Vaticano
1048 688 1336 760 depositio
1358 689 1417 744 S.
1441 688 1524 742 Pii
1548 705 1728 759 papze,
1754 686 1852 758 qui
1878 686 2028 742 sedit
2135 702 2288 758 saepe
2319 688 2458 742 urbs
2489 687 2827 742 discrimine
2859 686 3103 742 liberata
3132 687 3228 742 sit.
3261 687 3368 743 Hic
3399 704 3558 743 unus
3584 689 3698 743 fuit
3725 706 3785 745 ex

372 781 435 835 in
467 779 806 852 episcopatu
840 778 1012 832 annis
1043 778 1389 832 octodecim.
1424 777 1542 832 Sub
1565 776 1743 846 hujus
1765 781 2026 847 tempore
2134 791 2376 831 numero
2398 776 2795 832 confessorum
2823 776 2934 831 sub
2954 776 3356 847 persecutione
3379 777 3785 846 Maximini,et

373 873 615 925 Hermes
666 867 884 922 librum
933 865 1280 937 conscripsit
1311 865 1409 937 qui
1441 865 1771 937 appellatur
1799 865 2021 933 Pastor,

375 958 515 1030 quia
548 958 604 1012 in
635 955 839 1012 habitu
877 955 1128 1027 pastoris
1159 955 1210 1010 ei
1242 954 1485 1027 angelus
1517 954 1807 1026 apparuit.

444 1045 757 1102 Mediolani
781 1044 1090 1100 translatio
1118 1050 1453 1099 sanctorum
1481 1047 1804 1115 martyrum
1830 1043 2019 1097 Nubo-

371 1135 452 1194 ris
480 1140 536 1190 et
567 1134 795 1201 Felicis,
832 1134 929 1203 qui
964 1137 1124 1189 sexto
1157 1134 1294 1188 ldus
1325 1131 1465 1188 Julii
1498 1150 1631 1187 cum
1661 1133 1939 1187 Januario
1965 1137 2022 1186 et

369 1225 589 1282 Marino
613 1224 670 1278 in
694 1224 886 1278 Africa
907 1221 1197 1288 decollati,
1222 1222 1328 1276 hac
1350 1222 1442 1276 die
1465 1220 1855 1276 Mediolanum
1885 1226 2022 1276 sunt

369 1313 678 1386 deportati.
715 1313 794 1368 De
826 1313 1042 1383 quibus
1077 1313 1312 1367 beatum
1343 1311 1635 1366 Victorem
1662 1310 1721 1364 in
1747 1310 2021 1381 passione

369 1419 478 1459 sua
509 1403 680 1458 credo
712 1400 1077 1473 supplicasse
1115 1417 1128 1455 :
1164 1401 1240 1455 Ne
1268 1417 1486 1470 separes
1517 1417 1630 1469 me,
1681 1401 1937 1468 Domine,
1989 1417 2022 1453 α

367 1493 576 1549 civibus
600 1493 737 1546 meis
761 1490 1104 1561 martyribus
1133 1493 1243 1544 tuis
1273 1489 1480 1543 Nabore
1500 1492 1549 1544 et
1573 1491 1767 1543 Fetz'ce.

444 1581 720 1652 Lugduno
752 1577 950 1634 Gallia:
976 1578 1262 1650 depositio
1293 1577 1596 1633 Viventioli
1630 1577 1909 1650 episcopi.

440 1687 519 1741 ΙΙΙ
549 1687 630 1741 In.
653 1685 782 1742 JUL.
806 1715 874 1726 —-
895 1684 1204 1739 Transitus
1226 1685 1419 1739 Esdra:
1443 1684 1850 1740 instauratoris
1873 1682 2017 1738 divi-

369 1792 455 1830 nas
485 1775 650 1846 legis.

2131 881 2334 920 eorum
2380 865 2478 934 qui
2531 866 2589 920 in
2640 865 2876 920 Nicena
2923 865 3144 936 synodo
3187 867 3640 938 perversitatem
3674 868 3780 923 Arii

2131 953 2426 1009 homousii
2457 955 2820 1026 oppositione
2846 954 3204 1009 damnarunt
3231 971 3243 1009 :
3279 959 3455 1026 atque
3482 955 3648 1010 intra
3671 974 3780 1010 mu-

2132 1059 2228 1097 ros
2251 1044 2412 1098 urbis
2435 1061 2572 1110 sua),
2599 1060 2664 1098 ex
2689 1047 2970 1115 praecepto
2991 1043 3358 1098 Constantini
3382 1045 3777 1116 imperatoris,

2131 1131 2199 1186 ad
2233 1132 2475 1188 tutelam
2508 1137 2564 1188 et
2595 1132 3029 1188 munimentum
3060 1132 3358 1204 sepultus,
3417 1139 3633 1205 postea
3672 1135 3775 1189 zelo

2126 1221 2349 1276 Juliani
2396 1224 2686 1292 Apostataa
2738 1226 2900 1276 extra
2953 1222 3154 1277 urbem
3202 1221 3393 1278 elatus
3421 1227 3482 1277 et
3514 1223 3772 1278 conditus

2129 1315 2236 1365 est.
2268 1311 2375 1365 Sed
2410 1327 2544 1365 mox
2575 1311 2779 1366 eadem
2821 1310 3054 1375 civitas,
3102 1311 3250 1366 tanti
3298 1313 3533 1382 patroni
3585 1312 3774 1366 orbata

2129 1399 2412 1470 reliquiis,
2445 1399 2755 1454 Persarum
2806 1398 3014 1454 ditioni
3062 1399 3393 1454 succubuit.
3443 1399 3558 1463 Qui
3607 1400 3768 1456 etiam

2129 1488 2320 1546 adhuc
2349 1488 2408 1542 in
2442 1503 2680 1559 corpore
2713 1487 2898 1542 multa
2927 1487 3099 1558 signa
3129 1487 3286 1556 fecit,
3331 1493 3390 1542 et
3436 1504 3642 1544 arcam
3673 1489 3772 1544 Noe

2129 1576 2290 1633 solus
2321 1577 2379 1631 in
2411 1581 2607 1632 monte
2635 1575 2922 1631 Armeniae
2962 1577 3154 1631 Tauro
3194 1577 3389 1633 videre
3419 1579 3772 1648 promeruit,

2128 1667 2307 1739 quod
2331 1665 2479 1722 nulli
2528 1665 2626 1720 alii
2671 1666 2739 1721 de
2771 1665 2862 1721 bis
2891 1665 2993 1737 qui
3022 1681 3158 1720 cum
3187 1682 3254 1722 eo
3285 1671 3666 1739 perrexerant
3693 1666 3773 1720 vi-

2127 1757 2264 1811 dere
2294 1754 2648 1826 permissum
2679 1757 2788 1809 est.

441 1863 503 1919 In
536 1864 882 1919 Alexandria
911 1863 1279 1935 Serapionis,
1334 1861 1634 1934 Evangeli,
1669 1861 1914 1917 Zenonis
1964 1867 2095 1944 etB
2199 1855 2264 1908 In
2301 1856 2477 1908 Portu
2528 1852 2787 1908 Romano
2835 1851 3128 1923 Eutropii,
3181 1852 3404 1908 Zozimm
3434 1856 3492 1908 et
3524 1853 3771 1908 Bonosa:

369 1952 615 2008 aliorum
644 1970 711 2008 ac
740 1953 1069 2024 Trophimaa
1099 1951 1363 2024 virginis.

439 2042 633 2097 Romae
668 2042 855 2098 sancti
884 2041 1025 2098 Cleti
1057 2057 1238 2112 papae,
1273 2040 1373 2112 qui
1409 2041 1561 2095 sedit
1590 2041 1648 2095 in
1676 2039 2014 2112 episcopatu

368 2130 537 2187 annis
568 2131 898 2188 duodecim.
923 2131 1025 2186 Hic
1049 2147 1182 2186 cum
1207 2135 1364 2186 esset
1388 2129 1840 2201 chorepiscopus
1864 2129 2013 2184 beati

364 2220 518 2277 Petri
550 2219 818 2293 apostoli,
853 2237 922 2275 ex
951 2223 1236 2292 praecepto
1267 2218 1429 2274 illius
1459 2218 1748 2274 ordinavit
1778 2218 1838 2272 in
1871 2218 2014 2272 urbe

370 2309 556 2367 Roma
586 2310 954 2380 presbyteros
991 2307 1198 2380 viginti
1229 2308 1510 2380 quinque,
1542 2312 1601 2363 et
1631 2307 1896 2379 sepultus
1927 2310 2016 2362 est

359 2399 529 2468 juxta
556 2415 766 2470 corpus
806 2397 1015 2470 ipsius.

439 2489 504 2543 In
540 2488 735 2542 Africa
763 2487 1035 2543 nativitas
1065 2491 1406 2542 sanctorum
1438 2487 1861 2557 confessorum,
1895 2486 2012 2541 imo

365 2576 982 2632 victoriosissimorum
995 2575 2015 2649 martyrum,EugeniiCarthaginen-

363 2663 451 2720 sis
479 2663 758 2736 episcopi,
791 2664 906 2720 ﬁde
931 2669 988 2720 et
1016 2665 1330 2720 virtutibus
1363 2669 1541 2737 atque
1573 2663 1872 2720 miraculis
1894 2664 2013 2736 glo-

365 2752 527 2823 riosi,
552 2757 610 2809 et
638 2753 892 2809 universi
923 2752 1058 2810 cleri
1090 2754 1355 2824 ejusdem
1387 2753 1655 2810 Ecclesia:
1683 2771 1694 2808 :
1728 2753 1827 2824 qui
1860 2755 2012 2809 caede

363 2841 677 2915 inediaque
698 2843 974 2897 macerati
998 2843 1114 2897 fere
1132 2841 1435 2913 quingenti
1458 2841 1545 2896 v‘el
1569 2841 1844 2912 amplius,
1863 2842 2014 2897 inter

363 2947 512 3000 quos
542 2929 966 3000 quamplurimi
988 2934 1152 2985 erant
1172 2930 1419 2984 lectores
1442 2929 1850 2998 infantulique,
1875 2945 2014 3000 gau-

363 3017 567 3084 dentes
598 3017 658 3072 in
689 3017 966 3087 Domino,
1018 3016 1238 3072 crudeli
1291 3016 1492 3071 exsilio
1547 3015 1747 3087 procul
1791 3019 2010 3072 extrusi

363 3108 522 3162 sunt.
557 3106 620 3161 In
648 3105 864 3176 quibus
893 3108 1060 3160 erant
1090 3103 1446 3164 nobilissimi
1481 3105 1875 3161 archidiaconi
1905 3123 2007 3162 no-

363 3193 521 3275 mine
543 3193 846 3262 Salutaris,
869 3199 927 3250 et
949 3193 1246 3263 Mauritta,
1273 3194 1566 3250 secundus
1595 3195 1654 3248 in
1685 3193 1876 3250 ofﬁcio
1899 3195 2007 3250 mi-

363 3283 705 3341 nistrorum.
739 3283 846 3349 Qui
884 3283 1136 3349 plurima
1183 3300 1284 3355 pro
1328 3283 1693 3339 confessione
1723 3282 2009 3339 catholica

363 3373 622 3446 perpessi
653 3372 964 3444 supplicia,
995 3377 1052 3429 et
1081 3374 1251 3429 tertio
1274 3373 1636 3428 confessores
1658 3373 1864 3440 effecti,
1888 3372 2009 3446 glo-

360 3463 526 3518 riosas
574 3463 635 3517 in
683 3462 915 3519 Christo
969 3461 1410 3534 perseverantius
1465 3461 1636 3517 titulo
1687 3461 2012 3518 collustrati

361 3555 521 3607 sunt.

435 3641 498 3696 In
527 3639 836 3696 Antiochia
867 3640 1062 3713 passio
1094 3639 1477 3712 Margaretha:
1515 3639 1776 3710 virginis,
1830 3656 2008 3712 quam

357 3728 616 3787 Olibrius
665 3730 868 3787 consul
901 3747 935 3785 a
963 3729 1176 3786 Christi
1223 3729 1336 3786 ﬁde
1382 3729 1657 3785 seducere
1687 3733 1744 3784 et
1771 3735 2007 3785 constu-

359 3837 529 3892 prare
549 3819 812 3891 cupiens,
838 3835 952 3874 non
978 3819 1440 3875 consentientem
1462 3817 1574 3872 sibi
1597 3817 1868 3888 plurimis
1888 3822 2005 3873 tor-

359 3909 576 3965 mentis
623 3909 808 3965 afﬁxit
841 3926 853 3964 :
907 3909 1016 3964 hoc
1055 3912 1163 3975 est,
1197 3908 1258 3963 in
1289 3905 1491 3977 equleo
1523 3923 1873 3978 suspensam
1904 3924 2009 3962 un-

357 3997 513 4068 gulis
544 3997 940 4054 acerbissimis
972 3997 1246 4063 lacerari,
1293 4013 1361 4052 ac
1392 4000 1593 4068 postea
1625 3996 1684 4051 in
1716 4012 2006 4052 carcerem

361 4085 737 4140 tenebrosum
753 4086 959 4156 conjici
979 4087 1270 4158 praecepit,
1285 4085 1384 4141 ubi
1404 4085 1782 4140 multimodas
1795 4085 2007 4142 diaboli

361 4172 757 4241 seductiones,
783 4189 930 4243 quas
956 4173 1008 4228 ei
1040 4175 1098 4229 in
1122 4174 1315 4246 specie
1355 4174 1626 4230 draconis
1651 4177 1707 4229 et
1726 4174 2009 4245 [Ethiopis

356 4261 622 4336 ingerere
652 4262 819 4318 nisus
849 4265 956 4331 est,
992 4262 1052 4316 in
1086 4261 1321 4318 nomine
1341 4262 1586 4318 Domine
1605 4263 1743 4318 Jesu
1766 4279 2007 4335 exsupe-

362 4369 521 4423 rans,
577 4351 895 4408 novissime
937 4351 1251 4419 deoollata,
1305 4352 1376 4406 ad
1425 4351 1686 4424 requiem
1737 4352 2011 4424 migravit

359 4446 659 4498 sternam.

427 4549 478 4605 Il
509 4549 591 4604 In.
625 4550 752 4604 JUL.
785 4579 855 4590 ——
886 4549 950 4603 In
981 4547 1330 4604 Alexandria
1360 4547 1634 4603 nativitas
1663 4548 1763 4604 SS.
1789 4551 2006 4620 marty-

357 4654 492 4693 rum
523 4637 878 4703 Mammarii,
909 4636 1062 4692 Petri
1093 4641 1151 4692 et
1181 4636 1452 4692 aliorum.

429 4731 492 4780 In
527 4725 720 4780 Africa
752 4726 1010 4781 Donatus.

431 4815 496 4871 In
531 4815 710 4870 Ponto
740 4815 799 4870 S.
834 4813 1038 4870 Phocea
1069 4815 1190 4871 sive
1220 4814 1488 4870 Phocatis
1527 4813 1782 4886 episcopi
1812 4813 2009 4870 civita-

358 4904 439 4961 tis
471 4903 729 4977 Sinopis.
762 4903 870 4966 Qui
903 4905 1013 4960 sub
1043 4905 1296 4976 Trajano
1339 4904 1710 4975 imperatore,
1742 4904 2011 4975 praefecto

360 4993 655 5059 Africano,
689 5009 1002 5062 carcerem,
1032 4993 1287 5064 vincula,
1321 4993 1559 5058 ferrum,
1592 4993 1788 5064 ignem
1837 4993 2010 5049 etiam

361 5098 465 5154 pro
497 5081 730 5138 Christo
783 5085 1116 5152 superavit;
1170 5083 1340 5151 cujus
1391 5081 1648 5153 reliquias
1679 5082 1738 5136 in
1772 5082 2013 5138 basilica

362 5170 792 5243 Apostolorum,
826 5171 884 5226 in
918 5170 1123 5237 Gallia,
1158 5170 1386 5226 civitate
1416 5171 1660 5235 Vienna,
1701 5171 2010 5228 habentur.

435 5260 717 5332 Lugdune
748 5258 946 5315 Galliis
976 5260 1165 5316 sancti
1188 5259 1340 5314 Justi
1361 5259 1616 5332 episcopi
1639 5264 1697 5315 et
1718 5262 2012 5316 confesso-

362 5349 464 5416 ris,
489 5348 588 5420 qui
610 5349 832 5404 fervore
858 5349 1065 5404 divinae
1087 5348 1596 5421 contemplationis
1618 5349 1677 5404 in
1701 5350 2011 5405 anachore-

361 5440 478 5494 tica
508 5438 948 5495 conversatione
979 5439 1317 5508 defunctus,
1349 5443 1406 5496 et
1433 5438 1505 5494 ad
1528 5439 1818 5495 civitatem
1843 5455 2012 5494 suam

364 5526 616 5600 gloriose
645 5527 989 5596 translatus,
1022 5529 1240 5601 ingenii
1264 5529 1354 5584 sui
1378 5531 1761 5584 monumenta
1785 5527 1845 5583 in
1865 5529 2012 5584 Can-

366 5616 478 5671 tico
510 5615 871 5671 canticorum
907 5616 1142 5691 reliquit
1168 5617 1443 5692 insignia.

439 5704 582 5761 Item
614 5707 801 5762 sancti
829 5707 1020 5764 Amici
1053 5707 1336 5780 episcopi.

2040 4615 2087 4680 D

2126 1957 2416 1997 ΒΟΓΟῙῚΠΠ.

2194 2031 2361 2102 Apud
2392 2028 2798 2085 Alexandriam
2833 2033 3172 2084 sanctorum
3200 2028 3460 2101 Philippi,
3485 2030 3768 2099 Zenonis,

2125 2119 2326 2175 Narsei
2359 2124 2416 2174 et
2444 2119 2645 2174 decem
2679 2118 2994 2173 infantum.

2193 2208 2542 2282 Carthagine
2573 2211 2908 2264 sanctorum
2933 2206 3186 2263 Catulini
3211 2207 3463 2273 diaconi,
3482 2207 3770 2275 Januarii,

2122 2297 2417 2366 Florentii,
2450 2296 2617 2376 Jul-ias
2647 2301 2704 2352 et
2731 2300 2928 2362 lustre,
2962 2295 3063 2368 qui
3093 2299 3234 2351 sunt
3256 2295 3433 2368 positi
3454 2294 3515 2350 in
3539 2296 3775 2352 basilica

2121 2387 2338 2443 Fausti.

2194 2476 2257 2531 In
2305 2474 2519 2532 Sirmio
2563 2474 2896 2547 Agrippini,
2946 2474 3222 2544 Secundi,
3267 2473 3536 2542 Maximi,
3569 2474 3767 2530 Fortu-

2121 2565 2268 2632 nati,
2300 2565 2604 2621 Martialis.

2191 2672 2340 2728 XVII
2372 2673 2507 2728 KAL.
2539 2677 2687 2726 Auo.
2719 2700 2788 2711 -ο
2819 2658 2881 2725 In
2915 2669 3075 2726 Ostia
3106 2667 3319 2726 natalis
3370 2670 3568 2726 sancti
3618 2669 3763 2725 Hila-

2120 2761 2361 2833 rini,qui
2380 2765 2717 2816 sanctorum
2735 2759 3130 2815 hilarissimus
3148 2764 3466 2832 susceptor
3479 2764 3540 2814 et
3557 2767 3769 2814 susten-

2119 2855 2290 2918 tator,
2315 2852 2457 2905 dum
2480 2850 2589 2905 sub
2614 2851 3017 2921 persecutione
3036 2849 3253 2904 Juliani
3276 2849 3409 2921 cogi
3433 2865 3554 2904 non
3589 2854 3770 2921 posset

2121 2940 2449 2995 sacrificare
2478 2938 2681 3004 idolis,
2713 2937 2968 2993 fustibus
3000 2954 3215 3007 cassus,
3249 2939 3612 3011 martyrium
3643 2955 3770 2993 con-

2119 3028 2456 3084 summavit.

2189 3118 2354 3188 Apud
2387 3116 2758 3171 Antiochiam
2789 3115 2964 3188 Syriae
2997 3114 3185 3171 sancti
3216 3115 3526 3170 Eustachii
3561 3117 3772 3184 [Eusta-

2116 3205 2257 3279 thii]
2304 3205 2559 3278 episcopi
2590 3209 2646 3259 et
2677 3204 3030 3260 confessoris
3065 3222 3077 3259 :
3131 3202 3233 3276 qui
3279 3204 3396 3258 sub
3437 3204 3771 3260 Constantio

2120 3295 2383 3369 principe
2407 3295 2482 3351 ob
2503 3293 2845 3350 catholicam
2874 3293 3048 3348 ﬁdem
3071 3291 3225 3348 intra
3243 3291 3587 3364 Janopolim
3617 3295 3771 3363 [Tra-

2112 3384 2464 3456 janopolim]
2509 3384 2715 3438 urbem
2756 3382 3017 3438 Thracias
3048 3381 3255 3455 pulsus
3287 3382 3524 3448 exsilio,
3558 3383 3770 3438 ibidem

2120 3473 2310 3545 primo
2342 3472 2644 3545 requievit.

2191 3563 2335 3618 Item
2367 3561 2702 3629 Theodosii,
2736 3560 3016 3633 Dionysii,
3050 3559 3352 3616 Theodoti.

2192 3654 2253 3706 In
2283 3653 2561 3708 Caesareae
2588 3650 2966 3723 Cappadociae
2989 3649 3177 3706 sancti
3199 3649 3383 3721 Pauli,
3414 3651 3587 3719 cujus
3602 3655 3775 3722 gesta

2117 3743 2317 3796 sancto
2339 3739 2709 3811 Hieronymo,
2729 3742 2794 3793 ut
2814 3738 2938 3811 ipse
2959 3737 3294 3806 confitetur,
3311 3737 3518 3809 agnita,
3542 3743 3772 3792 nostra:

2117 3827 2378 3884 tarditati
2408 3831 2548 3882 sunt
2579 3827 2797 3899 ignota.

2190 3926 2356 3998 Apud
2376 3925 2642 3981 eamdem
2661 3925 2866 3980 urbem
2885 3923 3078 3996 passio
3096 3925 3286 3980 sancti
3299 3925 3652 3990 Mammetis,
3668 3923 3779 3997 qui

2117 4015 2177 4070 in
2200 4019 2459 4070 montem
2483 4013 2624 4068 Sina
2643 4013 2842 4068 divina
2861 4015 3162 4070 vocatione
3186 4015 3554 4087 perveniens,
3581 4021 3641 4070 et
3663 4031 3781 4070 non

2117 4103 2435 4177 propriam,
2471 4103 2572 4158 sed
2605 4102 2746 4157 coelo
2775 4099 3075 4173 delapsam
3101 4103 3173 4158 ad
3197 4103 3458 4175 paranda
3487 4103 3786 4159 miracula

2115 4194 2339 4264 virgam
2371 4192 2685 4264 accipiens,
2731 4208 2800 4246 ea
2835 4195 3052 4246 terram
3085 4191 3299 4265 attigit,
3331 4197 3390 4247 et
3419 4207 3560 4248 mox
3589 4193 3788 4249 Evan-

2117 4282 2333 4354 gelium
2369 4279 2675 4354 prosilivit.
2705 4279 2867 4343 Quod
2897 4295 3032 4336 cum
3063 4279 3253 4353 legere
3283 4280 3582 4352 coepisset,
3609 4297 3794 4338 omne

2117 4386 2304 4443 genus
2353 4369 2606 4425 ferarum
2658 4367 2984 4423 mansuetis
3016 4369 3373 4425 animalibus
3404 4373 3795 4427 mansuetius

2119 4463 2209 4515 est
2228 4459 2520 4528 affectum,
2546 4458 2688 4514 adeo
2713 4461 2777 4512 ut
2806 4457 3085 4513 lactantes
3107 4457 3337 4514 femina:
3359 4456 3518 4513 ultro
3543 4473 3616 4514 se
3643 4459 3798 4515 mul-

2117 4550 2338 4621 gendas
2386 4546 2770 4619 applicarent.
2822 4547 3085 4618 Cumque
3130 4546 3302 4603 lactis
3332 4549 3590 4619 coagula
3627 4565 3800 4621 pres-

2121 4638 2297 4694 sisset
2327 4638 2384 4691 in
2417 4652 2676 4703 caseum,
2711 4635 2963 4707 perrexit
2991 4637 3062 4692 ad
3094 4639 3415 4693 Casaream
3444 4635 3799 4708 Palestina,

2118 4733 2176 4784 et
2203 4725 2394 4781 viduis
2428 4742 2494 4781 ac
2524 4723 2821 4780 debilibus
2849 4731 2906 4780 et
2934 4726 3158 4782 caeteris
3201 4725 3575 4799 pauperibus
3612 4728 3804 4784 mini-

2116 4815 2309 4872 travit.
2361 4815 2523 4880 Quod
2573 4813 2836 4868 videntes
2890 4812 3346 4887 Hierosolymitss
3391 4815 3617 4885 Judaei,
3673 4835 3802 4874 om-

2120 4905 2286 4961 nium
2326 4904 2613 4959 bonorum
2665 4901 2867 4969 invidi,
2915 4902 3252 4959 detulerunt
3292 4921 3426 4961 eum
3458 4907 3658 4977 quasi
3682 4911 3804 4963 arte

2120 4993 2348 5066 magica
2378 4992 2673 5048 imbutum
2705 4991 2862 5063 apud
2910 4994 3218 5063 praesidem
3250 4995 3678 5067 Cappadociae,
3733 4996 3802 5052 ab

2119 5081 2448 5138 Alexandro
2477 5084 2720 5152 tyranno
2750 5079 2823 5134 ad
2856 5081 3329 5151 procurationem
3372 5084 3660 5154 partium
3707 5101 3803 5141 ea-

2121 5172 2392 5229 rumdem
2413 5170 2703 5224 directum
2726 5186 2739 5224 :
2774 5184 2888 5236 quo
2911 5169 3084 5225 modo
3105 5170 3177 5226 ad
3199 5171 3652 5230 exhibitionem
3675 5176 3805 5246 ejus

2122 5276 2365 5317 manum
2399 5257 2619 5313 militias
2649 5257 3002 5324 destinante,
3034 5263 3091 5313 st
3119 5264 3326 5316 sancto
3356 5261 3639 5320 Mamma
3671 5280 3805 5319 coeo

2121 5351 2255 5406 dem
2285 5352 2651 5404 exsecutores
2673 5363 2811 5402 suos
2833 5345 3136 5404 charitatis
3158 5349 3374 5406 intuitu
3397 5357 3730 5421 pascente,
3749 5357 3802 5407 at

2122 5443 2254 5512 post
2282 5437 2598 5510 prandium
2627 5434 2999 5507 Evangelium
3028 5436 3347 5507 lectitants,
3393 5443 3617 5497 tantus
3653 5443 3799 5499 fara-

2124 5545 2255 5584 rum
2279 5544 2344 5582 ac
2366 5525 2690 5582 bestiarum
2718 5540 3041 5582 concursus
3069 5530 3162 5584 est
3191 5527 3454 5597 effectus,
3487 5534 3561 5585 ut
3595 5545 3674 5586 so
3704 5530 3801 5587 mi-

2125 5617 2259 5674 lites
2302 5616 2586 5688 stl‘ugium
2632 5631 2749 5672 non
2800 5614 3106 5674 habituros
3135 5618 3479 5686 crederent;
3515 5636 3691 5692 quos
3722 5621 3801 5674 vir

2125 5705 2587 5779 benignissimus
2618 5703 2834 5764 blande
2850 5705 3192 5767 consolatus
3212 5711 3352 5768 ante
3372 5723 3440 5766 se
3465 5709 3800 5782 promisit,
