4012 6198
248 340 400 407 1121

1303 337 2014 404 MARTYROLOGIUM.
2048 370 2127 386 —-
2157 339 2391 404 MENS.
2438 340 2600 404 JUL.

3502 340 3657 405 “33

248 481 305 532 et
334 476 484 533 leoni
516 477 948 534 immanissima
968 476 1311 549 praecipiens
1340 480 1403 531 ut
1425 480 1555 547 post
1585 491 1645 530 se
1676 473 1895 529 veniret
1923 474 1975 540 Α
2006 475 2271 544 Cypriani
2302 479 2359 530 et
2412 473 2599 546 capite
2650 473 2837 530 sancti
2869 468 3238 528 Pantaleonis
3266 489 3335 529 ex
3375 475 3568 531 Africa
3593 478 3652 532 in

248 568 319 621 ad
382 567 700 634 theatrum,
736 567 950 622 milites
980 583 1011 621 θ
1034 565 1275 637 vestigio
1333 565 1686 620 subsecutus
1717 567 1822 619 est.
1852 564 1898 617 A

249 654 465 726 quibus
494 657 723 727 praesidi
756 658 1108 727 assignatus,
1144 660 1199 710 et
1229 655 1299 711 ab
1332 672 1398 710 eo
1430 652 1741 709 crudeliter
1772 669 1898 708 exa-

249 744 603 812 minatus,et
625 745 918 800 crudelius
950 744 1189 816 ungulis
1219 743 1278 799 in
1311 743 1556 816 equuleo
1587 742 1896 808 laceratus,

248 849 315 887 ac
345 833 556 889 deinde
581 834 637 887 in
669 849 958 889 carcerem
1020 832 1257 899 missus,
1293 832 1681 904 quadraginta
1732 830 1897 898 alios,

250 938 398 993 quos
431 922 508 975 ibi
543 922 694 977 fame
725 939 790 977 ac
840 922 938 978 siti
994 922 1343 993 periclitatus
1374 922 1614 985 invenit,
1648 918 1816 974 melle
1846 924 1903 973 et

247 1011 394 1066 lacte
424 1027 523 1081 per
553 1010 886 1066 columbam
921 1011 1031 1066 sibi
1064 1011 1294 1067 cmlitus
1315 1010 1505 1066 delato
1537 1010 1822 1075 reficiens,
1847 1014 1903 1062 et

249 1100 593 1157 meritorum
626 1117 869 1155 suorum
900 1099 1160 1156 clavibus
1181 1100 1551 1155 invisibiliter
1571 1098 1899 1163 absolvens,

249 1193 306 1244 et
336 1188 462 1261 ipse
494 1188 653 1245 solus
683 1188 741 1244 in
771 1206 998 1245 carcere
1047 1191 1392 1262 persistens,
1425 1189 1637 1245 iterum
1670 1185 1901 1259 praesidi

248 1283 655 1350 praesentatur.
691 1284 735 1332 A
768 1296 883 1350 quo
916 1280 973 1331 in
1007 1278 1303 1333 caminum
1362 1278 1516 1350 ignis
1575 1276 1815 1345 missus,
1847 1280 1905 1330 et

250 1370 384 1437 post
418 1365 677 1438 quinque
708 1368 830 1422 dies
860 1366 1078 1422 illaesus
1108 1368 1257 1421 inter
1297 1367 1639 1439 angelorum
1696 1365 1904 1421 choros

250 1461 536 1527 repertus,
570 1474 716 1511 ursae
774 1456 1135 1511 crudelitatis
1181 1456 1375 1510 nimiae
1423 1456 1744 1526 objicitur;
1779 1472 1903 1524 quae

250 1560 462 1616 magno
496 1546 717 1617 impetu
750 1546 820 1600 ad
852 1545 1300 1616 discerpendum
1326 1561 1460 1599 eum
1482 1544 1788 1611 festinans,
1815 1544 1901 1597 di-

244 1634 375 1687 vino
409 1637 552 1688 nutu
583 1634 776 1689 subito
811 1637 1093 1689 retroacta
1124 1634 1409 1703 subsedit,
1445 1634 1611 1705 quasi
1649 1633 1904 1688 audacia:

247 1738 364 1777 suae
397 1723 777 1795 semetipsam
841 1740 1144 1779 accusans.
1170 1724 1480 1778 Admissus
1512 1728 1601 1778 est
1630 1722 1677 1777 ei
1727 1722 1901 1777 etiam

247 1811 489 1884 pardus,
523 1812 836 1867 obsecutus
877 1818 965 1867 est
1020 1812 1235 1885 potius,
1272 1829 1447 1884 quam
1500 1812 1549 1866 ei
1581 1811 1904 1883 injuriosus

248 1900 506 1956 effectus.
541 1901 704 1955 Tunc
761 1917 996 1973 praeses,
1028 1901 1331 1955 iracundia
1389 1899 1614 1972 plenus,
1679 1899 1903 1955 leonem
1937 1872 1984 1936 B

250 1988 719 2045 crudelissimum
753 1993 824 2045 ad
856 1990 1288 2046 devorationem
1315 1991 1439 2060 ejus
1462 1989 1678 2061 inquiri
1702 2007 1906 2061 praece-

250 2079 354 2150 pit.
391 2080 458 2133 Et
489 2095 619 2134 ecce
649 2079 931 2134 Arabicus
964 2078 1081 2149 ille,
1113 2084 1169 2134 et
1198 2083 1358 2133 tanto
1404 2095 1578 2135 cursu
1633 2080 1906 2133 efferatus

249 2167 337 2222 leo
361 2168 655 2223 theatrum
689 2168 1045 2240 irrumpens,
1078 2168 1419 2240 evangelicae
1461 2167 1727 2224 lectionis
1760 2169 1903 2223 assi-

251 2256 471 2312 duitate
495 2257 937 2312 mansuefactus
967 2259 1134 2313 beato
1158 2257 1424 2312 Mamilia:
1444 2257 1536 2313 his
1559 2274 1691 2313 eum
1715 2258 1907 2313 verbis

249 2343 571 2416 alloquitur
602 2364 614 2401 :
646 2368 674 2394 «
708 2345 892 2410 Salve,
928 2363 959 2401 ο
1009 2346 1249 2417 probate
1279 2345 1377 2399 Dei
1436 2344 1641 2414 cultor,
1674 2346 1730 2398 in
1794 2363 1906 2417 quo

251 2433 506 2507 Spiritus
532 2438 773 2490 sanctus
807 2434 1209 2490 habitaculum
1242 2434 1541 2489 sibidulce
1563 2435 1903 2489 construxit.

251 2522 394 2578 Ecce
426 2523 687 2596 angelica
710 2523 975 2594 jussione
1030 2539 1231 2579 vocem
1264 2524 1334 2577 ad
1376 2528 1611 2595 tempus
1670 2524 1903 2595 accepi;

252 2612 397 2668 fides
431 2618 535 2668 tua
564 2617 783 2668 naturae
807 2614 945 2683 jura
974 2613 1289 2685 superavit,
1324 2629 1426 2684 pro
1456 2618 1512 2668 te
1544 2614 1724 2668 mutis
1782 2613 1907 2668 ani-

255 2702 508 2757 malibus
540 2702 802 2758 humana
822 2720 929 2758 vox
952 2703 1237 2768 creditur;
1254 2703 1445 2757 officia
1466 2704 1642 2758 reddo
1667 2702 1907 2774 pastori,

252 2790 491 2845 memini
517 2790 611 2845 cui
634 2791 1004 2862 paruerimus
1022 2792 1079 2846 in
1101 2796 1316 2846 monte.
1335 2816 1356 2842 ι
1377 2795 1506 2845 Hac
1526 2808 1590 2845 eo
1613 2791 1908 2864 loquente,

255 2880 326 2934 ab
358 2879 582 2952 angelis
614 2880 822 2935 theatri
855 2879 1064 2935 clausae
1098 2885 1237 2936 sunt
1257 2881 1474 2950 januae,
1506 2886 1562 2936 et
1592 2882 1789 2936 statim
1814 2881 1908 2937 ille

252 2968 507 3023 horridis
541 2968 785 3024 rictibus
809 2971 1081 3038 fremens,
1107 2986 1209 3042 per
1230 2985 1433 3025 omnes
1464 2970 1662 3042 populi
1694 2987 1910 3027 cuneos

256 3057 649 3111 communiter
678 3058 860 3111 smvit.
894 3057 1010 3112 Hos
1040 3075 1107 3112 ex
1138 3059 1428 3113 industria
1456 3057 1585 3113 lene
1609 3060 1672 3129 [f.
1694 3059 1804 3132 leo]
1834 3059 1909 3114 la-

257 3149 433 3213 cerat,
468 3144 599 3199 illos
636 3161 732 3199 ore
784 3145 1022 3215 excipit,
1054 3146 1161 3200 hos
1194 3146 1411 3215 frangit
1450 3146 1740 3217 amplexu,
1775 3164 1908 3201 cou-

254 3233 454 3305 fringit
487 3232 631 3288 alios
664 3233 983 3305 unguibus,
1017 3233 1330 3288 nonnullos
1362 3234 1656 3288 consumit
1685 3234 1807 3290 solo
1839 3235 1909 3288 ti-
1943 3240 1985 3306 α

255 3339 435 3380 more.
470 3321 784 3377 Exstinctis
818 3322 1011 3391 itaque
1042 3322 1320 3377 omnibus
1349 3322 1666 3394 gentilibus
1696 3322 1784 3378 vel
1815 3323 1915 3379 Ju-

256 3410 417 3479 daeis,
452 3411 683 3482 praesidi
715 3416 771 3466 et
801 3410 991 3467 ofﬁcio
1028 3413 1178 3482 ejus,
1211 3429 1279 3467 ex
1310 3416 1594 3484 praecepto
1624 3416 1910 3481 Mammas,

257 3500 377 3555 vita
397 3500 751 3556 conceditur.
768 3500 873 3567 Qui
898 3518 1000 3572 pro
1024 3501 1320 3557 beneficiis
1340 3502 1590 3557 reddens
1612 3501 1912 3572 injuriam,

258 3588 485 3645 leonem
512 3589 682 3660 jubet
710 3589 951 3656 dimitti,
975 3590 1031 3645 in
1066 3607 1180 3662 quo
1213 3607 1446 3646 omnem
1478 3607 1638 3663 spem
1674 3592 1916 3663 putabat

259 3695 386 3734 esse
443 3696 562 3734 suae
616 3679 885 3733 victoriae.
921 3680 1027 3734 Sed
1078 3681 1217 3745 fera,
1252 3685 1315 3735 ut
1346 3681 1585 3752 propius
1646 3681 1911 3748 accessit,

258 3765 488 3839 lingens
520 3768 706 3823 sancti
737 3768 1263 3839 vestigia,poscens
1293 3770 1545 3835 veniam,
1579 3770 1917 3826 volvebatur

257 3855 328 3912 ad
361 3873 572 3927 genua.
613 3857 776 3912 Tunc
808 3856 1001 3912 omnis
1035 3858 1287 3928 populus
1317 3858 1612 3930 lapidibus
1643 3877 1777 3915 eum
1814 3861 1913 3915 ob-

257 3940 428 3999 ruere
460 3945 569 4000 nisi
604 3945 881 4011 sunt,sed
915 3944 1237 4009 incassum,
1263 3963 1396 4000 nam
1431 3948 1583 4002 ictus
1616 3949 1749 4002 hinc
1780 3948 1914 4004 inde

256 4033 549 4089 volitando
582 4039 897 4106 martyrem
932 4051 1044 4089 non
1078 4032 1369 4089 laeserunt.
1403 4039 1495 4091 Sic
1525 4037 1751 4109 integer
1780 4038 1915 4093 inde

258 4123 549 4193 discessit,
588 4125 697 4179 Deo
727 4127 861 4178 vota
897 4122 1250 4195 persolvens.
1282 4128 1350 4177 Et
1389 4141 1521 4179 ecce
1575 4143 1680 4180 vox
1711 4143 1740 4181 e
1772 4128 1914 4182 caelo

257 4211 423 4283 lapsa
478 4219 584 4278 est,
621 4229 749 4283 qua:
800 4213 919 4268 ait:
958 4236 984 4261 ‹‹
1018 4212 1299 4283 Ascende,
1333 4213 1609 4277 Mamma,
1644 4221 1913 4286 apertum

254 4300 359 4356 tibi
392 4306 482 4357 est
511 4301 816 4369 cmlum,et
846 4302 1044 4356 omnia
1076 4302 1331 4373 paradisi
1355 4302 1607 4359 claustra
1638 4310 1911 4361 reserata.

253 4389 385 4445 Jam
416 4407 519 4462 pro
552 4396 606 4445 te
640 4390 921 4445 Dominus
953 4389 1226 4456 exsultat,
1263 4408 1643 4447 remunerans
1677 4394 1914 4464 przemia

255 4495 361 4551 pro
391 4478 713 4551 triumphis
746 4496 759 4533 :
792 4479 923 4535 Jam
974 4484 1029 4534 te
1090 4496 1222 4533 cum
1278 4497 1492 4535 corona
1522 4480 1788 4536 Christus
1818 4498 1911 4536 ex—

257 4573 500 4640 spectat,
535 4585 780 4641 propera
810 4586 944 4623 cum
977 4573 1177 4624 sancto
1218 4569 1456 4641 Spiritu,
1490 4570 1589 4641 qui
1621 4575 1675 4625 te
1706 4572 1912 4642 guber-

258 4662 378 4713 nat.
398 4680 425 4705 κ)
441 4656 543 4713 His
562 4658 1081 4714 victoriosissimus
1098 4663 1315 4730 martyr
1335 4659 1658 4730 gaudenter
1670 4660 1907 4729 auditis,

258 4746 408 4801 facta
438 4747 719 4811 oratione,
753 4745 973 4818 quievit
1002 4746 1059 4800 in
1091 4763 1248 4818 pace.

328 4833 449 4890 XVI
480 4835 614 4890 KAL.
648 4837 793 4891 Avo.
826 4866 894 4875 ——
926 4836 989 4889 In
1020 4834 1365 4907 Carthagine
1422 4836 1633 4893 natalis
1677 4842 1904 4893 sancto—

255 4941 387 4980 rum
429 4929 752 4997 martyrum
783 4924 1241 4993 Scillitanorum,
1276 4926 1333 4979 id
1366 4930 1454 4980 est
1482 4926 1729 4997 Sperati,
1758 4928 1905 4983 Mar-

254 5012 434 5083 tialis,
465 5014 552 5069 vel
601 5014 883 5081 Narthali,
918 5013 1196 5085 Aquilini,
1230 5014 1481 5086 Cythini,
1542 5016 1779 5085 Beturii,
1814 5020 1909 5071 Fe-

254 5100 405 5173 licis,
442 5102 722 5159 Lactantii
765 5102 1015 5173 [Letarii]
1044 5102 1127 5158 vel
1164 5104 1417 5171 [.actatii,
1453 5104 1765 5170 Januarire,
1798 5104 1905 5160 Ge-

255 5209 497 5262 neroszn,
536 5191 767 5257 Bessizn,
801 5192 1033 5246 Donata:
1065 5197 1122 5247 et
1153 5193 1454 5248 Secundae.
1488 5195 1594 5259 Qui
1644 5194 1752 5249 sub
1806 5195 1909 5249 Sa-

256 5281 492 5336 turnino
524 5281 789 5352 prazfecto
813 5279 881 5334 de
904 5280 1133 5334 civitate
1160 5297 1266 5335 sua
1288 5281 1477 5353 Scylla
1497 5282 1908 5353 Carthaginem

258 5370 546 5442 perducti,
580 5374 634 5424 et
665 5373 798 5439 post
828 5367 1075 5438 primam
1128 5369 1550 5425 confessionem
1602 5370 1813 5425 Christi
1850 5372 1909 5425 in

260 5474 551 5513 carcerem
584 5456 841 5521 missi,et
870 5456 927 5510 in
960 5456 1116 5527 ligno
1147 5456 1378 5523 confixi,
1403 5475 1573 5513 mane
1604 5459 1797 5531 gladio
1819 5459 1912 5515 de-

262 5545 458 5600 collati
490 5550 629 5600 sunt
662 5562 673 5598 :
710 5561 959 5615 quorum
992 5544 1249 5616 reliquizc
1299 5562 1431 5601 cum
1464 5548 1699 5602 ossibus
1760 5548 1910 5602 beati

2006 562 2221 617 Gallias
2252 564 2566 629 translatae,
2595 563 2951 618 venerationi
2980 562 3273 617 habentur
3294 564 3565 635 Lugduni
3596 567 3656 621 in

2011 651 2249 707 basilica
2276 654 2426 707 beati
2458 653 2702 708 Joannis
2734 653 3031 724 Baptistae.

2078 741 2386 796 Mediolani
2418 743 2602 797 sancti
2636 741 2911 797 Marcelli.

2080 829 2484 885 Antissiodoro
2514 831 2799 902 depositio
2832 831 2982 885 beati
3016 831 3326 886 Theodosii
3381 833 3655 905 episcopi.

2080 938 2173 993 XV
2203 938 2337 993 ΚΑΙ..
2368 944 2513 992 Ave.
2552 971 2615 976 —
2652 940 2844 993 Romae
2875 940 2967 993 via
3022 939 3351 1007 Tiburtina,
3384 941 3659 998 milliario

2012 1033 2231 1098 octavo,
2264 1027 2536 1081 nativitas
2558 1032 2893 1083 sanctorum
2926 1028 3331 1101 Symphorosze
3364 1032 3658 1102 martyris,

2012 1116 2335 1187 matrisque
2364 1120 2584 1187 septem
2616 1133 3052 1187 germanorum,
3079 1136 3208 1190 quae
3240 1136 3373 1174 cum
3409 1120 3552 1191 ipsis
3574 1125 3663 1176 est

2012 1206 2241 1275 posita;
2276 1206 2512 1260 nomina
2539 1222 2671 1259 vero
2703 1223 3117 1288 germanorum
3151 1208 3271 1263 haec
3303 1209 3662 1276 sunt:Petri,

2010 1294 2387 1362 Marcelliani,
2417 1294 2697 1361 Januarii,
2738 1296 3012 1367 Dionysii,
3030 1296 3383 1369 Sympronii,
3406 1297 3665 1354 Clemen-

2013 1384 2108 1453 tis,
2143 1383 2370 1438 Hirenei
2402 1384 2497 1454 (a).

2083 1481 2253 1552 Apud
2284 1481 2694 1553 Carthaginem
2722 1482 2933 1537 natalis
2963 1488 3173 1538 sanctis
3196 1485 3467 1541 Gudenes
3488 1489 3664 1555 [Gun-

2014 1571 2199 1638 denis]
2232 1587 2356 1641 qua:
2390 1570 2577 1625 Plutio
2620 1570 2978 1643 [Planciano]
3011 1575 3066 1626 et
3113 1572 3252 1627 Reto
3308 1574 3494 1645 [Geta]
3525 1592 3663 1630 con-

2013 1659 2459 1729 sulibus,jussu
2494 1659 2683 1713 Ruﬁni
2719 1659 3105 1731 proconsulis,
3142 1666 3394 1732 quatuor
3422 1663 3667 1720 diversis

2014 1748 2377 1820 temporibus
2409 1747 2642 1819 equulei
2690 1750 3024 1804 extensione
3063 1755 3286 1816 vexata,
3317 1758 3374 1805 et
3430 1752 3676 1824 ungulao

2016 1854 2142 1892 rum
2179 1837 2469 1892 horrenda
2499 1837 2848 1892 laceratione
2881 1840 3159 1905 cruciata,
3196 1841 3448 1896 carceris
3494 1842 3672 1898 etiam

2016 1926 2287 1997 squalore
2320 1927 2654 1981 diutissime
2686 1928 2921 1997 afﬂicta,
2955 1928 3270 1983 novissime
3300 1928 3495 2000 gladio
3526 1946 3675 1988 casa

2018 2020 2125 2071 est.

2089 2105 2254 2176 Apud
2287 2104 2576 2159 civitatem
2602 2106 2915 2161 Metensem
2942 2105 3228 2176 depositio
3247 2108 3429 2161 sancti
3453 2107 3673 2163 Arnolﬁ

2015 2194 2292 2265 episcopi,
2327 2194 2425 2266 qui
2455 2196 2761 2249 sanctitate
2790 2199 2847 2248 et
2878 2194 3293 2250 miraculorum
3324 2195 3511 2266 gratia
3535 2194 3674 2250 illu-

2018 2284 2177 2347 stris,
2215 2283 2575 2339 eremiticam
2628 2282 2805 2337 vitam
2865 2282 3038 2337 etiam
3071 2283 3129 2337 in
3169 2283 3506 2355 episcopatu
3541 2283 3673 2339 dili-

2018 2388 2182 2444 gens,
2214 2373 2379 2427 beato
2412 2374 2525 2427 line
2555 2371 2792 2443 quievit.

2089 2477 2591 2533 XIVKAL.Auo.—
2618 2480 2680 2532 ln
2714 2478 3014 2550 Hispaniis
3046 2477 3258 2533 natalis
3289 2478 3476 2534 sancti
3497 2479 3671 2534 Justi.

2019 2568 2091 2621 Et
2120 2568 2177 2621 in
2203 2567 2431 2622 civitate
2446 2566 2772 2639 Hispalensi
2796 2572 3135 2622 sanctarum
3148 2567 3331 2622 Justa:
3354 2573 3412 2623 et
3430 2569 3673 2636 Ruﬁnas,

2020 2674 2145 2726 qua:
2168 2673 2200 2710 a
2233 2657 2586 2728 Diogeniano
2648 2657 2894 2727 praeside
2952 2656 3406 2727 comprehensa),
3439 2657 3674 2729 equulei

2020 2746 2355 2801 extensione
2386 2752 2443 2800 et
2471 2746 2824 2817 ungularum
2883 2745 3202 2800 laniatione
3252 2751 3465 2801 vexatae
3514 2751 3676 2816 sunt,

2019 2834 2227 2889 deinde
2256 2840 2430 2889 trusas
2458 2836 2515 2889 in
2548 2851 2859 2900 carcerem,
2885 2834 3080 2889 inedia
3110 2839 3168 2889 et
3198 2833 3394 2889 dolore
3423 2835 3671 2889 afﬂictas.

2020 2924 2156 2978 Post
2175 2922 2491 2991 hazcjussit
2510 2939 2723 2994 przeses
2747 2928 2810 2977 ut
2826 2939 3177 2994 quocunque
3204 2923 3313 2978 iret
3340 2924 3483 2995 ipse,
3501 2923 3677 2978 nudis

2021 3013 2267 3083 pedibus
2298 3018 2699 3083 sequerentur.
2725 3012 2987 3066 Tandem
3013 3013 3180 3066 Justa
3210 3012 3269 3066 in
3301 3028 3528 3067 carcere
3559 3010 3675 3084 spi-

2021 3101 2198 3155 ritum
2229 3100 2780 3172 exhalavit.Corpus
2802 3101 2928 3170 ejus
2961 3101 3021 3154 in
3054 3105 3295 3172 puteum
3328 3101 3674 3172 projectum,

2022 3194 2080 3242 et
2110 3206 2143 3243 a
2179 3189 2391 3243 Sabino
2423 3190 2693 3259 episcopo
2725 3189 2998 3255 levatum,
3024 3190 3082 3243 in
3113 3189 3445 3259 Hispalensi
3477 3206 3679 3244 caeme-

2023 3278 2165 3332 terio
2196 3278 2489 3348 sepultum
2521 3279 2866 3332 est.Rufmas
2898 3277 3084 3333 cervix
3116 3278 3431 3345 confracta,
3471 3284 3527 3332 et
3556 3293 3681 3333 cor-

2024 3382 2135 3437 pus
2165 3366 2292 3435 ejus
2322 3366 2443 3437 igni
2474 3365 2753 3420 traditum
2786 3383 2798 3431 ;
2834 3367 3004 3436 cujus
3054 3364 3316 3436 reliquiae
3344 3381 3378 3419 a
3409 3365 3682 3421 fidelibus

2024 3459 2237 3511 curatae
2264 3459 2423 3509 sunt.

2094 3558 2159 3607 In
2181 3556 2424 3624 Egypto
2454 3552 2639 3607 Patris
2658 3552 2844 3607 nostri
2879 3550 3129 3606 Arsenii.
3160 3552 3233 3606 De
3254 3566 3369 3622 quo
3394 3550 3452 3605 in
3470 3550 3677 3607 Verbis

2025 3643 2332 3698 Seniorum
2352 3642 2598 3696 refertur
2619 3642 2758 3712 quia
2776 3646 3011 3712 propter
3029 3640 3480 3695 redundantiam
3499 3640 3682 3711 lacry-

2026 3749 2256 3787 marum
2278 3730 2963 3803 tergendam,sudarium
2994 3745 3224 3800 semper
3251 3728 3311 3783 in
3344 3728 3479 3783 sinu
3510 3728 3595 3784 vel
3621 3729 3680 3783 in

2026 3838 2203 3877 manu
2237 3839 2345 3876 sua
2373 3819 2663 3876 habuerit.

2098 3912 2159 3965 In
2193 3910 2540 3967 Alexandria
2570 3908 2755 3963 sancti
2787 3906 3055 3962 Sisinnii.

2098 4001 2158 4055 In
2190 4000 2493 4055 Antiochia
2528 3998 2763 4069 Luciani
2782 4002 2839 4052 et
2868 3997 3161 4051 sociorum
3192 3996 3341 4067 ejus.

2096 4087 2597 4159 Constantinopoli
2634 4086 2830 4141 Darizr.

2099 4182 2157 4233 In
2190 4177 2481 4249 llispaniis
2506 4177 2681 4232 Justi.

2092 4269 2258 4340 Apud
2294 4268 2638 4337 Lugdunum
2673 4265 2890 4333 Galliae,
2924 4264 3207 4337 depositio
3238 4262 3425 4318 sancti
3457 4262 3681 4318 Rustici

2024 4356 2344 4430 presbyteri
2377 4359 2435 4411 et
2464 4355 2839 4411 confessoris.

2096 4460 2159 4509 In
2206 4453 2389 4518 Italia,
2422 4453 2653 4508 civitate
2684 4452 2855 4523 Tyro,
2887 4449 3100 4505 natalis
3158 4453 3373 4505 sanctae
3400 4448 3676 4521 Crystinze

2023 4543 2269 4616 virginis
2289 4544 2457 4614 juxta
2484 4542 2793 4613 quosdam.

1944 4609 1988 4672 Ι)
2092 4609 2217 4705 ὶξῐη
2250 4609 2381 4704 ΚνΑι.
2414 4609 2563 4703 Anc.
2598 4679 2662 4688 ——
2692 4646 2975 4701 Nativitas
2998 4645 3149 4700 beati
3179 4643 3423 4716 Joseph,
3458 4643 3557 4715 qui
3590 4660 3680 4699 co-

2021 4741 2395 4814 gnominatus
2426 4743 2515 4793 est
2541 4738 2769 4801 Justus,
2802 4734 3020 4807 quique
3053 4750 3190 4789 cum
3238 4734 3404 4789 beato
3435 4731 3681 4788 Matthia

2018 4836 2083 4887 ut
2107 4845 2417 4885 numerum
2438 4826 2851 4881 duodecimum
2882 4823 3149 4895 impleret
3168 4822 3238 4877 ab
3264 4820 3545 4894 apostolis
3567 4823 3683 4875 sta-

2017 4920 2223 4974 tuitur.
2256 4918 2363 4972 Sed
2392 4913 2634 4971 Matthia
2664 4913 2856 4968 locum
2888 4913 3052 4967 Judze
3087 4910 3545 4983 praevaricatoris
3568 4909 3679 4963 im-

2019 5007 2230 5081 plente,
2252 5007 2456 5060 beatus
2487 5002 2701 5075 Joseph
2737 5000 3123 5057 nihilominus
3155 4999 3585 5071 prmdicationis
3619 5008 3681 5059 et

2019 5095 2344 5152 sanctitatis
2376 5093 2565 5147 officio
2597 5091 2939 5158 inserviens,
2966 5089 3300 5160 multasque
3322 5087 3434 5142 fide
3464 5082 3674 5140 Christi

2018 5182 2451 5257 persecutiones
2482 5198 2515 5233 a
2544 5179 2759 5235 Judmis
2819 5179 3140 5243 sustinens,
3191 5174 3675 5231 victoriosissimo

2020 5275 2133 5328 {ine
2166 5274 2220 5326 in
2252 5271 2454 5325 Judma
2485 5269 2723 5339 quievit.
2760 5268 2839 5323 De
2870 5284 2983 5338 quo
3019 5267 3263 5322 refertur
3308 5264 3459 5336 quod
3502 5277 3674 5317 vene-

2020 5379 2161 5417 num
2194 5360 2423 5425 biberit,
2455 5364 2511 5413 et
2543 5356 2688 5412 nihil
2739 5374 2805 5412 ex
2863 5373 2929 5410 eo
2985 5356 3151 5410 triste
3210 5358 3446 5426 propter
3498 5350 3675 5406 ﬁdem

2019 5451 2235 5508 Christi
2264 5447 2590 5521 pertulerit.

2092 5548 2256 5620 Apud
2278 5546 2631 5601 Damascum
2656 5543 2869 5599 natalis
2899 5547 3237 5600 sanctorum
3260 5538 3487 5611 Sabini,
3505 5536 3682 5649 Μαιὶ⁸1

333 5668 408 5747 (α)
439 5667 661 5729 Horum
711 5669 952 5729 nomina
994 5671 1053 5728 in
1124 5671 1536 5751 martyrologio
1585 5677 1752 5731 Rom.
1796 5672 1911 5733 alia
1947 5672 2268 5735 habentur.
