4012 6198
346 339 514 410 1123

1238 347 1311 408 Β.
1358 336 1704 410 NO'l‘KERl
1749 338 2087 408 BALBULI
2137 346 2200 406 S.
2250 342 2479 407 GALLI
2522 342 2873 408 MONACHI

3611 335 3772 402 1124

343 483 446 550 mi,
497 480 736 546 Juliani,
768 478 1062 547 Macrobii,
1096 481 1280 535 Cassii
1313 480 1588 551 [Cassire],
1623 479 1812 535 Paulae
1862 495 1994 534 cum
2025 485 2078 550 Α
2108 479 2304 549 etiam,
2325 478 2476 533 inter
2499 477 2613 534 alia
2643 479 2794 533 dona
2815 477 3091 550 insignia,
3124 473 3426 531 Christum
3449 491 3485 529 a
3518 475 3773 530 mortuis

337 570 472 624 aliis
504 570 724 624 decem.

414 661 474 713 In
505 658 777 713 Corintho
807 657 1025 729 Cyriaci
1058 675 1190 714 cum
1219 659 1350 713 aliis
1385 659 1606 713 multis.

409 752 604 802 Romae
684 750 895 802 sanctae
973 748 1270 817 Passeriae,
1338 747 1601 815 Macrini,
1675 747 1867 801 Saturi
1939 749 1995 800 et

332 835 567 890 /Emilii.

405 943 503 996 XII
536 942 670 996 KAL.
704 945 848 998 AUG.
884 974 951 983 —-
984 944 1278 1015 Depositio
1334 943 1519 999 sancti
1577 941 1825 998 Danielis
1859 959 1989 1013 pro-

334 1035 540 1103 pheta.

404 1121 600 1176 Romae
631 1125 844 1174 sanctae
887 1122 1162 1176 Praxedis
1217 1121 1479 1193 virginis.
1514 1122 1642 1175 Haec
1701 1138 1834 1175 cum
1884 1137 1991 1174 sua

331 1227 528 1266 sorore
557 1212 726 1266 beata
767 1211 1110 1266 Potentiana
1159 1210 1245 1266 vel
1281 1211 1644 1265 Pudentiana
1675 1228 1706 1264 a
1739 1209 1986 1265 sanctis-

330 1301 478 1354 simo
513 1304 676 1371 patre
699 1300 976 1366 Pudente,
1003 1301 1099 1371 qui
1130 1299 1239 1354 fuit
1267 1300 1508 1355 edoctus
1539 1299 1599 1352 in
1635 1299 1744 1353 ﬁde
1773 1299 1988 1352 abeato

333 1390 592 1460 apostolo
652 1387 851 1453 Paulo,
887 1388 943 1441 in
1000 1389 1159 1442 omni
1220 1389 1487 1442 castitate
1542 1392 1596 1442 et
1640 1388 1765 1460 lege
1795 1387 1991 1442 divina

333 1478 577 1533 erudita.
595 1479 729 1533 Post
758 1476 1076 1532 transitum
1099 1477 1283 1547 patris
1311 1477 1526 1547 vigiliis
1545 1483 1601 1532 et
1622 1477 1988 1532 orationibus

335 1573 509 1638 atque
533 1565 777 1636 jejuniis
826 1565 1061 1620 assidue
1087 1581 1317 1633 vacans,
1351 1583 1524 1621 omne
1570 1565 1986 1637 patrimonium

333 1673 510 1710 suum
557 1655 734 1709 simul
797 1671 930 1708 cum
980 1655 1148 1710 beata
1177 1672 1374 1710 sorore
1406 1655 1462 1709 in
1497 1656 1986 1711 sustentationem

333 1759 657 1814 pauperum
689 1747 744 1797 et
777 1742 986 1797 Christi
1039 1748 1373 1798 sanctorum
1406 1745 1681 1816 erogavit.
1721 1745 1782 1797 In
1816 1743 1986 1798 titulo

2107 573 2507 640 resurgentem
2568 567 2759 638 prima
2811 566 3007 622 videre
3045 569 3102 621 et
3134 563 3418 636 apostolis
3450 562 3773 637 praedicare

2106 658 2448 730 promeruit.

2180 746 2468 818 Depositio
2499 750 2711 801 sanctae
2759 744 3106 816 Syntyches,
3138 761 3267 816 quae
3330 743 3625 815 Philippis
3684 759 3770 797 se-

2105 834 2269 907 pulta
2300 835 2564 906 quiescit.
2594 840 2668 889 De
2698 851 2814 906 qua
2843 835 3048 890 beatus
3079 833 3394 906 Apostolus
3427 832 3772 904 Philippen~

2103 923 2268 978 sibus
2301 924 2538 978 scribit:
2574 923 2833 978 Evodiam
2871 940 3023 994 rogo,
3050 927 3100 978 et
3125 924 3444 994 Syntychen
3478 922 3768 994 deprevor,

2101 1011 2344 1082 idips-um
2371 1029 2564 1082 sapere
2596 1014 2651 1066 in
2687 1013 2912 1067 Domino
2945 1013 3170 1082 (Philip.
3206 1014 3303 1084 Iv).

2083 1099 2092 1108 “
2173 1101 2234 1154 In
2266 1101 2573 1156 Antiochia
2604 1100 2798 1172 Cyrilli
2820 1101 3352 1173 episcOpi,Andreaz
3386 1106 3448 1157 et
3469 1100 3769 1157 Actebelli.

2173 1190 2232 1243 In
2265 1191 2492 1262 Ancyra
2523 1190 2758 1245 Galatiae
2787 1191 2969 1245 sancti
2999 1190 3274 1246 Platonis.

2170 1297 2214 1349 Χ
2243 1297 2374 1350 ΚΑι.
2409 1298 2545 1352 Anc.
2581 1329 2649 1336 ——
2695 1298 2859 1369 Apud
2921 1298 3253 1353 Ravennam
3306 1297 3535 1353 natalis
3588 1299 3765 1352 sancti

2098 1384 2449 1456 Apollinaris
2504 1386 2759 1459 episcopi
2819 1391 2875 1441 et
2905 1387 3196 1459 martyris.
3234 1388 3342 1451 Qui
3382 1387 3590 1442 Roma:
3623 1388 3762 1441 ordi-

2099 1479 2275 1530 natus
2306 1493 2337 1530 a
2368 1477 2532 1530 beato
2558 1476 2722 1531 Petro
2757 1476 3039 1548 apostolo,
3064 1477 3202 1532 illuc
3234 1477 3503 1532 directus
3537 1482 3648 1532 est.
3667 1478 3766 1542 Qui

2100 1563 2278 1617 etiam
2311 1564 2363 1616 in
2399 1564 2648 1635 Aﬂmilia,
2673 1569 2728 1620 et
2761 1567 2816 1620 in
2859 1565 3122 1637 partibus
3154 1565 3599 1621 Corinthiorum
3635 1564 3766 1620 etin

2100 1651 2304 1723 Mysia,
2332 1658 2387 1707 et
2434 1653 2493 1708 in
2527 1653 2653 1725 ripa
2687 1654 2956 1720 Danubii,
2989 1659 3047 1709 et
3079 1654 3136 1708 in
3170 1656 3441 1726 partibus
3476 1655 3768 1724 Thracia,

2099 1739 2157 1793 in
2189 1742 2407 1811 quibus
2455 1742 2596 1797 locis
2626 1742 2827 1798 exsilio
2881 1741 3179 1814 relegatus
3236 1749 3339 1810 est,
3375 1743 3767 1817 Evangelium

331 1847 464 1886 vero
497 1847 670 1902 quem
730 1836 892 1903 pater
931 1849 1132 1886 eorum
1168 1833 1398 1888 Pudens
1430 1834 1664 1888 nomine
1694 1834 1846 1888 beati
1882 1834 1985 1888 Pa-
2017 1859 2064 1924 B
2099 1829 2309 1885 Christi
2346 1831 2693 1887 ﬁilucialiter
2721 1832 3111 1887 annuntiavit.
3149 1833 3217 1887 Et
3240 1832 3595 1924 ubicumque
3628 1849 3769 1905 per-

332 1920 507 1974 storis
537 1920 844 1987 dedicavit,
880 1938 999 1976 una
1028 1939 1161 1976 cum
1193 1922 1434 1977 consilio
1489 1923 1641 1978 beati
1690 1923 1774 1977 Pii
1830 1923 1984 1978 sedis

331 2014 715 2065 sacrosanctae
740 2016 797 2064 et
818 2009 1145 2081 apostolicae
1169 2011 1447 2082 episcopi,
1465 2012 1684 2066 fontem
1706 2012 1983 2083 baptismi

327 2103 663 2154 construere
696 2116 862 2154 soror
885 2104 941 2154 et.
971 2100 1099 2170 ipsa
1122 2101 1495 2170 studuerunt,
1531 2106 1594 2155 ut
1628 2100 1846 2155 familia
1889 2117 1983 2156 ea-

326 2204 457 2241 rum
490 2188 582 2242 die
613 2192 815 2242 sancto
847 2187 1080 2243 Paschae
1122 2189 1533 2259 baptizaretur.
1568 2190 1723 2253 Quos
1776 2191 1847 2244 ad
1879 2205 1981 2244 no-

325 2277 565 2348 naginta
596 2293 696 2331 sex
718 2293 960 2332 numero
984 2278 1404 2348 manumissos,
1421 2280 1623 2333 beatus
1656 2278 1792 2333 Pius
1815 2278 1983 2350 aquis

327 2365 687 2422 salutaribus
713 2366 916 2422 abluit.
936 2367 1072 2421 Inde
1105 2372 1237 2437 post
1267 2368 1579 2422 innumera
1600 2367 1832 2438 pietatis
1856 2384 1985 2438 0pc-

329 2459 569 2526 ra,post
626 2454 946 2510 multorum
999 2461 1324 2527 martyrum
1384 2456 1740 2528 sepulturas,
1782 2457 1984 2511 eadem

331 2543 670 2599 beatissima
727 2544 886 2616 virgo
932 2545 1204 2616 migravit
1234 2546 1304 2599 ad
1339 2546 1674 2609 Dominum,
1709 2563 1983 2601 coronam

316 2631 569 2697 justitiae
604 2649 636 2685 τι
659 2634 822 2702 justo
845 2633 1044 2703 judice
1077 2638 1396 2705 receptura.
1427 2634 1667 2706 Sepulta
1693 2635 1750 2689 in
1783 2652 1987 2691 coeme-

329 2718 473 2774 terio
532 2719 828 2791 Priscillae,
863 2722 956 2777 via
1007 2722 1246 2790 Salaria,
1280 2725 1452 2793 juxta
1509 2739 1770 2779 sororem
1815 2742 1983 2780 suam

331 2814 508 2882 atque
540 2814 761 2881 patrem
800 2812 1138 2866 Pudentem.

400 2900 464 2953 In
499 2899 724 2965 Galliis,
758 2900 988 2954 civitate
1017 2900 1290 2965 Massilia,
1325 2901 1536 2956 natalis
1577 2902 1761 2956 sancti
1790 2902 1983 2957 Victo-

326 2984 424 3038 ris.
461 2987 567 3048 Qui
601 2988 709 3040 sub
738 2987 1140 3056 persecutionc
1171 2988 1513 3042 Diocletiani
1563 2994 1619 3043 et
1651 2990 1982 3045 Maximiani

330 3087 464 3126 cum
499 3076 654 3126 esset
684 3072 871 3140 miles,
905 3078 961 3127 et
995 3091 1097 3128 nec
1129 3074 1380 3130 militare
1413 3093 1514 3131 nec
1569 3077 1739 3133 idolis
1771 3080 1985 3134 sacrifi-

329 3177 458 3216 care
484 3159 673 3229 vellet,
705 3161 963 3232 primum
990 3180 1022 3216 a
1051 3163 1286 3219 tribuno
1309 3182 1414 3220 suo
1445 3167 1712 3222 Austerio
1761 3169 1818 3222 in
1852 3186 1986 3224 car-

2094 1919 2272 1984 venit,
2295 1918 2640 1975 innumeras
2671 1921 2916 1976 virtutes
2946 1920 3284 1985 ostendit,et
3305 1919 3596 1993 plurimas
3621 1938 3768 1992 pas-

2095 2009 2289 2064 siones
2335 2009 2638 2065 sustinuit.
2675 2011 2818 2064 Nam
2875 2010 3057 2065 nimia
3116 2010 3266 2066 caede
3318 2011 3653 2080 frequenter
3686 2027 3767 2065 ac

2096 2097 2193 2152 diu
2228 2102 2534 2168 mactatus,
2556 2116 2620 2153 ac
2647 2101 2818 2154 nudis
2841 2100 3090 2171 pedibus
3121 2116 3298 2172 super
3326 2117 3546 2171 prunas
3575 2099 3776 2170 impo-

2096 2188 2454 2258 situs,atque
2487 2187 2736 2257 equuleo
2769 2206 3114 2260 suspensus,
3136 2187 3546 2244 crudelissime
3571 2192 3768 2242 tortus

2094 2281 2201 2343 est,
2236 2281 2293 2331 et
2323 2293 2461 2332 saxo
2494 2295 2558 2332 os
2587 2279 2715 2348 ejus
2752 2283 3091 2343 contusum,
3126 2283 3183 2332 et
3235 2295 3373 2332 cum
3417 2278 3772 2349 gravissimo

2094 2365 2229 2420 ferri
2263 2367 2515 2437 pondere
2549 2366 2816 2422 inclusus
2849 2367 2907 2421 in
2969 2384 3202 2422 carcere
3260 2367 3562 2433 horrifico,
3598 2373 3773 2440 atque

2095 2455 2152 2509 in
2186 2455 2343 2527 ligno
2375 2461 2651 2512 extensus
2683 2457 2914 2512 est.Uhi
2938 2458 3010 2512 ab
3033 2456 3380 2513 hominibus
3405 2457 3655 2528 quidem
3677 2468 3763 2514 est

2095 2544 2416 2617 neglectus,
2450 2547 2551 2601 sed
2582 2547 2656 2601 ab
2689 2546 2893 2618 angelo
2927 2546 3156 2618 publice
3180 2551 3388 2619 pastus
3412 2553 3526 2602 est.
3555 2547 3768 2604 Deinde

2094 2639 2398 2690 catenatus
2457 2636 2515 2689 in
2577 2636 2846 2691 exsilium
2905 2640 3108 2691 trusus
3149 2641 3258 2703 est,
3292 2635 3499 2707 ibique
3532 2654 3767 2692 rursum

2096 2724 2350 2780 fustibus
2381 2741 2566 2780 czesus
2599 2730 2653 2780 et
2684 2725 3022 2782 vulneratus
3055 2730 3165 2792 est,
3191 2727 3536 2797 iterumque
3569 2726 3630 2780 in
3647 2743 3766 2782 caro

2095 2828 2284 2867 cerem
2315 2813 2534 2869 missus
2567 2819 2656 2869 est
2688 2819 2742 2869 et
2772 2815 3075 2881 caesus,sic
3098 2813 3449 2886 martyrium
3484 2831 3765 2870 consum-

2095 2902 2276 2957 mavit
2307 2903 2416 2957 sub
2441 2904 2797 2975 Vespasiano
2819 2910 3057 2970 Ciesare,
3074 2904 3468 2959 Demosthene
3491 2905 3762 2975 patricio.

2095 2990 2261 3046 Rexit
2305 2991 2636 3062 .Ecclesiam
2695 3009 2797 3066 per
2829 3011 3014 3049 annos
3065 2993 3268 3065 viginti
3302 2997 3454 3060 octo,
3495 3011 3762 3049 mensem

2095 3097 2301 3146 unum,
2330 3080 2455 3136 dies
2488 3086 2757 3152 quatuor.

2168 3170 2362 3224 Romae
2410 3172 2501 3224 via
2545 3171 2874 3239 Tiburtina,
2908 3171 3180 3228 milliario
3230 3172 3487 3239 decimo,
3543 3179 3771 3239 octavo,

327 3265 514 3304 cerem
548 3255 772 3319 trusus,
798 3252 898 3308 sed
931 3252 1090 3308 omni
1121 3258 1287 3308 nocte
1319 3255 1387 3308 ad
1420 3256 1744 3312 visitandos
1777 3263 1831 3313 et
1853 3275 1984 3314 con-
2015 3231 2056 3296 Ο
2096 3258 2370 3314 nativitas
2401 3259 2592 3314 sancti
2620 3260 2933 3316 Vincentii.

333 3339 607 3394 solandos
640 3341 903 3396 infirmos
944 3342 1015 3396 ab
1074 3343 1277 3414 angelo
1325 3345 1569 3400 eductus
1627 3351 1733 3402 est.
1767 3347 1983 3404 Deinde

321 3429 497 3497 jussu
530 3430 794 3501 Eutycbii
828 3432 1081 3502 prafecti
1106 3433 1338 3487 retortis
1362 3434 1770 3493 brachiisloris
1795 3438 1980 3493 subti-

331 3514 491 3571 libus
520 3516 759 3589 ligatus,
788 3524 843 3574 et
875 3520 1122 3591 pedibus
1153 3522 1289 3575 fune
1321 3523 1687 3591 constrictus,
1722 3542 1826 3597 per
1863 3543 1981 3582 me-

333 3604 492 3659 diam
521 3611 744 3662 tractus
775 3612 862 3664 est
891 3609 1205 3664 civitatem.
1240 3613 1378 3666 Post
1409 3611 1529 3665 haec
1563 3614 1818 3669 fustibus
1850 3631 1982 3670 cru-

326 3693 626 3751 delissime
656 3714 803 3752 caeso
821 3714 887 3753 ac
913 3715 1221 3768 suspenso,
1239 3703 1294 3754 et
1311 3697 1530 3756 taureis
1553 3704 1830 3770 cruciate,
1847 3722 1982 3759 cum

325 3783 732 3841 exhibuissent
762 3803 922 3842 aram
972 3786 1030 3841 in
1064 3804 1180 3858 qua
1209 3787 1579 3860 sacriﬁcaret,
1614 3796 1669 3845 et
1707 3809 1835 3848 eam
1880 3811 1983 3850 nec

326 3871 613 3944 respicere
629 3875 954 3941 sustinens,
971 3876 1042 3931 de
1065 3893 1242 3931 manu
1271 3879 1589 3934 sacerdotis
1611 3879 1767 3935 calce
1786 3898 1986 3938 excus~

330 3959 524 4026 sisset,
545 3963 753 4032 pedem
779 3981 990 4034 praeses
1012 3966 1339 4036 ejusjussit
1378 3967 1578 4022 incidi.
1597 3970 1676 4024 Ad
1709 3969 1983 4026 ultimum

330 4046 388 4100 in
418 4049 782 4104 confessione
812 4052 1022 4106 Christi
1053 4056 1627 4124 persistens,missus
1658 4063 1747 4113 est
1775 4060 1833 4114 in
1868 4077 1985 4116 mo-

324 4134 444 4190 lam
478 4136 802 4207 pistoriam,
837 4139 894 4194 in
928 4157 1044 4210 qua
1075 4159 1345 4213 sparsum
1397 4147 1676 4217 vertigine
1714 4149 1984 4205 animalis

327 4226 611 4281 macerari
644 4225 810 4291 solet,
839 4232 1012 4299 atque
1043 4228 1123 4284 ita
1154 4233 1460 4304 contritus,
1491 4237 1832 4308 martyrium
1857 4256 1987 4294 con-

329 4315 664 4370 summavit.
700 4316 864 4372 Passi
885 4321 1024 4372 sunt
1053 4335 1189 4373 cum
1219 4336 1284 4376 eo
1317 4327 1436 4376 tres
1470 4323 1704 4393 milites,
1740 4327 1984 4383 Alexan-

329 4404 451 4473 der,
485 4403 813 4461 Felicianus
847 4413 902 4462 et
961 4408 1268 4480 Longinus.
1305 4409 1453 4466 Puer
1509 4430 1741 4485 quoque
1773 4416 1985 4472 Dente-

266 4488 282 4494 ’
335 4492 477 4560 rius,
511 4493 653 4548 dum
687 4494 758 4549 ad
793 4495 1129 4568 sepulcrum
1187 4500 1315 4569 ejus
1371 4507 1580 4573 oraret,
1615 4504 1810 4560 emisit
1865 4507 1986 4578 spi-

334 4580 535 4636 ritum.

401 4670 468 4723 In
501 4671 642 4725 urbe
667 4675 898 4729 Cazsena
928 4675 1200 4731 nativitas
1234 4661 1569 4735 sanctorum
1603 4683 1860 4750 Adriani,
1886 4686 1991 4741 He-

334 4757 420 4826 lii,
453 4757 724 4826 Victoris,
757 4763 1002 4819 Patrocii
1037 4770 1093 4820 et
1116 4765 1384 4822 aliorum.

407 4849 575 4938 Apud
612 4848 897 4907 Veronam
931 4856 1234 4911 translatio
1266 4859 1453 4913 sancti
1486 4861 1731 4918 Zenonis
1779 4869 1993 4938 marty-

335 4936 435 5006 ris,
458 4937 526 4992 de
560 4938 729 5009 cujus
762 4941 1069 4997 sanctitate
1102 4945 1307 5000 beatus
1338 4963 1488 5018 papa
1510 4950 1822 5023 Gregorius
1845 4936 2002 5010 com-

340 5031 647 5092 memorat,
680 5030 818 5100 quia
851 5047 983 5086 eum
1016 5034 1206 5088 Atesis
1241 5035 1450 5093 tluvius
1478 5057 1665 5110 usque
1718 5044 1787 5097 ad
1823 5061 1998 5117 supe-

338 5114 521 5170 riores
552 5116 807 5173 ecclesiae
849 5120 1154 5190 fenestras,
1190 5123 1246 5176 in
1284 5141 1399 5195 qua
1428 5129 1755 5187 venerabile
1787 5114 2000 5206 corpus

333 5204 523 5276 ipsius
557 5208 978 5278 requiescebat,
1013 5217 1388 5280 excresceret,
1424 5219 1756 5287 patentibus
1797 5204 2000 5292 januis

320 5309 474 5366 aqua
501 5293 560 5348 in
587 5297 853 5352 eamdem
885 5299 1134 5356 ecclesia
1160 5318 1216 5355 m
1251 5319 1365 5358 non
1406 5303 1669 5378 intraret,
1703 5311 1802 5366 sed
1862 5313 2001 5367 hau~

319 5385 480 5440 stum
512 5400 687 5439 suum
714 5385 958 5443 inclusis
991 5389 1257 5445 omnino
1291 5409 1403 5447 non
1432 5403 1688 5467 negaret.

397 5489 469 5545 XI
503 5492 822 5581 KtL.,AUG.
853 5527 919 5534 ——
959 5496 1086 5551 Nati
1114 5498 1267 5553 vitas
1301 5507 1509 5556 sancta:
1540 5505 1728 5560 Maria:
1761 5508 2002 5581 Magda-

345 5575 513 5668 lenaz,
547 5580 618 5634 de
667 5599 802 5653 qua,
838 5590 901 5638 ut
948 5585 1315 5658 evangelista:
1378 5592 1635 5648 referunt
1666 5575 2001 5668 (Μανείχνι,

345 5666 477 5743 Luc.
502 5670 683 5747 xvm),
717 5671 1006 5732 daemonia
1052 5681 1278 5750 septem
1311 5680 1595 5742 Dominus
1645 5666 1833 5758 ejecit.
1867 5666 2001 5758 Quae
2023 5687 2030 5698 ”

2163 3348 2269 3402 Via
2298 3348 2478 3403 Acula
2509 3354 2722 3403 sanctae
2755 3350 3088 3404 Primitivae.

2167 3442 2227 3490 In
2264 3437 2536 3492 Laodicia
2568 3438 2831 3511 Phrygiae
2861 3439 3087 3495 Minisei
3119 3442 3175 3494 et
3202 3439 3420 3496 Isichii.

2166 3543 2236 3598 IX
2281 3544 2411 3599 KAL.
2454 3547 2600 3600 Anc.
2649 3576 2717 3588 —
2753 3547 2947 3601 Romae
2994 3545 3267 3602 nativitas
3320 3547 3509 3603 sancti
3563 3549 3767 3604 Victo-

2095 3649 2229 3686 Pll'll.

2165 3723 2227 3776 In
2261 3723 2629 3779 Amiternina
2659 3724 2890 3780 civitate
2920 3724 3177 3779 militum
3208 3725 3490 3796 octoginta
3536 3723 3754 3779 trium.

2166 3815 2225 3864 In
2259 3812 2472 3866 Tuscia
2503 3813 2656 3884 apud
2681 3813 2972 3868 civitatem
3001 3814 3242 3886 Tyrum,
3279 3830 3398 3885 qua
3440 3818 3528 3868 est
3571 3812 3750 3883 juxta

2093 3899 2287 3954 lacum
2309 3900 2647 3971 Vulsinum,
2678 3903 2872 3974 passio
2904 3908 3116 3958 sancta:
3147 3902 3452 3958 Christinae
3482 3902 3756 3973 virginis,

2095 4005 2222 4058 quae
2253 3989 2311 4042 in
2346 3993 2545 4044 tenera
2573 3991 2767 4046 adhuc
2801 3991 3056 4060 aetatula,
3086 3991 3299 4046 Christi
3331 3992 3444 4046 {ide
3475 3997 3534 4046 et
3571 3991 3764 4062 gratia

2095 4079 2438 4146 confortata,
2468 4081 2606 4134 deos
2647 4097 2855 4136 aureos
2887 4080 3106 4136 Urbani
3139 4080 3320 4152 patris
3351 4081 3447 4135 sui
3503 4081 3765 4153 praefecti

2095 4167 2366 4221 contrivit
2395 4172 2451 4222 et
2481 4169 2837 4240 pauperibus
2869 4169 3190 4224 distribuit.
3223 4169 3306 4224 Ob
3355 4169 3487 4236 hoc,
3516 4170 3772 4240 jubente

2095 4261 2278 4326 patre,
2330 4256 2515 4328 alapis
2571 4258 2807 4325 afﬂicta,
2841 4258 3180 4314 verberibus
3239 4259 3547 4322 dilaniata,
3611 4259 3767 4314 ferro

2096 4350 2350 4415 onerata,
2386 4347 2443 4400 in
2493 4363 2782 4402 carcerem
2829 4349 3090 4418 conjecta
3134 4354 3240 4404 est.
3275 4353 3414 4404 Post
3462 4347 3585 4402 hac
3630 4364 3771 4402 cum

2097 4433 2431 4491 diutissime
2461 4440 2516 4491 et
2537 4436 2942 4492 crudelissime
2967 4437 3374 4503 dilaniaretur,
3393 4437 3464 4492 de
3488 4438 3774 4492 carnibus

2098 4525 2221 4578 suis
2253 4524 2402 4595 patri
2434 4525 2493 4579 in
2527 4525 2733 4580 faciem
2767 4525 3031 4597 projecit.
3056 4526 3321 4598 Cumque
3351 4526 3595 4598 alligata
3629 4531 3776 4581 rotas

2016 4607 2219 4684 Digni
2272 4614 2601 4685 supposito,
2637 4619 2691 4669 et
2738 4615 2863 4670 fuso
2915 4615 3169 4687 desuper
3215 4615 3362 4680 oleo,
3416 4620 3771 4684 terreretur,

2103 4716 2418 4771 erumpens
2450 4702 2689 4757 flamma
2711 4703 2870 4758 mille
2893 4703 3202 4776 gentilium
3221 4704 3780 4760 interfecitJter-um

2105 4791 2319 4845 carceri
2351 4792 2587 4858 tradita,
2603 4791 2808 4864 angelo
2830 4792 3101 4848 visitante
3123 4799 3330 4850 sanata
3343 4799 3435 4850 est
3450 4797 3512 4848 et
3532 4794 3781 4849 refecta.

2109 4879 2323 4935 Deinde
2355 4897 2487 4936 cum
2521 4898 2734 4953 magno
2766 4881 2889 4936 saxi
2929 4882 3183 4954 pondere
3227 4884 3287 4937 in
3319 4899 3481 4938 mare
3527 4883 3786 4953 jactata,

2107 4970 2368 5043 angelico
2396 4971 2666 5041 praesidio
2699 4970 2945 5026 liberata
2973 4975 3082 5027 est.
3118 4972 3301 5034 Quam
3336 4988 3656 5027 successor
3690 4988 3790 5043 pa-

2107 5060 2214 5115 tris
2245 5060 2371 5129 ejus
2400 5060 2544 5115 Dion
2578 5059 2781 5114 multis
2812 5062 3023 5115 iterum
3059 5059 3367 5132 suppliciis
3393 5060 3644 5126 afﬂixit;
3684 5060 3794 5116 sed

2109 5156 2308 5205 orante
2342 5148 2860 5215 illa,simulacrum
2898 5149 3385 5221 Apollinis,quem
3418 5151 3794 5221 adorareju-

2109 5241 2380 5307 behatur,
2411 5239 2468 5293 in
2500 5238 2756 5293 favillam
2791 5238 2985 5294 subito
3017 5239 3321 5294 redactum
3358 5243 3464 5294 est.
3502 5241 3640 5305 Quo
3677 5239 3797 5294 mi-

2110 5329 2307 5385 raculo
2339 5328 2451 5384 tria
2481 5327 2668 5382 millia
2701 5326 3006 5383 hominum
3037 5328 3109 5382 ad
3143 5329 3320 5384 {idem
3360 5328 3581 5384 Christi
3651 5345 3792 5385 con-

2109 5436 2273 5475 versa
2325 5422 2482 5472 sunt.
2517 5417 2844 5472 Novissime
2894 5433 3197 5473 successor
3245 5418 3446 5473 Dionis
3491 5417 3786 5474 Julianus

2112 5514 2241 5580 post
2271 5509 2561 5562 fornacem
2593 5508 2960 5574 candentem,
2996 5507 3096 5562 ubi
3145 5507 3410 5579 quinque
3442 5507 3667 5564 diebus
3717 5507 3788 5562 ilo

2111 5597 2249 5652 lazsa
2278 5596 2621 5669 permansit,
2639 5600 2772 5667 post
2789 5599 3091 5667 serpentes
3111 5613 3146 5652 a
3164 5597 3421 5652 veneﬁco
3443 5596 3780 5661 immissos,

2113 5687 2214 5748 sed
2243 5685 2357 5744 fide
2387 5685 2604 5745 Christi
2631 5689 2962 5766 superatos,
2991 5690 3126 5764 post
3172 5686 3614 5747 absoissionem
3667 5686 3780 5745 lin-
