4012 6198
296 364 446 432 1125

1344 350 2053 428 MARTYROLOGIUM.
2088 397 2163 407 --
2199 361 2431 425 MENS.
2477 363 2644 426 JUL.

3539 364 3693 432 1126

296 518 440 573 gum,
477 500 705 572 sagittis
737 514 865 556 eam
897 498 1106 570 configi
1136 498 1429 570 praecepit,
1463 498 1665 569 sicque
1697 514 1935 553 cursum
1967 506 2017 570 Α
2122 501 2183 549 In
2221 501 2388 567 portu
2423 497 2681 551 Romano
2712 493 3039 567 Hyacinthi,
3066 496 3174 551 sub
3198 498 3491 555 consulari
3516 502 3691 559 Leon-

297 589 555 661 martyrii
588 590 680 645 sui
711 591 880 646 beata
911 590 1067 660 virgo
1098 586 1407 656 complevit
1437 604 1588 643 anno
1619 587 1803 643 aetatis
1822 605 1938 642 sua:

296 676 541 732 decimo.

365 766 527 837 Apud
579 768 892 823 Emeritam
941 768 1233 841 Hispania;
1266 772 1555 827 civitatem
1591 767 1774 823 sanati
1804 766 1940 819 Vic-

296 855 439 909 toris
472 855 764 919 militaris,
802 857 902 927 qui
935 874 1065 913 cum
1102 860 1332 915 duobus
1364 859 1643 914 fratribus
1664 855 1939 911 Stercatio

296 948 351 999 et
377 943 737 1016 Antinogene
767 946 1013 1002 diversis
1043 950 1411 1004 examinatus
1456 946 1727 1019 supplicii
1784 961 1939 999 mar-

300 1032 511 1104 tyrium
543 1035 994 1090 consummavit.

366 1122 580 1177 Eodem
613 1123 705 1179 die
736 1124 947 1180 natalis
979 1134 1313 1181 sanctarum
1346 1126 1530 1181 Niceae
1581 1122 1831 1194 [Nicetaa]
1886 1126 1943 1175 et

296 1211 601 1281 Aquilinaa.
653 1213 785 1276 Quae
835 1214 905 1268 ad
958 1216 1429 1286 praedicationem
1481 1214 1631 1269 beati
1687 1212 1941 1266 Christo-

300 1300 462 1372 phori
492 1302 766 1373 martyris
819 1303 888 1357 ad
949 1303 1245 1360 Christum
1303 1320 1613 1366 conversae,
1677 1298 1943 1371 martyrii

298 1389 552 1459 palmam
583 1390 789 1461 capitis
820 1392 1175 1449 abscissione
1207 1397 1607 1465 sumpserunt.

368 1496 498 1550 VIII
528 1497 661 1551 ΚΑΙ..
696 1504 844 1553 Auc.
879 1530 943 1539 —-
977 1499 1178 1555 Natale
1227 1500 1377 1555 beati
1436 1499 1637 1555 Jacobi
1696 1498 1941 1569 apostoli

302 1584 402 1639 filii
427 1584 706 1654 Zebedaei,
736 1587 931 1641 fratris
953 1588 1197 1644 Joannis
1219 1589 1609 1660 evangelistae.
1635 1588 1739 1652 Qui
1765 1589 1940 1657 jussu

299 1672 539 1728 Herodis
572 1675 725 1745 regis
756 1674 1077 1732 decollatus
1108 1681 1197 1733 est
1229 1676 1663 1749 Hierosolymis,
1700 1681 1765 1731 ut
1796 1676 1945 1733 liber

298 1764 548 1816 Actuum
580 1766 978 1833 apostolorum
1010 1767 1179 1821 docet
1219 1771 1360 1837 (cap.
1394 1769 1520 1836 ΧΠ).
1568 1767 1758 1836 Hujus
1791 1768 1939 1821 beati

300 1850 546 1922 apostoli
581 1853 977 1908 sacratissima
1008 1871 1142 1909 ossa
1174 1856 1245 1910 ad
1288 1855 1602 1926 Hispanias
1634 1854 1942 1925 translata,

300 1945 356 1994 et
383 1939 440 1993 in
475 1940 699 1995 ultimis
732 1957 933 1997 earum
966 1943 1204 2009 finibus,
1236 1944 1502 1999 videlicet
1542 1949 1741 1999 contra
1788 1961 1947 1999 mare

302 2027 698 2085 Britannicum
731 2032 984 2099 condita,
1017 2032 1394 2088 celeberrima
1423 2034 1655 2088 illarum
1684 2034 1947 2104 gentium

301 2118 668 2173 veneratione
719 2120 1081 2176 excoluntur.
1134 2122 1248 2177 Nec
1299 2122 1613 2188 immerito,
1648 2123 1786 2193 quia
1815 2124 1949 2192 ejus

303 2207 584 2278 corporali
642 2209 949 2279 przesentia
1001 2216 1057 2265 et
1121 2212 1388 2266 doctrina
1437 2216 1612 2283 atque
1643 2212 1946 2282 signorum

305 2284 560 2350 efficacia
589 2297 765 2352 iidem
797 2298 997 2370 populi
1030 2300 1100 2353 ad
1133 2300 1345 2355 Christi
1370 2300 1544 2355 fidem
1568 2301 1827 2356 conversi
1861 2318 1947 2357 re-

304 2384 590 2440 feruntur.
624 2386 707 2440 Ad
741 2403 990 2458 quorum
1033 2389 1165 2443 ﬁdei
1218 2389 1720 2445 confirmationem
1771 2392 1946 2445 etiam

304 2474 684 2530 beatissimus
716 2476 1015 2547 apostolus
1046 2477 1260 2534 Paulus
1292 2495 1353 2533 se
1384 2477 1603 2534 iturum
1637 2495 1765 2534 esse
1822 2481 1946 2550 pol-

305 2562 533 2618 licetur.

377 2652 438 2706 In
470 2652 769 2723 provincia
816 2655 1008 2726 Lycia,
1052 2655 1283 2711 civitate
1340 2657 1608 2724 Samone,
1674 2657 1948 2713 nativitas

2048 585 2149 651 tio,
2204 586 2451 639 Luxurio
2510 586 2697 657 primo
2748 585 2995 640 civitatis
3038 586 3359 642 Terracinae
3399 592 3687 648 tradente.

2050 674 2158 739 Qui
2190 673 2406 729 missus
2439 676 2494 728 in
2530 675 2744 746 ignem,
2781 674 2939 729 nullo
2975 676 3144 731 modo
3174 675 3301 730 lzedi
3327 679 3694 748 potuitzinde

2052 762 2445 834 praecipitatus
2477 763 2534 818 in
2568 764 3001 819 validissimum
3035 768 3694 833 torrentem,incolumis

2050 852 2453 921 ejectusestad
2478 852 2919 921 ripam.Quibus
2946 853 3183 909 Leontio
3217 857 3499 913 nuntiatis
3537 859 3698 915 misit

2051 939 2462 1010 spiculatorem
2497 957 2629 994 cum
2662 941 2951 995 militibus
2976 946 3190 997 uteum
3216 944 3409 1014 gladio
3434 946 3691 1003 ferirent.

2052 1030 2214 1083 Tunc
2247 1030 2514 1099 quaedam
2543 1035 2826 1095 matrona,
2865 1032 3101 1087 nomine
3121 1032 3295 1103 Julia,
3323 1051 3534 1106 corpus
3566 1039 3694 1107 ejus

2050 1117 2281 1187 collegit
2310 1123 2365 1172 et
2398 1118 2453 1171 in
2488 1119 2705 1189 przedio
2737 1136 2843 1173 suo
2877 1137 3010 1175 cum
3054 1122 3267 1176 honore
3298 1123 3585 1194 sepelivit.

2100 1209 2186 1260 In
2219 1206 2485 1261 Laodicia
2542 1206 2801 1279 Phrygize
2845 1209 3094 1275 Joviani,
3156 1210 3393 1278 Juliani,
3455 1214 3694 1285 rEmilii,

2054 1294 2278 1362 Felicis,
2317 1296 2607 1364 Martiani,
2640 1297 2925 1363 Maxima),
2960 1299 3283 1365 Saturnini,
3318 1300 3618 1358 Gloriosae.

2126 1393 2191 1448 VI
2226 1397 2362 1448 KAL.
2395 1397 2539 1449 AUG.
2575 1425 2643 1433 —-—
2675 1396 2843 1465 Apud
2870 1394 3265 1451 Nicomediam
3299 1400 3570 1457 nativitas
3596 1402 3694 1458 be-

2053 1482 2126 1535 ati
2180 1481 2469 1536 Hermolai
2529 1484 2869 1554 presbyteri,
2942 1486 3110 1555 cujus
3169 1487 3433 1543 doctrina
3492 1490 3697 1547 beatus

2052 1571 2364 1625 Pantaleon
2397 1571 2466 1624 ad
2503 1571 2675 1625 fidem
2696 1571 2909 1627 Christi
2942 1589 3256 1630 conversus
3283 1580 3389 1630 est.
3425 1578 3531 1641 Qui
3564 1596 3697 1634 san-

2054 1659 2354 1714 ctissimus
2387 1661 2705 1731 presbyter,
2735 1666 2936 1718 tentus
2967 1679 3000 1715 a
3031 1662 3403 1731 Maximiano,
3465 1669 3699 1739 capitali

2053 1749 2336 1803 sententia
2372 1750 2444 1803 ob
2476 1749 2903 1805 confessionem
2936 1751 3148 1806 Christi
3183 1754 3424 1824 punitus
3458 1760 3562 1809 cst.

2131 1838 2268 1892 Item
2298 1837 2511 1893 ibidem
2546 1839 2739 1909 passio
2771 1844 3105 1895 sanctorum
3136 1842 3322 1912 Julia,
3354 1843 3702 1901 Jocundzeet

2056 1926 2339 1981 Januarii.

2132 2017 2192 2069 In
2224 2016 2418 2071 Sicilia
2449 2017 2738 2073 Simeonis
2764 2018 3057 2073 monachi.

2131 2105 2189 2158 In
2226 2105 2453 2160 civitate
2493 2105 2637 2161 Nola
2685 2108 2870 2162 sancti
2930 2106 3155 2175 Felicis,
3219 2110 3288 2163 de
3336 2112 3701 2168 ordinatione

2058 2194 2446 2265 episcopatus,
2484 2196 2579 2248 ubi
2616 2196 2802 2250 multa
2832 2196 3123 2251 mirabilia
3157 2198 3324 2253 fiunt.

2129 2284 2534 2339 Antissiodoro
2574 2286 2857 2355 depositio
2906 2287 3088 2340 sancti
3142 2288 3377 2342 .Etherii
3418 2290 3697 2361 episcopi.

2130 2381 2174 2432 V
2205 2381 2338 2435 KAL.
2371 2384 2518 2437 Λυσι.
2552 2415 2618 2421 ——
2667 2388 2731 2436 In
2796 2384 3060 2439 Laodicia
3114 2386 3369 2458 Phrygiae
3428 2389 3700 2444 nativitas

2058 2474 2397 2525 sanctorum
2427 2473 2717 2537 Auxentii,
2751 2473 3073 2543 Prudentii,
3095 2475 3419 2546 Theophili,
3446 2477 3700 2550 Philippi

2058 2559 2389 2627 Alexandri,
2422 2561 2620 2627 Zotici,
2655 2561 2887 2632 Byssim,
2933 2563 3209 2617 Secundae
3241 2568 3297 2618 et
3329 2565 3626 2619 Macharii.

2130 2649 2190 2702 In
2222 2649 2557 2704 Nicomedia
2588 2650 2775 2704 sancti
2808 2651 3176 2706 Pantaleonis
3207 2654 3391 2724 pueri.
3427 2655 3532 2718 Qui
3566 2672 3699 2710 cum

306 2741 492 2796 sancti
516 2741 937 2814 Christophori.
974 2745 1079 2809 Qui
1116 2745 1291 2817 virgis
1340 2747 1542 2801 terreis
1593 2747 1848 2810 attritus,
1895 2752 1951 2802 et
2050 2735 2856 2804 JUbBHtGMaleianoartem
2882 2739 3129 2794 disceret
3153 2740 3515 2807 ῖΠθάίθίηίΒνθο
3536 2761 3702 2814 Ρτθε·

304 2830 560 2885 ﬂammis
590 2834 895 2887 astuantis
927 2834 1179 2889 incendii
1211 2834 1422 2889 Christi
1454 2835 1667 2890 virtute
1690 2835 1948 2890 salvatus

303 2918 371 2972 ad
408 2918 681 2974 ultimum
716 2920 1061 2993 sagittarum
1094 2923 1306 2978 ictibus
1352 2924 1680 2993 confossus,
1732 2930 1948 2997 marty-

306 3005 457 3061 rium
491 3008 699 3078 capitis
730 3010 1172 3066 obtruncatione
1204 3011 1536 3083 complevit.

378 3098 437 3149 In
472 3095 753 3166 Hispania
783 3098 1014 3153 civitate
1044 3100 1345 3154 Barcilone
1376 3101 1741 3169 [Barcinonel
1768 3104 1949 3157 Cucu-

314 3184 449 3238 fatis
481 3184 779 3254 martyris,
813 3186 912 3256 qui
945 3202 1013 3240 ex
1043 3186 1273 3241 civitate
1305 3188 1618 3258 Scyllitana
1664 3190 1949 3244 oriundus

2058 2824 2256 2895 bytero
2291 2825 2594 2881 Hermolao
2627 2827 2697 2881 ad
2734 2828 2909 2882 fidem
2942 2828 3155 2884 Christi
3189 2847 3522 2897 conversus,
3549 2833 3701 2888 mul-

2059 2917 2117 2967 ta
2149 2914 2431 2969 miracula
2464 2916 2614 2983 fecit,
2651 2920 2991 2988 patremque
3018 2935 3190 2973 suum
3213 2921 3579 2993 Euslorgium
3613 2939 3702 2976 se-
3742 2908 3753 2911 4

2060 3008 2318 3058 natorem
2354 3005 2561 3060 Christi
2595 3006 2727 3061 fidei
2759 3008 3114 3079 subjugavit.
3148 3009 3231 3063 Ob
3256 3026 3431 3081 quam
3464 3027 3702 3066 causam

2060 3093 2130 3147 ab
2162 3094 2363 3147 eodem
2393 3094 2743 3151 Maximiano
2776 3097 3008 3166 equulei
3041 3115 3211 3169 poena
3251 3103 3306 3153 et
3362 3097 3703 3170 lampadum

2059 3182 2361 3235 exustione
2392 3184 2709 3248 cruciatus,
2743 3187 2841 3239 sed
2904 3186 3055 3239 inter
3108 3188 3228 3241 haec
3288 3188 3532 3242 Domino
3591 3189 3702 3242 sibi

305 3272 434 3334 fuit,
468 3272 569 3327 sed
602 3248 898 3328 Barcilone
932 3276 1040 3329 sub
1073 3275 1298 3330 Galerio
1348 3248 1695 3345 ρξιοοοηειιιθ
1726 3282 1781 3331 et
1830 3278 1947 3332 Ma-
1980 3248 2021 3313 (ἶ
2060 3274 2374 3339 apparente
2406 3280 2490 3324 est
2520 3271 2914 3341 refrigeratus,
2940 3276 3177 3327 tandem
3208 3274 3325 3328 ictu
3349 3275 3523 3344 gladii
3549 3292 3701 3330 mar-

305 3360 562 3415 ximiano
596 3365 651 3415 et
680 3361 888 3416 Rufino
914 3378 1124 3432 passus
1150 3378 1161 3417 :
1190 3362 1378 3434 primo
1400 3363 1743 3434 gravissime
1763 3368 1948 3419 tortus

306 3453 362 3504 et
394 3466 599 3515 cmsus,
633 3451 843 3505 deinde
875 3450 1096 3505 catenis
1127 3453 1423 3518 astrictus,
1458 3452 1515 3506 in
1540 3452 1819 3507 craticula
1849 3469 1948 3508 su-

306 3542 704 3609 perextensus,
734 3545 893 3595 aceto
925 3544 982 3595 et
1012 3541 1203 3611 sinapi
1238 3542 1948 3612 perfusus,assarijussus

307 3632 413 3682 est.
446 3629 709 3699 Cumque
740 3630 810 3683 ab
843 3629 975 3701 igne
1003 3634 1059 3684 et
1085 3630 1460 3686 flammarum
1510 3631 1700 3703 globis
1732 3631 1948 3688 illacsus

306 3717 695 3787 apparuisset,
726 3735 793 3773 ex
823 3723 1105 3790 prmcepto
1138 3718 1301 3791 impii
1335 3720 1556 3791 judicis
1602 3725 1761 3777 extra
1811 3722 1948 3776 civi-

306 3810 483 3860 tatem
517 3806 748 3875 ductus,
784 3807 842 3860 in
875 3807 1071 3879 ignem
1113 3808 1415 3880 copiosum
1461 3810 1674 3865 iterum
1735 3813 1952 3881 projec-

304 3898 400 3948 tus
431 3898 537 3949 est.
572 3897 693 3959 Quo
724 3895 917 3949 divino
971 3902 1117 3950 nutu
1170 3898 1474 3963 exstincto,
1526 3900 1733 3955 iterum
1801 3901 1948 3956 ferro

305 3983 557 4044 vinctus.
611 3983 669 4037 in
720 3984 1047 4039 custodiam
1099 3989 1363 4040 retrusus
1422 3992 1529 4041 est.
1590 3988 1715 4043 Ubi‘
1754 3990 1949 4045 divino

306 4072 615 4143 splendore
656 4072 1012 4139 consolatus,
1066 4074 1273 4128 iterum
1334 4075 1568 4130 carduis
1629 4078 1828 4133 ferreis
1896 4084 1951 4134 et

304 4160 520 4215 taureis
554 4160 958 4217 crudelissime
991 4179 1197 4231 caesus,
1224 4163 1281 4217 in
1320 4163 1529 4219 ultimo
1570 4166 1764 4236 gladio
1806 4168 1952 4238 peri-

308 4255 499 4305 mente
521 4255 965 4306 consummatus
989 4256 1096 4306 est.
1122 4253 1299 4321 Cujus
1314 4269 1524 4325 corpus
1548 4271 1581 4308 a
1602 4255 1949 4311 Christianis

305 4340 523 4409 ibidem
548 4345 685 4396 tunc
704 4340 984 4412 temporis
1006 4341 1323 4412 sepultum,
1352 4342 1451 4396 sed
1475 4345 1848 4413 postmodum
1868 4345 1952 4400 in-

306 4429 377 4483 de
408 4428 779 4495 translatum,
807 4446 922 4485 non
947 4428 1117 4502 longe
1140 4430 1412 4485 acivitate
1435 4430 1746 4501 Parisiaca,
1768 4433 1825 4487 in
1858 4451 1950 4489 ec-

306 4516 483 4572 clesia
540 4519 845 4573 beatorum
894 4522 1240 4592 martyrum,
1284 4519 1561 4591 Dionysii,
1626 4522 1846 4577 Rustici
1896 4528 1952 4579 et

2058 3357 2187 3429 tyrii
2219 3374 2457 3411 cursum
2494 3360 2942 3414 consummavit.

2131 3444 2443 3501 Mediolani
2476 3446 2747 3502 nativitas
2781 3454 3115 3505 sanctorum
3158 3451 3415 3506 Gervasii
3448 3456 3504 3506 ct
3564 3457 3700 3508 Pro-

2060 3536 2213 3597 tasii.
2243 3536 2465 3590 Nazarii
2498 3542 2551 3590 et
2575 3536 2723 3591 Celsi
2756 3538 2943 3609 pueri.

2133 3625 2397 3696 Lugduni
2426 3626 2741 3697 Peregrini,
2775 3629 2943 3697 cujus
2974 3627 3392 3685 beatitudinem
3444 3631 3699 3686 miracu-

2062 3715 2250 3770 lorum
2284 3714 2468 3785 gloria
2497 3720 2765 3770 testatur.

2132 3809 2323 3859 Romre
2339 3803 2590 3858 Victoris
2622 3822 2781 3877 papae
2815 3810 2870 3859 et
2893 3806 3294 3878 martyris.Qui
3320 3809 3702 3864 constituitut

2062 3892 2395 3964 ubicunque
2426 3892 2484 3947 in
2518 3893 2767 3948 Ecclesia
2798 3893 3085 3949 catholica
3105 3896 3425 3951 necessitas
3440 3913 3705 3952 occurre-

2063 3987 2167 4050 ret,
2196 3983 2532 4053 quicunque
2556 3998 2623 4036 ex
2644 3981 2965 4053 gentilitate
2997 3984 3067 4037 ad
3099 3984 3311 4039 Christi
3340 3986 3510 4040 fidem
3536 3986 3703 4041 festi-

2062 4088 2230 4135 nans,
2258 4087 2400 4124 verre
2426 4070 2559 4125 fidei
2581 4072 2941 4126 confessione
2964 4074 3282 4143 praemissa,
3304 4074 3423 4129 sive
3447 4075 3503 4130 in
3524 4076 3702 4143 fonte,

2062 4160 2180 4215 sive
2210 4160 2268 4213 in
2300 4160 2563 4224 flumine,
2597 4161 2714 4214 sive
2745 4160 2803 4215 in
2839 4162 2981 4215 mari
3014 4162 3166 4217 licite
3201 4164 3611 4235 baptizaretur.

2131 4263 2273 4313 Item
2307 4258 2629 4313 Innocentii
2663 4277 2843 4331 papae.
2877 4260 2983 4323 Qui
3016 4259 3401 4316 constitutum
3450 4261 3582 4315 fecit
3633 4261 3704 4315 de

2062 4348 2220 4401 omni
2244 4347 2523 4413 Ecclesia,
2556 4353 2612 4402 et
2642 4350 2711 4403 de
2742 4348 2963 4420 regulis
3000 4349 3514 4416 monasteriorum,
3546 4354 3603 4404 et
3634 4351 3705 4404 de

2060 4436 2277 4491 Judaeis
2309 4441 2365 4491 et
2396 4437 2464 4492 de
2497 4438 2778 4509 paganis:
2814 4442 2868 4491 et
2902 4436 3121 4492 multos
3172 4436 3571 4509 Cataphrygas
3610 4437 3705 4492 in-

2062 4526 2237 4592 venit,
2272 4543 2419 4597 quos
2449 4526 2648 4580 exsilio
2675 4526 2731 4580 in
2765 4526 3121 4580 monasteria
3152 4525 3463 4597 relegavit;
3496 4530 3553 4579 et
3582 4525 3707 4597 ipse

306 4606 621 4662 Eleutherii
654 4607 1037 4673 tumulatum,
1079 4612 1135 4663 et
1166 4610 1237 4663 ad
1280 4626 1466 4680 usque
1492 4610 1612 4665 haec
1642 4612 1947 4668 Nortman-
1984 4618 2029 4681 D
2062 4615 2280 4671 invenit
2311 4614 2611 4686 Pelagium
2668 4619 2724 4668 et
2792 4614 3167 4669 Caelestinum
3255 4614 3578 4681 haereticos,
3640 4631 3706 4669 ac

307 4712 517 4751 norum
550 4702 812 4768 tempora
844 4697 1003 4752 omni
1037 4713 1170 4751 cum
1204 4697 1423 4753 honore
1445 4698 1667 4754 cultum
1699 4706 1805 4757 est.

380 4786 577 4841 Romae
610 4786 953 4857 Eutychiani
988 4803 1151 4858 papas
1183 4791 1238 4841 et
1288 4788 1579 4859 martyris.
1629 4790 1683 4845 Is
1731 4792 1952 4847 consti-

306 4874 419 4928 tuit
450 4876 649 4947 fruges
682 4891 856 4947 super
886 4874 1086 4946 altare,
1120 4875 1177 4930 id
1222 4881 1328 4947 est,
1391 4881 1616 4933 tantum
1681 4880 1844 4936 fabas
1897 4886 1954 4936 et

308 4980 449 5018 uvas
479 4964 765 5019 benedici.
801 4965 906 5027 Qui
941 4966 1225 5036 temporis
1258 4966 1383 5021 suis
1416 4984 1517 5038 per
1566 4968 1796 5024 diversa
1826 4970 1953 5025 loca

307 5056 596 5108 trecentos
628 5052 1017 5126 quadraginta
1054 5058 1111 5109 et
1140 5071 1323 5109 unum
1359 5060 1643 5126 martyres
1678 5060 1951 5115 manibus

308 5141 432 5197 suis
464 5142 744 5213 sepelivit.
779 5142 1002 5213 Quique
1034 5142 1139 5197 hoc
1167 5145 1469 5199 constituit
1500 5151 1565 5199 ut
1614 5146 1951 5218 quicunque

306 5229 567 5286 ﬁdelium
600 5231 725 5286 sine
749 5230 1061 5286 dalmatica
1078 5236 1179 5285 aut
1204 5231 1429 5287 colobia
1460 5240 1778 5304 purpurato
1803 5254 1951 5292 mar-

306 5323 493 5391 tyrem
524 5319 687 5374 nulla
720 5320 940 5374 ratione
971 5319 1262 5390 sepeliret,
1304 5338 1610 5391 quousque
1669 5324 1739 5378 ad
1799 5327 1949 5381 noti-

307 5409 453 5463 tiam
480 5425 649 5463 suam
682 5408 1100 5479 divulgaretur.

378 5513 477 5567 VII
509 5514 644 5568 KAL.
678 5519 815 5569 Aue.
852 5545 917 5553 ——-
944 5514 1226 5570 Nativitas
1259 5515 1411 5570 beati
1446 5517 1656 5585 Erasti,
1691 5521 1787 5590 qui
1813 5522 1947 5577 Phi-

301 5602 481 5675 lippis
513 5620 546 5657 a
578 5602 743 5659 beato
776 5604 954 5660 Paulo
994 5604 1303 5678 cpiscopus
1364 5606 1621 5678 relictus,
1671 5611 1749 5667 ibi
1794 5631 1946 5669 mar-

300 5692 451 5777 tyrio
483 5697 816 5765 coronatus,
858 5693 1093 5770 quievit.

2064 4705 2362 4760 damnavit
2391 4721 2509 4767 eos,
2543 4703 2735 4759 ethoc
2765 4704 3067 4758 constituit
3099 4707 3163 4758 ut
3204 4703 3303 4774 qui
3337 4703 3455 4757 nati
3491 4704 3709 4759 fuerint

2062 4796 2131 4850 de
2162 4794 2509 4859 Christiano,
2544 4792 2734 4847 denuo
2793 4808 2895 4861 per
2943 4791 3301 4863 baptismum
3362 4795 3703 4859 nascantur,

2063 4884 2214 4955 quod
2249 4882 2515 4953 Pelagius
2547 4880 2865 4936 damnavit.

2134 4971 2438 5027 Mediolani
2487 4970 2963 5025 commemoratio
2996 4974 3334 5023 sanctorum
3382 4973 3704 5040 martyrum

2061 5061 2315 5117 Gervasii
2348 5065 2404 5114 ct
2436 5059 2704 5125 Protasii,
2736 5058 2959 5113 Nazarii
2996 5063 3051 5113 et
3081 5057 3252 5113 .Celsi
3287 5058 3471 5129 pueri.

2137 5160 2207 5213 IV
2240 5160 2311 5213 ΚΑ
2328 5176 2373 5212 L.
2408 5164 2555 5212 Avo.
2590 5189 2656 5195 —
2690 5157 2883 5211 Romae
2916 5157 3007 5211 via
3030 5156 3264 5211 Aurelia
3286 5155 3555 5210 nativitas
3576 5173 3706 5210 san-

2061 5250 2133 5305 cti
2162 5248 2363 5302 Felicis
2387 5246 3038 5318 papaz,subConstantio
3058 5244 3173 5299 filio
3192 5244 3701 5307 Constantini.Qui

2060 5337 2429 5393 Constantius
2462 5336 2779 5406 imperator
2830 5333 3141 5389 concilium
3189 5332 3595 5387 haereticorum
3640 5348 3705 5387 ac

2060 5426 2317 5482 Valentis
2347 5430 2403 5480 et
2433 5424 2644 5480 Ursatii
2680 5425 3029 5477 Arianorum
3064 5423 3414 5493 approbans,
3462 5420 3600 5491 quia
3647 5424 3705 5476 et

2062 5517 2185 5587 ipsc
2207 5515 2455 5569 Arianus
2482 5518 2605 5567 erat
2624 5513 2693 5566 ab
2720 5512 2964 5567 Eusebio
2988 5511 3427 5566 Nicomediense
3449 5509 3702 5581 rebapti-

2059 5610 2245 5671 zatus,
2278 5602 2447 5674 ejecit
2477 5606 2746 5657 sanctum
2794 5600 3039 5656 Felicem
3073 5599 3235 5655 urbis
3266 5599 3600 5670 episcopum
3632 5598 3702 5654 de

2061 5694 2575 5771 sedeepiscOpatus
2592 5691 2704 5750 sui.
2729 5691 2798 5750 Et
2823 5691 2973 5749 facta
2989 5694 3078 5749 est
3099 5688 3425 5769 persecutio
3446 5688 3703 5759 maxime
