4012 6198
337 307 492 368 H27

1222 299 1292 363 B.
1340 301 1682 366 NOTKERI
1725 299 2062 365 BALBULI
2110 301 2175 363 S.
2225 299 2452 366 GALLI
2495 298 2849 364 MONACHI

3582 295 3750 360 “28

335 438 395 492 in
427 437 601 503 clero,
637 435 716 490 ita
746 439 811 490 ut
841 434 1161 507 presbyteri
1189 440 1245 490 et
1303 435 1497 491 clerici
1554 435 1752 507 plures
1808 451 1974 491 ncca-
2009 435 2062 501 Α
2093 433 2440 506 subregulos
2475 433 2817 498 interﬁcere,
2848 436 2904 487 et
2945 429 3124 502 ligare
3175 429 3351 502 pedes
3401 444 3639 496 eorum,
3691 433 3751 484 et

336 531 537 581 rentur
561 530 617 580 et
649 523 920 596 martyrio
951 528 1390 581 coronarentur.
1434 525 1742 596 Depositus
1787 528 1981 578 autem

336 621 575 671 sanctus
605 631 671 669 ac
701 612 1070 669 beatissimus
1096 612 1254 668 Felix
1275 613 1734 686 papa,habitavit
1756 612 1812 666 in
1837 629 1980 684 prae-

339 701 491 758 diolo
522 718 648 768 suo,
683 699 837 773 quod
870 704 992 755 erat
1022 701 1115 755 via
1147 701 1448 756 Portuensi
1480 726 1494 768 ;
1527 701 1649 770 sed,
1673 699 1981 771 agentibus

336 791 709 864 postmodum
742 788 1046 859 hzereticis,
1081 789 1297 844 ductus
1333 796 1421 844 est
1471 790 1528 844 in
1578 788 1868 844 civitatem
1927 791 1983 843 et

336 879 521 951 capite
550 882 818 932 truncato
852 877 1127 948 martyrio
1160 883 1473 933 coronatus
1504 881 1610 931 est.

404 977 618 1032 Eodem
643 976 733 1031 die
756 975 1026 1031 nativitas
1041 980 1378 1031 sanctorum
1401 978 1722 1046 martyrum
1745 972 1980 1046 Simpli-

331 1065 427 1131 cii,
462 1065 742 1128 Faustini,
789 1065 1089 1132 Beatricis,
1141 1063 1506 1137 temporibus
1545 1062 1883 1117 Diocletiani
1924 1066 1981 1118 et

331 1154 688 1210 Maximiani.
724 1153 830 1217 Qui
883 1158 1014 1225 post
1070 1153 1256 1208 multa
1299 1170 1364 1208 ac
1409 1153 1639 1208 diversa
1669 1151 1974 1224 supplicia.

324 1244 479 1315 jussi
513 1248 653 1299 sunt
681 1242 991 1315 capitalem
1023 1241 1222 1298 subire
1253 1242 1623 1307 sententiam,
1684 1246 1741 1296 et
1799 1239 1977 1312 ligato

331 1350 468 1388 saxo
498 1333 556 1388 in
588 1331 737 1388 colla
765 1348 991 1395 eorum,
1018 1331 1230 1402 jactari
1265 1348 1366 1401 per
1400 1335 1635 1402 pontem
1670 1329 1768 1400 qui
1800 1328 1976 1402 vulgo

331 1421 638 1494 Lapideus,
673 1423 772 1476 sed
806 1438 839 1474 a
871 1419 1348 1491 prudentioribus
1391 1419 1591 1490 Lepidi
1624 1425 1883 1485 vocatur,
1916 1418 1974 1473 in

330 1511 619 1566 Tiberinis
647 1509 1030 1564 reumatibus.
1063 1509 1320 1572 Quorum
1355 1525 1619 1580 corpora,
1673 1507 1768 1563 Dei
1829 1513 1975 1562 nutu

329 1600 582 1666 inventa,
618 1599 804 1652 levata
834 1603 970 1652 sunt
1003 1615 1035 1652 a
1066 1598 1235 1652 beata
1265 1614 1459 1653 sorore
1490 1614 1691 1652 eorum
1719 1597 1974 1652 Beatrice

329 1693 385 1743 et
415 1686 772 1742 beatissimis
806 1686 1158 1758 presbyteris
1184 1686 1383 1758 Crispo
1415 1692 1471 1742 et
1509 1687 1752 1752 Joanne,
1797 1691 1852 1740 et
1883 1701 1974 1741 se-

330 1775 494 1872 pulta
520 1779 660 1831 sunt
689 1775 749 1872 in
779 1774 903 1872 lqco
935 1775 1033 1846 qui
1068 1776 1394 1872 appellatur
1424 1777 1659 1872 Sextum
1692 1774 1970 1846 Philippi,
2003 1807 2050 1872 Β

326 1863 419 1918 via
450 1865 772 1920 Portuensi.
809 1865 930 1928 Quo
962 1869 1256 1936 comperto
1287 1865 1608 1931 Lucretius,
1669 1880 1972 1934 possessor

325 1953 576 2021 vicinus,
615 1957 782 2008 nocte
802 1953 1101 2024 prazfocari
1125 1953 1254 2008 fecit
1279 1959 1543 2009 sanctam
1566 1952 1971 2017 Beairicem,et

327 2043 410 2098 sic
442 2043 611 2114 quasi
643 2059 675 2096 a
706 2041 938 2097 nemine
961 2043 1084 2113 jam
1118 2041 1969 2114 impcdiendus,possessiones

326 2137 666 2187 sanctorum
688 2131 919 2186 invasit.
951 2131 1057 2186 Ubi
1089 2132 1231 2186 dum
1255 2134 1522 2204 quaedam
1545 2131 1754 2186 mulier
1780 2129 1966 2184 {ilium

327 2220 631 2292 parvulum
675 2221 935 2287 iactaret,
969 2221 1093 2292 ipse
1155 2221 1500 2288 infantulus,
1536 2220 1800 2275 Lucretio
1835 2236 1966 2274 cum

325 2309 714 2382 complicibus
739 2309 864 2365 suis
885 2308 1526 2380 epulante,hujusmodi
1550 2325 1746 2364 vocem
1772 2307 1970 2362 emisit

325 2399 562 2455 dicens:
597 2422 624 2448 «
657 2399 828 2465 Audi,
867 2399 1133 2454 Lucreti:
1168 2397 1433 2455 occidisti
1475 2402 1529 2452 et
1576 2395 1861 2464 invasisti,
1913 2401 1970 2450 et

324 2505 455 2544 ecce
484 2489 657 2543 datus
687 2505 749 2543 es
782 2488 839 2542 in
873 2488 1306 2559 possessionem
1349 2487 1596 2542 inimici.
1635 2510 1662 2534 ››
1701 2486 1784 2540 Ad
1817 2485 1967 2540 hanc

323 2593 521 2631 vocem
555 2577 793 2630 invasus
825 2593 858 2630 a
889 2575 1144 2648 maligno
1179 2576 1386 2648 spiritu
1422 2577 1500 2631 ibi
1535 2577 1594 2630 in
1626 2574 1969 2639 convivio,et

325 2679 428 2735 per
455 2667 574 2719 tres
605 2663 782 2719 horas
815 2669 1076 2736 vexatus,
1117 2665 1313 2720 emisit
1344 2665 1614 2737 spiritum
1647 2663 1964 2732 Lucretius,

325 2757 691 2825 mortemque
721 2754 1139 2825 sempiternam
1175 2754 1456 2810 lucratus.

396 2851 692 2922 Depositio
743 2851 895 2906 beati
959 2852 1105 2923 Lupi
1167 2853 1422 2923 episcopi
1481 2851 1798 2906 Trecasini.
1859 2849 1967 2912 Qui

326 2955 461 2992 cum
484 2939 649 2992 beato
671 2939 980 2992 Germano.
999 2939 1499 2993 Antissiodorensi
1521 2939 1790 3008 episcopo
1813 2937 1970 2992 venit

326 3025 386 3079 in
419 3024 802 3090 Britanniam,
827 3029 884 3079 et
908 3025 1338 3097 quinquaginta
1361 3026 1438 3079 ibi
1458 3025 1629 3080 annis
1646 3023 1966 3080 sacerdotio

326 3114 586 3180 functus,
619 3113 689 3168 ad
723 3113 1221 3185 Cbristum,quem
1254 3131 1486 3186 semper
1515 3113 1734 3180 dilexit,
1761 3115 1968 3170 mundi

325 3219 390 3258 ac
421 3200 639 3257 diaboli
661 3201 861 3268 victor,
887 3202 1168 3258 ascendit.
1195 3203 1462 3274 Quinque
1486 3204 1636 3259 inter
1657 3202 1769 3258 alia
1792 3204 1967 3258 mira-
2002 3176 2044 3242 C

323 3291 456 3348 cula
485 3297 745 3363 tempore
774 3292 929 3364 regis
957 3291 1169 3357 Attilae,
1203 3293 1302 3363 qui
1326 3292 1543 3349 Gallias
1565 3292 1972 3349 crudelissime

324 3381 682 3446 devastabat,
716 3380 870 3435 sicut
890 3381 948 3436 in
981 3381 1197 3453 hymno
1220 3383 1348 3452 ejus
1377 3383 1608 3438 canitur
1632 3401 1644 3439 :
1668 3385 1803 3438 Dum
1828 3383 1973 3437 bella

321 3478 516 3524 cuncta
541 3469 846 3540 perderent,
879 3470 1084 3525 orando
1121 3471 1314 3526 Trecas
1345 3473 1567 3526 muniit.

392 3565 722 3621 Aurelianis
754 3566 1022 3638 Prosperi
1053 3567 1330 3640 episcopi,
1375 3569 1481 3623 viri
1515 3568 1874 3624 sanctissimi
1917 3572 1972 3623 et

324 3654 673 3711 doctissimi.
698 3656 805 3720 Qui
839 3655 1022 3711 multa
1055 3657 1126 3711 ad
1162 3657 1474 3712 utilitatem
1509 3657 1773 3712 Ecclesiae
1833 3674 1970 3713 con-

325 3745 582 3817 scripsit,
616 3745 985 3816 maximeque
1017 3745 1264 3817 gratiam
1285 3747 1384 3801 Dei
1406 3752 1606 3802 contra
1636 3747 1970 3818 superbiam

326 3833 733 3890 haereticorum
765 3835 1066 3890 defensare
1095 3835 1336 3890 curavit.

397 3931 475 3984 III
503 3935 641 3986 KAL.
679 3937 831 3986 AUG.
876 3963 940 3972 —
965 3932 1156 3988 Romae
1179 3932 1239 3986 in
1263 3932 1585 3988 cremeterio
1604 3932 1971 4000 Pontiani,ad

332 4017 547 4072 Ursum
581 4018 890 4087 Pileatum,
926 4021 1199 4076 nativitas
1229 4025 1564 4077 sanctorum
1606 4021 1866 4078 Abdonis
1917 4026 1974 4078 et

326 4105 555 4162 Sennis.
591 4108 745 4172 Quos
770 4107 981 4162 Decius
1013 4109 1070 4162 in
1113 4110 1344 4165 civitate
1381 4111 1688 4166 Persarum
1725 4110 1974 4166 Cordula

327 4194 801 4266 comprehensos,
844 4196 1066 4251 catenis
1095 4196 1317 4254 vinctos
1350 4198 1596 4254 Romam
1625 4200 1884 4272 perduci,
1917 4203 1974 4253 et

327 4289 563 4340 ornatos
594 4300 736 4340 auro
767 4288 941 4356 atque
972 4283 1268 4356 lapidibus
1307 4287 1610 4358 pretiosis:
1648 4289 1703 4342 in
1755 4287 1971 4360 templo

325 4372 598 4429 Intelludi
632 4371 689 4444 If.
723 4373 994 4445 Telluris]
1025 4376 1363 4446 praesentari
1395 4381 1532 4432 sunt
1557 4378 1727 4433 Decio
1759 4395 1823 4433 ac
1880 4395 1968 4434 se-

327 4461 513 4533 natui,
545 4466 601 4518 et
632 4464 789 4518 omni
825 4463 1038 4535 populo
1071 4465 1330 4521 Romano
1355 4467 1486 4522 tacti
1512 4473 1650 4522 sunt
1670 4473 1966 4539 spectacu-

2093 529 2226 578 ante
2259 522 2641 578 simulacrum
2670 521 3073 591 Solisjactare.
3112 519 3217 574 Ubi
3243 519 3563 590 jacuerunt
3625 535 3754 574 cor-

2092 629 2233 684 pora
2263 619 2601 668 sanctorum
2637 611 2821 666 tribus
2852 610 3080 665 diebus.
3124 609 3264 664 Post
3313 610 3541 664 tridum
3589 609 3753 664 venit

2092 701 2331 772 quidam
2365 700 2781 765 subdiaconus,
2815 699 3095 764 Quirinus
3135 698 3398 765 nomine,
3425 703 3486 752 et
3511 697 3754 770 collegit

2094 794 2265 844 noctu
2299 807 2558 863 corpora,
2592 795 2648 844 et
2689 787 3013 843 recondidit
3061 789 3118 842 in
3166 804 3302 844 arca
3351 786 3641 859 plumbea
3693 788 3752 842 in

2091 879 2262 934 domo
2295 897 2402 934 sua
2433 879 2597 934 tertio
2628 877 2920 934 Kalendas
2951 879 3221 950 Augusti.
3275 876 3384 932 L'bi
3440 875 3750 932 latuerunt

2091 985 2276 1040 usque
2303 970 2375 1023 ad
2409 974 2671 1039 tempora
2700 967 3084 1022 Constantini.
3118 967 3284 1022 Tunc
3316 983 3380 1022 se
3411 973 3747 1022 reserantes

2089 1057 2242 1112 beati
2271 1062 2573 1130 martyres,
2606 1056 2774 1112 levati
2808 1060 2948 1112 sunt
2975 1060 3031 1112 et
3066 1054 3337 1112 translati
3377 1055 3439 1111 in
3470 1060 3741 1110 ccemete-

2087 1145 2239 1201 rium
2273 1146 2424 1202 beati
2451 1144 2731 1200 Pontiani.

2160 1244 2222 1299 In
2251 1244 2464 1311 Africa,
2498 1243 2726 1298 civitate
2776 1241 3414 1314 Tyburbolucernaria,
3457 1241 3737 1297 nativitas

2087 1338 2422 1388 sanctarum
2457 1331 2748 1404 virginum
2779 1331 3058 1398 Maxime,
3097 1329 3399 1386 Donatille
3432 1335 3495 1387 et
3523 1335 3735 1386 Secun-

2085 1423 2190 1476 dae.
2224 1421 2356 1484 Quae
2390 1421 2787 1492 persecutione
2814 1419 3058 1476 Gallieni
3090 1421 3201 1475 sub
3253 1419 3734 1490 Anulinojudice

2084 1527 2272 1581 passae
2301 1513 2459 1564 sunt.
2493 1509 2598 1572 Qui
2630 1526 2728 1564 eas
2760 1508 2989 1564 diutina
3011 1509 3164 1565 fame
3194 1527 3260 1564 ac
3292 1509 3388 1564 siti
3409 1510 3482 1565 ad
3519 1525 3736 1582 negan-

2084 1598 2222 1654 dum
2257 1597 2551 1653 Christum
2583 1597 2930 1670 compellere
2975 1602 3240 1666 conatus,
3276 1598 3378 1654 sed
3419 1598 3742 1670 despectus

2084 1693 2593 1759 contemptusque,
2627 1691 2786 1741 aceto
2819 1691 2876 1742 et
2909 1686 3034 1742 felle
3068 1687 3251 1758 potari
3299 1686 3591 1760 praecepit.
3629 1691 3736 1742 De-

2084 1776 2218 1831 inde
2248 1793 2380 1830 cum
2419 1775 2474 1829 in
2508 1779 2823 1848 conspectu
2847 1778 2974 1845 ejus
3005 1775 3408 1832 crudelissime
3437 1777 3740 1831 caederen-

2080 1869 2194 1931 tur,
2221 1865 2407 1936 jussit
2434 1863 2651 1919 calcem
2683 1881 2859 1936 super
2887 1865 3092 1938 plagas
3115 1881 3301 1920 earum
3324 1865 3522 1938 spargi
3547 1872 3607 1920 et
3633 1865 3735 1920 fri-

2081 1953 2234 2009 cari:
2269 1953 2472 2008 exinde
2501 1953 2558 2007 in
2591 1952 2839 2025 equuleo
2871 1954 3107 2009 extendi
3137 1958 3192 2008 et
3231 1953 3474 2026 torqueri
3500 1959 3559 2009 et
3591 1958 3723 2008 sta-

2079 2043 2254 2098 tivam
2287 2045 2387 2113 (ita
2416 2045 2547 2111 ms.)
2577 2043 2647 2098 ad
2672 2041 2991 2098 bibendum
3014 2041 3365 2112 offerri,dein
3391 2059 3560 2114 super
3588 2059 3728 2097 cra-

2079 2118 2320 2188 ticulam
2352 2133 2421 2186 ad
2457 2131 2735 2186 carbones
2766 2130 2968 2204 igneos
3003 2131 3205 2202 sterni,
3259 2137 3315 2186 et
3360 2148 3581 2202 prunas
3633 2148 3731 2185 ar-

2079 2221 2282 2276 dentes
2312 2235 2490 2292 super
2515 2237 2743 2274 comam
2777 2220 2984 2291 capitis
3022 2236 3223 2275 earum
3264 2219 3513 2274 adduci:
3568 2225 3730 2292 post-

2078 2309 2318 2364 modum
2351 2308 2409 2362 in
2441 2307 2666 2363 theatro
2690 2308 2762 2362 ad
2785 2308 3106 2363 ludibrium
3133 2307 3345 2381 deponi
3371 2313 3428 2364 ct
3448 2308 3523 2363 ab
3547 2309 3736 2364 omni-

2079 2397 2186 2452 bus
2219 2396 2565 2452 conculcari.
2599 2396 2862 2468 Cumque
2892 2412 2990 2452 eas
3016 2396 3388 2452 invincibiles
3407 2414 3512 2470 per
3532 2397 3738 2453 omnia

2076 2485 2334 2556 vidisset,
2369 2485 2440 2540 ad
2472 2485 2688 2540 bestias
2721 2485 3040 2550 damnavit,
3072 2490 3130 2541 et
3159 2485 3310 2542 ferro
3343 2485 3603 2553 vinctas,
3661 2487 3734 2542 ad

2077 2574 2477 2648 spectaculum
2511 2575 2709 2647 populi
2739 2575 2944 2630 iterato
2969 2575 3155 2647 jussit
3183 2576 3241 2631 in
3268 2576 3575 2631 theatrum
3610 2593 3735 2648 pro-

2078 2664 2236 2720 duci.
2268 2665 2401 2727 Quae
2433 2680 2566 2718 cum
2600 2664 3110 2720 introducerentur
3159 2664 3216 2718 in
3272 2665 3476 2720 media
3536 2683 3731 2729 arena,

2077 2751 2345 2808 osculatze
2377 2755 2515 2806 sunt
2541 2768 2603 2807 se
2634 2752 2905 2823 invicem,
2934 2757 2998 2808 ut
3023 2753 3372 2826 martyrium
3405 2770 3553 2826 pace
3584 2771 3733 2810 com-

2079 2841 2320 2913 plerent.
2357 2841 2580 2906 Quibus
2611 2841 2909 2897 admissus
2968 2859 3143 2898 ursus
3203 2841 3620 2898 ferocissimus
3673 2860 3737 2899 ac

2079 2930 2524 2996 szevissimus,in
2549 2931 3060 2987 mansuetudinem
3091 2932 3509 3003 versus,pedes
3532 2949 3736 2988 eorum

2080 3018 2297 3092 lingere
2327 3019 2518 3092 coepit.
2552 3020 2715 3075 Tunc
2748 3021 2938 3076 furore
2971 3020 3221 3093 repletus
3246 3020 3578 3089 Anulinus,
3600 3039 3734 3077 sane

2079 3113 2201 3163 ctas
2233 3107 2332 3163 Dei
2365 3114 2648 3182 martyres
2676 3109 2870 3181 gladio
2894 3109 3075 3180 jussit
3104 3109 3348 3165 adverti.

2153 3207 2295 3260 Item
2329 3206 2386 3260 in
2421 3207 2612 3262 Africa
2645 3207 2792 3278 Ruﬁ,
2828 3206 3028 3274 Prisci,
3090 3212 3372 3274 Paterna,
3425 3208 3732 3280 Septima,

2081 3295 2363 3366 Optionis,
2399 3296 2721 3363 Ammonii,
2750 3296 2923 3364 Justi,
2963 3297 3152 3364 Julize,
3209 3296 3531 3353 Potamiae:
3594 3298 3734 3354 item

2080 3382 2367 3438 Maxima.

2150 3472 2549 3529 Antissiodoro
2591 3472 2874 3544 depositio
2915 3473 3068 3529 beati
3102 3474 3230 3531 Ursi
3263 3475 3551 3549 episcOpi.

2155 3581 2224 3634 Il.
2251 3584 2388 3636 KAL.
2412 3583 2563 3637 Avo.
2596 3612 2662 3620 --
2685 3584 2952 3636 Caesarea:
2975 3581 3170 3652 passio
3191 3583 3379 3637 sancti
3408 3582 3740 3639 Fabiimar-

2080 3669 2244 3740 tyris.
2276 3669 2383 3733 Qui
2413 3686 2548 3724 cum
2580 3671 2728 3724 ferre
2758 3669 2966 3725 vexilla
2996 3670 3350 3740 praesidialia
3401 3679 3728 3739 recusaret,

2082 3759 2338 3830 primum
2371 3758 2580 3813 diebus
2637 3758 2860 3830 aliquot
2919 3758 2978 3813 in
3027 3775 3319 3815 carcerem
3361 3764 3554 3814 trusus
3596 3764 3714 3829 est,

2081 3848 2287 3902 deinde
2319 3847 2635 3917 productus
2665 3847 2894 3904 sistitur
2925 3851 3060 3904 ante
3088 3847 3369 3914 tribunal,
3400 3849 3722 3921 interroga-

2082 3941 2180 3992 tus
2211 3935 2390 3990 semel
2420 3941 2477 3991 et
2502 3936 2735 4004 iterum,
2770 3937 2828 3990 in
2860 3937 3077 3992 Christi
3117 3938 3482 3993 confessione
3514 3939 3732 4009 perdu-

2083 4030 2205 4080 rat:
2240 4030 2296 4080 et
2325 4041 2459 4081 mox
2488 4042 2522 4081 a
2550 4025 2865 4081 furibundo
2889 4026 3089 4094 judice
3145 4025 3386 4098 capitali
3438 4027 3736 4083 sententia

2082 4115 2398 4169 damnatus
2429 4119 2556 4169 est:
2592 4115 2764 4185 cujus
2822 4114 3000 4171 etiam
3059 4115 3402 4171 detruncato
3460 4116 3736 4172 cadaveri

2082 4203 2385 4276 sepultura
2430 4221 2531 4276 per
2577 4205 2841 4260 triduum
2896 4206 3006 4261 sub
3060 4205 3327 4260 custodia
3383 4206 3732 4278 negabatur.

2081 4293 2244 4356 Quod
2275 4299 2492 4364 postea,
2525 4291 2767 4349 reticulo
2803 4293 3118 4360 inclusum,
3153 4295 3213 4349 in
3236 4295 3420 4350 maris
3440 4295 3738 4367 profunda

2082 4398 2348 4438 seorsum
2379 4387 2436 4438 et
2463 4399 2729 4438 seorsum
2756 4387 2931 4456 caput
2951 4383 3343 4456 immergitur.
3367 4383 3474 4439 Sed
3498 4383 3739 4440 Domini

2081 4472 2291 4526 virtute
2313 4470 2560 4527 rescisso
2587 4471 2852 4539 reticulo,
2872 4472 3140 4528 membra
3159 4472 3340 4544 capiti
3362 4478 3734 4542 revocantur,

325 4551 546 4618 lum,eo
579 4552 732 4624 quod
765 4558 962 4608 essent
994 4553 1221 4610 nobiles
1246 4559 1303 4610 et
1333 4555 1906 4628 subreguli,insuper
1921 4561 1977 4613 et
2004 4549 2052 4614 D
2083 4565 2143 4616 et
2172 4559 2428 4632 scapulis
2459 4560 2647 4616 cervix
2677 4578 2813 4616 cum
2865 4561 3101 4616 indiciis
3161 4561 3459 4632 passionis
3515 4563 3739 4634 adjun-

327 4657 361 4697 a
391 4639 636 4696 Domino
664 4641 800 4696 Jesu
833 4641 1064 4699 Christo
1118 4643 1396 4698 divinitus
1454 4643 1751 4700 illustrati.
1810 4647 1972 4702 Tunc

327 4729 557 4795 Decius,
586 4730 674 4784 ira
704 4735 1024 4801 permotus,
1050 4733 1232 4802 jussit
1261 4732 1566 4788 Valeriano
1611 4735 1878 4806 praefecto
1910 4742 1975 4792 ut

327 4817 373 4873 si
408 4818 581 4873 deum
616 4817 805 4873 Solem
839 4837 952 4875 non
1004 4821 1329 4888 adorarent,
1392 4822 1644 4877 ferarum
1681 4825 1973 4882 morsibus

326 4906 649 4964 interirent.
684 4907 790 4972 Qui
815 4909 1004 4964 tenuit
1024 4926 1122 4964 eos
1146 4926 1210 4964 ac
1235 4910 1399 4965 duxit
1427 4916 1561 4966 ante
1589 4912 1971 4970 simulacrum

331 4995 482 5051 Solis
503 4997 674 5066 juxta
699 4997 1196 5068 amphitheatrum
1230 5004 1294 5054 ut
1324 4999 1738 5056 sacrificarent.
1772 5003 1881 5058 Sed
1905 5003 1972 5059 il-

326 5083 400 5139 lis
424 5086 966 5153 contemnentibus,
989 5087 1126 5141 etin
1151 5087 1534 5142 simulacrum
1553 5089 1702 5146 Solis
1726 5108 1974 5165 expuen-

328 5173 708 5245 tibus,jussit
729 5175 1075 5230 Valerianus
1100 5181 1161 5230 ut
1187 5192 1320 5230 cum
1346 5175 1667 5247 plumbatis
1689 5183 1971 5238 caederen-

324 5267 459 5331 tur;
492 5264 701 5320 deinde
734 5263 1082 5320 introductis
1113 5265 1169 5318 in
1203 5264 1972 5340 amphitheatrum,admissi

326 5356 469 5409 sunt
498 5353 583 5409 eis
613 5352 812 5408 leones
843 5354 959 5409 duo
990 5357 1044 5410 et
1075 5353 1195 5410 ursi
1227 5359 1515 5426 quatuor:
1552 5358 1653 5429 qui
1678 5361 1975 5431 rugientes

326 5445 612 5498 venerunt
641 5442 712 5496 ad
745 5443 923 5514 pedes
955 5447 1378 5514 sanctorum,et
1400 5446 1736 5504 nullatenus
1758 5465 1854 5506 eos
1877 5449 1972 5504 la:-

327 5533 550 5597 serunt,
585 5531 687 5585 sed
721 5532 906 5604 magis
949 5533 1379 5588 custodiebant.
1435 5535 1772 5593 Valerianus
1817 5555 1971 5612 vero,

329 5618 537 5704 plenus
567 5619 979 5702 furore,jussit
1007 5621 1362 5697 gladiatores
1391 5622 1654 5700 introire,
1686 5632 1744 5686 et
1774 5628 1974 5690 beatos

2083 4649 2276 4722 gitur;
2310 4654 2483 4720 atque
2514 4649 2594 4704 ita
2624 4665 2743 4705 suae
2785 4648 3104 4722 integritati
3163 4649 3460 4706 redditum
3520 4668 3743 4724 corpus

2084 4739 2242 4793 unda
2279 4738 2583 4794 blandiore
2615 4738 2685 4794 ad
2718 4739 3153 4795 Cartenitanum
3187 4738 3358 4796 littus
3386 4745 3743 4808 evectum,et

2084 4829 2374 4900 condzgno
2405 4827 2568 4883 cultu
2600 4846 2632 4883 a
2665 4827 2934 4884 fidelibus
2964 4828 3023 4884 in
3067 4827 3312 4885 basilica
3371 4829 3746 4886 tumulatum

2083 4923 2190 4974 est.

2154 5011 2219 5061 In
2251 5006 2462 5076 Africa,
2496 5005 2733 5067 civitate
2759 5006 3043 5073 Sinnada,
3086 5008 3362 5064 nativitas
3393 5012 3750 5064 sanctorum

2082 5095 2412 5164 Democriti,
2447 5095 2745 5161 Secundae,
2778 5095 3038 5167 Dionysii
3072 5102 3129 5152 et
3148 5096 3357 5170 Tbyrsi
3381 5101 3752 5168 martyrum.

2153 5185 2558 5240 Antissiodoro
2582 5185 2865 5256 depositio
2885 5187 3071 5242 sancti
3093 5187 3366 5242 Germani
3388 5186 3663 5259 episcopi
3690 5191 3754 5242 et

2084 5275 2457 5344 confessoris,
2489 5275 2589 5348 qui
2620 5275 2820 5330 multis
2855 5275 3192 5341 virtutibus,
3227 5275 3496 5331 doctrina
3520 5280 3584 5330 et
3607 5292 3754 5331 con-

2082 5363 2330 5419 tinentia
2359 5363 2572 5430 clarus,
2607 5364 2785 5418 etiam
2816 5364 3126 5421 Britonum
3186 5363 3364 5420 ﬁdem
3423 5380 3530 5436 per
3595 5364 3754 5420 dun

2085 5453 2235 5509 vices
2265 5471 2300 5508 a
2347 5452 2659 5525 Pelagiana
2713 5452 2918 5508 haeresi
2950 5453 3231 5510 defendit.
3293 5454 3476 5524 Cujus
3534 5457 3748 5510 tamen

2085 5541 2368 5597 festivitas
2399 5541 2669 5596 Kalendis
2695 5540 2958 5597 Octobris
2988 5543 3144 5616 apud
3175 5541 3513 5601 Gallicanae
3542 5541 3748 5600 Eccle-

2086 5629 2206 5689 sias
2237 5629 2521 5690 celebrior
2551 5630 2818 5689 habetur.
