4012 6198
288 402 441 465 1129

908 535 1302 594 AUGUSTUS.

552 624 827 696 Augustus
847 626 1003 681 habet
1034 626 1148 683 dies
1165 644 1319 694 xxxx,
1352 629 1471 682 Iun.
1506 644 1656 681 xxxx.

357 747 492 803 ΚΑΙ..
523 749 670 804 Anc.
702 779 771 789 —
799 751 966 820 Apud
1000 750 1369 806 Antiochiam
1428 749 1601 822 Syriae
1647 748 1927 804 nativitas

283 840 506 907 septem
536 836 782 892 fratrum
818 837 1285 894 Machabaaorum
1318 854 1450 893 cum
1484 842 1692 904 matre,
1728 837 1929 909 qui,ut

283 924 489 980 beatus
516 925 879 995 Augustinus
911 926 1011 993 ait,
1074 950 1102 976 «
1153 932 1287 983 ante
1343 932 1609 998 tempora
1664 926 1925 982 revelatis

283 1013 861 1084 gratiae,multimoda
892 1016 1164 1086 passione
1194 1016 1419 1087 probati
1453 1014 1650 1071 ﬁdeles
1683 1019 1823 1070 sunt
1839 1015 1925 1085 in-

282 1101 454 1155 venti.
489 1100 643 1165 Quos
680 1102 1125 1161 crudelissimus
1181 1104 1555 1160 Antrichristi
1614 1121 1929 1175 praacessor

281 1189 595 1245 Antiochus
626 1191 697 1245 de
729 1192 917 1262 patria
945 1191 1275 1248 eliminatos
1335 1192 1551 1265 gentile
1605 1192 1796 1247 solum
1827 1209 1925 1249 sa-

282 1278 361 1333 cri
394 1278 702 1351 sanguinis
732 1280 1015 1338 effusione
1049 1281 1202 1351 fecit,
1235 1281 1468 1338 invidus
1502 1286 1678 1352 atque
1702 1280 1926 1336 inscius

282 1382 639 1435 consecrare,
675 1390 706 1417 ››

350 1456 545 1511 Romae
576 1457 751 1513 statio
778 1458 849 1514 ad
909 1463 1178 1513 sanctum
1232 1462 1470 1513 Petrum
1530 1459 1600 1513 ad
1658 1458 1923 1515 Vincula.

280 1546 466 1609 Quam
494 1545 951 1617 ecclesiamipse
987 1548 1213 1618 primus
1266 1547 1323 1602 in
1385 1547 1613 1617 Europa
1672 1548 1924 1619 primam

279 1633 609 1688 construxit
639 1638 696 1690 et
723 1636 1097 1691 consecravit.
1128 1638 1190 1691 In
1220 1654 1336 1708 qua
1366 1636 1741 1708 postmodum
1775 1640 1925 1691 cate-

278 1722 612 1793 na3,quibus
633 1724 789 1795 apud
816 1724 1283 1796 Hierosolymam
1313 1724 1540 1781 vinctus
1572 1730 1628 1780 et
1657 1742 1690 1779 a
1709 1725 1927 1795 quibus

276 1811 541 1883 angelica
564 1812 893 1869 visitatione
919 1813 1148 1869 solutus
1164 1813 1543 1882 est,ﬁdelium
1564 1831 1705 1869 cura
1726 1813 1925 1884 posita:

276 1905 625 1971 expetuntur
652 1907 709 1955 et
734 1901 1009 1957 coluntur
1038 1904 1195 1959 orbis
1240 1902 1650 1974 quadripartiti
1681 1919 1919 1958 venera-
1952 1908 1999 1974 Β

275 1988 452 2060 tione,
482 1988 634 2045 sicut
665 1990 841 2047 etiam
873 1990 1164 2046 distichon
1191 1991 1675 2062 antiquissimum
1710 1992 1780 2047 de
1802 1991 1920 2047 illis

275 2081 547 2135 testatur.

349 2167 410 2222 In
442 2165 674 2233 Arabia,
708 2166 937 2221 civitate
967 2166 1387 2239 Philadelphia,
1419 2169 1678 2240 synodus
1708 2168 1941 2241 marty-'

279 2271 407 2310 rum
438 2255 787 2311 celebratur.

344 2343 570 2400 Ibidem
603 2344 877 2400 nativitas
927 2348 1264 2400 sanctorum
1324 2350 1647 2418 martyrum
1697 2346 1916 2418 Cyrilli,

274 2432 510 2505 Aquilae,
542 2432 718 2501 Petri,
755 2433 1086 2505 Domitiani,
1123 2434 1271 2504 Ruﬁ,
1308 2433 1629 2503 Menandri,
1678 2452 1795 2490 una
1824 2436 1917 2492 die

275 2520 454 2577 simul
487 2526 918 2577 coronatorum.

342 2612 408 2667 In
437 2609 861 2677 ltalia‘,civitate
891 2610 1381 2677 Vercellis,sancti
1402 2612 1635 2667 Eusebii
1661 2611 1916 2684 episcopi

272 2706 328 2753 et
357 2700 726 2755 confessoris.
761 2699 867 2765 Qui
900 2701 971 2755 ob
1004 2700 1430 2755 confessionem
1462 2700 1759 2756 catholica:
1782 2700 1917 2756 ﬁdei

273 2805 302 2842 a
336 2788 717 2843 Constantino
774 2789 1037 2860 principe
1093 2788 1488 2861 Scythopolim
1546 2790 1794 2857 Arabiae,
1851 2805 1917 2845 ac

272 2876 481 2933 deinde
512 2877 935 2948 Cappadociam
968 2877 1396 2949 relegatus,sub
1418 2877 1650 2933 Juliano
1671 2878 1917 2949 impera-

275 2971 395 3020 tore
417 2966 488 3020 ad
523 2965 836 3020 Ecclesiam
870 2956 1038 3020 suam
1071 2982 1361 3031 reversus,
1410 2966 1747 3029 novissime,
1781 2981 1915 3037 per-

274 3054 653 3125 sequentibus
684 3054 934 3119 Arianis,
968 3053 1311 3126 martyrium
1371 3052 1661 3109 scalarum
1723 3060 1912 3111 tractu

276 3142 723 3214 perpessus.sed
752 3141 1043 3197 Salvatore
1071 3142 1211 3196 Jesu
1244 3142 1472 3209 Christo
1504 3149 1771 3199 servante
1801 3144 1915 3199 sal-

273 3236 462 3296 vatus,
494 3229 554 3284 in
586 3245 723 3301 pace
753 3228 1020 3285 Ecclesiae
1083 3229 1302 3284 circum
1362 3231 1746 3285 confessionis
1795 3249 1914 3286 suae

273 3316 702 3373 consummavit
733 3317 896 3388 prius
927 3316 1038 3371 sibi
1095 3317 1315 3371 Visione
1357 3318 1626 3383 revelata,
1660 3319 1799 3388 quia
1849 3318 1909 3374 in

272 3406 816 3478 Kalend.Augustia
838 3410 1034 3461 monte
1047 3406 1117 3461 ad
1150 3409 1407 3461 montem
1434 3405 1626 3461 volare
1658 3408 1910 3463 deberet.

271 3497 433 3559 Quod
454 3496 649 3550 Patres
680 3495 760 3549 ita
780 3494 1403 3566 interpretantur,quia
1424 3495 1689 3551 videlicet
1709 3496 1779 3549 ab
1804 3496 1913 3552 hu-

274 3584 554 3641 manitate
598 3583 809 3639 Christi
864 3600 1036 3654 quem
1084 3600 1284 3639 verum
1316 3584 1500 3638 Deum
1543 3589 1777 3655 propter
1810 3602 1915 3641 nos

272 3674 570 3731 hominem
602 3674 819 3729 factum
854 3672 911 3728 in
940 3672 1109 3729 terris
1161 3673 1465 3728 confessus
1496 3678 1603 3741 est,
1637 3674 1707 3727 ad
1740 3673 1914 3729 visio-

273 3780 409 3819 nem
445 3763 540 3819 Dei
576 3761 783 3828 Patris,
809 3762 1063 3833 Spiritus
1094 3760 1279 3816 sancti
1306 3761 1493 3832 gratia
1550 3760 1914 3835 sublevante,

277 3856 433 3908 esset
458 3856 846 3924 perventurus
876 3850 935 3904 in
966 3849 1149 3917 caslis,
1181 3850 1401 3906 eisdem
1433 3850 1726 3907 Kalendis.

346 3945 414 3995 In
444 3938 1000 4012 Hispaniis,civitate
1033 3938 1519 4007 Gerunda,sancti
1550 3939 1753 3995 Felicis
1775 3957 1923 3996 mar-

276 4029 442 4102 tyris.
477 4030 584 4093 Qui
616 4029 685 4084 de
718 4028 1038 4100 Scyllitana
1066 4027 1297 4083 civitate
1319 4028 1767 4097 oriundus,cum
1791 4046 1921 4102 per-

276 4118 609 4173 secutiones
642 4118 699 4172 in
752 4115 1053 4188 Hispaniis
1113 4116 1392 4171 adversus
1433 4116 1793 4173 Christianos
1825 4119 1919 4191 agi

273 4206 931 4277 comperisset,ascensa
962 4209 1349 4259 mercatorum
1382 4204 1510 4259 navi
1545 4222 1743 4261 amore
1775 4223 1925 4262 mar-

274 4296 406 4367 tyrii
438 4295 599 4352 ocius
630 4294 972 4350 accurrit.Et
1001 4310 1136 4349 cum
1173 4292 1516 4365 aliquandiu
1547 4296 1702 4367 apud
1733 4296 1921 4352 Barci-

280 4401 525 4450 nonam,
559 4383 865 4455 Empurias
897 4387 954 4437 et
983 4383 1312 4439 Gerundam
1336 4384 1577 4439 verbum
1596 4382 1696 4439 Dei
1719 4385 1930 4456 przedi-

283 4490 444 4541 cans,
476 4473 763 4545 plurimos
792 4472 852 4528 in
886 4472 1002 4527 ﬁde
1031 4471 1244 4526 Christi
1286 4472 1751 4538 confortasset,et
1775 4475 1927 4530 fama

282 4563 411 4632 ejus
440 4562 613 4636 longe
645 4560 878 4633 lateque
921 4560 1328 4631 crebresceret,
1350 4560 1597 4632 jubente
1656 4561 1924 4631 Datiano,

1318 400 2028 468 MARTYROLOGIUM.
2060 436 2138 449 --
2174 402 2404 466 MENS.
2455 405 2640 468 ΑΗΒ.

1956 539 2011 604 Α
2040 539 2220 593 totam
2253 542 2480 594 noctem
2514 536 2791 610 splendor
2821 539 3093 612 copiosus
3126 536 3367 604 effulsit,
3424 545 3481 595 et
3510 556 3677 605 voces

3519 406 3683 475 me

2038 625 2378 695 angelorum
2425 625 2805 698 psallentium
2865 632 3005 684 sunt
3034 628 3265 695 auditae.
3325 629 3485 694 Quod
3544 645 3680 687 cum

2039 714 2371 769 nuntiatum
2400 714 2602 772 fuisset
2628 716 2837 772 Ruﬁno
2868 734 2901 772 a
2922 718 3288 785 custodibus,
3308 716 3491 789 jussit
3520 732 3683 785 eum,

2040 803 2309 857 manibus
2340 808 2473 875 post
2501 809 2728 877 tergum
2760 805 3043 879 ligatis,in
3074 806 3253 862 maris
3282 805 3571 878 profunda
3591 804 3689 865 de-

2039 891 2220 961 mergi
2254 891 2351 945 ubi
2386 893 2661 948 continuo
2693 894 2927 951 vincula
2955 896 3084 966 ejus
3140 896 3408 966 disrupta
3435 898 3595 965 sunt,
3626 896 3687 957 et

2038 980 2260 1052 angelis
2296 981 2404 1035 sibi
2440 998 2677 1037 manum
2710 984 3045 1039 tenentibus
3077 1000 3253 1055 super
3272 984 3462 1043 undas
3484 984 3683 1040 deam-

2036 1068 2245 1124 bulans
2274 1070 2343 1124 ad
2374 1068 2539 1127 littus
2571 1072 2911 1128 venit.Tunc
2931 1073 3180 1129 Ruﬁnus
3228 1072 3411 1143 jussit
3458 1071 3677 1133 iterum

2036 1163 2228 1213 cutem
2259 1159 2387 1228 ejus
2421 1160 2657 1231 ungulis
2678 1160 2902 1216 detrahi
2926 1178 2991 1217 ac
3012 1162 3222 1219 deinde
3245 1177 3431 1234 usque
3454 1161 3524 1219 ad
3549 1177 3684 1227 ossa

2036 1245 2265 1311 laniari,
2299 1252 2355 1302 et
2380 1247 2580 1303 tandiu
2609 1248 2849 1306 vulnera
2878 1251 3218 1307 vulneribus
3240 1250 3683 1319 instaurava

2036 1352 2147 1406 que
2178 1336 2317 1391 dum
2346 1336 2623 1393 invictum
2657 1337 2882 1397 Christo
2914 1340 3187 1411 spiritum
3216 1340 3679 1413 reddidit.Cujus

2035 1440 2245 1495 corpus
2275 1424 2557 1482 Gerunda:
2594 1426 2652 1481 in
2685 1432 3064 1484 monumento
3096 1429 3251 1499 quod
3273 1428 3385 1487 sibi
3416 1429 3541 1500 ipse
3562 1444 3679 1503 pra

2036 1518 2340 1585 paraverat
2370 1514 2671 1569 conditum
2707 1520 2796 1571 est
2828 1516 3008 1572 Nonis
3036 1517 3303 1589 Augusti.

2112 1603 2171 1656 In
2206 1601 2650 1667 Gallia,civitate
2676 1603 2932 1662 Biturica
2962 1604 3247 1677 depositio
3269 1605 3423 1663 beati
3443 1604 3679 1661 Arcadii

2036 1690 2314 1762 episcopi.

2109 1796 2180 1851 IV
2211 1797 2356 1854 Nox.
2388 1803 2538 1854 Anc.
2575 1830 2640 1838 —
2675 1799 2897 1869 Romae,
2934 1800 2993 1855 in
3040 1800 3373 1859 coemeterio
3429 1799 3678 1869 Caliixti,

2037 1886 2311 1941 nativitas
2342 1887 2529 1941 sancti
2562 1887 2838 1958 Stephani
2874 1904 3032 1959 papas
3063 1893 3120 1944 et
3140 1888 3551 1961 martyris,s_u.b
3572 1888 3682 1947 Vaa-

2028 1974 2248 2030 leriano
2277 1980 2334 2031 et.
2361 1975 2623 2032 Gallieno
2651 1976 3045 2047 principibus.
3114 1977 3219 2032 Hic
3250 1977 3559 2035 constituit
3615 1980 3680 2033 ut

2030 2064 2358 2119 sacerdotes
2390 2068 2444 2118 et
2473 2064 2657 2118 levites
2689 2069 2876 2119 vestes
2898 2081 3095 2119 sacras
3120 2066 3174 2118 in
3203 2066 3543 2136 quotidiana
3566 2081 3679 2125 usu

2029 2170 2144 2208 non
2177 2152 2459 2207 haberent
2488 2153 2600 2210 nisi
2660 2157 2888 2208 tantum
2948 2153 3007 2208 in
3041 2152 3305 2209 ecclesia.
3371 2153 3479 2219 Qui
3534 2170 3673 2209 cum

2030 2241 2355 2313 persecutio
2386 2258 2536 2296 saeva
2565 2247 2932 2314 grassaretur
2992 2247 3340 2314 congregato
3400 2240 3675 2301 universo

2030 2329 2179 2385 clero
2212 2347 2338 2397 suo,
2373 2330 2717 2386 hortabatur
2745 2348 2844 2386 eos
2876 2335 2940 2387 ut
2970 2348 3073 2404 pro
3130 2330 3361 2386 Christo
3395 2347 3672 2389 coronam

2029 2419 2289 2490 martyrii
2319 2417 2586 2475 alacriter
2617 2419 2998 2492 susciperent.
3060 2420 3441 2477 Ordinaverat
3470 2424 3671 2477 autem

2028 2512 2143 2563 tres
2169 2508 2538 2580 presbyteros
2561 2515 2617 2563 et
2646 2514 2867 2580 septem
2908 2509 3204 2577 diaconos,
3228 2514 3283 2566 et
3313 2508 3555 2565 clericos
3584 2525 3675 2566 se-

2028 2596 2239 2660 decim,
2272 2613 2405 2651 cum
2438 2597 2653 2667 quibus
2684 2598 2754 2653 de
2787 2614 2962 2670 regno
2998 2597 3093 2653 Dei
3124 2597 3358 2653 assidue
3409 2597 3673 2657 docebat.

2032 2686 2230 2739 Divina
2261 2690 2450 2740 autem
2486 2686 2672 2756 gratia
2703 2692 3066 2758 procurante.
3092 2686 3477 2742 occurrebant
3506 2683 3677 2740 multi

2028 2790 2093 2827 ex
2118 2772 2519 2843 gentilibus,et
2550 2773 2780 2828 honesti
2812 2774 2917 2827 viri
2954 2778 3015 2827 ut
3047 2774 3483 2845 baptizarentur
3511 2772 3582 2827 ab
3606 2788 3672 2826 eo

2028 2862 2178 2916 inter
2213 2878 2360 2932 quos
2384 2861 2688 2917 Nemesius
2704 2862 2978 2917 tribunus
3011 2878 3144 2915 cum
3176 2860 3333 2919 omni
3365 2876 3473 2916 sua
3502 2860 3673 2915 domo

2029 2950 2263 3021 liliaque
2295 2967 2422 3015 sua,
2457 2949 2693 3004 nomine
2727 2948 2971 3015 Lucilla,
3008 2966 3133 3020 qua;
3167 2965 3315 3003 caeca
3346 2950 3552 3018 erat,at
3572 2963 3677 3019 per

2027 3038 2262 3094 beatum
2296 3038 2657 3112 Stephanum
2691 3036 3023 3093 illuminata
3056 3038 3263 3105 fuerat;
3295 3045 3349 3092 el
3371 3036 3676 3108 Olympius

2027 3127 2171 3182 alter
2199 3127 2473 3181 tribunus
2503 3143 2637 3181 cum
2671 3144 2846 3181 uxore
2903 3143 3012 3181 sua
3066 3125 3379 3197 Exuperia,
3440 3130 3497 3180 et
3552 3123 3674 3180 ﬁlio

2029 3215 2412 3281 Theodulo,et
2443 3214 2572 3268 aliis
2587 3214 3034 3285 plurimis.Quid
3062 3220 3263 3285 postea
3283 3213 3540 3285 gloriosa
3560 3230 3667 3269 con

2031 3302 2281 3356 fessione
2295 3302 2554 3372 martyrii
2570 3301 2825 3371 palmam
2844 3300 3673 3373 promeruerunt.Celebrahat

2027 3394 2221 3445 autem
2256 3390 2457 3443 beatus
2485 3389 2826 3459 Seephanus
2858 3388 3069 3443 missas
3102 3394 3275 3459 atque
3305 3388 3551 3444 concilia
3572 3404 3675 3459 per

2030 3482 2260 3550 cryptas
2293 3481 2636 3547 martyrum.
2672 3478 2855 3542 Quem
2888 3475 3232 3531 Valerianus
3282 3482 3339 3530 et
3393 3475 3672 3533 Galienus
3774 3536 3775 3539 η

2029 3583 2262 3622 summo
2294 3564 2510 3619 sttudio
2533 3564 2921 3635 perquisitum
2954 3565 3151 3620 missis
3175 3564 3462 3620 militibus
3486 3566 3670 3622 teneri

2048 3659 2431 3711 eceruntcum
2448 3652 2820 3708 multitudine
2835 3652 3675 3726 clericorum,presbyterorum

2027 3752 2083 3801 et
2112 3744 2511 3808 diaconorum,
2547 3742 2653 3808 Qui
2684 3742 2920 3798 veniens
2970 3744 3041 3798 ad
3074 3742 3332 3799 tribunal
3376 3743 3675 3799 Valeriani

2029 3833 2189 3889 solus
2220 3832 2476 3899 intravit,
2510 3836 2566 3886 et
2594 3832 3018 3886 condemnatus
3049 3833 3119 3887 ad
3152 3836 3426 3899 mortem,
3464 3833 3677 3904 perdu-

2031 3928 2161 3977 ctus
2192 3926 2279 3976 est
2308 3938 2342 3975 a
2374 3920 2661 3975 militibus
2694 3920 2847 3975 foras
2900 3937 3101 3976 muros
3154 3924 3330 3991 portae
3378 3919 3575 3993 Appiae
3601 3920 3675 3976 ad

2031 4009 2316 4081 templum
2347 4008 2544 4063 Martis
2568 4013 2629 4062 ut
2662 4009 2739 4063 ibi
2768 4013 2869 4063 aut
2899 4008 3284 4063 simulacrum
3317 4008 3519 4064 Martis
3551 4008 3687 4065 ado-

2034 4103 2189 4154 raret
2219 4104 2320 4153 aut
2348 4097 2631 4153 interiret.
2667 4102 2882 4153 Orante
2933 4102 3131 4153 autem
3166 4098 3336 4153 beato
3390 4098 3685 4171 Stephano

2036 4188 2220 4242 Deum
2256 4204 2458 4250 suum,
2494 4187 2643 4241 facto
2678 4188 2902 4259 fragore
2934 4186 3174 4242 tonitrui
3206 4203 3340 4242 cum
3372 4187 3693 4243 terroribus

2037 4292 2281 4331 corusca
2296 4276 2547 4341 tionum,
2581 4275 2799 4329 corruit
2826 4292 2961 4347 pars
2993 4276 3248 4331 maxima
3280 4275 3485 4347 templi
3518 4274 3697 4329 sacri-

2036 4365 2169 4437 legi,
2206 4369 2264 4418 et
2296 4362 2515 4419 milites
2548 4364 2829 4435 pavefacti
2861 4364 3157 4438 fugerunt.
3194 4366 3321 4435 Ipse
3378 4380 3511 4417 vero
3555 4379 3692 4418 cum

2037 4452 2309 4510 omnibus
2336 4452 2682 4507 Christianis
2710 4454 2779 4507 ad
2805 4452 3198 4507 cmmeterium
3231 4455 3443 4507 sancta:
3462 4450 3693 4507 Lucina

2039 4542 2307 4614 perrexit,
2341 4546 2397 4597 et
2428 4542 2631 4597 multis
2682 4557 2781 4597 eos
2812 4540 3147 4596 consolatus
3182 4540 3556 4595 sermonibus
3588 4540 3691 4596 ob»

284 4628 525 4724 repente
544 4628 591 4707 ἶ).
612 4628 821 4708 Rufino
849 4649 1083 4706 ofﬁciali
1122 4628 1318 4705 tentus
1341 4628 1705 4722 estzcumque
1728 4628 1926 4707 nomer

2053 4630 2185 4687 tulit
2216 4648 2317 4703 pro
2349 4632 2432 4685 eis
2454 4630 2806 4685 sacriﬁcium
2835 4628 3509 4700 DeoomnipotentiQuze
3532 4633 3697 4701 gesta

284 4718 502 4795 Christi
533 4739 1009 4796 constantissime
1038 4739 1530 4811 fateretur,primo
1556 4718 1810 4795 fustibus
1834 4756 1937 4796 οω-
2047 4720 2293 4811 ξλυάίοοε
2324 4718 2669 4811 Valerianus
2703 4719 2865 4811 ’“lslt
2923 4718 3209 4811 ριυξίφοε
3259 4718 3531 4811 militum
3588 4719 3693 4791 qni

288 4845 416 4893 sus,
440 4833 497 4885 et
527 4828 584 4886 in
616 4829 736 4884 ima
767 4826 1014 4884 carceris
1044 4831 1243 4883 trusus
1277 4826 1485 4882 deinde
1535 4828 1807 4883 manibus
1841 4846 1926 4901 pe-

2047 4810 2284 4867 beatum
2314 4808 2678 4878 Stephanum
2706 4807 3114 4878 punirent.Qui
3141 4808 3437 4863 venientes
3460 4808 3698 4863 invene-

293 4917 590 4989 dibusque
618 4917 838 4989 ligatis,
874 4920 1077 4988 negato
1110 4915 1236 4971 cibo
1269 4920 1328 4970 et
1347 4920 1512 4988 potu,
1537 4918 1590 4970 in
1624 4916 1749 4972 loco
1774 4895 1942 4989 aqua.
2051 4903 2189 4989 “illi
2218 4914 2349 4951 cum
2386 4895 2738 4951 sacrmdum
2773 4895 2889 4950 Deo
2923 4896 3293 4989 Oller‘inte'f‘f
3315 4912 3489 4989 fluam
3522 4897 3704 4989 in"?

2054 4987 2260 5058 pidum
2293 4991 2350 5040 et
2379 4990 2743 5040 constantem
2769 4989 2903 5039 ante
2936 4984 3139 5039 altaris
3175 4985 3386 5047 ofﬁcia,
3429 4989 3490 5039 et
3517 4988 3705 5055 ccepta

2060 5074 2476 5147 perﬁcientem,
2510 5074 2566 5128 in
2600 5074 2800 5128 eodem
2833 5072 2980 5142 loco,
3016 5074 3077 5128 in
3121 5091 3229 5128 sua
3260 5074 3397 5128 sede
3454 5071 3711 5129 decolla-

2062 5169 2219 5219 runt.

297 5005 415 5061 lido
443 5008 736 5079 projectus
767 5010 873 5062 est.
898 5006 1033 5061 Post
1064 5005 1183 5059 haec
1215 5005 1387 5060 etiam
1414 5006 1634 5061 catenis
1666 5007 1945 5079 graviori-

295 5095 412 5150 bus
441 5096 691 5167 vinctus,
728 5113 829 5167 per
858 5100 1009 5149 totas
1040 5096 1262 5165 plateas
1313 5096 1385 5150 ab
1416 5094 1719 5151 indomitis
1770 5095 1946 5150 mulis

292 5190 522 5241 tractus
551 5190 609 5240 et
648 5202 793 5257 pene
848 5184 908 5238 in
944 5184 1129 5239 frusta
1187 5183 1515 5254 discerptus
1572 5190 1660 5239 est
1694 5184 1941 5251 ;deinde

300 5274 523 5330 missus
556 5274 613 5327 in
648 5289 962 5339 carcerem,
997 5276 1163 5327 nocte
1213 5272 1282 5325 ab
1314 5272 1519 5345 angelo
1577 5274 1848 5328 visitatus
1894 5278 1953 5329 et

303 5361 536 5418 solutus
567 5366 740 5433 atque
769 5365 1011 5414 sanatus
1056 5360 1184 5426 fuit,
1235 5360 1503 5431 factoque
1562 5362 1654 5415 dic
1714 5362 1783 5415 ad
1829 5378 1949 5417 cer-

2138 5272 2197 5325 In
2231 5269 2534 5325 Antiochia
2574 5269 2844 5325 nativitas
2905 5269 3285 5343 reliquiarum
3346 5270 3531 5326 sancti
3581 5269 3712 5325 Ste-

2066 5360 2243 5431 phani
2277 5360 2721 5431 protomartyris
2751 5360 2963 5414 Christi
3016 5364 3072 5414 et
3103 5358 3275 5431 primi
3336 5361 3394 5413 in
3452 5357 3711 5413 Ecclesia

2066 5449 2294 5504 diaconi
2331 5466 2342 5503 :
2380 5447 2478 5501 ubi
2513 5448 2712 5502 haberi
2746 5448 2959 5503 dicitur
2987 5465 3137 5503 unus
3170 5448 3239 5502 de
3266 5446 3560 5518 lapidibus
3581 5446 3708 5517 qui-

2071 5540 2182 5594 bus
2212 5539 2270 5591 in
2300 5536 2570 5609 passione
2601 5554 2707 5591 sua
2738 5554 3058 5608 percussus
3091 5540 3264 5601 est,et
3296 5536 3513 5592 multas
3545 5536 3705 5591 sani-

2069 5632 2218 5683 tates
2251 5644 2351 5699 per
2381 5642 2511 5681 eum
2546 5626 2695 5680 ﬁeri.

2140 5716 2355 5773 Eodem
2389 5714 2479 5772 die
2510 5713 2703 5791 passio
2752 5720 2962 5773 sanctis
2995 5715 3307 5773 Theodotaa
3340 5732 3476 5772 cum
3519 5714 3714 5777 tribu!

309 5452 534 5505 tamina
565 5453 865 5504 revocatus
925 5453 1030 5502 est.
1092 5449 1255 5501 Tunc
1306 5448 1543 5520 ungulis
1604 5450 1954 5519 excoriatus,

308 5540 500 5608 capite
531 5537 757 5592 inverso
797 5536 868 5589 ab
901 5535 1043 5590 hora
1072 5536 1245 5589 tertia
1280 5553 1465 5608 usque
1524 5538 1593 5591 ad
1653 5556 1955 5612 vesperam

299 5642 664 5698 suspensus,
699 5624 925 5679 nullum
961 5624 1193 5696 penitus
1224 5626 1407 5680 sensit
1432 5624 1712 5682 dolorem.
1740 5628 1959 5684 Deinde

298 5718 359 5775 in
390 5730 692 5774 carcerem
725 5712 971 5769 Ruﬁnus
1024 5729 1159 5768 eum
1186 5713 1335 5770 tradi
1365 5716 1659 5791 praecepit,
1694 5717 1795 5775 ubi
1852 5734 1957 5793 per

599 5844 866 5928 Pareat.
909 5840 1173 5929 CXXXI.
3367 5842 3450 5926 36
