4012 6198
332 342 486 408 4435

601 415 654 443 ,οδ

1205 347 1278 408 Β.
1326 348 1674 411 NOTKERI
1716 349 2056 414 BALBULI
2101 350 2169 412 S.
2212 351 2446 413 GALLI
2487 349 2845 415 MONACHI

3576 354 3714 416 “36

333 475 611 550 martyris
637 493 771 534 vero
801 477 1047 536 Hilarini
1073 495 1209 538 ossa
1237 481 1297 537 in
1330 482 1560 540 civitate
1581 484 1746 540 Ostia
1773 487 1976 540 tumu-
2004 485 2060 552 Α
2089 483 2206 538 veri
2235 483 2561 556 presbyteri
2592 487 2650 541 et
2665 485 3166 550 confessoris.Qui
3197 486 3405 558 utejus
3433 490 3722 543 testantur

332 565 809 638 Istaiservantur.

402 655 575 728 Apud
610 655 991 713 Mediolatum
1026 661 1216 716 sancti
1247 661 1533 734 Faustini,
1567 666 1827 734 tempore
1854 668 1977 717 Au—

332 742 458 799 relii
488 745 790 801 Commodi
821 749 1199 820 martyrizati.

399 834 568 906 Apud
599 835 958 906 provinciam
992 837 1283 908 Rhetiam,
1316 839 1546 896 civitate
1567 843 1848 913 Augusta,
1882 858 1980 896 na-

330 925 525 981 tivitas
555 927 1290 997 sanctauiatraaﬂuaﬁcum
1321 934 1475 985 esset
1507 947 1736 1002 pagana
1765 935 1822 986 et
1851 947 1976 985 me-

333 1015 530 1086 retrix,
565 1032 666 1087 per
689 1016 1047 1087 doctrinam:
1052 1019 1241 1074 sancti
1259 1018 1548 1089 ,‘gNarcissi
1580 1019 1980 1075 Gerundensis

331 1104 614 1178 episcopi,
647 1122 713 1161 eo
748 1107 1128 1178 perfgratiam
1157 1108 1258 1164 Dei
1289 1108 1516 1176 directi,
1549 1109 1622 1164 ad
1680 1108 1978 1164 Christum

333 1210 632 1264 conversa,
665 1199 887 1251 etcum
944 1197 1104 1252 omni
1153 1196 1327 1253 domo
1375 1214 1484 1252 sua
1530 1197 1842 1268 baptizata,
1875 1213 1978 1268 pro

334 1283 700 1340 confessione
733 1283 966 1341 Domini
996 1303 1131 1341 cum
1162 1290 1350 1341 matre
1379 1285 1598 1342 Hilaris.
1649 1291 1706 1340 et
1745 1284 1976 1357 puellis,

336 1373 541 1447 Digna,
574 1374 857 1432 Eumenia
881 1375 1210 1446 [Eunomia]
1243 1379 1300 1430 et
1357 1375 1666 1447 Euprepia,
1725 1374 1846 1446 igni
1893 1378 1982 1430 est

334 1464 570 1522 tradita.

404 1553 483 1608 VI
514 1555 596 1609 In.
630 1555 776 1609 Avo.
808 1584 876 1594 ——
908 1553 1104 1609 Romae
1162 1554 1434 1610 nativitas
1490 1554 1677 1610 sancti
1739 1552 1980 1626 Cyriaci.

333 1643 442 1708 Qui
472 1646 606 1714 post
631 1641 868 1714 longam
890 1643 1141 1698 carceris
1166 1643 1822 1716 macerationem,quam
1870 1643 1982 1698 sub

325 1732 681 1788 Maximiano
711 1731 1118 1804 pertulitﬁeum
1161 1732 1419 1788 Sisinnio
1466 1732 1824 1788 condiacono
1850 1748 1980 1798 suo,

333 1826 391 1879 et
419 1821 604 1895 Largo
631 1825 692 1878 et
719 1821 1231 1894 Smaragdofpost
1261 1821 1447 1878 multa
1499 1821 1979 1921 factamiracula,
2011 1859 2059 1924 B

335 1910 644 1983 injquibus
677 1911 860 1968 tiliam
889 1910 1255 1977 gDiocletiani
1297 1911 1615 1967 Artemium
1659 1911 1848 1982 ipsius
1888 1927 1979 1966 ro-

333 2006 474 2074 gatu
507 2019 540 2057 a
568 2001 855 2058 daemonio
885 2002 1110 2057 curavit
1140 2017 1204 2056 ac
1235 2000 1586 2072 baptizavit:
1621 1999 1803 2054 ﬁliam
1835 2015 1979 2070 quo-

333 2101 449 2163 que
478 2090 717 2163 Saporis
748 2090 902 2162 regis
933 2095 1244 2146 Persarum
1273 2090 1521 2158 Jobiam,
1566 2089 1788 2144 missus
1816 2087 1916 2144 illo
1947 2105 1981 2144 a

334 2179 694 2237 Diocletiano
725 2196 828 2252 pro
860 2179 991 2251 hoc,
1025 2179 1483 2251 azquelliberavit
1512 2196 1547 2235 a
1584 2179 1891 2248 daemonio,
1915 2194 1980 2232 ac

335 2267 651 2341 baptizavit
678 2285 813 2324 cum
841 2268 970 2341 ipso
1006 2285 1159 2342 rege,
1193 2267 1410 2340 etjaliis
1458 2267 1731 2323 trecentis
1787 2271 1846 2322 et
1874 2266 1978 2321 tri-

327 2358 543 2431 ginta:
577 2358 806 2415 rediens
837 2358 1082 2414 Romam
1133 2362 1267 2429 post
1322 2361 1568 2413 mortem
1619 2355 1977 2424 Diocletiani,

335 2451 536 2504 tentus
565 2452 657 2505 est
684 2448 839 2504 inter
883 2447 1444 2518 a1ios,iChristianos
1493 2465 1527 2502 a
1587 2445 1705 2501 ﬁlio
1742 2446 1820 2518 (a)
1853 2448 1981 2519 ejus

333 2537 707 2605 maximiano,
741 2541 799 2593 et
827 2537 887 2592 in
917 2537 1244 2594 custodiam
1273 2537 1600 2604 missus,eo
1633 2537 1789 2608 quod
1821 2551 1980 2591 soro-

334 2643 460 2682 rem
490 2643 660 2682 suam
701 2626 1095 2683 Christianam
1140 2626 1391 2682 fecisset.
1442 2625 1662 2682 Deinde
1710 2622 1985 2697 praecepit

335 2717 493 2774 idem
521 2715 911 2772 Maximianus
942 2721 1008 2771 ut
1035 2715 1128 2772 die
1154 2715 1545 2788 processionis
1577 2732 1716 2785 suae,
1763 2713 1980 2782 nudus,

335 2807 558 2863 catenis
587 2804 902 2877 obligatus,
933 2810 1069 2861 ante
1100 2805 1342 2860 rhedam
1373 2805 1502 2875 ejus
1531 2803 1880 2858 traheretur.
1913 2802 1984 2856 Et

336 2900 470 2966 post
499 2894 608 2950 hoc
637 2894 884 2949 eductus
941 2893 1014 2946 de
1070 2908 1298 2947 carcere
1342 2909 1477 2946 cum
1509 2890 1684 2946 sociis
1713 2890 1896 2960 Largo
1927 2891 1984 2943 et

337 2981 661 3052 Smaragdo
691 2985 747 3034 et
774 2979 1200 3045 Crescentiano,
1224 2995 1323 3049 per
1338 2978 1680 3048 Carpasium
1699 2975 1981 3031 vicarium

336 3069 466 3142 pice
493 3067 787 3140 reliquata
813 3070 990 3138 caput
1017 3066 1146 3137 ojus
1176 3066 1479 3138 perfusum
1505 3068 1613 3122 est.
1647 3065 1717 3120 Et
1745 3080 1980 3121 rursum

323 3163 473 3232 post
502 3157 628 3214 dies
659 3160 912 3230 quatuor
939 3157 1187 3212 eductus
1217 3159 1307 3212 est
1334 3156 1526 3211 denuo
1553 3155 1624 3210 de
1648 3171 1897 3222 carcere,
1921 3154 1980 3210 in

2085 577 2271 645 gesta,
2309 573 2542 630 natione
2579 574 2778 642 Indus,
2809 575 2922 630 ﬁde
2969 574 3190 630 Christi
3253 575 3501 642 fervens,
3557 592 3722 632 causa

2085 661 2468 734 Evangelium
2498 664 2849 735 praedicandi
2902 663 3375 720 laboriosissima
3398 665 3724 738 peregrina-

2085 751 2245 807 tione
2275 753 2747 823 suscepta,etiam
2772 754 2842 808 ad
2866 754 3166 824 praefatam
3189 754 3398 809 urbem
3424 754 3724 811 deveniens

2085 841 2384 912 ingentem
2413 858 2775 914 paganorum
2805 842 3245 899 multitudinem
3276 844 3455 899 verbo
3479 850 3539 900 et
3560 845 3724 900 mira-

2089 929 2237 985 culis
2268 930 2340 984 ad
2371 929 2549 986 ﬁdem
2583 930 2794 987 Christi
2826 933 3146 1000 convertit;
3204 949 3462 1003 cumque
3510 932 3571 988 in
3599 950 3728 1005 pace

2087 1017 2425 1090 quievisset,
2459 1020 2729 1075 conditus
2760 1024 2849 1076 est
2878 1019 2938 1075 in
2969 1021 3212 1077 basilica
3248 1021 3405 1077 beati
3430 1022 3726 1094 Stephani,

2088 1107 2274 1180 signis
2304 1107 2519 1174 clarus,
2555 1109 2704 1164 mira
2733 1109 2994 1165 ﬁdelium
3024 1111 3400 1167 veneratione
3427 1111 3659 1167 colitur.

2157 1195 2203 1248 V
2241 1197 2318 1250 In.
2355 1202 2505 1251 Auc.
2540 1228 2607 1240 —~
2639 1198 2850 1269 Vigilia
2878 1200 3063 1254 sancti
3105 1201 3425 1255 Laurentii.

2157 1285 2372 1340 Eodem
2407 1285 2498 1341 die
2529 1286 2725 1342 Romae
2755 1287 2968 1343 natalis
2993 1288 3179 1343 sancti
3221 1289 3470 1345 Romani
3521 1297 3721 1361 marty-

2089 1373 2189 1428 ris.
2221 1373 2327 1436 Qui
2358 1374 2722 1431 confessione
2753 1376 2906 1432 beati
2968 1377 3268 1433 Laurentii
3323 1386 3722 1450 compunctus,

2090 1463 2258 1535 petiit
2281 1463 2352 1517 ab
2381 1480 2446 1519 eo
2480 1464 2761 1536 baptizari
2791 1481 2803 1519 :
2838 1471 2898 1522 et
2926 1483 3080 1531 mox,
3104 1467 3354 1538 jubente
3383 1469 3713 1538 Decio,cum

2091 1551 2350 1608 fustibus
2380 1552 2673 1609 exhibitus
2707 1559 2765 1610 et
2795 1554 3119 1611 decollatus
3151 1560 3259 1612 est.

2162 1641 2226 1697 In
2256 1641 2482 1698 Verona
2510 1641 2738 1699 civitate
2769 1643 2950 1699 Firmi
2981 1650 3038 1700 et
3069 1645 3316 1712 Rustici,
3344 1647 3444 1719 qui
3475 1651 3730 1720 tempore

2093 1730 2427 1786 Maximiani
2459 1732 2832 1803 imperatoris
2864 1737 2920 1788 et
2948 1733 3187 1789 Anulini
3235 1735 3550 1792 consiliarii
3607 1737 3733 1808 ejus

2093 1819 2250 1890 passi
2282 1824 2438 1875 sunt.

2164 1911 2228 1964 In
2258 1908 2488 1965 Oriente
2517 1911 2713 1982 passio
2755 1910 3081 1968 multorum
3114 1918 3436 1984 martyrum.

2163 1999 2224 2052 In
2255 1998 2491 2054 Colonia
2531 2000 2813 2066 Faustini,
2843 2001 3187 2071 Marcellini,
3218 2003 3576 2075 Secundiani,
3603 2004 3724 2060 Ve-

2094 2085 2261 2157 riani,
2284 2088 2454 2158 juxta
2483 2089 2958 2161 Martyrologium
2991 2091 3146 2146 beati
3170 2091 3662 2164 Hieronymi,cum
3695 2111 3733 2150 a

2089 2176 2473 2242 nostratibus,
2506 2177 2969 2248 apocryphorum
3029 2178 3412 2235 deliramenta
3457 2182 3732 2237 sectanti-

2091 2264 2223 2333 bus,
2259 2281 2293 2320 a
2320 2265 2488 2320 beato
2516 2265 2672 2321 Sixto
2704 2271 2939 2338 propter
2968 2268 3470 2340 continuatiqnem
3521 2275 3738 2342 tempo-

2092 2370 2220 2409 rum
2255 2355 2552 2426 baptizati,
2586 2359 2644 2410 et
2672 2372 2706 2410 a
2737 2356 2907 2412 Decio
2938 2357 3211 2412 dicantur
3239 2358 3610 2432 interempti.

2163 2443 2236 2497 IV
2266 2443 2350 2497 In.
2380 2445 2528 2498 Avo.
2563 2475 2629 2485 --
2689 2443 2905 2512 Romae,
2936 2445 3030 2501 via
3082 2445 3415 2516 Tiburtina,
3465 2449 3736 2506 nativitaa

2094 2532 2279 2589 sancti
2302 2532 2596 2588 Laurentii
2629 2533 3024 2590 archidiaconi
3045 2540 3102 2590 et
3123 2536 3402 2609 martyris
3434 2537 3550 2592 sub
3573 2539 3735 2595 Decio

2092 2620 2460 2690 imperatore.
2495 2621 2598 2676 Cui
2629 2622 2835 2678 beatus
2864 2623 3056 2680 Sixtus
3085 2641 3289 2681 omnes
3349 2626 3659 2683 facultates
3685 2632 3736 2684 et

2091 2709 2399 2766 thesauros
2445 2710 2736 2783 Ecclesiae,
2770 2730 3016 2784 pergens
3048 2713 3118 2768 ad
3143 2730 3424 2770 coronam
3448 2717 3729 2789 martyrii.

2093 2797 2347 2870 reliquit.
2374 2801 2526 2865 Quos
2559 2800 2654 2857 ille
2673 2801 2953 2857 muniﬁca
2972 2801 3323 2859 liberalitate
3363 2804 3664 2862 debilibus
3686 2811 3738 2862 et

2092 2886 2223 2942 aliis
2254 2889 2947 2960 pauperibus,viduisque
2970 2895 3025 2947 et
3044 2891 3452 2963 indigentibus
3497 2911 3740 2967 erogare

2092 2976 2463 3040 curavit.Quo
2485 2978 2685 3034 audito
2708 2978 2919 3034 Decius
2939 2979 3129 3036 Caesar
3149 2980 3282 3035 fecit
3301 2998 3444 3037 eum
3469 2982 3740 3055 sibipre-

2093 3065 2311 3120 sentari
2339 3083 2352 3120 :
2385 3071 2442 3121 et
2469 3067 2737 3124 auditum
2764 3068 3009 3123 tradidit
3056 3085 3191 3125 eum
3221 3069 3542 3128 Valeriano
3575 3072 3737 3130 Urbis

2091 3154 2487 3226 prafecto,qui
2519 3160 2578 3211 et
2605 3155 2730 3227 ipse
2759 3156 2920 3212 dedit
2952 3173 3088 3212 eum
3133 3158 3191 3212 in
3251 3160 3594 3217 custodiam
3626 3163 3738 3217 cui-

340 3225 565 3306 oatasta
590 3225 906 3316 extensus,"
923 3249 1207 3302 attractus
1239 3245 1432 3302 nervis
1482 3249 1538 3300 et
1595 3244 1850 3300 fustibus
1883 3260 1982 3299 caa-
2014 3225 2055 3292 (ἶ
2092 3243 2226 3299 dam
2261 3225 2586 3316 Hippolyto,
2629 3225 2692 3300 et
2734 3245 3098 3318 Hyppolytus
3146 3245 3387 3303 reclusit
3435 3265 3580 3306 eum
3613 3267 3741 3306 cum

342 3356 448 3397 sus
471 3340 654 3411 :ngost
679 3335 1081 3408 diesﬁaliquot,
1115 3337 1358 3406 jubente
1389 3334 1761 3399 Maximiano,
1793 3333 1982 3404 capite

342 3431 654 3484 truncatus
675 3430 764 3482 est
782 3441 916 3480 cum
934 3425 1118 3496 Largo
1139 3424 1528 3496 etSmaragdo
1560 3427 1618 3478 et
1649 3422 1778 3478 aliis
1798 3422 1983 3496 vigin-

338 3519 421 3575 ti:
455 3532 710 3590 quorum
738 3530 986 3586 corpora
1015 3512 1247 3585 collegit
1276 3517 1451 3568 noctu
1467 3511 1725 3568 Joannes
1746 3511 1981 3583 presby-

339 3612 428 3664 ter
455 3611 514 3663 et
540 3603 808 3678 sepelivit
836 3603 896 3657 in
916 3601 1264 3673 viaSalaria,
1298 3601 1408 3656 sub
1441 3601 1533 3656 die
1563 3600 1788 3656 decimo
1821 3605 1976 3656 octa-

335 3711 405 3753 vo
432 3695 560 3752 Kal.
594 3693 826 3767 Aprilis.
861 3696 999 3748 Post
1027 3691 1152 3748 dies
1182 3694 1312 3746 octo
1331 3690 1570 3746 veniens
1596 3690 1802 3745 beatus
1823 3690 1974 3745 Mar-

332 3785 516 3842 cellus
545 3784 857 3857 episcopus
886 3798 1022 3838 cum
1056 3781 1276 3836 Lucina
1305 3783 1573 3835 matrona
1601 3778 1972 3834 Christianis-

329 3873 766 3940 sima,condivit
793 3889 1034 3944 corpora
1064 3874 1401 3926 sanctorum
1433 3885 1568 3923 cum
1613 3866 1973 3923 aromatibus

325 3961 383 4019 et
411 3962 872 4019 linteaminibus.
897 3960 1113 4016 Deinde
1144 3957 1385 4015 sustulit
1411 3975 1479 4013 ea
1507 3963 1563 4012 et
1593 3956 1891 4012 transtulit
1910 3956 1969 4011 in

332 4052 616 4126 prandium
647 4067 822 4107 suum
839 4052 933 4104 via
951 4046 1504 4116 Ostiensi,milliario
1527 4046 1597 4102 ab
1623 4045 1766 4101 urbe
1786 4046 1971 4101 Roma

332 4143 670 4215 septimo,et
699 4155 880 4196 manu
911 4155 1019 4193 sua
1049 4136 1374 4192 recondidit
1398 4136 1457 4190 in
1487 4135 1864 4207 sarcophagis
1885 4134 1968 4190 la-

319 4231 631 4305 pideis,die
651 4233 850 4286 octavo
873 4227 1094 4284 mensis
1114 4226 1377 4297 Augusti.
1403 4225 1715 4297 Carpasius
1735 4240 1870 4280 vero
1891 4224 1967 4279 vi-

309 4322 512 4376 carius
544 4319 712 4392 petiit
729 4319 971 4374 domum
998 4315 1426 4388 Cyriaci,quam
1457 4315 1773 4370 donaverat
1792 4313 1844 4370 ei
1868 4313 1965 4370 Di-

318 4410 641 4466 ocletianus
654 4410 1182 4480 Augustus,eteam
1211 4405 1410 4462 statim
1427 4405 1806 4460 Maximianus
1824 4422 1963 4461 con-

332 4498 526 4555 cessit.
561 4498 870 4570 Ingressus
916 4499 1112 4552 autem
1143 4494 1478 4566 Carpasius,
1510 4494 1730 4550 invenit
1765 4493 1960 4549 locum

2093 3333 2314 3388 multis.
2349 3334 2570 3389 Ibidem
2603 3334 2806 3390 beatus
2837 3335 3186 3392 Laurentius
3205 3342 3340 3408 post
3371 3341 3740 3398 sanationem

2090 3422 2332 3493 Cyriacaa
2349 3422 2443 3478 vid
2453 3427 2622 3492 uae,et
2643 3422 3130 3481 illuminationem
3149 3427 3611 3495 Crescentionis,
3637 3435 3744 3486 Lu-

2089 3509 2290 3566 cillum
2310 3527 2523 3567 caecum
2539 3511 2598 3567 in
2615 3513 2892 3569 nomineJ
2900 3529 3002 3569 esu
3015 3513 3229 3570 Christi
3239 3516 3536 3574 videntem
3550 3520 3746 3575 reddi-

2089 3601 2191 3656 dit.
2215 3600 2334 3656 Hoc
2352 3601 2568 3657 factum
2594 3601 2898 3658 audientes
2919 3603 3093 3659 multi
3126 3605 3282 3672 caeci,
3316 3607 3633 3663 veniebant
3664 3610 3739 3664 ad

2087 3689 2321 3745 beatum
2337 3690 2798 3760 Laurentium,et
2813 3689 3316 3750 illuminabantur.
3337 3695 3492 3759 Quod
3516 3697 3738 3753 videns

2083 3777 2429 3850 Hippolytus
2443 3779 2773 3847 credidit,et
2793 3781 3187 3838 catechizatus
3214 3783 3731 3855 atquebaptiaatus

2082 3867 2512 3939 est.Completis
2533 3872 2727 3924 autem
2749 3869 2942 3925 tribus
2961 3871 3261 3939 diebus,in
3283 3872 3495 3943 quibus
3515 3888 3582 3928 ex
3595 3890 3733 3945 per

2081 3955 2264 4012 missu
2295 3955 2613 4028 Hippolyti,
2639 3958 2764 4028 jam
2795 3957 3132 4028 Christiani,
3167 3977 3375 4015 omnes
3419 3961 3735 4018 facultates

2077 4045 2344 4101 Ecclesiae
2375 4045 2578 4100 beatus
2612 4046 2963 4102 Laurentius
3011 4049 3371 4120 pauperibus
3429 4052 3732 4122 expendit,

2078 4134 2448 4204 praesentavit
2477 4152 2540 4190 se
2567 4134 2694 4206 ipse
2723 4135 2784 4190 in
2816 4135 3031 4206 palatio
3081 4136 3459 4194 Sallustiana.
3495 4141 3735 4208 Decius,

2077 4223 2284 4289 iratus,
2309 4224 2492 4294 jussit
2520 4241 2655 4279 eum
2687 4224 2995 4296 exspoliari
3026 4229 3084 4282 et
3113 4227 3254 4282 caedi
3287 4228 3734 4299 scorpionibus:

2074 4317 2276 4383 postea
2292 4312 2522 4368 vinctus
2545 4313 2766 4368 catenis
2787 4313 3004 4370 ductus
3023 4319 3113 4370 est
3141 4316 3351 4373 beatus
3374 4317 3737 4374 Laurentius

2073 4401 2131 4454 in
2160 4399 2441 4473 palatium
2472 4401 2685 4458 Tiberii
2717 4406 2784 4457 ut
2837 4402 2920 4457 ibi
2952 4402 3294 4460 audiretur:
3331 4410 3387 4461 et
3415 4405 3743 4462 iracundia

2072 4489 2280 4562 plenus
2304 4491 2509 4546 Decius
2525 4489 2709 4562 jussit
2728 4507 2860 4548 eum
2883 4492 3112 4548 nudum
3143 4493 3425 4559 caedi.Qui
3452 4496 3600 4552 dum
3627 4509 3746 4552 οδ

311 4588 418 4642 ubi
450 4591 691 4643 sanctus
719 4586 996 4658 Cyriacus
1025 4585 1308 4642 diaconus
1357 4583 1576 4639 fontem
1626 4583 1950 4652 aediﬁcavit,
1984 4599 2030 4665 Β
2068 4579 2303 4635 deretur
2331 4579 2623 4636 clamabat
2651 4580 2722 4635 ad
2753 4584 3078 4637 Caesarem:
3115 4606 3144 4632 υ
3188 4582 3351 4653 Ecce,
3394 4585 3602 4653 miser,
3637 4585 3737 4642 vel

312 4690 494 4747 quem
524 4673 881 4730 consecravit
909 4674 1114 4729 beatus
1147 4671 1457 4729 Marcellus
1489 4673 1819 4743 episcopus,
1852 4671 1954 4726 ubi

309 4764 617 4820 venientes
647 4763 719 4819 ad
751 4763 948 4833 ﬁdem,
973 4762 1305 4834 baptizabat
1335 4762 1540 4816 beatus
1555 4760 1832 4832 Cyriacus
1858 4778 1869 4815 :
1891 4759 1952 4815 in

304 4869 432 4925 'quo
463 4852 588 4908 loco
619 4850 932 4923 Carpasius
961 4850 1235 4906 balneum
1269 4849 1381 4906 sibi
1439 4849 1664 4918 statuit,
1715 4853 1772 4904 et
1810 4849 1952 4904 dum

310 4943 614 4998 lavassent
641 4945 700 4996 et
725 4939 928 5011 epulas
983 4938 1366 5010 exihuissent,
1398 4937 1712 5010 Carpasius
1756 4943 1812 4994 et
1848 4955 1950 4994 no-

307 5031 610 5090 vendecim
644 5029 860 5103 pariter
890 5045 1025 5084 cum
1051 5029 1199 5100 ipso,
1233 5045 1369 5083 cum
1397 5028 1727 5084 deriderent
1776 5027 1950 5082 ﬁdem

305 5123 726 5187 Christianam,
757 5119 953 5175 subito
984 5117 1319 5173 ceciderunt
1346 5121 1404 5172 et
1432 5117 1650 5172 mortui
1683 5121 1839 5171 sunt.

375 5214 439 5268 In
468 5209 805 5268 Nicomedia
835 5206 1048 5263 natalis
1077 5211 1414 5263 sanctorum
1446 5205 1692 5274 Nazarii,
1725 5205 1948 5261 Juliani

299 5304 363 5357 et
389 5301 616 5372 Agapes
642 5295 910 5368 virginis,
946 5293 1309 5367 Eutychiani,
1342 5292 1780 5366 Philadelphus,
1810 5295 1947 5350 Leo-

301 5387 488 5446 nidis.

372 5481 541 5552 Apud
569 5477 860 5534 Viennam
881 5473 1082 5532 Galliae
1106 5475 1311 5532 urbem
1343 5473 1622 5533 nativitas
1644 5472 1832 5531 sancti
1853 5473 1948 5532 Se-

373 5693 452 5780 (α)
479 5689 734 5764 Collega.
761 5689 908 5751 Vide
934 5689 979 5750 B
1120 5730 1132 5755 .
1210 5706 1250 5750 n
1266 5688 1481 5753 Annal.

2065 4669 2235 4724 modo
2258 4685 2540 4741 cognosce
2563 4670 2703 4740 quia
2723 4687 2839 4726 non
2864 4671 3052 4727 sentio
3069 4676 3737 4732 tormentatua.»Tun¢

2066 4756 2275 4812 Decius
2304 4757 2489 4813 fustes
2506 4757 2704 4828 augeri
2722 4758 2967 4830 darique
2997 4761 3068 4814 ad
3099 4759 3281 4818 latera
3312 4763 3443 4833 ejus
3463 4763 3740 4821 laminas

2062 4847 2280 4902 ferreas
2311 4846 2582 4903 ardentes
2607 4847 2807 4918 jussit.
2842 4847 3053 4904 Beatus
3082 4866 3216 4905 vero
3242 4851 3605 4909 Laurentius
3635 4854 3741 4910 di-

2059 4935 2177 4990 xit:
2213 4959 2239 4984 ‹‹
2275 4935 2514 4991 Domine
2543 4937 2682 4992 Jesu
2713 4937 3118 5007 Christe,Deus
3147 4939 3220 4994 de
3257 4939 3393 5009 Deo,
3431 4942 3736 4998 miserere

2062 5023 2204 5079 mihi
2228 5041 2389 5080 servo
2415 5025 2683 5096 tuo,quia
2701 5032 3012 5082 accusatus
3036 5044 3151 5083 non
3176 5030 3379 5101 negavi
3411 5048 3424 5096 ;
3460 5030 3739 5087 interro-

2058 5118 2308 5184 gatus,te
2320 5115 2630 5171 Dominum
2643 5115 2674 5170 J
2681 5131 2847 5171 esum
2871 5115 3168 5173 Christum
3187 5120 3495 5174 confessus
3514 5136 3692 5176 sum.
3705 5144 3739 5171 ιο

2060 5207 2125 5256 Et
2153 5219 2287 5257 cum
2319 5202 2651 5258 diutissime
2673 5203 2992 5274 plumbatis
3006 5207 3504 5275 caaderetur,dixit
3531 5227 3546 5266 :
3569 5213 3746 5267 «Do-

2060 5290 2217 5345 mine
2243 5291 2274 5346 J
2283 5307 2386 5346 esu
2405 5290 2651 5359 Christe,
2679 5293 2780 5363 qui
2812 5311 2915 5365 pro
2946 5293 3136 5350 salute
3195 5301 3396 5352 nostra
3425 5297 3742 5370 dignatus

2057 5395 2117 5436 es
2146 5381 2372 5436 forman
2403 5381 2551 5436 servi
2583 5381 2840 5454 accipere
2875 5387 2940 5438 ut
2970 5400 3075 5440 nos
3127 5401 3162 5440 a
3209 5385 3445 5442 servitio
3503 5387 3744 5445 daemo-

2055 5485 2198 5527 num
2227 5468 2526 5537 liberares,
2580 5470 2776 5543 accipe
2821 5471 3103 5543 spiritum
3157 5489 3377 5532 meum.
3445 5497 3475 5526 »ι
3505 5479 3589 5536 Bt
3618 5493 3740 5535 an-
