4012 6198
330 324 485 390 H37

1368 318 2085 390 MARTYROLOGIUM.
2114 349 2192 369 -
2221 319 2454 386 MENS.
2500 320 2686 387 ΑΗΘ.

3568 274 3737 385 nas-

334 460 460 519 dita
489 463 578 517 est
605 476 712 517 vox
737 475 749 515 :
785 458 1033 517 aAdhuc
1056 457 1241 515 multa
1269 458 1588 517 certamina
1631 457 1738 513 tibi
1760 455 1979 512 deben-
2010 455 2064 523 Α
2094 457 2237 511 tero.
2263 455 2427 511 Tunc
2448 455 2658 512 beatus
2678 454 2947 512 Justinus
2967 458 3025 512 et
3048 451 3411 530 Hippolytus,
3437 455 3734 529 plorantes

334 554 449 607 tur.
484 573 512 601 »
544 551 707 607 Tunc
734 554 1008 607 extensus
1055 550 1113 603 in
1173 554 1415 617 catasta,
1466 555 1523 605 et
1569 546 1974 619 scorpionibus

330 639 673 713 gravissime
695 657 899 711 caesus,
922 639 1233 695 subridens
1256 644 1310 694 et
1342 639 1562 711 gratias
1584 653 1782 709 agens,
1811 637 1970 691 dice-

328 730 517 785 bat:«
543 729 889 785 Benedictus
932 744 1015 791 es,
1058 728 1303 784 Domine
1355 735 1507 783 Deus
1555 728 1722 781 Pater
1744 724 1973 781 Domini

328 819 510 874 nostri
530 819 663 874 Jesu
681 817 913 884 Christi,
932 817 1032 889 qui
1049 818 1219 873 nobis
1233 818 1465 873 donasti
1486 816 1969 885 misericordiam,

329 923 505 978 quam
536 907 725 962 meriti
757 924 873 962 non
906 924 1114 962 sumus
1141 926 1152 961 :
1190 908 1291 962 sed
1322 912 1408 972 tu,
1442 906 1705 973 Domine,
1739 910 1974 976 propter

326 1003 485 1051 tuam
521 997 816 1067 pietatem,
849 997 923 1050 da
962 997 1133 1052 nobis
1190 996 1463 1069 gratiam,
1524 1000 1590 1049 ut
1619 998 1976 1065 cognoscant

329 1102 531 1141 omnes
587 1086 1055 1154 circumstantes,
1115 1086 1253 1157 quia
1310 1091 1371 1141 tu
1429 1085 1749 1141 consolaris
1777 1100 1976 1139 servos

325 1180 477 1231 tuos.
509 1198 536 1224 »
571 1177 734 1231 Tunc
765 1192 919 1230 unus
952 1177 1022 1231 de
1055 1176 1364 1245 militibus,
1389 1176 1626 1230 nomine
1653 1176 1971 1239 Romanus,

325 1264 571 1320 credidit
599 1264 843 1320 Domino
872 1265 1009 1321 Jesu
1040 1266 1287 1335 Christo,
1332 1270 1388 1319 et
1437 1265 1583 1318 dixit
1615 1266 1780 1319 beato
1816 1263 1968 1317 Lau-

325 1354 547 1409 rentio:
586 1376 614 1405 «
643 1353 825 1409 Video
856 1359 988 1409 ante
1039 1359 1095 1410 te
1148 1354 1446 1409 hominem
1480 1352 1963 1424 pulcherrimum,

325 1446 578 1498 stantem
608 1460 742 1499 cum
782 1442 979 1513 linteo,
1037 1448 1094 1497 et
1149 1446 1541 1515 extergentem
1571 1445 1673 1497 tua
1702 1440 1962 1496 vulnera.

322 1542 544 1611 Adjuro
576 1545 631 1597 te
660 1557 761 1613 per
790 1541 1108 1610 Christum,
1173 1540 1272 1613 qui
1330 1540 1435 1596 tibi
1498 1540 1662 1595 misit
1692 1539 1968 1612 angelum

326 1648 523 1698 suum,
557 1646 628 1686 ne
658 1648 750 1687 me
782 1630 1173 1703 derelinquas.
1210 1654 1239 1679 ››
1274 1632 1518 1686 Levalus
1548 1630 1732 1703 igitur
1765 1630 1972 1685 beatus

323 1725 545 1793 martyr
573 1721 643 1776 de
670 1724 915 1785 uastata,
946 1724 1003 1776 et
1032 1720 1279 1788 solutus,
1308 1720 1571 1775 redditus
1621 1722 1709 1775 est
1754 1718 1969 1790 Hippo-

2085 548 2141 599 et
2165 545 2416 600 multum
2456 545 2678 614 tristes,
2714 544 2978 602 tulerunt
3007 562 3218 617 corpus
3249 545 3404 603 beati
3434 548 3728 605 Laurentii

2082 636 2375 706 martyris,
2407 640 2465 691 et
2493 640 2779 692 venerunt
2814 637 2875 691 in
2904 636 2998 691 via
3026 636 3334 691 Tiburtina
3363 636 3423 691 in
3444 637 3726 708 prmdium

2083 728 2363 779 matronas
2392 725 2601 789 viduae,
2634 726 2871 781 nomine
2898 726 3167 798 Cyriacae,
3198 726 3257 780 in
3304 741 3445 797 agro
3474 725 3723 795 Verano,

2084 814 2155 868 ad
2187 830 2364 885 quam
2398 814 2523 879 ipse
2570 815 2775 871 beatus
2824 819 3045 887 martyr
3099 815 3286 872 fuerat
3316 818 3514 883 noctu,
3547 817 3641 872 cui
3671 822 3729 873 et

2082 903 2330 959 linteum
2352 904 2532 971 dedit,
2554 904 2709 959 unde
2741 908 3077 960 sanctorum
3108 906 3282 977 pedes
3306 909 3643 977 extorserat,
3666 911 3726 962 et

2082 992 2162 1047 ibi
2186 993 2308 1062 jam
2340 993 2485 1048 hora
2512 994 2846 1065 vespertina
2905 993 3297 1067 sepeliverunt
3350 998 3558 1066 quarto
3587 996 3724 1051 Idus

2082 1082 2350 1153 Augusti.
2387 1087 2453 1137 Et
2489 1083 2912 1153 jejunaverunt
2970 1088 3206 1155 agentes
3261 1084 3489 1157 vigilias
3536 1085 3725 1141 noctis

2082 1170 2275 1225 triduo
2299 1188 2432 1226 cum
2453 1172 2835 1227 multitudine
2848 1172 3313 1228 Christianorum
3337 1190 3351 1239 ;
3370 1173 3574 1230 beatus
3590 1187 3726 1229 vero

2082 1258 2351 1315 Justinus
2373 1261 2675 1332 presbyter
2695 1260 2907 1315 obtulit
2927 1261 3277 1318 sacrificium
3294 1261 3508 1329 laudis,
3526 1265 3584 1317 et
3596 1279 3726 1334 par-

2082 1348 2177 1403 tici
2187 1349 2303 1421 pati
2330 1354 2470 1405 sunt
2492 1366 2715 1406 omnes.
2740 1351 2905 1406 Tune
2934 1351 3094 1421 passi
3123 1356 3262 1407 sunt
3289 1350 3590 1422 Claudius,
3627 1352 3728 1407 So-

2082 1456 2274 1505 verus,
2303 1440 2674 1495 Crescentius
2703 1442 2759 1494 et
2789 1440 3107 1506 Romanus,
3139 1440 3267 1511 ipso
3314 1440 3408 1496 die
3436 1456 3553 1512 quo
3585 1440 3728 1496 bea-

2083 1530 2181 1583 tus
2204 1528 2575 1596 Laurentius,
2602 1530 2734 1600 post
2759 1528 2999 1585 tertium
3021 1528 3176 1585 diem
3197 1528 3387 1586 sancti
3408 1528 3557 1586 Sixti
3576 1544 3729 1586 mar-

2084 1617 2248 1689 tyris.

2155 1724 2369 1779 Eodem
2402 1724 2495 1780 die
2527 1725 2720 1781 Romae
2752 1724 3009 1781 militum
3041 1730 3274 1783 centum
3291 1729 3349 1782 et
3368 1726 3724 1800 quadragin-

325 1810 463 1883 lyto,
496 1813 725 1865 tantum
757 1810 813 1864 in
847 1808 1085 1881 palatio.
1132 1810 1387 1865 Veniens
1440 1813 1634 1865 autem
1671 1810 1973 1864 Romanus
2000 1830 2049 1897 B
2082 1816 2143 1869 ta
2167 1813 2448 1885 quinque.

326 1916 461 1954 cum
492 1915 684 1964 urceo,
718 1898 878 1954 misit
928 1915 989 1954 se
1039 1898 1109 1953 ad
1165 1899 1341 1969 pedes
1393 1898 1543 1953 beati
1578 1897 1873 1953 Laurentii
1906 1901 1971 1952 ut

327 1988 720 2060 baptizaretur
743 2004 756 2041 :
781 1992 837 2042 et
858 2004 991 2042 mox
1014 1988 1365 2059 baptizatus,
1389 2005 1454 2043 ac
1494 2004 1554 2042 se
1575 1987 1969 2042 Christianum

328 2076 561 2149 publica
579 2093 716 2133 voce
739 2078 1061 2148 professus,
1093 2077 1240 2131 educ
1262 2094 1333 2132 us
1364 2078 1518 2131 foras
1559 2094 1763 2131 muros
1794 2079 1971 2147 portze

326 2165 577 2234 Salariaa,
602 2165 925 2221 decollatus
946 2170 1053 2221 est.
1096 2165 1306 2220 Decius
1334 2170 1529 2220 autem
1570 2165 1761 2220 Caesar
1784 2165 1973 2237 pergit

327 2261 499 2311 noctu
521 2256 592 2310 ad
615 2255 1061 2325 thermasjuxta
1085 2253 1369 2325 palatium
1410 2254 1671 2309 Sallustii
1696 2272 1708 2308 :
1732 2258 1788 2309 et
1809 2254 1971 2310 exhi-

325 2345 444 2400 bito
469 2344 520 2400 ei
541 2348 743 2401 sancto
770 2343 1092 2409 Laurentio,
1122 2342 1299 2397 allata
1346 2347 1484 2397 sunt
1530 2344 1729 2397 omnia
1760 2360 1972 2415 genera

324 2437 752 2489 tormentorum
779 2450 791 2487 :
817 2431 1153 2504 plumbatae,
1188 2431 1397 2498 fustes,
1430 2430 1682 2500 laminae,
1717 2449 1968 2505 ungues,

324 2522 479 2593 lecti,
509 2521 723 2577 baculi.
746 2522 815 2576 Et
837 2520 981 2575 dixit
1002 2521 1211 2575 Decius
1244 2521 1410 2574 beato
1464 2521 1703 2593 martyri
1729 2539 1742 2576 :
1781 2543 1808 2570 ‹‹
1836 2522 1967 2576 Jam

327 2611 550 2684 depone
573 2611 876 2682 perfidiam
902 2610 1045 2664 artis
1068 2609 1326 2681 magicae,
1348 2614 1406 2664 et
1450 2610 1541 2665 dic
1594 2610 1759 2665 nobis
1790 2626 1970 2682 gene-

324 2700 625 2756 rositatem
674 2704 918 2753 tuam.»
980 2698 1083 2753 Cui
1144 2699 1352 2753 beatus
1408 2699 1754 2755 Laurentius
1785 2700 1966 2756 dixit:

323 2820 352 2848 «
386 2798 681 2861 Quantum
714 2797 782 2851 ad
817 2813 1021 2869 genus,
1056 2796 1351 2868 Hispanus
1400 2813 1531 2851 sum
1584 2798 1851 2852 eruditus
1882 2797 1968 2852 vel

324 2886 557 2943 nutrius
586 2888 900 2957 Romanus,
934 2893 992 2942 et
1018 2904 1051 2941 a
1080 2885 1389 2941 cunabulis
1419 2885 1808 2951 Christianus,
1841 2904 1969 2941 eru-

324 2976 482 3031 ditus
514 2976 671 3031 omni
707 2976 832 3048 lege
885 2981 1087 3031 sancta
1145 2979 1201 3031 et
1258 2974 1537 3029 divina.»
1597 2979 1660 3029 Et
1718 2974 1964 3031 Decius:

326 3087 353 3115 ‹‹
390 3065 688 3129 Sacrifica,
736 3065 951 3135 inquit,
988 3064 1123 3128 diis,
1184 3080 1317 3117 nam
1369 3064 1481 3117 nisi
1528 3064 1966 3133 sacrificaveris,

322 3170 436 3209 nox
464 3154 577 3208 ista
605 3153 664 3207 in
696 3156 751 3206 te
781 3151 1137 3223 expendetur
1161 3168 1295 3205 cum
1332 3151 1655 3222 suppliciis.
1693 3174 1721 3200 ››
1756 3174 1782 3201 ‹‹
1816 3152 1961 3219 Mea,

323 3242 534 3313 inquit,
558 3240 656 3295 ille
677 3258 789 3295 nox
811 3240 1124 3295 obscurum
1148 3256 1263 3293 non
1286 3238 1482 3306 habet,
1534 3241 1633 3293 sed
1683 3240 1873 3294 omnis
1905 3241 1963 3293 in

321 3330 450 3387 luce
482 3329 826 3385 clarescit.»
880 3330 950 3383 Et
1008 3345 1139 3382 cum
1199 3328 1516 3382 caederetur
1572 3326 1868 3399 lapidibus
1901 3346 1965 3383 os

320 3422 468 3491 ejus,
498 3419 745 3488 ridebat,
770 3422 825 3473 et
846 3417 1284 3472 confortabatur
1310 3432 1373 3470 ac
1396 3415 1622 3470 dicebat
1642 3434 1661 3470 :
1684 3439 1711 3465 ‹‹
1737 3416 1964 3474 Gratias

323 3509 429 3564 tibi
449 3525 580 3581 ago,
607 3507 867 3573 Domine,
902 3506 1041 3577 quia
1061 3510 1122 3560 tu
1164 3522 1225 3560 es
1255 3505 1539 3560 Dominus
1581 3506 1844 3561 omnium
1877 3524 1964 3562 re-

322 3616 476 3653 rum.
500 3620 527 3646 ››
550 3597 774 3652 Allatus
801 3600 889 3651 est
909 3600 1103 3649 autem
1136 3594 1321 3649 lectus
1369 3610 1501 3648 cum
1548 3595 1737 3673 tribus
1762 3597 1964 3665 costis,

321 3692 378 3742 et
396 3685 752 3758 exspoliatus
775 3686 981 3740 beatus
1022 3684 1371 3739 Laurentius
1417 3683 1781 3739 vestimentis
1814 3685 1961 3754 suis,

321 3788 586 3840 extentus
617 3789 705 3839 est
734 3785 791 3837 in
824 3787 1040 3837 cratem
1071 3782 1335 3849 ferream,
1368 3785 1423 3835 et
1454 3798 1585 3836 cum
1626 3781 1804 3837 furcis
1854 3784 1963 3838 fer-

326 3874 440 3928 reis
463 3873 716 3929 coriatus
743 3872 1011 3941 desuper,
1036 3869 1179 3924 dixit
1201 3868 1398 3923 Decio:
1442 3894 1466 3917 ‹‹
1495 3870 1612 3942 Ego
1636 3886 1729 3925 me
1780 3871 1964 3926 obtuli

323 3961 676 4017 sacrificium
712 3968 819 4015 Deo
853 3960 910 4014 in
943 3960 1179 4014 odorem
1213 3957 1539 4025 suavitatis,
1574 3959 1712 4030 quia
1742 3962 1964 4015 sacrifi-

319 4050 477 4106 cium
508 4055 597 4106 est
627 4050 743 4105 Deo
803 4048 1047 4119 spiritus
1106 4044 1554 4100 contribulatus.
1592 4070 1619 4095 ››
1650 4048 1966 4104 Carnifices

319 4144 516 4195 tamen
552 4142 827 4212 urgenter
852 4136 1273 4191 ministrabant
1314 4135 1617 4203 carbones,
1666 4137 1966 4194 mittentes

320 4230 429 4286 sub
461 4234 699 4293 cratem,
729 4232 784 4283 et
828 4227 1081 4298 desuper
1122 4241 1257 4280 eum
1302 4223 1752 4295 comprimentes
1788 4228 1967 4283 furcis

314 4318 539 4375 ferreis.
572 4319 824 4374 Sanctus
857 4314 1209 4370 Laurentius
1249 4313 1429 4368 dixit:
1490 4336 1509 4362 ι
1543 4313 1728 4379 Disce,
1765 4316 1963 4384 miser,

314 4411 533 4481 quanta
553 4411 642 4464 est
660 4406 845 4461 virtus
866 4404 1099 4460 Domini
1126 4403 1267 4459 Jesu
1292 4401 1505 4457 Christi
1534 4402 1629 4457 Dei
1665 4404 1797 4467 mei,
1830 4422 1963 4459 nam

312 4498 595 4554 carbones
624 4495 710 4550 tui
746 4494 889 4548 mihi
920 4493 1285 4566 refrigerium
1312 4496 1610 4564 prmstant,
1638 4492 1741 4546 tibi
1766 4499 1962 4549 autem

2154 1920 2227 1975 III
2250 1922 2331 1976 Io.
2358 1924 2508 1975 Avo.
2535 1951 2603 1961 ——-
2626 1921 2822 1977 Roma:
2868 1922 3020 1977 inter
3066 1922 3214 1976 duas
3259 1922 3480 1978 Lauros
3511 1922 3727 1983 natalis

2081 2011 2268 2065 sancti
2294 2010 2565 2078 Tiburtii,
2591 2010 2695 2065 filii
2719 2010 3038 2067 Chromatii
3063 2010 3232 2067 Urbis
3253 2011 3505 2083 prafecti
3529 2028 3724 2083 quem,

2082 2115 2211 2153 cum
2237 2103 2391 2154 esset
2410 2098 2991 2169 scholasticissimus,
3016 2100 3357 2155 erudierunt
3376 2099 3437 2153 in
3460 2099 3573 2155 fide
3589 2100 3723 2155 bea-

2080 2191 2177 2242 tus
2210 2188 2593 2243 Sebastianus
2612 2193 2667 2243 et
2688 2194 2930 2245 sanctus
2952 2187 3418 2259 Tranquillinus,
3436 2204 3502 2243 ac
3514 2187 3729 2261 glorio-

2081 2293 2183 2331 sus
2214 2278 2517 2348 presbyter
2544 2277 2922 2350 Polycarpus,
2956 2277 3057 2349 qui
3079 2277 3276 2349 ipsum
3298 2276 3357 2331 in
3383 2293 3546 2333 sacro
3568 2277 3727 2333 fonte

2078 2365 2458 2437 baptismatis
2487 2366 2801 2434 innovavit,
2835 2371 2891 2422 et
2921 2365 3207 2421 familiam
3248 2367 3376 2435 ejus
3404 2364 3725 2438 promiscui

2080 2470 2256 2510 sexus
2278 2453 2437 2509 mille
2455 2456 2916 2528 quadringentos
2937 2473 3070 2512 cum
3084 2471 3149 2512 eo
3164 2454 3723 2528 pariterbaptizavit.

2080 2543 2268 2613 Hujus
2301 2542 2459 2599 filius
2487 2543 2789 2600 Tiburtius
2831 2561 2965 2600 cum
3016 2548 3252 2617 propter
3297 2544 3725 2601 immanitatem

2079 2631 2521 2704 persecutionis,
2572 2636 2629 2687 et
2676 2637 2839 2705 pater
2888 2634 3037 2704 ejus,
3084 2638 3141 2689 et
3168 2633 3375 2705 ingens
3406 2632 3724 2689 multitudo

2078 2720 2544 2777 Christianorum
2577 2738 2711 2777 cum
2743 2722 2842 2778 illo
2883 2722 2940 2780 in
2974 2722 3349 2795 Campaniam
3385 2740 3453 2779 ex
3481 2721 3724 2779 consilio

2077 2809 2371 2880 pontificis
2394 2810 2518 2866 Gaii
2542 2811 2909 2883 perrexisset,
2945 2828 3143 2868 amore
3166 2812 3429 2883 martyrii
3447 2812 3723 2885 flagrans,

2078 2899 2295 2953 resedit
2318 2899 2377 2957 in
2400 2900 2541 2955 urbe
2565 2900 2767 2955 Roma.
2793 2901 2863 2955 Et
2882 2918 3015 2955 cum
3026 2901 3272 2972 jejuniis
3293 2904 3349 2957 et
3365 2899 3725 2957 orationibus

2077 2985 2157 3041 ibi
2181 3003 2315 3041 cum
2338 2988 2503 3043 beato
2528 2987 2669 3044 Gaio
2689 3005 2841 3061 papa
2890 2993 3290 3061 occuparetur,
3341 2988 3599 3061 quadam
3633 2988 3727 3044 die

2076 3076 2392 3142 transiens,
2420 3076 2663 3132 incurrit
2684 3078 2742 3133 in
2772 3077 3069 3134 hominem
3098 3077 3220 3150 qui,
3244 3078 3314 3134 de
3335 3078 3452 3133 alto
3496 3077 3724 3151 lapsus,

2078 3162 2162 3217 ita
2192 3168 2365 3232 caput
2395 3168 2451 3218 et
2482 3166 2681 3219 omnia
2731 3167 2996 3221 membra
3041 3172 3353 3237 quassatus
3384 3170 3527 3232 erat,
3559 3171 3625 3223 ut
3654 3167 3726 3222 de

2078 3250 2203 3305 sola
2225 3250 2527 3321 sepultura
2548 3254 2675 3322 ejus
2704 3260 2942 3323 agerent
2971 3253 3029 3307 hi
3054 3255 3125 3309 ad
3162 3271 3309 3325 quos
3332 3254 3621 3326 pertinere
3640 3253 3723 3311 vi-

2077 3339 2324 3393 debatur
2348 3357 2361 3395 :
2383 3341 2551 3410 juxta
2576 3357 2749 3411 quem
2773 3341 2896 3412 ipse
2940 3340 3207 3408 accessit,
3234 3346 3291 3396 et
3337 3340 3511 3413 ccepit
3531 3341 3722 3397 dicere

2076 3444 2254 3499 super
2282 3430 2410 3498 ejus
2439 3427 2681 3484 vulnera
2717 3428 2873 3485 lente
2903 3428 3225 3485 orationem
3269 3430 3633 3487 Dominicam
3664 3434 3722 3487 et

2073 3516 2436 3589 Symbolum,
2462 3522 2518 3571 et
2538 3516 2619 3571 ita
2638 3518 2824 3573 factus
2847 3523 2937 3574 est
2957 3518 3132 3573 homo
3156 3517 3419 3575 solidatis
3437 3518 3716 3575 membris

2074 3605 2407 3677 incolumis,
2440 3607 2608 3677 quasi
2639 3607 2784 3662 nihil
2818 3608 2867 3664 ei
2919 3608 3281 3681 contigisset.
3322 3608 3483 3664 Tunc
3509 3624 3714 3682 appre-

2074 3696 2334 3750 hendens
2366 3700 2634 3766 parentes
2666 3698 2816 3767 ejus,
2848 3698 3173 3770 segregavit
3212 3714 3312 3754 eos
3360 3715 3393 3753 a
3423 3698 3630 3767 turbis,
3662 3703 3719 3755 et

2073 3784 2354 3840 indicavit
2383 3784 2466 3840 eis
2497 3785 2771 3841 virtutem
2818 3786 3071 3842 Christi:
3124 3790 3180 3842 et
3218 3787 3422 3842 videns
3454 3786 3717 3843 animum

2075 3890 2276 3929 eorum
2304 3873 2483 3928 fixum
2504 3873 2728 3930 fortiter
2746 3874 2803 3929 in
2827 3875 3034 3931 timore
3057 3874 3306 3946 Domini,
3332 3874 3602 3947 perduxit
3621 3892 3719 3934 eos

2076 3963 2146 4017 ad
2171 3980 2381 4033 papam
2406 3962 2637 4027 Gaium,
2663 3963 3055 4035 quijuvenem
3079 3968 3351 4019 sanatum
3373 3980 3438 4020 ac
3455 3965 3570 4021 Deo
3588 3981 3717 4038 gra-

2076 4053 2189 4107 tias
2220 4052 2585 4117 referentem,
2621 4057 2677 4107 et
2704 4057 2972 4124 parentes
2996 4055 3121 4124 ejus
3144 4054 3364 4126 pariter
3384 4054 3715 4128 baptizavit.

2076 4141 2301 4195 Interea
2340 4140 2480 4194 dum
2522 4140 2772 4212 procella
2802 4142 3222 4213 persecutionis
3256 4144 3509 4217 graviter
3535 4161 3721 4200 excre-

2076 4233 2281 4299 sceret,
2308 4228 2506 4300 junxit
2535 4246 2597 4285 se
2630 4230 2869 4302 quidam
2901 4233 3234 4305 Torquatus
3265 4232 3523 4300 nomine,
3544 4232 3724 4288 simu-

2074 4319 2194 4374 lata
2208 4318 2339 4387 fide,
2363 4317 2511 4373 veris
2524 4318 2735 4374 Christi
2753 4319 3008 4386 famulis,
3034 4326 3091 4376 et
3112 4320 3229 4392 egit
3267 4326 3390 4376 arte
3430 4323 3723 4392 quatenus

2077 4412 2339 4463 orantem
2364 4411 2633 4462 sanctum
2666 4409 3001 4463 Tiburtium
3030 4408 3241 4481 pagani
3271 4408 3723 4481 comprehende-

2077 4502 2225 4552 rent.
2255 4496 2361 4561 Qui
2386 4497 2867 4566 comprehensus,
2887 4501 2943 4551 et
2966 4498 3037 4552 ad
3059 4497 3381 4554 Fabianum
3394 4497 3722 4571 Urbispraz-

313 4585 669 4659 supplicium
693 4580 1139 4657 sempiternum.
1166 4582 1313 4648 Quia
1332 4579 1458 4653 ipse
1491 4580 1776 4636 Dominus
1802 4582 1959 4637 novit
1992 4574 2038 4639 D
2074 4586 2288 4643 fectum
2306 4585 2781 4657 perductus,cum
2798 4584 3092 4641 Christum
3107 4586 3725 4643 constantissimecon-

316 4675 457 4749 quia
478 4680 786 4731 accusatus
812 4690 926 4728 non
974 4671 1198 4744 negavi,
1246 4671 1642 4741 interrogatus
1664 4670 1961 4728 Christum

319 4764 622 4821 confessus
645 4780 799 4833 sum,
819 4766 1051 4818 assatus
1074 4761 1293 4834 gratias
1316 4776 1441 4831 ago.
1478 4782 1504 4806 ››
1528 4760 1596 4813 Et
1642 4759 1805 4814 vultu
1839 4760 1967 4831 pul-

321 4854 607 4910 cherrimo
639 4853 903 4908 dicebat:
938 4875 963 4901 α
1000 4850 1227 4906 Gratias
1260 4849 1365 4904 tibi
1398 4864 1525 4920 ago,
1560 4847 1801 4903 Domine
1822 4849 1965 4904 Jesu

324 4944 569 5015 Christe,
604 4942 743 5015 quia
773 4959 865 4997 me
896 4942 1221 4997 confortare
1254 4940 1530 5011 dignatus
1563 4953 1644 4992 es.
1682 4961 1707 4983 ››
1756 4939 1825 4992 Et
1855 4937 1967 4992 ele-

325 5051 469 5090 vans
500 5032 699 5090 oculos
760 5049 900 5087 suos
951 5031 1009 5086 in
1071 5029 1329 5094 Decium,
1364 5028 1476 5083 ait:
1514 5049 1539 5075 α
1572 5027 1735 5093 Ecce,
1769 5027 1967 5097 miser,

327 5132 541 5190 assueti
573 5148 749 5187 unam
782 5134 1029 5202 partem,
1072 5145 1277 5201 regyra
1334 5125 1529 5193 aliam,
1589 5128 1645 5179 et
1676 5125 1971 5180 munduca

327 5238 477 5278 eam.
524 5245 551 5271 »
584 5220 811 5305 Gratia’s
845 5219 1023 5291 igitur
1054 5235 1232 5290 agens
1284 5221 1341 5271 et
1395 5214 1730 5287 glorificans
1761 5214 1965 5283 Deum,

325 5312 511 5367 dixit:
537 5334 563 5361 ‹‹
588 5302 816 5366 Gratias
840 5307 943 5362 tibi
967 5324 1098 5377 ago,
1121 5305 1365 5361 Domine
1383 5305 1524 5359 Jesu
1548 5302 1796 5372 Christe,
1833 5303 1971 5375 quia

324 5400 509 5455 merui
546 5401 761 5469 januas
819 5401 949 5450 tuas
1006 5395 1252 5467 ingredi,
1313 5398 1369 5447 et
1426 5390 1623 5447 emisit
1675 5391 1967 5463 spiritum.

321 5491 487 5543 Mane
520 5491 714 5542 autem
749 5485 957 5556 primo,
993 5484 1182 5537 adhuc
1223 5479 1586 5553 crepusculo,
1622 5480 1814 5551 rapuit
1844 5498 1967 5536 cor-

324 5593 433 5650 pus
462 5576 593 5646 ejus
623 5572 988 5645 Hippolytus,
1022 5576 1078 5626 et
1108 5569 1361 5626 condivit
1393 5586 1525 5624 cum
1550 5568 1745 5624 linteis
1768 5574 1823 5624 et
1844 5587 1969 5625 aro-

323 5665 603 5733 matibus,
636 5667 693 5720 et
720 5662 829 5719 hoc
859 5662 1075 5719 factum
1119 5659 1418 5717 mandavit
1462 5659 1698 5715 Justino
1729 5659 1971 5732 presby-

2082 4677 2363 4741 fiteretur,
2390 4673 2575 4744 jussit
2615 4673 2907 4729 Fabianus
2933 4679 3065 4729 ante
3088 4676 3268 4747 pedes
3287 4676 3417 4748 ejus
3441 4676 3725 4733 carbones

2082 4766 2353 4821 ardentes
2373 4763 2619 4833 effundi,
2644 4763 2845 4819 dicens
2866 4764 2937 4819 ad
2959 4780 3093 4819 eum
3122 4783 3133 4821 :
3175 4788 3201 4813 «
3228 4764 3386 4837 Elige
3409 4765 3514 4822 tibi
3537 4783 3725 4822 unum

2080 4873 2109 4911 e
2141 4856 2370 4909 duobus
2399 4872 2410 4908 :
2438 4857 2538 4907 aut
2560 4852 2733 4907 thura
2754 4852 2812 4907 in
2838 4851 2967 4911 istis
2990 4853 3344 4911 carbonibus
3369 4854 3482 4910 diis
3500 4854 3724 4925 addice,

2081 4949 2182 5000 aut
2206 4943 2453 5015 pedibus
2486 4941 2661 4996 nudis
2682 4959 2859 5014 super
2880 4959 2978 4998 eos
3000 4943 3219 4999 incede.
3248 4967 3276 4993 ››
3302 4942 3399 4998 Ille
3425 4946 3620 4999 autem
3645 4943 3725 4999 fa-

2081 5034 2243 5089 ciens
2276 5032 2512 5103 signum
2547 5030 2759 5097 crucis,
2793 5035 3129 5087 constanter
3150 5033 3306 5087 nuda
3323 5048 3500 5104 super
3519 5048 3617 5087 eos
3639 5031 3727 5086 in-

2081 5139 2322 5195 gressus
2355 5125 2443 5176 est
2474 5119 2673 5192 planta
2701 5138 2713 5186 ;
2746 5123 2805 5175 et
2833 5121 3009 5193 cmpit
3038 5120 3226 5177 dicere
3252 5138 3263 5177 ε
3294 5143 3320 5170 ‹‹
3344 5119 3727 5192 Deponeinfl-

2083 5212 2405 5280 delitatem,
2438 5214 2496 5265 et
2524 5209 2683 5264 disce
2714 5210 2851 5281 quia
2881 5209 3043 5265 solus
3063 5214 3153 5265 est
3177 5215 3328 5267 Deus
3351 5226 3527 5282 quem
3549 5209 3727 5266 confi-

2079 5307 2275 5357 temur
2307 5298 2585 5355 omnibus
2637 5296 2919 5353 creaturis
2949 5298 3239 5353 dominari
3268 5316 3278 5355 :
3326 5315 3461 5354 nam
3494 5297 3639 5353 mihi
3668 5297 3729 5352 in

2082 5390 2324 5445 nomine
2350 5385 2583 5443 Domini
2626 5386 2808 5441 nostri
2858 5386 2998 5442 Jesu
3048 5387 3262 5443 Christi
3311 5387 3728 5461 videturquod

2084 5496 2259 5551 super
2294 5479 2463 5533 flores
2493 5491 2690 5531 roseos
2745 5475 3058 5547 ingrediar,
3114 5477 3253 5548 quia
3308 5481 3575 5555 creatura
3603 5477 3732 5549 ipsa

2081 5567 2373 5625 Creatoris
2423 5564 2743 5620 famulatur
2774 5564 3035 5636 imperio.
3073 5589 3094 5613 ι
3156 5566 3257 5621 Cui
3289 5567 3581 5622 Fabianus
3610 5565 3727 5621 ait:

2083 5682 2111 5709 ‹‹
2142 5656 2282 5725 Quis
2314 5658 2546 5728 ignorat
2578 5652 2836 5725 magiam
2883 5670 2986 5711 vos
3031 5656 3299 5714 docuisse
3324 5655 3622 5715 Christum
3643 5655 3673 5712 ?
3699 5676 3730 5706 »
