  <div class='ocr_page' id='page_1' title='image "/cluster/home/n/w/nwhite01/storage/ocr_20150623/131/hvd.32044054759923/577.png"; bbox 0 0 4012 6198; ppageno 0'>
   <div class='ocr_carea' id='block_1_1' title="bbox 262 289 440 355">
    <p class='ocr_par' dir='ltr' id='par_1_1' title="bbox 262 289 440 355">
     <span class='ocr_line' id='line_1_1' title="bbox 262 289 440 355; baseline 0.011 -4"><span class='ocrx_word' id='word_1_1' title='bbox 262 289 292 351; x_wconf 79' lang='grc'><strong>1</strong></span> <span class='ocrx_word' id='word_1_2' title='bbox 307 291 440 355; x_wconf 56' lang='lat'>139*</span> 
     </span>
    </p>
   </div>
   <div class='ocr_carea' id='block_1_2' title="bbox 1153 297 2772 370">
    <p class='ocr_par' dir='ltr' id='par_1_2' title="bbox 1153 297 2772 370">
     <span class='ocr_line' id='line_1_2' title="bbox 1153 297 2772 370; baseline 0.004 -7"><span class='ocrx_word' id='word_1_3' title='bbox 1153 301 1222 363; x_wconf 92' lang='lat' dir='ltr'>B.</span> <span class='ocrx_word' id='word_1_4' title='bbox 1272 301 1618 366; x_wconf 84' lang='lat' dir='ltr'>NOTKERI</span> <span class='ocrx_word' id='word_1_5' title='bbox 1660 299 1998 363; x_wconf 88' lang='lat' dir='ltr'>BALBULI</span> <span class='ocrx_word' id='word_1_6' title='bbox 2043 301 2107 363; x_wconf 92' lang='lat' dir='ltr'>S.</span> <span class='ocrx_word' id='word_1_7' title='bbox 2157 302 2376 367; x_wconf 86' lang='lat' dir='ltr'>GALLI</span> <span class='ocrx_word' id='word_1_8' title='bbox 2423 297 2772 370; x_wconf 82' lang='lat' dir='ltr'>MONACHI</span> 
     </span>
    </p>
   </div>
   <div class='ocr_carea' id='block_1_3' title="bbox 3504 303 3669 366">
    <p class='ocr_par' dir='ltr' id='par_1_3' title="bbox 3504 303 3669 366">
     <span class='ocr_line' id='line_1_3' title="bbox 3504 303 3669 366; baseline 0.006 -1"><span class='ocrx_word' id='word_1_9' title='bbox 3504 303 3669 366; x_wconf 82' lang='lat' dir='ltr'>mo</span> 
     </span>
    </p>
   </div>
   <div class='ocr_carea' id='block_1_4' title="bbox 260 428 3699 508">
    <p class='ocr_par' dir='ltr' id='par_1_4' title="bbox 260 428 3699 508">
     <span class='ocr_line' id='line_1_4' title="bbox 260 428 3699 508; baseline 0.003 -22"><span class='ocrx_word' id='word_1_10' title='bbox 260 428 651 495; x_wconf 88' lang='lat' dir='ltr'>Tuncbeatus</span> <span class='ocrx_word' id='word_1_11' title='bbox 675 433 974 491; x_wconf 83' lang='lat' dir='ltr'>Tiburtius</span> <span class='ocrx_word' id='word_1_12' title='bbox 998 435 1358 503; x_wconf 80' lang='lat' dir='ltr'>exclamavit,</span> <span class='ocrx_word' id='word_1_13' title='bbox 1383 437 1584 494; x_wconf 90' lang='lat' dir='ltr'>dicens</span> <span class='ocrx_word' id='word_1_14' title='bbox 1605 453 1617 493; x_wconf 92' lang='lat'>:</span> <span class='ocrx_word' id='word_1_15' title='bbox 1641 459 1668 486; x_wconf 93' lang='grc'><strong>‹‹</strong></span> <span class='ocrx_word' id='word_1_16' title='bbox 1687 437 1901 492; x_wconf 84' lang='lat' dir='ltr'>Obmu-</span> <span class='ocrx_word' id='word_1_17' title='bbox 1929 434 1984 501; x_wconf 84' lang='grc' dir='ltr'><strong>Α</strong></span> <span class='ocrx_word' id='word_1_18' title='bbox 2015 435 2188 492; x_wconf 82' lang='lat' dir='ltr'>fidem</span> <span class='ocrx_word' id='word_1_19' title='bbox 2212 455 2380 494; x_wconf 92' lang='lat' dir='ltr'>suam</span> <span class='ocrx_word' id='word_1_20' title='bbox 2403 439 2873 496; x_wconf 78' lang='lat' dir='ltr'>constantissime</span> <span class='ocrx_word' id='word_1_21' title='bbox 2893 440 3289 508; x_wconf 83' lang='lat' dir='ltr'>confiteretur,</span> <span class='ocrx_word' id='word_1_22' title='bbox 3324 447 3699 498; x_wconf 68' lang='lat' dir='ltr'>commotus</span> 
     </span>
    </p>
   </div>
   <div class='ocr_carea' id='block_1_5' title="bbox 259 521 1902 599">
    <p class='ocr_par' dir='ltr' id='par_1_5' title="bbox 259 521 1902 599">
     <span class='ocr_line' id='line_1_5' title="bbox 259 521 1902 599; baseline 0.008 -25"><span class='ocrx_word' id='word_1_23' title='bbox 259 523 438 589; x_wconf 87' lang='lat' dir='ltr'>tesce,</span> <span class='ocrx_word' id='word_1_24' title='bbox 469 521 688 592; x_wconf 81' lang='lat' dir='ltr'>infelix,</span> <span class='ocrx_word' id='word_1_25' title='bbox 721 528 778 578; x_wconf 93' lang='lat' dir='ltr'>et</span> <span class='ocrx_word' id='word_1_26' title='bbox 808 525 924 579; x_wconf 91' lang='lat' dir='ltr'>noli</span> <span class='ocrx_word' id='word_1_27' title='bbox 956 525 1106 582; x_wconf 90' lang='lat' dir='ltr'>hanc</span> <span class='ocrx_word' id='word_1_28' title='bbox 1151 527 1429 599; x_wconf 89' lang='lat' dir='ltr'>injuriam</span> <span class='ocrx_word' id='word_1_29' title='bbox 1480 531 1723 586; x_wconf 85' lang='lat' dir='ltr'>auribus</span> <span class='ocrx_word' id='word_1_30' title='bbox 1756 531 1902 586; x_wconf 87' lang='lat' dir='ltr'>meis</span> 
     </span>
    </p>
   </div>
   <div class='ocr_carea' id='block_1_6' title="bbox 257 608 1902 681">
    <p class='ocr_par' dir='ltr' id='par_1_6' title="bbox 257 608 1902 681">
     <span class='ocr_line' id='line_1_6' title="bbox 257 608 1902 681; baseline 0.007 -17"><span class='ocrx_word' id='word_1_31' title='bbox 257 608 466 681; x_wconf 82' lang='lat' dir='ltr'>facere,</span> <span class='ocrx_word' id='word_1_32' title='bbox 493 616 559 666; x_wconf 90' lang='lat' dir='ltr'>ut</span> <span class='ocrx_word' id='word_1_33' title='bbox 579 613 813 666; x_wconf 82' lang='lat' dir='ltr'>audiam</span> <span class='ocrx_word' id='word_1_34' title='bbox 835 617 890 669; x_wconf 86' lang='lat' dir='ltr'>te</span> <span class='ocrx_word' id='word_1_35' title='bbox 903 631 999 670; x_wconf 91' lang='lat' dir='ltr'>ore</span> <span class='ocrx_word' id='word_1_36' title='bbox 1014 615 1216 677; x_wconf 86' lang='lat' dir='ltr'>rabido</span> <span class='ocrx_word' id='word_1_37' title='bbox 1233 618 1538 674; x_wconf 80' lang='lat' dir='ltr'>latrantem</span> <span class='ocrx_word' id='word_1_38' title='bbox 1554 619 1902 675; x_wconf 84' lang='lat' dir='ltr'>mellitluum</span> 
     </span>
    </p>
   </div>
   <div class='ocr_carea' id='block_1_7' title="bbox 255 704 1901 764">
    <p class='ocr_par' dir='ltr' id='par_1_7' title="bbox 255 704 1901 764">
     <span class='ocr_line' id='line_1_7' title="bbox 255 704 1901 764; baseline 0.007 -12"><span class='ocrx_word' id='word_1_39' title='bbox 255 714 466 754; x_wconf 90' lang='lat' dir='ltr'>nomen</span> <span class='ocrx_word' id='word_1_40' title='bbox 488 704 543 756; x_wconf 92' lang='lat' dir='ltr'>et</span> <span class='ocrx_word' id='word_1_41' title='bbox 564 704 854 756; x_wconf 89' lang='lat' dir='ltr'>sanctum.</span> <span class='ocrx_word' id='word_1_42' title='bbox 882 725 910 751; x_wconf 85' lang='lat'>»</span> <span class='ocrx_word' id='word_1_43' title='bbox 936 704 1125 760; x_wconf 89' lang='lat' dir='ltr'>Iratus</span> <span class='ocrx_word' id='word_1_44' title='bbox 1158 706 1452 763; x_wconf 80' lang='lat' dir='ltr'>Fabianus</span> <span class='ocrx_word' id='word_1_45' title='bbox 1499 708 1739 764; x_wconf 83' lang='lat' dir='ltr'>dictavit</span> <span class='ocrx_word' id='word_1_46' title='bbox 1768 725 1901 764; x_wconf 90' lang='lat' dir='ltr'>sen-</span> 
     </span>
    </p>
   </div>
   <div class='ocr_carea' id='block_1_8' title="bbox 254 788 1900 865">
    <p class='ocr_par' dir='ltr' id='par_1_8' title="bbox 254 788 1900 865">
     <span class='ocr_line' id='line_1_8' title="bbox 254 788 1900 865; baseline 0.008 -24"><span class='ocrx_word' id='word_1_47' title='bbox 254 788 497 843; x_wconf 90' lang='lat' dir='ltr'>tentiam</span> <span class='ocrx_word' id='word_1_48' title='bbox 522 789 852 860; x_wconf 87' lang='lat' dir='ltr'>capitalem,</span> <span class='ocrx_word' id='word_1_49' title='bbox 879 797 945 848; x_wconf 91' lang='lat' dir='ltr'>ut</span> <span class='ocrx_word' id='word_1_50' title='bbox 966 793 1159 865; x_wconf 88' lang='lat' dir='ltr'>gladio</span> <span class='ocrx_word' id='word_1_51' title='bbox 1201 795 1642 854; x_wconf 85' lang='lat' dir='ltr'>interficeretur.</span> <span class='ocrx_word' id='word_1_52' title='bbox 1680 797 1900 854; x_wconf 89' lang='lat' dir='ltr'>Ductus</span> 
     </span>
    </p>
   </div>
   <div class='ocr_carea' id='block_1_9' title="bbox 255 877 1896 954">
    <p class='ocr_par' dir='ltr' id='par_1_9' title="bbox 255 877 1896 954">
     <span class='ocr_line' id='line_1_9' title="bbox 255 877 1896 954; baseline 0.007 -24"><span class='ocrx_word' id='word_1_53' title='bbox 255 880 449 932; x_wconf 85' lang='lat' dir='ltr'>autem</span> <span class='ocrx_word' id='word_1_54' title='bbox 475 877 768 949; x_wconf 86' lang='lat' dir='ltr'>gloriosus</span> <span class='ocrx_word' id='word_1_55' title='bbox 792 886 1012 954; x_wconf 85' lang='lat' dir='ltr'>martyr</span> <span class='ocrx_word' id='word_1_56' title='bbox 1047 883 1352 940; x_wconf 89' lang='lat' dir='ltr'>Tiburtius</span> <span class='ocrx_word' id='word_1_57' title='bbox 1389 887 1446 941; x_wconf 90' lang='lat' dir='ltr'>in</span> <span class='ocrx_word' id='word_1_58' title='bbox 1487 887 1577 941; x_wconf 88' lang='lat' dir='ltr'>via</span> <span class='ocrx_word' id='word_1_59' title='bbox 1600 887 1896 953; x_wconf 86' lang='lat' dir='ltr'>Levicana,</span> 
     </span>
    </p>
   </div>
   <div class='ocr_carea' id='block_1_10' title="bbox 252 965 1898 1046">
    <p class='ocr_par' dir='ltr' id='par_1_10' title="bbox 252 965 1898 1046">
     <span class='ocr_line' id='line_1_10' title="bbox 252 965 1898 1046; baseline 0.007 -26"><span class='ocrx_word' id='word_1_60' title='bbox 252 965 422 1020; x_wconf 86' lang='lat' dir='ltr'>tertio</span> <span class='ocrx_word' id='word_1_61' title='bbox 445 965 515 1019; x_wconf 92' lang='lat' dir='ltr'>ab</span> <span class='ocrx_word' id='word_1_62' title='bbox 537 967 690 1023; x_wconf 91' lang='lat' dir='ltr'>Urbe</span> <span class='ocrx_word' id='word_1_63' title='bbox 712 968 1005 1037; x_wconf 90' lang='lat' dir='ltr'>milliario,</span> <span class='ocrx_word' id='word_1_64' title='bbox 1041 989 1155 1027; x_wconf 92' lang='lat' dir='ltr'>uno</span> <span class='ocrx_word' id='word_1_65' title='bbox 1200 973 1316 1028; x_wconf 92' lang='lat' dir='ltr'>ictu</span> <span class='ocrx_word' id='word_1_66' title='bbox 1375 973 1552 1044; x_wconf 86' lang='lat' dir='ltr'>gladii</span> <span class='ocrx_word' id='word_1_67' title='bbox 1581 991 1898 1046; x_wconf 87' lang='lat' dir='ltr'>percussus</span> 
     </span>
    </p>
   </div>
   <div class='ocr_carea' id='block_1_11' title="bbox 253 1053 1901 1135">
    <p class='ocr_par' dir='ltr' id='par_1_11' title="bbox 253 1053 1901 1135">
     <span class='ocr_line' id='line_1_11' title="bbox 253 1053 1901 1135; baseline 0.008 -28"><span class='ocrx_word' id='word_1_68' title='bbox 253 1053 571 1123; x_wconf 90' lang='lat' dir='ltr'>abscessit;</span> <span class='ocrx_word' id='word_1_69' title='bbox 592 1059 648 1111; x_wconf 91' lang='lat' dir='ltr'>et</span> <span class='ocrx_word' id='word_1_70' title='bbox 668 1057 726 1111; x_wconf 91' lang='lat' dir='ltr'>in</span> <span class='ocrx_word' id='word_1_71' title='bbox 745 1059 949 1114; x_wconf 90' lang='lat' dir='ltr'>eodem</span> <span class='ocrx_word' id='word_1_72' title='bbox 970 1060 1094 1117; x_wconf 93' lang='lat' dir='ltr'>loco</span> <span class='ocrx_word' id='word_1_73' title='bbox 1140 1079 1172 1116; x_wconf 91' lang='lat' dir='ltr'>a</span> <span class='ocrx_word' id='word_1_74' title='bbox 1209 1063 1462 1133; x_wconf 91' lang='lat' dir='ltr'>quodam</span> <span class='ocrx_word' id='word_1_75' title='bbox 1483 1069 1722 1135; x_wconf 89' lang='lat' dir='ltr'>parente</span> <span class='ocrx_word' id='word_1_76' title='bbox 1740 1065 1901 1119; x_wconf 88' lang='lat' dir='ltr'>Chri-</span> 
     </span>
    </p>
   </div>
   <div class='ocr_carea' id='block_1_12' title="bbox 250 1142 1538 1223">
    <p class='ocr_par' dir='ltr' id='par_1_12' title="bbox 250 1142 1538 1223">
     <span class='ocr_line' id='line_1_12' title="bbox 250 1142 1538 1223; baseline 0.007 -26"><span class='ocrx_word' id='word_1_77' title='bbox 250 1142 440 1198; x_wconf 89' lang='lat' dir='ltr'>stiano</span> <span class='ocrx_word' id='word_1_78' title='bbox 472 1144 738 1216; x_wconf 90' lang='lat' dir='ltr'>sepultus</span> <span class='ocrx_word' id='word_1_79' title='bbox 767 1151 855 1202; x_wconf 92' lang='lat' dir='ltr'>est</span> <span class='ocrx_word' id='word_1_80' title='bbox 885 1148 1054 1205; x_wconf 91' lang='lat' dir='ltr'>tertio</span> <span class='ocrx_word' id='word_1_81' title='bbox 1089 1151 1225 1205; x_wconf 90' lang='lat' dir='ltr'>Idus</span> <span class='ocrx_word' id='word_1_82' title='bbox 1270 1153 1538 1223; x_wconf 85' lang='lat' dir='ltr'>Augusti.</span> 
     </span>
    </p>
   </div>
   <div class='ocr_carea' id='block_1_13' title="bbox 318 1249 1899 1330">
    <p class='ocr_par' dir='ltr' id='par_1_13' title="bbox 318 1249 1899 1330">
     <span class='ocr_line' id='line_1_13' title="bbox 318 1249 1899 1330; baseline 0.006 -26"><span class='ocrx_word' id='word_1_83' title='bbox 318 1249 534 1306; x_wconf 86' lang='lat' dir='ltr'>Eodem</span> <span class='ocrx_word' id='word_1_84' title='bbox 557 1251 650 1307; x_wconf 91' lang='lat' dir='ltr'>die</span> <span class='ocrx_word' id='word_1_85' title='bbox 673 1252 868 1309; x_wconf 66' lang='lat' dir='ltr'>Romae</span> <span class='ocrx_word' id='word_1_86' title='bbox 893 1259 1103 1311; x_wconf 69' lang='lat' dir='ltr'>sanctae</span> <span class='ocrx_word' id='word_1_87' title='bbox 1120 1256 1400 1312; x_wconf 79' lang='lat' dir='ltr'>Susannae</span> <span class='ocrx_word' id='word_1_88' title='bbox 1417 1258 1661 1330; x_wconf 82' lang='lat' dir='ltr'>virginis</span> <span class='ocrx_word' id='word_1_89' title='bbox 1677 1264 1732 1315; x_wconf 89' lang='lat' dir='ltr'>et</span> <span class='ocrx_word' id='word_1_90' title='bbox 1749 1277 1899 1316; x_wconf 88' lang='lat' dir='ltr'>mar-</span> 
     </span>
    </p>
   </div>
   <div class='ocr_carea' id='block_1_14' title="bbox 251 1337 1896 1419">
    <p class='ocr_par' dir='ltr' id='par_1_14' title="bbox 251 1337 1896 1419">
     <span class='ocr_line' id='line_1_14' title="bbox 251 1337 1896 1419; baseline 0.008 -28"><span class='ocrx_word' id='word_1_91' title='bbox 251 1337 416 1409; x_wconf 86' lang='lat' dir='ltr'>tyris,</span> <span class='ocrx_word' id='word_1_92' title='bbox 451 1341 560 1395; x_wconf 89' lang='lat' dir='ltr'>sub</span> <span class='ocrx_word' id='word_1_93' title='bbox 583 1341 942 1398; x_wconf 86' lang='lat' dir='ltr'>Diocletiano</span> <span class='ocrx_word' id='word_1_94' title='bbox 964 1349 1019 1399; x_wconf 90' lang='lat' dir='ltr'>et</span> <span class='ocrx_word' id='word_1_95' title='bbox 1041 1345 1389 1402; x_wconf 87' lang='lat' dir='ltr'>Maximiano</span> <span class='ocrx_word' id='word_1_96' title='bbox 1414 1346 1896 1419; x_wconf 86' lang='lat' dir='ltr'>imperatoribus,</span> 
     </span>
    </p>
   </div>
   <div class='ocr_carea' id='block_1_15' title="bbox 246 1427 1895 1510">
    <p class='ocr_par' dir='ltr' id='par_1_15' title="bbox 246 1427 1895 1510">
     <span class='ocr_line' id='line_1_15' title="bbox 246 1427 1895 1510; baseline 0.007 -29"><span class='ocrx_word' id='word_1_97' title='bbox 246 1427 443 1497; x_wconf 91' lang='lat' dir='ltr'>judice</span> <span class='ocrx_word' id='word_1_98' title='bbox 457 1429 816 1488; x_wconf 86' lang='lat' dir='ltr'>Macedonio.</span> <span class='ocrx_word' id='word_1_99' title='bbox 837 1433 1174 1489; x_wconf 87' lang='lat' dir='ltr'>Fuitautem</span> <span class='ocrx_word' id='word_1_100' title='bbox 1194 1434 1556 1506; x_wconf 80' lang='lat' dir='ltr'>ﬁliagloriosi</span> <span class='ocrx_word' id='word_1_101' title='bbox 1573 1438 1895 1510; x_wconf 86' lang='lat' dir='ltr'>presbyteri</span> 
     </span>
    </p>
   </div>
   <div class='ocr_carea' id='block_1_16' title="bbox 251 1518 1894 1600">
    <p class='ocr_par' dir='ltr' id='par_1_16' title="bbox 251 1518 1894 1600">
     <span class='ocr_line' id='line_1_16' title="bbox 251 1518 1894 1600; baseline 0.008 -29"><span class='ocrx_word' id='word_1_102' title='bbox 251 1520 309 1571; x_wconf 92' lang='lat' dir='ltr'>et</span> <span class='ocrx_word' id='word_1_103' title='bbox 328 1518 598 1590; x_wconf 86' lang='lat' dir='ltr'>martyris</span> <span class='ocrx_word' id='word_1_104' title='bbox 644 1519 894 1588; x_wconf 88' lang='lat' dir='ltr'>Gabinii,</span> <span class='ocrx_word' id='word_1_105' title='bbox 925 1522 1119 1577; x_wconf 88' lang='lat' dir='ltr'>fratris</span> <span class='ocrx_word' id='word_1_106' title='bbox 1163 1524 1289 1579; x_wconf 91' lang='lat' dir='ltr'>Gaii</span> <span class='ocrx_word' id='word_1_107' title='bbox 1326 1543 1486 1597; x_wconf 82' lang='lat' dir='ltr'>papae</span> <span class='ocrx_word' id='word_1_108' title='bbox 1519 1531 1575 1582; x_wconf 90' lang='lat' dir='ltr'>et</span> <span class='ocrx_word' id='word_1_109' title='bbox 1601 1529 1894 1600; x_wconf 89' lang='lat' dir='ltr'>martyris,</span> 
     </span>
    </p>
   </div>
   <div class='ocr_carea' id='block_1_17' title="bbox 253 1605 1894 1689">
    <p class='ocr_par' dir='ltr' id='par_1_17' title="bbox 253 1605 1894 1689">
     <span class='ocr_line' id='line_1_17' title="bbox 253 1605 1894 1689; baseline 0.008 -29"><span class='ocrx_word' id='word_1_110' title='bbox 253 1605 432 1661; x_wconf 92' lang='lat' dir='ltr'>nobili</span> <span class='ocrx_word' id='word_1_111' title='bbox 467 1611 593 1662; x_wconf 90' lang='lat' dir='ltr'>sata</span> <span class='ocrx_word' id='word_1_112' title='bbox 624 1609 979 1681; x_wconf 85' lang='lat' dir='ltr'>propagine:</span> <span class='ocrx_word' id='word_1_113' title='bbox 1015 1627 1191 1682; x_wconf 89' lang='lat' dir='ltr'>quam</span> <span class='ocrx_word' id='word_1_114' title='bbox 1242 1618 1406 1684; x_wconf 91' lang='lat' dir='ltr'>pater</span> <span class='ocrx_word' id='word_1_115' title='bbox 1447 1615 1894 1689; x_wconf 87' lang='lat' dir='ltr'>diligentissime</span> 
     </span>
    </p>
   </div>
   <div class='ocr_carea' id='block_1_18' title="bbox 253 1695 1896 1779">
    <p class='ocr_par' dir='ltr' id='par_1_18' title="bbox 253 1695 1896 1779">
     <span class='ocr_line' id='line_1_18' title="bbox 253 1695 1896 1779; baseline 0.009 -31"><span class='ocrx_word' id='word_1_116' title='bbox 253 1695 559 1764; x_wconf 88' lang='lat' dir='ltr'>nutrierat,</span> <span class='ocrx_word' id='word_1_117' title='bbox 583 1696 1084 1756; x_wconf 88' lang='lat' dir='ltr'>etdivinislitteris</span> <span class='ocrx_word' id='word_1_118' title='bbox 1099 1702 1408 1759; x_wconf 89' lang='lat' dir='ltr'>imbuerat.</span> <span class='ocrx_word' id='word_1_119' title='bbox 1427 1705 1684 1760; x_wconf 88' lang='lat' dir='ltr'>Audiens</span> <span class='ocrx_word' id='word_1_120' title='bbox 1700 1707 1896 1779; x_wconf 87' lang='lat' dir='ltr'>itaque</span> 
     </span>
    </p>
   </div>
   <div class='ocr_carea' id='block_1_19' title="bbox 2013 527 3672 602">
    <p class='ocr_par' dir='ltr' id='par_1_19' title="bbox 2013 527 3672 602">
     <span class='ocr_line' id='line_1_19' title="bbox 2013 527 3672 602; baseline 0.004 -22"><span class='ocrx_word' id='word_1_121' title='bbox 2013 527 2099 582; x_wconf 93' lang='lat' dir='ltr'>ira</span> <span class='ocrx_word' id='word_1_122' title='bbox 2128 527 2431 596; x_wconf 88' lang='lat' dir='ltr'>Calvisius,</span> <span class='ocrx_word' id='word_1_123' title='bbox 2456 529 2641 600; x_wconf 87' lang='lat' dir='ltr'>jussit</span> <span class='ocrx_word' id='word_1_124' title='bbox 2669 546 2803 584; x_wconf 91' lang='lat' dir='ltr'>eum</span> <span class='ocrx_word' id='word_1_125' title='bbox 2835 530 3031 585; x_wconf 90' lang='lat' dir='ltr'>acrius</span> <span class='ocrx_word' id='word_1_126' title='bbox 3062 530 3346 601; x_wconf 88' lang='lat' dir='ltr'>torqueri,</span> <span class='ocrx_word' id='word_1_127' title='bbox 3381 535 3562 602; x_wconf 87' lang='lat' dir='ltr'>atque</span> <span class='ocrx_word' id='word_1_128' title='bbox 3593 532 3672 587; x_wconf 83' lang='lat' dir='ltr'>ad</span> 
     </span>
    </p>
   </div>
   <div class='ocr_carea' id='block_1_20' title="bbox 2012 615 3670 688">
    <p class='ocr_par' dir='ltr' id='par_1_20' title="bbox 2012 615 3670 688">
     <span class='ocr_line' id='line_1_20' title="bbox 2012 615 3670 688; baseline 0.004 -19"><span class='ocrx_word' id='word_1_129' title='bbox 2012 615 2290 671; x_wconf 89' lang='lat' dir='ltr'>ultimum</span> <span class='ocrx_word' id='word_1_130' title='bbox 2323 618 2561 673; x_wconf 76' lang='lat' dir='ltr'>dictavit</span> <span class='ocrx_word' id='word_1_131' title='bbox 2617 617 2984 688; x_wconf 90' lang='lat' dir='ltr'>sententiam,</span> <span class='ocrx_word' id='word_1_132' title='bbox 3037 617 3277 674; x_wconf 87' lang='lat' dir='ltr'>dicens:</span> <span class='ocrx_word' id='word_1_133' title='bbox 3315 641 3344 668; x_wconf 84' lang='lat'><strong>«</strong></span> <span class='ocrx_word' id='word_1_134' title='bbox 3371 618 3670 676; x_wconf 86' lang='lat' dir='ltr'>Jubemus</span> 
     </span>
    </p>
   </div>
   <div class='ocr_carea' id='block_1_21' title="bbox 2011 704 3675 780">
    <p class='ocr_par' dir='ltr' id='par_1_21' title="bbox 2011 704 3675 780">
     <span class='ocr_line' id='line_1_21' title="bbox 2011 704 3675 780; baseline 0.005 -22"><span class='ocrx_word' id='word_1_135' title='bbox 2011 704 2260 776; x_wconf 91' lang='lat' dir='ltr'>Euplum</span> <span class='ocrx_word' id='word_1_136' title='bbox 2273 706 2297 777; x_wconf 89' lang='lat' dir='ltr'>j</span> <span class='ocrx_word' id='word_1_137' title='bbox 2309 711 2437 762; x_wconf 91' lang='lat' dir='ltr'>usto</span> <span class='ocrx_word' id='word_1_138' title='bbox 2449 706 2674 778; x_wconf 90' lang='lat' dir='ltr'>judicio</span> <span class='ocrx_word' id='word_1_139' title='bbox 2695 707 2963 763; x_wconf 82' lang='lat' dir='ltr'>interfici.</span> <span class='ocrx_word' id='word_1_140' title='bbox 2992 729 3018 757; x_wconf 82' lang='grc'>››</span> <span class='ocrx_word' id='word_1_141' title='bbox 3044 708 3258 763; x_wconf 86' lang='lat' dir='ltr'>Beatus</span> <span class='ocrx_word' id='word_1_142' title='bbox 3284 724 3420 763; x_wconf 89' lang='lat' dir='ltr'>vero</span> <span class='ocrx_word' id='word_1_143' title='bbox 3444 708 3675 780; x_wconf 83' lang='lat' dir='ltr'>Euplus</span> 
     </span>
    </p>
   </div>
   <div class='ocr_carea' id='block_1_22' title="bbox 2011 795 3681 868">
    <p class='ocr_par' dir='ltr' id='par_1_22' title="bbox 2011 795 3681 868">
     <span class='ocr_line' id='line_1_22' title="bbox 2011 795 3681 868; baseline 0.003 -20"><span class='ocrx_word' id='word_1_144' title='bbox 2011 795 2228 866; x_wconf 86' lang='lat' dir='ltr'>gratias</span> <span class='ocrx_word' id='word_1_145' title='bbox 2259 812 2438 868; x_wconf 88' lang='lat' dir='ltr'>agens</span> <span class='ocrx_word' id='word_1_146' title='bbox 2468 796 2604 863; x_wconf 90' lang='lat' dir='ltr'>Deo,</span> <span class='ocrx_word' id='word_1_147' title='bbox 2633 800 2688 851; x_wconf 91' lang='lat' dir='ltr'>et</span> <span class='ocrx_word' id='word_1_148' title='bbox 2712 797 2952 851; x_wconf 87' lang='lat' dir='ltr'>ﬂectens</span> <span class='ocrx_word' id='word_1_149' title='bbox 2974 813 3165 868; x_wconf 90' lang='lat' dir='ltr'>genua</span> <span class='ocrx_word' id='word_1_150' title='bbox 3207 813 3342 863; x_wconf 89' lang='lat' dir='ltr'>sua,</span> <span class='ocrx_word' id='word_1_151' title='bbox 3366 797 3524 852; x_wconf 89' lang='lat' dir='ltr'>facta</span> <span class='ocrx_word' id='word_1_152' title='bbox 3542 815 3681 853; x_wconf 86' lang='lat' dir='ltr'>ora-</span> 
     </span>
    </p>
   </div>
   <div class='ocr_carea' id='block_1_23' title="bbox 2011 883 3674 955">
    <p class='ocr_par' dir='ltr' id='par_1_23' title="bbox 2011 883 3674 955">
     <span class='ocr_line' id='line_1_23' title="bbox 2011 883 3674 955; baseline 0.003 -18"><span class='ocrx_word' id='word_1_153' title='bbox 2011 883 2167 939; x_wconf 89' lang='lat' dir='ltr'>tione</span> <span class='ocrx_word' id='word_1_154' title='bbox 2191 885 2412 955; x_wconf 91' lang='lat' dir='ltr'>paravit</span> <span class='ocrx_word' id='word_1_155' title='bbox 2429 885 2734 953; x_wconf 88' lang='lat' dir='ltr'>cervicem,</span> <span class='ocrx_word' id='word_1_156' title='bbox 2757 889 2815 941; x_wconf 89' lang='lat' dir='ltr'>et</span> <span class='ocrx_word' id='word_1_157' title='bbox 2851 884 3176 940; x_wconf 90' lang='lat' dir='ltr'>decollatus</span> <span class='ocrx_word' id='word_1_158' title='bbox 3198 891 3290 940; x_wconf 90' lang='lat' dir='ltr'>est</span> <span class='ocrx_word' id='word_1_159' title='bbox 3315 886 3491 941; x_wconf 90' lang='lat' dir='ltr'>tertio</span> <span class='ocrx_word' id='word_1_160' title='bbox 3533 887 3674 942; x_wconf 81' lang='lat' dir='ltr'>Idus</span> 
     </span>
    </p>
   </div>
   <div class='ocr_carea' id='block_1_24' title="bbox 2009 973 3674 1048">
    <p class='ocr_par' dir='ltr' id='par_1_24' title="bbox 2009 973 3674 1048">
     <span class='ocr_line' id='line_1_24' title="bbox 2009 973 3674 1048; baseline 0.002 -22"><span class='ocrx_word' id='word_1_161' title='bbox 2009 973 2277 1045; x_wconf 90' lang='lat' dir='ltr'>Augusti.</span> <span class='ocrx_word' id='word_1_162' title='bbox 2293 974 2474 1044; x_wconf 82' lang='lat' dir='ltr'>Cujus</span> <span class='ocrx_word' id='word_1_163' title='bbox 2494 990 2728 1046; x_wconf 90' lang='lat' dir='ltr'>corpus,</span> <span class='ocrx_word' id='word_1_164' title='bbox 2747 974 3111 1029; x_wconf 91' lang='lat' dir='ltr'>aromatibus</span> <span class='ocrx_word' id='word_1_165' title='bbox 3125 974 3674 1048; x_wconf 88' lang='lat' dir='ltr'>conditum,sepul-</span> 
     </span>
    </p>
   </div>
   <div class='ocr_carea' id='block_1_25' title="bbox 2009 1062 3671 1134">
    <p class='ocr_par' dir='ltr' id='par_1_25' title="bbox 2009 1062 3671 1134">
     <span class='ocr_line' id='line_1_25' title="bbox 2009 1062 3671 1134; baseline 0.004 -19"><span class='ocrx_word' id='word_1_166' title='bbox 2009 1065 2137 1117; x_wconf 87' lang='lat' dir='ltr'>tum</span> <span class='ocrx_word' id='word_1_167' title='bbox 2153 1067 2243 1118; x_wconf 88' lang='lat' dir='ltr'>est</span> <span class='ocrx_word' id='word_1_168' title='bbox 2268 1062 2328 1117; x_wconf 92' lang='lat' dir='ltr'>in</span> <span class='ocrx_word' id='word_1_169' title='bbox 2351 1063 2475 1119; x_wconf 92' lang='lat' dir='ltr'>loco</span> <span class='ocrx_word' id='word_1_170' title='bbox 2498 1062 2813 1118; x_wconf 90' lang='lat' dir='ltr'>venerabili</span> <span class='ocrx_word' id='word_1_171' title='bbox 2855 1062 3072 1118; x_wconf 79' lang='lat' dir='ltr'>Catinae</span> <span class='ocrx_word' id='word_1_172' title='bbox 3111 1063 3394 1134; x_wconf 59' lang='lat' dir='ltr'>[Catane]</span> <span class='ocrx_word' id='word_1_173' title='bbox 3416 1064 3671 1121; x_wconf 83' lang='lat' dir='ltr'>civitatis</span> 
     </span>
    </p>
   </div>
   <div class='ocr_carea' id='block_1_26' title="bbox 2009 1149 2674 1224">
    <p class='ocr_par' dir='ltr' id='par_1_26' title="bbox 2009 1149 2674 1224">
     <span class='ocr_line' id='line_1_26' title="bbox 2009 1149 2674 1224; baseline 0.002 -19"><span class='ocrx_word' id='word_1_174' title='bbox 2009 1149 2194 1222; x_wconf 87' lang='lat' dir='ltr'>pridie</span> <span class='ocrx_word' id='word_1_175' title='bbox 2231 1152 2367 1206; x_wconf 91' lang='lat' dir='ltr'>Idus</span> <span class='ocrx_word' id='word_1_176' title='bbox 2401 1152 2674 1224; x_wconf 86' lang='lat' dir='ltr'>Augusti.</span> 
     </span>
    </p>
   </div>
   <div class='ocr_carea' id='block_1_27' title="bbox 2078 1239 3672 1313">
    <p class='ocr_par' dir='ltr' id='par_1_27' title="bbox 2078 1239 3672 1313">
     <span class='ocr_line' id='line_1_27' title="bbox 2078 1239 3672 1313; baseline 0.003 -19"><span class='ocrx_word' id='word_1_177' title='bbox 2078 1241 2292 1296; x_wconf 92' lang='lat' dir='ltr'>Eodem</span> <span class='ocrx_word' id='word_1_178' title='bbox 2320 1240 2412 1297; x_wconf 89' lang='lat' dir='ltr'>die</span> <span class='ocrx_word' id='word_1_179' title='bbox 2435 1240 2630 1313; x_wconf 86' lang='lat' dir='ltr'>passio</span> <span class='ocrx_word' id='word_1_180' title='bbox 2650 1239 2882 1296; x_wconf 65' lang='lat' dir='ltr'>Hilaris;</span> <span class='ocrx_word' id='word_1_181' title='bbox 2905 1241 3110 1296; x_wconf 87' lang='lat' dir='ltr'>matris</span> <span class='ocrx_word' id='word_1_182' title='bbox 3133 1241 3315 1296; x_wconf 65' lang='lat' dir='ltr'>beatae</span> <span class='ocrx_word' id='word_1_183' title='bbox 3341 1242 3494 1298; x_wconf 71' lang='lat' dir='ltr'>Afrae</span> <span class='ocrx_word' id='word_1_184' title='bbox 3518 1260 3672 1298; x_wconf 84' lang='lat' dir='ltr'>mar-</span> 
     </span>
    </p>
   </div>
   <div class='ocr_carea' id='block_1_28' title="bbox 2005 1329 3673 1402">
    <p class='ocr_par' dir='ltr' id='par_1_28' title="bbox 2005 1329 3673 1402">
     <span class='ocr_line' id='line_1_28' title="bbox 2005 1329 3673 1402; baseline 0.004 -20"><span class='ocrx_word' id='word_1_185' title='bbox 2005 1330 2169 1400; x_wconf 89' lang='lat' dir='ltr'>tyris.</span> <span class='ocrx_word' id='word_1_186' title='bbox 2192 1330 2324 1393; x_wconf 67' lang='lat' dir='ltr'>Quae</span> <span class='ocrx_word' id='word_1_187' title='bbox 2374 1347 2508 1386; x_wconf 90' lang='lat' dir='ltr'>cum</span> <span class='ocrx_word' id='word_1_188' title='bbox 2533 1331 2605 1386; x_wconf 92' lang='lat' dir='ltr'>ad</span> <span class='ocrx_word' id='word_1_189' title='bbox 2633 1329 2975 1402; x_wconf 89' lang='lat' dir='ltr'>sepulcrum</span> <span class='ocrx_word' id='word_1_190' title='bbox 3000 1329 3161 1386; x_wconf 92' lang='lat' dir='ltr'>illius</span> <span class='ocrx_word' id='word_1_191' title='bbox 3187 1331 3528 1399; x_wconf 83' lang='lat' dir='ltr'>excubaret,</span> <span class='ocrx_word' id='word_1_192' title='bbox 3557 1333 3673 1388; x_wconf 90' lang='lat' dir='ltr'>ibi-</span> 
     </span>
    </p>
   </div>
   <div class='ocr_carea' id='block_1_29' title="bbox 2008 1413 3676 1491">
    <p class='ocr_par' dir='ltr' id='par_1_29' title="bbox 2008 1413 3676 1491">
     <span class='ocr_line' id='line_1_29' title="bbox 2008 1413 3676 1491; baseline 0.002 -17"><span class='ocrx_word' id='word_1_193' title='bbox 2008 1420 2140 1474; x_wconf 89' lang='lat' dir='ltr'>dem</span> <span class='ocrx_word' id='word_1_194' title='bbox 2163 1437 2266 1491; x_wconf 91' lang='lat' dir='ltr'>pro</span> <span class='ocrx_word' id='word_1_195' title='bbox 2288 1419 2402 1475; x_wconf 83' lang='lat' dir='ltr'>ﬁde</span> <span class='ocrx_word' id='word_1_196' title='bbox 2421 1419 2636 1475; x_wconf 90' lang='lat' dir='ltr'>Christi</span> <span class='ocrx_word' id='word_1_197' title='bbox 2658 1438 2692 1475; x_wconf 93' lang='lat' dir='ltr'>a</span> <span class='ocrx_word' id='word_1_198' title='bbox 2709 1413 3186 1491; x_wconf 87' lang='lat' dir='ltr'>persecutoribus</span> <span class='ocrx_word' id='word_1_199' title='bbox 3203 1419 3326 1491; x_wconf 90' lang='lat' dir='ltr'>igni</span> <span class='ocrx_word' id='word_1_200' title='bbox 3345 1422 3567 1477; x_wconf 87' lang='lat' dir='ltr'>tradita</span> <span class='ocrx_word' id='word_1_201' title='bbox 3583 1428 3676 1478; x_wconf 87' lang='lat' dir='ltr'>est</span> 
     </span>
    </p>
   </div>
   <div class='ocr_carea' id='block_1_30' title="bbox 2009 1506 3672 1582">
    <p class='ocr_par' dir='ltr' id='par_1_30' title="bbox 2009 1506 3672 1582">
     <span class='ocr_line' id='line_1_30' title="bbox 2009 1506 3672 1582; baseline 0.002 -20"><span class='ocrx_word' id='word_1_202' title='bbox 2009 1524 2144 1562; x_wconf 92' lang='lat' dir='ltr'>cum</span> <span class='ocrx_word' id='word_1_203' title='bbox 2167 1508 2352 1580; x_wconf 90' lang='lat' dir='ltr'>Digna</span> <span class='ocrx_word' id='word_1_204' title='bbox 2373 1512 2429 1563; x_wconf 90' lang='lat' dir='ltr'>et</span> <span class='ocrx_word' id='word_1_205' title='bbox 2448 1507 2686 1563; x_wconf 90' lang='lat' dir='ltr'>Emenia</span> <span class='ocrx_word' id='word_1_206' title='bbox 2736 1506 3070 1580; x_wconf 86' lang='lat' dir='ltr'>[Eunomia]</span> <span class='ocrx_word' id='word_1_207' title='bbox 3110 1511 3167 1562; x_wconf 93' lang='lat' dir='ltr'>et</span> <span class='ocrx_word' id='word_1_208' title='bbox 3189 1508 3504 1582; x_wconf 83' lang='lat' dir='ltr'>Euprepia,</span> <span class='ocrx_word' id='word_1_209' title='bbox 3537 1527 3672 1582; x_wconf 75' lang='lat' dir='ltr'>quae</span> 
     </span>
    </p>
   </div>
   <div class='ocr_carea' id='block_1_31' title="bbox 2006 1595 2942 1668">
    <p class='ocr_par' dir='ltr' id='par_1_31' title="bbox 2006 1595 2942 1668">
     <span class='ocr_line' id='line_1_31' title="bbox 2006 1595 2942 1668; baseline -0.003 -16"><span class='ocrx_word' id='word_1_210' title='bbox 2006 1598 2244 1652; x_wconf 87' lang='lat' dir='ltr'>fuerunt</span> <span class='ocrx_word' id='word_1_211' title='bbox 2276 1595 2484 1668; x_wconf 66' lang='lat' dir='ltr'>puella:</span> <span class='ocrx_word' id='word_1_212' title='bbox 2519 1599 2734 1652; x_wconf 73' lang='lat' dir='ltr'>sanctae</span> <span class='ocrx_word' id='word_1_213' title='bbox 2768 1597 2942 1650; x_wconf 71' lang='lat' dir='ltr'>Alraa.</span> 
     </span>
    </p>
   </div>
   <div class='ocr_carea' id='block_1_32' title="bbox 2077 1684 3668 1757">
    <p class='ocr_par' dir='ltr' id='par_1_32' title="bbox 2077 1684 3668 1757">
     <span class='ocr_line' id='line_1_32' title="bbox 2077 1684 3668 1757; baseline 0.002 -17"><span class='ocrx_word' id='word_1_214' title='bbox 2077 1687 2139 1740; x_wconf 88' lang='lat' dir='ltr'><strong>In</strong></span> <span class='ocrx_word' id='word_1_215' title='bbox 2161 1685 2417 1741; x_wconf 87' lang='lat' dir='ltr'>Historia</span> <span class='ocrx_word' id='word_1_216' title='bbox 2434 1685 2628 1756; x_wconf 89' lang='lat' dir='ltr'>[Istria</span> <span class='ocrx_word' id='word_1_217' title='bbox 2643 1685 2692 1757; x_wconf 68' lang='lat'>9}</span> <span class='ocrx_word' id='word_1_218' title='bbox 2711 1684 2902 1740; x_wconf 88' lang='lat' dir='ltr'>sancti</span> <span class='ocrx_word' id='word_1_219' title='bbox 2920 1685 2949 1740; x_wconf 73' lang='grc' dir='ltr'>,Ι</span> <span class='ocrx_word' id='word_1_220' title='bbox 2962 1684 3142 1740; x_wconf 90' lang='lat' dir='ltr'>uliani</span> <span class='ocrx_word' id='word_1_221' title='bbox 3162 1701 3295 1740; x_wconf 92' lang='lat' dir='ltr'>cum</span> <span class='ocrx_word' id='word_1_222' title='bbox 3317 1686 3488 1742; x_wconf 88' lang='lat' dir='ltr'>sociis</span> <span class='ocrx_word' id='word_1_223' title='bbox 3508 1687 3668 1743; x_wconf 89' lang='lat' dir='ltr'>suis.</span> 
     </span>
    </p>
   </div>
   <div class='ocr_carea' id='block_1_33' title="bbox 253 1773 3668 1870">
    <p class='ocr_par' dir='ltr' id='par_1_33' title="bbox 253 1773 3668 1870">
     <span class='ocr_line' id='line_1_33' title="bbox 253 1773 3668 1870; baseline 0.011 -34"><span class='ocrx_word' id='word_1_224' title='bbox 253 1781 650 1840; x_wconf 87' lang='lat' dir='ltr'>Diocletianus</span> <span class='ocrx_word' id='word_1_225' title='bbox 668 1786 740 1841; x_wconf 92' lang='lat' dir='ltr'>de</span> <span class='ocrx_word' id='word_1_226' title='bbox 755 1786 949 1858; x_wconf 91' lang='lat' dir='ltr'>puella</span> <span class='ocrx_word' id='word_1_227' title='bbox 965 1791 1120 1860; x_wconf 91' lang='lat' dir='ltr'>quod</span> <span class='ocrx_word' id='word_1_228' title='bbox 1141 1791 1573 1861; x_wconf 81' lang='lat' dir='ltr'>pulchritudine</span> <span class='ocrx_word' id='word_1_229' title='bbox 1595 1799 1650 1850; x_wconf 92' lang='lat' dir='ltr'>et</span> <span class='ocrx_word' id='word_1_230' title='bbox 1671 1773 1897 1867; x_wconf 79' lang='lat' dir='ltr'>sapien-</span> <span class='ocrx_word' id='word_1_231' title='bbox 1927 1805 1976 1870; x_wconf 87' lang='grc' dir='ltr'>Β</span> <span class='ocrx_word' id='word_1_232' title='bbox 2043 1863 2056 1870; x_wconf 92' lang='lat'><em>_</em></span> <span class='ocrx_word' id='word_1_233' title='bbox 2078 1773 2360 1870; x_wconf 37' lang='lat' dir='ltr'>Innsyri?&quot;</span> <span class='ocrx_word' id='word_1_234' title='bbox 2385 1774 2520 1870; x_wconf 58' lang='grc' dir='ltr'>,Ῠίθίῖ</span> <span class='ocrx_word' id='word_1_235' title='bbox 2554 1774 2861 1870; x_wconf 50' lang='grc' dir='ltr'>Μῗλξδήίῗν</span> <span class='ocrx_word' id='word_1_236' title='bbox 2915 1773 3129 1870; x_wconf 49' lang='lat'>“39‘?”</span> <span class='ocrx_word' id='word_1_237' title='bbox 3176 1779 3507 1870; x_wconf 56' lang='lat' dir='ltr'>sum?“</span> <span class='ocrx_word' id='word_1_238' title='bbox 3535 1776 3668 1832; x_wconf 56' lang='lat' dir='ltr'>Ma-</span> 
     </span>
    </p>
   </div>
   <div class='ocr_carea' id='block_1_34' title="bbox 252 1871 1898 1954">
    <p class='ocr_par' dir='ltr' id='par_1_34' title="bbox 252 1871 1898 1954">
     <span class='ocr_line' id='line_1_34' title="bbox 252 1871 1898 1954; baseline 0.01 -28"><span class='ocrx_word' id='word_1_239' title='bbox 252 1871 338 1929; x_wconf 86' lang='lat' dir='ltr'>tia</span> <span class='ocrx_word' id='word_1_240' title='bbox 368 1871 742 1944; x_wconf 69' lang='lat' dir='ltr'>praacelleret,</span> <span class='ocrx_word' id='word_1_241' title='bbox 771 1876 936 1932; x_wconf 89' lang='lat' dir='ltr'>misit</span> <span class='ocrx_word' id='word_1_242' title='bbox 955 1878 1026 1933; x_wconf 93' lang='lat' dir='ltr'>ad</span> <span class='ocrx_word' id='word_1_243' title='bbox 1048 1879 1337 1936; x_wconf 91' lang='lat' dir='ltr'>Gabinum</span> <span class='ocrx_word' id='word_1_244' title='bbox 1364 1885 1678 1954; x_wconf 89' lang='lat' dir='ltr'>quemdam</span> <span class='ocrx_word' id='word_1_245' title='bbox 1693 1902 1898 1941; x_wconf 88' lang='lat' dir='ltr'>conso-</span> 
     </span>
    </p>
   </div>
   <div class='ocr_carea' id='block_1_35' title="bbox 256 1960 1898 2045">
    <p class='ocr_par' dir='ltr' id='par_1_35' title="bbox 256 1960 1898 2045">
     <span class='ocr_line' id='line_1_35' title="bbox 256 1960 1898 2045; baseline 0.009 -30"><span class='ocrx_word' id='word_1_246' title='bbox 256 1960 493 2017; x_wconf 86' lang='lat' dir='ltr'>brinum</span> <span class='ocrx_word' id='word_1_247' title='bbox 525 1979 722 2030; x_wconf 88' lang='lat' dir='ltr'>suum,</span> <span class='ocrx_word' id='word_1_248' title='bbox 755 1965 994 2022; x_wconf 91' lang='lat' dir='ltr'>nomine</span> <span class='ocrx_word' id='word_1_249' title='bbox 1023 1968 1350 2040; x_wconf 89' lang='lat' dir='ltr'>Claudium,</span> <span class='ocrx_word' id='word_1_250' title='bbox 1374 1975 1432 2027; x_wconf 88' lang='lat' dir='ltr'>et</span> <span class='ocrx_word' id='word_1_251' title='bbox 1452 1973 1619 2045; x_wconf 90' lang='lat' dir='ltr'>petiit</span> <span class='ocrx_word' id='word_1_252' title='bbox 1639 1991 1766 2030; x_wconf 90' lang='lat' dir='ltr'>eam</span> <span class='ocrx_word' id='word_1_253' title='bbox 1787 1981 1898 2030; x_wconf 83' lang='lat' dir='ltr'>Au-</span> 
     </span>
    </p>
   </div>
   <div class='ocr_carea' id='block_1_36' title="bbox 250 2051 1899 2136">
    <p class='ocr_par' dir='ltr' id='par_1_36' title="bbox 250 2051 1899 2136">
     <span class='ocr_line' id='line_1_36' title="bbox 250 2051 1899 2136; baseline 0.01 -32"><span class='ocrx_word' id='word_1_254' title='bbox 250 2053 422 2122; x_wconf 88' lang='lat' dir='ltr'>gusto</span> <span class='ocrx_word' id='word_1_255' title='bbox 454 2051 769 2109; x_wconf 84' lang='lat' dir='ltr'>Maximino</span> <span class='ocrx_word' id='word_1_256' title='bbox 801 2053 920 2111; x_wconf 88' lang='lat' dir='ltr'>ﬁlio</span> <span class='ocrx_word' id='word_1_257' title='bbox 952 2073 1058 2114; x_wconf 92' lang='lat' dir='ltr'>suo</span> <span class='ocrx_word' id='word_1_258' title='bbox 1092 2058 1150 2113; x_wconf 92' lang='lat' dir='ltr'>in</span> <span class='ocrx_word' id='word_1_259' title='bbox 1182 2061 1512 2132; x_wconf 85' lang='lat' dir='ltr'>conjugem.</span> <span class='ocrx_word' id='word_1_260' title='bbox 1547 2063 1728 2135; x_wconf 88' lang='lat' dir='ltr'>Cujus</span> <span class='ocrx_word' id='word_1_261' title='bbox 1752 2065 1899 2136; x_wconf 83' lang='lat' dir='ltr'>peti-</span> 
     </span>
    </p>
   </div>
   <div class='ocr_carea' id='block_1_37' title="bbox 246 2137 1899 2222">
    <p class='ocr_par' dir='ltr' id='par_1_37' title="bbox 246 2137 1899 2222">
     <span class='ocr_line' id='line_1_37' title="bbox 246 2137 1899 2222; baseline 0.01 -29"><span class='ocrx_word' id='word_1_262' title='bbox 246 2137 468 2195; x_wconf 88' lang='lat' dir='ltr'>tionem</span> <span class='ocrx_word' id='word_1_263' title='bbox 492 2144 549 2195; x_wconf 92' lang='lat' dir='ltr'>et</span> <span class='ocrx_word' id='word_1_264' title='bbox 572 2139 694 2198; x_wconf 85' lang='lat' dir='ltr'>ﬁlia</span> <span class='ocrx_word' id='word_1_265' title='bbox 709 2147 767 2196; x_wconf 90' lang='lat' dir='ltr'>et</span> <span class='ocrx_word' id='word_1_266' title='bbox 789 2148 954 2214; x_wconf 89' lang='lat' dir='ltr'>patre</span> <span class='ocrx_word' id='word_1_267' title='bbox 979 2162 1044 2201; x_wconf 92' lang='lat' dir='ltr'>ac</span> <span class='ocrx_word' id='word_1_268' title='bbox 1064 2149 1357 2220; x_wconf 69' lang='lat' dir='ltr'>praecipue</span> <span class='ocrx_word' id='word_1_269' title='bbox 1380 2155 1584 2222; x_wconf 91' lang='lat' dir='ltr'>patruo</span> <span class='ocrx_word' id='word_1_270' title='bbox 1611 2151 1899 2209; x_wconf 86' lang='lat' dir='ltr'>refutante</span> 
     </span>
    </p>
   </div>
   <div class='ocr_carea' id='block_1_38' title="bbox 247 2227 1898 2302">
    <p class='ocr_par' dir='ltr' id='par_1_38' title="bbox 247 2227 1898 2302">
     <span class='ocr_line' id='line_1_38' title="bbox 247 2227 1898 2302; baseline 0.008 -20"><span class='ocrx_word' id='word_1_271' title='bbox 247 2227 429 2283; x_wconf 90' lang='lat' dir='ltr'>etiam</span> <span class='ocrx_word' id='word_1_272' title='bbox 451 2229 576 2302; x_wconf 90' lang='lat' dir='ltr'>ipse</span> <span class='ocrx_word' id='word_1_273' title='bbox 605 2230 888 2288; x_wconf 91' lang='lat' dir='ltr'>Claudius</span> <span class='ocrx_word' id='word_1_274' title='bbox 911 2251 945 2288; x_wconf 92' lang='lat' dir='ltr'>a</span> <span class='ocrx_word' id='word_1_275' title='bbox 966 2235 1131 2290; x_wconf 88' lang='lat' dir='ltr'>beato</span> <span class='ocrx_word' id='word_1_276' title='bbox 1155 2237 1293 2293; x_wconf 88' lang='lat' dir='ltr'>Gaio</span> <span class='ocrx_word' id='word_1_277' title='bbox 1336 2239 1658 2297; x_wconf 90' lang='lat' dir='ltr'>instructus</span> <span class='ocrx_word' id='word_1_278' title='bbox 1689 2246 1898 2298; x_wconf 90' lang='lat' dir='ltr'>etcum</span> 
     </span>
    </p>
   </div>
   <div class='ocr_carea' id='block_1_39' title="bbox 255 2319 1901 2403">
    <p class='ocr_par' dir='ltr' id='par_1_39' title="bbox 255 2319 1901 2403">
     <span class='ocr_line' id='line_1_39' title="bbox 255 2319 1901 2403; baseline 0.009 -32"><span class='ocrx_word' id='word_1_279' title='bbox 255 2332 430 2373; x_wconf 83' lang='lat' dir='ltr'>uxore</span> <span class='ocrx_word' id='word_1_280' title='bbox 451 2334 562 2374; x_wconf 90' lang='lat' dir='ltr'>sua</span> <span class='ocrx_word' id='word_1_281' title='bbox 579 2319 864 2392; x_wconf 89' lang='lat' dir='ltr'>Euprepia</span> <span class='ocrx_word' id='word_1_282' title='bbox 883 2327 939 2377; x_wconf 91' lang='lat' dir='ltr'>et</span> <span class='ocrx_word' id='word_1_283' title='bbox 961 2323 1097 2379; x_wconf 84' lang='lat' dir='ltr'>filiis</span> <span class='ocrx_word' id='word_1_284' title='bbox 1116 2324 1442 2384; x_wconf 83' lang='lat' dir='ltr'>Alexandro</span> <span class='ocrx_word' id='word_1_285' title='bbox 1462 2333 1518 2385; x_wconf 90' lang='lat' dir='ltr'>et</span> <span class='ocrx_word' id='word_1_286' title='bbox 1532 2330 1901 2403; x_wconf 86' lang='lat' dir='ltr'>Cutiabapti-</span> 
     </span>
    </p>
   </div>
   <div class='ocr_carea' id='block_1_40' title="bbox 250 2407 1900 2489">
    <p class='ocr_par' dir='ltr' id='par_1_40' title="bbox 250 2407 1900 2489">
     <span class='ocr_line' id='line_1_40' title="bbox 250 2407 1900 2489; baseline 0.011 -30"><span class='ocrx_word' id='word_1_287' title='bbox 250 2408 416 2461; x_wconf 88' lang='lat' dir='ltr'>zatus</span> <span class='ocrx_word' id='word_1_288' title='bbox 448 2410 555 2489; x_wconf 85' lang='lat' dir='ltr'>est,</span> <span class='ocrx_word' id='word_1_289' title='bbox 589 2411 646 2463; x_wconf 88' lang='lat' dir='ltr'>et</span> <span class='ocrx_word' id='word_1_290' title='bbox 675 2407 734 2464; x_wconf 91' lang='lat' dir='ltr'>in</span> <span class='ocrx_word' id='word_1_291' title='bbox 758 2413 988 2466; x_wconf 91' lang='lat' dir='ltr'>tantum</span> <span class='ocrx_word' id='word_1_292' title='bbox 1021 2412 1080 2468; x_wconf 91' lang='lat' dir='ltr'>in</span> <span class='ocrx_word' id='word_1_293' title='bbox 1112 2414 1225 2470; x_wconf 88' lang='lat' dir='ltr'>ﬁde</span> <span class='ocrx_word' id='word_1_294' title='bbox 1254 2417 1566 2485; x_wconf 90' lang='lat' dir='ltr'>convaluit,</span> <span class='ocrx_word' id='word_1_295' title='bbox 1601 2423 1666 2474; x_wconf 89' lang='lat' dir='ltr'>ut</span> <span class='ocrx_word' id='word_1_296' title='bbox 1695 2436 1900 2477; x_wconf 90' lang='lat' dir='ltr'>omnes</span> 
     </span>
    </p>
   </div>
   <div class='ocr_carea' id='block_1_41' title="bbox 250 2495 1900 2576">
    <p class='ocr_par' dir='ltr' id='par_1_41' title="bbox 250 2495 1900 2576">
     <span class='ocr_line' id='line_1_41' title="bbox 250 2495 1900 2576; baseline 0.011 -28"><span class='ocrx_word' id='word_1_297' title='bbox 250 2509 389 2551; x_wconf 86' lang='lat' dir='ltr'>suas</span> <span class='ocrx_word' id='word_1_298' title='bbox 420 2495 723 2554; x_wconf 87' lang='lat' dir='ltr'>facultates</span> <span class='ocrx_word' id='word_1_299' title='bbox 750 2501 1027 2557; x_wconf 90' lang='lat' dir='ltr'>venderet</span> <span class='ocrx_word' id='word_1_300' title='bbox 1053 2506 1110 2557; x_wconf 91' lang='lat' dir='ltr'>et</span> <span class='ocrx_word' id='word_1_301' title='bbox 1140 2507 1496 2576; x_wconf 90' lang='lat' dir='ltr'>pauperibus</span> <span class='ocrx_word' id='word_1_302' title='bbox 1551 2508 1900 2566; x_wconf 88' lang='lat' dir='ltr'>Christianis</span> 
     </span>
    </p>
   </div>
   <div class='ocr_carea' id='block_1_42' title="bbox 255 2586 1898 2654">
    <p class='ocr_par' dir='ltr' id='par_1_42' title="bbox 255 2586 1898 2654">
     <span class='ocr_line' id='line_1_42' title="bbox 255 2586 1898 2654; baseline 0.012 -18"><span class='ocrx_word' id='word_1_303' title='bbox 255 2589 540 2654; x_wconf 87' lang='lat' dir='ltr'>erogaret.</span> <span class='ocrx_word' id='word_1_304' title='bbox 572 2586 737 2649; x_wconf 88' lang='lat' dir='ltr'>Quod</span> <span class='ocrx_word' id='word_1_305' title='bbox 767 2588 1014 2645; x_wconf 90' lang='lat' dir='ltr'>audiens</span> <span class='ocrx_word' id='word_1_306' title='bbox 1043 2590 1438 2650; x_wconf 89' lang='lat' dir='ltr'>Diocletianus</span> <span class='ocrx_word' id='word_1_307' title='bbox 1469 2596 1630 2652; x_wconf 91' lang='lat' dir='ltr'>misit</span> <span class='ocrx_word' id='word_1_308' title='bbox 1662 2597 1898 2654; x_wconf 88' lang='lat' dir='ltr'>fratrem</span> 
     </span>
    </p>
   </div>
   <div class='ocr_carea' id='block_1_43' title="bbox 256 2671 1902 2761">
    <p class='ocr_par' dir='ltr' id='par_1_43' title="bbox 256 2671 1902 2761">
     <span class='ocr_line' id='line_1_43' title="bbox 256 2671 1902 2761; baseline 0.012 -36"><span class='ocrx_word' id='word_1_309' title='bbox 256 2671 407 2742; x_wconf 90' lang='lat' dir='ltr'>ejus,</span> <span class='ocrx_word' id='word_1_310' title='bbox 428 2673 663 2730; x_wconf 89' lang='lat' dir='ltr'>nomine</span> <span class='ocrx_word' id='word_1_311' title='bbox 677 2675 1020 2751; x_wconf 82' lang='lat' dir='ltr'>Maximum,</span> <span class='ocrx_word' id='word_1_312' title='bbox 1039 2681 1176 2752; x_wconf 90' lang='lat' dir='ltr'>quid</span> <span class='ocrx_word' id='word_1_313' title='bbox 1198 2683 1474 2755; x_wconf 90' lang='lat' dir='ltr'>depuella</span> <span class='ocrx_word' id='word_1_314' title='bbox 1490 2687 1757 2742; x_wconf 88' lang='lat' dir='ltr'>Suzanna</span> <span class='ocrx_word' id='word_1_315' title='bbox 1773 2674 1902 2761; x_wconf 85' lang='lat' dir='ltr'>age-</span> 
     </span>
    </p>
   </div>
   <div class='ocr_carea' id='block_1_44' title="bbox 259 2762 1903 2849">
    <p class='ocr_par' dir='ltr' id='par_1_44' title="bbox 259 2762 1903 2849">
     <span class='ocr_line' id='line_1_44' title="bbox 259 2762 1903 2849; baseline 0.011 -35"><span class='ocrx_word' id='word_1_316' title='bbox 259 2763 347 2849; x_wconf 86' lang='lat' dir='ltr'>ret</span> <span class='ocrx_word' id='word_1_317' title='bbox 369 2778 382 2817; x_wconf 89' lang='lat'><strong>:</strong></span> <span class='ocrx_word' id='word_1_318' title='bbox 407 2762 508 2832; x_wconf 90' lang='lat' dir='ltr'>qui</span> <span class='ocrx_word' id='word_1_319' title='bbox 531 2767 588 2818; x_wconf 90' lang='lat' dir='ltr'>et</span> <span class='ocrx_word' id='word_1_320' title='bbox 608 2763 734 2835; x_wconf 90' lang='lat' dir='ltr'>ipse</span> <span class='ocrx_word' id='word_1_321' title='bbox 767 2782 802 2822; x_wconf 92' lang='lat' dir='ltr'>a</span> <span class='ocrx_word' id='word_1_322' title='bbox 848 2767 1034 2825; x_wconf 91' lang='lat' dir='ltr'>beatis</span> <span class='ocrx_word' id='word_1_323' title='bbox 1083 2771 1223 2828; x_wconf 89' lang='lat' dir='ltr'>Gaio</span> <span class='ocrx_word' id='word_1_324' title='bbox 1255 2777 1311 2828; x_wconf 91' lang='lat' dir='ltr'>et</span> <span class='ocrx_word' id='word_1_325' title='bbox 1339 2773 1560 2831; x_wconf 88' lang='lat' dir='ltr'>Gabino</span> <span class='ocrx_word' id='word_1_326' title='bbox 1590 2775 1903 2849; x_wconf 87' lang='lat' dir='ltr'>diligenter</span> 
     </span>
    </p>
   </div>
   <div class='ocr_carea' id='block_1_45' title="bbox 251 2847 1901 2934">
    <p class='ocr_par' dir='ltr' id='par_1_45' title="bbox 251 2847 1901 2934">
     <span class='ocr_line' id='line_1_45' title="bbox 251 2847 1901 2934; baseline 0.011 -31"><span class='ocrx_word' id='word_1_327' title='bbox 251 2847 604 2923; x_wconf 88' lang='lat' dir='ltr'>instructus,</span> <span class='ocrx_word' id='word_1_328' title='bbox 622 2852 683 2908; x_wconf 91' lang='lat' dir='ltr'>in</span> <span class='ocrx_word' id='word_1_329' title='bbox 705 2853 1053 2929; x_wconf 89' lang='lat' dir='ltr'>Christoque</span> <span class='ocrx_word' id='word_1_330' title='bbox 1073 2859 1421 2932; x_wconf 88' lang='lat' dir='ltr'>baptizatus,</span> <span class='ocrx_word' id='word_1_331' title='bbox 1454 2865 1629 2934; x_wconf 58' lang='lat' dir='ltr'>coepit</span> <span class='ocrx_word' id='word_1_332' title='bbox 1653 2847 1901 2921; x_wconf 79' lang='lat' dir='ltr'>faculta-</span> 
     </span>
    </p>
   </div>
   <div class='ocr_carea' id='block_1_46' title="bbox 253 2940 1899 3016">
    <p class='ocr_par' dir='ltr' id='par_1_46' title="bbox 253 2940 1899 3016">
     <span class='ocr_line' id='line_1_46' title="bbox 253 2940 1899 3016; baseline 0.01 -25"><span class='ocrx_word' id='word_1_333' title='bbox 253 2940 342 2992; x_wconf 89' lang='lat' dir='ltr'>tes</span> <span class='ocrx_word' id='word_1_334' title='bbox 375 2955 514 2994; x_wconf 89' lang='lat' dir='ltr'>suas</span> <span class='ocrx_word' id='word_1_335' title='bbox 544 2941 812 3008; x_wconf 88' lang='lat' dir='ltr'>vendere,</span> <span class='ocrx_word' id='word_1_336' title='bbox 845 2949 902 2998; x_wconf 91' lang='lat' dir='ltr'>et</span> <span class='ocrx_word' id='word_1_337' title='bbox 931 2961 1031 3014; x_wconf 92' lang='lat' dir='ltr'>per</span> <span class='ocrx_word' id='word_1_338' title='bbox 1078 2949 1393 3016; x_wconf 90' lang='lat' dir='ltr'>quemdam</span> <span class='ocrx_word' id='word_1_339' title='bbox 1438 2967 1613 3006; x_wconf 85' lang='lat' dir='ltr'>suum</span> <span class='ocrx_word' id='word_1_340' title='bbox 1645 2952 1899 3008; x_wconf 89' lang='lat' dir='ltr'>amicum</span> 
     </span>
    </p>
   </div>
   <div class='ocr_carea' id='block_1_47' title="bbox 256 3023 1903 3113">
    <p class='ocr_par' dir='ltr' id='par_1_47' title="bbox 256 3023 1903 3113">
     <span class='ocr_line' id='line_1_47' title="bbox 256 3023 1903 3113; baseline 0.012 -36"><span class='ocrx_word' id='word_1_341' title='bbox 256 3023 494 3080; x_wconf 89' lang='lat' dir='ltr'>nomine</span> <span class='ocrx_word' id='word_1_342' title='bbox 524 3025 909 3095; x_wconf 88' lang='lat' dir='ltr'>Thrasonem,</span> <span class='ocrx_word' id='word_1_343' title='bbox 942 3031 1514 3092; x_wconf 89' lang='lat' dir='ltr'>Christianissimum</span> <span class='ocrx_word' id='word_1_344' title='bbox 1554 3038 1766 3111; x_wconf 90' lang='lat' dir='ltr'>virum,</span> <span class='ocrx_word' id='word_1_345' title='bbox 1801 3057 1903 3113; x_wconf 90' lang='lat' dir='ltr'>per</span> 
     </span>
    </p>
   </div>
   <div class='ocr_carea' id='block_1_48' title="bbox 254 3110 1901 3188">
    <p class='ocr_par' dir='ltr' id='par_1_48' title="bbox 254 3110 1901 3188">
     <span class='ocr_line' id='line_1_48' title="bbox 254 3110 1901 3188; baseline 0.013 -23"><span class='ocrx_word' id='word_1_346' title='bbox 254 3110 412 3166; x_wconf 92' lang='lat' dir='ltr'>vicos</span> <span class='ocrx_word' id='word_1_347' title='bbox 440 3117 499 3168; x_wconf 92' lang='lat' dir='ltr'>et</span> <span class='ocrx_word' id='word_1_348' title='bbox 527 3128 785 3171; x_wconf 86' lang='lat' dir='ltr'>carceres</span> <span class='ocrx_word' id='word_1_349' title='bbox 816 3117 1170 3176; x_wconf 89' lang='lat' dir='ltr'>ministrare.</span> <span class='ocrx_word' id='word_1_350' title='bbox 1229 3122 1452 3188; x_wconf 90' lang='lat' dir='ltr'>Quibus</span> <span class='ocrx_word' id='word_1_351' title='bbox 1507 3110 1901 3186; x_wconf 78' lang='lat' dir='ltr'>Diocletianus</span> 
     </span>
    </p>
   </div>
   <div class='ocr_carea' id='block_1_49' title="bbox 2008 1861 3660 1935">
    <p class='ocr_par' dir='ltr' id='par_1_49' title="bbox 2008 1861 3660 1935">
     <span class='ocr_line' id='line_1_49' title="bbox 2008 1861 3660 1935; baseline 0.001 -15"><span class='ocrx_word' id='word_1_352' title='bbox 2008 1863 2190 1920; x_wconf 81' lang='lat' dir='ltr'>charii</span> <span class='ocrx_word' id='word_1_353' title='bbox 2221 1867 2280 1920; x_wconf 91' lang='lat' dir='ltr'>et</span> <span class='ocrx_word' id='word_1_354' title='bbox 2307 1862 2544 1932; x_wconf 79' lang='lat' dir='ltr'>Iuliani,</span> <span class='ocrx_word' id='word_1_355' title='bbox 2577 1863 2676 1918; x_wconf 92' lang='lat' dir='ltr'>ubi</span> <span class='ocrx_word' id='word_1_356' title='bbox 2707 1862 2895 1919; x_wconf 91' lang='lat' dir='ltr'>multa</span> <span class='ocrx_word' id='word_1_357' title='bbox 2925 1861 3129 1935; x_wconf 87' lang='lat' dir='ltr'>religio</span> <span class='ocrx_word' id='word_1_358' title='bbox 3163 1863 3413 1919; x_wconf 87' lang='lat' dir='ltr'>convenit</span> <span class='ocrx_word' id='word_1_359' title='bbox 3434 1881 3660 1921; x_wconf 85' lang='lat' dir='ltr'>mona-</span> 
     </span>
    </p>
   </div>
   <div class='ocr_carea' id='block_1_50' title="bbox 2009 1952 2274 2008">
    <p class='ocr_par' dir='ltr' id='par_1_50' title="bbox 2009 1952 2274 2008">
     <span class='ocr_line' id='line_1_50' title="bbox 2009 1952 2274 2008; baseline -0.004 -1"><span class='ocrx_word' id='word_1_360' title='bbox 2009 1952 2274 2008; x_wconf 89' lang='lat' dir='ltr'>chorum.</span> 
     </span>
    </p>
   </div>
   <div class='ocr_carea' id='block_1_51' title="bbox 2084 2040 3648 2115">
    <p class='ocr_par' dir='ltr' id='par_1_51' title="bbox 2084 2040 3648 2115">
     <span class='ocr_line' id='line_1_51' title="bbox 2084 2040 3648 2115; baseline -0.001 -17"><span class='ocrx_word' id='word_1_361' title='bbox 2084 2042 2160 2098; x_wconf 87' lang='lat' dir='ltr'>In.</span> <span class='ocrx_word' id='word_1_362' title='bbox 2186 2047 2336 2097; x_wconf 85' lang='lat' dir='ltr'>AUG.</span> <span class='ocrx_word' id='word_1_363' title='bbox 2359 2063 2425 2082; x_wconf 61' lang='lat'>-&#39;—</span> <span class='ocrx_word' id='word_1_364' title='bbox 2447 2045 2640 2097; x_wconf 67' lang='lat' dir='ltr'>Romae</span> <span class='ocrx_word' id='word_1_365' title='bbox 2674 2041 2948 2096; x_wconf 88' lang='lat' dir='ltr'>nativitas</span> <span class='ocrx_word' id='word_1_366' title='bbox 2979 2040 3170 2096; x_wconf 87' lang='lat' dir='ltr'>sancti</span> <span class='ocrx_word' id='word_1_367' title='bbox 3202 2040 3508 2114; x_wconf 83' lang='lat' dir='ltr'>Hyppoliti,</span> <span class='ocrx_word' id='word_1_368' title='bbox 3537 2042 3648 2115; x_wconf 78' lang='lat' dir='ltr'>qui</span> 
     </span>
    </p>
   </div>
   <div class='ocr_carea' id='block_1_52' title="bbox 2009 2129 3667 2203">
    <p class='ocr_par' dir='ltr' id='par_1_52' title="bbox 2009 2129 3667 2203">
     <span class='ocr_line' id='line_1_52' title="bbox 2009 2129 3667 2203; baseline -0.001 -17"><span class='ocrx_word' id='word_1_369' title='bbox 2009 2135 2269 2202; x_wconf 90' lang='lat' dir='ltr'>tempore</span> <span class='ocrx_word' id='word_1_370' title='bbox 2300 2130 2456 2187; x_wconf 93' lang='lat' dir='ltr'>Decii</span> <span class='ocrx_word' id='word_1_371' title='bbox 2485 2129 2882 2202; x_wconf 88' lang='lat' dir='ltr'>imperatoris,</span> <span class='ocrx_word' id='word_1_372' title='bbox 2934 2129 3153 2203; x_wconf 89' lang='lat' dir='ltr'>ligatus</span> <span class='ocrx_word' id='word_1_373' title='bbox 3201 2131 3376 2202; x_wconf 88' lang='lat' dir='ltr'>pedes</span> <span class='ocrx_word' id='word_1_374' title='bbox 3405 2131 3477 2186; x_wconf 90' lang='lat' dir='ltr'>ad</span> <span class='ocrx_word' id='word_1_375' title='bbox 3509 2130 3667 2187; x_wconf 85' lang='lat' dir='ltr'>colla</span> 
     </span>
    </p>
   </div>
   <div class='ocr_carea' id='block_1_53' title="bbox 2007 2219 3668 2292">
    <p class='ocr_par' dir='ltr' id='par_1_53' title="bbox 2007 2219 3668 2292">
     <span class='ocr_line' id='line_1_53' title="bbox 2007 2219 3668 2292; baseline 0.001 -17"><span class='ocrx_word' id='word_1_376' title='bbox 2007 2237 2292 2292; x_wconf 90' lang='lat' dir='ltr'>equorum</span> <span class='ocrx_word' id='word_1_377' title='bbox 2315 2219 2760 2286; x_wconf 89' lang='lat' dir='ltr'>indomitorum,</span> <span class='ocrx_word' id='word_1_378' title='bbox 2782 2219 2868 2275; x_wconf 90' lang='lat' dir='ltr'>sic</span> <span class='ocrx_word' id='word_1_379' title='bbox 2905 2235 3008 2292; x_wconf 89' lang='lat' dir='ltr'>per</span> <span class='ocrx_word' id='word_1_380' title='bbox 3033 2219 3282 2275; x_wconf 92' lang='lat' dir='ltr'>carduos</span> <span class='ocrx_word' id='word_1_381' title='bbox 3302 2224 3363 2275; x_wconf 88' lang='lat' dir='ltr'>et</span> <span class='ocrx_word' id='word_1_382' title='bbox 3385 2219 3668 2288; x_wconf 85' lang='lat' dir='ltr'>tribulos,</span> 
     </span>
    </p>
   </div>
   <div class='ocr_carea' id='block_1_54' title="bbox 2008 2307 3667 2381">
    <p class='ocr_par' dir='ltr' id='par_1_54' title="bbox 2008 2307 3667 2381">
     <span class='ocr_line' id='line_1_54' title="bbox 2008 2307 3667 2381; baseline 0.001 -19"><span class='ocrx_word' id='word_1_383' title='bbox 2008 2313 2300 2381; x_wconf 71' lang='lat' dir='ltr'>praerupta</span> <span class='ocrx_word' id='word_1_384' title='bbox 2321 2312 2377 2364; x_wconf 91' lang='lat' dir='ltr'>et</span> <span class='ocrx_word' id='word_1_385' title='bbox 2403 2309 2588 2363; x_wconf 86' lang='lat' dir='ltr'>ardua</span> <span class='ocrx_word' id='word_1_386' title='bbox 2605 2312 2846 2374; x_wconf 86' lang='lat' dir='ltr'>tractus,</span> <span class='ocrx_word' id='word_1_387' title='bbox 2871 2307 3070 2363; x_wconf 91' lang='lat' dir='ltr'>emisit</span> <span class='ocrx_word' id='word_1_388' title='bbox 3091 2307 3388 2378; x_wconf 89' lang='lat' dir='ltr'>spiritum.</span> <span class='ocrx_word' id='word_1_389' title='bbox 3416 2308 3487 2363; x_wconf 83' lang='lat' dir='ltr'>Et</span> <span class='ocrx_word' id='word_1_390' title='bbox 3511 2308 3667 2364; x_wconf 87' lang='lat' dir='ltr'>Con-</span> 
     </span>
    </p>
   </div>
   <div class='ocr_carea' id='block_1_55' title="bbox 2008 2395 3674 2469">
    <p class='ocr_par' dir='ltr' id='par_1_55' title="bbox 2008 2395 3674 2469">
     <span class='ocr_line' id='line_1_55' title="bbox 2008 2395 3674 2469; baseline 0.002 -18"><span class='ocrx_word' id='word_1_391' title='bbox 2008 2396 2216 2452; x_wconf 68' lang='lat' dir='ltr'>cordiae</span> <span class='ocrx_word' id='word_1_392' title='bbox 2235 2397 2480 2453; x_wconf 91' lang='lat' dir='ltr'>nutricis</span> <span class='ocrx_word' id='word_1_393' title='bbox 2493 2398 2642 2468; x_wconf 89' lang='lat' dir='ltr'>ejus,</span> <span class='ocrx_word' id='word_1_394' title='bbox 2665 2413 2793 2469; x_wconf 57' lang='lat' dir='ltr'>qua}</span> <span class='ocrx_word' id='word_1_395' title='bbox 2813 2400 2946 2451; x_wconf 89' lang='lat' dir='ltr'>ante</span> <span class='ocrx_word' id='word_1_396' title='bbox 2960 2395 3157 2468; x_wconf 87' lang='lat' dir='ltr'>ipsum</span> <span class='ocrx_word' id='word_1_397' title='bbox 3174 2395 3506 2469; x_wconf 86' lang='lat' dir='ltr'>plumbatis</span> <span class='ocrx_word' id='word_1_398' title='bbox 3520 2414 3674 2454; x_wconf 78' lang='lat' dir='ltr'>cassa</span> 
     </span>
    </p>
   </div>
   <div class='ocr_carea' id='block_1_56' title="bbox 2010 2483 3666 2559">
    <p class='ocr_par' dir='ltr' id='par_1_56' title="bbox 2010 2483 3666 2559">
     <span class='ocr_line' id='line_1_56' title="bbox 2010 2483 3666 2559; baseline 0.001 -20"><span class='ocrx_word' id='word_1_399' title='bbox 2010 2485 2421 2558; x_wconf 86' lang='lat' dir='ltr'>martyrizavit.</span> <span class='ocrx_word' id='word_1_400' title='bbox 2444 2485 2509 2540; x_wconf 89' lang='lat' dir='ltr'>Et</span> <span class='ocrx_word' id='word_1_401' title='bbox 2528 2483 2778 2540; x_wconf 87' lang='lat' dir='ltr'>aliorum</span> <span class='ocrx_word' id='word_1_402' title='bbox 2803 2500 3006 2540; x_wconf 88' lang='lat' dir='ltr'>novem</span> <span class='ocrx_word' id='word_1_403' title='bbox 3051 2483 3121 2540; x_wconf 91' lang='lat' dir='ltr'>de</span> <span class='ocrx_word' id='word_1_404' title='bbox 3172 2485 3348 2541; x_wconf 92' lang='lat' dir='ltr'>domo</span> <span class='ocrx_word' id='word_1_405' title='bbox 3371 2485 3528 2556; x_wconf 85' lang='lat' dir='ltr'>ejus,</span> <span class='ocrx_word' id='word_1_406' title='bbox 3560 2487 3666 2559; x_wconf 90' lang='lat' dir='ltr'>qui</span> 
     </span>
    </p>
   </div>
   <div class='ocr_carea' id='block_1_57' title="bbox 2010 2573 2676 2630">
    <p class='ocr_par' dir='ltr' id='par_1_57' title="bbox 2010 2573 2676 2630">
     <span class='ocr_line' id='line_1_57' title="bbox 2010 2573 2676 2630; baseline -0.003 0"><span class='ocrx_word' id='word_1_407' title='bbox 2010 2574 2188 2630; x_wconf 88' lang='lat' dir='ltr'>simul</span> <span class='ocrx_word' id='word_1_408' title='bbox 2217 2573 2484 2630; x_wconf 87' lang='lat' dir='ltr'>decollati</span> <span class='ocrx_word' id='word_1_409' title='bbox 2515 2577 2676 2628; x_wconf 86' lang='lat' dir='ltr'>sunt.</span> 
     </span>
    </p>
   </div>
   <div class='ocr_carea' id='block_1_58' title="bbox 2079 2661 3660 2735">
    <p class='ocr_par' dir='ltr' id='par_1_58' title="bbox 2079 2661 3660 2735">
     <span class='ocr_line' id='line_1_58' title="bbox 2079 2661 3660 2735; baseline 0.001 -16"><span class='ocrx_word' id='word_1_410' title='bbox 2079 2662 2392 2735; x_wconf 62' lang='lat' dir='ltr'>Dorosylla</span> <span class='ocrx_word' id='word_1_411' title='bbox 2455 2663 2626 2734; x_wconf 90' lang='lat' dir='ltr'>[apud</span> <span class='ocrx_word' id='word_1_412' title='bbox 2687 2661 2878 2717; x_wconf 84' lang='lat' dir='ltr'>forum</span> <span class='ocrx_word' id='word_1_413' title='bbox 2928 2661 3115 2735; x_wconf 70' lang='lat' dir='ltr'>Syllae]</span> <span class='ocrx_word' id='word_1_414' title='bbox 3142 2663 3332 2717; x_wconf 88' lang='lat' dir='ltr'>sancti</span> <span class='ocrx_word' id='word_1_415' title='bbox 3364 2663 3660 2720; x_wconf 84' lang='lat' dir='ltr'>Cassiani.</span> 
     </span>
    </p>
   </div>
   <div class='ocr_carea' id='block_1_59' title="bbox 2009 2749 3672 2824">
    <p class='ocr_par' dir='ltr' id='par_1_59' title="bbox 2009 2749 3672 2824">
     <span class='ocr_line' id='line_1_59' title="bbox 2009 2749 3672 2824; baseline 0.002 -18"><span class='ocrx_word' id='word_1_416' title='bbox 2009 2752 2266 2816; x_wconf 90' lang='lat' dir='ltr'>Quicum</span> <span class='ocrx_word' id='word_1_417' title='bbox 2285 2753 2526 2806; x_wconf 87' lang='lat' dir='ltr'>adorare</span> <span class='ocrx_word' id='word_1_418' title='bbox 2547 2749 2704 2806; x_wconf 93' lang='lat' dir='ltr'>idola</span> <span class='ocrx_word' id='word_1_419' title='bbox 2726 2749 3033 2820; x_wconf 89' lang='lat' dir='ltr'>noluisset,</span> <span class='ocrx_word' id='word_1_420' title='bbox 3055 2750 3457 2823; x_wconf 88' lang='lat' dir='ltr'>interrogatus</span> <span class='ocrx_word' id='word_1_421' title='bbox 3483 2770 3519 2808; x_wconf 88' lang='lat' dir='ltr'>a</span> <span class='ocrx_word' id='word_1_422' title='bbox 3544 2769 3672 2824; x_wconf 85' lang='lat' dir='ltr'>per-</span> 
     </span>
    </p>
   </div>
   <div class='ocr_carea' id='block_1_60' title="bbox 2010 2838 3667 2913">
    <p class='ocr_par' dir='ltr' id='par_1_60' title="bbox 2010 2838 3667 2913">
     <span class='ocr_line' id='line_1_60' title="bbox 2010 2838 3667 2913; baseline 0.001 -18"><span class='ocrx_word' id='word_1_423' title='bbox 2010 2845 2275 2895; x_wconf 88' lang='lat' dir='ltr'>secutore</span> <span class='ocrx_word' id='word_1_424' title='bbox 2309 2840 2447 2912; x_wconf 92' lang='lat' dir='ltr'>quid</span> <span class='ocrx_word' id='word_1_425' title='bbox 2479 2840 2623 2894; x_wconf 88' lang='lat' dir='ltr'>artis</span> <span class='ocrx_word' id='word_1_426' title='bbox 2652 2838 2912 2908; x_wconf 89' lang='lat' dir='ltr'>haberet,</span> <span class='ocrx_word' id='word_1_427' title='bbox 2946 2838 3245 2912; x_wconf 90' lang='lat' dir='ltr'>respondit</span> <span class='ocrx_word' id='word_1_428' title='bbox 3274 2839 3420 2911; x_wconf 91' lang='lat' dir='ltr'>quia</span> <span class='ocrx_word' id='word_1_429' title='bbox 3455 2858 3667 2913; x_wconf 90' lang='lat' dir='ltr'>pueros</span> 
     </span>
    </p>
   </div>
   <div class='ocr_carea' id='block_1_61' title="bbox 2011 2926 3665 3000">
    <p class='ocr_par' dir='ltr' id='par_1_61' title="bbox 2011 2926 3665 3000">
     <span class='ocr_line' id='line_1_61' title="bbox 2011 2926 3665 3000; baseline 0.002 -18"><span class='ocrx_word' id='word_1_430' title='bbox 2011 2932 2178 2984; x_wconf 89' lang='lat' dir='ltr'>notas</span> <span class='ocrx_word' id='word_1_431' title='bbox 2209 2929 2460 2982; x_wconf 88' lang='lat' dir='ltr'>doceret.</span> <span class='ocrx_word' id='word_1_432' title='bbox 2493 2929 2560 2982; x_wconf 87' lang='lat' dir='ltr'>Et</span> <span class='ocrx_word' id='word_1_433' title='bbox 2586 2945 2720 2982; x_wconf 78' lang='lat' dir='ltr'>mox</span> <span class='ocrx_word' id='word_1_434' title='bbox 2749 2926 3034 3000; x_wconf 87' lang='lat' dir='ltr'>spoliatus</span> <span class='ocrx_word' id='word_1_435' title='bbox 3056 2927 3340 2995; x_wconf 89' lang='lat' dir='ltr'>vestibus,</span> <span class='ocrx_word' id='word_1_436' title='bbox 3374 2945 3445 2986; x_wconf 85' lang='lat' dir='ltr'>ac</span> <span class='ocrx_word' id='word_1_437' title='bbox 3476 2930 3665 2986; x_wconf 84' lang='lat' dir='ltr'>mani-</span> 
     </span>
    </p>
   </div>
   <div class='ocr_carea' id='block_1_62' title="bbox 2010 3015 3669 3088">
    <p class='ocr_par' dir='ltr' id='par_1_62' title="bbox 2010 3015 3669 3088">
     <span class='ocr_line' id='line_1_62' title="bbox 2010 3015 3669 3088; baseline 0.003 -18"><span class='ocrx_word' id='word_1_438' title='bbox 2010 3016 2122 3071; x_wconf 88' lang='lat' dir='ltr'>bus</span> <span class='ocrx_word' id='word_1_439' title='bbox 2141 3021 2272 3088; x_wconf 89' lang='lat' dir='ltr'>post</span> <span class='ocrx_word' id='word_1_440' title='bbox 2291 3020 2455 3088; x_wconf 88' lang='lat' dir='ltr'>terga</span> <span class='ocrx_word' id='word_1_441' title='bbox 2481 3015 2770 3087; x_wconf 87' lang='lat' dir='ltr'>revinctis,</span> <span class='ocrx_word' id='word_1_442' title='bbox 2799 3016 3077 3072; x_wconf 87' lang='lat' dir='ltr'>statuitur</span> <span class='ocrx_word' id='word_1_443' title='bbox 3097 3016 3154 3071; x_wconf 92' lang='lat' dir='ltr'>in</span> <span class='ocrx_word' id='word_1_444' title='bbox 3179 3016 3397 3088; x_wconf 86' lang='lat' dir='ltr'>medio,</span> <span class='ocrx_word' id='word_1_445' title='bbox 3416 3018 3669 3075; x_wconf 86' lang='lat' dir='ltr'>vocatis-</span> 
     </span>
    </p>
   </div>
   <div class='ocr_carea' id='block_1_63' title="bbox 2014 3105 3670 3177">
    <p class='ocr_par' dir='ltr' id='par_1_63' title="bbox 2014 3105 3670 3177">
     <span class='ocr_line' id='line_1_63' title="bbox 2014 3105 3670 3177; baseline 0.002 -17"><span class='ocrx_word' id='word_1_446' title='bbox 2014 3121 2126 3176; x_wconf 91' lang='lat' dir='ltr'>que</span> <span class='ocrx_word' id='word_1_447' title='bbox 2158 3105 2374 3177; x_wconf 91' lang='lat' dir='ltr'>pueris,</span> <span class='ocrx_word' id='word_1_448' title='bbox 2409 3105 2624 3176; x_wconf 91' lang='lat' dir='ltr'>quibus</span> <span class='ocrx_word' id='word_1_449' title='bbox 2651 3105 2910 3160; x_wconf 90' lang='lat' dir='ltr'>docendo</span> <span class='ocrx_word' id='word_1_450' title='bbox 2933 3121 3142 3160; x_wconf 83' lang='lat' dir='ltr'>exosus</span> <span class='ocrx_word' id='word_1_451' title='bbox 3173 3106 3384 3176; x_wconf 88' lang='lat' dir='ltr'>fuerat,</span> <span class='ocrx_word' id='word_1_452' title='bbox 3412 3107 3556 3162; x_wconf 85' lang='lat' dir='ltr'>data</span> <span class='ocrx_word' id='word_1_453' title='bbox 3580 3113 3670 3164; x_wconf 88' lang='lat' dir='ltr'>est</span> 
     </span>
    </p>
   </div>
   <div class='ocr_carea' id='block_1_64' title="bbox 260 3171 3675 3289">
    <p class='ocr_par' dir='ltr' id='par_1_64' title="bbox 260 3171 3675 3289">
     <span class='ocr_line' id='line_1_64' title="bbox 260 3171 3675 3289; baseline 0.01 -37"><span class='ocrx_word' id='word_1_454' title='bbox 260 3200 576 3270; x_wconf 91' lang='lat' dir='ltr'>compertis</span> <span class='ocrx_word' id='word_1_455' title='bbox 597 3171 1901 3289; x_wconf 37' lang='lat' dir='ltr'>misitJulium,quivClaiidiiim,etbiaaigum:</span> <span class='ocrx_word' id='word_1_456' title='bbox 1934 3171 1976 3237; x_wconf 64' lang='grc' dir='ltr'><strong>Ο</strong></span> <span class='ocrx_word' id='word_1_457' title='bbox 2014 3171 2260 3289; x_wconf 30' lang='lat' dir='ltr'>ﬁcum“?</span> <span class='ocrx_word' id='word_1_458' title='bbox 2290 3211 2424 3289; x_wconf 71' lang='grc' dir='ltr'>θιιαι</span> <span class='ocrx_word' id='word_1_459' title='bbox 2451 3193 2808 3289; x_wconf 51' lang='grc' dir='ltr'>Ρθνίωθηῷζ</span> <span class='ocrx_word' id='word_1_460' title='bbox 2829 3197 2904 3289; x_wconf 36' lang='lat' dir='ltr'>AP</span> <span class='ocrx_word' id='word_1_461' title='bbox 2958 3193 3072 3289; x_wconf 68' lang='lat' dir='ltr'>im_</span> <span class='ocrx_word' id='word_1_462' title='bbox 3092 3199 3389 3289; x_wconf 35' lang='lat' dir='ltr'>quam&quot;?</span> <span class='ocrx_word' id='word_1_463' title='bbox 3414 3196 3675 3252; x_wconf 45' lang='lat' dir='ltr'>Odemn‘</span> 
     </span>
    </p>
   </div>
   <div class='ocr_carea' id='block_1_65' title="bbox 260 3289 1904 3371">
    <p class='ocr_par' dir='ltr' id='par_1_65' title="bbox 260 3289 1904 3371">
     <span class='ocr_line' id='line_1_65' title="bbox 260 3289 1904 3371; baseline 0.014 -28"><span class='ocrx_word' id='word_1_464' title='bbox 260 3289 971 3364; x_wconf 64' lang='lat' dir='ltr'>etEuprepiam,quaalio</span> <span class='ocrx_word' id='word_1_465' title='bbox 994 3298 1250 3371; x_wconf 88' lang='lat' dir='ltr'>nomine,</span> <span class='ocrx_word' id='word_1_466' title='bbox 1286 3317 1354 3356; x_wconf 84' lang='lat' dir='ltr'>ex</span> <span class='ocrx_word' id='word_1_467' title='bbox 1393 3303 1586 3360; x_wconf 60' lang='lat' dir='ltr'>Greco</span> <span class='ocrx_word' id='word_1_468' title='bbox 1626 3311 1682 3362; x_wconf 90' lang='lat' dir='ltr'>et</span> <span class='ocrx_word' id='word_1_469' title='bbox 1703 3307 1904 3365; x_wconf 75' lang='lat' dir='ltr'>Latino</span> 
     </span>
    </p>
   </div>
   <div class='ocr_carea' id='block_1_66' title="bbox 262 3379 1906 3466">
    <p class='ocr_par' dir='ltr' id='par_1_66' title="bbox 262 3379 1906 3466">
     <span class='ocr_line' id='line_1_66' title="bbox 262 3379 1906 3466; baseline 0.014 -35"><span class='ocrx_word' id='word_1_470' title='bbox 262 3379 586 3466; x_wconf 91' lang='lat' dir='ltr'>composito</span> <span class='ocrx_word' id='word_1_471' title='bbox 622 3379 710 3436; x_wconf 90' lang='lat' dir='ltr'>vel</span> <span class='ocrx_word' id='word_1_472' title='bbox 731 3382 1130 3460; x_wconf 87' lang='lat' dir='ltr'>interpretato,</span> <span class='ocrx_word' id='word_1_473' title='bbox 1159 3389 1532 3465; x_wconf 67' lang='lat' dir='ltr'>Praepedigna</span> <span class='ocrx_word' id='word_1_474' title='bbox 1581 3395 1815 3466; x_wconf 88' lang='lat' dir='ltr'>dicitur,</span> <span class='ocrx_word' id='word_1_475' title='bbox 1850 3403 1906 3454; x_wconf 90' lang='lat' dir='ltr'>et</span> 
     </span>
    </p>
   </div>
   <div class='ocr_carea' id='block_1_67' title="bbox 256 3465 1904 3557">
    <p class='ocr_par' dir='ltr' id='par_1_67' title="bbox 256 3465 1904 3557">
     <span class='ocr_line' id='line_1_67' title="bbox 256 3465 1904 3557; baseline 0.014 -37"><span class='ocrx_word' id='word_1_476' title='bbox 256 3465 654 3557; x_wconf 83' lang='lat' dir='ltr'>Alexandrum</span> <span class='ocrx_word' id='word_1_477' title='bbox 686 3474 862 3543; x_wconf 89' lang='lat' dir='ltr'>atque</span> <span class='ocrx_word' id='word_1_478' title='bbox 891 3475 1119 3532; x_wconf 85' lang='lat' dir='ltr'>Cutiam</span> <span class='ocrx_word' id='word_1_479' title='bbox 1151 3479 1403 3550; x_wconf 89' lang='lat' dir='ltr'>puniret,</span> <span class='ocrx_word' id='word_1_480' title='bbox 1437 3485 1737 3557; x_wconf 87' lang='lat' dir='ltr'>jussitque</span> <span class='ocrx_word' id='word_1_481' title='bbox 1785 3487 1904 3544; x_wconf 85' lang='lat' dir='ltr'>ﬁlio</span> 
     </span>
    </p>
   </div>
   <div class='ocr_carea' id='block_1_68' title="bbox 256 3556 1901 3649">
    <p class='ocr_par' dir='ltr' id='par_1_68' title="bbox 256 3556 1901 3649">
     <span class='ocr_line' id='line_1_68' title="bbox 256 3556 1901 3649; baseline 0.015 -39"><span class='ocrx_word' id='word_1_482' title='bbox 256 3570 364 3610; x_wconf 86' lang='lat' dir='ltr'>suo</span> <span class='ocrx_word' id='word_1_483' title='bbox 385 3556 698 3614; x_wconf 82' lang='lat' dir='ltr'>Maximino</span> <span class='ocrx_word' id='word_1_484' title='bbox 723 3564 785 3616; x_wconf 93' lang='lat' dir='ltr'>ut</span> <span class='ocrx_word' id='word_1_485' title='bbox 803 3561 1140 3619; x_wconf 89' lang='lat' dir='ltr'>abuteretur</span> <span class='ocrx_word' id='word_1_486' title='bbox 1182 3571 1450 3627; x_wconf 89' lang='lat' dir='ltr'>Susanna</span> <span class='ocrx_word' id='word_1_487' title='bbox 1472 3570 1532 3626; x_wconf 89' lang='lat' dir='ltr'>in</span> <span class='ocrx_word' id='word_1_488' title='bbox 1580 3556 1752 3631; x_wconf 89' lang='lat' dir='ltr'>domo</span> <span class='ocrx_word' id='word_1_489' title='bbox 1775 3594 1901 3649; x_wconf 90' lang='lat' dir='ltr'>sua,</span> 
     </span>
    </p>
   </div>
   <div class='ocr_carea' id='block_1_69' title="bbox 255 3641 1893 3724">
    <p class='ocr_par' dir='ltr' id='par_1_69' title="bbox 255 3641 1893 3724">
     <span class='ocr_line' id='line_1_69' title="bbox 255 3641 1893 3724; baseline 0.016 -28"><span class='ocrx_word' id='word_1_490' title='bbox 255 3641 409 3699; x_wconf 88' lang='lat' dir='ltr'>sicut</span> <span class='ocrx_word' id='word_1_491' title='bbox 430 3643 543 3717; x_wconf 81' lang='lat' dir='ltr'>ipsi</span> <span class='ocrx_word' id='word_1_492' title='bbox 566 3644 792 3705; x_wconf 88' lang='lat' dir='ltr'>liberet.</span> <span class='ocrx_word' id='word_1_493' title='bbox 819 3651 926 3714; x_wconf 91' lang='lat' dir='ltr'>Qui</span> <span class='ocrx_word' id='word_1_494' title='bbox 948 3651 1250 3724; x_wconf 87' lang='lat' dir='ltr'>ingressus</span> <span class='ocrx_word' id='word_1_495' title='bbox 1277 3657 1518 3716; x_wconf 89' lang='lat' dir='ltr'>damum</span> <span class='ocrx_word' id='word_1_496' title='bbox 1559 3663 1659 3718; x_wconf 90' lang='lat' dir='ltr'>ubi</span> <span class='ocrx_word' id='word_1_497' title='bbox 1689 3641 1893 3722; x_wconf 81' lang='lat' dir='ltr'>sancta</span> 
     </span>
    </p>
   </div>
   <div class='ocr_carea' id='block_1_70' title="bbox 254 3731 1901 3824">
    <p class='ocr_par' dir='ltr' id='par_1_70' title="bbox 254 3731 1901 3824">
     <span class='ocr_line' id='line_1_70' title="bbox 254 3731 1901 3824; baseline 0.016 -38"><span class='ocrx_word' id='word_1_498' title='bbox 254 3731 412 3806; x_wconf 85' lang='lat' dir='ltr'>virgo</span> <span class='ocrx_word' id='word_1_499' title='bbox 432 3735 662 3804; x_wconf 86' lang='lat' dir='ltr'>orabat,</span> <span class='ocrx_word' id='word_1_500' title='bbox 683 3737 828 3793; x_wconf 93' lang='lat' dir='ltr'>vidit</span> <span class='ocrx_word' id='word_1_501' title='bbox 849 3739 1093 3798; x_wconf 90' lang='lat' dir='ltr'>nimiam</span> <span class='ocrx_word' id='word_1_502' title='bbox 1125 3742 1444 3802; x_wconf 86' lang='lat' dir='ltr'>claritatem</span> <span class='ocrx_word' id='word_1_503' title='bbox 1474 3767 1650 3822; x_wconf 90' lang='lat' dir='ltr'>super</span> <span class='ocrx_word' id='word_1_504' title='bbox 1669 3769 1818 3824; x_wconf 86' lang='lat' dir='ltr'>eam,</span> <span class='ocrx_word' id='word_1_505' title='bbox 1844 3761 1901 3811; x_wconf 93' lang='lat' dir='ltr'>et</span> 
     </span>
    </p>
   </div>
   <div class='ocr_carea' id='block_1_71' title="bbox 248 3822 1898 3900">
    <p class='ocr_par' dir='ltr' id='par_1_71' title="bbox 248 3822 1898 3900">
     <span class='ocr_line' id='line_1_71' title="bbox 248 3822 1898 3900; baseline 0.014 -24"><span class='ocrx_word' id='word_1_506' title='bbox 248 3822 584 3881; x_wconf 90' lang='lat' dir='ltr'>timefactus</span> <span class='ocrx_word' id='word_1_507' title='bbox 605 3825 676 3881; x_wconf 90' lang='lat' dir='ltr'>ad</span> <span class='ocrx_word' id='word_1_508' title='bbox 702 3826 989 3898; x_wconf 91' lang='lat' dir='ltr'>palatium</span> <span class='ocrx_word' id='word_1_509' title='bbox 1013 3834 1286 3890; x_wconf 91' lang='lat' dir='ltr'>recurrit.</span> <span class='ocrx_word' id='word_1_510' title='bbox 1318 3835 1480 3900; x_wconf 90' lang='lat' dir='ltr'>Quod</span> <span class='ocrx_word' id='word_1_511' title='bbox 1501 3822 1898 3899; x_wconf 87' lang='lat' dir='ltr'>Diocletianus</span> 
     </span>
    </p>
   </div>
   <div class='ocr_carea' id='block_1_72' title="bbox 253 3911 1897 3994">
    <p class='ocr_par' dir='ltr' id='par_1_72' title="bbox 253 3911 1897 3994">
     <span class='ocr_line' id='line_1_72' title="bbox 253 3911 1897 3994; baseline 0.015 -30"><span class='ocrx_word' id='word_1_512' title='bbox 253 3911 526 3983; x_wconf 86' lang='lat' dir='ltr'>audiens,</span> <span class='ocrx_word' id='word_1_513' title='bbox 557 3915 720 3971; x_wconf 89' lang='lat' dir='ltr'>misit</span> <span class='ocrx_word' id='word_1_514' title='bbox 749 3917 1100 3988; x_wconf 91' lang='lat' dir='ltr'>Macedium,</span> <span class='ocrx_word' id='word_1_515' title='bbox 1143 3922 1243 3994; x_wconf 81' lang='lat' dir='ltr'>qui</span> <span class='ocrx_word' id='word_1_516' title='bbox 1291 3939 1420 3980; x_wconf 92' lang='lat' dir='ltr'>eam</span> <span class='ocrx_word' id='word_1_517' title='bbox 1470 3926 1623 3984; x_wconf 88' lang='lat' dir='ltr'>intra</span> <span class='ocrx_word' id='word_1_518' title='bbox 1652 3930 1897 3989; x_wconf 91' lang='lat' dir='ltr'>domum</span> 
     </span>
    </p>
   </div>
   <div class='ocr_carea' id='block_1_73' title="bbox 246 3998 1894 4088">
    <p class='ocr_par' dir='ltr' id='par_1_73' title="bbox 246 3998 1894 4088">
     <span class='ocr_line' id='line_1_73' title="bbox 246 3998 1894 4088; baseline 0.016 -37"><span class='ocrx_word' id='word_1_519' title='bbox 246 3998 431 4088; x_wconf 83' lang='lat' dir='ltr'>patris</span> <span class='ocrx_word' id='word_1_520' title='bbox 456 4001 557 4088; x_wconf 81' lang='lat' dir='ltr'>sui</span> <span class='ocrx_word' id='word_1_521' title='bbox 603 4006 1046 4079; x_wconf 89' lang='lat' dir='ltr'>constringeret,</span> <span class='ocrx_word' id='word_1_522' title='bbox 1106 4010 1319 4084; x_wconf 92' lang='lat' dir='ltr'>illeque</span> <span class='ocrx_word' id='word_1_523' title='bbox 1377 4016 1735 4088; x_wconf 86' lang='lat' dir='ltr'>exspoliatan</span> <span class='ocrx_word' id='word_1_524' title='bbox 1768 4038 1894 4077; x_wconf 89' lang='lat' dir='ltr'>eam</span> 
     </span>
    </p>
   </div>
   <div class='ocr_carea' id='block_1_74' title="bbox 244 4085 1895 4179">
    <p class='ocr_par' dir='ltr' id='par_1_74' title="bbox 244 4085 1895 4179">
     <span class='ocr_line' id='line_1_74' title="bbox 244 4085 1895 4179; baseline 0.017 -41"><span class='ocrx_word' id='word_1_525' title='bbox 244 4085 421 4179; x_wconf 69' lang='lat' dir='ltr'>erepit</span> <span class='ocrx_word' id='word_1_526' title='bbox 446 4086 702 4179; x_wconf 77' lang='lat' dir='ltr'>fustibus</span> <span class='ocrx_word' id='word_1_527' title='bbox 744 4095 980 4151; x_wconf 69' lang='lat' dir='ltr'>caedere.</span> <span class='ocrx_word' id='word_1_528' title='bbox 1005 4097 1269 4170; x_wconf 91' lang='lat' dir='ltr'>Cumque</span> <span class='ocrx_word' id='word_1_529' title='bbox 1291 4103 1458 4159; x_wconf 91' lang='lat' dir='ltr'>beata</span> <span class='ocrx_word' id='word_1_530' title='bbox 1480 4085 1644 4179; x_wconf 76' lang='lat' dir='ltr'>virgo</span> <span class='ocrx_word' id='word_1_531' title='bbox 1670 4107 1728 4163; x_wconf 91' lang='lat' dir='ltr'>in</span> <span class='ocrx_word' id='word_1_532' title='bbox 1759 4127 1895 4166; x_wconf 90' lang='lat' dir='ltr'>con-</span> 
     </span>
    </p>
   </div>
   <div class='ocr_carea' id='block_1_75' title="bbox 247 4174 1893 4271">
    <p class='ocr_par' dir='ltr' id='par_1_75' title="bbox 247 4174 1893 4271">
     <span class='ocr_line' id='line_1_75' title="bbox 247 4174 1893 4271; baseline 0.017 -43"><span class='ocrx_word' id='word_1_533' title='bbox 247 4174 499 4271; x_wconf 81' lang='lat' dir='ltr'>fessione</span> <span class='ocrx_word' id='word_1_534' title='bbox 531 4176 742 4236; x_wconf 86' lang='lat' dir='ltr'>Christi</span> <span class='ocrx_word' id='word_1_535' title='bbox 777 4193 1192 4254; x_wconf 90' lang='lat' dir='ltr'>perseveraret,</span> <span class='ocrx_word' id='word_1_536' title='bbox 1227 4190 1419 4257; x_wconf 78' lang='lat' dir='ltr'>gladio</span> <span class='ocrx_word' id='word_1_537' title='bbox 1452 4174 1750 4267; x_wconf 66' lang='lat' dir='ltr'>percussa,</span> <span class='ocrx_word' id='word_1_538' title='bbox 1774 4200 1893 4271; x_wconf 88' lang='lat' dir='ltr'>spi-</span> 
     </span>
    </p>
   </div>
   <div class='ocr_carea' id='block_1_76' title="bbox 241 4263 1894 4355">
    <p class='ocr_par' dir='ltr' id='par_1_76' title="bbox 241 4263 1894 4355">
     <span class='ocr_line' id='line_1_76' title="bbox 241 4263 1894 4355; baseline 0.016 -37"><span class='ocrx_word' id='word_1_539' title='bbox 241 4263 422 4320; x_wconf 89' lang='lat' dir='ltr'>ritum</span> <span class='ocrx_word' id='word_1_540' title='bbox 445 4265 976 4328; x_wconf 87' lang='lat' dir='ltr'>inoontamiuatum</span> <span class='ocrx_word' id='word_1_541' title='bbox 998 4273 1244 4331; x_wconf 92' lang='lat' dir='ltr'>Domino</span> <span class='ocrx_word' id='word_1_542' title='bbox 1261 4263 1538 4339; x_wconf 86' lang='lat' dir='ltr'>reddidit.</span> <span class='ocrx_word' id='word_1_543' title='bbox 1570 4263 1751 4355; x_wconf 82' lang='lat' dir='ltr'>Cujus</span> <span class='ocrx_word' id='word_1_544' title='bbox 1773 4263 1894 4343; x_wconf 80' lang='lat' dir='ltr'>cor-</span> 
     </span>
    </p>
   </div>
   <div class='ocr_carea' id='block_1_77' title="bbox 241 4355 1891 4440">
    <p class='ocr_par' dir='ltr' id='par_1_77' title="bbox 241 4355 1891 4440">
     <span class='ocr_line' id='line_1_77' title="bbox 241 4355 1891 4440; baseline 0.016 -33"><span class='ocrx_word' id='word_1_545' title='bbox 241 4369 354 4424; x_wconf 78' lang='lat' dir='ltr'>pus</span> <span class='ocrx_word' id='word_1_546' title='bbox 389 4355 605 4412; x_wconf 90' lang='lat' dir='ltr'>Serena</span> <span class='ocrx_word' id='word_1_547' title='bbox 631 4361 916 4432; x_wconf 88' lang='lat' dir='ltr'>Augusta,</span> <span class='ocrx_word' id='word_1_548' title='bbox 950 4363 1176 4420; x_wconf 87' lang='lat' dir='ltr'>occulte</span> <span class='ocrx_word' id='word_1_549' title='bbox 1206 4365 1556 4440; x_wconf 89' lang='lat' dir='ltr'>Christiana,</span> <span class='ocrx_word' id='word_1_550' title='bbox 1581 4379 1756 4429; x_wconf 90' lang='lat' dir='ltr'>noctu</span> <span class='ocrx_word' id='word_1_551' title='bbox 1779 4377 1891 4432; x_wconf 83' lang='lat' dir='ltr'>col-</span> 
     </span>
    </p>
   </div>
   <div class='ocr_carea' id='block_1_78' title="bbox 237 4443 1883 4520">
    <p class='ocr_par' dir='ltr' id='par_1_78' title="bbox 237 4443 1883 4520">
     <span class='ocr_line' id='line_1_78' title="bbox 237 4443 1883 4520; baseline 0.013 -21"><span class='ocrx_word' id='word_1_552' title='bbox 237 4443 400 4515; x_wconf 90' lang='lat' dir='ltr'>legit,</span> <span class='ocrx_word' id='word_1_553' title='bbox 434 4450 490 4501; x_wconf 92' lang='lat' dir='ltr'>et</span> <span class='ocrx_word' id='word_1_554' title='bbox 519 4447 796 4504; x_wconf 89' lang='lat' dir='ltr'>manibus</span> <span class='ocrx_word' id='word_1_555' title='bbox 826 4451 951 4507; x_wconf 89' lang='lat' dir='ltr'>suis</span> <span class='ocrx_word' id='word_1_556' title='bbox 980 4455 1344 4512; x_wconf 89' lang='lat' dir='ltr'>aromatibus</span> <span class='ocrx_word' id='word_1_557' title='bbox 1365 4459 1666 4517; x_wconf 90' lang='lat' dir='ltr'>conditum</span> <span class='ocrx_word' id='word_1_558' title='bbox 1689 4480 1755 4519; x_wconf 91' lang='lat' dir='ltr'>ac</span> <span class='ocrx_word' id='word_1_559' title='bbox 1777 4463 1883 4520; x_wconf 90' lang='lat' dir='ltr'>lin-</span> 
     </span>
    </p>
   </div>
   <div class='ocr_carea' id='block_1_79' title="bbox 2015 3282 3670 3355">
    <p class='ocr_par' dir='ltr' id='par_1_79' title="bbox 2015 3282 3670 3355">
     <span class='ocr_line' id='line_1_79' title="bbox 2015 3282 3670 3355; baseline 0.002 -17"><span class='ocrx_word' id='word_1_560' title='bbox 2015 3283 2326 3352; x_wconf 89' lang='lat' dir='ltr'>discentes,</span> <span class='ocrx_word' id='word_1_561' title='bbox 2362 3288 2590 3339; x_wconf 89' lang='lat' dir='ltr'>tantum</span> <span class='ocrx_word' id='word_1_562' title='bbox 2614 3299 2675 3339; x_wconf 90' lang='lat' dir='ltr'>se</span> <span class='ocrx_word' id='word_1_563' title='bbox 2698 3282 2897 3339; x_wconf 92' lang='lat' dir='ltr'>ulcisci</span> <span class='ocrx_word' id='word_1_564' title='bbox 2921 3284 3264 3355; x_wconf 88' lang='lat' dir='ltr'>gaudentes,</span> <span class='ocrx_word' id='word_1_565' title='bbox 3289 3283 3392 3339; x_wconf 87' lang='lat' dir='ltr'>alii</span> <span class='ocrx_word' id='word_1_566' title='bbox 3415 3301 3560 3341; x_wconf 89' lang='lat' dir='ltr'>eum</span> <span class='ocrx_word' id='word_1_567' title='bbox 3585 3293 3670 3342; x_wconf 84' lang='lat' dir='ltr'>ta-</span> 
     </span>
    </p>
   </div>
   <div class='ocr_carea' id='block_1_80' title="bbox 2014 3371 3669 3445">
    <p class='ocr_par' dir='ltr' id='par_1_80' title="bbox 2014 3371 3669 3445">
     <span class='ocr_line' id='line_1_80' title="bbox 2014 3371 3669 3445; baseline 0.002 -16"><span class='ocrx_word' id='word_1_568' title='bbox 2014 3372 2172 3429; x_wconf 88' lang='lat' dir='ltr'>bulis</span> <span class='ocrx_word' id='word_1_569' title='bbox 2202 3390 2266 3428; x_wconf 91' lang='lat' dir='ltr'>ac</span> <span class='ocrx_word' id='word_1_570' title='bbox 2311 3373 2479 3429; x_wconf 86' lang='lat' dir='ltr'>buxis</span> <span class='ocrx_word' id='word_1_571' title='bbox 2537 3373 2839 3443; x_wconf 87' lang='lat' dir='ltr'>feriebant,</span> <span class='ocrx_word' id='word_1_572' title='bbox 2900 3371 2999 3428; x_wconf 91' lang='lat' dir='ltr'>alii</span> <span class='ocrx_word' id='word_1_573' title='bbox 3053 3372 3217 3445; x_wconf 83' lang='lat' dir='ltr'>stylis</span> <span class='ocrx_word' id='word_1_574' title='bbox 3247 3373 3669 3433; x_wconf 87' lang='lat' dir='ltr'>vulnerabant.</span> 
     </span>
    </p>
   </div>
   <div class='ocr_carea' id='block_1_81' title="bbox 2017 3461 3670 3536">
    <p class='ocr_par' dir='ltr' id='par_1_81' title="bbox 2017 3461 3670 3536">
     <span class='ocr_line' id='line_1_81' title="bbox 2017 3461 3670 3536; baseline 0.001 -18"><span class='ocrx_word' id='word_1_575' title='bbox 2017 3465 2278 3528; x_wconf 90' lang='lat' dir='ltr'>Quorum</span> <span class='ocrx_word' id='word_1_576' title='bbox 2305 3465 2523 3534; x_wconf 91' lang='lat' dir='ltr'>quanto</span> <span class='ocrx_word' id='word_1_577' title='bbox 2548 3461 2837 3517; x_wconf 85' lang='lat' dir='ltr'>inﬁrmior</span> <span class='ocrx_word' id='word_1_578' title='bbox 2852 3465 2973 3517; x_wconf 89' lang='lat' dir='ltr'>erat</span> <span class='ocrx_word' id='word_1_579' title='bbox 2995 3479 3229 3530; x_wconf 91' lang='lat' dir='ltr'>manus,</span> <span class='ocrx_word' id='word_1_580' title='bbox 3251 3465 3416 3518; x_wconf 88' lang='lat' dir='ltr'>tanto</span> <span class='ocrx_word' id='word_1_581' title='bbox 3438 3465 3670 3536; x_wconf 83' lang='lat' dir='ltr'>gravio-</span> 
     </span>
    </p>
   </div>
   <div class='ocr_carea' id='block_1_82' title="bbox 2021 3548 3676 3624">
    <p class='ocr_par' dir='ltr' id='par_1_82' title="bbox 2021 3548 3676 3624">
     <span class='ocr_line' id='line_1_82' title="bbox 2021 3548 3676 3624; baseline 0.003 -20"><span class='ocrx_word' id='word_1_582' title='bbox 2021 3565 2141 3605; x_wconf 90' lang='lat' dir='ltr'>rem</span> <span class='ocrx_word' id='word_1_583' title='bbox 2165 3549 2436 3622; x_wconf 83' lang='lat' dir='ltr'>martyrii</span> <span class='ocrx_word' id='word_1_584' title='bbox 2460 3565 2692 3622; x_wconf 75' lang='lat' dir='ltr'>poanam</span> <span class='ocrx_word' id='word_1_585' title='bbox 2716 3548 2896 3605; x_wconf 89' lang='lat' dir='ltr'>dilata</span> <span class='ocrx_word' id='word_1_586' title='bbox 2920 3553 3106 3605; x_wconf 91' lang='lat' dir='ltr'>morte</span> <span class='ocrx_word' id='word_1_587' title='bbox 3128 3548 3397 3606; x_wconf 86' lang='lat' dir='ltr'>faciebat.</span> <span class='ocrx_word' id='word_1_588' title='bbox 3421 3551 3676 3624; x_wconf 88' lang='lat' dir='ltr'>Scripsit</span> 
     </span>
    </p>
   </div>
   <div class='ocr_carea' id='block_1_83' title="bbox 2012 3637 2593 3710">
    <p class='ocr_par' dir='ltr' id='par_1_83' title="bbox 2012 3637 2593 3710">
     <span class='ocr_line' id='line_1_83' title="bbox 2012 3637 2593 3710; baseline 0 -18"><span class='ocrx_word' id='word_1_589' title='bbox 2012 3637 2376 3694; x_wconf 89' lang='lat' dir='ltr'>Prudentius</span> <span class='ocrx_word' id='word_1_590' title='bbox 2405 3642 2593 3710; x_wconf 89' lang='lat' dir='ltr'>poeta.</span> 
     </span>
    </p>
   </div>
   <div class='ocr_carea' id='block_1_84' title="bbox 2082 3725 3658 3800">
    <p class='ocr_par' dir='ltr' id='par_1_84' title="bbox 2082 3725 3658 3800">
     <span class='ocr_line' id='line_1_84' title="bbox 2082 3725 3658 3800; baseline 0 -18"><span class='ocrx_word' id='word_1_591' title='bbox 2082 3727 2329 3783; x_wconf 88' lang='lat' dir='ltr'>Pictavis</span> <span class='ocrx_word' id='word_1_592' title='bbox 2348 3725 2633 3798; x_wconf 91' lang='lat' dir='ltr'>depositio</span> <span class='ocrx_word' id='word_1_593' title='bbox 2654 3726 3021 3799; x_wconf 83' lang='lat' dir='ltr'>Radegundae</span> <span class='ocrx_word' id='word_1_594' title='bbox 3037 3727 3274 3800; x_wconf 71' lang='lat' dir='ltr'>reginae,</span> <span class='ocrx_word' id='word_1_595' title='bbox 3289 3744 3402 3799; x_wconf 66' lang='lat' dir='ltr'>qua:</span> <span class='ocrx_word' id='word_1_596' title='bbox 3415 3731 3473 3782; x_wconf 90' lang='lat' dir='ltr'>et</span> <span class='ocrx_word' id='word_1_597' title='bbox 3483 3727 3658 3798; x_wconf 86' lang='lat' dir='ltr'>prius</span> 
     </span>
    </p>
   </div>
   <div class='ocr_carea' id='block_1_85' title="bbox 2010 3815 3644 3889">
    <p class='ocr_par' dir='ltr' id='par_1_85' title="bbox 2010 3815 3644 3889">
     <span class='ocr_line' id='line_1_85' title="bbox 2010 3815 3644 3889; baseline -0.001 -17"><span class='ocrx_word' id='word_1_598' title='bbox 2010 3817 2068 3872; x_wconf 90' lang='lat' dir='ltr'>in</span> <span class='ocrx_word' id='word_1_599' title='bbox 2093 3815 2308 3889; x_wconf 89' lang='lat' dir='ltr'>palatio</span> <span class='ocrx_word' id='word_1_600' title='bbox 2323 3815 2568 3888; x_wconf 88' lang='lat' dir='ltr'>jejuniis</span> <span class='ocrx_word' id='word_1_601' title='bbox 2590 3820 2646 3871; x_wconf 92' lang='lat' dir='ltr'>et</span> <span class='ocrx_word' id='word_1_602' title='bbox 2671 3816 3032 3872; x_wconf 88' lang='lat' dir='ltr'>orationibus</span> <span class='ocrx_word' id='word_1_603' title='bbox 3054 3820 3229 3888; x_wconf 91' lang='lat' dir='ltr'>atque</span> <span class='ocrx_word' id='word_1_604' title='bbox 3259 3817 3644 3889; x_wconf 69' lang='lat' dir='ltr'>eleemosyna-</span> 
     </span>
    </p>
   </div>
   <div class='ocr_carea' id='block_1_86' title="bbox 2009 3903 3654 3978">
    <p class='ocr_par' dir='ltr' id='par_1_86' title="bbox 2009 3903 3654 3978">
     <span class='ocr_line' id='line_1_86' title="bbox 2009 3903 3654 3978; baseline -0.001 -17"><span class='ocrx_word' id='word_1_605' title='bbox 2009 3923 2139 3961; x_wconf 92' lang='lat' dir='ltr'>rum</span> <span class='ocrx_word' id='word_1_606' title='bbox 2152 3903 2561 3978; x_wconf 87' lang='lat' dir='ltr'>largitionibus</span> <span class='ocrx_word' id='word_1_607' title='bbox 2574 3909 2687 3960; x_wconf 88' lang='lat' dir='ltr'>Deo</span> <span class='ocrx_word' id='word_1_608' title='bbox 2701 3904 2925 3977; x_wconf 89' lang='lat' dir='ltr'>placere</span> <span class='ocrx_word' id='word_1_609' title='bbox 2939 3905 3185 3972; x_wconf 91' lang='lat' dir='ltr'>studuit,</span> <span class='ocrx_word' id='word_1_610' title='bbox 3199 3922 3268 3960; x_wconf 91' lang='lat' dir='ltr'>ac</span> <span class='ocrx_word' id='word_1_611' title='bbox 3279 3906 3654 3978; x_wconf 90' lang='lat' dir='ltr'>postmodum</span> 
     </span>
    </p>
   </div>
   <div class='ocr_carea' id='block_1_87' title="bbox 2009 3994 3664 4067">
    <p class='ocr_par' dir='ltr' id='par_1_87' title="bbox 2009 3994 3664 4067">
     <span class='ocr_line' id='line_1_87' title="bbox 2009 3994 3664 4067; baseline 0 -17"><span class='ocrx_word' id='word_1_612' title='bbox 2009 4013 2042 4050; x_wconf 89' lang='lat' dir='ltr'>a</span> <span class='ocrx_word' id='word_1_613' title='bbox 2072 3999 2270 4051; x_wconf 90' lang='lat' dir='ltr'>sancto</span> <span class='ocrx_word' id='word_1_614' title='bbox 2303 3995 2576 4051; x_wconf 90' lang='lat' dir='ltr'>Medardo</span> <span class='ocrx_word' id='word_1_615' title='bbox 2607 3994 3013 4051; x_wconf 87' lang='lat' dir='ltr'>Suessionensi</span> <span class='ocrx_word' id='word_1_616' title='bbox 3047 3995 3318 4067; x_wconf 91' lang='lat' dir='ltr'>episcopo</span> <span class='ocrx_word' id='word_1_617' title='bbox 3367 3995 3425 4050; x_wconf 93' lang='lat' dir='ltr'>in</span> <span class='ocrx_word' id='word_1_618' title='bbox 3460 4012 3664 4051; x_wconf 88' lang='lat' dir='ltr'>mona-</span> 
     </span>
    </p>
   </div>
   <div class='ocr_carea' id='block_1_88' title="bbox 2006 4083 3658 4152">
    <p class='ocr_par' dir='ltr' id='par_1_88' title="bbox 2006 4083 3658 4152">
     <span class='ocr_line' id='line_1_88' title="bbox 2006 4083 3658 4152; baseline 0.001 -13"><span class='ocrx_word' id='word_1_619' title='bbox 2006 4085 2175 4140; x_wconf 89' lang='lat' dir='ltr'>cham</span> <span class='ocrx_word' id='word_1_620' title='bbox 2203 4088 2558 4152; x_wconf 86' lang='lat' dir='ltr'>consecrata,</span> <span class='ocrx_word' id='word_1_621' title='bbox 2594 4084 2736 4140; x_wconf 86' lang='lat' dir='ltr'>adeo</span> <span class='ocrx_word' id='word_1_622' title='bbox 2791 4101 2851 4140; x_wconf 93' lang='lat' dir='ltr'>se</span> <span class='ocrx_word' id='word_1_623' title='bbox 2907 4083 3161 4140; x_wconf 89' lang='lat' dir='ltr'>hostiam</span> <span class='ocrx_word' id='word_1_624' title='bbox 3203 4084 3394 4141; x_wconf 89' lang='lat' dir='ltr'>vivam</span> <span class='ocrx_word' id='word_1_625' title='bbox 3424 4085 3658 4140; x_wconf 89' lang='lat' dir='ltr'>Christo</span> 
     </span>
    </p>
   </div>
   <div class='ocr_carea' id='block_1_89' title="bbox 2003 4173 3659 4247">
    <p class='ocr_par' dir='ltr' id='par_1_89' title="bbox 2003 4173 3659 4247">
     <span class='ocr_line' id='line_1_89' title="bbox 2003 4173 3659 4247; baseline 0.001 -19"><span class='ocrx_word' id='word_1_626' title='bbox 2003 4173 2274 4229; x_wconf 83' lang='lat' dir='ltr'>exhibere</span> <span class='ocrx_word' id='word_1_627' title='bbox 2301 4174 2542 4242; x_wconf 90' lang='lat' dir='ltr'>curavit,</span> <span class='ocrx_word' id='word_1_628' title='bbox 2570 4176 2632 4227; x_wconf 81' lang='lat' dir='ltr'>ut</span> <span class='ocrx_word' id='word_1_629' title='bbox 2654 4173 2806 4229; x_wconf 90' lang='lat' dir='ltr'>inter</span> <span class='ocrx_word' id='word_1_630' title='bbox 2827 4173 2986 4229; x_wconf 90' lang='lat' dir='ltr'>mille</span> <span class='ocrx_word' id='word_1_631' title='bbox 3012 4190 3214 4229; x_wconf 91' lang='lat' dir='ltr'>cruces</span> <span class='ocrx_word' id='word_1_632' title='bbox 3238 4191 3386 4246; x_wconf 89' lang='lat' dir='ltr'>quas</span> <span class='ocrx_word' id='word_1_633' title='bbox 3407 4191 3512 4247; x_wconf 87' lang='lat' dir='ltr'>pro</span> <span class='ocrx_word' id='word_1_634' title='bbox 3527 4175 3659 4245; x_wconf 86' lang='lat' dir='ltr'>ejus</span> 
     </span>
    </p>
   </div>
   <div class='ocr_carea' id='block_1_90' title="bbox 2004 4261 3654 4331">
    <p class='ocr_par' dir='ltr' id='par_1_90' title="bbox 2004 4261 3654 4331">
     <span class='ocr_line' id='line_1_90' title="bbox 2004 4261 3654 4331; baseline 0 -13"><span class='ocrx_word' id='word_1_635' title='bbox 2004 4279 2201 4318; x_wconf 90' lang='lat' dir='ltr'>amore</span> <span class='ocrx_word' id='word_1_636' title='bbox 2224 4262 2527 4331; x_wconf 91' lang='lat' dir='ltr'>sustinuit,</span> <span class='ocrx_word' id='word_1_637' title='bbox 2547 4262 2723 4318; x_wconf 90' lang='lat' dir='ltr'>etiam</span> <span class='ocrx_word' id='word_1_638' title='bbox 2747 4261 2979 4318; x_wconf 89' lang='lat' dir='ltr'>circulis</span> <span class='ocrx_word' id='word_1_639' title='bbox 3000 4263 3186 4327; x_wconf 64' lang='lat' dir='ltr'>(areis,</span> <span class='ocrx_word' id='word_1_640' title='bbox 3220 4281 3254 4318; x_wconf 91' lang='lat' dir='ltr'>a</span> <span class='ocrx_word' id='word_1_641' title='bbox 3280 4279 3444 4319; x_wconf 90' lang='lat' dir='ltr'>more</span> <span class='ocrx_word' id='word_1_642' title='bbox 3469 4263 3654 4318; x_wconf 86' lang='lat' dir='ltr'>sacri-</span> 
     </span>
    </p>
   </div>
   <div class='ocr_carea' id='block_1_91' title="bbox 1999 4350 3659 4425">
    <p class='ocr_par' dir='ltr' id='par_1_91' title="bbox 1999 4350 3659 4425">
     <span class='ocr_line' id='line_1_91' title="bbox 1999 4350 3659 4425; baseline -0.001 -17"><span class='ocrx_word' id='word_1_643' title='bbox 1999 4350 2666 4425; x_wconf 78' lang='lat' dir='ltr'>legorum,sanctissima</span> <span class='ocrx_word' id='word_1_644' title='bbox 2680 4350 2919 4407; x_wconf 88' lang='lat' dir='ltr'>brachia</span> <span class='ocrx_word' id='word_1_645' title='bbox 2932 4368 3038 4406; x_wconf 89' lang='lat' dir='ltr'>sua</span> <span class='ocrx_word' id='word_1_646' title='bbox 3051 4351 3373 4424; x_wconf 89' lang='lat' dir='ltr'>constringi</span> <span class='ocrx_word' id='word_1_647' title='bbox 3397 4351 3659 4408; x_wconf 83' lang='lat' dir='ltr'>fecisset.</span> 
     </span>
    </p>
   </div>
   <div class='ocr_carea' id='block_1_92' title="bbox 1999 4439 3655 4496">
    <p class='ocr_par' dir='ltr' id='par_1_92' title="bbox 1999 4439 3655 4496">
     <span class='ocr_line' id='line_1_92' title="bbox 1999 4439 3655 4496; baseline 0 0"><span class='ocrx_word' id='word_1_648' title='bbox 1999 4442 2109 4496; x_wconf 87' lang='lat' dir='ltr'>Sed</span> <span class='ocrx_word' id='word_1_649' title='bbox 2156 4440 2390 4496; x_wconf 90' lang='lat' dir='ltr'>easdem</span> <span class='ocrx_word' id='word_1_650' title='bbox 2450 4439 2859 4494; x_wconf 89' lang='lat' dir='ltr'>tribulationes</span> <span class='ocrx_word' id='word_1_651' title='bbox 2918 4444 3325 4495; x_wconf 89' lang='lat' dir='ltr'>remunerator</span> <span class='ocrx_word' id='word_1_652' title='bbox 3389 4439 3655 4496; x_wconf 83' lang='lat' dir='ltr'>ﬁdelium</span> 
     </span>
    </p>
   </div>
   <div class='ocr_carea' id='block_1_93' title="bbox 239 4526 3651 4630">
    <p class='ocr_par' dir='ltr' id='par_1_93' title="bbox 239 4526 3651 4630">
     <span class='ocr_line' id='line_1_93' title="bbox 239 4526 3651 4630; baseline -0 -43"><span class='ocrx_word' id='word_1_653' title='bbox 239 4533 595 4590; x_wconf 90' lang='lat' dir='ltr'>teaminibus</span> <span class='ocrx_word' id='word_1_654' title='bbox 616 4535 942 4594; x_wconf 90' lang='lat' dir='ltr'>involutum</span> <span class='ocrx_word' id='word_1_655' title='bbox 965 4542 1164 4612; x_wconf 84' lang='lat' dir='ltr'>posuit</span> <span class='ocrx_word' id='word_1_656' title='bbox 1175 4543 1347 4614; x_wconf 82' lang='lat' dir='ltr'>juxta</span> <span class='ocrx_word' id='word_1_657' title='bbox 1367 4553 1635 4604; x_wconf 88' lang='lat' dir='ltr'>sanctum</span> <span class='ocrx_word' id='word_1_658' title='bbox 1653 4551 1894 4610; x_wconf 89' lang='lat' dir='ltr'>Alexan-</span> <span class='ocrx_word' id='word_1_659' title='bbox 1920 4553 1970 4620; x_wconf 78' lang='grc' dir='ltr'><strong><em>Β</em></strong></span> <span class='ocrx_word' id='word_1_660' title='bbox 2005 4530 2180 4629; x_wconf 44' lang='lat' dir='ltr'>etim.“</span> <span class='ocrx_word' id='word_1_661' title='bbox 2198 4529 2256 4583; x_wconf 67' lang='lat' dir='ltr'>in</span> <span class='ocrx_word' id='word_1_662' title='bbox 2275 4526 2543 4628; x_wconf 53' lang='grc' dir='ltr'>Ρξδεεθηίί</span> <span class='ocrx_word' id='word_1_663' title='bbox 2557 4543 3001 4630; x_wconf 50' lang='grc' dir='ltr'>τεθοωρθιξξξιτθ</span> <span class='ocrx_word' id='word_1_664' title='bbox 3021 4527 3651 4630; x_wconf 40' lang='lat' dir='ltr'>dignatus.est,.an.uu-</span> 
     </span>
    </p>
   </div>
   <div class='ocr_carea' id='block_1_94' title="bbox 236 4617 3649 4707">
    <p class='ocr_par' dir='ltr' id='par_1_94' title="bbox 236 4617 3649 4707">
     <span class='ocr_line' id='line_1_94' title="bbox 236 4617 3649 4707; baseline 0 -35"><span class='ocrx_word' id='word_1_665' title='bbox 236 4621 410 4677; x_wconf 88' lang='lat' dir='ltr'>drum</span> <span class='ocrx_word' id='word_1_666' title='bbox 443 4624 611 4680; x_wconf 75' lang='lat' dir='ltr'>tertio</span> <span class='ocrx_word' id='word_1_667' title='bbox 639 4625 775 4685; x_wconf 72' lang='lat' dir='ltr'>Idus</span> <span class='ocrx_word' id='word_1_668' title='bbox 824 4630 1091 4701; x_wconf 49' lang='lat' dir='ltr'>Augusti.</span> <span class='ocrx_word' id='word_1_669' title='bbox 1144 4633 1502 4707; x_wconf 69' lang='lat' dir='ltr'>sanguinem</span> <span class='ocrx_word' id='word_1_670' title='bbox 1534 4656 1666 4695; x_wconf 58' lang='lat' dir='ltr'>vero</span> <span class='ocrx_word' id='word_1_671' title='bbox 1700 4643 1878 4698; x_wconf 64' lang='lat' dir='ltr'>maris</span> <span class='ocrx_word' id='word_1_672' title='bbox 1921 4617 1958 4620; x_wconf 30' lang='grc' dir='ltr'><strong>ἡ</strong></span> <span class='ocrx_word' id='word_1_673' title='bbox 1987 4617 2370 4707; x_wconf 26' lang='grc' dir='ltr'>θηεςξοξυλᾳὶε,</span> <span class='ocrx_word' id='word_1_674' title='bbox 2387 4633 2751 4688; x_wconf 63' lang='lat' dir='ltr'>quiscunque</span> <span class='ocrx_word' id='word_1_675' title='bbox 2779 4617 3041 4707; x_wconf 71' lang='lat' dir='ltr'>petiisset</span> <span class='ocrx_word' id='word_1_676' title='bbox 3078 4617 3136 4672; x_wconf 90' lang='lat' dir='ltr'>in</span> <span class='ocrx_word' id='word_1_677' title='bbox 3158 4617 3393 4707; x_wconf 90' lang='lat' dir='ltr'>nomine</span> <span class='ocrx_word' id='word_1_678' title='bbox 3431 4617 3649 4689; x_wconf 90' lang='lat' dir='ltr'>ipsius.</span> 
     </span>
    </p>
   </div>
   <div class='ocr_carea' id='block_1_95' title="bbox 231 4710 1875 4800">
    <p class='ocr_par' dir='ltr' id='par_1_95' title="bbox 231 4710 1875 4800">
     <span class='ocr_line' id='line_1_95' title="bbox 231 4710 1875 4800; baseline 0.014 -37"><span class='ocrx_word' id='word_1_679' title='bbox 231 4710 521 4767; x_wconf 91' lang='lat' dir='ltr'>velamine</span> <span class='ocrx_word' id='word_1_680' title='bbox 551 4713 811 4786; x_wconf 89' lang='lat' dir='ltr'>detersit,</span> <span class='ocrx_word' id='word_1_681' title='bbox 844 4721 901 4773; x_wconf 93' lang='lat' dir='ltr'>et</span> <span class='ocrx_word' id='word_1_682' title='bbox 949 4721 1148 4790; x_wconf 90' lang='lat' dir='ltr'>posuit</span> <span class='ocrx_word' id='word_1_683' title='bbox 1194 4723 1255 4778; x_wconf 92' lang='lat' dir='ltr'>in</span> <span class='ocrx_word' id='word_1_684' title='bbox 1305 4741 1481 4797; x_wconf 92' lang='lat' dir='ltr'>capsa</span> <span class='ocrx_word' id='word_1_685' title='bbox 1511 4733 1786 4800; x_wconf 89' lang='lat' dir='ltr'>argentea</span> <span class='ocrx_word' id='word_1_686' title='bbox 1814 4731 1875 4786; x_wconf 93' lang='lat' dir='ltr'>in</span> 
     </span>
    </p>
   </div>
   <div class='ocr_carea' id='block_1_96' title="bbox 230 4797 1873 4884">
    <p class='ocr_par' dir='ltr' id='par_1_96' title="bbox 230 4797 1873 4884">
     <span class='ocr_line' id='line_1_96' title="bbox 230 4797 1873 4884; baseline 0.013 -31"><span class='ocrx_word' id='word_1_687' title='bbox 230 4797 447 4869; x_wconf 90' lang='lat' dir='ltr'>palatio</span> <span class='ocrx_word' id='word_1_688' title='bbox 469 4800 680 4858; x_wconf 90' lang='lat' dir='ltr'>domus</span> <span class='ocrx_word' id='word_1_689' title='bbox 702 4820 840 4876; x_wconf 70' lang='lat' dir='ltr'>suae,</span> <span class='ocrx_word' id='word_1_690' title='bbox 868 4807 965 4863; x_wconf 91' lang='lat' dir='ltr'>ubi</span> <span class='ocrx_word' id='word_1_691' title='bbox 988 4808 1079 4865; x_wconf 89' lang='lat' dir='ltr'>die</span> <span class='ocrx_word' id='word_1_692' title='bbox 1101 4815 1392 4884; x_wconf 90' lang='lat' dir='ltr'>noctuque</span> <span class='ocrx_word' id='word_1_693' title='bbox 1413 4797 1640 4872; x_wconf 76' lang='lat' dir='ltr'>furtivis</span> <span class='ocrx_word' id='word_1_694' title='bbox 1663 4818 1873 4875; x_wconf 86' lang='lat' dir='ltr'>oratio-</span> 
     </span>
    </p>
   </div>
   <div class='ocr_carea' id='block_1_97' title="bbox 229 4886 1478 4963">
    <p class='ocr_par' dir='ltr' id='par_1_97' title="bbox 229 4886 1478 4963">
     <span class='ocr_line' id='line_1_97' title="bbox 229 4886 1478 4963; baseline 0.014 -21"><span class='ocrx_word' id='word_1_695' title='bbox 229 4886 404 4944; x_wconf 87' lang='lat' dir='ltr'>nibus</span> <span class='ocrx_word' id='word_1_696' title='bbox 436 4891 814 4963; x_wconf 90' lang='lat' dir='ltr'>semetipsam</span> <span class='ocrx_word' id='word_1_697' title='bbox 845 4895 1092 4954; x_wconf 91' lang='lat' dir='ltr'>Domino</span> <span class='ocrx_word' id='word_1_698' title='bbox 1125 4900 1478 4960; x_wconf 76' lang='lat' dir='ltr'>effundebat.</span> 
     </span>
    </p>
   </div>
   <div class='ocr_carea' id='block_1_98' title="bbox 298 4976 1512 5062">
    <p class='ocr_par' dir='ltr' id='par_1_98' title="bbox 298 4976 1512 5062">
     <span class='ocr_line' id='line_1_98' title="bbox 298 4976 1512 5062; baseline 0.016 -32"><span class='ocrx_word' id='word_1_699' title='bbox 298 4976 560 5050; x_wconf 90' lang='lat' dir='ltr'>Nicopoli</span> <span class='ocrx_word' id='word_1_700' title='bbox 585 4980 782 5052; x_wconf 88' lang='lat' dir='ltr'>passio</span> <span class='ocrx_word' id='word_1_701' title='bbox 814 4983 1133 5043; x_wconf 90' lang='lat' dir='ltr'>multorum</span> <span class='ocrx_word' id='word_1_702' title='bbox 1166 4995 1512 5062; x_wconf 87' lang='lat' dir='ltr'>martyrum.</span> 
     </span>
    </p>
   </div>
   <div class='ocr_carea' id='block_1_99' title="bbox 296 5085 1868 5180">
    <p class='ocr_par' dir='ltr' id='par_1_99' title="bbox 296 5085 1868 5180">
     <span class='ocr_line' id='line_1_99' title="bbox 296 5085 1868 5180; baseline 0.015 -42"><span class='ocrx_word' id='word_1_703' title='bbox 296 5085 452 5180; x_wconf 88' lang='grc' dir='ltr'>ΙΙ</span> <span class='ocrx_word' id='word_1_704' title='bbox 496 5088 643 5143; x_wconf 80' lang='lat' dir='ltr'>Avo.</span> <span class='ocrx_word' id='word_1_705' title='bbox 665 5121 736 5180; x_wconf 41' lang='grc' dir='ltr'><em>Τ</em></span> <span class='ocrx_word' id='word_1_706' title='bbox 761 5093 826 5180; x_wconf 82' lang='lat' dir='ltr'><strong>In</strong></span> <span class='ocrx_word' id='word_1_707' title='bbox 870 5091 1070 5148; x_wconf 91' lang='lat' dir='ltr'>Sicilia</span> <span class='ocrx_word' id='word_1_708' title='bbox 1103 5095 1332 5155; x_wconf 89' lang='lat' dir='ltr'>civitate</span> <span class='ocrx_word' id='word_1_709' title='bbox 1374 5099 1577 5158; x_wconf 89' lang='lat' dir='ltr'>Catina</span> <span class='ocrx_word' id='word_1_710' title='bbox 1606 5104 1868 5180; x_wconf 86' lang='lat' dir='ltr'>[Catana]</span> 
     </span>
    </p>
   </div>
   <div class='ocr_carea' id='block_1_100' title="bbox 226 5172 1867 5251">
    <p class='ocr_par' dir='ltr' id='par_1_100' title="bbox 226 5172 1867 5251">
     <span class='ocr_line' id='line_1_100' title="bbox 226 5172 1867 5251; baseline 0.013 -24"><span class='ocrx_word' id='word_1_711' title='bbox 226 5172 436 5230; x_wconf 87' lang='lat' dir='ltr'>natalis</span> <span class='ocrx_word' id='word_1_712' title='bbox 457 5177 642 5232; x_wconf 89' lang='lat' dir='ltr'>sancti</span> <span class='ocrx_word' id='word_1_713' title='bbox 663 5178 831 5251; x_wconf 90' lang='lat' dir='ltr'>Eupli</span> <span class='ocrx_word' id='word_1_714' title='bbox 849 5180 1099 5247; x_wconf 90' lang='lat' dir='ltr'>diaconi,</span> <span class='ocrx_word' id='word_1_715' title='bbox 1121 5186 1230 5242; x_wconf 90' lang='lat' dir='ltr'>sub</span> <span class='ocrx_word' id='word_1_716' title='bbox 1253 5172 1682 5248; x_wconf 41' lang='lat' dir='ltr'>Diocletiano—et</span> <span class='ocrx_word' id='word_1_717' title='bbox 1701 5172 1867 5251; x_wconf 59' lang='lat' dir='ltr'>Maxi:</span> 
     </span>
    </p>
   </div>
   <div class='ocr_carea' id='block_1_101' title="bbox 222 5261 1864 5342">
    <p class='ocr_par' dir='ltr' id='par_1_101' title="bbox 222 5261 1864 5342">
     <span class='ocr_line' id='line_1_101' title="bbox 222 5261 1864 5342; baseline 0.016 -27"><span class='ocrx_word' id='word_1_718' title='bbox 222 5261 417 5319; x_wconf 90' lang='lat' dir='ltr'>miano</span> <span class='ocrx_word' id='word_1_719' title='bbox 438 5265 744 5337; x_wconf 88' lang='lat' dir='ltr'>Augustis.</span> <span class='ocrx_word' id='word_1_720' title='bbox 779 5268 888 5331; x_wconf 91' lang='lat' dir='ltr'>Qui</span> <span class='ocrx_word' id='word_1_721' title='bbox 923 5287 1056 5326; x_wconf 91' lang='lat' dir='ltr'>cum</span> <span class='ocrx_word' id='word_1_722' title='bbox 1087 5279 1251 5329; x_wconf 87' lang='lat' dir='ltr'>extra</span> <span class='ocrx_word' id='word_1_723' title='bbox 1271 5274 1464 5334; x_wconf 89' lang='lat' dir='ltr'>velum</span> <span class='ocrx_word' id='word_1_724' title='bbox 1490 5285 1783 5338; x_wconf 90' lang='lat' dir='ltr'>secretarii</span> <span class='ocrx_word' id='word_1_725' title='bbox 1802 5302 1864 5342; x_wconf 89' lang='lat' dir='ltr'>se</span> 
     </span>
    </p>
   </div>
   <div class='ocr_carea' id='block_1_102' title="bbox 218 5349 1862 5442">
    <p class='ocr_par' dir='ltr' id='par_1_102' title="bbox 218 5349 1862 5442">
     <span class='ocr_line' id='line_1_102' title="bbox 218 5349 1862 5442; baseline 0.016 -38"><span class='ocrx_word' id='word_1_726' title='bbox 218 5349 616 5409; x_wconf 89' lang='lat' dir='ltr'>Christianum</span> <span class='ocrx_word' id='word_1_727' title='bbox 630 5360 1118 5428; x_wconf 89' lang='lat' dir='ltr'>essetconfessus,</span> <span class='ocrx_word' id='word_1_728' title='bbox 1133 5363 1511 5424; x_wconf 90' lang='lat' dir='ltr'>intromissus</span> <span class='ocrx_word' id='word_1_729' title='bbox 1525 5372 1862 5442; x_wconf 87' lang='lat' dir='ltr'>estjubente</span> 
     </span>
    </p>
   </div>
   <div class='ocr_carea' id='block_1_103' title="bbox 216 5439 1853 5519">
    <p class='ocr_par' dir='ltr' id='par_1_103' title="bbox 216 5439 1853 5519">
     <span class='ocr_line' id='line_1_103' title="bbox 216 5439 1853 5519; baseline 0.015 -25"><span class='ocrx_word' id='word_1_730' title='bbox 216 5439 539 5498; x_wconf 88' lang='lat' dir='ltr'>Calvisiano</span> <span class='ocrx_word' id='word_1_731' title='bbox 561 5445 875 5514; x_wconf 86' lang='lat' dir='ltr'>consulari,</span> <span class='ocrx_word' id='word_1_732' title='bbox 901 5448 960 5503; x_wconf 89' lang='lat' dir='ltr'>in</span> <span class='ocrx_word' id='word_1_733' title='bbox 983 5452 1340 5511; x_wconf 91' lang='lat' dir='ltr'>auditorium</span> <span class='ocrx_word' id='word_1_734' title='bbox 1367 5473 1378 5512; x_wconf 91' lang='lat'>:</span> <span class='ocrx_word' id='word_1_735' title='bbox 1405 5461 1462 5513; x_wconf 88' lang='lat' dir='ltr'>et</span> <span class='ocrx_word' id='word_1_736' title='bbox 1481 5439 1853 5519; x_wconf 31' lang='lat' dir='ltr'>cumvibidem</span> 
     </span>
    </p>
   </div>
   <div class='ocr_carea' id='block_1_104' title="bbox 285 5620 1343 5706">
    <p class='ocr_par' dir='ltr' id='par_1_104' title="bbox 285 5620 1343 5706">
     <span class='ocr_line' id='line_1_104' title="bbox 285 5620 1343 5706; baseline 0.02 -32"><span class='ocrx_word' id='word_1_737' title='bbox 285 5620 360 5692; x_wconf 79' lang='grc' dir='ltr'>(α)</span> <span class='ocrx_word' id='word_1_738' title='bbox 390 5622 534 5682; x_wconf 72' lang='lat' dir='ltr'>Vide</span> <span class='ocrx_word' id='word_1_739' title='bbox 563 5625 1343 5706; x_wconf 47' lang='lat' dir='ltr'>BaroniumginzAnnalibus.</span> 
     </span>
    </p>
   </div>
   <div class='ocr_carea' id='block_1_105' title="bbox 2059 4705 3644 4779">
    <p class='ocr_par' dir='ltr' id='par_1_105' title="bbox 2059 4705 3644 4779">
     <span class='ocr_line' id='line_1_105' title="bbox 2059 4705 3644 4779; baseline 0.001 -18"><span class='ocrx_word' id='word_1_740' title='bbox 2059 4705 2235 4761; x_wconf 88' lang='lat' dir='ltr'><strong>XVIII</strong></span> <span class='ocrx_word' id='word_1_741' title='bbox 2259 4705 2397 4760; x_wconf 68' lang='grc' dir='ltr'>ΚΜ..</span> <span class='ocrx_word' id='word_1_742' title='bbox 2421 4709 2701 4760; x_wconf 80' lang='lat' dir='ltr'>SEPTEMB.</span> <span class='ocrx_word' id='word_1_743' title='bbox 2725 4736 2794 4745; x_wconf 89' lang='lat'><strong>—</strong></span> <span class='ocrx_word' id='word_1_744' title='bbox 2815 4705 3030 4778; x_wconf 89' lang='lat' dir='ltr'>Vigilia</span> <span class='ocrx_word' id='word_1_745' title='bbox 3049 4706 3477 4779; x_wconf 89' lang='lat' dir='ltr'>assumptionis</span> <span class='ocrx_word' id='word_1_746' title='bbox 3501 4723 3644 4762; x_wconf 80' lang='lat' dir='ltr'>san-</span> 
     </span>
    </p>
   </div>
   <div class='ocr_carea' id='block_1_106' title="bbox 1984 4793 2334 4850">
    <p class='ocr_par' dir='ltr' id='par_1_106' title="bbox 1984 4793 2334 4850">
     <span class='ocr_line' id='line_1_106' title="bbox 1984 4793 2334 4850; baseline -0.011 0"><span class='ocrx_word' id='word_1_747' title='bbox 1984 4799 2089 4850; x_wconf 64' lang='lat' dir='ltr'>ctas</span> <span class='ocrx_word' id='word_1_748' title='bbox 2124 4793 2334 4849; x_wconf 73' lang='lat' dir='ltr'>Mariae.</span> 
     </span>
    </p>
   </div>
   <div class='ocr_carea' id='block_1_107' title="bbox 2056 4881 3650 4955">
    <p class='ocr_par' dir='ltr' id='par_1_107' title="bbox 2056 4881 3650 4955">
     <span class='ocr_line' id='line_1_107' title="bbox 2056 4881 3650 4955; baseline 0.001 -16"><span class='ocrx_word' id='word_1_749' title='bbox 2056 4883 2248 4939; x_wconf 68' lang='lat' dir='ltr'>Romae</span> <span class='ocrx_word' id='word_1_750' title='bbox 2266 4881 2548 4952; x_wconf 78' lang='lat' dir='ltr'>depositio</span> <span class='ocrx_word' id='word_1_751' title='bbox 2565 4881 2989 4938; x_wconf 87' lang='lat' dir='ltr'>sanctiEusebii</span> <span class='ocrx_word' id='word_1_752' title='bbox 3007 4883 3262 4955; x_wconf 91' lang='lat' dir='ltr'>episcopi</span> <span class='ocrx_word' id='word_1_753' title='bbox 3279 4886 3336 4940; x_wconf 91' lang='lat' dir='ltr'>et</span> <span class='ocrx_word' id='word_1_754' title='bbox 3347 4883 3650 4940; x_wconf 89' lang='lat' dir='ltr'>confesso-</span> 
     </span>
    </p>
   </div>
   <div class='ocr_carea' id='block_1_108' title="bbox 1983 4971 3644 5044">
    <p class='ocr_par' dir='ltr' id='par_1_108' title="bbox 1983 4971 3644 5044">
     <span class='ocr_line' id='line_1_108' title="bbox 1983 4971 3644 5044; baseline 0.002 -17"><span class='ocrx_word' id='word_1_755' title='bbox 1983 4971 2086 5039; x_wconf 91' lang='lat' dir='ltr'>ris,</span> <span class='ocrx_word' id='word_1_756' title='bbox 2101 4972 2200 5044; x_wconf 91' lang='lat' dir='ltr'>qui</span> <span class='ocrx_word' id='word_1_757' title='bbox 2215 4975 2498 5044; x_wconf 69' lang='lat' dir='ltr'>praasente</span> <span class='ocrx_word' id='word_1_758' title='bbox 2518 4971 2855 5026; x_wconf 88' lang='lat' dir='ltr'>Constantio</span> <span class='ocrx_word' id='word_1_759' title='bbox 2878 4972 3229 5044; x_wconf 88' lang='lat' dir='ltr'>imperatore</span> <span class='ocrx_word' id='word_1_760' title='bbox 3248 4972 3484 5039; x_wconf 88' lang='lat' dir='ltr'>Ariano,</span> <span class='ocrx_word' id='word_1_761' title='bbox 3502 4990 3644 5031; x_wconf 87' lang='lat' dir='ltr'>cum</span> 
     </span>
    </p>
   </div>
   <div class='ocr_carea' id='block_1_109' title="bbox 1983 5059 3645 5136">
    <p class='ocr_par' dir='ltr' id='par_1_109' title="bbox 1983 5059 3645 5136">
     <span class='ocr_line' id='line_1_109' title="bbox 1983 5059 3645 5136; baseline 0.002 -20"><span class='ocrx_word' id='word_1_762' title='bbox 1983 5061 2155 5116; x_wconf 80' lang='lat' dir='ltr'>fidem</span> <span class='ocrx_word' id='word_1_763' title='bbox 2187 5059 2537 5115; x_wconf 90' lang='lat' dir='ltr'>catholicam</span> <span class='ocrx_word' id='word_1_764' title='bbox 2568 5061 3043 5116; x_wconf 88' lang='lat' dir='ltr'>constantissime</span> <span class='ocrx_word' id='word_1_765' title='bbox 3087 5061 3443 5130; x_wconf 87' lang='lat' dir='ltr'>defenderet,</span> <span class='ocrx_word' id='word_1_766' title='bbox 3472 5066 3529 5118; x_wconf 89' lang='lat' dir='ltr'>et</span> <span class='ocrx_word' id='word_1_767' title='bbox 3553 5064 3645 5136; x_wconf 80' lang='grc' dir='ltr'>(α)</span> 
     </span>
    </p>
   </div>
   <div class='ocr_carea' id='block_1_110' title="bbox 1979 5147 3652 5224">
    <p class='ocr_par' dir='ltr' id='par_1_110' title="bbox 1979 5147 3652 5224">
     <span class='ocr_line' id='line_1_110' title="bbox 1979 5147 3652 5224; baseline 0.002 -18"><span class='ocrx_word' id='word_1_768' title='bbox 1979 5149 2274 5206; x_wconf 90' lang='lat' dir='ltr'>Liberium</span> <span class='ocrx_word' id='word_1_769' title='bbox 2290 5147 2728 5221; x_wconf 61' lang='lat' dir='ltr'>papamArianm</span> <span class='ocrx_word' id='word_1_770' title='bbox 2743 5149 2994 5221; x_wconf 77' lang='lat' dir='ltr'>perfidiae</span> <span class='ocrx_word' id='word_1_771' title='bbox 3007 5150 3378 5206; x_wconf 88' lang='lat' dir='ltr'>consensisse</span> <span class='ocrx_word' id='word_1_772' title='bbox 3391 5149 3652 5224; x_wconf 79' lang='lat' dir='ltr'>doleret,</span> 
     </span>
    </p>
   </div>
   <div class='ocr_carea' id='block_1_111' title="bbox 1965 5237 3649 5312">
    <p class='ocr_par' dir='ltr' id='par_1_111' title="bbox 1965 5237 3649 5312">
     <span class='ocr_line' id='line_1_111' title="bbox 1965 5237 3649 5312; baseline 0.002 -20"><span class='ocrx_word' id='word_1_773' title='bbox 1965 5240 1990 5309; x_wconf 85' lang='lat' dir='ltr'>j</span> <span class='ocrx_word' id='word_1_774' title='bbox 2003 5239 2212 5295; x_wconf 86' lang='lat' dir='ltr'>ubente</span> <span class='ocrx_word' id='word_1_775' title='bbox 2225 5237 2427 5294; x_wconf 89' lang='lat' dir='ltr'>eodem</span> <span class='ocrx_word' id='word_1_776' title='bbox 2450 5237 2809 5308; x_wconf 87' lang='lat' dir='ltr'>Constantio,</span> <span class='ocrx_word' id='word_1_777' title='bbox 2835 5238 3154 5294; x_wconf 89' lang='lat' dir='ltr'>includitur</span> <span class='ocrx_word' id='word_1_778' title='bbox 3176 5239 3246 5293; x_wconf 70' lang='lat' dir='ltr'>in</span> <span class='ocrx_word' id='word_1_779' title='bbox 3259 5239 3518 5312; x_wconf 89' lang='lat' dir='ltr'>quodam</span> <span class='ocrx_word' id='word_1_780' title='bbox 3537 5256 3649 5296; x_wconf 87' lang='lat' dir='ltr'>cu-</span> 
     </span>
    </p>
   </div>
   <div class='ocr_carea' id='block_1_112' title="bbox 1973 5325 3643 5401">
    <p class='ocr_par' dir='ltr' id='par_1_112' title="bbox 1973 5325 3643 5401">
     <span class='ocr_line' id='line_1_112' title="bbox 1973 5325 3643 5401; baseline 0.001 -19"><span class='ocrx_word' id='word_1_781' title='bbox 1973 5327 2166 5384; x_wconf 92' lang='lat' dir='ltr'>biculo</span> <span class='ocrx_word' id='word_1_782' title='bbox 2194 5329 2407 5384; x_wconf 90' lang='lat' dir='ltr'>domus</span> <span class='ocrx_word' id='word_1_783' title='bbox 2435 5343 2574 5396; x_wconf 62' lang='lat' dir='ltr'>sua,</span> <span class='ocrx_word' id='word_1_784' title='bbox 2601 5325 2927 5383; x_wconf 82' lang='lat' dir='ltr'>habentein</span> <span class='ocrx_word' id='word_1_785' title='bbox 2951 5326 3261 5384; x_wconf 80' lang='lat' dir='ltr'>latitudine</span> <span class='ocrx_word' id='word_1_786' title='bbox 3285 5327 3462 5401; x_wconf 91' lang='lat' dir='ltr'>pedes</span> <span class='ocrx_word' id='word_1_787' title='bbox 3484 5345 3643 5400; x_wconf 83' lang='lat' dir='ltr'>qua-</span> 
     </span>
    </p>
   </div>
   <div class='ocr_carea' id='block_1_113' title="bbox 1968 5413 3638 5490">
    <p class='ocr_par' dir='ltr' id='par_1_113' title="bbox 1968 5413 3638 5490">
     <span class='ocr_line' id='line_1_113' title="bbox 1968 5413 3638 5490; baseline 0.002 -19"><span class='ocrx_word' id='word_1_788' title='bbox 1968 5421 2122 5483; x_wconf 92' lang='lat' dir='ltr'>tuor,</span> <span class='ocrx_word' id='word_1_789' title='bbox 2147 5415 2247 5471; x_wconf 92' lang='lat' dir='ltr'>ubi</span> <span class='ocrx_word' id='word_1_790' title='bbox 2271 5414 2475 5470; x_wconf 85' lang='lat' dir='ltr'>multis</span> <span class='ocrx_word' id='word_1_791' title='bbox 2499 5413 2708 5470; x_wconf 89' lang='lat' dir='ltr'>diebus</span> <span class='ocrx_word' id='word_1_792' title='bbox 2730 5414 2786 5470; x_wconf 88' lang='lat' dir='ltr'>in</span> <span class='ocrx_word' id='word_1_793' title='bbox 2826 5417 3088 5472; x_wconf 88' lang='lat' dir='ltr'>oratione</span> <span class='ocrx_word' id='word_1_794' title='bbox 3115 5420 3454 5473; x_wconf 88' lang='lat' dir='ltr'>constanter</span> <span class='ocrx_word' id='word_1_795' title='bbox 3498 5435 3638 5490; x_wconf 81' lang='lat' dir='ltr'>per-</span> 
     </span>
    </p>
   </div>
   <div class='ocr_carea' id='block_1_114' title="bbox 1969 5505 3639 5579">
    <p class='ocr_par' dir='ltr' id='par_1_114' title="bbox 1969 5505 3639 5579">
     <span class='ocr_line' id='line_1_114' title="bbox 1969 5505 3639 5579; baseline 0.002 -19"><span class='ocrx_word' id='word_1_796' title='bbox 1969 5505 2269 5573; x_wconf 90' lang='lat' dir='ltr'>severavit,</span> <span class='ocrx_word' id='word_1_797' title='bbox 2298 5521 2363 5560; x_wconf 90' lang='lat' dir='ltr'>ac</span> <span class='ocrx_word' id='word_1_798' title='bbox 2385 5507 2515 5576; x_wconf 87' lang='lat' dir='ltr'>post</span> <span class='ocrx_word' id='word_1_799' title='bbox 2534 5519 2767 5560; x_wconf 88' lang='lat' dir='ltr'>menses</span> <span class='ocrx_word' id='word_1_800' title='bbox 2779 5510 3004 5579; x_wconf 89' lang='lat' dir='ltr'>septem</span> <span class='ocrx_word' id='word_1_801' title='bbox 3021 5505 3213 5563; x_wconf 87' lang='lat' dir='ltr'>adhuc</span> <span class='ocrx_word' id='word_1_802' title='bbox 3226 5511 3422 5566; x_wconf 88' lang='lat' dir='ltr'>tamen</span> <span class='ocrx_word' id='word_1_803' title='bbox 3441 5506 3639 5564; x_wconf 88' lang='lat' dir='ltr'>inclu-</span> 
     </span>
    </p>
   </div>
  </div>
