4012 6198
273 331 422 399 H4!

1281 323 2022 399 ~MARTYROLOGIUM.
2052 358 2132 382 -
2160 333 2397 399 MENS.
2443 333 2626 400 AUG.

3512 322 3670 394 1149

271 487 395 538 sus,
421 469 645 528 decimo
667 467 953 528 Kalendas
979 469 1303 544 Sptembris
1326 469 1735 526 dormitionem
1759 483 1910 524 acce-
1937 465 1992 531 A
2021 468 2182 532 Quod
2214 470 2387 525 etiam
2419 486 2606 541 usque
2635 468 2707 524 ad
2739 467 2858 524 haec
2886 467 3381 525 Nortmannorum
3401 469 3672 542 tempore

272 561 376 634 pit.
410 562 590 631 Cujus
620 578 830 632 corpus
862 561 1221 632 collegerunt
1250 559 1561 631 Gregorius
1593 562 1649 613 et
1675 557 1914 613 Orosius

268 649 615 721 presbyteri,
647 657 703 704 et
733 650 1088 722 sepelierunt
1135 650 1193 704 in
1255 655 1455 721 crypta
1505 650 1672 719 juxta
1704 665 1914 719 corpus

269 736 422 792 beati
445 738 591 792 Sixti
612 738 864 810 episcopi
886 738 1252 809 etmartyris,
1280 738 1372 793 via
1403 737 1677 809 Appia,in
1711 752 1916 792 caeme-

268 825 412 880 terio
439 825 683 892 Callixti,
719 827 816 880 ubi
845 831 900 882 et
929 826 1166 881 titulum
1201 829 1327 897 ejus
1357 827 1912 896 scribentes,posue-

270 918 406 968 runt
436 914 550 968 ita:
583 915 813 970 Eusebio
853 915 1071 970 homini
1099 918 1214 970 Dei.
1250 915 1510 970 Audiens
1540 915 1916 970 Constantius

269 1002 420 1073 quod
445 1003 758 1074 Gregorius
780 1008 835 1059 et
852 1004 1090 1059 Orosius
1108 1005 1509 1075 sepelivissent
1528 1021 1739 1075 corpus
1762 1003 1914 1058 beati

268 1091 499 1147 Eusebii
533 1092 587 1144 in
622 1093 824 1146 eadem
852 1098 1053 1163 crypta
1085 1094 1183 1147 ubi
1211 1093 1355 1148 illud
1390 1093 1748 1158 condiderat,
1775 1109 1915 1163 prae-

267 1178 415 1250 cepit
443 1179 637 1234 vivum
668 1180 887 1234 includi
919 1182 1256 1253 Gregorium
1286 1199 1298 1238 :
1337 1198 1509 1253 quem
1571 1180 1912 1236 semivivum

269 1272 440 1323 noctu
464 1268 702 1324 Orosius
728 1269 1026 1340 presbyter
1049 1270 1271 1341 excepit
1302 1271 1456 1334 inde,
1480 1275 1536 1324 et
1561 1275 1690 1341 post
1712 1269 1915 1341 paulu-

263 1357 384 1411 lum
416 1358 756 1413 defunctum
780 1360 950 1427 juxta
972 1375 1182 1428 corpus
1216 1359 1402 1414 sancti
1421 1359 1652 1413 Eusebii
1674 1359 1912 1430 presby-

265 1446 370 1500 teri
391 1447 671 1517 sepelivit.
707 1449 992 1518 Factaque
1023 1452 1111 1502 est
1139 1447 1486 1518 gravissima
1508 1448 1829 1519 persecutio
1853 1447 1910 1501 in

263 1534 548 1590 catholica
566 1535 818 1591 Ecclesia
837 1537 907 1590 ab
923 1535 1176 1601 Arianis,
1211 1537 1409 1592 sedem
1435 1536 1816 1608 apostolicam
1837 1540 1913 1591 te-

263 1627 435 1678 nente
467 1627 604 1678 tunc
637 1624 880 1679 Liberio.

335 1729 611 1784 Mendara
639 1729 810 1801 Syriae
843 1729 1054 1785 natalis
1086 1730 1269 1785 saucii
1304 1732 1625 1786 Fortunati.

333 1819 393 1873 In
427 1818 620 1873 Africa
649 1819 948 1874 Demetrii.

332 1906 482 1961 Alibi
513 1907 797 1980 Eutychii,
831 1909 1015 1974 Pauli,
1049 1908 1232 1963 Eracli
1258 1910 1575 1982 [Heraclii],
1605 1915 1913 1966 Possesso-

262 1994 362 2062 ris,
398 1997 614 2062 Parmi,
664 1997 875 2062 Dissei,
911 1997 1152 2067 Hermae,
1185 1997 1533 2069 Prospolini,
1565 1999 1907 2084 Prosalami,

262 2083 526 2140 Hermia.

331 2173 472 2228 Item
505 2172 751 2229 Heraclii
783 2189 915 2227 cum
949 2173 1159 2229 tribus.

327 2262 392 2316 In
419 2261 684 2331 Aquileia
701 2261 912 2318 natalis
937 2267 1274 2318 sanctorum
1302 2263 1527 2331 Felicis,
1559 2265 1905 2333 Fortunatae,

255 2349 596 2406 Vincentiaa.

327 2441 470 2496 Item
503 2439 642 2496 alibi
677 2441 925 2496 Eusebii.
961 2441 1139 2496 Tituli
1172 2443 1511 2499 conditoris.

328 2546 473 2602 XVII
506 2547 642 2602 KAL.
677 2547 958 2602 SEP’I‘LMB.
992 2579 1060 2588 —-
1107 2549 1442 2620 Assumptio
1501 2551 1681 2606 beatis
1711 2551 1903 2608 Maria;

255 2635 555 2708 genitricis
585 2636 704 2690 Dei.
741 2641 850 2690 Pro
881 2653 994 2707 quo
1027 2638 1262 2692 nomine
1293 2655 1425 2693 cum
1475 2639 1532 2694 in
1565 2645 1902 2698 caaterorum

255 2729 590 2780 sanctorum
617 2725 889 2790 transitu,
914 2726 1199 2797 depositio
1221 2727 1308 2782 vel
1333 2729 1904 2796 dormitio,autcerte

255 2812 445 2868 natale
475 2812 587 2868 dici
621 2813 823 2879 soleat,
858 2815 954 2885 qui
983 2816 1328 2871 venerabilis
1390 2818 1556 2872 Pater
1594 2819 1900 2891 Gregorius

251 2901 577 2957 Turonicus
597 2903 906 2974 episcopus
930 2905 988 2958 in
1005 2904 1154 2959 libro
1175 2906 1587 2962 Miraculorum
1607 2910 1675 2962 de
1697 2912 1899 2966 eadem

253 2991 656 3060 assumptione
691 2992 924 3060 sentiat,
958 2991 1100 3047 libet
1129 2993 1200 3048 ad
1239 2994 1550 3050 utilitatem
1581 2997 1899 3067 legentium

251 3079 762 3133 commemorando
796 3080 1051 3149 proferre
1087 3105 1101 3136 :
1138 3101 1163 3132 (ι
1194 3081 1330 3135 Post
1355 3084 1756 3139 admirabilem
1791 3087 1896 3157 igi-

250 3174 349 3220 tur
370 3165 678 3221 Dominicae
712 3167 1071 3221 ascensionis
1130 3168 1398 3238 gloriam,
1460 3188 1608 3240 quae,
1652 3175 1899 3230 contrito
1931 3197 1973 3262 ρ

251 3253 550 3310 diabolicae
581 3253 965 3325 malignitatis
997 3255 1204 3326 capite,
1239 3261 1464 3312 mentes
1514 3259 1777 3315 fidelium
1824 3263 1894 3316 ad

251 3342 701 3414 contemplanda
732 3342 984 3399 caelestia
1006 3345 1496 3411 animavit,sancti
1519 3350 1764 3419 apostoli
1795 3355 1897 3406 Do-

251 3432 396 3487 mini
425 3436 481 3486 et
509 3431 824 3491 Salvatoris
857 3434 1040 3487 nostri
1101 3450 1230 3488 cum
1286 3435 1454 3490 beata
1501 3436 1683 3492 Maria
1713 3444 1896 3496 matre

239 3521 456 3591 ejus,in
476 3537 656 3576 unam
689 3523 1021 3594 congregati
1052 3524 1315 3589 domum,
1376 3527 1572 3582 omnia
1604 3529 1897 3599 ponebant

247 3610 309 3665 in
344 3611 624 3678 medium,
651 3627 755 3666 nec
777 3612 1099 3683 quidquam
1133 3630 1309 3668 suum
1342 3631 1468 3670 esse
1497 3616 1712 3687 aliquis
1743 3618 1896 3674 dice-

243 3701 471 3768 bat,sed
492 3700 900 3771 unusquisque
913 3706 1128 3756 cuncta
1145 3703 1481 3773 possidebat
1511 3705 1570 3760 in
1594 3707 1893 3778 charitate,

247 3788 398 3844 sicut
427 3805 588 3845 sacer
618 3789 945 3859 apostolicae
982 3791 1230 3846 actionis
1261 3799 1493 3848 enarrat
1523 3795 1728 3867 stylus.
1763 3798 1899 3853 Post

244 3877 368 3931 haec
387 3878 636 3948 dispersi
659 3882 912 3950 suntper
925 3879 1080 3948 regio
1095 3881 1464 3937 nesdiversas
1487 3885 1557 3938 ad
1579 3885 1895 3955 praedicari-

243 3967 386 4020 dum
408 3966 650 4020 verbum
672 3966 1056 4038 Dei.Denique
1073 3968 1309 4040 impleto
1332 3971 1498 4026 beata
1517 3973 1698 4028 Maria
1720 3975 1897 4046 hujus

242 4054 370 4109 vitae
394 4072 592 4119 cursu,
626 4072 757 4110 cum
784 4056 908 4124 jam
930 4063 1228 4110 vocaretur
1249 4074 1278 4111 e
1301 4059 1535 4124 saeculo,
1563 4065 1896 4135 congregati

245 4147 601 4199 suntomnes
614 4144 943 4214 apostolide
958 4145 1206 4216 singulis
1220 4147 1555 4218 regionibus
1569 4151 1635 4204 ad
1653 4153 1895 4207 domum

245 4234 394 4303 ejus.
428 4237 690 4303 Cumque
720 4233 1024 4288 audissent
1053 4234 1190 4305 quia
1220 4241 1374 4291 esset
1428 4241 1785 4295 assumenda
1827 4243 1897 4297 de

245 4323 491 4391 mundo,
524 4321 848 4393 vigilabant
869 4339 1001 4377 cum
1025 4340 1091 4378 ea
1121 4324 1319 4380 simul.
1356 4326 1422 4379 Et
1453 4343 1583 4383 ecce
1614 4329 1898 4386 Dominus

242 4410 417 4467 .Iesus
447 4411 680 4465 advenit
697 4427 830 4465 cum
853 4413 1074 4481 angelis
1093 4413 1301 4480 suis,et
1331 4415 1620 4486 accipiens
1639 4418 1894 4475 animam

243 4499 392 4569 ejus,
427 4499 666 4554 tradidit
695 4499 1044 4571 archangelo
1077 4501 1340 4557 Michaeli
1375 4508 1429 4558 et
1460 4507 1720 4561 recessit.
1741 4507 1896 4563 Dilu~

2016 559 2235 628 jugiter
2264 559 2486 613 actitari
2518 559 2762 614 solebat.
2798 558 2910 613 Sed
2938 574 3008 613 ne
3039 558 3193 614 idem
3247 557 3566 615 catholicus
3611 563 3672 618 et

2022 647 2370 702 venerabilis
2405 652 2571 702 Pater
2601 653 2802 702 contra
2831 647 3176 718 Apostolum
3209 647 3465 702 sensisse
3485 648 3673 706 videa-

2024 740 2140 801 tur,
2173 735 2269 790 ubi
2299 735 2377 790 ait
2402 753 2413 789 :
2452 737 2692 791 Christus
2715 737 3021 792 resurrexit
3049 755 3084 791 α
3111 738 3364 804 mortuis,
3403 737 3676 808 primitiz

2026 824 2440 880 dormientium.
2475 827 2747 892 Quoniam
2778 825 2925 880 enim
2949 841 3050 896 per
3097 825 3373 881 hominem
3418 842 3584 893 mors,
3624 835 3678 884 et

2023 929 2120 983 per
2139 914 2413 968 hominem
2434 917 2757 969 resurrectio
2781 922 3140 970 mortuorum.
3171 917 3236 969 Et
3262 915 3402 968 sicut
3423 915 3483 969 in
3507 914 3679 971 Adam

2024 1018 2208 1057 omnes
2238 1003 2569 1069 moriuntur,
2615 1005 2694 1056 ita
2742 1008 2794 1058 et
2853 1006 2913 1057 in
2971 1004 3181 1058 Christo
3228 1018 3411 1058 omnes
3428 1003 3678 1073 viviﬁca-

2027 1090 2244 1160 buntur,
2277 1092 2647 1162 u-nusquisque
2677 1095 2860 1146 autem
2905 1093 2964 1145 in
3005 1107 3101 1146 suo
3155 1091 3364 1156 ordine,
3407 1092 3681 1161 primitiae

2027 1180 2291 1245 Christus,
2323 1179 2516 1234 deinde
2547 1182 2607 1234 hi
2636 1181 2733 1250 qui
2752 1188 2879 1234 sunt
2931 1179 3139 1234 Christi
3169 1181 3228 1234 in
3280 1178 3516 1235 adventu
3557 1181 3679 1251 ejus

2025 1270 2074 1340 (I
2105 1270 2225 1324 Cor.
2259 1270 2372 1339 xv).
2405 1270 2719 1323 Sciendum
2773 1269 2912 1330 quia
2957 1268 3046 1322 vel
3105 1269 3226 1324 haec
3285 1267 3556 1340 specialis
3583 1286 3676 1326 as-

2024 1358 2280 1429 sumptio
2314 1357 2572 1430 corporis
2604 1359 2944 1413 venerandae
2975 1357 3275 1429 genitricis
3305 1357 3405 1413 Dei
3457 1357 3674 1426 Maria,

2021 1447 2109 1502 vel
2134 1463 2334 1501 eorum
2362 1447 2462 1518 qui
2488 1464 2621 1501 cum
2647 1447 2888 1502 Domino
2921 1447 3245 1502 surrexisse
3291 1446 3586 1518 leguntur,
3619 1451 3677 1502 et

2024 1537 2082 1590 in
2114 1535 2326 1590 coelum
2357 1537 2692 1591 ascendisse
2723 1537 3062 1602 creduntur,
3081 1534 3463 1606 apostolicam
3485 1536 3678 1592 auclo-

2024 1625 2254 1679 ritatem
2275 1625 2463 1696 magis
2485 1625 2767 1695 adjuvant
2792 1623 3353 1696 quamimpugnant.
3387 1625 3674 1689 Quoniam

2024 1717 2079 1769 et
2097 1731 2309 1785 corpus
2329 1713 2469 1768 illud
2483 1755 2495 1778 ,
2515 1714 2583 1768 de
2604 1731 2718 1785 quo
2737 1713 2891 1769 Deus
2914 1713 3273 1784 incorporari
3295 1711 3677 1778 voluit,citius

1944 1830 1990 1894 B
2025 1803 2084 1858 in
2115 1802 2320 1857 coelum
2344 1802 2636 1858 sublevari
2668 1803 2882 1868 decuit,
2915 1807 2970 1857 et
2991 1801 3122 1857 illos
3143 1817 3287 1857 versa
3309 1803 3680 1859 resurrectio-

2025 1891 2114 1946 nis
2150 1895 2208 1947 et
2240 1891 2601 1948 ascensionis
2633 1895 2844 1947 nostrae
2869 1893 3046 1945 testes
3067 1888 3325 1960 praeisse,
3354 1889 3556 1962 procul
3579 1891 3682 1946 du-

2023 1981 2118 2035 bio
2142 1984 2396 2036 constat.
2430 1985 2509 2034 De
2537 1981 2754 2051 quibus
2785 1979 2924 2050 quia
2953 1976 3277 2032 doctissimi
3337 1982 3680 2037 tractatores

2020 2070 2294 2126 videntur
2325 2071 2478 2125 inter
2509 2085 2570 2125 se
2600 2069 2903 2134 dissidere,
2937 2084 3053 2122 non
3085 2069 3173 2122 est
3229 2082 3428 2122 meum
3461 2066 3523 2122 in
3556 2071 3677 2124 tam

2019 2160 2178 2215 brevi
2201 2159 2484 2232 opusculo
2509 2158 2772 2214 definire.
2806 2159 2922 2212 Iloc
2951 2160 3148 2211 tamen
3180 2154 3506 2210 certissime
3539 2171 3676 2213 cum

2020 2248 2331 2304 universali
2364 2248 2620 2304 Ecclesia
2649 2251 2705 2302 et
2734 2247 3028 2303 credimus
3061 2249 3118 2300 et
3149 2243 3676 2315 conﬁtemur,quia

2017 2336 2065 2390 si
2100 2337 2651 2393 reverendissimum
2670 2336 2812 2392 illud
2835 2351 3044 2406 corpus
3067 2350 3135 2389 ex
3157 2350 3270 2406 quo
3297 2333 3451 2390 Deus
3476 2337 3564 2390 est
3589 2333 3675 2389 in-

2017 2430 2312 2496 carnatus,
2348 2426 2539 2481 adhuc
2571 2425 2786 2481 alicubi
2821 2425 2880 2480 in
2913 2428 3068 2479 terra
3097 2421 3346 2490 celatur,
3399 2422 3671 2480 revelatio

2018 2515 2219 2586 utique
2251 2515 2437 2586 ipsius
2471 2517 2542 2571 ad
2574 2514 3032 2571 destructionem
3087 2511 3433 2570 Antichristi
3485 2527 3671 2569 reser-

2013 2608 2198 2659 vatur.

2085 2693 2299 2748 Eodem
2324 2693 2415 2748 die
2437 2693 2496 2747 in
2519 2692 2857 2748 Nicomedia
2869 2691 3141 2747 nativitas
3156 2693 3493 2746 sanctorum
3511 2689 3672 2747 Stra-

2011 2782 2190 2849 tonis,
2223 2781 2472 2854 Philippi
2504 2787 2560 2837 et
2591 2779 2954 2852 Eutychiani,
2990 2795 3125 2834 cum
3157 2777 3330 2834 sociis
3355 2793 3584 2836 eorum.

2085 2872 2278 2926 Romae
2309 2871 2494 2925 sancti
2544 2869 2832 2925 Tharsicii
2879 2868 3174 2940 martyris.
3235 2867 3417 2932 Quem
3447 2868 3666 2940 pagani

2013 2976 2146 3014 cum
2168 2959 2526 3015 invenissent
2547 2959 2759 3014 Christi
2775 2957 3033 3029 corporis
3047 2960 3414 3012 sacramenta
3431 2961 3665 3028 portan-

2011 3054 2150 3114 tem,
2185 3053 2487 3120 coeperunt
2516 3049 2806 3104 discutere
2838 3046 2976 3118 quid
3009 3049 3205 3118 ageret
3234 3048 3291 3100 et
3322 3043 3463 3116 quid
3493 3060 3664 3117 gere-

2013 3141 2116 3192 ret.
2135 3139 2208 3191 At
2223 3137 2654 3207 ille,indignum
2674 3136 2948 3206 judicans
2966 3135 3156 3206 porcis
3169 3134 3412 3206 prodere
3431 3149 3662 3207 marga-

2013 3225 2175 3289 ritas,
2210 3224 2413 3278 tandiu
2449 3224 2704 3277 fustibus
2730 3240 2796 3278 ac
2827 3222 3123 3293 lapidibus
3178 3236 3362 3276 caesus
3403 3225 3513 3290 est,
3546 3236 3663 3290 quo

2009 3329 2195 3382 usque
2226 3311 2500 3383 spiritum
2530 3309 2843 3364 exhalaret.
2877 3310 2946 3364 Et
2975 3307 3237 3363 revoluto
3265 3307 3395 3376 ejus
3423 3322 3662 3378 corpore

2008 3399 2275 3472 sacrilegi
2306 3399 2673 3454 discussores
2705 3395 2852 3452 nihil
2883 3399 3200 3467 potuerunt
3229 3395 3288 3449 in
3320 3395 3448 3465 ejus
3471 3395 3658 3451 mani-

2005 3490 2118 3544 bus
2136 3485 2888 3557 vestimentisqueinvenire
2901 3487 3402 3540 sacramentorum
3420 3483 3656 3541 Christi.

2007 3577 2320 3634 Christiani
2345 3581 2540 3632 autem
2565 3574 2926 3647 collegerunt
2947 3590 3158 3646 corpus
3182 3574 3331 3644 ejus,
3363 3576 3420 3629 et
3449 3571 3660 3646 sepeli-

2014 3671 2221 3723 verunt
2251 3668 2307 3721 in
2341 3665 2671 3721 coemeterio
2701 3663 2922 3720 Callixti
2943 3663 3037 3718 via
3060 3661 3266 3734 Appia.

2079 3774 2228 3829 XVII
2256 3774 2669 3828 KALSBPTEMB.
2689 3802 2757 3813 —-
2776 3777 2837 3826 In
2859 3771 3048 3826 Nicaea
3083 3768 3360 3841 Bithynis
3392 3766 3666 3825 nativitas

2009 3864 2194 3920 sancti
2232 3863 2439 3919 Ursatii
2475 3862 2824 3917 confessoris
2858 3863 2967 3915 sub
3025 3857 3242 3914 Licinio
3276 3862 3664 3929 persecutore.

2011 3954 2116 4017 Qui
2144 3949 2592 4014 deinde,relicta
2612 3949 2841 4014 militia,
2873 3947 3200 4004 solitariam
3230 3946 3410 4002 vitam
3439 3946 3498 4001 in
3520 3961 3667 4015 qua-

2009 4043 2143 4096 dam
2177 4046 2336 4095 turre
2367 4040 2617 4110 praefatae
2651 4038 2812 4093 urbis
2841 4038 2980 4110 egit,
3016 4035 3316 4106 tantisque
3348 4034 3664 4091 virtutibus

2009 4129 2238 4195 claruit,
2263 4134 2327 4183 ut
2351 4134 2408 4182 et
2439 4129 2732 4182 daemones
2762 4125 3054 4196 expulisse
3082 4129 3138 4180 et
3196 4124 3496 4196 ingentem
3537 4123 3668 4179 dra-

2009 4235 2211 4274 conem
2239 4219 2458 4273 orando
2483 4216 2846 4271 interemisse
2867 4215 3416 4287 legatur.Scriptum
3437 4213 3496 4267 in
3519 4211 3670 4266 libro

2009 4307 2212 4379 quinto
2246 4306 2509 4362 Historiae
2545 4305 2948 4361 ecclesiasticas
2979 4302 3328 4374 Tripartitaa.

2080 4397 2274 4452 Romae
2306 4399 2520 4451 sanctas
2541 4394 2768 4450 Serenae
2786 4392 2985 4447 uxoris
3004 4391 3299 4462 quondam
3331 4386 3670 4460 Diocletiani

2009 4485 2282 4558 Augusti.

247 4564 384 4642 cvulo
410 4591 607 4642 autem
639 4564 975 4643 levaveruth
1005 4590 1251 4660 apostoli
1284 4608 1494 4663 corpus
1524 4595 1670 4664 ejus:
1699 4612 1902 4666 posue,
1931 4566 1978 4630 D
2018 4663 2027 4666 Δ
2066 4577 2144 4666 In
2171 4573 2517 4666 Alexandria
2536 4571 2809 4626 nativitas
2827 4573 3167 4625 sanctorum
3200 4565 3452 4634 Orionis,
3483 4564 3674 4622 xEmi-

247 4679 504 4748 runtque
536 4675 681 4731 illud
714 4677 774 4731 in
804 4683 1208 4749 monumento,
1255 4683 1311 4734 et
1341 4681 1763 4751 custodiebant,
1797 4686 1904 4740 ad-

241 4769 483 4820 ventum
515 4765 747 4820 Domini
783 4766 1203 4836 praestolantes.
1238 4769 1306 4823 Et
1336 4771 1696 4828 ecceiterum
1717 4775 1904 4830 astitit

250 4855 334 4908 eis
392 4853 699 4923 Dominus,
753 4859 1208 4928 susceptumque
1267 4874 1478 4930 corpus
1535 4866 1802 4918 sanctum
1844 4863 1902 4918 in

246 4942 423 5008 nube,
449 4943 659 4998 deferri
685 4944 868 5013 jussit
899 4944 955 4998 in
978 4944 1338 5016 paradisum.
1368 4947 1472 5002 Ubi
1498 4966 1654 5005 nunc
1677 4966 1901 5007 resum-

248 5035 350 5103 pta
377 5031 594 5096 anima,
630 5048 763 5087 cum
797 5033 997 5088 electis
1028 5035 1156 5104 ejus
1187 5036 1509 5103 exsultans,
1565 5040 1903 5096 zeternitatis

242 5121 420 5186 bono,
457 5120 618 5176 nullo
650 5137 935 5176 occasura
965 5122 1098 5187 ﬁne,
1135 5124 1477 5193 perfruitur.
1515 5149 1541 5173 ››
1569 5128 1686 5181 lluc
1718 5145 1905 5199 usque

250 5210 587 5282 Gregorius.
622 5210 784 5272 Quod
805 5210 853 5265 si
873 5227 1043 5280 quem
1072 5215 1570 5282 movetquomodo
1589 5215 1740 5270 idem
1767 5217 1904 5272 Gre-

247 5299 468 5370 gorius,
505 5299 560 5352 in
594 5298 815 5353 Occasu
849 5298 990 5352 solis
1022 5299 1271 5368 positus,
1306 5318 1372 5356 ea
1404 5320 1530 5373 quae
1585 5305 1640 5358 in
1675 5305 1906 5362 Oriente

246 5392 390 5443 sunt
418 5391 583 5458 gesta
612 5386 988 5458 compererit,
1022 5403 1088 5441 ex
1119 5387 1250 5441 aliis
1283 5392 1408 5459 ejus
1459 5393 1694 5464 scriptis
1727 5412 1902 5467 agno-

251 5479 378 5530 scat
408 5474 548 5543 quia
574 5475 645 5528 de
676 5479 794 5529 toto
822 5475 959 5529 orbe
992 5476 1060 5528 ad
1083 5481 1350 5532 sanctum
1385 5481 1719 5548 Martinum,
1755 5485 1909 5538 sicut

254 5564 328 5620 ad
360 5559 761 5633 philosophos,
794 5565 1266 5630 concurrebatur,
1287 5568 1428 5622 etde
1451 5568 1720 5627 Occiduis
1743 5589 1909 5627 mun-

257 5657 318 5714 di
351 5650 619 5724 partibus
651 5650 777 5707 loca
809 5656 1010 5707 sancta
1042 5653 1097 5708 in
1129 5652 1334 5712 Judaea
1368 5657 1905 5730 frequentabantur.

2015 4663 2097 4734 lii,
2130 4663 2358 4733 Agnati.

2088 4755 2149 4807 In
2179 4750 2423 4807 Verside
2455 4749 2665 4822 Thyrsi
2698 4764 2834 4804 cum
2866 4747 3042 4802 sociis
3088 4745 3234 4802 suis.

2087 4859 2205 4914 XVI
2243 4859 2359 4914 KAL
2388 4857 2673 4912 Sep-rma.
2731 4884 2800 4895 --
2858 4859 2922 4908 In
2981 4857 3242 4909 Caesarea
3300 4849 3674 4923 Cappadocia!

2015 4949 2289 5003 nativitas
2323 4946 2511 5003 sancti
2545 4946 2810 5000 Mammas
2842 4944 2960 4998 sive
2991 4940 3340 4997 Mammetis.
3374 4939 3482 5004 Qui
3523 4943 3671 4994 tem-

2015 5038 2258 5109 poribus
2280 5034 2574 5091 Aureliani
2599 5033 2852 5105 tyranni,
2886 5032 3119 5103 quando
3145 5028 3469 5102 persecutio
3490 5027 3672 5083 maxi-

2016 5143 2112 5180 ma
2145 5125 2251 5180 fuit
2280 5123 2647 5188 Christianis,
2683 5138 2815 5176 cum
2852 5137 2996 5192 puer
3051 5123 3205 5175 esset
3245 5119 3445 5173 decem
3485 5131 3668 5172 anno-

2017 5233 2168 5281 rum,
2205 5214 2421 5270 relictis
2448 5211 2743 5280 omnibus,
2779 5211 2928 5282 fugit
2957 5209 3015 5264 in
3048 5213 3306 5264 montem
3331 5221 3466 5261 cum
3498 5219 3668 5276 peco-

2018 5305 2179 5359 ribus
2211 5303 2353 5369 suis,
2379 5319 2504 5372 quae
2536 5301 2752 5354 ibidem
2787 5299 3060 5370 pascebat
3089 5303 3147 5352 et
3174 5311 3376 5353 eorum
3397 5293 3543 5349 lacte
3574 5309 3669 5350 ve-

2019 5394 2305 5448 scebatur.
2339 5388 2712 5447 Ubivisitatio
2739 5388 2935 5441 divina
2958 5403 3136 5458 super
3166 5386 3334 5440 illum
3375 5381 3550 5451 venit,
3583 5381 3669 5437 ei-

2019 5500 2129 5553 que
2152 5482 2517 5553 prazsignavit
2538 5477 2786 5550 qualiter
2810 5494 2913 5548 pro
2936 5477 3147 5532 Christi
3171 5473 3407 5531 nomine
3429 5469 3550 5543 pati
3570 5471 3670 5527 de-

2018 5573 2196 5626 beret.
2222 5575 2364 5625 Cum
2388 5585 2522 5640 ergo
2555 5567 2685 5621 ferae
2736 5564 3033 5620 silvestres
3086 5565 3158 5619 ad
3217 5578 3353 5618 eum
3381 5559 3668 5628 venirent,

2018 5661 2260 5732 ipseque
2290 5660 2500 5715 sedens
2533 5655 2793 5728 quotidie
2823 5653 3197 5726 Evangelium
3229 5652 3466 5726 legeret,
3500 5665 3672 5708 man-
