4012 6198
327 317 488 390 H13

1204 328 1274 393 B.
1322 327 1672 395 NOTKERI
1709 323 2050 393 BALBULI
2091 321 2156 389 S.
2205 325 2432 391 GALLI
2476 321 2832 395 MONA-CHI

3577 323 3748 392 ﬂ“

328 461 664 519 suctissime
693 460 846 520 circa
869 477 1004 520 eum
1034 466 1436 532 versabantur,
1470 481 1790 538 earumque
1820 465 1970 521 lacte
1999 463 2053 529 Α
2083 460 2163 515 ni.
2197 462 2308 518 Sed
2339 479 2474 520 cum
2505 465 2722 537 gratias
2745 469 2860 521 Deo
2880 465 3104 536 martyr
3121 466 3333 535 ageret,
3368 460 3630 536 ﬂagellis
3652 466 3741 520 est

327 563 530 608 servus
562 552 656 606 Dei
689 558 745 608 et
773 569 834 609 se
864 558 921 609 et
950 553 1095 610 alios
1122 554 1477 626 pauperesin
1502 555 1794 610 alimoniis
1808 556 1972 626 juva-

327 642 448 697 bat.
481 643 624 698 Cum
656 643 917 698 audisset
946 643 1054 699 hoc
1084 643 1406 700 Alexander
1438 660 1649 716 praeses
1666 660 1798 699 eum
1820 644 1973 698 inter

329 729 482 785 feras
510 733 900 788 communiter
913 733 1119 804 vivere,
1145 734 1381 806 magicae
1405 733 1513 790 arti
1557 732 1702 788 illud
1727 734 1970 805 deputa-

326 819 448 874 fit:
481 823 871 892 vocatumque
902 823 971 876 ad
1005 839 1064 877 se
1086 822 1284 877 multis
1303 822 1608 877 tormentis
1631 821 1970 885 afﬁixit,hoc

326 911 416 963 est
433 908 682 978 equuleo
703 921 1059 981 suspensum
1082 912 1271 973 torsit,
1305 917 1361 966 et
1391 912 1447 965 in
1481 911 1777 966 caminum
1818 911 1972 983 ignis

323 997 624 1052 ardentem
651 998 828 1066 misit,
859 1000 957 1054 sed
993 1001 1051 1054 in
1092 1000 1251 1055 nullo
1277 1017 1409 1055 eum
1442 999 1596 1070 ignis
1632 998 1835 1055 laedere
1866 1016 1972 1072 po-

321 1084 454 1140 tuit.
479 1088 912 1158 Posteajusssit
940 1105 1074 1144 eum
1099 1088 1366 1160 lapidari,
1383 1088 1441 1143 in
1464 1093 1716 1154 tantum,
1741 1093 1806 1144 ut
1829 1104 1973 1160 pene

322 1169 510 1230 totum
524 1191 736 1248 corpus
752 1177 909 1235 illius
928 1178 1220 1250 lapidibus
1237 1178 1769 1248 operiretur.Quem
1786 1194 1975 1250 perse-

319 1267 489 1320 cutor
509 1270 806 1321 mortuum
829 1266 1356 1338 credens,secessit.
1381 1266 1492 1321 Sed
1519 1267 1976 1333 Dominus,mar-

320 1356 508 1426 tyr‘em
541 1371 714 1410 suum
747 1353 994 1411 illaesum
1027 1371 1288 1423 servans,
1327 1361 1526 1427 postea
1548 1371 1655 1411 sua
1676 1356 1975 1412 vocatione

324 1443 392 1498 ad
428 1441 685 1500 coelestia
717 1459 894 1517 regna
925 1461 1056 1500 eum
1091 1443 1435 1511 arcessivit;
1489 1445 1689 1516 sicque
1745 1445 1804 1499 in
1837 1461 1976 1516 pace

324 1529 581 1586 animam
615 1533 886 1599 reddens,
918 1533 988 1586 ad
1019 1536 1296 1587 aeternam
1324 1532 1585 1604 requiem
1612 1530 1900 1603 migravit.

395 1635 461 1693 ln
491 1637 678 1693 Africa
709 1641 1045 1693 sanctorum
1079 1642 1408 1711 martyrum
1444 1639 1690 1693 liibcrati
1723 1639 1972 1707 abbatis,

324 1723 602 1781 Bonifacii
627 1726 1063 1792 diaconi,Servii
1091 1728 1298 1799 [Servi]
1331 1733 1388 1783 et
1420 1723 1642 1783 Rustici
1667 1728 1976 1783 subdiaco-

323 1827 556 1886 norum,
581 1815 785 1888 Rogati
809 1819 865 1870 et
884 1817 1186 1888 Septimini
1215 1815 1524 1888 [Septimi],
1553 1817 1975 1872 monachorum
2007 1837 2053 1902 Β

321 1905 377 1960 et
395 1903 628 1960 Maximi
652 1904 837 1977 pueri.
866 1905 972 1971 Qui
1007 1905 1406 1976 persecutione
1443 1906 1970 1977 Wandalica,ju’ssu

321 1993 714 2050 crudelissimi
737 1997 913 2066 atque
938 1994 1272 2066 impiissimi
1297 1995 1450 2067 regis
1472 1995 1696 2062 Henrici
1717 1997 1974 2066 [llunne-

320 2081 450 2156 rici]
478 2081 549 2139 dc
581 2083 866 2139 territorio
897 2083 1205 2156 Caspensis
1238 2083 1507 2152 civitatis,
1541 2098 1609 2139 ex
1639 2085 1973 2140 habitaculo

321 2171 665 2229 monasterii
724 2173 1022 2243 abstracti,
1085 2177 1261 2244 atque
1291 2174 1494 2228 urbem
1551 2173 1973 2245 Carthaginem-

318 2275 443 2319 sem
474 2261 737 2334 perducti
770 2266 927 2316 sunt.
961 2262 1066 2316 Ubi
1100 2277 1202 2333 pro
1253 2260 1616 2316 Confessione
1676 2259 1972 2316 catholicae

319 2351 452 2407 fidei
467 2353 525 2407 et
544 2350 700 2406 unici
723 2351 1093 2422 baptismatis
1115 2351 1450 2406 delensione
1486 2351 1673 2421 primo
1697 2350 1972 2406 carcerali
2002 2396 2016 2401 -

318 2439 595 2497 custodiis
628 2438 966 2513 mancipati,
999 2446 1057 2496 et
1084 2439 1419 2495 crudelibus
1453 2439 1586 2495 ferri
1616 2439 1971 2510 ponderibus

319 2531 546 2596 cretati,
579 2529 903 2586 tenebrosis
925 2528 1187 2600 deputati
1219 2532 1360 2583 sunt
1389 2528 1552 2584 locis.
1588 2527 1695 2584 Ubi
1721 2544 1854 2584 cum
1878 2529 1972 2583 die

319 2635 386 2674 ac
407 2623 573 2674 nocte
589 2617 1159 2674 Christianissimum
1185 2617 1467 2690 populum
1481 2617 1540 2671 in
1554 2617 1686 2672 ﬁdei
1708 2621 1972 2672 constan-

318 2705 402 2765 tia
429 2709 790 2772 roborarent,
816 2705 1000 2778 jussit
1029 2711 1336 2779 tyrannus,
1386 2705 1579 2762 furore
1630 2722 1968 2772 succensus,

323 2807 537 2854 navem
567 2795 861 2870 lignorum
894 2795 1215 2867 manipulis
1245 2795 1573 2867 adimpleri,
1606 2805 1781 2867 atque
1819 2795 1876 2849 in
1905 2810 1973 2850 ea

318 2899 521 2943 omnes
547 2885 764 2957 pariter
787 2884 1076 2956 alligatos,
1093 2885 1152 2940 in
1176 2885 1368 2940 medio
1394 2883 1580 2956 pelagi
1605 2883 1737 2956 igne
1759 2899 1970 2955 suppo~

318 2973 428 3031 sito
443 2973 821 3030 concremari.
839 2973 1101 3045 Cumque
1120 2989 1221 3046 pro
1243 2972 1543 3028 voluntate
1566 2972 1796 3028 nefandi
1816 2976 1967 3043 regis

265 3080 269 3085 '
314 3061 404 3119 vel
421 3061 749 3118 crudelium
766 3061 1456 3127 ministrorum,extensis
1469 3075 1669 3116 eorum
1693 3061 1968 3116 manibus

315 3151 372 3208 et
400 3151 647 3224 pedibus
677 3150 934 3218 elevatis,
961 3151 1115 3223 ignis
1147 3149 1351 3206 fuisset
1375 3149 1554 3222 lignis
1575 3149 1968 3222 injectus,sta-

316 3241 422 3298 tim
455 3241 699 3316 imperio
731 3239 950 3310 divino,
981 3239 1314 3296 videntibus
1347 3240 1594 3305 cunctis,
1645 3240 1966 3296 exstinctus

316 3335 423 3388 est.
445 3333 514 3388 Et
529 3331 562 3386 d
574 3345 670 3387 um
686 3330 901 3404 saepius
916 3334 1302 3397 revocaretur,
1338 3329 1549 3385 iterum
1565 3332 1738 3400 atque
1753 3329 1968 3385 iterum

315 3421 839 3494 exstinguebantur
864 3419 1019 3493 globi
1052 3419 1446 3475 ﬂammarum.
1477 3417 1639 3473 Unde
1673 3419 1860 3490 magis
1877 3425 1968 3490 ty—

323 3523 546 3566 rannus
579 3507 769 3565 furore
799 3507 976 3565 simul
1007 3513 1064 3564 et
1094 3509 1313 3580 pudore
1344 3505 1620 3577 repletus,
1643 3505 1828 3576 jussit
1870 3523 1968 3562 eos
2011 3521 2014 3526 '

322 3609 617 3655 remorum
635 3597 895 3655 vectibus
916 3596 1164 3663 enecari,
1183 3601 1239 3652 et
1260 3596 1340 3649 ita
1359 3593 1620 3666 singulos
1644 3594 1702 3648 in
1727 3595 1966 3650 modum

322 3705 535 3745 canum
560 3688 813 3744 cerebris
844 3684 1224 3741 commiuntis
1255 3681 1586 3754 exstingui:
1610 3682 1811 3754 sicque
1833 3699 1968 3754 spe-

321 3776 548 3833 ciosum
581 3789 820 3831 cursum
849 3773 1186 3830 certaminis
1216 3772 1328 3840 sui,
1363 3774 1676 3828 coronante
1698 3771 1964 3841 Domino,

317 3867 703 3937 perfecerunt.
743 3865 995 3935 Corpora
1033 3878 1235 3918 eorum
1289 3861 1347 3915 in
1384 3875 1543 3915 mare
1591 3861 1830 3931 jactata,
1865 3862 1965 3916 sed

315 3953 518 4008 eadem
535 3952 681 4008 hora
698 3951 879 4008 illaesa
900 3950 1197 4006 littoribus
1227 3948 1470 4015 reddita,
1505 3952 1562 4003 et
1583 3963 1616 4003 a
1637 3948 1964 4005 Christiano

313 4039 866 4112 pepuiorcverenter
884 4040 1436 4110 sublata,praeeuntc
1457 4037 1609 4092 clero
1633 4051 1765 4093 cum
1791 4037 1963 4111 hym-

314 4128 408 4184 nis
424 4126 788 4182 solemnibus
809 4129 1044 4183 condita
1067 4133 1208 4184 sunt
1232 4127 1290 4181 in
1315 4125 1668 4182 monasterio
1690 4128 1963 4184 continuo

311 4219 434 4291 [pro
463 4216 762 4290 contiguo]
793 4216 1067 4287 basilicae,
1092 4217 1244 4288 quod
1272 4215 1484 4270 dicitur
1503 4215 1963 4272 Celerinae.Scrio

309 4307 397 4366 bit
426 4306 632 4362 beatus
661 4304 859 4361 Victor
886 4304 1194 4361 Africanus
1243 4304 1550 4376 episcopus
1608 4305 1667 4359 in
1712 4305 1963 4362 Historia

309 4395 574 4469 ejusdem
610 4394 963 4451 Wandalicae
995 4393 1455 4467 persecutionis:
1517 4407 1694 4465 quam
1751 4398 1808 4449 et
1839 4395 1962 4465 ipse

310 4501 445 4541 cum
477 4484 704 4541 caeteris
735 4485 1039 4552 sustinuit,
1071 4489 1128 4540 et
1157 4483 1308 4539 ﬁdeli
1343 4487 1519 4554 atque
1566 4482 1779 4538 illustri
1810 4483 1959 4556 stylo

307 4574 570 4647 digessit.

375 4662 438 4718 ln
466 4662 815 4720 Alexandria
843 4662 1092 4720 Orionis.

373 4768 495 4824 XIV
526 4769 662 4824 KAL.
687 4773 970 4826 SIPTEMB.
1001 4799 1071 4811 —-
1097 4767 1266 4841 Apud
1300 4767 1590 4823 civitatem
1651 4766 1954 4824 Praenesti-

301 4871 462 4927 nam,
495 4855 774 4913 milliario
805 4859 876 4914 ab
935 4857 1086 4913 Urbe
1142 4857 1443 4912 tricesimo
1495 4855 1706 4921 tertio,'
1741 4857 1953 4915 natalis

297 4946 485 5003 sancti
516 4946 746 5019 Agapiti
775 4946 1047 5019 martyris
1078 4947 1187 5001 sub
1225 4944 1529 5000 Aureliano
1578 4944 1949 5016 imperatore,

297 5035 544 5106 praeside
573 5035 876 5092 Anticho.
909 5035 1015 5099 Qui
1043 5049 1177 5090 cum
1210 5039 1368 5090 esset
1398 5049 1688 5088 annorum
1710 5035 1953 5105 quinde~

2082 563 2286 619 Cissus,
2321 557 2379 608 et
2412 555 2608 610 nudus
2639 570 2962 626 suspensus
2994 553 3186 624 capite
3239 553 3515 608 deorsum
3549 565 3743 624 verso,

2083 639 2205 695 acri
2236 643 2438 697 subter
2457 643 2617 698 fumo
2642 643 2808 713 facto,
2836 657 2968 698 cum
2996 643 3214 698 diceret
3268 641 3538 713 praesidi:
3576 665 3606 692 κ
3639 644 3746 699 Sa-

2083 729 2298 802 pientia
2324 735 2424 787 tua
2448 736 2505 787 et
2533 734 2758 787 vanitas
2797 737 2900 787 tua
2937 731 2994 786 in
3017 730 3438 798 fumolaboret,
3475 753 3502 779 νυ
3532 733 3746 788 iterum

2084 818 2327 890 ﬂagellis
2358 821 2600 876 caeditur
2627 839 2660 877 a
2690 826 2941 892 quatuor
2966 819 3078 875 sibi
3098 820 3345 874 invicem
3369 820 3744 876 succedenti-

2083 908 2194 962 bus
2227 909 2438 965 deinde
2469 909 2810 965 bullientem
2843 924 3055 980 aquam
3089 923 3266 979 super
3317 914 3588 964 ventrem
3621 911 3748 981 ejus

2085 997 2342 1052 ministri
2375 998 2590 1054 diaboli
2622 999 2972 1054 effuderunt.
3000 997 3440 1068 lntereajudex,
3465 999 3538 1052 de
3566 999 3746 1053 tribu-

2083 1086 2201 1141 nali
2233 1104 2340 1142 suo
2398 1091 2633 1155 cadens,
2661 1087 2941 1143 collectus
2963 1103 2996 1141 a
3014 1085 3297 1142 ministris
3319 1086 3377 1141 in
3403 1087 3559 1142 lecto
3583 1087 3747 1143 recii-

2085 1180 2275 1244 natur,
2310 1180 2366 1230 et
2416 1177 2674 1232 sentiens
2721 1176 2819 1231 Dei
2872 1177 3144 1230 virtutem
3190 1176 3250 1230 in
3299 1180 3584 1248 martyre,
3621 1180 3746 1249 post

2085 1263 2382 1320 modicum
2417 1265 2649 1321 tristem
2708 1265 2966 1320 animam
2998 1263 3214 1320 amisit.
3277 1269 3355 1319 De
3413 1265 3744 1321 beatovero

2084 1354 2330 1425 Agapito
2362 1355 2761 1410 renuntiatum
2794 1358 2883 1409 est
2914 1353 3380 1426 imperatori,qui
3399 1353 3654 1410 beatum
3672 1356 3742 1410 vi-

2085 1457 2216 1496 rum
2250 1441 2517 1498 leonibus
2541 1444 2727 1515 jussit
2759 1443 2961 1516 projici
2989 1443 3120 1510 ;sed
3148 1443 3572 1500 mansuefacta:
3596 1445 3740 1514 teras,

2087 1531 2332 1602 pedibus
2363 1533 2636 1605 martyris
2669 1534 2738 1588 ad
2772 1532 3149 1587 lambendum
3183 1548 3246 1586 se
3293 1532 3745 1588 inclinaverunt.

2086 1619 2204 1675 Hoc
2233 1621 2499 1676 videntes
2532 1621 2770 1676 sceleris
2826 1619 3104 1686 ministri,
3137 1620 3400 1676 tulerunt
3450 1621 3520 1675 de
3546 1621 3750 1676 medio

2087 1713 2353 1764 sanctum
2389 1714 2724 1783 martyrem,
2785 1714 2842 1766 et
2869 1713 3158 1765 venerunt
3214 1713 3420 1765 contra
3447 1710 3742 1766 civitatem

2089 1797 2631 1866 Praenestinammbi
2654 1802 2793 1854 sunt
2821 1799 2948 1854 duae
2970 1797 3258 1854 columnis
3279 1798 3430 1854 stibi
3454 1815 3591 1854 eum
3624 1798 3748 1872 gia-

2085 1885 2180 1942 dio
2207 1892 2626 1959 percusserunt
2656 1888 2766 1944 sub

2156 2009 2275 2082 (Hic
2318 2013 2522 2067 iterum
2567 2011 2950 2068 desiderantur
2995 2011 3206 2085 aliquot
3256 2013 3490 2085 pagella
3525 2015 3586 2068 in
3615 2031 3736 2070 ma-

2634 2086 2916 2156 nuscripto
2956 2084 3187 2152 codice.)

2083 2197 2246 2260 caput
2272 2193 2390 2262 ejus
2411 2192 2552 2246 sicut
2581 2207 2736 2246 mons
2765 2198 2846 2246 cst
2874 2194 3000 2246 ante
3030 2205 3135 2261 me,
3167 2189 3312 2246 unde
3358 2192 3506 2247 totus
3532 2199 3751 2248 contre-

2080 2279 2266 2334 misco.
2299 2279 2568 2334 Traditur
2597 2296 2733 2351 ergo
2755 2279 2910 2348 aliis,
2933 2285 2990 2335 et
3011 2278 3225 2351 gaudio
3243 2278 3754 2352 repletus,manus

2082 2385 2222 2423 suas
2252 2385 2404 2439 aqua
2436 2368 2594 2435 lavit,
2629 2385 2820 2439 genua
2851 2369 3031 2438 ﬂexit,
3077 2370 3360 2424 cervicem
3421 2371 3496 2425 ad
3528 2374 3747 2426 terram

2081 2456 2435 2524 bumiliavit,
2467 2457 2790 2513 orationem
2825 2457 2896 2513 ad
2921 2462 3138 2513 terram
3172 2456 3343 2525 fudit,
3395 2459 3749 2531 martyrium

2083 2546 2361 2618 suscepit.

2149 2636 2316 2707 Apud
2347 2635 2605 2706 Capuam
2624 2635 2896 2691 nativitas
2914 2636 3102 2691 sancti
3123 2635 3250 2691 Ruﬁ
3271 2637 3742 2708 martyris,docti

2080 2731 2137 2780 et
2165 2725 2440 2796 baptizati
2469 2741 2502 2779 a
2533 2724 2698 2779 beato
2730 2723 3080 2794 Apollinare.

2149 2813 2348 2868 Tomis
2378 2815 2716 2868 sanctorum
2752 2818 3075 2886 martyrum
3126 2812 3456 2870 Marcellini
3489 2815 3751 2884 tribuni,

2079 2906 2134 2957 et
2164 2902 2360 2957 uxoris
2389 2903 2517 2972 ejus
2549 2901 2888 2969 Mannsae,et
2917 2899 3022 2956 ﬁlii
3054 2901 3243 2972 ipsius
3273 2900 3618 2971 Joannis,ct
3651 2902 3755 2960 Se-

2077 2991 2338 3060 rapionis
2369 2989 2585 3060 clerici,
2614 2993 2671 3044 et
2701 2989 2851 3045 Petri
2883 2987 3106 3044 militis.

2150 3079 2213 3134 In
2244 3075 2470 3144 Galliis,
2503 3077 2736 3134 civitate
2760 3077 3096 3149 Arelatensi,
3128 3078 3321 3135 sancti
3350 3080 3590 3136 Caesar-ii
3620 3083 3737 3155 spi-

2081 3166 2240 3238 scopi
2272 3171 2329 3222 et
2357 3165 2729 3222 confessoris.

2149 3257 2315 3327 Apud
2344 3254 2837 3328 Augustodunum
2868 3256 3056 3312 sancti
3113 3255 3336 3328 Syagrii
3393 3257 3662 3331 episcopi
3690 3265 3742 3314 et

2080 3345 2450 3401 confessoris.

2154 3435 2198 3487 V
2229 3439 2363 3489 KAL.
2397 3434 2684 3489 Ssp'rums.
2720 3464 2784 3474 -
2819 3433 3150 3489 Beatissimi
3181 3435 3479 3490 Hermetis
3522 3441 3742 3508 marty-

2080 3522 2179 3578 ris.
2205 3524 2311 3587 Qui
2337 3539 2472 3578 cum
2489 3527 2645 3578 esset
2665 3523 2989 3595 praefectus,
3013 3523 3088 3578 ab
3106 3520 3439 3580 Alexandro
3459 3525 3746 3596 pontiﬁce

2078 3617 2135 3668 et
2164 3617 2415 3684 martyre
2441 3611 2786 3684 baptizatur,
2819 3611 3043 3683 ﬁliique
3071 3613 3201 3682 ejus
3233 3615 3289 3668 et
3345 3612 3567 3668 familia
3599 3630 3740 3670 cum

2077 3701 2176 3758 illo
2201 3701 2446 3768 ;deinde
2477 3702 2550 3755 ab
2577 3699 2890 3756 Aureliano
2921 3701 3275 3772 imperatore
3296 3705 3494 3756 trusus
3507 3701 3568 3756 in
3596 3719 3737 3757 car-

2077 3805 2291 3857 cerem,
2323 3789 2624 3845 tribunum
2657 3790 2966 3854 Quirinum
2987 3806 3120 3846 cum
3154 3791 3313 3846 omni
3332 3789 3495 3845 domo
3513 3805 3621 3844 sua
3643 3792 3724 3845 ad

2076 3879 2250 3935 ﬁdem
2284 3878 2583 3934 convertit.
2619 3879 2781 3944 Quod
2809 3878 3055 3934 audiens
3085 3877 3452 3945 Aurelianus,
3483 3878 3727 3935 beatum

2075 3969 2326 4024 Hermen
2358 3965 2736 4040 [Hermetem]
2765 3966 3043 4023 decollari
3075 3966 3370 4039 praecepit.

2144 4056 2360 4112 Eodem
2393 4055 2506 4122 die,
2540 4054 2599 4109 in
2627 4055 2838 4125 Africa,
2872 4055 3162 4126 depositio
3197 4056 3384 4110 sancti
3414 4057 3735 4128 Augustini

2073 4145 2352 4217 episcopi,
2389 4143 2678 4199 mirabilis
2709 4144 2768 4198 in
2801 4144 2963 4199 omni
2995 4143 3377 4200 scientiaviri.
3398 4145 3602 4209 Quide
3623 4147 3741 4202 ha:-

2073 4235 2185 4290 resi
2220 4232 2671 4289 Manicheorum
2694 4233 2766 4287 ad
2783 4232 2995 4289 Christi
3016 4233 3265 4305 gratiam
3287 4235 3585 4290 Ambrosii
3606 4235 3733 4308 epi-

2073 4324 2230 4394 scopi
2261 4322 2527 4378 doctrina
2558 4335 2895 4391 conversus,
2929 4322 3290 4394 Hipponensi
3333 4322 3609 4378 Ecclesiae
3641 4323 3738 4380 di-

2070 4412 2395 4484 gnissimus
2425 4411 2740 4482 praeﬁcitur
2754 4411 3021 4467 antistes.
3046 4411 3231 4483 Hujus
3253 4412 3586 4468 venerabile
3607 4427 3738 4469 cor-

2071 4515 2204 4574 pus,
2237 4500 2400 4572 prius
2429 4500 2501 4554 de
2530 4513 2640 4554 sua
2667 4498 2896 4554 civitate
2926 4503 3165 4572 propter
3209 4499 3496 4556 barbaros
3525 4501 3736 4558 Sardi-

1987 4575 2034 4640 D
2066 4591 2225 4645 niam
2255 4587 2634 4658 translatum,
2664 4603 2850 4659 nuper
2880 4603 2914 4643 a
2947 4588 3305 4661 Luitprando
3337 4603 3474 4661 rege
3508 4590 3738 4664 Longo-

2065 4679 2244 4735 bardo
2253 4692 2380 4733 rum
2403 4675 2625 4733 Ticinis
2638 4676 2885 4734 relatum
2899 4681 3074 4750 atque
3089 4677 3406 4735 honoriﬁce
3417 4679 3733 4735 cunditum

2063 4773 2172 4825 est.

2132 4855 2348 4914 Eodem
2381 4855 2474 4911 die
2502 4854 2844 4922 Emmouiai,
2880 4869 3008 4927 quae
3039 4858 3129 4912 est
3158 4855 3364 4913 civitas
3408 4855 3736 4928 provincia

2060 4945 2504 5018 Carniaa,passio
2524 4945 2709 4999 sancti
2733 4943 2948 5017 Pelagii
2981 4945 3278 5018 martyris.
3311 4945 3418 5012 Qui
3461 4949 3736 5019 tempore

2059 5034 2399 5092 Numeriani
2443 5033 2834 5106 imperatoris,
2891 5038 3099 5105 agente
3155 5033 3734 5107 Velasio[Elivasio}

295 5123 431 5191 cim,
461 5129 518 5180 et
548 5137 650 5197 pro
683 5139 880 5181 amore
909 5124 1123 5180 Christi
1157 5123 1438 5194 martyrio
1488 5123 1748 5189 ferveret,
1772 5125 1945 5195 jussu
2049 5125 2269 5196 judice,
2300 5137 2403 5196 pro
2436 5123 2549 5178 ﬁde
2577 5123 2790 5179 Christi
2849 5123 3038 5194 primo
3072 5123 3206 5178 ferri
3263 5123 3521 5195 pondere
3571 5122 3736 5181 collo

294 5213 667 5285 imperatoris
690 5219 908 5286 tentus,
929 5214 1186 5286 etprimo
1203 5211 1717 5267 nerviscrudisdiu
1741 5230 1944 5286 canens,

2060 5215 2450 5284 manibusque
2479 5210 2841 5283 gravatus,in
2874 5227 3166 5268 carcerem
3194 5211 3493 5268 truditur:
3541 5212 3737 5270 educ-

293 5301 508 5358 deinde
541 5303 771 5374 praesidi
804 5311 869 5360 ut
899 5303 1298 5375 impelleretur
1341 5300 1672 5356 sacriﬁcare
1695 5303 1946 5358 traditus
2056 5307 2152 5358 tus
2177 5300 2352 5374 virgis
2382 5301 2740 5363 verberatur,
2773 5299 2908 5356 dein
2932 5301 3188 5357 fustibus
3219 5300 3485 5369 caeditur,
3515 5306 3739 5373 postea

292 5395 400 5447 est.
435 5392 541 5456 Qui
575 5393 632 5447 in
665 5393 982 5449 durissimo
1032 5398 1207 5463 atque
1255 5389 1676 5446 obscurissimo
1716 5405 1945 5447 carcere
2055 5391 2301 5463 equuleo
2331 5405 2675 5460 suspensus,
2712 5389 2952 5461 ungulis
2973 5389 3263 5446 laceratur
3282 5388 3408 5445 oleo
3429 5387 3738 5448 bullientc

292 5491 426 5535 eum
460 5480 718 5546 reclusit,
753 5485 810 5536 et
840 5499 941 5554 per
971 5487 1220 5553 quatuor
1250 5480 1375 5535 dies
1407 5477 1454 5534 ei
1489 5478 1684 5533 cibum
1709 5495 1941 5536 omnem
2052 5486 2310 5536 ventrem
2337 5478 2873 5549 inlunditur,super
2889 5478 3219 5551 fragmenta
3239 5481 3556 5545 testarum,
3578 5478 3741 5553 ligno

293 5569 562 5640 negavit;
594 5569 730 5625 inde
761 5585 894 5626 cum
925 5571 997 5626 de
1023 5585 1250 5625 carcere
1281 5567 1510 5640 praesidi
1544 5567 1752 5622 fuisset
1783 5569 1941 5623 exhi-

291 5653 704 5728 bitus,prunas
722 5660 992 5716 ardentes
1010 5671 1188 5733 super
1205 5662 1379 5730 caput
1398 5658 1527 5728 ejus
1543 5656 1728 5726 jussit
1751 5657 1938 5730 impo-

2052 5570 2132 5625 tis
2164 5567 2439 5623 manibus
2471 5583 2536 5621 ac
2565 5566 2835 5639 pedibus,
2869 5567 3254 5638 protrahitur,
3289 5571 3598 5639 postremo
3629 5584 3730 5626 cs—

2051 5658 2172 5731 pite
2197 5659 2528 5716 truncatur.
