4012 6198
204 322 328 386 1149

1106 313 1817 385 MARTYROLOGIUM.
1848 342 1932 374 -ε
1957 313 2192 379 MENS.
2240 313 2626 381 SEPTEMB.

3412 316 3566 380 1150

203 457 455 514 mercedis
488 457 676 530 gratia
705 458 844 514 talia
874 460 1140 515 facerent.
1167 457 1270 523 Qui
1304 471 1435 510 cum
1467 451 1673 524 viginti
1695 454 1812 505 tres
1841 449 1896 514 Α
1926 450 2260 508 nullatenus
2310 471 2343 509 a
2374 454 2578 509 bestiis
2609 453 2975 509 laederentur.
3031 451 3265 508 Priscus
3314 468 3556 524 procon-

202 551 458 618 martyres
493 549 565 602 ob
596 549 1001 603 indefectivam
1016 553 1071 602 et
1100 543 1546 601 inenarrabilem
1563 538 1814 596 caelestis

201 635 336 706 regni
358 637 784 704 jocunditatem
819 637 1162 708 martyrium
1221 651 1281 690 se
1333 634 1479 688 ferre
1509 631 1814 694 dixissent,

199 723 328 779 illico
356 725 652 792 exsiliens,
693 726 851 781 stetit
880 726 939 779 in
973 725 1162 779 medio
1193 727 1480 789 eorum,et
1504 722 1818 776 adnotatus

199 818 273 868 est
298 813 440 868 inter
472 815 832 869 confessores
865 819 920 869 et
951 813 1196 869 athletas
1233 810 1624 866 Dei.Audiens
1641 808 1813 862 Maxi-

199 902 407 957 mianus
432 904 581 958 inter
600 904 837 958 nomina
851 908 1188 958 sanctorum
1214 903 1292 956 Ad
1306 902 1531 955 rianum
1565 897 1816 962 recitari,

193 992 351 1061 jussit
378 1009 534 1061 eum,
570 993 719 1048 ferro
750 993 1033 1060 vinctum,
1058 1008 1188 1046 cum
1221 990 1461 1061 reliquis
1494 988 1714 1044 sanctis
1747 988 1816 1041 ad

201 1096 464 1135 carcerem
490 1081 913 1152 pertrahi.Erat
942 1085 1135 1136 autem
1165 1080 1292 1150 ipse
1312 1095 1600 1133 annorum
1618 1075 1820 1147 viginti

201 1185 404 1224 novem.
431 1171 593 1234 Quod
624 1170 870 1224 audiens
898 1187 1040 1224 uxor
1099 1170 1247 1240 ejus,
1297 1167 1532 1222 nomine
1570 1165 1816 1234 Natalia,

201 1257 915 1330 Christianissima,gaudio
939 1259 1110 1330 plena
1126 1257 1382 1317 cucurrit
1403 1257 1472 1312 ad
1507 1271 1817 1322 carcerem,

199 1350 249 1400 et
274 1346 415 1401 inter
446 1346 632 1402 multa
663 1347 1052 1413 hortamenta,
1087 1347 1368 1402 suadebat
1398 1345 1447 1400 ei
1481 1362 1549 1399 ne
1591 1348 1824 1415 propter

199 1434 435 1505 aliquam
469 1440 709 1491 terrenae
762 1436 1065 1508 dignitatis
1122 1436 1389 1506 gloriam.
1438 1439 1538 1489 aut
1587 1438 1823 1504 propter

200 1540 358 1595 poenis
392 1529 614 1578 metum
647 1524 1011 1579 imminentis
1044 1524 1333 1579 consortio
1405 1540 1466 1578 se
1495 1527 1821 1594 martyrum

198 1612 570 1667 subtraheret.
604 1614 708 1677 Qui
743 1614 927 1669 iratus
959 1619 1160 1669 contra
1184 1613 1524 1676 Adrianum,
1548 1617 1668 1666 tam
1693 1629 1821 1666 cru-

198 1700 384 1756 deliter
416 1718 549 1756 eum
572 1703 710 1757 credi
734 1703 1106 1774 praeepit,ut
1135 1702 1350 1774 apertis
1393 1702 1571 1757 costis
1602 1701 1824 1756 viscera

199 1791 813 1862 apparerent.Rursum
837 1808 970 1847 cum
999 1791 1128 1846 aliis
1151 1792 1206 1845 in
1237 1808 1521 1847 carcerem
1545 1791 1820 1846 truditur.
1858 1822 1904 1885 B

197 1880 402 1944 Quibus
429 1881 638 1947 denuo,
673 1882 1038 1952 consumptis
1069 1897 1214 1952 pene
1247 1881 1543 1948 carnibus,
1575 1880 1823 1948 eductis,

189 1968 418 2038 jussunt
449 1975 537 2023 est
568 1974 632 2023 ut
650 1973 808 2024 vecte
830 1986 1043 2042 magno
1071 1970 1251 2024 ferreo
1274 1969 1428 2024 tibiae
1460 1985 1662 2024 eorum
1690 1985 1826 2023 con-

198 2056 593 2127 fringerentur.
629 2058 950 2114 Confractis
980 2074 1117 2130 ergo
1149 2059 1420 2114 cruribus
1442 2058 1830 2128 omnium,pe-

196 2145 473 2216 dibusque
497 2146 901 2213 incisis,etiam
922 2165 1131 2202 manus
1161 2147 1412 2202 Adriano
1438 2147 1699 2202 abscissa
1719 2151 1822 2201 est.

198 2234 408 2298 Quibus
439 2234 521 2289 ita
551 2235 779 2291 Christo
811 2236 1198 2306 transmissis,
1233 2235 1459 2291 Natalia
1487 2236 1829 2307 Byzantium

196 2323 486 2394 navigans,
521 2341 636 2394 quo
668 2329 1006 2379 sanctorum
1057 2324 1250 2380 delata
1308 2330 1446 2379 sunt
1477 2341 1738 2395 corpora,
1775 2329 1832 2379 et

196 2410 315 2481 ipsa
343 2416 472 2482 post
502 2413 727 2482 aliquot
761 2413 818 2467 di
842 2430 903 2468 es
935 2413 1287 2469 obdormivit
1317 2414 1376 2468 in
1406 2413 1672 2468 Domino.

262 2518 304 2569 V
336 2518 419 2572 In.
448 2520 736 2572 Ssp'rsma.
769 2550 837 2559 ——
898 2519 1094 2575 Passio
1141 2526 1477 2575 sanctorum
1509 2524 1831 2590 martyrum

195 2606 461 2661 Dorothei
493 2612 551 2661 et
582 2608 860 2679 Gorgonii
894 2609 1046 2680 apud
1105 2609 1523 2675 Nicomediam,
1559 2610 1668 2663 sub
1701 2610 1833 2664 Dio-

193 2694 436 2750 cletiano
465 2695 837 2767 imperatore.
876 2698 940 2752 Hi
974 2698 1299 2753 ofﬁciorum
1333 2715 1460 2769 quae
1490 2699 1644 2754 intra
1675 2698 1832 2768 pala-

192 2783 338 2837 tium
370 2783 814 2851 exhibebantur,
849 2787 1114 2857 magistri
1150 2792 1335 2851 crant,
1379 2791 1435 2842 et
1465 2787 1718 2842 cubiculi
1745 2805 1833 2843 re-

189 2869 336 2942 galis
367 2873 679 2942 praepositi.
737 2874 844 2936 Qui
905 2875 1247 2930 Christianae
1307 2876 1440 2930 fidei
1499 2882 1832 2945 sectatores,

188 2975 320 3013 cum
351 2960 444 3014 die
475 2963 731 3030 quadam
763 2962 1017 3033 aliquem
1045 2964 1306 3018 viderent
1339 2970 1655 3036 martyrem
1690 2983 1833 3036 sup-

189 3046 380 3118 pliciis
411 3048 748 3104 immaniter
789 3051 1067 3105 lacerari:
1124 3076 1150 3100 ‹‹
1186 3053 1318 3119 Cur,
1363 3055 1551 3117 aiunt,
1584 3054 1833 3123 impera-

189 3142 302 3204 tor,
333 3137 389 3190 in
422 3137 529 3191 hoc
564 3140 951 3209 persequeris,
983 3141 1154 3209 cujus
1184 3158 1290 3195 nos
1323 3158 1555 3211 quoque
1587 3141 1836 3196 cultores

189 3224 501 3280 existimus
522 3226 549 3278 ?
581 3248 608 3274 »
641 3229 793 3291 Quos
825 3227 920 3282 ille
951 3227 1010 3281 in
1046 3228 1306 3283 medium
1360 3244 1685 3294 accersens,
1711 3230 1837 3298 jus-

186 3314 268 3368 sit
299 3315 574 3384 appendi,
608 3315 806 3386 flagris
838 3315 1067 3384 laniari,
1102 3318 1221 3371 sale
1252 3322 1308 3370 et
1335 3322 1498 3371 aceto
1545 3317 1840 3388 profundi,

185 3419 256 3456 ac
289 3402 499 3457 deinde
528 3403 819 3458 craticulae
845 3406 1202 3475 torquendos
1234 3406 1484 3477 imponi,
1516 3411 1572 3460 et
1603 3407 1674 3460 ad
1709 3407 1842 3462 ulti-

191 3505 362 3544 mum
394 3489 601 3562 laqueo
631 3509 951 3565 suspensos
983 3493 1360 3565 strangulari.

265 3583 332 3632 In
367 3580 620 3645 Sabinis,
658 3581 931 3636 milliario
961 3583 1031 3636 ab
1087 3584 1239 3637 Urbe
1286 3583 1602 3648 tricesimo,
1631 3584 1844 3640 natalis

194 3672 540 3724 sanctorum
574 3670 904 3742 Hyacinthi,
963 3672 1289 3739 Alexandri,
1325 3672 1574 3728 Tiburtii
1628 3678 1842 3746 marty-

187 3773 352 3811 rum.

265 3847 482 3900 Eodem
514 3848 606 3902 die
639 3848 821 3919 Sergii
851 3865 1032 3919 papai,
1093 3850 1192 3919 qui
1253 3851 1404 3904 sedit
1444 3852 1638 3905 Romae
1671 3852 1842 3906 annis

181 3935 498 3990 tredecim.
541 3936 641 3991 Hic
672 3935 894 3991 invenit
925 3936 1087 3991 mirm
1116 3939 1541 4009 magnitudinis
1575 3941 1643 3995 de
1674 3958 1844 3995 cruce

177 4023 410 4078 Christi
444 4025 770 4095 portionem
805 4025 860 4078 in
896 4025 1051 4080 beati
1083 4025 1232 4079 Petri
1284 4027 1555 4082 sacrario.
1592 4028 1692 4082 Hic
1724 4035 1840 4083 sta-

176 4112 306 4166 tuit
339 4113 398 4166 in
431 4118 693 4185 tempore
727 4113 1025 4168 tractionis
1061 4115 1340 4168 Dominici
1369 4119 1626 4186 corporis
1655 4118 1841 4186 Agnus

173 4202 288 4256 Dei
319 4203 548 4256 cantari
576 4219 587 4256 :
622 4207 680 4256 et
713 4208 776 4256 ut
805 4202 1014 4257 diebus
1076 4204 1540 4260 annuntiationis
1588 4207 1837 4275 Domini,

172 4290 570 4346 dormitionis
598 4308 663 4346 ac
697 4291 1017 4346 nativitatis
1076 4297 1286 4347 sanctae
1338 4293 1530 4348 Mariae
1561 4299 1616 4350 et
1646 4296 1703 4350 S.
1749 4297 1838 4351 Si-

171 4380 443 4444 meonis,
506 4381 660 4450 quod
721 4381 1050 4452 Hypapanti
1111 4382 1301 4436 Graece
1358 4383 1592 4452 dicitur,
1624 4384 1840 4440 litanias

169 4473 396 4524 exernt
426 4486 460 4524 a
499 4469 556 4524 S.
589 4468 862 4539 Adriano,
923 4475 980 4525 ct
1038 4471 1106 4525 ad
1161 4476 1426 4526 sanctam
1465 4473 1704 4528 Mariam
1736 4492 1836 4546 po-

1925 541 2015 594 sul
2049 540 2178 596 illos
2214 543 2568 598 concremari
2592 544 2849 598 decernit
2875 561 2893 597 :
2927 543 3146 597 interea
3183 541 3430 596 orationi
3477 541 3564 596 in-

1926 632 2268 688 cumbentes
2300 633 2432 688 dato
2464 633 2575 688 sibi
2633 632 2793 703 pacis
2850 631 3069 698 osculo,
3106 630 3378 702 spiritum
3427 631 3566 686 emi-

1927 724 2145 776 serunt.

2001 811 2074 866 III
2109 812 2189 865 In.
2223 814 2502 867 Ssp'rsma.
2540 830 2611 852 --'
2640 812 2920 866 Nativitas
2947 816 3283 866 sanctorum
3345 816 3566 884 marty-

1931 917 2061 954 rum
2093 900 2300 955 Felicis
2331 905 2387 955 et
2420 901 2650 973 Regulae
2677 902 2892 956 sororis
2923 903 3070 972 ejus.
3105 904 3363 966 Quorum
3415 902 3570 957 festi-

1930 990 2078 1044 vitas
2110 990 2248 1060 quia
2279 989 2558 1046 solemnis
2584 991 2737 1062 apud
2771 1008 2876 1046 nos
2905 994 3212 1045 veneratur
3260 990 3571 1062 passionis-

1932 1095 2046 1148 que
2084 1095 2283 1133 eorum
2345 1080 2695 1150 conscriptio
2768 1079 3035 1151 pluribus
3103 1085 3241 1134 nota
3297 1080 3565 1145 habetur,

1931 1167 2165 1237 scriptis
2197 1169 2587 1239 superaddere
2617 1168 2834 1239 scripta
2891 1186 3004 1223 non
3063 1186 3210 1241 opus
3266 1168 3408 1223 mihi
3440 1183 3568 1223 esse

1929 1256 2182 1310 videtur.
2223 1258 2338 1312 Hoc
2369 1261 2594 1312 tantum
2627 1257 2818 1312 dicere
2847 1257 3100 1313 sufﬁciat
3128 1259 3282 1329 quod
3315 1257 3572 1329 praedicti

1933 1349 2239 1416 martyres,
2271 1347 2343 1401 de
2373 1346 2663 1402 consortio
2692 1346 2946 1401 Mauritii
2978 1351 3034 1400 et
3081 1347 3371 1402 sociorum
3420 1348 3571 1417 ejus,

1935 1451 2035 1504 per
2063 1439 2226 1490 vasta
2257 1435 2458 1503 eremi,
2492 1452 2618 1506 quse
2678 1441 2903 1490 Darona
2951 1439 3208 1504 vocatur,
3243 1437 3568 1503 tendentes,

1932 1522 1991 1577 in
2024 1527 2220 1594 partes
2252 1523 2574 1577 Germaniae
2606 1524 2979 1588 devenerunt,
3005 1527 3062 1577 et
3091 1523 3148 1576 in
3199 1523 3454 1594 quodam
3488 1524 3570 1580 lo-

1933 1628 1998 1667 co
2022 1614 2192 1683 juxta
2222 1613 2463 1667 ﬂuvium
2496 1611 2896 1667 Lindimacum
2957 1612 3365 1679 subsistentes,
3425 1613 3571 1684 vigi-

1933 1702 2026 1757 liis
2059 1702 2445 1774 precibusque
2475 1718 2608 1756 cum
2642 1701 2800 1755 omni
2831 1701 3064 1772 pietatis
3114 1701 3308 1756 studio
3339 1717 3572 1772 operam

1934 1793 2171 1848 dabant.
2209 1797 2354 1846 Dum
2387 1791 2508 1846 hac
2565 1807 2599 1846 a
2645 1789 3037 1845 sanctissimis
3101 1797 3410 1861 agerentur
3453 1807 3577 1862 ger-

1938 1882 2150 1950 manis,
2207 1882 2423 1936 adsunt
2470 1879 2662 1934 nuntii
2721 1880 2792 1934 ab
2841 1878 3193 1950 impiissimo
3225 1879 3576 1936 Maximiano

1937 1971 2158 2034 directi,
2193 1975 2256 2024 ut
2286 1974 2521 2025 sanctos
2577 1969 2672 2024 Dei
2715 1968 2800 2024 vel
2846 1968 3017 2023 idolis
3048 1968 3373 2023 sacrificare
3406 1985 3564 2025 com-

1939 2059 2236 2131 pellerent,
2276 2059 2364 2114 vel
2397 2058 2703 2114 tormentis
2734 2075 2832 2114 eos
2862 2057 3035 2113 variis
3067 2057 3272 2129 punire
3319 2074 3431 2112 non
3466 2057 3576 2112 dif-

1939 2149 2173 2203 ferrent.
2200 2148 2356 2204 Beati
2389 2149 2569 2220 igitur
2609 2153 2892 2220 martyres
2949 2145 3248 2218 sacrilegis
3293 2145 3580 2218 petitioni-

1939 2237 2050 2292 bus
2081 2237 2426 2293 ﬁducialiter
2457 2237 2816 2304 resistentes,
2877 2237 3186 2306 sociosque
3238 2253 3300 2290 se
3347 2239 3577 2291 sancto-

1940 2344 2072 2381 rum
2103 2327 2378 2393 Mauritii,
2409 2326 2698 2398 Exuperii,
2731 2325 2971 2381 Candidi
3026 2342 3093 2380 ac
3121 2323 3369 2380 Victoris
3399 2325 3579 2379 confi-

1941 2421 2148 2487 tentes,
2181 2415 2239 2470 in
2272 2416 2486 2471 ferreas
2518 2420 2673 2470 rotas
2723 2416 2857 2486 igne
2887 2416 3201 2470 candentes
3248 2413 3584 2485 alligantur,

1942 2511 2000 2561 et
2029 2505 2422 2561 ineﬂ'abilibus
2462 2507 2706 2577 insuper
2760 2505 3067 2560 tormentis
3126 2503 3582 2560 exscruciantur.

1942 2598 2020 2647 Ac
2052 2594 2392 2650 beatissima
2424 2593 2644 2665 Regula
2669 2610 2846 2665 super
2890 2595 3203 2648 ferventem
3254 2594 3444 2665 picem
3472 2594 3582 2648 im-

1944 2683 2130 2753 posita
2162 2686 2268 2749 est,
2302 2683 2395 2738 cui
2426 2683 2598 2738 etiam
2634 2682 2888 2737 bulliens
2922 2681 3232 2753 plumbum
3267 2682 3337 2735 ad
3372 2685 3583 2752 potan-

1944 2772 2084 2826 dum
2116 2789 2149 2827 a
2174 2771 2444 2827 carnifice
2475 2771 2601 2826 dari
2632 2776 2720 2827 est
2751 2775 3125 2843 praeceptum.
3160 2770 3423 2842 Cumque
3453 2770 3584 2825 nul-

1943 2860 2015 2915 lis
2047 2861 2469 2931 suppliciorum
2503 2861 2918 2916 acerbitatibus
2947 2877 2981 2914 a
3009 2859 3236 2915 Christo
3267 2860 3456 2915 divelli
3492 2877 3586 2931 po-

1944 2949 2401 3019 tuissent,jussa
2432 2955 2572 3005 sunt
2603 2950 2686 3004 eis
2718 2950 2910 3021 capita
2957 2949 3270 3020 amputari.
3313 2951 3435 3015 Quo
3468 2950 3582 3004 fac-

1946 3042 2024 3107 to,
2059 3039 2316 3092 truncati
2349 3044 2633 3111 martyres
2683 3039 2946 3094 abscissa
3004 3038 3195 3110 capita
3239 3038 3362 3094 suis
3424 3039 3594 3110 baju-

1950 3124 2139 3180 lantes
2171 3142 2204 3179 a
2232 3126 2355 3180 loco
2387 3127 2485 3180 ubi
2543 3127 2810 3182 decollati
2834 3131 2974 3182 sunt
3032 3126 3247 3181 cubitis
3295 3128 3592 3198 quinqua-

1870 3183 1912 3249 C
1952 3213 2114 3284 ginta
2145 3213 2611 3284 deportaverunt.

2023 3301 2238 3356 Eodem
2272 3302 2365 3356 die
2393 3301 2483 3356 via
2513 3301 2756 3367 Salaria,
2790 3302 3117 3357 cmmeterio
3158 3300 3406 3367 Basillae,
3437 3303 3593 3359 Proti

1953 3394 2008 3444 et
2037 3390 2338 3461 Hyacinthi
2368 3394 2715 3461 martyrum,
2770 3392 2868 3462 qui
2917 3393 3084 3445 erant
3127 3389 3380 3445 eunuchi
3411 3391 3597 3447 beatae

1955 3479 2224 3550 Eugeniae
2274 3479 2535 3550 virginis.
2597 3479 2705 3543 Qui
2771 3480 3069 3551 aliquanto
3120 3484 3380 3550 tempore
3437 3483 3593 3552 apud

1953 3570 2240 3640 Egyptum
2275 3568 2331 3622 in
2366 3569 2718 3624 monasterio
2746 3586 3042 3624 servorum
3103 3568 3205 3624 Dei
3249 3570 3590 3638 conversati,

1953 3658 2163 3713 deinde
2212 3674 2345 3712 cum
2403 3656 2745 3712 beatissima
2789 3657 3010 3729 virgine
3064 3657 3308 3712 Romam
3357 3659 3596 3725 reversi,

1953 3747 2062 3802 sub
2096 3746 2356 3801 Gallieno
2387 3747 2738 3818 imperatore
2765 3764 2867 3818 pro
2899 3747 3012 3801 ﬁde
3034 3745 3248 3801 Christi
3279 3745 3595 3801 durissime

1949 3836 2346 3906 verberantur,
2381 3853 2445 3890 ac
2470 3836 2680 3891 deinde
2739 3837 2956 3907 pariter
3007 3834 3390 3890 decollantur.
3441 3838 3594 3901 Quo-

1952 3925 2124 3979 modo
2153 3942 2286 3979 vero
2319 3925 2487 3979 beata
2517 3925 2778 3995 Eugenia
2835 3928 3070 3995 propter
3126 3924 3308 3979 Deum
3359 3941 3594 3980 mascu-

1949 4013 2073 4068 lum
2102 4030 2162 4068 se
2194 4013 2482 4068 simulans
2510 4013 2689 4068 vitam
2717 4012 3152 4068 sanctissimam
3184 4013 3430 4081 duxerit,
3465 4031 3528 4068 ac
3561 4032 3595 4069 a

1951 4102 2148 4157 Niceto
2191 4106 2474 4172 prmeepto
2532 4102 2787 4170 detenta,
2849 4101 3231 4157 simulacrum
3281 4102 3472 4157 Dianae
3531 4103 3591 4160 in

1951 4189 2247 4260 pulverem
2298 4190 2516 4244 orando
2555 4191 2858 4262 redegerit,
2893 4190 3144 4261 qualiter
3172 4190 3346 4245 etiam
3379 4208 3588 4262 scapu-

1951 4278 2024 4333 lis
2056 4279 2183 4349 ejus
2215 4278 2436 4349 ingenti
2470 4295 2607 4334 saxo
2639 4280 2894 4348 astricto,
2920 4280 2980 4333 in
3033 4279 3286 4334 Tiberim
3327 4279 3592 4350 praecipi-

1949 4373 2067 4423 tata
2097 4367 2390 4438 passionis
2421 4384 2539 4422 suae
2571 4367 2942 4439 compleverit
2971 4384 3238 4439 agonem,
3273 4366 3420 4422 liber
3457 4366 3589 4422 Ges-

1951 4462 2143 4512 torum
2177 4458 2304 4527 ejus
2335 4457 2702 4511 suiﬁcientur
2733 4457 2982 4529 exponit.

1866 4551 1913 4616 D
2019 4563 2066 4618 II
2098 4564 2177 4617 lu.
2203 4563 2486 4617 SEPTEMB.
2520 4592 2588 4602 —-
2617 4561 2781 4632 Apud
2816 4564 3019 4615 urbem
3051 4560 3346 4628 Ticinum,
3379 4578 3506 4633 quae
3538 4567 3594 4619 et

1949 4652 2146 4723 Papia,
2190 4655 2524 4706 sanctorum
2579 4651 2979 4704 confessorum
3039 4649 3164 4721 Syri
3210 4654 3268 4704 et
3327 4651 3590 4721 Hyventii

1951 4740 2272 4813 [Juventii].
2321 4739 2427 4804 Qui
2487 4756 2521 4793 a
2570 4739 2738 4794 beato
2816 4739 3172 4809 Hermagora
3228 4738 3586 4810 Aquileiensi

1948 4830 2239 4902 pontifice,
2274 4826 2562 4899 discipulo
2593 4827 2746 4882 beati
2797 4826 2972 4882 Marci
3027 4826 3417 4897 evangelistae,
3450 4827 3589 4884 illuc

1948 4918 2170 4983 directi,
2203 4923 2334 4990 post
2363 4917 2670 4971 continuas
2701 4915 3280 4986 instantissimasque
3312 4916 3586 4986 praedica-

1946 5009 2135 5063 tiones
2166 5023 2231 5062 ac
2263 5005 2650 5077 plurimorum
2685 5004 3098 5060 miraculorum
3131 5004 3376 5060 virtutes
3401 5006 3459 5060 in
3491 5023 3589 5078 pa-

1944 5114 2008 5152 ce
2039 5096 2398 5168 quieverunt.

2017 5205 2096 5258 ID.
2132 5203 2418 5257 SEPTEMB.
2453 5233 2520 5241 ——
2552 5201 2719 5272 Apud
2752 5200 3159 5255 Alexandriam
3190 5200 3585 5271 Egypti,Phi-

1943 5291 2085 5364 lippi
2116 5291 2369 5363 episcopi
2419 5295 2474 5346 et
2506 5289 2794 5358 martyris.
2855 5289 2963 5352 Qui
2995 5289 3251 5360 primum
3277 5289 3582 5360 pra'fectus

1944 5381 2070 5448 fuit,
2105 5381 2206 5434 sed
2237 5380 2464 5449 deinde,
2523 5380 2718 5433 divina
2777 5379 2989 5432 ascitus
3039 5378 3246 5448 gratia,
3277 5377 3578 5450 episcopa-

1941 5473 2065 5524 tum
2100 5470 2338 5540 accepit,
2368 5474 2423 5523 et
2481 5468 2591 5522 sub
2644 5466 2960 5521 Volusiano
3009 5477 3184 5536 atque
3224 5465 3483 5522 Gallieno
3513 5484 3581 5524 ea

1941 5557 2177 5614 Perenio
2227 5557 2493 5629 praefecto
2552 5555 2802 5625 occisus,
2869 5556 3129 5628 martyrii
3191 5555 3438 5628 adeptus
3490 5561 3580 5614 est

1941 5646 2221 5721 palmam.

168 4557 375 4630 pulus
408 4563 698 4614 occurrat.

256 4666 340 4718 IV
374 4670 458 4719 In.
496 4666 777 4721 SEPTEMB.
811 4697 876 4706 —
931 4667 1096 4737 Apud
1149 4666 1400 4721 Africam
1429 4669 1640 4724 natalis
1673 4687 1838 4725 sanc-

163 4758 391 4809 torum
416 4754 826 4826 episcoporum
856 4755 1208 4823 Nemesiani,
1238 4755 1461 4823 Fellcis,
1495 4758 1674 4814 Lucii.

256 4845 413 4898 Item
446 4843 671 4914 Felicis,
726 4843 929 4915 Littaei,
982 4844 1240 4917 Polyani,
1287 4846 1562 4912 Victoris,
1611 4849 1838 4904 Jaderis

153 4935 229 4986 et
273 4933 490 4988 Dativi.
549 4934 658 4997 Qui
709 4934 817 4990 sub
877 4934 1051 4990 Decia
1107 4934 1413 5007 [Gallieno]
1447 4942 1502 4991 et
1533 4937 1836 4993 Valeriano

153 5037 284 5092 pro
320 5022 438 5076 fide
469 5021 689 5077 Caeristi
720 5023 970 5094 graviter
1026 5023 1281 5079 fustibus
1332 5026 1486 5093 cresi,
1535 5027 1836 5098 compedi-

151 5111 291 5164 bus
323 5110 531 5178 vincti,
565 5115 620 5166 et
649 5111 721 5166 ad
754 5112 1022 5167 fodienda
1082 5112 1317 5168 metalla
1365 5115 1646 5186 deputati,
1688 5133 1837 5171 mar-

153 5199 412 5271 tyrium
447 5205 1024 5256 consummaverunt.

241 5289 479 5344 Eodem
512 5289 603 5344 die
634 5290 693 5344 in
726 5288 1083 5344 Calchidona
1147 5289 1545 5362 [Chalcedone]
1598 5293 1692 5348 SS.
1738 5295 1836 5349 So-

149 5377 419 5434 sthenis
451 5383 508 5432 et
539 5378 808 5445 Victoris,
834 5378 931 5447 qui
965 5395 1096 5432 cum
1157 5379 1324 5433 beata
1370 5381 1691 5450 Euphemia
1729 5399 1832 5453 pro

150 5466 408 5523 Christi
441 5465 677 5522 nomine
709 5468 1048 5531 decertaret,
1080 5466 1228 5522 trusi
1259 5472 1397 5522 sunt
1427 5469 1485 5524 in
1519 5487 1829 5527 carcerem.

151 5555 326 5614 Inde
359 5554 628 5626 producti
655 5557 726 5611 ad
787 5555 1000 5627 stipem
1053 5554 1408 5628 religantur:
1472 5559 1680 5615 deinde
1713 5561 1830 5616 ursi

148 5650 224 5706 et
272 5642 690 5704 ferocissimus
739 5644 828 5704 leo
862 5645 922 5704 in
979 5661 1080 5704 eos
1128 5643 1482 5720 dimittitur;
1535 5650 1640 5708 sed
1696 5666 1832 5708 cum
