4012 6198
439 324 591 394 H54
1311 322 1385 390 B.
1431 325 1780 394 NOTKERI
1820 325 2163 393 BALBULI
2208 330 2273 392 S.
2321 328 2551 394 GALLI
2591 326 2947 395 MONACHI
3675 326 3825 390 H52

506 463 718 522 Eodem
749 462 843 519 die
898 460 1086 520 sancti
1138 462 1346 519 Aniani
1404 462 1724 535 presbyteri
1755 466 1812 519 et
1840 463 2071 519 abbatis
2100 468 2156 534 Α
2185 468 2469 531 rotarum,
2506 468 2635 537 post
2662 464 2902 520 verbera
2931 467 2989 520 et
3038 462 3230 536 ignes,
3285 458 3685 535 lapidumque
3740 478 3826 517 an-

437 552 774 610 monasterii
804 551 989 607 sancti
1021 552 1334 621 Romarici,
1366 552 1467 623 qui
1500 552 1661 606 miras
1712 552 2073 608 abstinentiae
2186 552 2480 626 gularium
2514 554 2791 625 pondera,
2825 557 2953 624 post
2983 568 3220 609 secures
3241 556 3298 607 et
3318 552 3650 624 sartagines
3674 552 3823 623 igne-

434 648 493 700 et
521 641 935 699 anachoreticac
966 641 1097 696 vitae
1130 645 1400 709 sectator,
1434 640 1723 698 illustrem
1774 641 2075 698 miraculis
2187 661 2272 711 as,
2306 644 2365 697 in
2396 643 2694 699 theatrum
2726 642 2976 708 ducitur,
3008 658 3075 697 ac
3108 642 3379 698 leonibus
3411 645 3470 696 et
3499 641 3709 697 bestiis
3735 643 3823 696 ob-

435 736 491 789 ct
516 731 830 787 virtutibus
859 731 1102 785 duxerat
1128 730 1329 788 vitam.
2176 731 2398 803 jicitur.
2430 737 2589 786 Tunc
2620 732 2787 786 beata
2818 730 3038 802 virgine
3096 734 3297 785 orante
3345 747 3467 785 una
3512 730 3821 785 bestiarum

502 838 677 893 XVIII
708 838 841 892 ΚΑΒ.
877 838 1081 892 Oc'ron.
1104 867 1167 880 -—
1200 838 1393 892 Romae
1418 837 1483 891 in
1516 836 1846 892 caemeterio
1867 836 2072 891 Callix-

2232 821 2448 889 :cessit,
2482 836 2862 891 mersumque
2922 822 3124 874 sancto
3178 819 3307 889 ejus
3360 818 3591 890 corpori
3624 819 3816 878 inﬁxit,

427 928 471 982 ti
504 926 718 981 natalis
748 925 1193 981 sanctiCornelii
1215 926 1491 997 episcopi,
1517 925 1615 996 qui
1651 926 1760 980 sub
1794 941 2011 996 perseci

1656 926 1760 980 sub
1794 941 2069 996 persecu-
2182 918 2241 965 et
2270 911 2350 965 ita
2378 914 2583 965 sancta
2613 909 2707 964 Dei
2740 909 2999 963 animam
3028 908 3240 963 emisit.

428 1017 585 1072 tione
614 1016 865 1071 Deciana
894 1015 1306 1071 Centumcellis
1364 1014 1565 1069 axsilio
1614 1016 1927 1084 deputatus
1958 1031 2012 1069 es

2252 1000 2470 1055 Eodem
2500 1000 2593 1055 die
2624 999 2817 1053 Romae
2848 1001 3061 1053 sanctae
3121 998 3304 1052 Luciaa
3363 1001 3419 1051 et
3474 997 3812 1053 Geminiani.

430 1109 640 1161 Postea
669 1104 839 1159 Decio
870 1103 1184 1171 exhibitus,
1219 1121 1350 1157 cum
1385 1103 1546 1158 nullo
1578 1120 1610 1158 a
1640 1104 1754 1158 ﬁde
1786 1103 2072 1158 catholica
2181 1091 2314 1153 Qua3
2349 1089 2517 1143 beata
2544 1087 2811 1142 Videlicet
2842 1087 3015 1142 LUCia
3044 1103 3179 1141 cum
3207 1085 3451 1157 triginta
3494 1092 3544 1141 εἴ
3595 1104 3699 1142 εει
3725 1104 3815 1142 ⁸ο·

431 1199 628 1267 posset
656 1194 903 1259 deﬂecti,
928 1194 1137 1262 jussus
1167 1198 1256 1247 est
1285 1192 1557 1247 decollari
1588 1209 1600 1246 :
1664 1208 1918 1263 cumque
1968 1193 2070 1245 du-
2179 1178 2272 1233 ῐιίε
2302 1177 2362 1232 in
2392 1176 2680 1267 landabilj
2707 1175 3045 1267 virgisitate
3101 1175 3219 1231 1)θο
3264 1176 3813 1267 δθτνίξᾫῖνῃδεθυδδίδ

417 1272 674 1352 ὀθτθῐυῐι,
708 1286 947 1354 rogatus
977 1281 1234 1336 visitavit
1264 1297 1501 1335 uxorem
1533 1280 1738 1335 militis
1795 1262 2001 1334 Cereali

2218 1270 2265 1321 st
2296 1282 2329 1320 a
2361 1266 2480 1321 filio
2506 1283 2613 1321 suo
2643 1264 2951 1336 Euprepio,
2986 1268 3044 1317 et
3074 1268 3273 1319 coacta
3300 1268 3370 1319 ut
3420 1262 3604 1319 idolis
3648 1267 3802 1318 sacri-

428 1390 555 1445 que
586 1373 844 1444 quinque
874 1370 1044 1425 annis
1075 1370 1387 1441 paralytica
1408 1370 1631 1439 jacens,
1649 1373 1848 1424 orante
1867 1386 2012 1424 sane

2221 1358 2395 1423 caret,
2430 1355 2779 1425 imperatore
2809 1352 3185 1422 Diocletiano,
3218 1352 3529 1423 judicibus
3587 1354 3804 1424 Apofra.

426 1461 708 1528 Cornelio,
740 1466 930 1516 erecta
984 1463 1040 1515 et
1100 1462 1304 1515 sanata
1360 1462 1466 1514 est.
1528 1460 1648 1524 Quo
1707 1458 1852 1526 viso,
1897 1458 2010 1512 mul

2221 1460 2265 1499 ιο
2296 1447 2351 1498 et
2379 1443 2651 1515 Megasio.
2688 1441 2850 1506 Quod
2883 1441 3065 1497 fecere
3097 1445 3502 1507 contemnens,
3537 1448 3679 1513 post
3709 1458 3805 1497 car-

426 1550 700 1622 baptizati
732 1556 890 1619 sunt,
924 1557 983 1605 et
1036 1565 1169 1604 cum
1228 1549 1397 1603 beato
1452 1547 1716 1603 Cornelio
1766 1547 2065 1613 trucidati,
2177 1549 2365 1588 001⁵831
2396 1537 2457 1622 εξ
2483 1531 2805 1622 δεεγίεδίφει
2860 1530 3099 1585 verbera
3146 1528 3341 1622 _mi533
3548 1530 3612 1585 in
3657 1531 3810 1586 Onam

426 1618 673 1696 numero
698 1618 902 1710 viginti
933 1642 990 1694 et
1019 1652 1210 1694 unus:
1243 1640 1300 1693 et
1328 1636 1577 1693 Cerealis
1606 1652 1741 1690 cum
1782 1652 1891 1691 sua
1921 1652 2064 1691 uxo-
2175 1622 2301 1693 Pica
2330 1625 2387 1676 et
2408 1620 2648 1693 Plumbo
2706 1620 3021 1710 fervente!“
3053 1637 3067 1674 ε
3098 1620 3199 1710 -άθ
3256 1635 3373 1689 qua
3401 1618 3617 1710 _iue53
3665 1637 3810 1710 δεῖθ’

426 1745 488 1785 re
515 1706 788 1783 Salustia'.
2175 1710 2362 1778 diens,
2396 1713 2634 1766 onerata
2662 1709 2813 1764 ferro
2846 1712 2900 1763 et
2930 1707 3173 1779 plumbo
3200 1723 3302 1779 per
3361 1706 3587 1779 plateas
3649 1709 3814 1764 trahi-

493 1817 709 1873 Eodem
738 1818 832 1873 die
861 1818 1015 1889 apud
1047 1816 1301 1871 Africam
1335 1816 1486 1871 beati
1503 1815 1773 1887 Cypriani
1804 1813 2060 1886 episcopi
2093 1838 2140 1902 B
2176 1802 2273 1902 ξω·
2300 1798 2573 1902 οίνίίξᾶίίῇ,
2597 1802 2656 1854 8t
2684 1814 2818 1897 ουξΠ
2875 1796 3289 1902 βξνῐνεξιῐιξίεξθῒς
3312 1886 3327 1902 1
3348 1796 3597 1895 ἀοωξιω
3629 1800 3811 1902 cuius:

422 1909 480 1962 et
508 1907 803 1978 martyris,
836 1885 937 1976 qui
968 1905 1078 1960 sub
1108 1904 1413 1960 Valeriano
1444 1909 1502 1958 et
1541 1885 1823 1970 Gallieno,
1857 1907 2063 1975 agente
2094 1885 2140 1902 υ
2174 1889 2310 1978 datm
2342 1885 3247 1978 Ρίξῐθᾙῖίεὲηοωίηβ(ἷθωίυίθιῑιίν
3274 1886 3430 1978 idem
3460 1887 3549 1941 "if
3604 1887 3812 1943 σωιθειί

422 1975 1060 2067 Aspasio'proconsule,
1093 1994 1152 2048 in
1185 1993 1452 2048 exsilium
1486 1992 1757 2057 mittitur,
1790 1998 1846 2047 et
1904 2009 2006 2063 pos

2224 1976 2455 2032 ιὶιιαουιο
2488 1976 2803 2031 instinctus
2862 1975 3009 2046 (visa
3064 1979 3155 2030 est
3192 1976 3409 2046 quippe
3441 1992 3613 2046 super
3642 1983 3808 2048 caput

423 2063 589 2139 estde
618 2063 821 2139 exsilio
852 2087 1173 2147 revocatus,
1216 2100 1250 2137 a
1280 2082 1531 2137 Maximo
1562 2080 1925 2153 proconsule,
1962 2080 2061 2152 qui
2171 2067 2299 2137 ejus
2329 2066 2598 2121 COlumba
2656 2064 2953 2135 Γθείάθτθ),
3016 2064 3276 2135 Parve“it
3334 2065 3405 2119 ad
3466 2063 3660 2119 locum
3708 2066 3801 2121 “hi

418 2171 661 2245 Aspasio
691 2176 1071 2237 successerat,
1104 2172 1177 2226 ob
1204 2170 1659 2242 insuperabilem
1692 2170 1827 2224 ﬁdei
1891 2186 1995 2224 con

2223 2160 2376 2211 meta
2408 2154 2503 2210 Dei
2536 2155 2937 2224 torquebatur,
2962 2157 3021 2209 et
3051 2158 3255 2224 petens
3283 2154 3807 2225 haptismum,cum

420 2242 664 2317 tentiam
691 2261 884 2334 gladio
915 2277 1249 2332 percussus,
1282 2259 1552 2332 migravit
1599 2260 1670 2313 ad
1721 2258 2054 2313 Dominum.
2169 2244 2271 2300 illa
2300 2243 2517 2315 Pariter
2544 2243 2739 2315 gladio
2769 2242 3101 2299 trueidatus
3131 2246 3238 2297 θεῖ·

420 2351 584 2407 Passi
615 2354 754 2406 sunt
782 2356 979 2406 autem
1038 2365 1170 2405 cum
1238 2365 1303 2404 eo
1348 2348 1813 2417 Crescentianus,
1844 2350 2060 2402 Auctor
2238 2352 2335 2407 XV
2367 2353 2495 2407 KAL.
2530 2354 2737 2406 Oc'ros.
2770 2380 2838 2391 --
2868 2350 2932 2403 In
2965 2348 3284 2404 Britanniis
3313 2350 3574 2405 Socratis
3606 2356 3663 2404 et
3694 2350 3808 2405 Ste-

419 2440 681 2513 [Victor],
726 2438 945 2495 Rosula
1000 2442 1057 2495 et
1113 2436 1433 2494 Generalis.
1490 2437 1671 2507 Cujus
1730 2452 1866 2492 ossa
1922 2453 2057 2492 cum
2166 2441 2367 2512 phani.

419 2535 620 2586 sancto
649 2530 837 2601 capite
867 2528 1053 2584 sancti
1084 2525 1885 2597 Pantaleonis,membrisque
1916 2527 2055 2597 Spe-
2236 2528 2597 2595 Novioduno,
2628 2525 2946 2592 Valeriani,
2977 2526 3216 2582 Macrini
3249 2530 3303 2581 et
3331 2527 3642 2583 Gordiani.

418 2618 529 2674 rati
559 2618 853 2690 martyris,
887 2616 1061 2690 legati
1091 2616 1278 2673 Caroli
1311 2616 1505 2689 Magni
1556 2614 1949 2687 imperatoris,
1982 2616 2055 2670 ab
2238 2618 2436 2673 Romae
2464 2614 2738 2672 nativitas
2768 2614 2954 2670 sancti
2998 2615 3220 2672 Justini
3253 2616 3611 2688 presbyteri,
3647 2619 3746 2688 qui
3780 2636 3810 2671 ι

414 2714 607 2764 Aaron
635 2723 770 2781 rege
800 2708 1109 2763 Persarum
1167 2706 1402 2773 reversi,
1463 2720 1662 2761 secum
1723 2722 1792 2759 ex
1822 2704 2055 2760 Oriente
2164 2707 2332 2763 beato
2364 2706 2522 2762 Sixto
2548 2703 2854 2760 ordinatus
2884 2707 2995 2774 est,
3025 2705 3195 2775 eique
3223 2706 3435 2761 beatus
3462 2706 3805 2761 Laurentius

418 2798 884 2869 deportaverunt.
945 2796 1099 2859 Quas
1158 2796 1462 2851 beatorum
1537 2798 1860 2866 martyrum
1920 2792 2052 2848 reli-
2162 2796 2338 2867 pedes
2367 2795 2589 2865 levans,
2649 2792 2774 2848 suis
2824 2810 2885 2848 se
2934 2793 3301 2849 orationibus
3349 2796 3801 2850 commendavit.

416 2886 606 2957 quies,
685 2886 756 2940 ab
842 2884 1193 2956 imperatore
1248 2898 1577 2949 concessas,
1641 2882 2052 2953 Lugdunensis
2161 2884 2322 2940 Idem
2351 2885 2626 2941 Justinus
2657 2898 2902 2954 corpora
2930 2887 3269 2938 sanctorum
3309 2882 3627 2955 Hyppoliti,
3664 2885 3806 2940 Con-

414 2974 723 3045 episcopus
746 2973 943 3043 insue
973 2972 1275 3028 collocavit
1302 2971 1550 3026 civitate.
2161 2972 2389 3039 cordia},
2423 2972 2644 3037 Irenzsi,
2674 2971 2929 3027 Abundii
2954 2976 3010 3028 et
3039 2971 3263 3045 Cyrillaa
3305 2971 3436 3026 ﬁliae
3481 2972 3646 3028 Decii
3705 2975 3799 3028 im-

483 3061 700 3117 Eodem
733 3061 825 3116 die
855 3061 1126 3117 exaltatio
1147 3063 1364 3115 sancte
1392 3060 1619 3115 crucis:
1652 3074 1778 3128 quae
1836 3058 1907 3112 ab
1944 3060 2053 3112 He-
2160 3062 2464 3135 peratoris,
2503 3061 2816 3133 sepulturae
2847 3061 3109 3127 tradidit,
3168 3066 3227 3117 et
3284 3063 3346 3116 in
3400 3063 3804 3133 persecutione

412 3149 545 3207 leua
573 3150 828 3220 inventa,
872 3149 954 3205 ita
1011 3166 1114 3221 per
1168 3147 1428 3204 medium
1487 3151 1645 3203 secta
1702 3151 1809 3213 est,
1870 3150 1934 3201 ut
1993 3150 2049 3200 et
2082 3208 2119 3224 η
2161 3151 2339 3220 Decii,
2382 3150 2529 3208 Galli
2561 3156 2617 3205 et
2646 3149 2971 3220 Volusiani,
3005 3150 3389 3206 confessionis
3424 3151 3625 3224 gloria
3676 3153 3802 3207 insi.

405 3256 546 3296 crux
575 3237 991 3311 Hierosolymis
1049 3242 1412 3304 conservata,
1457 3240 1517 3291 et
1570 3252 1711 3291 crux
1766 3238 2045 3290 Constan-
2078 3208 2121 3273 Ο
2160 3240 2485 3313 guissimus
2514 3238 2641 3295 fuit.

403 3328 715 3402 tinopolim
755 3327 832 3383 sit
889 3329 1218 3399 deportata.
1286 3327 1423 3383 Post
1477 3325 1665 3381 multa
1720 3328 2049 3395 temporum
2231 3331 2377 3386 Item
2426 3329 2619 3385 Roma
2676 3328 2933 3386 Narcissi
2990 3332 3047 3385 et
3102 3329 3534 3386 Crescentionis
3596 3330 3804 3402 inm-ty-

405 3411 717 3487 curricula,
752 3421 1063 3472 Persarum
1097 3433 1240 3488 gens
1271 3432 1404 3470 cum
1438 3430 1572 3486 rege
1602 3431 1708 3469 suo
1756 3413 2050 3468 Chosdroe
2160 3436 2312 3474 rum,
2642 3484 2645 3489 _

406 3506 625 3562 multas
656 3507 1057 3562 Romanorum
1088 3504 1416 3575 provincias
1448 3504 1839 3573 devastantes,
1872 3501 2047 3557 etiam
2229 3507 2555 3579 Tungrensi
2613 3506 2847 3562 diceeesi
2923 3505 3136 3562 natalis
3209 3505 3400 3562 sancti
3462 3507 3807 3564 Landeberti

403 3595 868 3669 Hierosolymam
908 3594 1212 3649 invadunt.
1248 3598 1327 3648 De
1386 3609 1504 3663 qua
1559 3590 1832 3663 plurimis
1883 3608 2047 3646 orna-
2158 3595 2497 3668 [Lamberti]
2521 3596 2799 3668 epiSCOpi.
2832 3595 2941 3659 Qui
2970 3596 3113 3650 dum
3146 3596 3367 3668 regiam
3397 3596 3649 3651 domum
3689 3597 3805 3653 zelo

404 3691 739 3742 mentorum
768 3683 1100 3753 insignibus
1131 3681 1341 3737 ablatis
1366 3697 1596 3737 crucem
1659 3696 1892 3753 quoque
1934 3686 2046 3735 Do-
2156 3685 2453 3757 religionis
2484 3701 2786 3751 accensus,
2813 3684 3196 3756 increpasset,
3224 3684 3378 3739 intra
3431 3685 3683 3740 domum
3719 3703 3811 3742 ec-

404 3774 683 3830 minicam
716 3773 1039 3833 abducunt.
1080 3772 1234 3835 Quas
1264 3770 1560 3825 Chosdroe
1589 3769 1648 3824 in
1689 3774 1910 3824 turrem
1963 3786 2046 3824 ar-
2155 3773 2341 3829 clesiza
2374 3774 2691 3828 occiditur:
2728 3774 2899 3845 cujus
2930 3772 3269 3845 sepulcrum
3300 3772 3502 3827 crebris
3537 3773 3811 3828 miracu-

396 3868 668 3935 genteam
700 3861 1026 3928 constituit,
1060 3859 1292 3931 sibique
1321 3857 1378 3912 in
1411 3859 1616 3913 eadem
1646 3858 1795 3913 turri
1844 3858 2041 3913 sedem
2152 3862 2343 3918 lorum
2373 3862 2809 3919 ostensionibus
2840 3861 3189 3918 illustratur.

400 3966 469 4005 ex
498 3967 639 4006 auro
670 3953 916 4022 paravit,
948 3950 1009 4004 in
1040 3965 1159 4020 qua
1210 3947 1371 4002 velut
1434 3946 1654 4018 collega
1704 3947 1801 4002 Dei
1845 3947 2044 4003 sedere
2224 3969 2347 4024 XIV
2377 3970 2514 4024 Κη,
2550 3970 2757 4039 θετοθῖ
2791 3999 2860 4011 __
2915 3968 3199 4024 Nativitas
3257 3968 3447 4025 sancti
3494 3968 3799 4035 Memmii},

398 4038 721 4135 οοηῗυθῖιξῐ·
792 4037 1093 4135 Ηθξθξδξίαε
1140 4036 1321 4109 igitur
1372 4039 1669 4135 Romanfm
1730 4035 2045 4135 iflpefator
2152 4058 2378 4131 Olympi
2406 4059 2673 4130 Lyciae,et
2698 4035 2900 4130 postea
2920 4058 3053 4131 Tyri
3078 4057 3480 4130 episcopi,qui
3510 4058 3625 4113 sub
3651 4059 3811 4113 Dioc-

399 4125 840 4225 οοηίτθιξξπξξλθ
871 4126 1089 4181 bellum
1123 4140 1458 4197 aggressus:
1491 4124 1681 4225 000ίὲίῖ
1727 4124 2040 4191 δὴοεάτοθι
2150 4124 2365 4203 let-iano
2387 4124 2715 4202 initlbacide
2733 4124 3330 4218 [Chalcidejmartyrio
3346 4124 3675 4201 coronatus
3696 4152 3804 4202 est.

399 4212 728 4269 venerabile
756 4212 983 4286 lignum
1014 4230 1146 4269 cum
1179 4229 1395 4286 magna
1422 4213 1789 4269 veneratione
1845 4230 1980 4285 repo

2226 4236 2455 4291 Viennae
2488 4236 2674 4291 sancti
2706 4234 2973 4291 Ferreoli.
3001 4235 3265 4301 Quicum
3297 4238 3455 4291 esset
3482 4235 3810 4291 tribunitiae

397 4302 582 4397 tavit:
615 4307 672 4397 et
700 4304 760 4397 in
791 4303 995 4397 eodem
1026 4302 1119 4359 dic
1150 4302 1335 4397 caecis,
1370 4302 1726 4397 paralyticis,
1772 4303 2040 4397 leprosis,
2150 4324 2479 4397 potestatis,
2512 4341 2616 4395 pro
2647 4325 2761 4380 ﬁde
2801 4323 3016 4379 Christi
3076 4322 3483 4379 crudelissime
3531 4324 3808 4381 verbera—

397 4392 775 4492 ξίδξίιοηίεοξξ
807 4392 1076 4465 Pluribus
1139 4392 1382 4459 sanatis:
1439 4392 1615 4448 etiam
1665 4396 1934 4448 mortuus
1965 4392 2043 4447 Vi"
2147 4392 2264 4481 tur,
2297 4392 2530 4469 catenis
2574 4412 2792 4485 ligatus
2846 4414 2906 4467 in
2958 4429 3249 4469 carcerem
3304 4412 3613 4481 truditur;
3649 4416 3814 4469 unde

397 4484 519 4536 tam
550 4484 782 4567 recepit.

2234 4502 2429 4579 i~nutu
2462 4484 2670 4558 solutis
2698 4502 2952 4557 vinculis
2981 4502 3270 4570 educitur,
3291 4505 3349 4556 et
3378 4506 3585 4573 postea
3614 4504 3697 4558 ab
3732 4505 3816 4558 in-

468 4588 615 4644 XVII
646 4590 784 4645 KAL.
810 4590 1018 4644 Ocres.
1061 4618 1130 4632 -—-
1186 4588 1410 4643 Natalis
1467 4587 1655 4643 sancti
1705 4586 2039 4645 Nicomedis
2071 4574 2119 4638 D
2150 4574 2559 4662 sequentibus,
2590 4592 2663 4646 ad
2695 4591 3023 4647 Brivatense
3054 4590 3417 4647 territorium
3458 4592 3817 4663 perductus,

401 4676 693 4748 martyris,
728 4693 902 4749 quem
927 4675 1167 4732 Flaccus
1196 4692 1411 4747 comes,
1440 4675 1580 4747 quia
1608 4692 1821 4747 corpus
1871 4692 2041 4731 sanc-
2152 4680 2338 4752 capite
2368 4680 2775 4736 detruncatur.

400 4770 469 4822 ιω
506 4765 765 4821 Feliculaa
797 4766 1070 4837 martyris
1099 4764 1388 4836 sepelivit,
1414 4768 1470 4819 et
1501 4763 1640 4835 quia
1663 4764 1838 4820 idolis
1869 4765 2045 4820 sacri-
2219 4769 2347 4825 XIII
2380 4770 2515 4826 KAL.
2548 4770 2758 4826 Oc'ros.
2789 4800 2859 4811 -—-
2888 4769 2953 4825 In
2999 4768 3237 4841 Neapoli
3290 4770 3624 4841 Campaniae
3675 4772 3823 4827 civi-

399 4856 574 4911 ficare
599 4854 965 4926 contempsit,
996 4857 1238 4910 eatenus
1264 4852 1584 4923 plumbatis
1643 4852 1788 4907 caedi
1838 4855 2037 4924 jussit,
2149 4862 2287 4928 tate,
2322 4859 2535 4914 natalis
2566 4859 2751 4915 sancti
2782 4844 3071 4927 Januarii,
3104 4857 3521 4915 Beneventanis
3557 4859 3822 4916 civitatis

401 4945 588 5001 donec
640 4941 821 4998 vitam
849 4943 1061 5008 ﬁniret,
1120 4958 1449 5014 corpusque
1506 4942 1635 5011 ejus
1687 4941 1745 4996 in
1784 4943 2039 4999 Tiberim
2150 4946 2429 5019 episcopi,
2467 4947 2617 5004 Sosii
2649 4946 2878 5004 diaconi
2908 4947 3265 5004 Mensenalis
3319 4946 3691 5020 [Misenatis]
3749 4949 3825 5004 ci-

399 5031 847 5105 pmcipitatum,
881 5048 915 5087 a
944 5030 1186 5087 diacono
1216 5047 1321 5086 suo
1352 5030 1663 5085 collectum
1692 5035 1749 5087 et
1803 5031 2040 5088 honori-
2149 5036 2369 5103 vitatis,
2402 5041 2458 5092 et
2487 5037 2717 5094 diaconi
2749 5037 2927 5103 Festi,
2962 5040 3018 5094 et
3066 5036 3303 5093 lectoris
3355 5036 3678 5093 Desiderii.
3716 5038 3827 5102 Qui

398 5123 508 5177 ﬁce
538 5120 833 5193 sepultum
866 5124 973 5177 est.
2152 5142 2289 5181 cum
2320 5125 2670 5181 ducerentur
2697 5126 2771 5181 ad
2804 5130 3075 5191 mortem,
3142 5125 3416 5182 viderunt
3474 5125 3639 5181 inter
3673 5127 3830 5182 alios

468 5209 723 5268 Eeodem
753 5210 846 5265 die
906 5209 964 5264 in
1020 5207 1309 5263 territorio
1348 5207 1736 5265 Cavillonensi
1768 5208 2041 5278 [Cabillo-
2149 5213 2464 5269 Proculum
2495 5214 2825 5270 Puteolanas
2857 5214 3115 5271 civitatis
3145 5215 3482 5279 diaconum,
3515 5219 3580 5271 et
3627 5215 3829 5272 laico!

398 5300 589 5367 nensi]
618 5298 833 5354 natalis
865 5298 1050 5354 sancti
1080 5296 1374 5353 Valeriani
1405 5296 1700 5367 martyris.
2152 5304 2319 5374 duos,
2353 5303 2651 5375 Eutychen
2682 5307 2739 5360 et
2794 5306 3096 5372 Acutium,
3143 5303 3245 5375 qui
3300 5303 3824 5375 interrogaverunt

471 5387 591 5446 XVI
628 5388 762 5443 KAL.
798 5388 1005 5444 Ocros.
1038 5417 1106 5428 ——
1143 5388 1208 5442 In
1259 5386 1488 5443 civitate
1541 5384 1905 5444 Chalcedone
1935 5407 2038 5446 na-
2151 5408 2333 5464 quare
2357 5392 2507 5463 justi
2534 5393 2886 5464 juberentur
2915 5392 3119 5449 occidi.
3154 5395 3308 5462 Quos
3360 5393 3573 5464 judcx,
3614 5394 3824 5452 Chri-

398 5478 536 5535 talis
566 5482 780 5533 sancte
815 5476 1163 5548 Euphemiac.
1198 5476 1325 5533 Haec
1380 5475 1491 5531 sub
1548 5474 1901 5533 Diocletiano
1931 5479 2040 5534 im-
2149 5481 2341 5539 tianos
2372 5497 2500 5538 esse
2531 5480 2889 5554 intelligens,
2919 5481 3193 5539 decollari
3218 5482 3410 5554 jussit
3437 5497 3581 5538 cum
3612 5482 3764 5539 illis.

398 5571 665 5639 peratore
692 5583 825 5623 cum
858 5566 991 5623 aliis
1020 5565 1409 5639 quadraginta
1460 5566 1926 5623 novem‘tradita
1955 5575 2044 5625 est
2222 5572 2436 5627 Eodem
2469 5570 2563 5629 die
2594 5571 2653 5630 in
2685 5572 2935 5629 Palesna
2961 5571 3314 5644 [Palmstina]
3372 5571 3600 5631 natalis
3632 5572 3822 5631 nandi

400 5654 734 5733 proconsuli
764 5654 982 5723 Prisco,
1041 5660 1098 5711 et
1152 5660 1285 5729 post
1340 5670 1597 5711 carceres
1645 5670 1711 5711 ac
1740 5659 2041 5719 tormenta
2153 5660 2329 5722 Marci
2368 5659 2573 5732 [Elia],
2633 5661 2789 5723 Pelei
2836 5660 3033 5735 [Pelei]
3086 5666 3149 5721 et
3200 5660 3312 5721 Nili
3372 5660 3835 5738 cpi-mpetu.
