4012 6198
393 320 554 390 1180

1291 314 1363 376 Β.
1409 315 1756 382 NO'PKERI
1800 311 2140 378 BALBULI
2189 314 2254 375 S.
2303 312 2529 378 GALLI
2569 309 2932 378 ﬂONACHl

3657 309 3836 374 anno

392 452 578 511 clesiaa
611 449 1014 524 pontiﬁcatum
1046 447 1254 516 tenuit,
1315 448 1404 504 vir
1447 449 1908 506 eruditissimus.
1941 447 2044 503 Hic
2073 451 2126 516 Α
2157 451 2328 503 caute
2379 461 2580 516 manu,
2635 444 2876 510 devicta,
2921 443 3291 516 sanitateque
3329 446 3586 516 recepta,
3617 441 3832 500 solita-

391 539 696 597 constituit
725 537 817 592 die
871 537 1128 608 Sabbati,
1153 537 1449 608 jejunium
1483 543 1570 595 ter
1597 537 1657 592 in
1719 554 1871 594 anno
1900 536 2045 607 ﬁeri,

392 628 714 686 secundum
737 625 1124 698 prophetiam,
1155 627 1460 692 frumenti,
1488 626 1607 682 vini
1630 630 1688 682 et
1719 625 1851 682 olei.

464 719 526 773 In
559 715 856 788 Hispaniis
887 714 1109 785 Fausti,
1167 715 1342 771 Marci
1372 720 1430 770 et
1457 716 1647 772 Adriae
1677 715 1960 786 [Januarii
1995 715 2053 770 et

391 805 724 876 Martialis].
1057 798 1068 809 ”

461 898 525 950 In
556 893 941 950 Chalcedonia
971 892 1247 948 Marcelli.

459 986 523 1038 ln
553 983 910 1038 Alexandria
942 981 1126 1038 sancti
1155 982 1453 1038 Anastasii
1484 982 1760 1054 episcopi.

459 1072 508 1128 Il
547 1073 628 1126 ID.
681 1071 884 1127 Ocros.
945 1102 1012 1110 —
1044 1069 1320 1124 Nativilas
1370 1069 1556 1125 sancti
1589 1068 1816 1124 Callixti
1861 1085 2050 1141 papae,

388 1161 487 1234 qui
521 1161 632 1216 sub
657 1159 982 1215 Alexandro
1014 1159 1366 1231 imperatore
1387 1159 1732 1230 martyrium
1770 1158 2048 1229 suscepit.

386 1251 703 1322 Postquam
730 1249 884 1305 enim
916 1245 1321 1303 Palmachium
1353 1245 1764 1317 proconsulem
1811 1249 1867 1301 et
1897 1247 2051 1302 Sim-

388 1338 631 1411 plicium
663 1342 1013 1402 senatorem,
1049 1351 1184 1390 cum
1238 1335 1398 1390 omni
1455 1333 1676 1389 familia
1727 1351 1953 1401 eorum,
1983 1351 2050 1390 ac

388 1427 606 1483 multos
637 1425 784 1481 alios
813 1423 1150 1497 baptizavit,
1217 1426 1410 1478 tentus
1441 1427 1528 1479 est
1587 1423 1658 1477 ab
1692 1423 2047 1488 Alexandro,

387 1532 544 1585 fame
576 1514 886 1583 cruciatur,
922 1511 1177 1567 fustibus
1212 1512 1471 1582 caeditur,
1511 1511 1789 1568 custodiae
1822 1511 2053 1566 manci-

392 1611 586 1676 patur.
642 1605 704 1658 In
749 1619 864 1674 qua
897 1601 1162 1656 custodia
1192 1601 1493 1673 presbyter
1523 1601 1650 1671 ejus
1683 1599 2048 1672 Calepodius,

393 1695 620 1749 dudum
653 1689 1084 1760 martyrizatus,
1144 1707 1278 1745 eum
1309 1690 1556 1744 visitans
1591 1689 2002 1745 consolabatur
2035 1707 2049 1756 ;

389 1781 490 1837 ubi
520 1781 700 1836 etiam
733 1779 1004 1848 militem,
1031 1779 1330 1834 Privatum
1364 1778 1620 1849 nomine,
1645 1779 1716 1832 ab
1749 1777 2046 1833 ulceribus

387 1887 625 1935 sanans,
695 1868 829 1924 fidei
879 1866 1173 1923 catholica;
1223 1867 1576 1938 aggregavit.
1632 1865 1795 1921 Unde
1856 1865 2042 1922 iratus

386 1959 707 2014 Alexander
761 1958 996 2012 beatum
1026 1955 1336 2012 Callixtum
1395 1972 1496 2027 per
1527 1956 1839 2010 fenestram
1874 1955 2038 2010 domi

384 2047 817 2121 pracipitari,et
842 2044 1018 2116 ligato
1049 2045 1121 2100 ad
1152 2045 1367 2099 collum
1390 2045 1518 2114 ejus
1540 2044 1764 2109 saxo,in
1795 2049 2040 2116 puteum

376 2138 548 2209 jubet
576 2134 856 2207 demergi,
892 2138 948 2189 et
979 2133 1037 2187 in
1071 2150 1205 2188 eum
1234 2133 1448 2187 rudera
1479 2132 1790 2188 cumulari.
1812 2132 1975 2188 Unde
2006 2150 2040 2188 a

385 2225 510 2281 suis
529 2225 850 2295 levatus,in
894 2222 1220 2277 cmmeterio
1243 2221 1536 2293 Calepodii
1568 2227 1656 2277 est
1683 2227 1848 2277 terras
1880 2239 2039 2277 com-

389 2313 727 2369 mendatus.

455 2401 726 2457 Corduba
754 2399 941 2456 sancti
975 2397 1137 2470 Lupi,
1170 2399 1434 2454 Aureliae.

455 2490 738 2562 Lugduno
768 2487 1074 2544 translatio
1104 2487 1134 2541 J
1143 2487 1256 2543 usti
1289 2486 1545 2559 episcOpi
1575 2490 1632 2542 et
1659 2487 2036 2551 confessoris,

384 2579 482 2649 qui
504 2578 864 2634 eremiticam
883 2577 1104 2632 ducens
1123 2575 1661 2647 vitam,prophetico
1676 2576 1884 2647 spiritu
1909 2593 2036 2648 quas

386 2671 519 2740 post
548 2683 610 2722 se
641 2670 869 2722 esssent
897 2670 1138 2721 ventura
1169 2665 1454 2736 praedixit.

453 2756 536 2811 Io.
570 2755 776 2811 Oc'ros.
809 2786 878 2794 —-
909 2755 971 2809 In
1005 2753 1207 2810 Galliis
1237 2755 1390 2825 apud
1424 2751 1722 2808 Coloniam
1767 2753 2035 2825 Agrippi-

386 2861 524 2900 nam
537 2849 874 2902 sanctorum
900 2843 1234 2898 Maurorum
1251 2843 1320 2897 de
1336 2841 1620 2897 militibus
1633 2846 1844 2897 sanctae
1858 2841 2036 2913 legio-

383 2935 477 2988 nis
509 2933 913 2988 Thebaaorum.
949 2930 1056 2993 Qui
1087 2947 1222 2984 cum
1255 2935 1452 2984 essent
1481 2945 1723 2983 numero
1751 2931 2036 3000 quinqua-

382 3021 567 3090 ginta,
601 3017 878 3088 martyrio
928 3015 1345 3082 consummati,
1377 3015 1436 3068 in
1485 3016 1688 3069 eadem
1728 3017 1869 3071 urbe
1902 3022 2040 3074 sunt

391 3105 629 3161 conditi.

457 3194 520 3249 In
549 3195 747 3266 Capua
777 3192 969 3248 Libuli
1002 3197 1059 3247 et
1088 3195 1300 3247 sancte
1335 3191 1681 3247 Fortunatae.

457 3283 671 3338 Eodem
702 3281 794 3336 die
826 3281 981 3353 apud
1015 3280 1367 3352 Lugdunum
1400 3279 1665 3336 Antiochi
1683 3280 1966 3354 episc0pi.

457 3371 606 3426 XVII
641 3370 774 3425 KAL.
807 3370 1070 3425 Novams.
1104 3399 1172 3408 —
1201 3369 1264 3424 In
1289 3368 1425 3423 Asia
1455 3368 1664 3424 Cerea.

459 3461 522 3515 In
551 3459 744 3514 Africa
764 3459 1151 3514 ducentorum
1173 3457 1544 3530 septuaginta
1565 3459 1781 3530 pariter
1800 3475 2038 3514 corona-

391 3554 608 3603 torum.

455 3641 602 3692 Item
619 3639 956 3692 sanctorum
972 3639 1294 3707 mortyrum
1307 3634 1785 3707 Martiani,Satyri
1795 3636 1888 3692 ani
1901 3653 2037 3691 cum

385 3725 616 3781 duobus
648 3723 928 3780 fratribus
958 3739 1181 3794 eorum,
1241 3728 1297 3778 et
1328 3723 1588 3778 Maxima:
1628 3723 1890 3796 virginis.
1928 3723 2038 3790 Qui

386 3814 496 3870 sub
525 3812 815 3869 Geiserico
846 3827 979 3883 rege
1003 3811 1214 3866 Ariano
1233 3810 1488 3883 primum
1513 3810 1748 3866 nodosis
1780 3812 2036 3868 fustibus

385 3917 576 3974 usque
605 3901 678 3956 ad
708 3917 842 3956 ossa
871 3898 1455 3972 discerpti,posteain
1493 3915 1666 3954 nervo
1689 3901 1916 3968 arctati,
1948 3901 2035 3955 di-

384 3991 638 4061 vinaque
664 3990 882 4045 virtute
909 3989 1160 4061 liberati,
1221 3988 1497 4044 continuo
1556 3988 1881 4044 incolumes
1912 3990 2034 4045 efﬁ-

383 4077 901 4134 ciuntur.Maxima
920 4078 1136 4132 Christi
1167 4077 1408 4144 famula,
1439 4077 2033 4144 dimissa,multarum

382 4167 677 4239 virginum
699 4169 884 4220 mater
905 4172 992 4221 est
1013 4167 1231 4221 effecta.
1257 4166 1484 4237 Reliqui
1499 4167 1671 4237 jussu
1698 4167 2035 4239 impiissimi

383 4253 839 4328 tyranni,ligatis
868 4253 1118 4326 pedibus
1149 4259 1282 4326 post
1311 4257 1475 4326 terga
1503 4257 1859 4310 currentium
1891 4273 2034 4328 qua-

383 4344 706 4417 drigarum,
767 4344 920 4399 inter
947 4343 1184 4415 spinosa
1215 4342 1340 4398 loca
1367 4343 1618 4414 discissi,
1652 4344 1924 4400 obierunt
1973 4345 2032 4400 in

383 4433 652 4489 Domino.

454 4523 747 4593 (a)Eodem
778 4521 872 4576 die
891 4521 1045 4593 apud
1067 4519 1551 4592 Alemannos,qui
1579 4525 1637 4576 et
1657 4523 2035 4594 Suevi,juxta

381 4611 556 4683 Alpes
613 4611 951 4678 Rhetianas,
1011 4610 1296 4682 depositio
1354 4611 1473 4666 sive
1504 4611 1786 4666 transitus
1841 4611 1928 4667 vel
1963 4613 2034 4667 ad

382 4707 654 4754 aaternam
684 4700 863 4754 vitam
897 4697 1111 4754 natalis
1143 4699 1286 4766 dies,
1321 4698 1645 4755 beatissimi
1697 4699 1846 4756 Galli
1897 4717 2032 4755 con-

383 4787 853 4856 fessoris,festive
883 4787 1346 4851 celebratur.Qui
1393 4787 1464 4842 de
1495 4787 1688 4842 insula
1723 4789 2031 4857 beernia,

381 4894 510 4949 quae
541 4876 695 4932 inter
730 4875 1097 4931 Britanniam
1129 4880 1184 4930 et
1215 4875 1557 4948 Hispaniam
1592 4875 1703 4931 sita
1733 4876 2030 4946 est,divini

384 4965 600 5022 amoris
631 4964 911 5020 instinctu
944 4980 1080 5018 cum
1124 4964 1402 5036 magistro
1453 4968 1510 5019 et
1545 4964 1753 5020 abbate
1785 4981 1892 5020 suo
1925 4965 2033 5021 Co-

380 5054 663 5111 lumbano
721 5053 1198 5126 peregrinaturus
1252 5070 1353 5124 per
1419 5053 1634 5109 Gallias
1662 5053 1774 5108 iter
1831 5071 2031 5126 agens,

383 5143 792 5199 Alemanniam
820 5143 1123 5214 ingressus
1182 5147 1289 5197 est.
1324 5141 1577 5198 Veniens
1607 5142 1786 5214 igitur
1819 5143 1876 5197 in
1909 5158 2031 5200 ere-

382 5249 548 5288 mum
579 5249 709 5304 qua:
739 5232 852 5288 sita
880 5236 969 5286 est
997 5231 1148 5286 inter
1177 5229 1350 5302 Alpes
1382 5230 1678 5286 Retiarum
1709 5237 1766 5286 et
1796 5232 2036 5305 Brigan-

382 5322 491 5379 tini
523 5321 844 5393 marginem
878 5319 1060 5387 lacus,
1094 5325 1258 5392 patre
1287 5319 1648 5375 Columbano
1679 5320 1908 5376 Italiam
1939 5339 2035 5395 pe-

382 5415 560 5480 tente,
593 5409 933 5465 inﬁrmitate
989 5409 1262 5465 detentus
1294 5412 1400 5465 est.
1449 5409 1592 5478 Qua,
1624 5409 1821 5465 divina
1850 5411 2031 5467 medi-

451 5622 533 5711 ⁴(ιι)
561 5621 773 5682 Omnia
800 5637 870 5682 ex
897 5621 1215 5685 Walafrido
1246 5623 1531 5685 Strabono
1562 5625 1891 5704 desumpta.

2159 537 2304 591 riam
2339 537 2549 592 ducere
2581 535 2759 590 vitam
2815 534 3177 600 desiderans,
3222 533 3402 589 eremi
3453 537 3686 589 secreta
3711 533 3828 590 soli

2159 625 2276 681 Deo
2305 625 2706 695 vacando,non
2735 640 2948 679 vacans
2977 623 3230 678 fovebat.
3287 622 3408 677 Rex
3440 621 3621 695 igitur
3653 622 3829 694 Sige-

2159 714 2381 780 bertus,
2438 719 2503 769 ut
2561 712 2783 768 audivit
2841 712 2900 767 in
2959 711 3213 783 publicis
3269 727 3408 766 eum
3464 711 3823 768 commorari

2160 803 2653 874 possessionibus;
2674 800 2857 873 jussit
2887 801 3012 857 ﬁeri
3043 799 3536 872 conscriptionem
3569 800 3824 856 ﬁrmita-

2159 893 2330 959 tis,ut
2359 893 2445 946 vir
2473 895 2712 948 sanctus
2733 890 2927 946 locum
2949 906 3124 960 quem
3156 889 3449 944 incolebat
3475 905 3582 960 per
3609 893 3824 945 aucto-

2163 982 2393 1036 ritatem
2426 981 2722 1035 obtineret
2754 995 2767 1033 :
2799 979 2954 1034 datis
2985 977 3164 1033 etiam
3195 976 3282 1032 illi
3315 977 3433 1032 auri
3463 979 3819 1049 argentique

2161 1070 2542 1141 ponderibus,
2577 1068 2830 1124 Cunzoni
2886 1067 3020 1123 duci
3048 1066 3344 1139 praecepit,
3402 1067 3537 1124 utsi
3595 1066 3818 1122 solitu-

2162 1158 2316 1213 dinis
2369 1156 2560 1213 incola
2613 1155 2805 1227 vellet,
2863 1155 3206 1213 solatiorum
3263 1155 3314 1212 ei
3363 1154 3586 1227 copiam
3623 1155 3822 1211 aediﬁ—

2162 1247 2408 1302 candam
2439 1246 2643 1302 cellam
2675 1245 3174 1303 subministraret.
3215 1243 3455 1300 Athleta
3484 1244 3691 1316 itaque
3715 1244 3816 1300 Dei

2162 1334 2465 1406 spirituale
2522 1337 2967 1390 constructurus
3023 1331 3362 1399 aedificium,
3413 1332 3808 1403 parsimonia,

2161 1423 2523 1480 orationibus
2545 1423 2875 1496 vigiliisque
2905 1420 3494 1494 insistens,populum
3521 1423 3595 1478 ab
3623 1438 3809 1478 errore

2160 1511 2500 1568 idololatriae
2532 1512 2840 1579 revocavit,
2895 1510 3216 1568 simulacra
3269 1527 3474 1567 eorum
3506 1511 3812 1583 confregit,

2161 1591 2463 1674 signorum
2495 1601 2699 1656 effectu
2733 1600 3205 1672 praedicationem
3235 1616 3405 1655 suam
3436 1599 3815 1657 audientibus

2162 1689 2609 1746 commendavit.
2669 1689 2926 1754 Quarum
2958 1688 3461 1759 numerositatem,
3495 1688 3637 1760 quia
3665 1687 3814 1746 liber

2159 1778 2288 1833 vite
2344 1783 2402 1834 et
2446 1778 2727 1834 virtutum
2783 1778 2913 1848 ejus
2969 1778 3190 1849 ubique
3213 1777 3463 1834 habetur
3491 1783 3553 1832 et
3575 1775 3810 1850 legitur,

2157 1867 2443 1939 hodieque
2458 1882 2561 1938 per
2574 1865 2857 1921 miracula
2869 1883 2996 1938 quae
3007 1865 3176 1937 prius
3191 1870 3355 1938 gesta
3367 1871 3509 1922 sunt
3523 1881 3804 1939 augmen-

2150 1960 2368 2023 tantur,
2404 1955 2462 2009 in
2495 1955 2936 2026 praesentiarum
3001 1953 3440 2027 supersilimus,
3472 1954 3582 2010 hoc
3607 1953 3801 2010 solum

2151 2048 2677 2101 commemorantes
2708 2043 2862 2114 quod
2887 2043 3085 2098 divina
3097 2043 3287 2115 pietas
3320 2043 3557 2098 beatum
3576 2041 3806 2098 Gallum

2150 2133 2310 2206 genti
2366 2131 2715 2188 Alemannize
2772 2131 3104 2204 apostolum
3161 2131 3316 2201 fecit,
3359 2132 3461 2205 qui
3487 2131 3807 2198 nationem,

2150 2239 2327 2292 quam
2359 2221 2704 2293 paganismo
2760 2221 3082 2276 involutam
3113 2222 3348 2292 reperit,
3409 2220 3541 2275 fidei
3569 2219 3807 2280 veritate

2151 2310 2540 2375 imbutam,de
2571 2310 2828 2365 tenebris
2857 2308 3198 2382 ignorantiae
3230 2309 3302 2363 ad
3335 2307 3522 2365 solem
3535 2307 3804 2379 justitia,

2151 2398 2252 2470 qui
2309 2397 2579 2454 Christus
2608 2402 2716 2465 est,
2748 2398 2875 2468 ipse
2932 2396 3097 2452 callis
3129 2396 3230 2452 Dei
3262 2396 3450 2452 solers
3475 2398 3661 2453 viator
3720 2414 3804 2453 re-

2148 2487 2333 2553 duxit,
2375 2503 2441 2542 ac
2478 2486 2670 2542 locum
2714 2503 2890 2558 quem
2947 2491 3187 2541 eatenus
3246 2485 3521 2541 humana:
3576 2493 3799 2542 natura:

2148 2574 2631 2642 inaccessibilem,
2702 2574 2958 2646 solisque
3018 2575 3244 2641 bestiis,
3299 2576 3674 2647 serpentibus
3757 2581 3809 2630 et

2148 2664 2454 2718 daemoniis
2485 2663 2795 2719 obsessum
2856 2664 3098 2732 invenit,
3139 2664 3465 2719 exturbatis
3511 2664 3806 2732 hostibus,

2148 2751 2437 2806 divinitati
2466 2751 2869 2807 habitaculum
2894 2751 3516 2808 exhibuit.Videndum
3540 2769 3806 2807 summo-

2148 2857 2282 2912 pere
2310 2857 2376 2896 ac
2407 2840 2737 2896 timendum
2769 2845 2858 2897 est
2905 2858 2976 2896 ne
3008 2839 3449 2896 tabernaculum
3484 2841 3597 2909 Dei,
3634 2841 3806 2912 quod

2147 2931 2642 2985 demonstratiooe
2668 2929 2866 2985 divina
2883 2928 3204 3001 multisque
3228 2928 3522 2984 sudoribus
3541 2928 3630 2982 vir
3662 2945 3810 2984 sau-

2148 3022 2277 3072 ctus
2307 3018 2506 3090 erexit,
2559 3023 2819 3090 quotque
2877 3017 3062 3091 aegali
3120 3017 3459 3073 auctoritate
3488 3018 3550 3072 in
3581 3023 3807 3074 sortem

2147 3111 2205 3161 et
2235 3106 2564 3162 funiculum
2597 3107 2954 3162 haereditatis
2985 3105 3084 3162 Dei
3118 3111 3547 3177 sequestratum
3583 3107 3808 3176 est,ali-

2072 3180 2114 3246 C
2153 3213 2270 3268 qua
2298 3195 2568 3250 humana:
2598 3195 3076 3268 praesumptionis
3108 3196 3433 3251 temeritate
3466 3195 3810 3268 impetatur,

2151 3301 2223 3340 ne
2253 3283 2493 3339 avaritia
2521 3289 2764 3357 occupet
2793 3284 3124 3352 hominum,
3155 3285 3310 3356 quod
3341 3302 3375 3339 a
3406 3284 3568 3339 rabie
3600 3285 3813 3340 daemo-

2150 3390 2294 3428 num
2322 3378 2378 3428 et
2409 3373 2627 3428 saevitia
2653 3377 3039 3446 expurgatum
3065 3379 3153 3428 est
3181 3371 3539 3438 belluarum,
3573 3377 3814 3429 Postre-

2150 3479 2266 3531 mo,
2301 3477 2372 3516 ne
2403 3479 2517 3534 quo
2549 3461 2722 3517 delati
2781 3467 2922 3517 sunt
2975 3463 3048 3516 ab
3101 3461 3266 3534 equis
3309 3461 3618 3518 indomitis
3649 3469 3816 3517 artus

2149 3549 2298 3605 Galli
2330 3551 2692 3621 del’uncti,ibi
2724 3567 2860 3606 eum
2894 3551 3202 3606 molestare
3226 3556 3547 3624 przesumat
3577 3550 3818 3623 inquie-

2147 3640 2288 3695 tudo
2319 3639 2593 3710 quislibet
2622 3657 2802 3696 ausus
2835 3639 3099 3696 humani.

2217 3727 2340 3782 XVI
2371 3727 2505 3784 KAL.
2539 3728 2800 3783 Novsms.
2842 3761 2908 3770 —
2939 3729 3177 3785 Martha:
3208 3728 3426 3783 sororis
3460 3729 3681 3795 Lazari,
3751 3731 3814 3784 et

2148 3816 2484 3883 Aristionis,
2543 3817 2644 3890 qui
2701 3835 2854 3873 unus
2913 3817 3023 3872 fuit
3077 3835 3145 3875 ex
3201 3818 3568 3889 septuaginta
3623 3816 3814 3872 disci-

2147 3905 2322 3977 pulis.

2220 3995 2361 4049 Item
2393 3992 2606 4049 natalis
2637 3993 3014 4066 Heronis,qui
3043 3999 3175 4067 post
3203 3999 3472 4050 sanctum
3505 3995 3813 4066 Ignatium

2143 4081 2563 4138 Antiochenam
2598 4083 2742 4138 rexit
2770 4081 3086 4138 Ecclesium
3117 4084 3270 4155 quod
3329 4087 3386 4138 et
3419 4083 3531 4155 ipsi
3569 4083 3814 4154 lgnatio

2144 4171 2217 4226 ad
2248 4171 2581 4244 passionem
2632 4171 2794 4226 eunti
2841 4172 3160 4228 revelatum
3221 4176 3329 4228 est.
3366 4172 3473 4238 Qui
3503 4177 3560 4227 et
3590 4173 3728 4229 vita
3758 4180 3819 4230 et

2145 4260 2423 4332 martyrio
2455 4259 2718 4332 magistri
2770 4261 2864 4316 sui
2912 4260 3172 4316 imitator
3226 4261 3467 4316 effectus
3498 4266 3608 4331 est,
3652 4267 3827 4333 erat,

2142 4349 2299 4406 enim
2332 4350 2611 4405 diaconus
2644 4349 2870 4422 Ignatii.

2213 4439 2273 4493 In
2306 4437 2528 4506 Galliis,
2563 4437 2792 4493 civitate
2848 4437 3154 4507 Arausica,
3210 4438 3486 4494 Florentii
3539 4439 3828 4514 episcopi

2065 4549 2111 4613 Β
2143 4525 2244 4598 qui
2277 4525 2478 4582 multis
2507 4526 2820 4582 virtutibus
2854 4525 3073 4596 clarus,
3100 4528 3158 4581 in
3183 4544 3322 4600 pace
3354 4527 3588 4600 quievit.

2217 4615 2278 4670 In
2311 4615 2648 4670 Nicomedia
2683 4613 3013 4671 Alexandri.

2217 4704 2278 4759 In
2311 4704 2662 4760 Mauritania
2702 4704 2852 4772 Nini,
2882 4703 3152 4775 Victurii,
3184 4703 3520 4776 Nobilitani,
3549 4705 3830 4763 Μαι-ἰειηί

2147 4793 2321 4860 Lucii,
2356 4792 2593 4859 Mittini,
2625 4792 3038 4849 Crescentiani.

2217 4883 2361 4938 Item
2391 4881 2695 4938 translatio
2743 4882 3002 4954 corporis
3035 4883 3217 4938 sancti
3232 4882 3400 4947 ,Galli
3430 4887 3485 4938 et
3512 4882 3837 4941 dedicatio

2143 4970 2504 5043 opiparis(b)
2539 4976 2596 5025 et
2644 4971 3070 5026 decentissimas
3122 4971 3377 5028 basilica:
3422 4971 3631 5044 ipsius,
3685 4992 3837 5048 quae

2144 5059 2296 5115 inter
2327 5059 2477 5114 duos
2511 5064 2738 5114 montes
2796 5059 3013 5114 Sirium
3071 5065 3127 5115 et
3156 5060 3838 5120 Walthrammesberch

2142 5152 2481 5204 constructa
2509 5153 2617 5213 est,
2653 5164 2686 5203 a
2718 5147 2958 5203 meridie
2991 5149 3214 5205 habens
3254 5149 3494 5204 ﬂuvium
3520 5153 3838 5219 Steuaha,

2142 5238 2214 5292 ab
2247 5236 2516 5308 aquilone
2546 5235 2790 5291 ﬂuvium
2838 5237 3112 5309 Nigraha.
3146 5239 3294 5302 Quia
3321 5238 3484 5294 locus
3516 5255 3588 5293 ex
3616 5237 3844 5311 ipsius

2140 5326 2296 5382 beati
2329 5325 2562 5381 nomine
2593 5325 2777 5381 sancti
2809 5325 2956 5381 Galli
2979 5327 3408 5382 monasterium
3432 5331 3840 5398 cognomina-

2141 5419 2258 5470 tur.
2301 5413 2409 5470 Ubi
2441 5413 2687 5470 Domino
2716 5412 3000 5469 virtutum
3055 5417 3184 5486 ejus
3218 5417 3424 5472 merita
3453 5414 3834 5484 declarante,

2213 5631 2290 5710 (ὁ)
2321 5629 2662 5709 Ορίρανςτεοὶἀ
2684 5635 2778 5693 est
2799 5630 3072 5692 maximis
3090 5632 3442 5710 sumptibus
3471 5636 3832 5700 exstructa.
