4012 6198
268 300 441 362 1161

1290 296 2003 359 MARTYBOLOGIUM.
2030 327 2106 341 —
2136 296 2375 356 MENS.
2422 296 2718 359 OCTOB..

3544 299 3697 359 1162

292 432 425 488 caeci
456 430 1089 504 illuminantur,surdis
1123 429 1358 485 auditus
1389 430 1688 493 tribuitur,
1713 427 1939 482 mancis
1970 430 2024 493 Α
2059 428 2113 481 in
2147 444 2207 483 se
2237 428 2345 481 vivi
2379 427 2633 483 hominis
2668 432 3013 493 remaneret,
3045 427 3259 498 apertis
3290 429 3473 483 oculis
3504 430 3650 486 dixit
3682 449 3695 486 :

291 522 515 592 operari
546 520 907 588 conceditur,
943 520 1088 573 muti
1120 518 1456 590 linguarum
1490 517 1779 572 laxatione
1810 532 1939 587 gra-

290 609 575 677 tulantur,
613 609 838 663 claudis
898 624 1135 679 gressus
1180 608 1534 677 diriguntur,
1566 604 1941 683 epergumeni

291 716 324 753 a
353 698 662 768 spiritibus
695 713 946 755 nequam
982 695 1310 750 liberantur
1338 714 1349 750 :
1384 694 1575 750 clinici
1608 699 1781 765 atque
1813 710 1943 749 con-

288 787 481 852 tracti,
542 788 776 856 indepta
836 784 1018 856 gratis
1074 786 1343 849 sanitate,
1406 785 1734 856 eriguntur,
1778 783 1944 837 dolor

290 876 556 929 dentium
589 872 881 928 medicina
912 874 1094 927 trabis
1136 875 1546 943 compescitur,
1581 871 1941 943 reliquarum

290 963 466 1017 etiam
488 962 900 1016 inﬁrmitatum
925 961 1239 1016 exinanitio
1275 961 1492 1016 ibidem
1524 961 1797 1015 efﬁcitur.

361 1060 457 1114 XV
489 1061 622 1115 KAL.
684 1060 943 1114 Novsnn.
1004 1091 1070 1099 —
1117 1060 1313 1114 Sancti
1374 1060 1531 1113 Lucae
1563 1058 1941 1130 historiogra-

288 1149 389 1221 phi
451 1154 507 1203 ct
563 1148 955 1220 evangelistm,
1016 1150 1183 1219 cujus
1240 1148 1367 1202 vita:
1418 1147 1941 1211 conversationem,

289 1238 463 1292 ofﬁcii
498 1238 945 1308 professionem,
1011 1238 1145 1292 ﬁnis
1193 1237 1559 1308 qualitatem,
1593 1238 1649 1290 in
1682 1235 1944 1307 Epistola

289 1326 476 1393 Pauli,
533 1327 591 1380 in
644 1326 879 1381 Actibus
938 1325 1355 1398 apostolorum,
1421 1325 1479 1379 in
1524 1324 1818 1397 Evangelii
1851 1325 1941 1380 sui

290 1415 571 1486 prommio
605 1415 877 1486 reperies.

364 1513 557 1567 Romae
605 1513 948 1584 Tryphoniaa
983 1512 1176 1567 uxoris
1201 1512 1358 1567 Decii
1389 1511 1781 1582 imperatoris,
1816 1527 1942 1581 qua:

293 1605 427 1672 post
456 1600 917 1656 interfectionem
950 1600 1174 1656 Callixti
1208 1606 1265 1655 et
1314 1600 1629 1665 Laurentii,
1665 1598 1945 1653 divinitus

291 1689 497 1759 punito
530 1689 738 1744 marito
796 1706 925 1757 suo,
984 1706 1197 1760 aquam
1260 1689 1628 1761 baptismatis
1659 1705 1793 1742 curn
1827 1687 1945 1742 ﬁlia

292 1777 445 1833 Decii
474 1777 679 1848 Cyrilla
714 1779 994 1849 suscepit,
1024 1784 1081 1833 et
1112 1778 1225 1832 alia
1263 1779 1355 1832 die
1386 1778 1659 1832 defuncta
1692 1781 1797 1831 est.

364 1867 573 1922 Eodem
640 1867 732 1921 die
783 1866 1146 1937 Asclepiadis
1186 1867 1529 1922 Antiocheni
1593 1866 1848 1938 episcopi
1891 1870 1947 1920 et

292 1956 566 2027 martyris
600 1957 708 2010 sub
733 1957 902 2010 Decio
930 1957 1303 2026 imperatore.

366 2053 486 2108 XIV
518 2054 653 2107 KAL.
713 2053 971 2107 Novena.
1008 2085 1075 2092 ——
1104 2054 1271 2124 Apud
1338 2053 1707 2107 Antiochiam
1769 2052 1946 2125 Syriae

292 2141 503 2197 natalis
553 2141 737 2196 sancti
786 2141 1071 2206 Beronici,
1108 2141 1352 2213 Pelagia:
1382 2146 1440 2196 et
1470 2141 1713 2196 aliorum
1770 2143 1941 2212 quin-

292 2230 575 2301 quaginta
604 2246 833 2284 novem.
858 2232 992 2294 Quae
1015 2228 1249 2300 Pelagia
1280 2230 1469 2300 primo
1495 2230 1601 2283 fuit
1623 2231 1734 2284 sub
1766 2234 1945 2299 genti-

289 2319 471 2374 litatis
530 2319 645 2372 ritu
708 2318 999 2383 meretrix,
1059 2323 1262 2389 postea
1318 2335 1420 2389 per
1459 2319 1707 2389 gratiam
1740 2319 1840 2372 Dei
1891 2324 1948 2373 et.

294 2407 477 2463 sancti
514 2407 611 2461 Dei
661 2407 846 2460 Nonni
882 2407 1136 2478 episcopi
1177 2408 1389 2478 dogma
1421 2408 1492 2461 ad
1524 2408 1699 2462 ﬁdem
1730 2407 1945 2462 Christi

294 2513 571 2551 conversa
619 2500 675 2549 et
707 2495 1015 2565 baptizata,
1066 2495 1260 2549 omnia
1293 2512 1401 2549 sua
1430 2496 1788 2567 pauperibus
1820 2512 1945 2551 ero-

293 2584 533 2655 gavit,et
564 2584 620 2637 in
658 2588 849 2638 monte
901 2583 1104 2638 Oliveti
1134 2583 1501 2638 Antiochiam
1557 2585 1852 2649 deserens,
1884 2583 1944 2637 in

294 2671 419 2727 loco
452 2673 551 2727 ubi
582 2672 869 2726 Dominus
930 2672 1139 2726 ccclum
1200 2672 1464 2726 ascendit
1500 2671 1800 2743 parvulam
1833 2672 1943 2727 sibi

292 2759 496 2816 cellam
517 2761 862 2827 construxit,
897 2764 958 2815 et
978 2762 1086 2815 sub
1119 2759 1267 2815 virili
1290 2761 1493 2815 habitu
1523 2778 1588 2816 ac
1621 2761 1948 2816 monastica

292 2849 747 2913 conversatione,
781 2854 1124 2920 praesentem
1150 2849 1324 2903 vitam
1360 2848 1565 2903 ﬁnivit.

358 2938 573 2991 Eodem
607 2938 698 2991 die
740 2938 1043 2992 beatorum
1087 2942 1431 3013 martyrum,
1464 2936 1764 2992 Tholomei
1800 2937 1946 3007 [Pto-

288 3026 497 3093 lomaei]
529 3031 584 3078 et
602 3026 773 3079 Lucii.
800 3026 904 3088 Qui
930 3026 1289 3079 Tholomeus
1312 3030 1441 3095 post
1465 3025 1703 3080 vincula
1734 3029 1790 3079 et
1819 3042 1943 3079 car-

294 3125 514 3182 cerem,
540 3113 754 3183 quibus
786 3130 819 3167 a
845 3114 1182 3166 centurione
1214 3119 1451 3183 propter
1474 3114 1652 3165 divini
1686 3113 1945 3167 nominis

290 3201 715 3257 confessionem
747 3202 1039 3255 cruciatus
1072 3206 1180 3263 est,
1206 3200 1394 3269 judici
1428 3200 1657 3254 Urbicio
1689 3216 1962 3272 prazseng

291 3295 466 3357 tatus,
500 3291 691 3344 denuo
725 3291 795 3344 ab
826 3289 923 3344 illo
952 3290 1021 3343 de
1044 3288 1275 3343 cultura
1306 3288 1671 3343 examinatus
1704 3296 1807 3343 est.
1842 3290 1942 3342 Cui

292 3379 684 3434 Tholomeus:
724 3378 889 3441 «Qui
950 3383 1139 3449 negat,
1196 3377 1410 3447 inquit,
1464 3378 1619 3447 quod
1680 3382 1786 3443 est,
1820 3377 1945 3431 sine

293 3467 468 3523 dubio
496 3467 783 3538 culpabile
807 3467 1034 3537 judicat
1054 3483 1180 3522 esse
1204 3467 1357 3537 quod
1392 3470 1581 3537 negat.
1610 3488 1637 3514 ››
1657 3466 1944 3520 Continuo

293 3556 427 3613 duci
452 3558 521 3611 ab
546 3556 1222 3626 Urbiciojubetur.Quod
1244 3555 1447 3609 videns
1472 3554 1682 3609 Lucius
1705 3550 1945 3625 quidam

292 3645 681 3715 Christianus,
742 3646 888 3699 dixit
942 3644 1011 3698 ad
1038 3645 1297 3715 judicem
1325 3663 1341 3696 :
1378 3668 1401 3689 ‹‹
1437 3644 1569 3708 Cur,
1603 3644 1818 3714 inquit,
1853 3643 1946 3698 hic

292 3733 487 3799 homo,
522 3733 743 3789 nullius
776 3733 1042 3788 criminis
1073 3739 1402 3794 accusatus,
1440 3733 1540 3787 sed
1574 3731 1697 3787 sola
1726 3733 1945 3803 profes-

293 3822 454 3877 sione
489 3822 965 3888 Christianitatis,
1031 3822 1161 3876 duci
1216 3823 1457 3890 jubetur
1488 3822 1558 3876 ad
1594 3822 1884 3876 mortem?
1917 3842 1945 3870 »

293 3912 395 3965 Cui
456 3911 722 3965 Urbicius
784 3910 907 3964 ait:
969 3932 995 3957 ‹‹
1032 3910 1102 3964 Ut
1160 3911 1350 3977 video,
1402 3916 1457 3964 et
1488 3915 1549 3964 tu
1583 3910 1948 3965 Christianus

294 4018 355 4055 es
379 4001 406 4053 ‘2
442 4022 461 4048 ι
518 4000 639 4063 Quo
690 4001 1023 4066 conﬁtente,
1049 4000 1260 4069 jussus
1314 4004 1403 4053 est
1433 4004 1490 4052 et
1520 3999 1645 4069 ipse
1678 4000 1944 4054 interﬁci.

294 4089 399 4143 Sed
433 4092 488 4143 et
514 4089 725 4143 tertius
757 4089 994 4159 quidam
1028 4088 1293 4158 ejusdem
1333 4088 1409 4141 rei
1443 4103 1620 4141 causa
1644 4087 1817 4142 simul
1842 4104 1946 4158 pu-

297 4177 457 4232 nitus
505 4182 611 4232 est.
678 4178 836 4232 Passi
895 4180 1034 4231 sunt
1092 4177 1199 4230 sub
1234 4176 1523 4230 Anti-nino
1552 4174 1609 4229 hi
1645 4180 1946 4246 martyres,

296 4265 657 4320 Alexandriae
691 4264 904 4336 sepulti
935 4269 1093 4318 sunt.

368 4356 431 4409 In
461 4354 665 4409 Galliis
688 4353 913 4408 civitate
942 4355 1169 4425 Aginno
1198 4354 1481 4424 [Agenno]
1507 4352 1762 4423 Caprasii
1796 4369 1947 4407 mar-

297 4443 459 4515 tyris.
498 4444 603 4508 Qui
638 4443 1102 4513 persecutionem
1148 4442 1377 4513 fugiens
1407 4458 1466 4494 1n
1499 4440 1778 4512 spelunca
1803 4440 1944 4495 deli-

302 4532 446 4587 tuit:
483 4532 727 4587 audiens
757 4536 953 4586 autem
1012 4532 1241 4587 beatam
1299 4531 1586 4601 virginem
1618 4529 1815 4584 Fidem
1848 4546 1950 4601 pro
1982 4528 2028 4592 D

297 4620 524 4675 Christo
557 4621 884 4691 agonizare,
916 4624 974 4674 et
1000 4620 1123 4691 ipse
1172 4619 1470 4673 animatus
1504 4618 1765 4689 martyrii
1787 4618 1948 4673 inde-

296 4713 435 4780 ptus
466 4711 556 4763 est
584 4708 865 4778 palmam.

370 4806 495 4861 XIII
530 4807 666 4860 KAL.
702 4806 965 4860 NOVEMB.
1002 4837 1069 4844 —
1102 4807 1269 4877 Apud
1289 4805 1686 4860 Nicomediam
1719 4809 1953 4860 sancto-

298 4912 431 4949 rum
492 4900 818 4967 martyrum
878 4894 1054 4961 Dasii,
1113 4894 1309 4961 Zotici,
1370 4894 1535 4965 Gagii
1597 4893 1757 4963 [Caii]
1821 4910 1952 4947 cum

300 4983 436 5039 aliis
470 4984 778 5039 duodecim
821 4983 1103 5038 millibus.

377 5074 519 5128 Item
553 5072 833 5144 Simplicii
895 5074 1064 5142 cujus
1098 5074 1218 5127 vita
1250 5072 1571 5142 probabilis
1605 5072 1717 5125 fuit
1748 5071 1957 5126 multis

300 5178 477 5217 causa
514 5161 743 5228 salutis,
779 5162 859 5215 ita
905 5167 969 5215 ut
1000 5161 1109 5214 tria
1144 5160 1328 5214 millia
1359 5160 1666 5214 hominum
1700 5159 1955 5230 baptiza-

301 5254 499 5305 torum
532 5250 752 5322 gremio
785 5250 989 5304 matris
1021 5248 1286 5304 Ecclesiae
1321 5249 1776 5320 susciperentur.

374 5340 588 5394 Eodem
622 5339 713 5394 die
745 5337 933 5393 Patris
988 5339 1175 5392 nostri
1228 5337 1543 5392 Hilarionis
1585 5338 1756 5407 cujus
1780 5337 1958 5392 vitam

298 5426 619 5483 virtutibus
651 5426 882 5497 plenam
917 5425 1153 5497 scripsit
1202 5426 1607 5496 Hieronymus.
1644 5426 1749 5488 Qui
1780 5426 1957 5480 vitam

300 5514 359 5569 in
393 5516 552 5570 omni
589 5517 808 5569 ducens
841 5515 1061 5579 labore,
1121 5531 1253 5569 cum
1290 5514 1397 5567 sibi
1435 5514 1608 5568 ﬁnem
1644 5516 1959 5586 appropin-

301 5620 487 5680 quare
520 5603 984 5679 agnovisset,nec
1007 5604 1133 5674 jam
1157 5606 1361 5678 praeter
1375 5618 1613 5660 sensum
1633 5603 1957 5679 quidquam

639 5733 900 5794 PATROL.
948 5730 1214 5794 CXXXI.

2055 543 2079 565 ι(
2120 518 2417 588 Egredere,
2448 518 2739 587 egredere,
2772 517 3135 588 anima,quid
3165 516 3336 572 times
3363 517 3390 570 ?
3422 519 3559 589 quid
3592 521 3699 575 du-

2051 606 2249 660 bitas?
2279 606 2650 677 septuaginta
2689 622 2868 677 prope
2904 605 3074 661 annis
3107 605 3335 661 servisti
3364 606 3613 675 Christo,
3647 613 3704 663 et

2053 700 2300 749 mortem
2362 695 2641 750 formidas
2667 695 2694 748 ?
2755 717 2782 744 ‹‹
2818 696 2882 750 In
2912 695 3034 750 haec
3064 696 3239 751 verba
3262 695 3551 751 exhalavit
3582 696 3699 768 spi-

2051 783 2248 838 ritum.

2124 874 2257 944 Ipsa
2288 872 2381 927 die
2411 874 2598 927 sancti
2630 873 2841 928 Asterii
2885 873 3420 946 presbyteri,sancti
3453 872 3699 940 Callixti,

2054 961 2154 1033 qui
2189 978 2321 1016 cum
2353 977 2563 1032 corpus
2622 962 2803 1032 patris
2864 962 3153 1017 elevatum
3185 963 3255 1017 de
3288 967 3461 1033 puteo
3492 961 3701 1033 sepeli-

2052 1050 2251 1115 visset,
2287 1050 2554 1121 praecepit
2579 1067 2714 1106 eum
2747 1051 3067 1108 Alexander
3099 1069 3200 1124 per
3232 1055 3467 1123 pontem
3499 1051 3699 1122 praci-

2053 1139 2246 1211 pitari.

2128 1230 2269 1284 Item
2302 1226 2607 1283 translatio
2640 1228 2791 1283 beati
2843 1228 3098 1284 Viatoris
3129 1229 3188 1282 in
3221 1218 3435 1300 eremo,
3470 1229 3699 1286 comitis

2054 1317 2239 1373 sancti
2266 1317 2445 1372 Justi.

2127 1424 2221 1477 XII
2254 1425 2387 1478 KAL.
2453 1424 2712 1477 Noveme.
2770 1456 2835 1462 —
2894 1423 3308 1495 Hierosolymis
3367 1425 3566 1497 Marci,
3598 1426 3701 1497 qui

2054 1514 2280 1585 primus
2313 1513 2530 1567 ibidem
2561 1529 2628 1566 ex
2658 1512 2932 1583 gentibus
2970 1512 3367 1583 episcopatum
3401 1515 3608 1583 tenuit,
3644 1517 3700 1569 et

2057 1602 2332 1673 martyrio
2361 1606 2806 1656 consummatus
2837 1605 2946 1655 est.

2128 1701 2271 1753 Item
2304 1700 2481 1753 beatae
2513 1697 2912 1769 Saloma3,qua3
2930 1714 3064 1753 cum
3083 1697 3323 1771 reliquis
3355 1698 3701 1755 mulieribus

1976 1798 2022 1860 Β
2054 1787 2206 1842 circa
2236 1787 2465 1841 Domini
2499 1786 2863 1858 sepulturam
2895 1790 3017 1841 erat
3047 1786 3317 1842 sollicita.

2131 1885 2290 1955 Apud
2320 1884 2621 1938 Thraciam
2660 1884 2715 1937 in
2766 1882 3167 1954 Adrianopoli,
3204 1888 3537 1939 sanctorum
3571 1883 3704 1939 Phi-

2054 1973 2199 2045 lippi
2256 1972 2533 2044 episcopi,
2607 1972 2862 2041 Eusebii,
2919 1971 3113 2027 Severi
3170 1972 3512 2043 presbyteri,
3571 1973 3705 2027 Her-

2058 2063 2230 2117 metis
2261 2062 2625 2124 diaconi.Qui
2658 2060 2935 2115 ecclesias
2955 2061 3027 2114 ab
3058 2060 3281 2131 iniquis
3303 2060 3540 2131 spoliari
3565 2077 3702 2115 con-

2055 2152 2427 2217 tradicentes,
2471 2150 2747 2221 martyrio
2779 2155 2917 2206 sunt
2947 2149 3228 2204 coronati.

2127 2258 2200 2312 ΧΙ
2232 2261 2367 2311 KAL.
2394 2257 2661 2311 Novsme.
2694 2287 2762 2295 —
2789 2256 2961 2326 Apud
2996 2254 3357 2312 Antiochiam
3391 2256 3569 2328 Syria:
3600 2273 3702 2311 na-

2058 2345 2192 2399 talis
2222 2346 2556 2400 Theodoriti
2606 2344 2938 2415 [Theodori]
2990 2344 3331 2416 presbyteri.
3367 2346 3473 2410 Qui
3508 2360 3703 2417 perse-

2056 2434 2287 2488 cutione
2318 2433 2541 2488 Juliani
2599 2434 2765 2504 impii
2823 2433 3067 2503 equuleo
3094 2439 3151 2487 et
3180 2432 3552 2504 lampadibus
3583 2434 3705 2488 dire

2058 2522 2352 2578 cruciatus
2383 2528 2508 2579 est:
2543 2522 2782 2577 millites
2840 2526 3033 2577 autem
3066 2521 3236 2576 illum
3265 2526 3603 2592 torquentes
3633 2522 3704 2577 ab

2062 2617 2298 2683 aspectu
2358 2611 2619 2684 angelico
2680 2610 2867 2666 territi
2927 2615 3273 2665 corruerunt
3302 2610 3359 2664 in
3391 2610 3618 2679 faciem,
3650 2615 3710 2666 et

2056 2702 2431 2756 crediderunt
2454 2701 2510 2754 in
2533 2700 3213 2770 Christum.Quosjussit
3233 2705 3520 2772 tyrannus
3554 2699 3707 2771 pela-

2055 2807 2127 2862 go
2150 2789 2670 2861 immergi.Quibus
2693 2790 2898 2843 beatus
2912 2788 3299 2843 Theodoritus
3318 2788 3705 2859 [Theodorus]

2056 2879 2169 2933 ait:
2206 2902 2231 2927 ‹‹
2266 2877 2597 2947 Praecedite,
2634 2877 2983 2948 fratres,ego
3010 2893 3243 2947 quoque
3275 2893 3561 2948 superans
3593 2876 3703 2931 ini—

2056 2967 2273 3020 micum
2306 2983 2523 3037 sequar
2554 2967 2624 3020 ad
2650 2965 2982 3029 Dominum,
3007 2988 3033 3014 ‹‹
3052 2964 3251 3037 sicque
3269 2964 3704 3037 occisusgladio

2055 3057 2398 3127 martyrium
2432 3054 2993 3109 consummavit.Hic
3016 3055 3190 3109 etiam
3225 3054 3561 3125 prophetico
3594 3055 3709 3126 spi-

1975 3162 2017 3226 ρ
2058 3145 2171 3197 ritu
2205 3143 2505 3197 interitum
2538 3142 2752 3196 Juliani
2786 3145 2843 3195 in
2874 3144 3099 3198 Perside
3131 3143 3417 3213 praedixit.

2128 3244 2188 3292 In
2224 3239 2522 3309 Hispaniis
2552 3239 2831 3292 Servandi
2871 3245 2927 3292 et
2956 3241 3249 3293 Germani.
3280 3241 3386 3304 Qui
3418 3244 3549 3309 post
3578 3256 3704 3295 ver-

2056 3329 2193 3382 bera
2248 3332 2305 3381 et
2359 3342 2649 3380 carcerem
2706 3326 3121 3396 longissimum
3181 3326 3291 3381 iter
3322 3328 3471 3382 ferro
3503 3328 3703 3383 onusti

2056 3415 2441 3488 perfecerunt,
2465 3426 2520 3468 et
2552 3414 2865 3469 novissime
2898 3414 3217 3485 amputatis
3248 3414 3537 3485 capitibus
3569 3433 3705 3488 pas-

2056 3506 2278 3559 sionem
2311 3502 2765 3575 compleverunt.

2126 3609 2172 3664 X
2202 3610 2334 3663 ΚΜ.
2368 3608 2627 3663 Novem).
2688 3641 2754 3647 —
2788 3609 2849 3663 In
2892 3608 3165 3675 Venusia,
3200 3610 3430 3665 civitate
3464 3611 3706 3681 Apuliaz,

2058 3698 2269 3753 natalis
2314 3698 2500 3752 sancti
2535 3699 2742 3753 Felicis
2792 3698 3072 3770 episcopi,
3104 3699 3382 3753 Audactis
3414 3699 3709 3770 [AudaCLi]

2057 3796 2111 3844 et
2137 3787 2397 3843 Januarii
2452 3788 2944 3859 presbyterorum,
3004 3787 3303 3842 Fortunati
3357 3792 3413 3842 et
3462 3788 3709 3859 Septimi

2058 3877 2362 3932 lectorum.
2424 3877 2532 3941 Qui
2563 3876 2929 3947 temporibus
2961 3875 3301 3931 Diocletiani
3334 3876 3391 3930 in
3423 3876 3711 3932 occisione

2060 3966 2238 4037 gladii
2274 3965 2596 4035 migraveru
2608 3969 2687 4019 nt.

2130 4060 2273 4109 Item
2307 4054 2576 4109 Venantii
2611 4054 2937 4121 abbatis,de
2971 4071 3085 4126 quo
3118 4054 3400 4126 scriptum
3424 4059 3512 4110 est
3533 4055 3709 4126 quod,

2059 4143 2253 4198 adhuc
2314 4143 2372 4195 in
2404 4142 2577 4196 terris
2601 4142 3302 4212 constitutus,missarum
3337 4143 3623 4199 solemnia
3652 4144 3711 4197 in

2059 4231 2201 4287 coelo
2234 4231 2629 4286 consummari
2668 4232 3007 4302 agnoverit;
3039 4238 3096 4287 et
3125 4249 3258 4287 cum
3290 4232 3608 4303 aliquando
3638 4231 3711 4285 ad

2060 4321 2274 4375 missas
2293 4320 2597 4375 Dominica
2619 4321 2958 4375 recitaretur
2988 4322 3196 4390 oratio,
3231 4320 3483 4376 audierit
3513 4336 3712 4391 quem-

2060 4410 2191 4464 dam
2226 4426 2255 4463 e
2286 4409 2514 4463 tumulo
2546 4408 2830 4465 sacerdoti
2876 4410 3325 4479 respondentem
3354 4426 3367 4463 :
3402 4408 3507 4464 Sed
3536 4409 3713 4464 libera

2060 4515 2158 4553 nos
2188 4515 2221 4553 α
2246 4499 2410 4553 malo.

2133 4604 2205 4659 IX
2236 4605 2371 4659 KAL.
2400 4636 2468 4643 -—
2501 4605 2760 4659 NOVEMB.
2793 4636 2857 4644 —
2879 4608 2944 4659 In
2977 4604 3316 4660 Nicomedia
3345 4604 3556 4660 natalis
3587 4604 3712 4660 dies

2062 4695 2255 4749 Severi
2286 4698 2343 4748 et
2372 4693 2667 4748 Dorothei.

2135 4784 2195 4836 In
2224 4783 2498 4837 Caesareae.
2543 4782 2916 4853 Cappadociae
2968 4782 3312 4854 Longini,de
3345 4798 3459 4852 quo
3493 4785 3711 4853 postea.

2134 4889 2261 4943 VIII
2294 4890 2429 4943 KAL.
2465 4888 2727 4944 Novum.
2753 4921 2820 4927 —
2855 4889 3048 4943 Romae
3074 4890 3268 4960 passio
3289 4888 3639 4960 Chrysanthi
3660 4890 3719 4943 et

2066 4977 2270 5043 Dariaz,
2310 4976 2409 5047 qui
2442 4977 2553 5030 sub
2585 4977 2775 5047 specie
2807 4977 3063 5048 conjugii
3098 4977 3425 5031 castitatem
3457 4992 3717 5032 servave-

2068 5070 2206 5121 runt
2230 5070 2570 5136 perpetuam
2597 5082 2610 5131 ;
2632 5082 2766 5118 nam
2792 5064 3195 5136 Chrysanthus
3221 5066 3447 5119 Dariam
3469 5081 3500 5119 a
3532 5064 3720 5135 genti-

2068 5153 2251 5208 litatis
2284 5153 2565 5207 convertit
2614 5169 2826 5219 errore,
2862 5157 2917 5207 et
2945 5156 3053 5209 sub
3086 5153 3435 5207 Numeriano
3469 5153 3718 5223 impera-

2069 5248 2191 5298 tore
2223 5259 2356 5296 cum
2390 5258 2564 5296 uxore
2583 5246 2638 5296 et
2667 5240 2804 5295 ﬁliis
2827 5246 2957 5312 post
2979 5242 3165 5296 multa
3183 5245 3606 5297 tormentorum
3630 5255 3723 5312 ge-

2070 5348 2209 5385 nera
2240 5334 2297 5384 in
2330 5331 2553 5385 foveam
2611 5331 2868 5385 demersi
2928 5331 3300 5401 profundam,
3335 5330 3449 5385 Deo
3489 5329 3719 5385 animas

2069 5418 2468 5474 reddiderunt.

2144 5517 2205 5570 In
2238 5514 2701 5585 Galliis,civitate
2726 5514 3402 5586 Suessionis,Crispinus
3424 5518 3481 5570 et
3509 5513 3722 5584 Crispi-

2072 5604 2285 5662 nianus
2303 5604 2414 5662 sub
2435 5604 2791 5662 Maximiano
2806 5608 2861 5661 et
2880 5603 3231 5663 Diocletiano
3251 5603 3475 5660 extensi
3496 5606 3633 5662 sunt
3649 5602 3722 5663 ad

3326 5732 3400 5794 3'7
