4012 6198
286 352 445 423 1169

1458 357 1591 421 .DE
1634 352 1956 425 MUSIGA.
1976 361 2059 406 -Ἥ
2099 353 2491 426 MONITUM.

3537 320 3696 426 lno
3798 450 3802 455 g

288 493 521 561 Othere,
570 493 709 551 item
741 494 970 562 Others,
1002 494 1212 563 Buozo,
1243 492 1540 559 Adalram,
1570 494 1777 562 Zuozo,
1811 495 1929 549 Ma-
1962 493 2016 559 Α
2048 511 2173 565 quae
2214 495 2339 567 ipse
2378 496 2449 552 de
2488 511 2595 551 suo
2625 493 2888 564 tradidit,
2921 492 3056 552 cum
3086 490 3234 570 ipsis
3263 495 3532 555 oratoriis
3560 501 3696 571 post

286 582 524 656 ganloh,
557 584 770 652 Cozolt,
820 583 1153 650 Erchanolt,
1186 583 1443 648 Richart,
1476 583 1784 649 Eburhart,
1816 584 1932 639 Ra-

279 673 463 741 there,
518 672 852 740 Vodalbart,
908 674 1216 739 Gebeliart,
1269 672 1584 740 Hildibold,
1637 673 1929 745 Adalung,

278 761 617 834 Richgowo.
653 764 766 834 Ego
797 763 995 833 itaque
1025 762 1243 817 Notker
1272 763 1472 830 iussus
1503 760 1812 831 descripsi.

1038 869 1165 923 VIII

776 957 1055 995 PRECARIA
1093 910 1189 994 W0,
1198 956 1397 994 LFHARI
1406 956 1421 993 Ι
1430 981 1441 992 .

924 1029 1099 1099 (Anno
1142 1029 1292 1097 904.)

352 1121 469 1192 Ego
501 1119 779 1175 Salomon
803 1118 1169 1173 ordinatione
1191 1118 1385 1173 divina
1406 1118 1735 1189 episcopus,
1756 1121 1935 1211 ptque

281 1209 463 1264 abbas
488 1207 824 1264 manasterii
847 1210 1033 1263 sancti
1054 1207 1221 1275 Galli,
1237 1207 1458 1262 decrevi
1483 1224 1617 1261 cum
1640 1207 1929 1262 consensu

283 1298 628 1353 eorumdem
681 1299 948 1361 fratrum,
982 1295 1930 1363 etmanuadvocatimeiWitonis,

281 1402 395 1453 res,
430 1402 578 1457 quas
610 1386 778 1441 nobis
800 1384 1095 1440 Wolihere
1127 1385 1384 1450 tradidit,
1418 1384 1469 1439 ei
1501 1400 1603 1455 per
1628 1383 1776 1439 hanc
1809 1401 1932 1456 pre-

286 1475 501 1530 cariam
523 1480 880 1547 represtare.
908 1474 1173 1529 Tradidit
1193 1477 1390 1529 autem
1411 1473 1580 1528 nobis
1608 1472 1760 1527 idem
1775 1473 1930 1528 Wol-

282 1563 445 1619 lhere
468 1563 753 1635 quidquid
780 1562 1150 1634 proprietatis
1183 1563 1241 1617 in
1276 1562 1577 1633 Ringowe,
1599 1562 1659 1619 in
1682 1560 1805 1617 loco
1829 1561 1930 1634 qui

279 1651 497 1707 dicitur
510 1652 1038 1724 Farniwang(a),et
1052 1649 1110 1705 in
1130 1651 1290 1706 omni
1312 1649 1411 1706 illa
1428 1650 1929 1706 marchacircum-

277 1741 431 1796 circa
450 1740 676 1805 habuit,
700 1740 906 1808 vineis,
932 1739 1109 1812 agris,
1161 1740 1365 1812 pratis,
1392 1738 1556 1795 silvis
1579 1740 1849 1811 propriis,
1873 1744 1931 1795 et

280 1846 392 1885 usu
414 1829 843 1896 communium,
868 1830 1101 1901 pascuis
1118 1833 1175 1884 et
1196 1827 1533 1899 paludibus,
1556 1828 1925 1901 alpibusque,
1959 1864 2008 1929 B

280 1918 468 1990 aquis,
501 1934 903 1990 aquarumque
933 1917 1300 1985 decursibus,
1334 1923 1514 1989 atque
1536 1918 1766 1989 usibus,
1791 1919 1927 1974 aedi—

278 2007 426 2062 ficiis
474 2023 705 2098 quoque
738 2006 1197 2098 piultiplicibus,
1256 2011 1314 2061 et
1355 2007 1644 2098 quidquid
1688 2007 1747 2098 in
1780 2007 1927 2062 Dur-

278 2112 468 2168 gowe,
498 2096 557 2150 in
580 2096 702 2151 loco
727 2094 827 2166 qui
850 2095 1065 2150 dicitur
1092 2094 1494 2152 szonwilare
1514 2096 1608 2168 (ὁ),
1633 2101 1691 2151 et
1712 2096 1769 2150 in
1802 2112 1927 2152 om-

279 2185 454 2240 nibus
507 2186 637 2255 ejus
677 2184 967 2247 conﬁniis,
1009 2201 1043 2239 a
1083 2185 1419 2255 potentibus
1474 2184 1832 2253 hominibus,
1875 2190 1931 2241 et

276 2272 556 2346 legitimis
578 2272 908 2328 haeredibus
940 2273 1179 2345 accepit,
1207 2277 1308 2328 aut
1337 2273 1675 2329 omnimoda
1705 2274 1927 2346 sagaci-

280 2367 399 2419 tate
436 2368 493 2417 et
530 2362 823 2417 industria
861 2362 1190 2434 acquisivit.
1232 2363 1311 2416 Eo
1351 2368 1539 2434 pacto,
1584 2368 1647 2417 ut
1685 2381 1789 2435 pro
1835 2364 1928 2420 his

276 2452 453 2508 rebus
474 2451 694 2521 villam,
717 2467 843 2521 quae
866 2450 1082 2505 dicitur
1108 2450 1461 2505 Liubmanni
1485 2452 1575 2523 (ε),
1609 2456 1666 2507 et
1693 2468 1925 2523 posses-

280 2539 597 2610 sinculam,
639 2556 766 2611 quas
805 2538 1021 2594 dicitur
1065 2538 1401 2595 Willoboldi
1442 2540 1610 2611 fabri,
1660 2546 1716 2595 et
1754 2541 1929 2597 aliam

268 2627 840 2700 juxtaRoccowilare
854 2627 1164 2699 (d),diebus
1175 2627 1301 2682 vitae
1315 2645 1432 2683 sua:
1447 2629 1555 2684 sub
1570 2645 1748 2685 censu
1760 2630 1929 2686 unius

276 2717 497 2772 denarii
527 2715 847 2789 possideat.
891 2717 999 2771 Sed
1041 2719 1097 2771 et
1134 2715 1236 2771 illa
1274 2734 1382 2771 sua
1412 2717 1631 2789 pariter
1659 2719 1924 2786 retineat,

277 2805 459 2860 donec
499 2806 670 2875 juxta
712 2803 1073 2860 voluntatem
1096 2809 1387 2860 rectorum
1409 2805 1671 2876 ejusdem
1691 2824 1926 2862 monas-

276 2892 429 2959 terii,
454 2897 511 2947 et
533 2892 993 2947 misericordiam
1018 2893 1140 2959 Dei,
1166 2893 1355 2948 eidem
1382 2894 1814 2966 congregationi
1840 2913 1929 2951 co-

275 2985 558 3037 nectatur.
602 2982 736 3037 Post
773 2982 903 3053 ejus
940 2998 1073 3037 vero
1112 2981 1360 3047 obitum,
1407 2986 1507 3037 aut
1546 2982 1741 3039 saeculi
1784 3000 1923 3039 con-

280 3073 595 3140 temptum,
636 3086 874 3139 compar
909 3068 1071 3124 illius
1113 3070 1433 3135 Hiddruda,
1464 3075 1520 3124 et
1547 3070 1704 3125 ﬁlius
1739 3072 1925 3142 ipsius

273 3157 624 3228 Wolftbrige
636 3155 1199 3211 beneﬁciolumillud
1221 3158 1278 3210 in
1294 3156 1920 3225 Liubmanneswilare,

2042 582 2228 655 ipsius
2258 584 2504 653 obitum,
2539 589 2641 640 aut
2671 602 2705 641 a
2734 601 2797 641 se
2828 585 3108 641 saeculum
3142 585 3509 656 relictum,in
3531 586 3690 644 utili-

2042 666 2221 727 tatem
2262 672 2507 729 fratrum
2549 674 2910 747 redigantur.
2973 678 3163 729 Unam
3202 690 3335 731 vero
3376 674 3592 730 bobam
3630 674 3693 730 in

2047 760 2432 834 Farniwang,
2464 767 2520 818 et
2550 762 2904 835 mancipiola
2932 780 3059 834 sua,
3091 779 3227 819 cum
3256 763 3417 819 varia
3446 761 3696 839 supelle-

2043 849 2175 905 ctile
2195 855 2356 906 extra
2382 852 2533 906 banc
2553 852 2931 908 traditionem
2954 852 3210 925 reliquit,
3227 856 3464 925 propter
3487 868 3694 924 quam-

2041 942 2173 995 dam
2204 940 2597 995 necessariam
2630 942 3021 1014 propinquam
3053 959 3246 997 suam.
3295 941 3356 997 Si
3400 941 3533 1014 quis
3559 958 3693 999 vero

2043 1034 2244 1084 contra
2295 1029 2446 1085 hanc
2504 1030 2824 1101 precariam
2879 1031 3074 1087 venire
3106 1035 3171 1086 et
3208 1047 3337 1087 eam
3378 1030 3695 1104 infringere

2041 1123 2287 1173 conatus
2320 1119 2512 1183 fuerit,
2546 1119 2617 1173 ad
2650 1119 2858 1174 fiscum
2886 1119 3043 1192 regis
3074 1119 3201 1175 auri
3235 1120 3439 1175 uncias
3471 1136 3563 1186 ιιι,
3595 1137 3694 1176 ar-

2040 1208 2197 1279 genti
2239 1206 2419 1262 libras
2458 1224 2514 1261 v1
2555 1212 2792 1262 coactus
2834 1207 3147 1279 persolvat,
3189 1212 3247 1264 et
3283 1208 3404 1264 haec
3433 1208 3695 1280 precaria

2040 1295 2430 1351 nihilominus
2463 1296 2631 1351 firma
2661 1300 2718 1351 et
2747 1296 2975 1352 stabilis
3005 1301 3366 1369 permaneat.
3400 1299 3608 1353 Actum
3630 1298 3691 1353 in

2040 1384 2363 1440 Heninowa
2381 1386 2476 1456 (g),
2501 1385 2560 1440 in
2588 1384 2830 1441 basilica
2856 1386 3108 1458 publice,
3138 1386 3527 1458 praesentibus
3546 1403 3691 1459 quo-

2040 1491 2169 1529 rum
2202 1474 2297 1529 hic
2318 1474 2487 1548 signa
2508 1475 2900 1530 continentur.
2927 1476 3044 1547 Sig.
3073 1475 3406 1532 Salomonis
3435 1475 3693 1550 episcopi

2039 1566 2096 1617 et
2133 1563 2393 1618 advocati
2434 1564 2563 1634 ejus
2601 1563 2879 1619 Witonis.
2940 1564 3060 1636 Sig.
3114 1563 3424 1620 Folchardi
3464 1564 3692 1632 decani,

2038 1651 2255 1707 Otwini
2313 1651 2634 1719 secratarii,
2695 1652 2938 1708 Beronis
2954 1652 3297 1724 praepositi,
3336 1652 3693 1710 Winidharii

2038 1669 2255 1707 Utwmi
2313 1669 2634 1719 sacratam,
2695 1669 2938 1708 ueroms
3016 1669 3297 1724 raposm,
3346 1669 3693 1710 Wininnarn

2037 1741 2299 1813 portarii,
2356 1741 2683 1815 Engelberti
2722 1669 3045 1798 cameraﬁi.
3101 1741 3221 1815 Sig.
3261 1740 3597 1811 Wollharii,
3637 1746 3695 1797 et

2037 1830 2297 1885 adxocati
2328 1831 2457 1902 ejus
2482 1829 2724 1897 Otharii,
2760 1845 2865 1902 per
2887 1831 3059 1902 cujus
3088 1847 3332 1886 manum
3357 1829 3550 1903 ipsam
3574 1835 3691 1886 tra-

2040 1918 2320 1975 ditionem
2362 1919 2624 1991 perfecit.
2666 1920 2781 1992 Sig.
2825 1918 3183 1987 Vodalrichi,
3222 1918 3547 1988 Eskerichi,
3588 1918 3694 1975 Ri-

2040 2007 2247 2076 chlozi,
2302 2008 2505 2074 Arolﬁ,
2548 2009 2853 2075 Immonis,
2899 2007 3161 2074 Wettini,
3204 2005 3534 2074 Eolchardi,
3573 2011 3695 2062 Ha—

2041 2095 2288 2167 domari,
2313 2096 2591 2164 Cozberti,
2607 2096 2991 2165 Adalrammi,
3005 2094 3323 2164 Wacharii,
3335 2094 3688 2165 Wolfhardi,

2040 2184 2387 2256 Ellenbaldi,
2413 2185 2735 2252 Adalberti,
2766 2184 3038 2257 Zullingi,
3072 2183 3325 2254 Ratpoti,
3361 2180 3688 2251 Ilildiberti,

2039 2273 2362 2341 Adalberti,
2389 2274 2695 2341 Buozonis,
2719 2272 3100 2329 Willohelmi.
3123 2272 3238 2344 Ego
3261 2273 3457 2343 itaque
3474 2269 3691 2326 Notker

2038 2362 2317 2433 indignus
2349 2362 2672 2418 monachus
2703 2367 2758 2417 et
2786 2361 3144 2435 hospitarius
3173 2360 3235 2415 S.
3268 2358 3419 2416 Galli
3449 2360 3691 2431 rogatus

2039 2451 2270 2522 scripsi.
2294 2450 2497 2506 Notavi
2520 2452 2698 2519 diem,
2726 2467 2780 2506 ιν
2806 2451 2908 2505 fer.
2931 2467 3012 2506 xu
3034 2448 3112 2520 (ἡ)
3143 2447 3273 2505 Kal.
3306 2447 3432 2504 Oct.
3466 2462 3688 2503 annum

2037 2556 2074 2595 v
2103 2538 2362 2612 regni....

2816 2630 2909 2685 IX.

2553 2735 2702 2775 ’ΤΒ-ΑΒ
2710 2735 2818 2775 ῙΤῙΟ
2864 2734 3143 2774 NANDOLF.
3156 2760 3167 2773 .

2679 2808 2855 2880 (Anno
2892 2805 3046 2878 909.)

2109 2896 2172 2949 In
2205 2896 2302 2950 Dei
2336 2896 2751 2969 omnipotentis
2782 2896 3037 2952 nomine.
3085 2896 3203 2967 Ego
3234 2892 3495 2949 Nandolf
3517 2894 3686 2950 trado

2036 2983 2108 3038 ad
2141 2985 2563 3040 monasterium
2587 2986 2645 3040 S.
2672 2984 2842 3049 Galli,
2878 2982 2978 3039 ubi
3010 2983 3181 3038 modo
3211 2978 3562 3037 venerabilis
3582 2984 3684 3037 Sa-

2033 3071 2230 3127 lomon
2257 3074 2409 3127 abba
2430 3088 2678 3143 praeesse
2699 3073 3086 3145 dignoscitur,
3107 3069 3393 3144 quidquid
3420 3069 3686 3142 proprie-

2034 3160 2172 3213 tatis
2202 3161 2261 3214 in
2293 3161 2737 3216 Cozzosowarro
2764 3161 3023 3230 marcho,
3046 3159 3107 3213 in
3132 3158 3271 3214 villa
3294 3158 3686 3227 Adelineswi-

274 3251 333 3302 et
364 3220 902 3317 possessiunculam
933 3243 1289 3310 Willoboldi,
1315 3249 1373 3298 et
1394 3244 1555 3300 illam
1581 3246 1641 3300 in
1665 3220 1921 3302 Roccon;
1954 3220 1996 3293 ο
2032 3244 2153 3301 lare
2184 3248 2246 3318 (ἱ)
2278 3248 2563 3303 hodierna
2586 3248 2679 3302 die
2697 3250 2858 3303 visus
2881 3220 3022 3302 sum,
3037 3246 3355 3317 possidere.
3381 3223 3589 3302 Actum
3621 3245 3683 3301 in

273 3334 500 3399 wilare,
515 3334 720 3389 diebus
738 3337 966 3388 tantum
986 3332 1115 3387 vitae
1135 3350 1252 3387 suae
1268 3334 1608 3405 possideant
1624 3335 1734 3391 sub
1748 3351 1925 3391 censu

276 3424 528 3478 duorum
590 3422 987 3478 denariorum.
1048 3422 1185 3477 Post
1242 3421 1478 3477 illorum
1526 3440 1660 3479 vero
1701 3425 1927 3480 obitum

276 3517 486 3568 cuncta
523 3511 625 3567 illa
663 3512 901 3567 redeant
939 3512 1011 3567 ad
1052 3511 1494 3566 monasterium.
1552 3513 1663 3568 Sed
1714 3517 1771 3569 et
1810 3514 1927 3569 duo

276 3599 607 3668 oratoriola,
625 3600 683 3655 in
697 3601 876 3672 Berge
889 3600 961 3671 (ε)
979 3599 1202 3655 scilicet
1219 3602 1274 3654 et
1288 3598 1611 3656 Steinalum
1626 3602 1693 3673 (Ι)
1713 3619 1779 3658 ea
1796 3620 1929 3658 con-

278 3689 499 3745 ditione
538 3689 813 3760 suscepit,
856 3689 913 3743 in
955 3689 1272 3743 missarum
1313 3704 1377 3743 ac
1408 3688 1748 3760 psalmodiis
1777 3691 1925 3747 cele-

284 3778 567 3848 bratione,
611 3783 784 3849 atque
815 3777 1197 3832 luminarium
1230 3778 1796 3835 sumministratione
1826 3798 1926 3836 cu-

291 3867 503 3933 randa,
533 3871 599 3921 ut
628 3866 931 3921 annuatim
964 3865 1047 3921 illi
1074 3883 1107 3920 a
1128 3865 1354 3921 Decano
1379 3866 1567 3938 ipsius
1592 3869 1929 3924 monasterii

280 3954 494 4010 dentur
530 3955 691 4027 porci
731 3954 980 4027 saginati
1022 3959 1161 4020 tres,
1205 3958 1261 4009 et
1294 3960 1546 4025 quatuor
1573 3958 1825 4012 carradae
1858 3958 1929 4012 de

278 4059 482 4122 grano,
515 4044 642 4098 duae
664 4045 735 4098 de
756 4043 1006 4115 siligine,
1032 4044 1159 4098 duae
1182 4043 1252 4097 de
1274 4059 1489 4111 avena;
1522 4048 1580 4099 et
1609 4061 1676 4100 ea
1697 4050 1925 4114 cuncta,

350 4186 430 4257 (α)
462 4186 650 4256 Hujus
672 4184 931 4265 nominis
948 4184 1144 4240 locum
1165 4182 1225 4238 in
1243 4184 1749 4265 _Rhingoviacirca
1772 4187 1927 4243 Rhe-

278 4256 419 4311 num
459 4274 638 4328 supra
676 4256 1041 4327 Brigantium
1083 4273 1203 4328 non
1240 4256 1489 4310 invenio.
1546 4257 1746 4312 Exstat
1791 4276 1923 4314 vero

280 4327 643 4400 Farwangen
669 4328 726 4382 in
749 4327 1247 4400 antiquaArgovia
1268 4332 1324 4382 et
1345 4327 1598 4383 editione
1612 4330 1925 4385 Bernatum

276 4415 455 4470 prope
485 4398 680 4455 lacum
723 4398 1176 4455 Hallwilensem.

370 4471 422 4525 bl
456 4470 722 4525 Utzweil.

370 4471 400 4525 b
456 4471 722 4525 Utzweil.

345 4471 422 4613 Ec;
447 4542 490 4599 Ι.
514 4558 564 4596 e.
589 4540 1217 4613 Liubmanneswilare,
1242 4541 1633 4613 utisequitur;
1668 4543 1805 4599 hod.
1831 4544 1925 4600 Le-

273 4612 679 4680 menschweil,
714 4629 817 4668 seu
848 4612 1352 4668 Loemenschweil.

346 4684 423 4828 ἓξὲξ
452 4683 778 4828 ξξξξνν

370 4756 420 4828 e)
452 4756 619 4828 Berg.

1953 4586 2002 4649 D

2036 3334 2434 3391 Herinesowa.
2469 3335 2717 3407 Signum
2744 3335 2931 3406 ipsius
2948 3332 3239 3400 Nandolﬁ,
3272 3333 3373 3404 qui
3396 3332 3547 3388 hanc
3569 3337 3686 3390 tra-

2036 3423 2315 3479 ditionem
2339 3441 2518 3479 manu
2552 3441 2661 3479 sua
2681 3423 2834 3478 fecit.
2859 3422 3037 3494 Signa
3058 3427 3115 3477 et
3138 3420 3387 3477 aliorum
3416 3420 3680 3490 testium,

2036 3513 2370 3584 Thiotpert,
2414 3512 2624 3579 Puoto,
2665 3510 2988 3579 Wolfhart,
3030 3510 3319 3576 Winerat,
3372 3509 3680 3579 Adalram,

2036 3600 2267 3667 Waldo,
2300 3600 2441 3656 item
2473 3600 2787 3667 Wolfbart,
2820 3599 2995 3669 Wito,
3019 3597 3335 3666 Thietrich,
3360 3597 3683 3668 Waldram,

2035 3689 2271 3763 Albgoz.
2311 3691 2428 3762 Ego
2468 3690 2682 3745 Notker
2722 3688 3000 3761 indignus
3040 3687 3367 3743 monachus
3393 3688 3467 3743 ad
3495 3686 3682 3744 vicem

2037 3778 2333 3850 praepositi
2387 3777 2622 3846 Cozolti,
2656 3777 2756 3849 qui
2787 3777 2937 3832 hanc
2967 3775 3342 3831 traditionem
3374 3792 3553 3831 manu
3577 3792 3688 3831 sua

2038 3866 2313 3939 suscepit,
2346 3870 2627 3939 praesente
2658 3867 2934 3921 advocato
2968 3881 3075 3920 suo
3096 3862 3445 3937 Amalungo,
3472 3863 3684 3935 scripsi

2038 3961 2095 4011 et
2117 3956 2460 4028 subscripsi.
2482 3954 2682 4011 Notavi
2699 3955 2875 4022 diem,
2892 3972 2956 4009 ιιι
2981 3955 3086 4009 fer.
3104 3970 3173 4008 xv
3186 3951 3574 4026 Kal.August.
3594 3953 3685 4026 (f),

2038 4062 2191 4100 anno
2224 4062 2336 4100 xvu
2370 4044 2442 4116 (lc)
2474 4043 2649 4116 regis.
2682 4044 2793 4100 sub
2821 4042 3133 4099 Adalberto
3165 4041 3398 4097 comite.

2131 4188 2179 4257 f)
2210 4185 2503 4259 Steinach.
2538 4186 2781 4259 Singula
2811 4187 2870 4242 in
2902 4184 3211 4259 Turgovia.

2128 4260 2184 4336 ρ)
2212 4259 2452 4336 ῌειιιιειιι
2484 4258 2540 4336 in
2574 4258 3218 4336 comit.-Toggenburg_.
3282 4325 3292 4336 .

2110 4326 2187 4412 (ᾔ)
2214 4331 2355 4411 Ιτρεςη
2371 4346 2473 4412 χιιι
2497 4329 2619 4412 Kal.
2645 4326 3170 4412 Cetobq‘q‘uaanerat
3190 4326 3336 4412 f‘er‘ia
3356 4342 3411 4381 IV
3438 4343 3536 4382 an.
3555 4326 3683 4396 904,

2038 4397 2313 4457 Ludiwici
2343 4399 2583 4455 inlantis
2616 4397 2967 4472 quinto,’lit.
3005 4401 3166 4455 Dom.
3194 4397 3310 4453 AG.

2108 4472 2172 4553 (τ’)
2206 4472 2268 4526 In
2302 4472 2521 4553 finibus
2550 4471 2840 4553 Gessavia:
2880 4470 3109 4553 nullum
3140 4470 3334 4553 locum
3368 4467 3554 4553 reperi
3584 4466 3686 4542 qui

2038 4540 2239 4599 nostro
2270 4541 2485 4598 similis
2516 4543 2611 4608 sit,
2646 4543 2759 4598 nisi
2791 4542 3018 4598 Anweil
3049 4557 3153 4598 seu
3184 4540 3454 4613 Andwyl.

2106 4617 2172 4685 (j)
2204 4615 2316 4670 Lit.
2353 4616 2513 4669 Dom.
2549 4616 2614 4668 A.

2106 4686 2183 4757 (Ic)
2216 4687 2349 4758 Leg.
2382 4703 2418 4740 x
2446 4685 2536 4741 vel
2566 4701 2689 4740 xm.

864 4952 957 5077 N
1011 4946 1848 5210 0315121315
1918 4920 3110 5210 ιιΕᾱέιιῐιιδιρΑ.

1169 5141 1364 5214 (Apud
1399 5142 1462 5197 D.
1496 5141 1783 5213 Gerbert.,
1812 5143 2135 5216 Scriptores
2166 5143 2238 5199 de
2266 5140 2509 5210 Musica,
2540 5143 2686 5197 tom.
2729 5140 2772 5196 Ι.

1638 5340 2331 5429 MONITUM.

350 5472 588 5552 Notkeri
634 5472 861 5552 Balb_uli
908 5474 1379 5552 explanationem;
1421 5479 1562 5552 Quid
1611 5481 1853 5549 singulae
1900 5482 1963 5535 in
2011 5481 2479 5552 superscr-{ptime
2524 5479 2835 5552 signiﬁcent
2872 5480 3193 5552 cantilenae,
3225 5484 3359 5552 post
3386 5478 3687 5552 Canisium

279 5543 435 5599 Lect.
470 5544 729 5623 antiq._t.
765 5546 924 5623 II,_p.
958 5543 1040 5623 iii,
1075 5565 1130 5620 p.
1160 5550 1281 5623 198,
1315 5550 1404 5605 ed.
1437 5543 1952 5623 Basnagfdamus.
1976 5543 2377 5623 Eju‘sdemaut
2397 5543 2918 5623 alteriusANotkeri,
2942 5543 3205 5608 Labeonis
3225 5543 3434 5623 nempe
3455 5551 3688 5607 videtur

276 5631 406 5697 esse
433 5614 784 5697 opusculum
813 5614 1163 5675 theotiscum
1195 5614 1278 5677 de'
1296 5621 1543 5691 musica,
1574 5614 1729 5694 qifod
1762 5639 1832 5679 ex
1862 5639 1972 5679 ms.
2006 5614 2413 5679 San-Gallensi
2443 5637 2572 5677 sa'c.
2605 5620 2837 5678 circiter
2863 5614 2919 5678 xi
2959 5623 3210 5689 edimus,
3261 5614 3460 5680 add-ita
3506 5623 3685 5681 inter-

278 5687 869 5762 pretatione‘Latina.
