  <div class='ocr_page' id='page_1' title='image "/cluster/home/n/w/nwhite01/storage/ocr_20150623/131/hvd.32044054759923/594.png"; bbox 0 0 4012 6198; ppageno 0'>
   <div class='ocr_carea' id='block_1_1' title="bbox 264 384 418 456">
    <p class='ocr_par' dir='ltr' id='par_1_1' title="bbox 264 384 418 456">
     <span class='ocr_line' id='line_1_1' title="bbox 264 384 418 456; baseline 0 -2"><span class='ocrx_word' id='word_1_1' title='bbox 264 384 418 456; x_wconf 81' lang='lat' dir='ltr'>H73</span> 
     </span>
    </p>
   </div>
   <div class='ocr_carea' id='block_1_2' title="bbox 1731 390 2192 458">
    <p class='ocr_par' dir='ltr' id='par_1_2' title="bbox 1731 390 2192 458">
     <span class='ocr_line' id='line_1_2' title="bbox 1731 390 2192 458; baseline 0 -3"><span class='ocrx_word' id='word_1_2' title='bbox 1731 392 1834 455; x_wconf 88' lang='lat' dir='ltr'><strong>DE</strong></span> <span class='ocrx_word' id='word_1_3' title='bbox 1876 390 2192 458; x_wconf 82' lang='lat' dir='ltr'>MUSIGA.</span> 
     </span>
    </p>
   </div>
   <div class='ocr_carea' id='block_1_3' title="bbox 3507 390 3663 461">
    <p class='ocr_par' dir='ltr' id='par_1_3' title="bbox 3507 390 3663 461">
     <span class='ocr_line' id='line_1_3' title="bbox 3507 390 3663 461; baseline -0.019 -1"><span class='ocrx_word' id='word_1_4' title='bbox 3507 390 3663 461; x_wconf 68' lang='grc' dir='ltr'>ΗΠ</span> 
     </span>
    </p>
   </div>
   <div class='ocr_carea' id='block_1_4' title="bbox 264 525 3662 618">
    <p class='ocr_par' dir='ltr' id='par_1_4' title="bbox 264 525 3662 618">
     <span class='ocr_line' id='line_1_4' title="bbox 264 525 3662 618; baseline 0.001 -18"><span class='ocrx_word' id='word_1_5' title='bbox 264 532 480 618; x_wconf 65' lang='grc' dir='ltr'>ῐξοεῖθος</span> <span class='ocrx_word' id='word_1_6' title='bbox 514 527 555 582; x_wconf 65' lang='grc' dir='ltr'>Ε</span> <span class='ocrx_word' id='word_1_7' title='bbox 591 526 631 582; x_wconf 71' lang='lat' dir='ltr'>F</span> <span class='ocrx_word' id='word_1_8' title='bbox 660 528 725 581; x_wconf 63' lang='grc' dir='ltr'>δ·</span> <span class='ocrx_word' id='word_1_9' title='bbox 754 526 957 618; x_wconf 53' lang='lat' dir='ltr'>Tunna</span> <span class='ocrx_word' id='word_1_10' title='bbox 982 617 989 618; x_wconf 15' lang='grc' dir='ltr'>ί</span> <span class='ocrx_word' id='word_1_11' title='bbox 1012 526 1142 618; x_wconf 48' lang='grc' dir='ltr'>δῖοι</span> <span class='ocrx_word' id='word_1_12' title='bbox 1184 526 1269 618; x_wconf 69' lang='grc' dir='ltr'>ίῖὯ</span> <span class='ocrx_word' id='word_1_13' title='bbox 1329 525 1627 618; x_wconf 51' lang='grc' dir='ltr'>δθβεῑθηεξ</span> <span class='ocrx_word' id='word_1_14' title='bbox 1672 543 1735 618; x_wconf 71' lang='lat'>99</span> <span class='ocrx_word' id='word_1_15' title='bbox 1769 526 1906 618; x_wconf 64' lang='grc' dir='ltr'>Ψ]ίο</span> <span class='ocrx_word' id='word_1_16' title='bbox 1937 537 1991 601; x_wconf 84' lang='grc' dir='ltr'><strong>Α</strong></span> <span class='ocrx_word' id='word_1_17' title='bbox 2021 547 2336 601; x_wconf 86' lang='lat' dir='ltr'>admodum</span> <span class='ocrx_word' id='word_1_18' title='bbox 2369 546 2662 601; x_wconf 82' lang='lat' dir='ltr'>veteribus</span> <span class='ocrx_word' id='word_1_19' title='bbox 2694 543 2935 601; x_wconf 85' lang='lat' dir='ltr'>musicis</span> <span class='ocrx_word' id='word_1_20' title='bbox 2969 540 3307 618; x_wconf 72' lang='lat' dir='ltr'>quindecim</span> <span class='ocrx_word' id='word_1_21' title='bbox 3346 543 3571 615; x_wconf 64' lang='lat' dir='ltr'>littera,</span> <span class='ocrx_word' id='word_1_22' title='bbox 3604 553 3662 605; x_wconf 89' lang='lat' dir='ltr'>te</span> 
     </span>
    </p>
   </div>
   <div class='ocr_carea' id='block_1_5' title="bbox 265 616 1906 672">
    <p class='ocr_par' dir='ltr' id='par_1_5' title="bbox 265 616 1906 672">
     <span class='ocr_line' id='line_1_5' title="bbox 265 616 1906 672; baseline -0.001 -1"><span class='ocrx_word' id='word_1_23' title='bbox 265 616 397 671; x_wconf 90' lang='lat' dir='ltr'>dien</span> <span class='ocrx_word' id='word_1_24' title='bbox 431 616 583 672; x_wconf 89' lang='lat' dir='ltr'>alten</span> <span class='ocrx_word' id='word_1_25' title='bbox 613 617 854 672; x_wconf 86' lang='lat' dir='ltr'>musicis</span> <span class='ocrx_word' id='word_1_26' title='bbox 882 617 1089 670; x_wconf 81' lang='lat' dir='ltr'>ﬁnt‘zen</span> <span class='ocrx_word' id='word_1_27' title='bbox 1136 616 1483 671; x_wconf 89' lang='lat' dir='ltr'>buohstabo.</span> <span class='ocrx_word' id='word_1_28' title='bbox 1509 617 1663 670; x_wconf 91' lang='lat' dir='ltr'>unde</span> <span class='ocrx_word' id='word_1_29' title='bbox 1697 617 1906 671; x_wconf 82' lang='lat' dir='ltr'>ﬁnfzen</span> 
     </span>
    </p>
   </div>
   <div class='ocr_carea' id='block_1_6' title="bbox 264 705 1907 777">
    <p class='ocr_par' dir='ltr' id='par_1_6' title="bbox 264 705 1907 777">
     <span class='ocr_line' id='line_1_6' title="bbox 264 705 1907 777; baseline 0 -18"><span class='ocrx_word' id='word_1_30' title='bbox 264 705 449 760; x_wconf 89' lang='lat' dir='ltr'>seiton</span> <span class='ocrx_word' id='word_1_31' title='bbox 474 722 701 777; x_wconf 86' lang='lat' dir='ltr'>gnuoge</span> <span class='ocrx_word' id='word_1_32' title='bbox 724 706 955 760; x_wconf 89' lang='lat' dir='ltr'>duohti.</span> <span class='ocrx_word' id='word_1_33' title='bbox 980 706 1142 760; x_wconf 86' lang='lat' dir='ltr'>Unde</span> <span class='ocrx_word' id='word_1_34' title='bbox 1173 705 1255 759; x_wconf 90' lang='lat' dir='ltr'>sie</span> <span class='ocrx_word' id='word_1_35' title='bbox 1304 705 1531 759; x_wconf 88' lang='lat' dir='ltr'>uuoltin</span> <span class='ocrx_word' id='word_1_36' title='bbox 1580 706 1683 759; x_wconf 82' lang='lat' dir='ltr'>daz</span> <span class='ocrx_word' id='word_1_37' title='bbox 1706 705 1789 759; x_wconf 90' lang='lat' dir='ltr'>tiu</span> <span class='ocrx_word' id='word_1_38' title='bbox 1823 706 1907 759; x_wconf 86' lang='lat' dir='ltr'>ci-</span> 
     </span>
    </p>
   </div>
   <div class='ocr_carea' id='block_1_7' title="bbox 262 794 1910 865">
    <p class='ocr_par' dir='ltr' id='par_1_7' title="bbox 262 794 1910 865">
     <span class='ocr_line' id='line_1_7' title="bbox 262 794 1910 865; baseline 0.001 -17"><span class='ocrx_word' id='word_1_39' title='bbox 262 794 430 849; x_wconf 84' lang='lat' dir='ltr'>thara</span> <span class='ocrx_word' id='word_1_40' title='bbox 448 812 512 849; x_wconf 91' lang='lat' dir='ltr'>so</span> <span class='ocrx_word' id='word_1_41' title='bbox 540 794 769 865; x_wconf 87' lang='lat' dir='ltr'>manige</span> <span class='ocrx_word' id='word_1_42' title='bbox 792 794 973 849; x_wconf 90' lang='lat' dir='ltr'>seiten</span> <span class='ocrx_word' id='word_1_43' title='bbox 999 794 1213 849; x_wconf 90' lang='lat' dir='ltr'>habeti.</span> <span class='ocrx_word' id='word_1_44' title='bbox 1237 800 1438 848; x_wconf 88' lang='lat' dir='ltr'>unzter</span> <span class='ocrx_word' id='word_1_45' title='bbox 1455 795 1722 849; x_wconf 88' lang='lat' dir='ltr'>oberosto</span> <span class='ocrx_word' id='word_1_46' title='bbox 1742 796 1910 849; x_wconf 90' lang='lat' dir='ltr'>demo</span> 
     </span>
    </p>
   </div>
   <div class='ocr_carea' id='block_1_8' title="bbox 264 882 1911 955">
    <p class='ocr_par' dir='ltr' id='par_1_8' title="bbox 264 882 1911 955">
     <span class='ocr_line' id='line_1_8' title="bbox 264 882 1911 955; baseline 0.001 -18"><span class='ocrx_word' id='word_1_47' title='bbox 264 882 596 937; x_wconf 88' lang='lat' dir='ltr'>niderosten</span> <span class='ocrx_word' id='word_1_48' title='bbox 621 883 679 936; x_wconf 92' lang='lat' dir='ltr'>in</span> <span class='ocrx_word' id='word_1_49' title='bbox 706 882 889 938; x_wconf 88' lang='lat' dir='ltr'>cbade</span> <span class='ocrx_word' id='word_1_50' title='bbox 912 882 968 936; x_wconf 93' lang='lat' dir='ltr'>in</span> <span class='ocrx_word' id='word_1_51' title='bbox 994 882 1341 955; x_wconf 89' lang='lat' dir='ltr'>quadruplo.</span> <span class='ocrx_word' id='word_1_52' title='bbox 1368 885 1482 938; x_wconf 89' lang='lat' dir='ltr'>Taz</span> <span class='ocrx_word' id='word_1_53' title='bbox 1505 884 1579 938; x_wconf 91' lang='lat' dir='ltr'>ist</span> <span class='ocrx_word' id='word_1_54' title='bbox 1596 883 1678 938; x_wconf 92' lang='lat' dir='ltr'>tiu</span> <span class='ocrx_word' id='word_1_55' title='bbox 1702 883 1911 938; x_wconf 87' lang='lat' dir='ltr'>meista</span> 
     </span>
    </p>
   </div>
   <div class='ocr_carea' id='block_1_9' title="bbox 263 970 1908 1042">
    <p class='ocr_par' dir='ltr' id='par_1_9' title="bbox 263 970 1908 1042">
     <span class='ocr_line' id='line_1_9' title="bbox 263 970 1908 1042; baseline 0.001 -19"><span class='ocrx_word' id='word_1_56' title='bbox 263 970 578 1042; x_wconf 84' lang='lat' dir='ltr'>proportio.</span> <span class='ocrx_word' id='word_1_57' title='bbox 606 972 761 1025; x_wconf 89' lang='lat' dir='ltr'>unde</span> <span class='ocrx_word' id='word_1_58' title='bbox 787 970 995 1025; x_wconf 85' lang='lat' dir='ltr'>meista</span> <span class='ocrx_word' id='word_1_59' title='bbox 1016 972 1371 1042; x_wconf 89' lang='lat' dir='ltr'>simpbonia.</span> <span class='ocrx_word' id='word_1_60' title='bbox 1397 972 1495 1027; x_wconf 91' lang='lat' dir='ltr'>diu</span> <span class='ocrx_word' id='word_1_61' title='bbox 1520 971 1610 1026; x_wconf 92' lang='lat' dir='ltr'>bis</span> <span class='ocrx_word' id='word_1_62' title='bbox 1628 970 1908 1042; x_wconf 86' lang='lat' dir='ltr'>diapason</span> 
     </span>
    </p>
   </div>
   <div class='ocr_carea' id='block_1_10' title="bbox 262 1058 1909 1129">
    <p class='ocr_par' dir='ltr' id='par_1_10' title="bbox 262 1058 1909 1129">
     <span class='ocr_line' id='line_1_10' title="bbox 262 1058 1909 1129; baseline 0.001 -17"><span class='ocrx_word' id='word_1_63' title='bbox 262 1058 464 1113; x_wconf 88' lang='lat' dir='ltr'>heizet.</span> <span class='ocrx_word' id='word_1_64' title='bbox 492 1059 591 1113; x_wconf 91' lang='lat' dir='ltr'>diu</span> <span class='ocrx_word' id='word_1_65' title='bbox 617 1060 747 1113; x_wconf 83' lang='lat' dir='ltr'>fone</span> <span class='ocrx_word' id='word_1_66' title='bbox 771 1059 1022 1113; x_wconf 87' lang='lat' dir='ltr'>anderen</span> <span class='ocrx_word' id='word_1_67' title='bbox 1052 1060 1401 1129; x_wconf 87' lang='lat' dir='ltr'>simphoniis</span> <span class='ocrx_word' id='word_1_68' title='bbox 1424 1060 1636 1116; x_wconf 90' lang='lat' dir='ltr'>bestat.</span> <span class='ocrx_word' id='word_1_69' title='bbox 1673 1060 1909 1114; x_wconf 91' lang='lat' dir='ltr'>uuanda</span> 
     </span>
    </p>
   </div>
   <div class='ocr_carea' id='block_1_11' title="bbox 261 1146 1905 1219">
    <p class='ocr_par' dir='ltr' id='par_1_11' title="bbox 261 1146 1905 1219">
     <span class='ocr_line' id='line_1_11' title="bbox 261 1146 1905 1219; baseline 0.001 -19"><span class='ocrx_word' id='word_1_70' title='bbox 261 1146 619 1202; x_wconf 88' lang='lat' dir='ltr'>diatesseron</span> <span class='ocrx_word' id='word_1_71' title='bbox 640 1148 795 1202; x_wconf 89' lang='lat' dir='ltr'>unde</span> <span class='ocrx_word' id='word_1_72' title='bbox 819 1147 1091 1219; x_wconf 87' lang='lat' dir='ltr'>diapente</span> <span class='ocrx_word' id='word_1_73' title='bbox 1110 1148 1382 1203; x_wconf 90' lang='lat' dir='ltr'>macbont</span> <span class='ocrx_word' id='word_1_74' title='bbox 1404 1149 1495 1202; x_wconf 91' lang='lat' dir='ltr'>ein</span> <span class='ocrx_word' id='word_1_75' title='bbox 1520 1148 1822 1219; x_wconf 85' lang='lat' dir='ltr'>diapason.</span> <span class='ocrx_word' id='word_1_76' title='bbox 1842 1164 1905 1202; x_wconf 94' lang='lat' dir='ltr'>so</span> 
     </span>
    </p>
   </div>
   <div class='ocr_carea' id='block_1_12' title="bbox 259 1234 1904 1307">
    <p class='ocr_par' dir='ltr' id='par_1_12' title="bbox 259 1234 1904 1307">
     <span class='ocr_line' id='line_1_12' title="bbox 259 1234 1904 1307; baseline 0.001 -18"><span class='ocrx_word' id='word_1_77' title='bbox 259 1234 398 1290; x_wconf 90' lang='lat' dir='ltr'>aber</span> <span class='ocrx_word' id='word_1_78' title='bbox 419 1237 779 1291; x_wconf 88' lang='lat' dir='ltr'>diatesseron</span> <span class='ocrx_word' id='word_1_79' title='bbox 803 1237 1241 1307; x_wconf 87' lang='lat' dir='ltr'>undediapente</span> <span class='ocrx_word' id='word_1_80' title='bbox 1264 1238 1368 1291; x_wconf 91' lang='lat' dir='ltr'>daz</span> <span class='ocrx_word' id='word_1_81' title='bbox 1391 1237 1674 1291; x_wconf 86' lang='lat' dir='ltr'>kemacha</span> <span class='ocrx_word' id='word_1_82' title='bbox 1696 1238 1904 1306; x_wconf 86' lang='lat' dir='ltr'>diapa-</span> 
     </span>
    </p>
   </div>
   <div class='ocr_carea' id='block_1_13' title="bbox 258 1324 1905 1396">
    <p class='ocr_par' dir='ltr' id='par_1_13' title="bbox 258 1324 1905 1396">
     <span class='ocr_line' id='line_1_13' title="bbox 258 1324 1905 1396; baseline 0.002 -18"><span class='ocrx_word' id='word_1_83' title='bbox 258 1340 388 1378; x_wconf 90' lang='lat' dir='ltr'>son.</span> <span class='ocrx_word' id='word_1_84' title='bbox 420 1324 494 1379; x_wconf 92' lang='lat' dir='ltr'>So</span> <span class='ocrx_word' id='word_1_85' title='bbox 516 1325 707 1379; x_wconf 89' lang='lat' dir='ltr'>danne</span> <span class='ocrx_word' id='word_1_86' title='bbox 734 1326 885 1388; x_wconf 89' lang='lat' dir='ltr'>zuei,</span> <span class='ocrx_word' id='word_1_87' title='bbox 913 1325 1194 1395; x_wconf 88' lang='lat' dir='ltr'>diapason</span> <span class='ocrx_word' id='word_1_88' title='bbox 1232 1326 1320 1381; x_wconf 89' lang='lat' dir='ltr'>ein</span> <span class='ocrx_word' id='word_1_89' title='bbox 1340 1326 1737 1396; x_wconf 88' lang='lat' dir='ltr'>bisdiapason.</span> <span class='ocrx_word' id='word_1_90' title='bbox 1774 1326 1905 1381; x_wconf 78' lang='lat' dir='ltr'>{one</span> 
     </span>
    </p>
   </div>
   <div class='ocr_carea' id='block_1_14' title="bbox 258 1410 1888 1484">
    <p class='ocr_par' dir='ltr' id='par_1_14' title="bbox 258 1410 1888 1484">
     <span class='ocr_line' id='line_1_14' title="bbox 258 1410 1888 1484; baseline 0.001 -19"><span class='ocrx_word' id='word_1_91' title='bbox 258 1410 357 1466; x_wconf 91' lang='lat' dir='ltr'>diu</span> <span class='ocrx_word' id='word_1_92' title='bbox 391 1412 679 1468; x_wconf 89' lang='lat' dir='ltr'>uuerdent</span> <span class='ocrx_word' id='word_1_93' title='bbox 710 1414 813 1468; x_wconf 84' lang='lat' dir='ltr'>ﬁer</span> <span class='ocrx_word' id='word_1_94' title='bbox 860 1413 1202 1484; x_wconf 75' lang='lat' dir='ltr'>simpboniae</span> <span class='ocrx_word' id='word_1_95' title='bbox 1263 1432 1336 1470; x_wconf 89' lang='lat' dir='ltr'>an</span> <span class='ocrx_word' id='word_1_96' title='bbox 1393 1415 1486 1470; x_wconf 89' lang='lat' dir='ltr'>ein</span> <span class='ocrx_word' id='word_1_97' title='bbox 1519 1431 1616 1469; x_wconf 91' lang='lat' dir='ltr'>ero</span> <span class='ocrx_word' id='word_1_98' title='bbox 1650 1414 1888 1470; x_wconf 84' lang='lat' dir='ltr'>funden.</span> 
     </span>
    </p>
   </div>
   <div class='ocr_carea' id='block_1_15' title="bbox 2019 635 3659 707">
    <p class='ocr_par' dir='ltr' id='par_1_15' title="bbox 2019 635 3659 707">
     <span class='ocr_line' id='line_1_15' title="bbox 2019 635 3659 707; baseline 0.002 -18"><span class='ocrx_word' id='word_1_99' title='bbox 2019 635 2351 707; x_wconf 86' lang='lat' dir='ltr'>quindecim</span> <span class='ocrx_word' id='word_1_100' title='bbox 2372 636 2599 691; x_wconf 79' lang='lat' dir='ltr'>chordae</span> <span class='ocrx_word' id='word_1_101' title='bbox 2624 636 2890 691; x_wconf 77' lang='lat' dir='ltr'>sufﬁcere</span> <span class='ocrx_word' id='word_1_102' title='bbox 2910 635 3254 691; x_wconf 79' lang='lat' dir='ltr'>videbantur</span> <span class='ocrx_word' id='word_1_103' title='bbox 3273 642 3357 692; x_wconf 88' lang='lat' dir='ltr'>:et</span> <span class='ocrx_word' id='word_1_104' title='bbox 3371 635 3659 707; x_wconf 90' lang='lat' dir='ltr'>volebant,</span> 
     </span>
    </p>
   </div>
   <div class='ocr_carea' id='block_1_16' title="bbox 2023 725 3662 797">
    <p class='ocr_par' dir='ltr' id='par_1_16' title="bbox 2023 725 3662 797">
     <span class='ocr_line' id='line_1_16' title="bbox 2023 725 3662 797; baseline -0.001 -17"><span class='ocrx_word' id='word_1_105' title='bbox 2023 730 2085 780; x_wconf 91' lang='lat' dir='ltr'>ut</span> <span class='ocrx_word' id='word_1_106' title='bbox 2107 725 2330 779; x_wconf 81' lang='lat' dir='ltr'>cithara</span> <span class='ocrx_word' id='word_1_107' title='bbox 2352 725 2591 781; x_wconf 82' lang='lat' dir='ltr'>totidem</span> <span class='ocrx_word' id='word_1_108' title='bbox 2617 726 2864 780; x_wconf 88' lang='lat' dir='ltr'>chordas</span> <span class='ocrx_word' id='word_1_109' title='bbox 2886 725 3146 791; x_wconf 85' lang='lat' dir='ltr'>haberet,</span> <span class='ocrx_word' id='word_1_110' title='bbox 3180 742 3367 797; x_wconf 91' lang='lat' dir='ltr'>usque</span> <span class='ocrx_word' id='word_1_111' title='bbox 3389 726 3529 780; x_wconf 89' lang='lat' dir='ltr'>dum</span> <span class='ocrx_word' id='word_1_112' title='bbox 3564 742 3662 779; x_wconf 89' lang='lat' dir='ltr'>su-</span> 
     </span>
    </p>
   </div>
   <div class='ocr_carea' id='block_1_17' title="bbox 2020 812 3665 886">
    <p class='ocr_par' dir='ltr' id='par_1_17' title="bbox 2020 812 3665 886">
     <span class='ocr_line' id='line_1_17' title="bbox 2020 812 3665 886; baseline 0.001 -19"><span class='ocrx_word' id='word_1_113' title='bbox 2020 830 2221 886; x_wconf 87' lang='lat' dir='ltr'>prema</span> <span class='ocrx_word' id='word_1_114' title='bbox 2248 814 2461 867; x_wconf 60' lang='lat' dir='ltr'>infimae</span> <span class='ocrx_word' id='word_1_115' title='bbox 2486 815 2961 884; x_wconf 90' lang='lat' dir='ltr'>corresponderet</span> <span class='ocrx_word' id='word_1_116' title='bbox 2982 814 3042 867; x_wconf 91' lang='lat' dir='ltr'>in</span> <span class='ocrx_word' id='word_1_117' title='bbox 3072 812 3560 885; x_wconf 75' lang='lat' dir='ltr'>qnadruplo.stc</span> <span class='ocrx_word' id='word_1_118' title='bbox 3575 816 3665 869; x_wconf 84' lang='lat' dir='ltr'>est</span> 
     </span>
    </p>
   </div>
   <div class='ocr_carea' id='block_1_18' title="bbox 2020 902 3663 975">
    <p class='ocr_par' dir='ltr' id='par_1_18' title="bbox 2020 902 3663 975">
     <span class='ocr_line' id='line_1_18' title="bbox 2020 902 3663 975; baseline -0.001 -16"><span class='ocrx_word' id='word_1_119' title='bbox 2020 903 2275 959; x_wconf 82' lang='lat' dir='ltr'>maxima</span> <span class='ocrx_word' id='word_1_120' title='bbox 2298 903 2612 973; x_wconf 87' lang='lat' dir='ltr'>proportio.</span> <span class='ocrx_word' id='word_1_121' title='bbox 2638 907 2693 957; x_wconf 90' lang='lat' dir='ltr'>et</span> <span class='ocrx_word' id='word_1_122' title='bbox 2716 903 2971 958; x_wconf 85' lang='lat' dir='ltr'>maxima</span> <span class='ocrx_word' id='word_1_123' title='bbox 3018 902 3388 975; x_wconf 79' lang='lat' dir='ltr'>symphonia,</span> <span class='ocrx_word' id='word_1_124' title='bbox 3418 920 3545 974; x_wconf 90' lang='lat' dir='ltr'>qu</span> <span class='ocrx_word' id='word_1_125' title='bbox 3570 903 3663 957; x_wconf 89' lang='lat' dir='ltr'>bis</span> 
     </span>
    </p>
   </div>
   <div class='ocr_carea' id='block_1_19' title="bbox 2020 991 3659 1064">
    <p class='ocr_par' dir='ltr' id='par_1_19' title="bbox 2020 991 3659 1064">
     <span class='ocr_line' id='line_1_19' title="bbox 2020 991 3659 1064; baseline -0.002 -17"><span class='ocrx_word' id='word_1_126' title='bbox 2020 993 2301 1064; x_wconf 85' lang='lat' dir='ltr'>diapason</span> <span class='ocrx_word' id='word_1_127' title='bbox 2322 991 2552 1058; x_wconf 88' lang='lat' dir='ltr'>dicitur,</span> <span class='ocrx_word' id='word_1_128' title='bbox 2578 996 2753 1062; x_wconf 89' lang='lat' dir='ltr'>atque</span> <span class='ocrx_word' id='word_1_129' title='bbox 2777 1008 2843 1046; x_wconf 78' lang='lat' dir='ltr'>ex</span> <span class='ocrx_word' id='word_1_130' title='bbox 2868 991 2997 1046; x_wconf 87' lang='lat' dir='ltr'>aliis</span> <span class='ocrx_word' id='word_1_131' title='bbox 3020 991 3387 1064; x_wconf 84' lang='lat' dir='ltr'>symphoniis</span> <span class='ocrx_word' id='word_1_132' title='bbox 3410 994 3659 1045; x_wconf 82' lang='lat' dir='ltr'>constat.</span> 
     </span>
    </p>
   </div>
   <div class='ocr_carea' id='block_1_20' title="bbox 2018 1080 3666 1153">
    <p class='ocr_par' dir='ltr' id='par_1_20' title="bbox 2018 1080 3666 1153">
     <span class='ocr_line' id='line_1_20' title="bbox 2018 1080 3666 1153; baseline -0.002 -16"><span class='ocrx_word' id='word_1_133' title='bbox 2018 1082 2393 1137; x_wconf 89' lang='lat' dir='ltr'>Diatessaron</span> <span class='ocrx_word' id='word_1_134' title='bbox 2426 1080 2714 1151; x_wconf 91' lang='lat' dir='ltr'>siquidem</span> <span class='ocrx_word' id='word_1_135' title='bbox 2747 1086 2804 1135; x_wconf 90' lang='lat' dir='ltr'>et</span> <span class='ocrx_word' id='word_1_136' title='bbox 2855 1080 3134 1153; x_wconf 88' lang='lat' dir='ltr'>Diapente</span> <span class='ocrx_word' id='word_1_137' title='bbox 3160 1080 3423 1135; x_wconf 79' lang='lat' dir='ltr'>efﬁciunt</span> <span class='ocrx_word' id='word_1_138' title='bbox 3453 1080 3666 1150; x_wconf 86' lang='lat' dir='ltr'>Diapa-</span> 
     </span>
    </p>
   </div>
   <div class='ocr_carea' id='block_1_21' title="bbox 2017 1168 3663 1241">
    <p class='ocr_par' dir='ltr' id='par_1_21' title="bbox 2017 1168 3663 1241">
     <span class='ocr_line' id='line_1_21' title="bbox 2017 1168 3663 1241; baseline -0.002 -16"><span class='ocrx_word' id='word_1_139' title='bbox 2017 1188 2120 1225; x_wconf 90' lang='lat' dir='ltr'>son</span> <span class='ocrx_word' id='word_1_140' title='bbox 2147 1187 2159 1226; x_wconf 90' lang='lat'>:</span> <span class='ocrx_word' id='word_1_141' title='bbox 2187 1170 2338 1225; x_wconf 87' lang='lat' dir='ltr'>sicut</span> <span class='ocrx_word' id='word_1_142' title='bbox 2360 1173 2551 1224; x_wconf 87' lang='lat' dir='ltr'>autem</span> <span class='ocrx_word' id='word_1_143' title='bbox 2578 1168 2944 1224; x_wconf 86' lang='lat' dir='ltr'>Diatessaron</span> <span class='ocrx_word' id='word_1_144' title='bbox 2968 1173 3023 1223; x_wconf 91' lang='lat' dir='ltr'>et</span> <span class='ocrx_word' id='word_1_145' title='bbox 3044 1169 3327 1241; x_wconf 83' lang='lat' dir='ltr'>Diaponte</span> <span class='ocrx_word' id='word_1_146' title='bbox 3377 1168 3663 1239; x_wconf 88' lang='lat' dir='ltr'>Diapason</span> 
     </span>
    </p>
   </div>
   <div class='ocr_carea' id='block_1_22' title="bbox 2018 1256 3658 1329">
    <p class='ocr_par' dir='ltr' id='par_1_22' title="bbox 2018 1256 3658 1329">
     <span class='ocr_line' id='line_1_22' title="bbox 2018 1256 3658 1329; baseline -0.004 -14"><span class='ocrx_word' id='word_1_147' title='bbox 2018 1260 2259 1325; x_wconf 87' lang='lat' dir='ltr'>faciunt,</span> <span class='ocrx_word' id='word_1_148' title='bbox 2284 1259 2365 1312; x_wconf 86' lang='lat' dir='ltr'>ita</span> <span class='ocrx_word' id='word_1_149' title='bbox 2382 1258 2507 1311; x_wconf 64' lang='lat' dir='ltr'>dua:</span> <span class='ocrx_word' id='word_1_150' title='bbox 2527 1257 2817 1328; x_wconf 88' lang='lat' dir='ltr'>Diapason</span> <span class='ocrx_word' id='word_1_151' title='bbox 2840 1257 2929 1311; x_wconf 90' lang='lat' dir='ltr'>bis</span> <span class='ocrx_word' id='word_1_152' title='bbox 2946 1257 3236 1329; x_wconf 87' lang='lat' dir='ltr'>Diapason</span> <span class='ocrx_word' id='word_1_153' title='bbox 3251 1256 3617 1312; x_wconf 89' lang='lat' dir='ltr'>constituunt</span> <span class='ocrx_word' id='word_1_154' title='bbox 3645 1272 3658 1309; x_wconf 90' lang='lat'><strong>:</strong></span> 
     </span>
    </p>
   </div>
   <div class='ocr_carea' id='block_1_23' title="bbox 2019 1345 3658 1421">
    <p class='ocr_par' dir='ltr' id='par_1_23' title="bbox 2019 1345 3658 1421">
     <span class='ocr_line' id='line_1_23' title="bbox 2019 1345 3658 1421; baseline -0.004 -17"><span class='ocrx_word' id='word_1_155' title='bbox 2019 1354 2325 1421; x_wconf 82' lang='lat' dir='ltr'>prOpterea</span> <span class='ocrx_word' id='word_1_156' title='bbox 2357 1350 2612 1420; x_wconf 83' lang='lat' dir='ltr'>quatuor</span> <span class='ocrx_word' id='word_1_157' title='bbox 2642 1345 3003 1420; x_wconf 64' lang='lat' dir='ltr'>symphonia</span> <span class='ocrx_word' id='word_1_158' title='bbox 3034 1346 3093 1401; x_wconf 93' lang='lat' dir='ltr'>in</span> <span class='ocrx_word' id='word_1_159' title='bbox 3126 1362 3243 1402; x_wconf 89' lang='lat' dir='ltr'>una</span> <span class='ocrx_word' id='word_1_160' title='bbox 3266 1345 3658 1419; x_wconf 87' lang='lat' dir='ltr'>reperiuntur.</span> 
     </span>
    </p>
   </div>
   <div class='ocr_carea' id='block_1_24' title="bbox 1575 1565 2346 1628">
    <p class='ocr_par' dir='ltr' id='par_1_24' title="bbox 1575 1565 2346 1628">
     <span class='ocr_line' id='line_1_24' title="bbox 1575 1565 2346 1628; baseline -0.005 0"><span class='ocrx_word' id='word_1_161' title='bbox 1575 1569 1678 1627; x_wconf 84' lang='lat' dir='ltr'><strong>DE</strong></span> <span class='ocrx_word' id='word_1_162' title='bbox 1722 1565 2346 1628; x_wconf 74' lang='lat' dir='ltr'>TETRACHOHDIS.</span> 
     </span>
    </p>
   </div>
   <div class='ocr_carea' id='block_1_25' title="bbox 770 1706 1386 1746">
    <p class='ocr_par' dir='ltr' id='par_1_25' title="bbox 770 1706 1386 1746">
     <span class='ocr_line' id='line_1_25' title="bbox 770 1706 1386 1746; baseline 0 -2"><span class='ocrx_word' id='word_1_163' title='bbox 770 1706 983 1746; x_wconf 80' lang='lat' dir='ltr'>TEXTUS</span> <span class='ocrx_word' id='word_1_164' title='bbox 1019 1706 1386 1746; x_wconf 80' lang='lat' dir='ltr'>THEOTISCUS.</span> 
     </span>
    </p>
   </div>
   <div class='ocr_carea' id='block_1_26' title="bbox 330 1795 1899 1871">
    <p class='ocr_par' dir='ltr' id='par_1_26' title="bbox 330 1795 1899 1871">
     <span class='ocr_line' id='line_1_26' title="bbox 330 1795 1899 1871; baseline 0.001 -21"><span class='ocrx_word' id='word_1_165' title='bbox 330 1796 409 1850; x_wconf 85' lang='lat' dir='ltr'>An</span> <span class='ocrx_word' id='word_1_166' title='bbox 443 1795 573 1851; x_wconf 90' lang='lat' dir='ltr'>dien</span> <span class='ocrx_word' id='word_1_167' title='bbox 608 1796 814 1851; x_wconf 79' lang='lat' dir='ltr'>{infzen</span> <span class='ocrx_word' id='word_1_168' title='bbox 852 1798 1058 1852; x_wconf 89' lang='lat' dir='ltr'>seiton.</span> <span class='ocrx_word' id='word_1_169' title='bbox 1097 1796 1285 1852; x_wconf 89' lang='lat' dir='ltr'>zalton</span> <span class='ocrx_word' id='word_1_170' title='bbox 1331 1798 1414 1852; x_wconf 91' lang='lat' dir='ltr'>sie</span> <span class='ocrx_word' id='word_1_171' title='bbox 1444 1803 1693 1871; x_wconf 83' lang='lat' dir='ltr'>quatuor</span> <span class='ocrx_word' id='word_1_172' title='bbox 1723 1802 1899 1853; x_wconf 87' lang='lat' dir='ltr'>tetra—</span> 
     </span>
    </p>
   </div>
   <div class='ocr_carea' id='block_1_27' title="bbox 259 1883 1902 1942">
    <p class='ocr_par' dir='ltr' id='par_1_27' title="bbox 259 1883 1902 1942">
     <span class='ocr_line' id='line_1_27' title="bbox 259 1883 1902 1942; baseline 0.001 -3"><span class='ocrx_word' id='word_1_173' title='bbox 259 1883 494 1939; x_wconf 86' lang='lat' dir='ltr'>chorda.</span> <span class='ocrx_word' id='word_1_174' title='bbox 530 1890 617 1939; x_wconf 86' lang='lat' dir='ltr'>An</span> <span class='ocrx_word' id='word_1_175' title='bbox 650 1886 785 1940; x_wconf 88' lang='lat' dir='ltr'>abto</span> <span class='ocrx_word' id='word_1_176' title='bbox 818 1886 1005 1941; x_wconf 89' lang='lat' dir='ltr'>seiton</span> <span class='ocrx_word' id='word_1_177' title='bbox 1049 1886 1173 1941; x_wconf 93' lang='lat' dir='ltr'>zuei</span> <span class='ocrx_word' id='word_1_178' title='bbox 1211 1886 1520 1942; x_wconf 87' lang='lat' dir='ltr'>disiuncta.</span> <span class='ocrx_word' id='word_1_179' title='bbox 1557 1905 1624 1941; x_wconf 88' lang='lat' dir='ltr'>an</span> <span class='ocrx_word' id='word_1_180' title='bbox 1662 1886 1902 1942; x_wconf 81' lang='lat' dir='ltr'>sibenen</span> 
     </span>
    </p>
   </div>
   <div class='ocr_carea' id='block_1_28' title="bbox 258 1974 1905 2046">
    <p class='ocr_par' dir='ltr' id='par_1_28' title="bbox 258 1974 1905 2046">
     <span class='ocr_line' id='line_1_28' title="bbox 258 1974 1905 2046; baseline 0.001 -19"><span class='ocrx_word' id='word_1_181' title='bbox 258 1974 383 2027; x_wconf 88' lang='lat' dir='ltr'>zuei</span> <span class='ocrx_word' id='word_1_182' title='bbox 416 1974 745 2028; x_wconf 86' lang='lat' dir='ltr'>coniuncta.</span> <span class='ocrx_word' id='word_1_183' title='bbox 780 1975 883 2027; x_wconf 89' lang='lat' dir='ltr'>daz</span> <span class='ocrx_word' id='word_1_184' title='bbox 915 1974 1032 2028; x_wconf 87' lang='lat' dir='ltr'>chit</span> <span class='ocrx_word' id='word_1_185' title='bbox 1062 1974 1187 2029; x_wconf 91' lang='lat' dir='ltr'>zuei</span> <span class='ocrx_word' id='word_1_186' title='bbox 1219 1977 1618 2046; x_wconf 85' lang='lat' dir='ltr'>gczkeideniu.</span> <span class='ocrx_word' id='word_1_187' title='bbox 1644 1977 1766 2031; x_wconf 89' lang='lat' dir='ltr'>zuei</span> <span class='ocrx_word' id='word_1_188' title='bbox 1794 1994 1905 2029; x_wconf 77' lang='lat' dir='ltr'>un-</span> 
     </span>
    </p>
   </div>
   <div class='ocr_carea' id='block_1_29' title="bbox 257 2062 1899 2137">
    <p class='ocr_par' dir='ltr' id='par_1_29' title="bbox 257 2062 1899 2137">
     <span class='ocr_line' id='line_1_29' title="bbox 257 2062 1899 2137; baseline 0.002 -21"><span class='ocrx_word' id='word_1_189' title='bbox 257 2062 656 2133; x_wconf 86' lang='lat' dir='ltr'>geskeideniu.</span> <span class='ocrx_word' id='word_1_190' title='bbox 692 2062 937 2116; x_wconf 87' lang='lat' dir='ltr'>Uuanda</span> <span class='ocrx_word' id='word_1_191' title='bbox 986 2064 1125 2117; x_wconf 86' lang='lat' dir='ltr'>aber</span> <span class='ocrx_word' id='word_1_192' title='bbox 1181 2081 1255 2117; x_wconf 90' lang='lat' dir='ltr'>nu</span> <span class='ocrx_word' id='word_1_193' title='bbox 1312 2065 1471 2119; x_wconf 89' lang='lat' dir='ltr'>ciner</span> <span class='ocrx_word' id='word_1_194' title='bbox 1500 2083 1568 2119; x_wconf 86' lang='lat' dir='ltr'>zu</span> <span class='ocrx_word' id='word_1_195' title='bbox 1604 2071 1775 2137; x_wconf 73' lang='lat' dir='ltr'>getan</span> <span class='ocrx_word' id='word_1_196' title='bbox 1806 2066 1899 2120; x_wconf 91' lang='lat' dir='ltr'>ist.</span> 
     </span>
    </p>
   </div>
   <div class='ocr_carea' id='block_1_30' title="bbox 258 2150 1903 2222">
    <p class='ocr_par' dir='ltr' id='par_1_30' title="bbox 258 2150 1903 2222">
     <span class='ocr_line' id='line_1_30' title="bbox 258 2150 1903 2222; baseline 0.002 -17"><span class='ocrx_word' id='word_1_197' title='bbox 258 2150 433 2221; x_wconf 89' lang='lat' dir='ltr'>pediu</span> <span class='ocrx_word' id='word_1_198' title='bbox 459 2150 577 2205; x_wconf 92' lang='lat' dir='ltr'>sint</span> <span class='ocrx_word' id='word_1_199' title='bbox 603 2150 691 2205; x_wconf 93' lang='lat' dir='ltr'>siu</span> <span class='ocrx_word' id='word_1_200' title='bbox 714 2150 853 2205; x_wconf 88' lang='lat' dir='ltr'>alliu</span> <span class='ocrx_word' id='word_1_201' title='bbox 874 2152 1036 2205; x_wconf 83' lang='lat' dir='ltr'>ﬁeriu</span> <span class='ocrx_word' id='word_1_202' title='bbox 1058 2153 1391 2222; x_wconf 82' lang='lat' dir='ltr'>geskciden.</span> <span class='ocrx_word' id='word_1_203' title='bbox 1431 2154 1590 2209; x_wconf 86' lang='lat' dir='ltr'>Unde</span> <span class='ocrx_word' id='word_1_204' title='bbox 1614 2155 1719 2208; x_wconf 89' lang='lat' dir='ltr'>daz</span> <span class='ocrx_word' id='word_1_205' title='bbox 1745 2154 1903 2208; x_wconf 90' lang='lat' dir='ltr'>nide-</span> 
     </span>
    </p>
   </div>
   <div class='ocr_carea' id='block_1_31' title="bbox 260 2238 1902 2311">
    <p class='ocr_par' dir='ltr' id='par_1_31' title="bbox 260 2238 1902 2311">
     <span class='ocr_line' id='line_1_31' title="bbox 260 2238 1902 2311; baseline 0.003 -18"><span class='ocrx_word' id='word_1_206' title='bbox 260 2244 416 2294; x_wconf 88' lang='lat' dir='ltr'>rosta</span> <span class='ocrx_word' id='word_1_207' title='bbox 446 2238 633 2293; x_wconf 90' lang='lat' dir='ltr'>heizet</span> <span class='ocrx_word' id='word_1_208' title='bbox 662 2241 949 2311; x_wconf 86' lang='lat' dir='ltr'>gravium.</span> <span class='ocrx_word' id='word_1_209' title='bbox 986 2242 1090 2294; x_wconf 84' lang='lat' dir='ltr'>daz</span> <span class='ocrx_word' id='word_1_210' title='bbox 1123 2242 1302 2295; x_wconf 86' lang='lat' dir='ltr'>ander</span> <span class='ocrx_word' id='word_1_211' title='bbox 1350 2242 1535 2296; x_wconf 89' lang='lat' dir='ltr'>heizet</span> <span class='ocrx_word' id='word_1_212' title='bbox 1566 2244 1694 2297; x_wconf 84' lang='lat' dir='ltr'>fone</span> <span class='ocrx_word' id='word_1_213' title='bbox 1727 2244 1902 2298; x_wconf 81' lang='lat' dir='ltr'>altero</span> 
     </span>
    </p>
   </div>
   <div class='ocr_carea' id='block_1_32' title="bbox 260 2328 1904 2402">
    <p class='ocr_par' dir='ltr' id='par_1_32' title="bbox 260 2328 1904 2402">
     <span class='ocr_line' id='line_1_32' title="bbox 260 2328 1904 2402; baseline 0.002 -20"><span class='ocrx_word' id='word_1_214' title='bbox 260 2344 439 2399; x_wconf 85' lang='lat' dir='ltr'>sange</span> <span class='ocrx_word' id='word_1_215' title='bbox 476 2328 671 2383; x_wconf 92' lang='lat' dir='ltr'>uzlaze</span> <span class='ocrx_word' id='word_1_216' title='bbox 730 2328 923 2383; x_wconf 83' lang='lat' dir='ltr'>ﬁnale.</span> <span class='ocrx_word' id='word_1_217' title='bbox 984 2330 1088 2383; x_wconf 89' lang='lat' dir='ltr'>daz</span> <span class='ocrx_word' id='word_1_218' title='bbox 1152 2330 1312 2385; x_wconf 79' lang='lat' dir='ltr'>tritta</span> <span class='ocrx_word' id='word_1_219' title='bbox 1371 2334 1761 2402; x_wconf 89' lang='lat' dir='ltr'>superiorum.</span> <span class='ocrx_word' id='word_1_220' title='bbox 1798 2332 1904 2386; x_wconf 88' lang='lat' dir='ltr'>daz</span> 
     </span>
    </p>
   </div>
   <div class='ocr_carea' id='block_1_33' title="bbox 259 2416 1899 2475">
    <p class='ocr_par' dir='ltr' id='par_1_33' title="bbox 259 2416 1899 2475">
     <span class='ocr_line' id='line_1_33' title="bbox 259 2416 1899 2475; baseline 0.003 -5"><span class='ocrx_word' id='word_1_221' title='bbox 259 2416 441 2471; x_wconf 85' lang='lat' dir='ltr'>fierda</span> <span class='ocrx_word' id='word_1_222' title='bbox 461 2416 889 2472; x_wconf 82' lang='lat' dir='ltr'>excellentium.</span> <span class='ocrx_word' id='word_1_223' title='bbox 908 2420 1020 2472; x_wconf 86' lang='lat' dir='ltr'>Taz</span> <span class='ocrx_word' id='word_1_224' title='bbox 1033 2420 1170 2473; x_wconf 88' lang='lat' dir='ltr'>aher</span> <span class='ocrx_word' id='word_1_225' title='bbox 1193 2420 1315 2474; x_wconf 81' lang='lat' dir='ltr'>fure</span> <span class='ocrx_word' id='word_1_226' title='bbox 1338 2420 1431 2473; x_wconf 88' lang='lat' dir='ltr'>die</span> <span class='ocrx_word' id='word_1_227' title='bbox 1454 2420 1695 2475; x_wconf 90' lang='lat' dir='ltr'>sehszcn</span> <span class='ocrx_word' id='word_1_228' title='bbox 1720 2420 1899 2475; x_wconf 88' lang='lat' dir='ltr'>seilcn</span> 
     </span>
    </p>
   </div>
   <div class='ocr_carea' id='block_1_34' title="bbox 250 2506 1901 2563">
    <p class='ocr_par' dir='ltr' id='par_1_34' title="bbox 250 2506 1901 2563">
     <span class='ocr_line' id='line_1_34' title="bbox 250 2506 1901 2563; baseline 0.002 -4"><span class='ocrx_word' id='word_1_229' title='bbox 250 2521 321 2559; x_wconf 86' lang='lat' dir='ltr'>an</span> <span class='ocrx_word' id='word_1_230' title='bbox 349 2507 485 2560; x_wconf 88' lang='lat' dir='ltr'>dero</span> <span class='ocrx_word' id='word_1_231' title='bbox 511 2506 665 2560; x_wconf 89' lang='lat' dir='ltr'>lirun</span> <span class='ocrx_word' id='word_1_232' title='bbox 716 2508 1007 2561; x_wconf 91' lang='lat' dir='ltr'>driostunt</span> <span class='ocrx_word' id='word_1_233' title='bbox 1029 2508 1228 2562; x_wconf 82' lang='lat' dir='ltr'>sibene</span> <span class='ocrx_word' id='word_1_234' title='bbox 1252 2508 1387 2563; x_wconf 87' lang='lat' dir='ltr'>sint.</span> <span class='ocrx_word' id='word_1_235' title='bbox 1412 2507 1534 2563; x_wconf 88' lang='lat' dir='ltr'>also</span> <span class='ocrx_word' id='word_1_236' title='bbox 1565 2509 1679 2563; x_wconf 92' lang='lat' dir='ltr'>ouh</span> <span class='ocrx_word' id='word_1_237' title='bbox 1703 2526 1901 2563; x_wconf 85' lang='lat' dir='ltr'>sume-</span> 
     </span>
    </p>
   </div>
   <div class='ocr_carea' id='block_1_35' title="bbox 249 2592 1901 2667">
    <p class='ocr_par' dir='ltr' id='par_1_35' title="bbox 249 2592 1901 2667">
     <span class='ocr_line' id='line_1_35' title="bbox 249 2592 1901 2667; baseline 0.002 -20"><span class='ocrx_word' id='word_1_238' title='bbox 249 2592 469 2649; x_wconf 89' lang='lat' dir='ltr'>lichero</span> <span class='ocrx_word' id='word_1_239' title='bbox 484 2611 768 2665; x_wconf 90' lang='lat' dir='ltr'>organum</span> <span class='ocrx_word' id='word_1_240' title='bbox 788 2595 916 2649; x_wconf 92' lang='lat' dir='ltr'>driu</span> <span class='ocrx_word' id='word_1_241' title='bbox 934 2594 1597 2667; x_wconf 83' lang='lat' dir='ltr'>alphabetasint.dazist</span> <span class='ocrx_word' id='word_1_242' title='bbox 1614 2599 1789 2651; x_wconf 80' lang='lat' dir='ltr'>umbe</span> <span class='ocrx_word' id='word_1_243' title='bbox 1807 2598 1901 2651; x_wconf 69' lang='lat' dir='ltr'>ilia</span> 
     </span>
    </p>
   </div>
   <div class='ocr_carea' id='block_1_36' title="bbox 245 2683 1897 2756">
    <p class='ocr_par' dir='ltr' id='par_1_36' title="bbox 245 2683 1897 2756">
     <span class='ocr_line' id='line_1_36' title="bbox 245 2683 1897 2756; baseline 0.001 -19"><span class='ocrx_word' id='word_1_244' title='bbox 245 2683 478 2753; x_wconf 75' lang='lat' dir='ltr'>sempfti</span> <span class='ocrx_word' id='word_1_245' title='bbox 504 2688 697 2754; x_wconf 86' lang='lat' dir='ltr'>getan.</span> <span class='ocrx_word' id='word_1_246' title='bbox 720 2685 825 2737; x_wconf 88' lang='lat' dir='ltr'>daz</span> <span class='ocrx_word' id='word_1_247' title='bbox 845 2702 979 2737; x_wconf 90' lang='lat' dir='ltr'>man</span> <span class='ocrx_word' id='word_1_248' title='bbox 1004 2702 1115 2738; x_wconf 89' lang='lat' dir='ltr'>ana</span> <span class='ocrx_word' id='word_1_249' title='bbox 1134 2685 1396 2756; x_wconf 89' lang='lat' dir='ltr'>geleitem</span> <span class='ocrx_word' id='word_1_250' title='bbox 1418 2686 1621 2741; x_wconf 85' lang='lat' dir='ltr'>beiden</span> <span class='ocrx_word' id='word_1_251' title='bbox 1644 2687 1897 2741; x_wconf 87' lang='lat' dir='ltr'>handen.</span> 
     </span>
    </p>
   </div>
   <div class='ocr_carea' id='block_1_37' title="bbox 241 2772 1897 2845">
    <p class='ocr_par' dir='ltr' id='par_1_37' title="bbox 241 2772 1897 2845">
     <span class='ocr_line' id='line_1_37' title="bbox 241 2772 1897 2845; baseline 0.002 -20"><span class='ocrx_word' id='word_1_252' title='bbox 241 2772 572 2843; x_wconf 86' lang='lat' dir='ltr'>ufstigendo</span> <span class='ocrx_word' id='word_1_253' title='bbox 605 2772 745 2827; x_wconf 85' lang='lat' dir='ltr'>folle</span> <span class='ocrx_word' id='word_1_254' title='bbox 780 2774 987 2844; x_wconf 86' lang='lat' dir='ltr'>singen</span> <span class='ocrx_word' id='word_1_255' title='bbox 1036 2791 1209 2845; x_wconf 86' lang='lat' dir='ltr'>mugc</span> <span class='ocrx_word' id='word_1_256' title='bbox 1240 2775 1529 2845; x_wconf 83' lang='lat' dir='ltr'>sangolih.</span> <span class='ocrx_word' id='word_1_257' title='bbox 1567 2777 1721 2829; x_wconf 88' lang='lat' dir='ltr'>unde</span> <span class='ocrx_word' id='word_1_258' title='bbox 1754 2776 1897 2831; x_wconf 86' lang='lat' dir='ltr'>oben</span> 
     </span>
    </p>
   </div>
   <div class='ocr_carea' id='block_1_38' title="bbox 242 2862 1895 2931">
    <p class='ocr_par' dir='ltr' id='par_1_38' title="bbox 242 2862 1895 2931">
     <span class='ocr_line' id='line_1_38' title="bbox 242 2862 1895 2931; baseline 0.002 -17"><span class='ocrx_word' id='word_1_259' title='bbox 242 2876 393 2914; x_wconf 88' lang='lat' dir='ltr'>anne</span> <span class='ocrx_word' id='word_1_260' title='bbox 429 2862 713 2931; x_wconf 82' lang='lat' dir='ltr'>gebrcste.</span> <span class='ocrx_word' id='word_1_261' title='bbox 778 2862 1044 2916; x_wconf 77' lang='lat' dir='ltr'>nobturft</span> <span class='ocrx_word' id='word_1_262' title='bbox 1094 2880 1164 2916; x_wconf 89' lang='lat' dir='ltr'>nc</span> <span class='ocrx_word' id='word_1_263' title='bbox 1223 2865 1459 2918; x_wconf 89' lang='lat' dir='ltr'>uuerde.</span> <span class='ocrx_word' id='word_1_264' title='bbox 1522 2864 1616 2918; x_wconf 88' lang='lat' dir='ltr'>dia</span> <span class='ocrx_word' id='word_1_265' title='bbox 1650 2866 1791 2918; x_wconf 89' lang='lat' dir='ltr'>hant</span> <span class='ocrx_word' id='word_1_266' title='bbox 1824 2866 1895 2918; x_wconf 87' lang='lat' dir='ltr'>ab</span> 
     </span>
    </p>
   </div>
   <div class='ocr_carea' id='block_1_39' title="bbox 239 2949 1895 3021">
    <p class='ocr_par' dir='ltr' id='par_1_39' title="bbox 239 2949 1895 3021">
     <span class='ocr_line' id='line_1_39' title="bbox 239 2949 1895 3021; baseline 0.002 -19"><span class='ocrx_word' id='word_1_267' title='bbox 239 2949 405 3003; x_wconf 90' lang='lat' dir='ltr'>demo</span> <span class='ocrx_word' id='word_1_268' title='bbox 453 2950 759 3005; x_wconf 83' lang='lat' dir='ltr'>oberosten</span> <span class='ocrx_word' id='word_1_269' title='bbox 796 2950 1127 3021; x_wconf 88' lang='lat' dir='ltr'>alphabeto.</span> <span class='ocrx_word' id='word_1_270' title='bbox 1160 2952 1230 3005; x_wconf 69' lang='grc' dir='ltr'>ΖΘ</span> <span class='ocrx_word' id='word_1_271' title='bbox 1262 2952 1661 3006; x_wconf 90' lang='lat' dir='ltr'>uuehselonne</span> <span class='ocrx_word' id='word_1_272' title='bbox 1684 2970 1755 3006; x_wconf 78' lang='lat' dir='ltr'>an</span> <span class='ocrx_word' id='word_1_273' title='bbox 1790 2953 1895 3006; x_wconf 90' lang='lat' dir='ltr'>daz</span> 
     </span>
    </p>
   </div>
   <div class='ocr_carea' id='block_1_40' title="bbox 242 3036 1891 3107">
    <p class='ocr_par' dir='ltr' id='par_1_40' title="bbox 242 3036 1891 3107">
     <span class='ocr_line' id='line_1_40' title="bbox 242 3036 1891 3107; baseline 0.002 -17"><span class='ocrx_word' id='word_1_274' title='bbox 242 3037 556 3090; x_wconf 86' lang='lat' dir='ltr'>niderosta.</span> <span class='ocrx_word' id='word_1_275' title='bbox 592 3036 699 3090; x_wconf 90' lang='lat' dir='ltr'>Tiu</span> <span class='ocrx_word' id='word_1_276' title='bbox 734 3037 864 3091; x_wconf 89' lang='lat' dir='ltr'>driu</span> <span class='ocrx_word' id='word_1_277' title='bbox 909 3038 1218 3107; x_wconf 84' lang='lat' dir='ltr'>alphabeta</span> <span class='ocrx_word' id='word_1_278' title='bbox 1278 3040 1394 3092; x_wconf 86' lang='lat' dir='ltr'>sint</span> <span class='ocrx_word' id='word_1_279' title='bbox 1451 3044 1627 3093; x_wconf 89' lang='lat' dir='ltr'>tanne</span> <span class='ocrx_word' id='word_1_280' title='bbox 1661 3047 1795 3093; x_wconf 90' lang='lat' dir='ltr'>note</span> <span class='ocrx_word' id='word_1_281' title='bbox 1828 3059 1891 3094; x_wconf 87' lang='lat' dir='ltr'>so</span> 
     </span>
    </p>
   </div>
   <div class='ocr_carea' id='block_1_41' title="bbox 239 3123 1893 3196">
    <p class='ocr_par' dir='ltr' id='par_1_41' title="bbox 239 3123 1893 3196">
     <span class='ocr_line' id='line_1_41' title="bbox 239 3123 1893 3196; baseline 0.003 -20"><span class='ocrx_word' id='word_1_282' title='bbox 239 3123 414 3195; x_wconf 86' lang='lat' dir='ltr'>gelih.</span> <span class='ocrx_word' id='word_1_283' title='bbox 450 3123 535 3177; x_wconf 88' lang='lat' dir='ltr'>laz</span> <span class='ocrx_word' id='word_1_284' title='bbox 564 3140 635 3177; x_wconf 87' lang='lat' dir='ltr'>an</span> <span class='ocrx_word' id='word_1_285' title='bbox 696 3124 1079 3195; x_wconf 89' lang='lat' dir='ltr'>iogclichemo</span> <span class='ocrx_word' id='word_1_286' title='bbox 1142 3127 1189 3178; x_wconf 92' lang='lat' dir='ltr'>si</span> <span class='ocrx_word' id='word_1_287' title='bbox 1252 3126 1554 3196; x_wconf 87' lang='lat' dir='ltr'>diapason.</span> <span class='ocrx_word' id='word_1_288' title='bbox 1612 3129 1765 3181; x_wconf 86' lang='lat' dir='ltr'>unde</span> <span class='ocrx_word' id='word_1_289' title='bbox 1796 3129 1893 3181; x_wconf 88' lang='lat' dir='ltr'>da-</span> 
     </span>
    </p>
   </div>
   <div class='ocr_carea' id='block_1_42' title="bbox 2490 1701 3185 1741">
    <p class='ocr_par' dir='ltr' id='par_1_42' title="bbox 2490 1701 3185 1741">
     <span class='ocr_line' id='line_1_42' title="bbox 2490 1701 3185 1741; baseline 0 -2"><span class='ocrx_word' id='word_1_290' title='bbox 2490 1701 2926 1741; x_wconf 73' lang='lat' dir='ltr'>INTERPRETATIO</span> <span class='ocrx_word' id='word_1_291' title='bbox 2965 1702 3185 1741; x_wconf 77' lang='lat' dir='ltr'>LATINA.</span> 
     </span>
    </p>
   </div>
   <div class='ocr_carea' id='block_1_43' title="bbox 2089 1791 3664 1865">
    <p class='ocr_par' dir='ltr' id='par_1_43' title="bbox 2089 1791 3664 1865">
     <span class='ocr_line' id='line_1_43' title="bbox 2089 1791 3664 1865; baseline -0.001 -15"><span class='ocrx_word' id='word_1_292' title='bbox 2089 1795 2150 1850; x_wconf 91' lang='lat' dir='ltr'>In</span> <span class='ocrx_word' id='word_1_293' title='bbox 2174 1791 2505 1865; x_wconf 90' lang='lat' dir='ltr'>quindecim</span> <span class='ocrx_word' id='word_1_294' title='bbox 2531 1792 2766 1847; x_wconf 90' lang='lat' dir='ltr'>chordis</span> <span class='ocrx_word' id='word_1_295' title='bbox 2789 1792 3181 1848; x_wconf 88' lang='lat' dir='ltr'>numerabant</span> <span class='ocrx_word' id='word_1_296' title='bbox 3210 1795 3463 1863; x_wconf 89' lang='lat' dir='ltr'>quatuor</span> <span class='ocrx_word' id='word_1_297' title='bbox 3486 1796 3664 1848; x_wconf 85' lang='lat' dir='ltr'>tetra-</span> 
     </span>
    </p>
   </div>
   <div class='ocr_carea' id='block_1_44' title="bbox 2016 1882 3663 1953">
    <p class='ocr_par' dir='ltr' id='par_1_44' title="bbox 2016 1882 3663 1953">
     <span class='ocr_line' id='line_1_44' title="bbox 2016 1882 3663 1953; baseline -0.001 -15"><span class='ocrx_word' id='word_1_298' title='bbox 2016 1883 2251 1950; x_wconf 87' lang='lat' dir='ltr'>chorda,</span> <span class='ocrx_word' id='word_1_299' title='bbox 2281 1884 2337 1937; x_wconf 94' lang='lat' dir='ltr'>in</span> <span class='ocrx_word' id='word_1_300' title='bbox 2357 1886 2483 1938; x_wconf 92' lang='lat' dir='ltr'>octo</span> <span class='ocrx_word' id='word_1_301' title='bbox 2508 1882 2742 1937; x_wconf 89' lang='lat' dir='ltr'>chordis</span> <span class='ocrx_word' id='word_1_302' title='bbox 2759 1882 2873 1936; x_wconf 92' lang='lat' dir='ltr'>duo</span> <span class='ocrx_word' id='word_1_303' title='bbox 2894 1882 3207 1953; x_wconf 83' lang='lat' dir='ltr'>disjuncta,</span> <span class='ocrx_word' id='word_1_304' title='bbox 3227 1882 3287 1936; x_wconf 93' lang='lat' dir='ltr'>in</span> <span class='ocrx_word' id='word_1_305' title='bbox 3303 1886 3528 1953; x_wconf 85' lang='lat' dir='ltr'>septem</span> <span class='ocrx_word' id='word_1_306' title='bbox 3547 1883 3663 1937; x_wconf 91' lang='lat' dir='ltr'>duo</span> 
     </span>
    </p>
   </div>
   <div class='ocr_carea' id='block_1_45' title="bbox 2016 1971 3665 2043">
    <p class='ocr_par' dir='ltr' id='par_1_45' title="bbox 2016 1971 3665 2043">
     <span class='ocr_line' id='line_1_45' title="bbox 2016 1971 3665 2043; baseline -0.001 -16"><span class='ocrx_word' id='word_1_307' title='bbox 2016 1974 2350 2043; x_wconf 83' lang='lat' dir='ltr'>conjuncta,</span> <span class='ocrx_word' id='word_1_308' title='bbox 2374 1972 2494 2026; x_wconf 76' lang='lat' dir='ltr'>bzec</span> <span class='ocrx_word' id='word_1_309' title='bbox 2519 1972 2799 2027; x_wconf 90' lang='lat' dir='ltr'>dicuntur</span> <span class='ocrx_word' id='word_1_310' title='bbox 2820 1972 2934 2025; x_wconf 93' lang='lat' dir='ltr'>duo</span> <span class='ocrx_word' id='word_1_311' title='bbox 2956 1971 3225 2041; x_wconf 86' lang='lat' dir='ltr'>discreta,</span> <span class='ocrx_word' id='word_1_312' title='bbox 3252 1972 3366 2025; x_wconf 92' lang='lat' dir='ltr'>duo</span> <span class='ocrx_word' id='word_1_313' title='bbox 3387 1971 3665 2026; x_wconf 89' lang='lat' dir='ltr'>indiscre—</span> 
     </span>
    </p>
   </div>
   <div class='ocr_carea' id='block_1_46' title="bbox 2013 2060 3665 2125">
    <p class='ocr_par' dir='ltr' id='par_1_46' title="bbox 2013 2060 3665 2125">
     <span class='ocr_line' id='line_1_46' title="bbox 2013 2060 3665 2125; baseline -0.001 -8"><span class='ocrx_word' id='word_1_314' title='bbox 2013 2067 2092 2117; x_wconf 88' lang='lat' dir='ltr'>ta.</span> <span class='ocrx_word' id='word_1_315' title='bbox 2118 2063 2174 2117; x_wconf 91' lang='lat' dir='ltr'>Si</span> <span class='ocrx_word' id='word_1_316' title='bbox 2200 2067 2395 2117; x_wconf 88' lang='lat' dir='ltr'>autem</span> <span class='ocrx_word' id='word_1_317' title='bbox 2418 2065 2844 2116; x_wconf 88' lang='lat' dir='ltr'>unumtantum</span> <span class='ocrx_word' id='word_1_318' title='bbox 2866 2060 3136 2125; x_wconf 88' lang='lat' dir='ltr'>addatur,</span> <span class='ocrx_word' id='word_1_319' title='bbox 3152 2064 3293 2114; x_wconf 86' lang='lat' dir='ltr'>tunc</span> <span class='ocrx_word' id='word_1_320' title='bbox 3312 2063 3448 2115; x_wconf 91' lang='lat' dir='ltr'>sunt</span> <span class='ocrx_word' id='word_1_321' title='bbox 3466 2060 3665 2115; x_wconf 88' lang='lat' dir='ltr'>omnia</span> 
     </span>
    </p>
   </div>
   <div class='ocr_carea' id='block_1_47' title="bbox 2015 2148 3660 2223">
    <p class='ocr_par' dir='ltr' id='par_1_47' title="bbox 2015 2148 3660 2223">
     <span class='ocr_line' id='line_1_47' title="bbox 2015 2148 3660 2223; baseline -0.003 -17"><span class='ocrx_word' id='word_1_322' title='bbox 2015 2156 2265 2223; x_wconf 88' lang='lat' dir='ltr'>quatuor</span> <span class='ocrx_word' id='word_1_323' title='bbox 2294 2150 2564 2217; x_wconf 87' lang='lat' dir='ltr'>discreta,</span> <span class='ocrx_word' id='word_1_324' title='bbox 2606 2155 2661 2204; x_wconf 90' lang='lat' dir='ltr'>et</span> <span class='ocrx_word' id='word_1_325' title='bbox 2694 2149 2969 2204; x_wconf 87' lang='lat' dir='ltr'>ultimum</span> <span class='ocrx_word' id='word_1_326' title='bbox 3026 2148 3243 2203; x_wconf 88' lang='lat' dir='ltr'>dicitur</span> <span class='ocrx_word' id='word_1_327' title='bbox 3270 2150 3545 2217; x_wconf 76' lang='lat' dir='ltr'>gravium,</span> <span class='ocrx_word' id='word_1_328' title='bbox 3577 2148 3660 2203; x_wconf 88' lang='lat' dir='ltr'>al-</span> 
     </span>
    </p>
   </div>
   <div class='ocr_carea' id='block_1_48' title="bbox 2012 2238 3660 2312">
    <p class='ocr_par' dir='ltr' id='par_1_48' title="bbox 2012 2238 3660 2312">
     <span class='ocr_line' id='line_1_48' title="bbox 2012 2238 3660 2312; baseline -0.002 -18"><span class='ocrx_word' id='word_1_329' title='bbox 2012 2245 2203 2296; x_wconf 88' lang='lat' dir='ltr'>terum</span> <span class='ocrx_word' id='word_1_330' title='bbox 2238 2245 2475 2312; x_wconf 89' lang='lat' dir='ltr'>pr0pter</span> <span class='ocrx_word' id='word_1_331' title='bbox 2502 2239 2769 2295; x_wconf 91' lang='lat' dir='ltr'>omnium</span> <span class='ocrx_word' id='word_1_332' title='bbox 2812 2243 3092 2293; x_wconf 87' lang='lat' dir='ltr'>cantuum</span> <span class='ocrx_word' id='word_1_333' title='bbox 3126 2238 3572 2294; x_wconf 88' lang='lat' dir='ltr'>terminationes</span> <span class='ocrx_word' id='word_1_334' title='bbox 3593 2239 3660 2308; x_wconf 84' lang='lat' dir='ltr'>ﬁ-</span> 
     </span>
    </p>
   </div>
   <div class='ocr_carea' id='block_1_49' title="bbox 2010 2326 3657 2400">
    <p class='ocr_par' dir='ltr' id='par_1_49' title="bbox 2010 2326 3657 2400">
     <span class='ocr_line' id='line_1_49' title="bbox 2010 2326 3657 2400; baseline -0.002 -17"><span class='ocrx_word' id='word_1_335' title='bbox 2010 2331 2155 2395; x_wconf 74' lang='lat' dir='ltr'>nale,</span> <span class='ocrx_word' id='word_1_336' title='bbox 2188 2329 2427 2384; x_wconf 88' lang='lat' dir='ltr'>tertium</span> <span class='ocrx_word' id='word_1_337' title='bbox 2453 2330 2814 2400; x_wconf 77' lang='lat' dir='ltr'>superiorum,</span> <span class='ocrx_word' id='word_1_338' title='bbox 2847 2332 2903 2383; x_wconf 88' lang='lat' dir='ltr'>et</span> <span class='ocrx_word' id='word_1_339' title='bbox 2938 2331 3213 2399; x_wconf 89' lang='lat' dir='ltr'>quartum</span> <span class='ocrx_word' id='word_1_340' title='bbox 3243 2326 3657 2382; x_wconf 71' lang='lat' dir='ltr'>excellentium.</span> 
     </span>
    </p>
   </div>
   <div class='ocr_carea' id='block_1_50' title="bbox 2011 2415 3657 2489">
    <p class='ocr_par' dir='ltr' id='par_1_50' title="bbox 2011 2415 3657 2489">
     <span class='ocr_line' id='line_1_50' title="bbox 2011 2415 3657 2489; baseline -0.002 -16"><span class='ocrx_word' id='word_1_341' title='bbox 2011 2419 2172 2482; x_wconf 87' lang='lat' dir='ltr'>Quod</span> <span class='ocrx_word' id='word_1_342' title='bbox 2208 2423 2399 2472; x_wconf 89' lang='lat' dir='ltr'>autem</span> <span class='ocrx_word' id='word_1_343' title='bbox 2435 2434 2537 2489; x_wconf 88' lang='lat' dir='ltr'>pro</span> <span class='ocrx_word' id='word_1_344' title='bbox 2572 2416 2862 2471; x_wconf 79' lang='lat' dir='ltr'>sexdecim</span> <span class='ocrx_word' id='word_1_345' title='bbox 2895 2416 3127 2470; x_wconf 88' lang='lat' dir='ltr'>chordis</span> <span class='ocrx_word' id='word_1_346' title='bbox 3161 2416 3217 2469; x_wconf 92' lang='lat' dir='ltr'>in</span> <span class='ocrx_word' id='word_1_347' title='bbox 3252 2415 3375 2488; x_wconf 89' lang='lat' dir='ltr'>lyra</span> <span class='ocrx_word' id='word_1_348' title='bbox 3410 2418 3499 2469; x_wconf 87' lang='lat' dir='ltr'>ter</span> <span class='ocrx_word' id='word_1_349' title='bbox 3528 2432 3657 2486; x_wconf 91' lang='lat' dir='ltr'>sep-</span> 
     </span>
    </p>
   </div>
   <div class='ocr_carea' id='block_1_51' title="bbox 2012 2504 3658 2577">
    <p class='ocr_par' dir='ltr' id='par_1_51' title="bbox 2012 2504 3658 2577">
     <span class='ocr_line' id='line_1_51' title="bbox 2012 2504 3658 2577; baseline -0.002 -16"><span class='ocrx_word' id='word_1_350' title='bbox 2012 2513 2149 2573; x_wconf 89' lang='lat' dir='ltr'>tem,</span> <span class='ocrx_word' id='word_1_351' title='bbox 2185 2507 2505 2577; x_wconf 86' lang='lat' dir='ltr'>codcmque</span> <span class='ocrx_word' id='word_1_352' title='bbox 2537 2506 2709 2560; x_wconf 91' lang='lat' dir='ltr'>modo</span> <span class='ocrx_word' id='word_1_353' title='bbox 2740 2504 2799 2558; x_wconf 94' lang='lat' dir='ltr'>in</span> <span class='ocrx_word' id='word_1_354' title='bbox 2834 2504 3191 2575; x_wconf 90' lang='lat' dir='ltr'>quibusdam</span> <span class='ocrx_word' id='word_1_355' title='bbox 3248 2504 3658 2559; x_wconf 88' lang='lat' dir='ltr'>instrumentis</span> 
     </span>
    </p>
   </div>
   <div class='ocr_carea' id='block_1_52' title="bbox 2010 2592 3657 2666">
    <p class='ocr_par' dir='ltr' id='par_1_52' title="bbox 2010 2592 3657 2666">
     <span class='ocr_line' id='line_1_52' title="bbox 2010 2592 3657 2666; baseline -0.001 -17"><span class='ocrx_word' id='word_1_356' title='bbox 2010 2596 2121 2649; x_wconf 87' lang='lat' dir='ltr'>tria</span> <span class='ocrx_word' id='word_1_357' title='bbox 2145 2594 2454 2666; x_wconf 83' lang='lat' dir='ltr'>alphabeta</span> <span class='ocrx_word' id='word_1_358' title='bbox 2472 2594 2589 2648; x_wconf 88' lang='lat' dir='ltr'>sint</span> <span class='ocrx_word' id='word_1_359' title='bbox 2617 2612 2629 2661; x_wconf 89' lang='lat'><strong>;</strong></span> <span class='ocrx_word' id='word_1_360' title='bbox 2655 2593 2709 2647; x_wconf 93' lang='lat' dir='ltr'>id</span> <span class='ocrx_word' id='word_1_361' title='bbox 2734 2597 2968 2664; x_wconf 88' lang='lat' dir='ltr'>propter</span> <span class='ocrx_word' id='word_1_362' title='bbox 2988 2593 3270 2662; x_wconf 85' lang='lat' dir='ltr'>majorem</span> <span class='ocrx_word' id='word_1_363' title='bbox 3316 2592 3657 2647; x_wconf 84' lang='lat' dir='ltr'>facilitatem</span> 
     </span>
    </p>
   </div>
   <div class='ocr_carea' id='block_1_53' title="bbox 2010 2682 3656 2749">
    <p class='ocr_par' dir='ltr' id='par_1_53' title="bbox 2010 2682 3656 2749">
     <span class='ocr_line' id='line_1_53' title="bbox 2010 2682 3656 2749; baseline -0.001 -11"><span class='ocrx_word' id='word_1_364' title='bbox 2010 2686 2229 2739; x_wconf 85' lang='lat' dir='ltr'>factum</span> <span class='ocrx_word' id='word_1_365' title='bbox 2257 2688 2365 2749; x_wconf 89' lang='lat' dir='ltr'>est,</span> <span class='ocrx_word' id='word_1_366' title='bbox 2396 2688 2460 2737; x_wconf 88' lang='lat' dir='ltr'>ut</span> <span class='ocrx_word' id='word_1_367' title='bbox 2491 2682 2615 2736; x_wconf 89' lang='lat' dir='ltr'>sine</span> <span class='ocrx_word' id='word_1_368' title='bbox 2655 2682 3000 2737; x_wconf 81' lang='lat' dir='ltr'>difficultate</span> <span class='ocrx_word' id='word_1_369' title='bbox 3032 2682 3340 2736; x_wconf 86' lang='lat' dir='ltr'>ambarum</span> <span class='ocrx_word' id='word_1_370' title='bbox 3372 2697 3656 2737; x_wconf 87' lang='lat' dir='ltr'>manuum</span> 
     </span>
    </p>
   </div>
   <div class='ocr_carea' id='block_1_54' title="bbox 2010 2770 3656 2843">
    <p class='ocr_par' dir='ltr' id='par_1_54' title="bbox 2010 2770 3656 2843">
     <span class='ocr_line' id='line_1_54' title="bbox 2010 2770 3656 2843; baseline -0.002 -15"><span class='ocrx_word' id='word_1_371' title='bbox 2010 2772 2377 2828; x_wconf 88' lang='lat' dir='ltr'>ascendendo</span> <span class='ocrx_word' id='word_1_372' title='bbox 2409 2771 2616 2843; x_wconf 89' lang='lat' dir='ltr'>plenus</span> <span class='ocrx_word' id='word_1_373' title='bbox 2648 2775 2855 2826; x_wconf 79' lang='lat' dir='ltr'>cantus</span> <span class='ocrx_word' id='word_1_374' title='bbox 2887 2771 3126 2835; x_wconf 75' lang='lat' dir='ltr'>formari</span> <span class='ocrx_word' id='word_1_375' title='bbox 3166 2770 3370 2841; x_wconf 86' lang='lat' dir='ltr'>possit,</span> <span class='ocrx_word' id='word_1_376' title='bbox 3399 2774 3455 2824; x_wconf 88' lang='lat' dir='ltr'>et</span> <span class='ocrx_word' id='word_1_377' title='bbox 3484 2786 3656 2841; x_wconf 86' lang='lat' dir='ltr'>supe-</span> 
     </span>
    </p>
   </div>
   <div class='ocr_carea' id='block_1_55' title="bbox 2007 2860 3656 2929">
    <p class='ocr_par' dir='ltr' id='par_1_55' title="bbox 2007 2860 3656 2929">
     <span class='ocr_line' id='line_1_55' title="bbox 2007 2860 3656 2929; baseline -0.002 -14"><span class='ocrx_word' id='word_1_378' title='bbox 2007 2862 2128 2915; x_wconf 90' lang='lat' dir='ltr'>rius</span> <span class='ocrx_word' id='word_1_379' title='bbox 2154 2861 2391 2915; x_wconf 89' lang='lat' dir='ltr'>omnino</span> <span class='ocrx_word' id='word_1_380' title='bbox 2415 2876 2650 2914; x_wconf 91' lang='lat' dir='ltr'>necesse</span> <span class='ocrx_word' id='word_1_381' title='bbox 2668 2876 2781 2914; x_wconf 90' lang='lat' dir='ltr'>non</span> <span class='ocrx_word' id='word_1_382' title='bbox 2807 2860 2884 2913; x_wconf 90' lang='lat' dir='ltr'>sit</span> <span class='ocrx_word' id='word_1_383' title='bbox 2906 2863 3133 2914; x_wconf 89' lang='lat' dir='ltr'>mutare</span> <span class='ocrx_word' id='word_1_384' title='bbox 3157 2874 3368 2913; x_wconf 87' lang='lat' dir='ltr'>manus</span> <span class='ocrx_word' id='word_1_385' title='bbox 3391 2875 3425 2913; x_wconf 87' lang='lat' dir='ltr'>a</span> <span class='ocrx_word' id='word_1_386' title='bbox 3454 2875 3656 2929; x_wconf 91' lang='lat' dir='ltr'>supre-</span> 
     </span>
    </p>
   </div>
   <div class='ocr_carea' id='block_1_56' title="bbox 2007 2947 3657 3019">
    <p class='ocr_par' dir='ltr' id='par_1_56' title="bbox 2007 2947 3657 3019">
     <span class='ocr_line' id='line_1_56' title="bbox 2007 2947 3657 3019; baseline -0.002 -15"><span class='ocrx_word' id='word_1_387' title='bbox 2007 2967 2101 3004; x_wconf 90' lang='lat' dir='ltr'>mo</span> <span class='ocrx_word' id='word_1_388' title='bbox 2131 2949 2441 3019; x_wconf 83' lang='lat' dir='ltr'>alphabeto</span> <span class='ocrx_word' id='word_1_389' title='bbox 2474 2949 2543 3002; x_wconf 90' lang='lat' dir='ltr'>ad</span> <span class='ocrx_word' id='word_1_390' title='bbox 2580 2949 2873 3002; x_wconf 83' lang='lat' dir='ltr'>inﬁmum.</span> <span class='ocrx_word' id='word_1_391' title='bbox 2900 2948 3046 3002; x_wconf 90' lang='lat' dir='ltr'>Hinc</span> <span class='ocrx_word' id='word_1_392' title='bbox 3087 2948 3199 3001; x_wconf 87' lang='lat' dir='ltr'>tria</span> <span class='ocrx_word' id='word_1_393' title='bbox 3220 2947 3527 3019; x_wconf 89' lang='lat' dir='ltr'>alpbabeta</span> <span class='ocrx_word' id='word_1_394' title='bbox 3556 2962 3657 3001; x_wconf 89' lang='lat' dir='ltr'>ne-</span> 
     </span>
    </p>
   </div>
   <div class='ocr_carea' id='block_1_57' title="bbox 2004 3035 3659 3107">
    <p class='ocr_par' dir='ltr' id='par_1_57' title="bbox 2004 3035 3659 3107">
     <span class='ocr_line' id='line_1_57' title="bbox 2004 3035 3659 3107; baseline -0.001 -16"><span class='ocrx_word' id='word_1_395' title='bbox 2004 3037 2255 3093; x_wconf 86' lang='lat' dir='ltr'>cessario</span> <span class='ocrx_word' id='word_1_396' title='bbox 2278 3037 2405 3091; x_wconf 92' lang='lat' dir='ltr'>ideo</span> <span class='ocrx_word' id='word_1_397' title='bbox 2427 3036 2648 3091; x_wconf 88' lang='lat' dir='ltr'>similia</span> <span class='ocrx_word' id='word_1_398' title='bbox 2671 3041 2829 3101; x_wconf 89' lang='lat' dir='ltr'>sunt,</span> <span class='ocrx_word' id='word_1_399' title='bbox 2854 3042 2919 3091; x_wconf 87' lang='lat' dir='ltr'>ut</span> <span class='ocrx_word' id='word_1_400' title='bbox 2961 3036 3020 3090; x_wconf 92' lang='lat' dir='ltr'>in</span> <span class='ocrx_word' id='word_1_401' title='bbox 3048 3035 3311 3107; x_wconf 89' lang='lat' dir='ltr'>quolibet</span> <span class='ocrx_word' id='word_1_402' title='bbox 3333 3036 3411 3091; x_wconf 87' lang='lat' dir='ltr'>sit</span> <span class='ocrx_word' id='word_1_403' title='bbox 3453 3035 3659 3107; x_wconf 84' lang='lat' dir='ltr'>Diapa-</span> 
     </span>
    </p>
   </div>
   <div class='ocr_carea' id='block_1_58' title="bbox 2004 3123 3656 3208">
    <p class='ocr_par' dir='ltr' id='par_1_58' title="bbox 2004 3123 3656 3208">
     <span class='ocr_line' id='line_1_58' title="bbox 2004 3123 3656 3208; baseline -0.001 -28"><span class='ocrx_word' id='word_1_404' title='bbox 2004 3144 2132 3189; x_wconf 91' lang='lat' dir='ltr'>son,</span> <span class='ocrx_word' id='word_1_405' title='bbox 2158 3131 2281 3179; x_wconf 90' lang='lat' dir='ltr'>tum</span> <span class='ocrx_word' id='word_1_406' title='bbox 2308 3126 2677 3208; x_wconf 65' lang='lat' dir='ltr'>Diatessarpn</span> <span class='ocrx_word' id='word_1_407' title='bbox 2700 3130 2756 3179; x_wconf 91' lang='lat' dir='ltr'>et</span> <span class='ocrx_word' id='word_1_408' title='bbox 2777 3125 3075 3195; x_wconf 74' lang='lat' dir='ltr'>Dlapente.</span> <span class='ocrx_word' id='word_1_409' title='bbox 3097 3124 3168 3179; x_wconf 88' lang='lat' dir='ltr'>Et</span> <span class='ocrx_word' id='word_1_410' title='bbox 3192 3124 3249 3179; x_wconf 93' lang='lat' dir='ltr'>in</span> <span class='ocrx_word' id='word_1_411' title='bbox 3282 3123 3656 3180; x_wconf 87' lang='lat' dir='ltr'>Diatessaron</span> 
     </span>
    </p>
   </div>
   <div class='ocr_carea' id='block_1_59' title="bbox 238 3212 3653 3283">
    <p class='ocr_par' dir='ltr' id='par_1_59' title="bbox 238 3212 3653 3283">
     <span class='ocr_line' id='line_1_59' title="bbox 238 3212 3653 3283; baseline 0 -18"><span class='ocrx_word' id='word_1_412' title='bbox 238 3228 379 3265; x_wconf 87' lang='lat' dir='ltr'>rana</span> <span class='ocrx_word' id='word_1_413' title='bbox 411 3212 793 3279; x_wconf 76' lang='lat' dir='ltr'>diatessaron,</span> <span class='ocrx_word' id='word_1_414' title='bbox 831 3213 982 3266; x_wconf 92' lang='lat' dir='ltr'>unde</span> <span class='ocrx_word' id='word_1_415' title='bbox 1006 3212 1295 3283; x_wconf 88' lang='lat' dir='ltr'>diapente,</span> <span class='ocrx_word' id='word_1_416' title='bbox 1333 3215 1482 3268; x_wconf 91' lang='lat' dir='ltr'>unde</span> <span class='ocrx_word' id='word_1_417' title='bbox 1508 3232 1580 3267; x_wconf 90' lang='lat' dir='ltr'>an</span> <span class='ocrx_word' id='word_1_418' title='bbox 1609 3214 1887 3269; x_wconf 86' lang='lat' dir='ltr'>diatessc-</span> <span class='ocrx_word' id='word_1_419' title='bbox 1921 3216 1963 3282; x_wconf 83' lang='lat' dir='ltr'>C</span> <span class='ocrx_word' id='word_1_420' title='bbox 2005 3219 2143 3268; x_wconf 90' lang='lat' dir='ltr'>sunt</span> <span class='ocrx_word' id='word_1_421' title='bbox 2162 3213 2276 3266; x_wconf 89' lang='lat' dir='ltr'>tria</span> <span class='ocrx_word' id='word_1_422' title='bbox 2296 3212 2438 3280; x_wconf 84' lang='lat' dir='ltr'>cola,</span> <span class='ocrx_word' id='word_1_423' title='bbox 2462 3217 2657 3275; x_wconf 92' lang='lat' dir='ltr'>tonus,</span> <span class='ocrx_word' id='word_1_424' title='bbox 2684 3217 2879 3277; x_wconf 91' lang='lat' dir='ltr'>tonus,</span> <span class='ocrx_word' id='word_1_425' title='bbox 2911 3212 3289 3267; x_wconf 88' lang='lat' dir='ltr'>semitonium</span> <span class='ocrx_word' id='word_1_426' title='bbox 3317 3230 3328 3278; x_wconf 91' lang='lat'>;</span> <span class='ocrx_word' id='word_1_427' title='bbox 3360 3217 3416 3267; x_wconf 90' lang='lat' dir='ltr'>et</span> <span class='ocrx_word' id='word_1_428' title='bbox 3437 3212 3494 3265; x_wconf 91' lang='lat' dir='ltr'>in</span> <span class='ocrx_word' id='word_1_429' title='bbox 3518 3212 3653 3266; x_wconf 89' lang='lat' dir='ltr'>Dia-</span> 
     </span>
    </p>
   </div>
   <div class='ocr_carea' id='block_1_60' title="bbox 238 3283 1893 3359">
    <p class='ocr_par' dir='ltr' id='par_1_60' title="bbox 238 3283 1893 3359">
     <span class='ocr_line' id='line_1_60' title="bbox 238 3283 1893 3359; baseline 0.004 -6"><span class='ocrx_word' id='word_1_430' title='bbox 238 3316 339 3354; x_wconf 90' lang='lat' dir='ltr'>ron</span> <span class='ocrx_word' id='word_1_431' title='bbox 366 3300 455 3355; x_wconf 91' lang='lat' dir='ltr'>sin</span> <span class='ocrx_word' id='word_1_432' title='bbox 482 3300 572 3354; x_wconf 92' lang='lat' dir='ltr'>dri</span> <span class='ocrx_word' id='word_1_433' title='bbox 600 3299 910 3354; x_wconf 87' lang='lat' dir='ltr'>underlaza</span> <span class='ocrx_word' id='word_1_434' title='bbox 931 3283 1106 3355; x_wconf 70' lang='lat' dir='ltr'>tonus</span> <span class='ocrx_word' id='word_1_435' title='bbox 1126 3306 1298 3356; x_wconf 88' lang='lat' dir='ltr'>tonus</span> <span class='ocrx_word' id='word_1_436' title='bbox 1322 3302 1719 3357; x_wconf 88' lang='lat' dir='ltr'>semitonium.</span> <span class='ocrx_word' id='word_1_437' title='bbox 1739 3304 1893 3359; x_wconf 91' lang='lat' dir='ltr'>unde</span> 
     </span>
    </p>
   </div>
   <div class='ocr_carea' id='block_1_61' title="bbox 236 3389 1888 3460">
    <p class='ocr_par' dir='ltr' id='par_1_61' title="bbox 236 3389 1888 3460">
     <span class='ocr_line' id='line_1_61' title="bbox 236 3389 1888 3460; baseline 0.002 -18"><span class='ocrx_word' id='word_1_438' title='bbox 236 3405 308 3443; x_wconf 90' lang='lat' dir='ltr'>an</span> <span class='ocrx_word' id='word_1_439' title='bbox 342 3389 609 3460; x_wconf 89' lang='lat' dir='ltr'>diapente</span> <span class='ocrx_word' id='word_1_440' title='bbox 642 3389 797 3444; x_wconf 82' lang='lat' dir='ltr'>ﬁere.</span> <span class='ocrx_word' id='word_1_441' title='bbox 832 3394 1009 3444; x_wconf 90' lang='lat' dir='ltr'>tonus</span> <span class='ocrx_word' id='word_1_442' title='bbox 1054 3395 1227 3444; x_wconf 88' lang='lat' dir='ltr'>tonus</span> <span class='ocrx_word' id='word_1_443' title='bbox 1278 3392 1659 3446; x_wconf 88' lang='lat' dir='ltr'>semitonium</span> <span class='ocrx_word' id='word_1_444' title='bbox 1692 3396 1888 3447; x_wconf 88' lang='lat' dir='ltr'>tonus.</span> 
     </span>
    </p>
   </div>
   <div class='ocr_carea' id='block_1_62' title="bbox 2004 3299 3650 3375">
    <p class='ocr_par' dir='ltr' id='par_1_62' title="bbox 2004 3299 3650 3375">
     <span class='ocr_line' id='line_1_62' title="bbox 2004 3299 3650 3375; baseline -0.002 -18"><span class='ocrx_word' id='word_1_445' title='bbox 2004 3306 2175 3375; x_wconf 88' lang='lat' dir='ltr'>pente</span> <span class='ocrx_word' id='word_1_446' title='bbox 2207 3305 2476 3372; x_wconf 89' lang='lat' dir='ltr'>quatuor,</span> <span class='ocrx_word' id='word_1_447' title='bbox 2511 3304 2706 3370; x_wconf 78' lang='lat' dir='ltr'>tonus,</span> <span class='ocrx_word' id='word_1_448' title='bbox 2762 3303 2958 3369; x_wconf 86' lang='lat' dir='ltr'>tonus,</span> <span class='ocrx_word' id='word_1_449' title='bbox 3021 3299 3421 3367; x_wconf 87' lang='lat' dir='ltr'>semitonium,</span> <span class='ocrx_word' id='word_1_450' title='bbox 3455 3303 3650 3354; x_wconf 90' lang='lat' dir='ltr'>tonus.</span> 
     </span>
    </p>
   </div>
   <div class='ocr_carea' id='block_1_63' title="bbox 1614 3544 2273 3606">
    <p class='ocr_par' dir='ltr' id='par_1_63' title="bbox 1614 3544 2273 3606">
     <span class='ocr_line' id='line_1_63' title="bbox 1614 3544 2273 3606; baseline -0.005 -1"><span class='ocrx_word' id='word_1_451' title='bbox 1614 3546 1716 3605; x_wconf 86' lang='lat' dir='ltr'>DE</span> <span class='ocrx_word' id='word_1_452' title='bbox 1760 3547 1961 3606; x_wconf 90' lang='lat' dir='ltr'>OCTO</span> <span class='ocrx_word' id='word_1_453' title='bbox 2006 3544 2273 3605; x_wconf 86' lang='lat' dir='ltr'>MODIS.</span> 
     </span>
    </p>
   </div>
   <div class='ocr_carea' id='block_1_64' title="bbox 751 3664 1370 3705">
    <p class='ocr_par' dir='ltr' id='par_1_64' title="bbox 751 3664 1370 3705">
     <span class='ocr_line' id='line_1_64' title="bbox 751 3664 1370 3705; baseline 0 -2"><span class='ocrx_word' id='word_1_454' title='bbox 751 3664 966 3704; x_wconf 80' lang='lat' dir='ltr'>TEXTUS</span> <span class='ocrx_word' id='word_1_455' title='bbox 1004 3664 1370 3705; x_wconf 79' lang='lat' dir='ltr'>THEOTISCUS.</span> 
     </span>
    </p>
   </div>
   <div class='ocr_carea' id='block_1_65' title="bbox 306 3753 1884 3813">
    <p class='ocr_par' dir='ltr' id='par_1_65' title="bbox 306 3753 1884 3813">
     <span class='ocr_line' id='line_1_65' title="bbox 306 3753 1884 3813; baseline 0.003 -5"><span class='ocrx_word' id='word_1_456' title='bbox 306 3755 415 3809; x_wconf 89' lang='lat' dir='ltr'>Ter</span> <span class='ocrx_word' id='word_1_457' title='bbox 435 3754 549 3809; x_wconf 92' lang='lat' dir='ltr'>oub</span> <span class='ocrx_word' id='word_1_458' title='bbox 574 3754 653 3809; x_wconf 89' lang='lat' dir='ltr'>tia</span> <span class='ocrx_word' id='word_1_459' title='bbox 674 3753 848 3809; x_wconf 92' lang='lat' dir='ltr'>lirum</span> <span class='ocrx_word' id='word_1_460' title='bbox 873 3756 1111 3810; x_wconf 89' lang='lat' dir='ltr'>uuerbc.</span> <span class='ocrx_word' id='word_1_461' title='bbox 1140 3757 1242 3810; x_wconf 87' lang='lat' dir='ltr'>der</span> <span class='ocrx_word' id='word_1_462' title='bbox 1284 3757 1501 3811; x_wconf 86' lang='lat' dir='ltr'>uuerbe</span> <span class='ocrx_word' id='word_1_463' title='bbox 1524 3757 1610 3812; x_wconf 91' lang='lat' dir='ltr'>sia</span> <span class='ocrx_word' id='word_1_464' title='bbox 1631 3773 1693 3812; x_wconf 91' lang='lat' dir='ltr'>ze</span> <span class='ocrx_word' id='word_1_465' title='bbox 1715 3757 1884 3813; x_wconf 90' lang='lat' dir='ltr'>demo</span> 
     </span>
    </p>
   </div>
   <div class='ocr_carea' id='block_1_66' title="bbox 236 3843 1884 3902">
    <p class='ocr_par' dir='ltr' id='par_1_66' title="bbox 236 3843 1884 3902">
     <span class='ocr_line' id='line_1_66' title="bbox 236 3843 1884 3902; baseline 0.002 -5"><span class='ocrx_word' id='word_1_466' title='bbox 236 3859 412 3898; x_wconf 89' lang='lat' dir='ltr'>meze.</span> <span class='ocrx_word' id='word_1_467' title='bbox 448 3843 552 3897; x_wconf 89' lang='lat' dir='ltr'>daz</span> <span class='ocrx_word' id='word_1_468' title='bbox 585 3843 668 3898; x_wconf 89' lang='lat' dir='ltr'>sie</span> <span class='ocrx_word' id='word_1_469' title='bbox 701 3844 845 3898; x_wconf 93' lang='lat' dir='ltr'>uber</span> <span class='ocrx_word' id='word_1_470' title='bbox 875 3846 1019 3899; x_wconf 90' lang='lat' dir='ltr'>denc</span> <span class='ocrx_word' id='word_1_471' title='bbox 1054 3845 1137 3898; x_wconf 92' lang='lat' dir='ltr'>tiu</span> <span class='ocrx_word' id='word_1_472' title='bbox 1193 3860 1262 3898; x_wconf 91' lang='lat' dir='ltr'>ne</span> <span class='ocrx_word' id='word_1_473' title='bbox 1322 3845 1492 3901; x_wconf 84' lang='lat' dir='ltr'>kelle.</span> <span class='ocrx_word' id='word_1_474' title='bbox 1531 3846 1643 3901; x_wconf 89' lang='lat' dir='ltr'>nob</span> <span class='ocrx_word' id='word_1_475' title='bbox 1683 3847 1730 3902; x_wconf 89' lang='lat' dir='ltr'>si</span> <span class='ocrx_word' id='word_1_476' title='bbox 1765 3848 1884 3902; x_wconf 80' lang='lat' dir='ltr'>fore</span> 
     </span>
    </p>
   </div>
   <div class='ocr_carea' id='block_1_67' title="bbox 236 3931 1885 3990">
    <p class='ocr_par' dir='ltr' id='par_1_67' title="bbox 236 3931 1885 3990">
     <span class='ocr_line' id='line_1_67' title="bbox 236 3931 1885 3990; baseline 0.003 -5"><span class='ocrx_word' id='word_1_477' title='bbox 236 3932 473 3986; x_wconf 87' lang='lat' dir='ltr'>ﬂachize</span> <span class='ocrx_word' id='word_1_478' title='bbox 496 3931 845 3987; x_wconf 89' lang='lat' dir='ltr'>unlutreiste</span> <span class='ocrx_word' id='word_1_479' title='bbox 862 3948 931 3987; x_wconf 88' lang='lat' dir='ltr'>ne</span> <span class='ocrx_word' id='word_1_480' title='bbox 955 3932 1023 3988; x_wconf 91' lang='lat' dir='ltr'>si.</span> <span class='ocrx_word' id='word_1_481' title='bbox 1051 3933 1149 3987; x_wconf 92' lang='lat' dir='ltr'>diu</span> <span class='ocrx_word' id='word_1_482' title='bbox 1172 3933 1421 3989; x_wconf 87' lang='lat' dir='ltr'>hohesta</span> <span class='ocrx_word' id='word_1_483' title='bbox 1456 3936 1699 3989; x_wconf 88' lang='lat' dir='ltr'>uuarba.</span> <span class='ocrx_word' id='word_1_484' title='bbox 1731 3936 1885 3990; x_wconf 89' lang='lat' dir='ltr'>unde</span> 
     </span>
    </p>
   </div>
   <div class='ocr_carea' id='block_1_68' title="bbox 235 4020 1881 4094">
    <p class='ocr_par' dir='ltr' id='par_1_68' title="bbox 235 4020 1881 4094">
     <span class='ocr_line' id='line_1_68' title="bbox 235 4020 1881 4094; baseline 0.002 -20"><span class='ocrx_word' id='word_1_485' title='bbox 235 4021 336 4074; x_wconf 91' lang='lat' dir='ltr'>diu</span> <span class='ocrx_word' id='word_1_486' title='bbox 358 4022 673 4075; x_wconf 88' lang='lat' dir='ltr'>niderosta.</span> <span class='ocrx_word' id='word_1_487' title='bbox 701 4022 795 4076; x_wconf 90' lang='lat' dir='ltr'>die</span> <span class='ocrx_word' id='word_1_488' title='bbox 815 4020 932 4076; x_wconf 90' lang='lat' dir='ltr'>sint</span> <span class='ocrx_word' id='word_1_489' title='bbox 950 4022 1068 4075; x_wconf 85' lang='lat' dir='ltr'>fore</span> <span class='ocrx_word' id='word_1_490' title='bbox 1094 4040 1168 4075; x_wconf 90' lang='lat' dir='ltr'>un</span> <span class='ocrx_word' id='word_1_491' title='bbox 1190 4039 1345 4076; x_wconf 89' lang='lat' dir='ltr'>meze</span> <span class='ocrx_word' id='word_1_492' title='bbox 1367 4040 1588 4094; x_wconf 85' lang='lat' dir='ltr'>ungeza</span> <span class='ocrx_word' id='word_1_493' title='bbox 1608 4030 1881 4079; x_wconf 88' lang='lat' dir='ltr'>mestum.</span> 
     </span>
    </p>
   </div>
   <div class='ocr_carea' id='block_1_69' title="bbox 236 4109 1875 4181">
    <p class='ocr_par' dir='ltr' id='par_1_69' title="bbox 236 4109 1875 4181">
     <span class='ocr_line' id='line_1_69' title="bbox 236 4109 1875 4181; baseline 0.004 -18"><span class='ocrx_word' id='word_1_494' title='bbox 236 4109 416 4163; x_wconf 87' lang='lat' dir='ltr'>Bediu</span> <span class='ocrx_word' id='word_1_495' title='bbox 441 4109 671 4164; x_wconf 91' lang='lat' dir='ltr'>lobeton</span> <span class='ocrx_word' id='word_1_496' title='bbox 723 4111 899 4181; x_wconf 86' lang='lat' dir='ltr'>friges</span> <span class='ocrx_word' id='word_1_497' title='bbox 946 4111 1097 4165; x_wconf 92' lang='lat' dir='ltr'>unde</span> <span class='ocrx_word' id='word_1_498' title='bbox 1129 4112 1321 4166; x_wconf 87' lang='lat' dir='ltr'>dores.</span> <span class='ocrx_word' id='word_1_499' title='bbox 1356 4112 1435 4165; x_wconf 81' lang='lat' dir='ltr'>tia</span> <span class='ocrx_word' id='word_1_500' title='bbox 1468 4118 1693 4167; x_wconf 89' lang='lat' dir='ltr'>metens</span> <span class='ocrx_word' id='word_1_501' title='bbox 1728 4114 1875 4169; x_wconf 80' lang='lat' dir='ltr'>kaft.</span> 
     </span>
    </p>
   </div>
   <div class='ocr_carea' id='block_1_70' title="bbox 237 4198 1883 4257">
    <p class='ocr_par' dir='ltr' id='par_1_70' title="bbox 237 4198 1883 4257">
     <span class='ocr_line' id='line_1_70' title="bbox 237 4198 1883 4257; baseline 0.003 -6"><span class='ocrx_word' id='word_1_502' title='bbox 237 4198 317 4251; x_wconf 89' lang='lat' dir='ltr'>tiu</span> <span class='ocrx_word' id='word_1_503' title='bbox 354 4199 541 4253; x_wconf 89' lang='lat' dir='ltr'>under</span> <span class='ocrx_word' id='word_1_504' title='bbox 570 4198 701 4253; x_wconf 91' lang='lat' dir='ltr'>dien</span> <span class='ocrx_word' id='word_1_505' title='bbox 736 4200 898 4254; x_wconf 90' lang='lat' dir='ltr'>zuein</span> <span class='ocrx_word' id='word_1_506' title='bbox 936 4201 1029 4255; x_wconf 88' lang='lat' dir='ltr'>ist.</span> <span class='ocrx_word' id='word_1_507' title='bbox 1065 4200 1224 4255; x_wconf 86' lang='lat' dir='ltr'>Unde</span> <span class='ocrx_word' id='word_1_508' title='bbox 1278 4200 1401 4255; x_wconf 90' lang='lat' dir='ltr'>also</span> <span class='ocrx_word' id='word_1_509' title='bbox 1434 4203 1603 4255; x_wconf 87' lang='lat' dir='ltr'>dores</span> <span class='ocrx_word' id='word_1_510' title='bbox 1644 4202 1883 4257; x_wconf 90' lang='lat' dir='ltr'>uuolton</span> 
     </span>
    </p>
   </div>
   <div class='ocr_carea' id='block_1_71' title="bbox 239 4286 1883 4345">
    <p class='ocr_par' dir='ltr' id='par_1_71' title="bbox 239 4286 1883 4345">
     <span class='ocr_line' id='line_1_71' title="bbox 239 4286 1883 4345; baseline 0.004 -6"><span class='ocrx_word' id='word_1_511' title='bbox 239 4290 482 4340; x_wconf 88' lang='lat' dir='ltr'>eteuuaz</span> <span class='ocrx_word' id='word_1_512' title='bbox 514 4286 769 4341; x_wconf 87' lang='lat' dir='ltr'>nahcren</span> <span class='ocrx_word' id='word_1_513' title='bbox 796 4288 887 4341; x_wconf 88' lang='lat' dir='ltr'>sin</span> <span class='ocrx_word' id='word_1_514' title='bbox 922 4290 1058 4342; x_wconf 89' lang='lat' dir='ltr'>dero</span> <span class='ocrx_word' id='word_1_515' title='bbox 1106 4289 1493 4343; x_wconf 88' lang='lat' dir='ltr'>niderostum.</span> <span class='ocrx_word' id='word_1_516' title='bbox 1528 4290 1717 4345; x_wconf 89' lang='lat' dir='ltr'>danne</span> <span class='ocrx_word' id='word_1_517' title='bbox 1750 4292 1883 4345; x_wconf 90' lang='lat' dir='ltr'>dero</span> 
     </span>
    </p>
   </div>
   <div class='ocr_carea' id='block_1_72' title="bbox 240 4374 1883 4449">
    <p class='ocr_par' dir='ltr' id='par_1_72' title="bbox 240 4374 1883 4449">
     <span class='ocr_line' id='line_1_72' title="bbox 240 4374 1883 4449; baseline 0.003 -21"><span class='ocrx_word' id='word_1_518' title='bbox 240 4374 574 4429; x_wconf 88' lang='lat' dir='ltr'>oberostun.</span> <span class='ocrx_word' id='word_1_519' title='bbox 612 4392 674 4429; x_wconf 93' lang='lat' dir='ltr'>so</span> <span class='ocrx_word' id='word_1_520' title='bbox 708 4376 948 4431; x_wconf 91' lang='lat' dir='ltr'>uuolton</span> <span class='ocrx_word' id='word_1_521' title='bbox 985 4378 1158 4449; x_wconf 74' lang='lat' dir='ltr'>frigcs</span> <span class='ocrx_word' id='word_1_522' title='bbox 1209 4384 1451 4433; x_wconf 86' lang='lat' dir='ltr'>eteuuaz</span> <span class='ocrx_word' id='word_1_523' title='bbox 1500 4379 1750 4433; x_wconf 88' lang='lat' dir='ltr'>naheren</span> <span class='ocrx_word' id='word_1_524' title='bbox 1794 4380 1883 4434; x_wconf 89' lang='lat' dir='ltr'>sin</span> 
     </span>
    </p>
   </div>
   <div class='ocr_carea' id='block_1_73' title="bbox 240 4452 1888 4524">
    <p class='ocr_par' dir='ltr' id='par_1_73' title="bbox 240 4452 1888 4524">
     <span class='ocr_line' id='line_1_73' title="bbox 240 4452 1888 4524; baseline 0.005 -8"><span class='ocrx_word' id='word_1_525' title='bbox 240 4463 379 4517; x_wconf 91' lang='lat' dir='ltr'>dero</span> <span class='ocrx_word' id='word_1_526' title='bbox 394 4463 706 4518; x_wconf 90' lang='lat' dir='ltr'>oberastun</span> <span class='ocrx_word' id='word_1_527' title='bbox 723 4465 829 4519; x_wconf 85' lang='lat' dir='ltr'>dan</span> <span class='ocrx_word' id='word_1_528' title='bbox 841 4483 909 4519; x_wconf 90' lang='lat' dir='ltr'>ne</span> <span class='ocrx_word' id='word_1_529' title='bbox 922 4467 1057 4521; x_wconf 87' lang='lat' dir='ltr'>dero</span> <span class='ocrx_word' id='word_1_530' title='bbox 1074 4452 1434 4522; x_wconf 74' lang='lat' dir='ltr'>niderostun.</span> <span class='ocrx_word' id='word_1_531' title='bbox 1454 4468 1544 4521; x_wconf 88' lang='lat' dir='ltr'>die</span> <span class='ocrx_word' id='word_1_532' title='bbox 1561 4470 1888 4524; x_wconf 81' lang='lat' dir='ltr'>tuouuarba</span> 
     </span>
    </p>
   </div>
   <div class='ocr_carea' id='block_1_74' title="bbox 240 4553 1883 4627">
    <p class='ocr_par' dir='ltr' id='par_1_74' title="bbox 240 4553 1883 4627">
     <span class='ocr_line' id='line_1_74' title="bbox 240 4553 1883 4627; baseline 0.002 -20"><span class='ocrx_word' id='word_1_533' title='bbox 240 4556 442 4607; x_wconf 89' lang='lat' dir='ltr'>namot</span> <span class='ocrx_word' id='word_1_534' title='bbox 474 4553 715 4607; x_wconf 87' lang='lat' dir='ltr'>musica.</span> <span class='ocrx_word' id='word_1_535' title='bbox 750 4554 862 4608; x_wconf 88' lang='lat' dir='ltr'>nah</span> <span class='ocrx_word' id='word_1_536' title='bbox 912 4554 1027 4609; x_wconf 90' lang='lat' dir='ltr'>tien</span> <span class='ocrx_word' id='word_1_537' title='bbox 1089 4555 1286 4611; x_wconf 86' lang='lat' dir='ltr'>selben</span> <span class='ocrx_word' id='word_1_538' title='bbox 1348 4558 1623 4627; x_wconf 83' lang='lat' dir='ltr'>gentibus</span> <span class='ocrx_word' id='word_1_539' title='bbox 1655 4557 1883 4611; x_wconf 86' lang='lat' dir='ltr'>dorium</span> 
     </span>
    </p>
   </div>
   <div class='ocr_carea' id='block_1_75' title="bbox 242 4641 1884 4713">
    <p class='ocr_par' dir='ltr' id='par_1_75' title="bbox 242 4641 1884 4713">
     <span class='ocr_line' id='line_1_75' title="bbox 242 4641 1884 4713; baseline 0.004 -19"><span class='ocrx_word' id='word_1_540' title='bbox 242 4641 483 4695; x_wconf 87' lang='lat' dir='ltr'>modum</span> <span class='ocrx_word' id='word_1_541' title='bbox 505 4643 658 4695; x_wconf 91' lang='lat' dir='ltr'>unde</span> <span class='ocrx_word' id='word_1_542' title='bbox 680 4642 939 4713; x_wconf 84' lang='lat' dir='ltr'>t&#39;rigium.</span> <span class='ocrx_word' id='word_1_543' title='bbox 967 4643 1157 4699; x_wconf 90' lang='lat' dir='ltr'>Under</span> <span class='ocrx_word' id='word_1_544' title='bbox 1179 4644 1311 4699; x_wconf 91' lang='lat' dir='ltr'>dien</span> <span class='ocrx_word' id='word_1_545' title='bbox 1334 4645 1573 4699; x_wconf 84' lang='lat' dir='ltr'>zuisken</span> <span class='ocrx_word' id='word_1_546' title='bbox 1599 4648 1673 4700; x_wconf 88' lang='lat' dir='ltr'>ist</span> <span class='ocrx_word' id='word_1_547' title='bbox 1689 4652 1884 4701; x_wconf 85' lang='lat' dir='ltr'>tonus.</span> 
     </span>
    </p>
   </div>
   <div class='ocr_carea' id='block_1_76' title="bbox 238 4729 1884 4805">
    <p class='ocr_par' dir='ltr' id='par_1_76' title="bbox 238 4729 1884 4805">
     <span class='ocr_line' id='line_1_76' title="bbox 238 4729 1884 4805; baseline 0.004 -21"><span class='ocrx_word' id='word_1_548' title='bbox 238 4733 328 4784; x_wconf 84' lang='lat' dir='ltr'>taz</span> <span class='ocrx_word' id='word_1_549' title='bbox 359 4729 435 4785; x_wconf 89' lang='lat' dir='ltr'>ist</span> <span class='ocrx_word' id='word_1_550' title='bbox 466 4731 578 4785; x_wconf 92' lang='lat' dir='ltr'>isto</span> <span class='ocrx_word' id='word_1_551' title='bbox 608 4732 770 4785; x_wconf 89' lang='lat' dir='ltr'>zueio</span> <span class='ocrx_word' id='word_1_552' title='bbox 803 4733 1159 4787; x_wconf 72' lang='lat' dir='ltr'>underskeit.</span> <span class='ocrx_word' id='word_1_553' title='bbox 1192 4735 1308 4789; x_wconf 89' lang='lat' dir='ltr'>Obe</span> <span class='ocrx_word' id='word_1_554' title='bbox 1362 4735 1528 4805; x_wconf 84' lang='lat' dir='ltr'>frigio</span> <span class='ocrx_word' id='word_1_555' title='bbox 1584 4736 1659 4790; x_wconf 89' lang='lat' dir='ltr'>ist</span> <span class='ocrx_word' id='word_1_556' title='bbox 1690 4735 1884 4791; x_wconf 86' lang='lat' dir='ltr'>lidius.</span> 
     </span>
    </p>
   </div>
   <div class='ocr_carea' id='block_1_77' title="bbox 240 4820 1885 4880">
    <p class='ocr_par' dir='ltr' id='par_1_77' title="bbox 240 4820 1885 4880">
     <span class='ocr_line' id='line_1_77' title="bbox 240 4820 1885 4880; baseline 0.003 -7"><span class='ocrx_word' id='word_1_557' title='bbox 240 4823 362 4873; x_wconf 89' lang='lat' dir='ltr'>tero</span> <span class='ocrx_word' id='word_1_558' title='bbox 387 4820 729 4875; x_wconf 84' lang='lat' dir='ltr'>underskeit</span> <span class='ocrx_word' id='word_1_559' title='bbox 756 4821 831 4875; x_wconf 89' lang='lat' dir='ltr'>ist</span> <span class='ocrx_word' id='word_1_560' title='bbox 850 4826 1044 4876; x_wconf 90' lang='lat' dir='ltr'>tonus.</span> <span class='ocrx_word' id='word_1_561' title='bbox 1069 4824 1186 4877; x_wconf 87' lang='lat' dir='ltr'>Ube</span> <span class='ocrx_word' id='word_1_562' title='bbox 1209 4824 1347 4878; x_wconf 91' lang='lat' dir='ltr'>lidio</span> <span class='ocrx_word' id='word_1_563' title='bbox 1398 4826 1475 4878; x_wconf 82' lang='lat' dir='ltr'>ist</span> <span class='ocrx_word' id='word_1_564' title='bbox 1530 4825 1690 4879; x_wconf 89' lang='lat' dir='ltr'>eines</span> <span class='ocrx_word' id='word_1_565' title='bbox 1714 4826 1885 4880; x_wconf 88' lang='lat' dir='ltr'>semi-</span> 
     </span>
    </p>
   </div>
   <div class='ocr_carea' id='block_1_78' title="bbox 239 4906 1888 4969">
    <p class='ocr_par' dir='ltr' id='par_1_78' title="bbox 239 4906 1888 4969">
     <span class='ocr_line' id='line_1_78' title="bbox 239 4906 1888 4969; baseline 0.004 -8"><span class='ocrx_word' id='word_1_566' title='bbox 239 4906 385 4962; x_wconf 82' lang='lat' dir='ltr'>tonii</span> <span class='ocrx_word' id='word_1_567' title='bbox 412 4908 598 4964; x_wconf 89' lang='lat' dir='ltr'>hohor</span> <span class='ocrx_word' id='word_1_568' title='bbox 620 4910 977 4965; x_wconf 80' lang='lat' dir='ltr'>mixolidius.</span> <span class='ocrx_word' id='word_1_569' title='bbox 1010 4913 1161 4966; x_wconf 91' lang='lat' dir='ltr'>unde</span> <span class='ocrx_word' id='word_1_570' title='bbox 1184 4913 1289 4967; x_wconf 93' lang='lat' dir='ltr'>obe</span> <span class='ocrx_word' id='word_1_571' title='bbox 1312 4914 1495 4969; x_wconf 78' lang='lat' dir='ltr'>domo</span> <span class='ocrx_word' id='word_1_572' title='bbox 1525 4914 1709 4967; x_wconf 93' lang='lat' dir='ltr'>hobor</span> <span class='ocrx_word' id='word_1_573' title='bbox 1729 4914 1888 4967; x_wconf 89' lang='lat' dir='ltr'>eines</span> 
     </span>
    </p>
   </div>
   <div class='ocr_carea' id='block_1_79' title="bbox 239 4997 1884 5069">
    <p class='ocr_par' dir='ltr' id='par_1_79' title="bbox 239 4997 1884 5069">
     <span class='ocr_line' id='line_1_79' title="bbox 239 4997 1884 5069; baseline 0.004 -19"><span class='ocrx_word' id='word_1_574' title='bbox 239 4998 357 5051; x_wconf 89' lang='lat' dir='ltr'>toni</span> <span class='ocrx_word' id='word_1_575' title='bbox 386 4997 886 5069; x_wconf 87' lang='lat' dir='ltr'>ypermixolidius.</span> <span class='ocrx_word' id='word_1_576' title='bbox 912 5000 1038 5055; x_wconf 91' lang='lat' dir='ltr'>Noh</span> <span class='ocrx_word' id='word_1_577' title='bbox 1063 5005 1236 5055; x_wconf 86' lang='lat' dir='ltr'>tanne</span> <span class='ocrx_word' id='word_1_578' title='bbox 1263 5002 1381 5056; x_wconf 79' lang='lat' dir='ltr'>sint</span> <span class='ocrx_word' id='word_1_579' title='bbox 1406 5003 1473 5055; x_wconf 89' lang='lat' dir='ltr'>tri</span> <span class='ocrx_word' id='word_1_580' title='bbox 1495 5003 1681 5056; x_wconf 89' lang='lat' dir='ltr'>under</span> <span class='ocrx_word' id='word_1_581' title='bbox 1704 5003 1884 5057; x_wconf 89' lang='lat' dir='ltr'>dorio.</span> 
     </span>
    </p>
   </div>
   <div class='ocr_carea' id='block_1_80' title="bbox 240 5084 1887 5162">
    <p class='ocr_par' dir='ltr' id='par_1_80' title="bbox 240 5084 1887 5162">
     <span class='ocr_line' id='line_1_80' title="bbox 240 5084 1887 5162; baseline 0.003 -22"><span class='ocrx_word' id='word_1_582' title='bbox 240 5084 484 5141; x_wconf 90' lang='lat' dir='ltr'>Nideror</span> <span class='ocrx_word' id='word_1_583' title='bbox 512 5088 672 5143; x_wconf 88' lang='lat' dir='ltr'>eincs</span> <span class='ocrx_word' id='word_1_584' title='bbox 704 5089 998 5144; x_wconf 89' lang='lat' dir='ltr'>semitonii</span> <span class='ocrx_word' id='word_1_585' title='bbox 1031 5089 1110 5144; x_wconf 90' lang='lat' dir='ltr'>ist</span> <span class='ocrx_word' id='word_1_586' title='bbox 1155 5091 1467 5162; x_wconf 87' lang='lat' dir='ltr'>ypolidius.</span> <span class='ocrx_word' id='word_1_587' title='bbox 1502 5092 1689 5145; x_wconf 90' lang='lat' dir='ltr'>under</span> <span class='ocrx_word' id='word_1_588' title='bbox 1719 5092 1887 5145; x_wconf 90' lang='lat' dir='ltr'>demo</span> 
     </span>
    </p>
   </div>
   <div class='ocr_carea' id='block_1_81' title="bbox 242 5174 1885 5251">
    <p class='ocr_par' dir='ltr' id='par_1_81' title="bbox 242 5174 1885 5251">
     <span class='ocr_line' id='line_1_81' title="bbox 242 5174 1885 5251; baseline 0.003 -23"><span class='ocrx_word' id='word_1_589' title='bbox 242 5174 478 5230; x_wconf 89' lang='lat' dir='ltr'>nideror</span> <span class='ocrx_word' id='word_1_590' title='bbox 507 5177 666 5232; x_wconf 90' lang='lat' dir='ltr'>eines</span> <span class='ocrx_word' id='word_1_591' title='bbox 698 5178 817 5233; x_wconf 90' lang='lat' dir='ltr'>toni</span> <span class='ocrx_word' id='word_1_592' title='bbox 851 5179 1191 5251; x_wconf 82' lang='lat' dir='ltr'>ypofrigius.</span> <span class='ocrx_word' id='word_1_593' title='bbox 1225 5182 1379 5235; x_wconf 91' lang='lat' dir='ltr'>unde</span> <span class='ocrx_word' id='word_1_594' title='bbox 1409 5181 1547 5234; x_wconf 83' lang='lat' dir='ltr'>aber</span> <span class='ocrx_word' id='word_1_595' title='bbox 1576 5180 1735 5234; x_wconf 87' lang='lat' dir='ltr'>cines</span> <span class='ocrx_word' id='word_1_596' title='bbox 1766 5180 1885 5234; x_wconf 92' lang='lat' dir='ltr'>toni</span> 
     </span>
    </p>
   </div>
   <div class='ocr_carea' id='block_1_82' title="bbox 242 5263 1887 5336">
    <p class='ocr_par' dir='ltr' id='par_1_82' title="bbox 242 5263 1887 5336">
     <span class='ocr_line' id='line_1_82' title="bbox 242 5263 1887 5336; baseline 0.004 -19"><span class='ocrx_word' id='word_1_597' title='bbox 242 5263 478 5319; x_wconf 89' lang='lat' dir='ltr'>nideror</span> <span class='ocrx_word' id='word_1_598' title='bbox 497 5266 833 5336; x_wconf 90' lang='lat' dir='ltr'>ypoderius.</span> <span class='ocrx_word' id='word_1_599' title='bbox 860 5274 949 5321; x_wconf 86' lang='lat' dir='ltr'>taz</span> <span class='ocrx_word' id='word_1_600' title='bbox 974 5268 1050 5321; x_wconf 89' lang='lat' dir='ltr'>ist</span> <span class='ocrx_word' id='word_1_601' title='bbox 1091 5272 1176 5321; x_wconf 90' lang='lat' dir='ltr'>ter</span> <span class='ocrx_word' id='word_1_602' title='bbox 1228 5267 1519 5323; x_wconf 90' lang='lat' dir='ltr'>niderosto</span> <span class='ocrx_word' id='word_1_603' title='bbox 1564 5270 1695 5323; x_wconf 85' lang='lat' dir='ltr'>fone</span> <span class='ocrx_word' id='word_1_604' title='bbox 1718 5269 1887 5323; x_wconf 91' lang='lat' dir='ltr'>demo</span> 
     </span>
    </p>
   </div>
   <div class='ocr_carea' id='block_1_83' title="bbox 238 5351 1886 5427">
    <p class='ocr_par' dir='ltr' id='par_1_83' title="bbox 238 5351 1886 5427">
     <span class='ocr_line' id='line_1_83' title="bbox 238 5351 1886 5427; baseline 0.002 -21"><span class='ocrx_word' id='word_1_605' title='bbox 238 5351 319 5407; x_wconf 86' lang='lat' dir='ltr'>ist</span> <span class='ocrx_word' id='word_1_606' title='bbox 338 5352 478 5407; x_wconf 87' lang='lat' dir='ltr'>bina</span> <span class='ocrx_word' id='word_1_607' title='bbox 500 5355 665 5409; x_wconf 83' lang='lat' dir='ltr'>ufter</span> <span class='ocrx_word' id='word_1_608' title='bbox 686 5354 920 5409; x_wconf 88' lang='lat' dir='ltr'>abtodo.</span> <span class='ocrx_word' id='word_1_609' title='bbox 947 5356 1103 5409; x_wconf 89' lang='lat' dir='ltr'>unde</span> <span class='ocrx_word' id='word_1_610' title='bbox 1133 5356 1235 5410; x_wconf 87' lang='lat' dir='ltr'>der</span> <span class='ocrx_word' id='word_1_611' title='bbox 1278 5358 1543 5411; x_wconf 88' lang='lat' dir='ltr'>oberosto</span> <span class='ocrx_word' id='word_1_612' title='bbox 1566 5358 1886 5427; x_wconf 84' lang='lat' dir='ltr'>ypermixo-</span> 
     </span>
    </p>
   </div>
   <div class='ocr_carea' id='block_1_84' title="bbox 240 5441 1884 5516">
    <p class='ocr_par' dir='ltr' id='par_1_84' title="bbox 240 5441 1884 5516">
     <span class='ocr_line' id='line_1_84' title="bbox 240 5441 1884 5516; baseline 0.002 -20"><span class='ocrx_word' id='word_1_613' title='bbox 240 5441 377 5498; x_wconf 91' lang='lat' dir='ltr'>lius.</span> <span class='ocrx_word' id='word_1_614' title='bbox 412 5447 499 5496; x_wconf 82' lang='lat' dir='ltr'>An</span> <span class='ocrx_word' id='word_1_615' title='bbox 534 5444 666 5497; x_wconf 90' lang='lat' dir='ltr'>dien</span> <span class='ocrx_word' id='word_1_616' title='bbox 699 5450 825 5498; x_wconf 88' lang='lat' dir='ltr'>octo</span> <span class='ocrx_word' id='word_1_617' title='bbox 859 5444 1068 5498; x_wconf 86' lang='lat' dir='ltr'>modis.</span> <span class='ocrx_word' id='word_1_618' title='bbox 1102 5444 1158 5497; x_wconf 79' lang='lat' dir='ltr'>ili</span> <span class='ocrx_word' id='word_1_619' title='bbox 1193 5445 1383 5499; x_wconf 88' lang='lat' dir='ltr'>meino</span> <span class='ocrx_word' id='word_1_620' title='bbox 1415 5444 1710 5516; x_wconf 89' lang='lat' dir='ltr'>ypodorio.</span> <span class='ocrx_word' id='word_1_621' title='bbox 1745 5462 1884 5516; x_wconf 93' lang='lat' dir='ltr'>ypo-</span> 
     </span>
    </p>
   </div>
   <div class='ocr_carea' id='block_1_85' title="bbox 238 5530 1884 5605">
    <p class='ocr_par' dir='ltr' id='par_1_85' title="bbox 238 5530 1884 5605">
     <span class='ocr_line' id='line_1_85' title="bbox 238 5530 1884 5605; baseline 0.001 -20"><span class='ocrx_word' id='word_1_622' title='bbox 238 5530 430 5602; x_wconf 82' lang='lat' dir='ltr'>frigio.</span> <span class='ocrx_word' id='word_1_623' title='bbox 464 5530 737 5601; x_wconf 86' lang='lat' dir='ltr'>ypolidio.</span> <span class='ocrx_word' id='word_1_624' title='bbox 774 5532 953 5586; x_wconf 55' lang='lat' dir='ltr'>(torio.</span> <span class='ocrx_word' id='word_1_625' title='bbox 983 5532 1149 5603; x_wconf 80' lang='lat' dir='ltr'>frigio</span> <span class='ocrx_word' id='word_1_626' title='bbox 1198 5532 1355 5587; x_wconf 92' lang='lat' dir='ltr'>lidio.</span> <span class='ocrx_word' id='word_1_627' title='bbox 1382 5532 1697 5587; x_wconf 76' lang='lat' dir='ltr'>mixolidio.</span> <span class='ocrx_word' id='word_1_628' title='bbox 1719 5550 1884 5605; x_wconf 91' lang='lat' dir='ltr'>yper-</span> 
     </span>
    </p>
   </div>
   <div class='ocr_carea' id='block_1_86' title="bbox 236 5617 1883 5692">
    <p class='ocr_par' dir='ltr' id='par_1_86' title="bbox 236 5617 1883 5692">
     <span class='ocr_line' id='line_1_86' title="bbox 236 5617 1883 5692; baseline 0.001 -18"><span class='ocrx_word' id='word_1_629' title='bbox 236 5617 558 5674; x_wconf 89' lang='lat' dir='ltr'>mixolidio.</span> <span class='ocrx_word' id='word_1_630' title='bbox 586 5624 722 5672; x_wconf 90' lang='lat' dir='ltr'>sunt</span> <span class='ocrx_word' id='word_1_631' title='bbox 743 5636 853 5673; x_wconf 91' lang='lat' dir='ltr'>uns</span> <span class='ocrx_word' id='word_1_632' title='bbox 875 5621 1158 5691; x_wconf 86' lang='lat' dir='ltr'>keougete</span> <span class='ocrx_word' id='word_1_633' title='bbox 1184 5627 1311 5677; x_wconf 91' lang='lat' dir='ltr'>octo</span> <span class='ocrx_word' id='word_1_634' title='bbox 1360 5622 1582 5691; x_wconf 78' lang='lat' dir='ltr'>species</span> <span class='ocrx_word' id='word_1_635' title='bbox 1605 5622 1883 5692; x_wconf 85' lang='lat' dir='ltr'>diapason</span> 
     </span>
    </p>
   </div>
   <div class='ocr_carea' id='block_1_87' title="bbox 204 5705 1887 5781">
    <p class='ocr_par' dir='ltr' id='par_1_87' title="bbox 204 5705 1887 5781">
     <span class='ocr_line' id='line_1_87' title="bbox 204 5705 1887 5781; baseline 0.002 -18"><span class='ocrx_word' id='word_1_636' title='bbox 204 5705 602 5779; x_wconf 67' lang='lat' dir='ltr'>&#39;simphoniaa.</span> <span class='ocrx_word' id='word_1_637' title='bbox 637 5710 721 5763; x_wconf 88' lang='lat' dir='ltr'>An</span> <span class='ocrx_word' id='word_1_638' title='bbox 751 5708 881 5764; x_wconf 92' lang='lat' dir='ltr'>dien</span> <span class='ocrx_word' id='word_1_639' title='bbox 942 5710 1077 5765; x_wconf 93' lang='lat' dir='ltr'>uuir</span> <span class='ocrx_word' id='word_1_640' title='bbox 1132 5711 1328 5767; x_wconf 81' lang='lat' dir='ltr'>ﬁnden</span> <span class='ocrx_word' id='word_1_641' title='bbox 1386 5710 1724 5781; x_wconf 84' lang='lat' dir='ltr'>ut&#39;stigendo</span> <span class='ocrx_word' id='word_1_642' title='bbox 1759 5715 1887 5767; x_wconf 86' lang='lat' dir='ltr'>t&#39;one</span> 
     </span>
    </p>
   </div>
   <div class='ocr_carea' id='block_1_88' title="bbox 2461 3664 3177 3705">
    <p class='ocr_par' dir='ltr' id='par_1_88' title="bbox 2461 3664 3177 3705">
     <span class='ocr_line' id='line_1_88' title="bbox 2461 3664 3177 3705; baseline 0 -2"><span class='ocrx_word' id='word_1_643' title='bbox 2461 3665 2906 3705; x_wconf 72' lang='lat' dir='ltr'>INTRRPRETATIO</span> <span class='ocrx_word' id='word_1_644' title='bbox 2958 3664 3157 3704; x_wconf 78' lang='lat' dir='ltr'>LATINA</span> <span class='ocrx_word' id='word_1_645' title='bbox 3166 3691 3177 3703; x_wconf 88' lang='lat'>.</span> 
     </span>
    </p>
   </div>
   <div class='ocr_carea' id='block_1_89' title="bbox 2066 3755 3642 3829">
    <p class='ocr_par' dir='ltr' id='par_1_89' title="bbox 2066 3755 3642 3829">
     <span class='ocr_line' id='line_1_89' title="bbox 2066 3755 3642 3829; baseline 0.001 -19"><span class='ocrx_word' id='word_1_646' title='bbox 2066 3757 2172 3823; x_wconf 88' lang='lat' dir='ltr'>Qui</span> <span class='ocrx_word' id='word_1_647' title='bbox 2206 3760 2400 3812; x_wconf 79' lang='lat' dir='ltr'>autem</span> <span class='ocrx_word' id='word_1_648' title='bbox 2435 3756 2617 3829; x_wconf 91' lang='lat' dir='ltr'>lyram</span> <span class='ocrx_word' id='word_1_649' title='bbox 2648 3756 2804 3825; x_wconf 84' lang='lat' dir='ltr'>facit,</span> <span class='ocrx_word' id='word_1_650' title='bbox 2836 3772 2964 3810; x_wconf 89' lang='lat' dir='ltr'>eam</span> <span class='ocrx_word' id='word_1_651' title='bbox 3012 3755 3093 3810; x_wconf 89' lang='lat' dir='ltr'>ita</span> <span class='ocrx_word' id='word_1_652' title='bbox 3144 3758 3537 3822; x_wconf 80' lang='lat' dir='ltr'>mensuretur,</span> <span class='ocrx_word' id='word_1_653' title='bbox 3571 3770 3642 3811; x_wconf 89' lang='lat' dir='ltr'>ne</span> 
     </span>
    </p>
   </div>
   <div class='ocr_carea' id='block_1_90' title="bbox 1995 3844 3643 3917">
    <p class='ocr_par' dir='ltr' id='par_1_90' title="bbox 1995 3844 3643 3917">
     <span class='ocr_line' id='line_1_90' title="bbox 1995 3844 3643 3917; baseline 0 -17"><span class='ocrx_word' id='word_1_654' title='bbox 1995 3850 2231 3917; x_wconf 88' lang='lat' dir='ltr'>propter</span> <span class='ocrx_word' id='word_1_655' title='bbox 2263 3847 2547 3917; x_wconf 86' lang='lat' dir='ltr'>majorem</span> <span class='ocrx_word' id='word_1_656' title='bbox 2580 3845 2977 3901; x_wconf 80' lang='lat' dir='ltr'>extensionem</span> <span class='ocrx_word' id='word_1_657' title='bbox 3038 3844 3216 3898; x_wconf 91' lang='lat' dir='ltr'>nimis</span> <span class='ocrx_word' id='word_1_658' title='bbox 3273 3860 3506 3909; x_wconf 88' lang='lat' dir='ltr'>sonora,</span> <span class='ocrx_word' id='word_1_659' title='bbox 3539 3859 3643 3900; x_wconf 90' lang='lat' dir='ltr'>nec</span> 
     </span>
    </p>
   </div>
   <div class='ocr_carea' id='block_1_91' title="bbox 1995 3931 3642 3999">
    <p class='ocr_par' dir='ltr' id='par_1_91' title="bbox 1995 3931 3642 3999">
     <span class='ocr_line' id='line_1_91' title="bbox 1995 3931 3642 3999; baseline 0.001 -12"><span class='ocrx_word' id='word_1_660' title='bbox 1995 3934 2067 3987; x_wconf 95' lang='lat' dir='ltr'>ob</span> <span class='ocrx_word' id='word_1_661' title='bbox 2091 3935 2377 3988; x_wconf 89' lang='lat' dir='ltr'>minorem</span> <span class='ocrx_word' id='word_1_662' title='bbox 2402 3932 2800 3987; x_wconf 79' lang='lat' dir='ltr'>extensionem</span> <span class='ocrx_word' id='word_1_663' title='bbox 2824 3932 3022 3987; x_wconf 89' lang='lat' dir='ltr'>minus</span> <span class='ocrx_word' id='word_1_664' title='bbox 3046 3948 3258 3987; x_wconf 90' lang='lat' dir='ltr'>sonora</span> <span class='ocrx_word' id='word_1_665' title='bbox 3279 3932 3390 3999; x_wconf 90' lang='lat' dir='ltr'>sit;</span> <span class='ocrx_word' id='word_1_666' title='bbox 3416 3931 3642 3988; x_wconf 61' lang='lat' dir='ltr'>chorda</span> 
     </span>
    </p>
   </div>
   <div class='ocr_carea' id='block_1_92' title="bbox 1995 4021 3645 4092">
    <p class='ocr_par' dir='ltr' id='par_1_92' title="bbox 1995 4021 3645 4092">
     <span class='ocr_line' id='line_1_92' title="bbox 1995 4021 3645 4092; baseline 0.001 -17"><span class='ocrx_word' id='word_1_667' title='bbox 1995 4021 2149 4075; x_wconf 90' lang='lat' dir='ltr'>enim</span> <span class='ocrx_word' id='word_1_668' title='bbox 2172 4021 2347 4076; x_wconf 90' lang='lat' dir='ltr'>nimis</span> <span class='ocrx_word' id='word_1_669' title='bbox 2367 4021 2494 4075; x_wconf 73' lang='lat' dir='ltr'>altae</span> <span class='ocrx_word' id='word_1_670' title='bbox 2518 4026 2574 4075; x_wconf 86' lang='lat' dir='ltr'>et</span> <span class='ocrx_word' id='word_1_671' title='bbox 2590 4021 2768 4076; x_wconf 90' lang='lat' dir='ltr'>nimis</span> <span class='ocrx_word' id='word_1_672' title='bbox 2791 4022 3080 4092; x_wconf 65' lang='lat' dir='ltr'>depressae</span> <span class='ocrx_word' id='word_1_673' title='bbox 3099 4025 3333 4092; x_wconf 90' lang='lat' dir='ltr'>propter</span> <span class='ocrx_word' id='word_1_674' title='bbox 3353 4036 3645 4076; x_wconf 64' lang='lat' dir='ltr'>mensurae</span> 
     </span>
    </p>
   </div>
   <div class='ocr_carea' id='block_1_93' title="bbox 1996 4109 3643 4182">
    <p class='ocr_par' dir='ltr' id='par_1_93' title="bbox 1996 4109 3643 4182">
     <span class='ocr_line' id='line_1_93' title="bbox 1996 4109 3643 4182; baseline 0.001 -18"><span class='ocrx_word' id='word_1_675' title='bbox 1996 4111 2286 4165; x_wconf 82' lang='lat' dir='ltr'>defectum</span> <span class='ocrx_word' id='word_1_676' title='bbox 2314 4110 2578 4164; x_wconf 89' lang='lat' dir='ltr'>omnium</span> <span class='ocrx_word' id='word_1_677' title='bbox 2604 4109 3193 4181; x_wconf 71' lang='lat' dir='ltr'>suntingratissimae.</span> <span class='ocrx_word' id='word_1_678' title='bbox 3220 4109 3364 4164; x_wconf 89' lang='lat' dir='ltr'>Hinc</span> <span class='ocrx_word' id='word_1_679' title='bbox 3385 4109 3643 4182; x_wconf 84' lang='lat' dir='ltr'>Phryges</span> 
     </span>
    </p>
   </div>
   <div class='ocr_carea' id='block_1_94' title="bbox 1996 4197 3644 4271">
    <p class='ocr_par' dir='ltr' id='par_1_94' title="bbox 1996 4197 3644 4271">
     <span class='ocr_line' id='line_1_94' title="bbox 1996 4197 3644 4271; baseline 0 -18"><span class='ocrx_word' id='word_1_680' title='bbox 1996 4198 2294 4271; x_wconf 89' lang='lat' dir='ltr'>Doresque</span> <span class='ocrx_word' id='word_1_681' title='bbox 2326 4198 2650 4254; x_wconf 87' lang='lat' dir='ltr'>laudabant</span> <span class='ocrx_word' id='word_1_682' title='bbox 2681 4198 2961 4268; x_wconf 87' lang='lat' dir='ltr'>medium,</span> <span class='ocrx_word' id='word_1_683' title='bbox 3011 4200 3163 4271; x_wconf 89' lang='lat' dir='ltr'>quod</span> <span class='ocrx_word' id='word_1_684' title='bbox 3216 4199 3368 4253; x_wconf 89' lang='lat' dir='ltr'>inter</span> <span class='ocrx_word' id='word_1_685' title='bbox 3396 4199 3511 4253; x_wconf 94' lang='lat' dir='ltr'>duo</span> <span class='ocrx_word' id='word_1_686' title='bbox 3544 4197 3644 4253; x_wconf 85' lang='lat' dir='ltr'>illa</span> 
     </span>
    </p>
   </div>
   <div class='ocr_carea' id='block_1_95' title="bbox 1996 4285 3640 4359">
    <p class='ocr_par' dir='ltr' id='par_1_95' title="bbox 1996 4285 3640 4359">
     <span class='ocr_line' id='line_1_95' title="bbox 1996 4285 3640 4359; baseline -0.001 -18"><span class='ocrx_word' id='word_1_687' title='bbox 1996 4292 2252 4342; x_wconf 81' lang='lat' dir='ltr'>extrema</span> <span class='ocrx_word' id='word_1_688' title='bbox 2284 4292 2388 4343; x_wconf 92' lang='lat' dir='ltr'>est.</span> <span class='ocrx_word' id='word_1_689' title='bbox 2427 4288 2624 4359; x_wconf 89' lang='lat' dir='ltr'>Itaque</span> <span class='ocrx_word' id='word_1_690' title='bbox 2659 4289 2839 4343; x_wconf 90' lang='lat' dir='ltr'>Dores</span> <span class='ocrx_word' id='word_1_691' title='bbox 2870 4287 3186 4343; x_wconf 88' lang='lat' dir='ltr'>mallebant</span> <span class='ocrx_word' id='word_1_692' title='bbox 3208 4285 3640 4358; x_wconf 87' lang='lat' dir='ltr'>aliquantulum</span> 
     </span>
    </p>
   </div>
   <div class='ocr_carea' id='block_1_96' title="bbox 1996 4374 3642 4448">
    <p class='ocr_par' dir='ltr' id='par_1_96' title="bbox 1996 4374 3642 4448">
     <span class='ocr_line' id='line_1_96' title="bbox 1996 4374 3642 4448; baseline 0 -17"><span class='ocrx_word' id='word_1_693' title='bbox 1996 4378 2389 4448; x_wconf 88' lang='lat' dir='ltr'>propinquare</span> <span class='ocrx_word' id='word_1_694' title='bbox 2420 4382 2575 4432; x_wconf 91' lang='lat' dir='ltr'>tomo</span> <span class='ocrx_word' id='word_1_695' title='bbox 2607 4376 2809 4431; x_wconf 89' lang='lat' dir='ltr'>intimo</span> <span class='ocrx_word' id='word_1_696' title='bbox 2841 4394 3016 4448; x_wconf 87' lang='lat' dir='ltr'>quam</span> <span class='ocrx_word' id='word_1_697' title='bbox 3042 4392 3357 4448; x_wconf 86' lang='lat' dir='ltr'>supremo;</span> <span class='ocrx_word' id='word_1_698' title='bbox 3386 4374 3642 4448; x_wconf 85' lang='lat' dir='ltr'>Phryges</span> 
     </span>
    </p>
   </div>
   <div class='ocr_carea' id='block_1_97' title="bbox 1995 4464 3641 4537">
    <p class='ocr_par' dir='ltr' id='par_1_97' title="bbox 1995 4464 3641 4537">
     <span class='ocr_line' id='line_1_97' title="bbox 1995 4464 3641 4537; baseline 0 -18"><span class='ocrx_word' id='word_1_699' title='bbox 1995 4483 2126 4521; x_wconf 83' lang='lat' dir='ltr'>vero</span> <span class='ocrx_word' id='word_1_700' title='bbox 2158 4465 2585 4537; x_wconf 89' lang='lat' dir='ltr'>aliquantidum</span> <span class='ocrx_word' id='word_1_701' title='bbox 2648 4465 3029 4537; x_wconf 79' lang='lat' dir='ltr'>proximiores</span> <span class='ocrx_word' id='word_1_702' title='bbox 3086 4482 3213 4520; x_wconf 92' lang='lat' dir='ltr'>esse</span> <span class='ocrx_word' id='word_1_703' title='bbox 3241 4464 3513 4519; x_wconf 88' lang='lat' dir='ltr'>volebant</span> <span class='ocrx_word' id='word_1_704' title='bbox 3542 4481 3641 4519; x_wconf 92' lang='lat' dir='ltr'>su-</span> 
     </span>
    </p>
   </div>
   <div class='ocr_carea' id='block_1_98' title="bbox 1996 4552 3644 4626">
    <p class='ocr_par' dir='ltr' id='par_1_98' title="bbox 1996 4552 3644 4626">
     <span class='ocr_line' id='line_1_98' title="bbox 1996 4552 3644 4626; baseline -0.001 -17"><span class='ocrx_word' id='word_1_705' title='bbox 1996 4572 2198 4626; x_wconf 88' lang='lat' dir='ltr'>premo</span> <span class='ocrx_word' id='word_1_706' title='bbox 2232 4572 2410 4626; x_wconf 89' lang='lat' dir='ltr'>quam</span> <span class='ocrx_word' id='word_1_707' title='bbox 2432 4555 2633 4609; x_wconf 81' lang='lat' dir='ltr'>inﬁno.</span> <span class='ocrx_word' id='word_1_708' title='bbox 2659 4555 2813 4609; x_wconf 92' lang='lat' dir='ltr'>Duos</span> <span class='ocrx_word' id='word_1_709' title='bbox 2837 4554 2944 4610; x_wconf 89' lang='lat' dir='ltr'>bos</span> <span class='ocrx_word' id='word_1_710' title='bbox 2971 4555 3175 4609; x_wconf 90' lang='lat' dir='ltr'>modos</span> <span class='ocrx_word' id='word_1_711' title='bbox 3220 4553 3439 4609; x_wconf 88' lang='lat' dir='ltr'>Musica</span> <span class='ocrx_word' id='word_1_712' title='bbox 3461 4570 3527 4608; x_wconf 84' lang='lat' dir='ltr'>ex</span> <span class='ocrx_word' id='word_1_713' title='bbox 3550 4552 3644 4608; x_wconf 91' lang='lat' dir='ltr'>his</span> 
     </span>
    </p>
   </div>
   <div class='ocr_carea' id='block_1_99' title="bbox 1998 4642 3640 4716">
    <p class='ocr_par' dir='ltr' id='par_1_99' title="bbox 1998 4642 3640 4716">
     <span class='ocr_line' id='line_1_99' title="bbox 1998 4642 3640 4716; baseline 0 -18"><span class='ocrx_word' id='word_1_714' title='bbox 1998 4645 2142 4716; x_wconf 91' lang='lat' dir='ltr'>ipsis</span> <span class='ocrx_word' id='word_1_715' title='bbox 2169 4643 2443 4714; x_wconf 84' lang='lat' dir='ltr'>gentibus</span> <span class='ocrx_word' id='word_1_716' title='bbox 2474 4643 2615 4697; x_wconf 90' lang='lat' dir='ltr'>dicit</span> <span class='ocrx_word' id='word_1_717' title='bbox 2646 4644 2887 4698; x_wconf 91' lang='lat' dir='ltr'>modum</span> <span class='ocrx_word' id='word_1_718' title='bbox 2930 4642 3168 4699; x_wconf 89' lang='lat' dir='ltr'>Dorium</span> <span class='ocrx_word' id='word_1_719' title='bbox 3212 4648 3270 4698; x_wconf 90' lang='lat' dir='ltr'>et</span> <span class='ocrx_word' id='word_1_720' title='bbox 3300 4642 3640 4715; x_wconf 88' lang='lat' dir='ltr'>Phrygium.</span> 
     </span>
    </p>
   </div>
   <div class='ocr_carea' id='block_1_100' title="bbox 1999 4729 3645 4803">
    <p class='ocr_par' dir='ltr' id='par_1_100' title="bbox 1999 4729 3645 4803">
     <span class='ocr_line' id='line_1_100' title="bbox 1999 4729 3645 4803; baseline -0.001 -16"><span class='ocrx_word' id='word_1_721' title='bbox 1999 4733 2153 4787; x_wconf 89' lang='lat' dir='ltr'>Inter</span> <span class='ocrx_word' id='word_1_722' title='bbox 2176 4732 2281 4787; x_wconf 88' lang='lat' dir='ltr'>hos</span> <span class='ocrx_word' id='word_1_723' title='bbox 2304 4738 2393 4787; x_wconf 86' lang='lat' dir='ltr'>est</span> <span class='ocrx_word' id='word_1_724' title='bbox 2418 4738 2612 4799; x_wconf 90' lang='lat' dir='ltr'>tonus,</span> <span class='ocrx_word' id='word_1_725' title='bbox 2640 4732 2739 4803; x_wconf 92' lang='lat' dir='ltr'>qui</span> <span class='ocrx_word' id='word_1_726' title='bbox 2765 4739 2851 4787; x_wconf 91' lang='lat' dir='ltr'>est</span> <span class='ocrx_word' id='word_1_727' title='bbox 2875 4731 3190 4787; x_wconf 91' lang='lat' dir='ltr'>discrimen</span> <span class='ocrx_word' id='word_1_728' title='bbox 3223 4731 3377 4788; x_wconf 90' lang='lat' dir='ltr'>inter</span> <span class='ocrx_word' id='word_1_729' title='bbox 3407 4732 3556 4787; x_wconf 92' lang='lat' dir='ltr'>duos</span> <span class='ocrx_word' id='word_1_730' title='bbox 3579 4729 3645 4786; x_wconf 88' lang='lat' dir='ltr'>i1-</span> 
     </span>
    </p>
   </div>
   <div class='ocr_carea' id='block_1_101' title="bbox 2001 4820 3641 4893">
    <p class='ocr_par' dir='ltr' id='par_1_101' title="bbox 2001 4820 3641 4893">
     <span class='ocr_line' id='line_1_101' title="bbox 2001 4820 3641 4893; baseline 0 -19"><span class='ocrx_word' id='word_1_731' title='bbox 2001 4821 2107 4876; x_wconf 91' lang='lat' dir='ltr'>los.</span> <span class='ocrx_word' id='word_1_732' title='bbox 2132 4823 2316 4893; x_wconf 86' lang='lat' dir='ltr'>Super</span> <span class='ocrx_word' id='word_1_733' title='bbox 2338 4821 2651 4893; x_wconf 83' lang='lat' dir='ltr'>Phrygium</span> <span class='ocrx_word' id='word_1_734' title='bbox 2677 4826 2763 4876; x_wconf 87' lang='lat' dir='ltr'>est</span> <span class='ocrx_word' id='word_1_735' title='bbox 2791 4822 3028 4893; x_wconf 85' lang='lat' dir='ltr'>Lydius,</span> <span class='ocrx_word' id='word_1_736' title='bbox 3054 4838 3301 4892; x_wconf 90' lang='lat' dir='ltr'>quorum</span> <span class='ocrx_word' id='word_1_737' title='bbox 3326 4820 3641 4876; x_wconf 90' lang='lat' dir='ltr'>discrimen</span> 
     </span>
    </p>
   </div>
   <div class='ocr_carea' id='block_1_102' title="bbox 1999 4909 3645 4982">
    <p class='ocr_par' dir='ltr' id='par_1_102' title="bbox 1999 4909 3645 4982">
     <span class='ocr_line' id='line_1_102' title="bbox 1999 4909 3645 4982; baseline 0.001 -19"><span class='ocrx_word' id='word_1_738' title='bbox 1999 4914 2172 4965; x_wconf 90' lang='lat' dir='ltr'>tonus</span> <span class='ocrx_word' id='word_1_739' title='bbox 2202 4915 2307 4965; x_wconf 91' lang='lat' dir='ltr'>est.</span> <span class='ocrx_word' id='word_1_740' title='bbox 2342 4915 2527 4982; x_wconf 86' lang='lat' dir='ltr'>Super</span> <span class='ocrx_word' id='word_1_741' title='bbox 2562 4911 2801 4982; x_wconf 78' lang='lat' dir='ltr'>Lydium</span> <span class='ocrx_word' id='word_1_742' title='bbox 2848 4926 2964 4964; x_wconf 92' lang='lat' dir='ltr'>uno</span> <span class='ocrx_word' id='word_1_743' title='bbox 3014 4910 3324 4965; x_wconf 91' lang='lat' dir='ltr'>semitonio</span> <span class='ocrx_word' id='word_1_744' title='bbox 3356 4909 3529 4965; x_wconf 90' lang='lat' dir='ltr'>altior</span> <span class='ocrx_word' id='word_1_745' title='bbox 3554 4913 3645 4965; x_wconf 88' lang='lat' dir='ltr'>est</span> 
     </span>
    </p>
   </div>
   <div class='ocr_carea' id='block_1_103' title="bbox 2001 4997 3640 5071">
    <p class='ocr_par' dir='ltr' id='par_1_103' title="bbox 2001 4997 3640 5071">
     <span class='ocr_line' id='line_1_103' title="bbox 2001 4997 3640 5071; baseline -0.001 -17"><span class='ocrx_word' id='word_1_746' title='bbox 2001 5000 2372 5071; x_wconf 69' lang='lat' dir='ltr'>mixolydius,</span> <span class='ocrx_word' id='word_1_747' title='bbox 2397 5005 2453 5053; x_wconf 89' lang='lat' dir='ltr'>ct</span> <span class='ocrx_word' id='word_1_748' title='bbox 2475 5000 2582 5053; x_wconf 90' lang='lat' dir='ltr'>hoc</span> <span class='ocrx_word' id='word_1_749' title='bbox 2606 4998 2773 5053; x_wconf 86' lang='lat' dir='ltr'>altier</span> <span class='ocrx_word' id='word_1_750' title='bbox 2795 5003 3063 5054; x_wconf 89' lang='lat' dir='ltr'>unotono</span> <span class='ocrx_word' id='word_1_751' title='bbox 3081 4997 3640 5071; x_wconf 81' lang='lat' dir='ltr'>bypermixolydius.</span> 
     </span>
    </p>
   </div>
   <div class='ocr_carea' id='block_1_104' title="bbox 1998 5087 3642 5145">
    <p class='ocr_par' dir='ltr' id='par_1_104' title="bbox 1998 5087 3642 5145">
     <span class='ocr_line' id='line_1_104' title="bbox 1998 5087 3642 5145; baseline -0.002 0"><span class='ocrx_word' id='word_1_752' title='bbox 1998 5089 2218 5145; x_wconf 89' lang='lat' dir='ltr'>Deinde</span> <span class='ocrx_word' id='word_1_753' title='bbox 2239 5094 2356 5143; x_wconf 85' lang='lat' dir='ltr'>tres</span> <span class='ocrx_word' id='word_1_754' title='bbox 2388 5094 2526 5143; x_wconf 88' lang='lat' dir='ltr'>sunt</span> <span class='ocrx_word' id='word_1_755' title='bbox 2557 5087 2858 5143; x_wconf 86' lang='lat' dir='ltr'>inferiores</span> <span class='ocrx_word' id='word_1_756' title='bbox 2886 5087 3057 5143; x_wconf 90' lang='lat' dir='ltr'>Dorio</span> <span class='ocrx_word' id='word_1_757' title='bbox 3083 5105 3095 5142; x_wconf 88' lang='lat'><strong>:</strong></span> <span class='ocrx_word' id='word_1_758' title='bbox 3126 5088 3370 5143; x_wconf 84' lang='lat' dir='ltr'>inferior</span> <span class='ocrx_word' id='word_1_759' title='bbox 3401 5103 3515 5143; x_wconf 94' lang='lat' dir='ltr'>uno</span> <span class='ocrx_word' id='word_1_760' title='bbox 3548 5101 3642 5143; x_wconf 84' lang='lat' dir='ltr'>se-</span> 
     </span>
    </p>
   </div>
   <div class='ocr_carea' id='block_1_105' title="bbox 2000 5175 3645 5249">
    <p class='ocr_par' dir='ltr' id='par_1_105' title="bbox 2000 5175 3645 5249">
     <span class='ocr_line' id='line_1_105' title="bbox 2000 5175 3645 5249; baseline 0 -17"><span class='ocrx_word' id='word_1_761' title='bbox 2000 5178 2241 5233; x_wconf 89' lang='lat' dir='ltr'>mitonio</span> <span class='ocrx_word' id='word_1_762' title='bbox 2265 5176 2613 5249; x_wconf 89' lang='lat' dir='ltr'>hypolydius</span> <span class='ocrx_word' id='word_1_763' title='bbox 2637 5180 2725 5231; x_wconf 89' lang='lat' dir='ltr'>est</span> <span class='ocrx_word' id='word_1_764' title='bbox 2746 5194 2757 5231; x_wconf 91' lang='lat'><strong>:</strong></span> <span class='ocrx_word' id='word_1_765' title='bbox 2779 5176 2886 5231; x_wconf 90' lang='lat' dir='ltr'>hoc</span> <span class='ocrx_word' id='word_1_766' title='bbox 2906 5175 3144 5232; x_wconf 83' lang='lat' dir='ltr'>inferior</span> <span class='ocrx_word' id='word_1_767' title='bbox 3164 5193 3277 5233; x_wconf 90' lang='lat' dir='ltr'>uno</span> <span class='ocrx_word' id='word_1_768' title='bbox 3312 5181 3451 5232; x_wconf 85' lang='lat' dir='ltr'>tono</span> <span class='ocrx_word' id='word_1_769' title='bbox 3468 5176 3645 5248; x_wconf 90' lang='lat' dir='ltr'>hypo-</span> 
     </span>
    </p>
   </div>
   <div class='ocr_carea' id='block_1_106' title="bbox 1998 5264 3645 5339">
    <p class='ocr_par' dir='ltr' id='par_1_106' title="bbox 1998 5264 3645 5339">
     <span class='ocr_line' id='line_1_106' title="bbox 1998 5264 3645 5339; baseline -0.002 -17"><span class='ocrx_word' id='word_1_770' title='bbox 1998 5267 2279 5339; x_wconf 82' lang='lat' dir='ltr'>pbrygius</span> <span class='ocrx_word' id='word_1_771' title='bbox 2302 5284 2322 5328; x_wconf 89' lang='grc'><em>;</em></span> <span class='ocrx_word' id='word_1_772' title='bbox 2344 5271 2401 5321; x_wconf 89' lang='lat' dir='ltr'>et</span> <span class='ocrx_word' id='word_1_773' title='bbox 2431 5265 2623 5334; x_wconf 79' lang='lat' dir='ltr'>adhuc</span> <span class='ocrx_word' id='word_1_774' title='bbox 2669 5282 2783 5319; x_wconf 91' lang='lat' dir='ltr'>uno</span> <span class='ocrx_word' id='word_1_775' title='bbox 2824 5270 2960 5320; x_wconf 90' lang='lat' dir='ltr'>tono</span> <span class='ocrx_word' id='word_1_776' title='bbox 3010 5264 3389 5337; x_wconf 88' lang='lat' dir='ltr'>hypodorius.</span> <span class='ocrx_word' id='word_1_777' title='bbox 3421 5264 3526 5320; x_wconf 84' lang='lat' dir='ltr'>Hic</span> <span class='ocrx_word' id='word_1_778' title='bbox 3556 5267 3645 5321; x_wconf 84' lang='lat' dir='ltr'>est</span> 
     </span>
    </p>
   </div>
   <div class='ocr_carea' id='block_1_107' title="bbox 1998 5353 3645 5427">
    <p class='ocr_par' dir='ltr' id='par_1_107' title="bbox 1998 5353 3645 5427">
     <span class='ocr_line' id='line_1_107' title="bbox 1998 5353 3645 5427; baseline 0 -19"><span class='ocrx_word' id='word_1_779' title='bbox 1998 5356 2302 5423; x_wconf 85' lang='lat' dir='ltr'>inﬁmus,a</span> <span class='ocrx_word' id='word_1_780' title='bbox 2333 5372 2447 5427; x_wconf 92' lang='lat' dir='ltr'>quo</span> <span class='ocrx_word' id='word_1_781' title='bbox 2479 5353 3109 5426; x_wconf 60' lang='lat' dir='ltr'>ascendendozoctavus</span> <span class='ocrx_word' id='word_1_782' title='bbox 3135 5358 3191 5410; x_wconf 87' lang='lat' dir='ltr'>et</span> <span class='ocrx_word' id='word_1_783' title='bbox 3222 5370 3536 5427; x_wconf 89' lang='lat' dir='ltr'>supremus</span> <span class='ocrx_word' id='word_1_784' title='bbox 3556 5357 3645 5410; x_wconf 88' lang='lat' dir='ltr'>est</span> 
     </span>
    </p>
   </div>
   <div class='ocr_carea' id='block_1_108' title="bbox 1998 5442 3643 5516">
    <p class='ocr_par' dir='ltr' id='par_1_108' title="bbox 1998 5442 3643 5516">
     <span class='ocr_line' id='line_1_108' title="bbox 1998 5442 3643 5516; baseline 0.001 -19"><span class='ocrx_word' id='word_1_785' title='bbox 1998 5444 2553 5516; x_wconf 83' lang='lat' dir='ltr'>hypermixolydius.</span> <span class='ocrx_word' id='word_1_786' title='bbox 2581 5445 2660 5498; x_wconf 84' lang='lat' dir='ltr'><strong>Ex</strong></span> <span class='ocrx_word' id='word_1_787' title='bbox 2682 5443 2774 5497; x_wconf 89' lang='lat' dir='ltr'>his</span> <span class='ocrx_word' id='word_1_788' title='bbox 2798 5448 2925 5498; x_wconf 88' lang='lat' dir='ltr'>octo</span> <span class='ocrx_word' id='word_1_789' title='bbox 2967 5444 3181 5515; x_wconf 91' lang='lat' dir='ltr'>modis,</span> <span class='ocrx_word' id='word_1_790' title='bbox 3222 5447 3364 5515; x_wconf 87' lang='lat' dir='ltr'>puta</span> <span class='ocrx_word' id='word_1_791' title='bbox 3384 5442 3643 5515; x_wconf 88' lang='lat' dir='ltr'>hypodo-</span> 
     </span>
    </p>
   </div>
   <div class='ocr_carea' id='block_1_109' title="bbox 1998 5531 3639 5605">
    <p class='ocr_par' dir='ltr' id='par_1_109' title="bbox 1998 5531 3639 5605">
     <span class='ocr_line' id='line_1_109' title="bbox 1998 5531 3639 5605; baseline 0.001 -19"><span class='ocrx_word' id='word_1_792' title='bbox 1998 5533 2103 5591; x_wconf 88' lang='lat' dir='ltr'>rio.</span> <span class='ocrx_word' id='word_1_793' title='bbox 2131 5533 2547 5605; x_wconf 81' lang='lat' dir='ltr'>hypophrygio,</span> <span class='ocrx_word' id='word_1_794' title='bbox 2572 5532 2903 5604; x_wconf 82' lang='lat' dir='ltr'>bypolydio,</span> <span class='ocrx_word' id='word_1_795' title='bbox 2924 5532 3117 5598; x_wconf 91' lang='lat' dir='ltr'>Dorio,</span> <span class='ocrx_word' id='word_1_796' title='bbox 3144 5532 3419 5605; x_wconf 89' lang='lat' dir='ltr'>Phrybio,</span> <span class='ocrx_word' id='word_1_797' title='bbox 3440 5531 3639 5605; x_wconf 87' lang='lat' dir='ltr'>Lydio,</span> 
     </span>
    </p>
   </div>
   <div class='ocr_carea' id='block_1_110' title="bbox 2000 5621 3644 5693">
    <p class='ocr_par' dir='ltr' id='par_1_110' title="bbox 2000 5621 3644 5693">
     <span class='ocr_line' id='line_1_110' title="bbox 2000 5621 3644 5693; baseline -0.001 -16"><span class='ocrx_word' id='word_1_798' title='bbox 2000 5621 2312 5693; x_wconf 73' lang='lat' dir='ltr'>mixolydio</span> <span class='ocrx_word' id='word_1_799' title='bbox 2334 5621 2823 5693; x_wconf 77' lang='lat' dir='ltr'>hypermixolidio</span> <span class='ocrx_word' id='word_1_800' title='bbox 2846 5623 3259 5677; x_wconf 63' lang='lat' dir='ltr'>demonstrata;</span> <span class='ocrx_word' id='word_1_801' title='bbox 3306 5622 3475 5677; x_wconf 91' lang='lat' dir='ltr'>nobis</span> <span class='ocrx_word' id='word_1_802' title='bbox 3504 5624 3644 5677; x_wconf 89' lang='lat' dir='ltr'>sunt</span> 
     </span>
    </p>
   </div>
   <div class='ocr_carea' id='block_1_111' title="bbox 1996 5709 3645 5785">
    <p class='ocr_par' dir='ltr' id='par_1_111' title="bbox 1996 5709 3645 5785">
     <span class='ocr_line' id='line_1_111' title="bbox 1996 5709 3645 5785; baseline -0.001 -17"><span class='ocrx_word' id='word_1_803' title='bbox 1996 5716 2123 5768; x_wconf 91' lang='lat' dir='ltr'>octo</span> <span class='ocrx_word' id='word_1_804' title='bbox 2150 5710 2372 5781; x_wconf 88' lang='lat' dir='ltr'>species</span> <span class='ocrx_word' id='word_1_805' title='bbox 2394 5711 2678 5782; x_wconf 87' lang='lat' dir='ltr'>diapason</span> <span class='ocrx_word' id='word_1_806' title='bbox 2700 5709 3082 5783; x_wconf 69' lang='lat' dir='ltr'>symphoniae.</span> <span class='ocrx_word' id='word_1_807' title='bbox 3105 5712 3170 5767; x_wconf 91' lang='lat' dir='ltr'>In</span> <span class='ocrx_word' id='word_1_808' title='bbox 3195 5712 3413 5783; x_wconf 86' lang='lat' dir='ltr'>quibus</span> <span class='ocrx_word' id='word_1_809' title='bbox 3433 5710 3645 5785; x_wconf 83' lang='lat' dir='ltr'>reperi-</span> 
     </span>
    </p>
   </div>
  </div>
