4012 6198
321 398 479 464 H75

1209 398 1284 462 B.
1328 396 1673 461 NOTKERI
1717 389 2053 458 BALBULI
2097 391 2160 454 8.
2208 391 2437 455 GALLI
2479 388 2833 458 MONACHI

3572 378 3742 444 H73

324 536 494 593 demo
526 533 856 593 niderosten
888 552 949 590 ze
978 534 1147 589 demo
1175 533 1479 591 oberosten
1506 531 1629 586 disc
1653 532 1816 585 siben
1854 547 1961 583 un-
1996 531 2045 594 Λ
2083 544 2213 580 mus
2246 527 2606 583 ascendendo
2640 528 2710 582 ab
2739 526 2920 582 inlino
2953 525 3025 580 ad
3059 535 3404 596 supremum
3436 517 3571 574 haec
3596 534 3736 590 sep-

326 625 636 682 derskeita.
670 630 898 680 tonum.
929 628 1156 679 tonum.
1193 621 1591 677 semitonium.
1627 625 1851 675 tonum.
1885 623 1967 673 to—

2075 620 2190 672 tem
2208 616 2549 672 discrimina
2567 635 2579 671 :
2596 618 3062 680 tonum.tonum,
3080 610 3734 673 semitonium,tonum,

326 732 489 769 num.
515 714 914 770 semitonium.
944 717 1169 768 tonum.
1190 712 1364 766 Pediu
1390 711 1560 765 liutet
1579 709 1675 764 diu
1699 710 1968 764 oberosta
2074 710 2299 771 tonum,
2325 705 2966 773 semitonium,tonum.
2989 703 3071 757 Ad
3092 702 3211 756 hazc
3225 704 3735 769 sonatsupremus

325 804 549 859 uuarba
593 802 836 875 duplum
858 820 1042 876 gagen
1059 806 1195 859 dero
1209 802 1571 857 niderostun.
1590 799 1752 854 Unde
1772 797 1967 851 bcdiu-

318 893 530 948 ternin.
563 893 675 947 ube
706 893 810 946 daz
855 893 1171 965 ypodorius
1230 891 1439 946 modus
1496 890 1592 943 ist.
1626 894 1802 942 tanne
1830 886 1965 940 uuir

327 981 517 1037 stillos
548 980 854 1037 anauahen
886 981 1254 1053 zesingenne.
1289 980 1443 1034 unde
1474 979 1586 1032 ube
1641 974 1968 1047 ypofrigius

323 1069 418 1125 ist.
453 1074 629 1125 tanne
658 1070 792 1124 uuir
836 1070 995 1125 eines
1053 1069 1170 1125 toni
1234 1069 1420 1123 hohor
1474 1065 1778 1121 anal‘ahen.
1816 1064 1969 1118 unde

323 1158 620 1231 ypolidius
641 1163 819 1214 tanne
839 1159 1023 1215 zueio.
1051 1159 1204 1214 unde
1230 1158 1431 1212 durius
1453 1160 1629 1210 tanne
1657 1153 1814 1208 eines
1845 1153 1965 1207 dia-

325 1252 611 1303 tasseron.
646 1249 800 1303 unde
831 1247 1039 1319 frigius
1068 1252 1246 1302 tanne
1270 1246 1429 1300 einss
1469 1244 1739 1315 diapente
1760 1241 1967 1296 bohor.

326 1337 481 1393 unde
504 1336 985 1409 ypermixolidius
1007 1337 1199 1390 danne
1220 1334 1352 1389 uuir
1374 1332 1535 1389 tolles
1574 1332 1875 1402 diapason.
1908 1329 1968 1384 ih

327 1425 522 1481 menio
555 1426 791 1481 zuiuaat
820 1425 1025 1479 hohor.
1061 1425 1166 1478 daz
1198 1422 1332 1477 uuir
1362 1423 1554 1476 danne
1610 1420 1796 1475 hohor
1833 1436 1969 1473 ana-

326 1514 497 1570 faben
522 1530 593 1570 ne
615 1530 849 1586 mugen.
875 1513 1112 1567 uuanda
1140 1512 1255 1567 ouh
1298 1511 1487 1567 selbez
1526 1515 1617 1563 taz
1640 1526 1805 1579 sang.
1841 1511 1972 1562 note

327 1603 517 1675 stigen
536 1601 622 1658 sol
647 1604 777 1656 fone
796 1602 934 1655 dero
957 1606 1103 1655 stete
1122 1601 1227 1655 dar
1276 1600 1327 1654 iz
1373 1600 1765 1671 anagel‘angen
1791 1596 1968 1651 uuirt.

327 1707 440 1744 unz
459 1695 587 1744 tara
610 1689 700 1745 sin
726 1688 862 1744 hobi
880 1694 996 1760 gat.
1023 1688 1082 1743 ih
1131 1687 1324 1743 meino
1368 1687 1569 1741 uuilon
1602 1685 1694 1739 iob
1720 1702 1782 1739 ze
1803 1684 1972 1739 demo

328 1777 578 1832 ahtoden
609 1776 948 1834 buehstabe.
987 1777 1090 1832 der
1142 1775 1363 1831 zuiualt
1418 1775 1605 1830 liutct.
1664 1780 1841 1829 tanue
1871 1773 1975 1827 der

325 1864 638 1921 buohstab.
671 1882 733 1921 ze
763 1865 931 1921 demo
962 1865 1013 1920 iz
1043 1867 1333 1937 anafieng.
1366 1864 1705 1918 Mennisken
1735 1862 1975 1918 stimma
2002 1898 2051 1964 Β

325 1969 540 2026 nemag
569 1954 694 2010 fure
728 1953 956 2009 ﬁcrualt
985 1954 1150 2009 nicht
1204 1952 1497 2008 kereichct
1554 1952 1834 2007 uuerden.
1865 1950 1969 2006 Tiu

326 2041 576 2098 ﬁerualti
609 2042 687 2098 ist
715 2059 780 2097 so
810 2059 873 2097 2e
904 2043 1219 2098 fermenne.
1253 2041 1376 2095 also
1427 2040 1487 2095 ih
1542 2057 1618 2095 nu
1680 2039 1847 2095 chad.
1880 2043 1973 2115 taz

327 2130 461 2185 fone
493 2130 662 2185 demo
690 2129 905 2185 eristen
935 2130 1222 2202 anat‘ange
1252 2130 1309 2182 in
1355 2127 1651 2201 ypodorio.
1688 2144 1750 2182 so
1781 2128 1842 2182 B.
1876 2127 1970 2181 ist.

329 2218 476 2274 alde.
496 2222 554 2273 C.
573 2217 797 2274 zuiualt
814 2218 873 2272 in
894 2216 1357 2290 ypermixolidio.
1380 2217 1535 2271 unde
1559 2216 1697 2271 aber
1719 2216 1977 2270 dannam

328 2323 392 2362 ze
423 2307 593 2362 demo
625 2306 686 2362 C.
720 2306 778 2360 in
826 2305 1286 2379 ypermixolidio.
1322 2305 1495 2359 “unde
1553 2306 1692 2359 aber
1723 2304 1978 2359 dannam

331 2395 550 2451 zuiualt
582 2395 723 2450 bina
754 2395 823 2449 ut
845 2411 909 2449 ze
940 2393 1066 2449 sine
1099 2394 1351 2449 ahtoden
1386 2392 1712 2448 buohstabe
1733 2393 1837 2447 der
1862 2392 1979 2450 imo

328 2483 570 2540 zuiualt.
606 2484 761 2538 unde
790 2499 997 2538 enemo
1049 2482 1279 2539 ﬁerualt
1333 2482 1519 2538 liutet.
1580 2482 1693 2537 Tar
1724 2480 1889 2536 maht
1916 2484 1980 2535 tu

329 2572 554 2629 chisen.
581 2572 692 2628 ube
713 2572 818 2627 daz
839 2588 987 2644 sang
1010 2573 1192 2628 terror
1211 2571 1386 2645 stiget
1422 2573 1552 2626 t'one
1595 2571 1819 2626 sinemo
1841 2586 1981 2624 ana-

333 2660 521 2733 fange.
555 2662 745 2716 danne
772 2676 836 2716 ze
868 2661 1038 2716 demo
1092 2661 1348 2717 ahtoden
1407 2659 1752 2716 buohstabe.
1785 2675 1849 2713 so
1882 2658 1982 2713 diu

332 2750 451 2807 fore
473 2749 762 2823 genamda
781 2749 1102 2822 antiphona
1128 2750 1269 2805 tuoi.
1295 2750 1401 2804 daz
1422 2749 1473 2803 iz
1521 2748 1713 2803 danne
1760 2747 1818 2802 in
1851 2763 1980 2818 per-

330 2839 651 2895 mixolidio.
687 2856 801 2894 una
828 2838 1146 2895 zel'ahenne
1177 2855 1247 2894 ne
1289 2839 1384 2894 ist.
1433 2840 1671 2894 uuanda
1700 2854 1772 2892 an
1804 2837 1975 2892 demo

330 2928 505 2983 modo
528 2927 765 2982 nioman
781 2928 925 2982 uber
937 2927 1042 2981 drn
1059 2928 1313 2982 ahtoden
1335 2927 1623 2981 huobstab
1639 2926 1983 2997 kestigenne

331 3031 486 3086 mag.
533 3015 680 3069 Aber
710 3031 782 3068 an
816 3031 880 3069 so
922 3013 1293 3068 uuelichemo
1323 3012 1650 3067 buohstabe
1681 3013 1798 3067 imo
1829 3011 1982 3067 hoho

330 3101 798 3158 anauahentomo
830 3101 1133 3173 gebristet.
1168 3101 1279 3157 aba
1309 3101 1478 3157 demo
1510 3105 1793 3157 sturzeter
1823 3105 1978 3156 note.

332 3208 406 3247 an
422 3191 528 3246 daz
542 3190 744 3246 nidera
757 3189 1226 3263 alphabetum.zc
1238 3191 1407 3267 demo
1422 3190 1618 3246 selben
1634 3189 1977 3246 buobstahe.

2078 796 2287 850 modus
2309 791 3074 866 duplumrrespectuinﬁmi.
3119 791 3296 845 Porro
3340 788 3445 844 ubi
3469 788 3730 860 hypodoo

2078 885 2198 939 rius
2230 885 2441 938 modus
2470 888 2577 949 est,
2614 888 2752 937 tunc
2778 880 3233 954 proluudisaime
3254 883 3507 933 cantare
3533 877 3732 948 incipi-

2078 990 2246 1040 mus;
2277 977 2333 1026 et
2356 973 2452 1027 ubi
2476 970 2940 1043 hypopbrygius,
2965 979 3027 1025 tu
3043 986 3115 1024 nc
3138 986 3253 1023 uno
3274 973 3415 1023 tono
3441 965 3630 1021 altius
3651 966 3727 1019 in-

2078 1062 2329 1133 cipimus
2356 1079 2369 1129 ;
2404 1065 2458 1115 et
2480 1061 2578 1115 ubi
2604 1060 2963 1132 hypolidius,
2992 1059 3223 1113 duobus
3249 1075 3263 1123 ;
3287 1063 3341 1111 et
3369 1056 3473 1110 ubi
3500 1056 3727 1116 Dorius,

2077 1154 2217 1205 tunc
2241 1166 2356 1205 uno
2370 1149 2730 1204 diatessaron
2750 1166 2763 1216 ;
2780 1153 2838 1203 et
2854 1148 2949 1202 ubi
2973 1146 3280 1218 Phrygius,
3308 1149 3460 1199 tunc
3484 1160 3608 1198 uno
3622 1144 3725 1197 dia-

2080 1243 2249 1310 pente
2281 1238 2497 1302 altius;
2524 1242 2580 1292 et
2611 1236 2708 1291 ubi
2744 1234 3296 1308 hypermixolydius,
3323 1239 3471 1288 tunc
3495 1232 3720 1304 plenum

2080 1331 2390 1381 cantamus
2421 1326 2725 1393 diapason,
2761 1341 2970 1395 nempe
3001 1323 3178 1395 duplo
3222 1322 3421 1389 altius,
3458 1328 3530 1376 ut
3560 1321 3723 1375 altius

2081 1415 2357 1486 deinceps
2377 1414 2632 1486 incipere
2656 1432 2767 1469 non
2794 1413 3110 1485 possimus.
3135 1412 3293 1476 Quod
3320 1411 3373 1466 si
3392 1411 3575 1465 etiam
3599 1427 3724 1465 can-

2080 1509 2178 1559 tus
2210 1504 2335 1576 ipse
2365 1504 2674 1559 ascendere
2704 1503 2938 1559 deberet
2989 1520 3023 1556 a
3081 1501 3225 1569 loco,
3287 1500 3387 1554 ubi
3420 1500 3724 1553 inchoatur

2082 1609 2260 1664 quam
2292 1592 2576 1648 altissime
2608 1596 2821 1664 potest,
2855 1592 2995 1663 quia
3023 1607 3234 1662 nempe
3259 1589 3333 1645 ad
3358 1594 3619 1643 octavam
3643 1588 3725 1641 lit-

2087 1688 2291 1746 teram,
2326 1699 2452 1753 quaa
2483 1681 2730 1753 duplum
2763 1685 2936 1736 sonat
2965 1682 3093 1751 ejus
3121 1665 3351 1743 litterae,
3386 1695 3420 1732 a
3443 1694 3557 1748 qua
3581 1677 3721 1731 ince-

2085 1776 2267 1843 perat,
2300 1770 2607 1825 hominum
2637 1787 2747 1824 vox
2771 1786 2874 1840 per
2905 1765 3303 1840 quadruplum
3350 1767 3573 1838 passim
3600 1782 3721 1837 per-

2086 1859 2308 1931 tingere
2339 1876 2451 1914 non
2485 1863 2712 1930 potest:
2746 1858 2876 1914 ideo
2904 1856 3303 1930 quadruplum
3335 1856 3418 1910 ita
3448 1854 3727 1926 accipien-

2086 1949 2228 2003 dum
2260 1952 2367 2018 est,
2423 1949 2576 2003 sicut
2631 1964 2788 2002 nunc
2846 1946 2988 2016 dixi,
3046 1950 3111 2000 ut
3162 1962 3197 2000 a
3255 1945 3446 2016 primo
3477 1942 3642 1998 initio
3668 1943 3721 1997 in

2084 2036 2424 2109 hypodorio,
2475 2036 2629 2107 quod
2677 2035 2738 2090 B.
2781 2038 2895 2103 est‘
2915 2034 3001 2090 vel
3027 2033 3357 2105 C.duplum
3382 2034 3459 2089 sit
3497 2048 3723 2088 sursum

2088 2142 2277 2197 usque
2303 2126 2373 2179 ad
2401 2127 2462 2180 B.
2484 2125 2571 2179 vel
2598 2125 2657 2179 C.
2682 2124 2741 2178 in
2764 2122 3284 2196 hypermixolydio,
3306 2122 3445 2177 hinc
3465 2137 3594 2176 vero
3622 2121 3725 2175 du-

2090 2215 2254 2286 plum
2287 2230 2525 2269 sursum
2559 2215 2628 2268 ad
2662 2218 2923 2268 octavam
2956 2210 3421 2275 suamlitteram,
3450 2227 3573 2281 qua
3595 2208 3727 2263 huic

2089 2302 2359 2375 duplum,
2388 2307 2446 2357 et
2475 2302 2557 2357 illi
2592 2301 2979 2372 quadruplum
3010 2304 3216 2355 sonat:
3245 2304 3388 2354 tunc
3410 2298 3617 2370 eligere
3639 2315 3731 2370 po-

2091 2396 2199 2457 tes,
2232 2409 2303 2447 an
2337 2396 2544 2446 cantus
2603 2391 2782 2446 altius
2839 2391 3048 2445 debeat
3105 2389 3421 2444 ascendere
3467 2388 3538 2442 ab
3568 2386 3731 2442 initio

2090 2496 2269 2551 quam
2321 2480 2394 2535 ad
2442 2485 2702 2535 octavam
2744 2479 3023 2545 litteram,
3054 2477 3551 2549 quemadmodum
3584 2476 3648 2530 ﬁt
3673 2477 3732 2530 in

2091 2569 2365 2641 praedicta
2386 2568 2723 2639 antiphona.
2745 2567 2820 2623 Ut
2837 2568 2978 2623 adeo
3002 2566 3057 2621 in
3082 2565 3576 2639 hypermixolydio
3595 2564 3735 2619 inci-

2090 2656 2371 2729 piendum
2436 2672 2548 2713 non
2601 2658 2696 2723 sit,
2759 2673 2893 2711 cum
2953 2654 3012 2710 in
3044 2672 3110 2711 eo
3153 2655 3322 2709 modo
3369 2671 3538 2709 nemo
3558 2671 3737 2726 supra

2091 2751 2354 2802 octavam
2380 2745 2635 2802 litteram
2662 2746 2976 2802 ascendere
2999 2744 3187 2817 possit
3208 2760 3221 2800 :
3244 2745 3343 2799 sed
3366 2744 3423 2798 in
3470 2760 3734 2815 quacun-

2091 2852 2204 2907 que
2224 2835 2419 2890 littera
2440 2834 2617 2890 altius
2642 2835 2877 2890 ascendi
2903 2850 3018 2888 non
3042 2837 3247 2905 potest,
3297 2833 3368 2887 ab
3410 2831 3507 2886 illa
3533 2831 3733 2886 littera

2091 2924 2420 2979 necessario
2445 2925 2511 2978 ad
2534 2923 2798 2979 eamdem
2824 2922 3083 2977 litteram
3119 2921 3387 2993 alphabeti
3426 2918 3737 2974 inferioris

2093 3013 2565 3067 descendendum
2590 3018 2697 3067 est.
2722 3012 2815 3068 Sic
2839 3027 3076 3083 quoque
3107 3027 3233 3065 mox
3250 3009 3405 3077 inde,
3426 3008 3531 3062 ubi
3553 3008 3741 3064 nimis

2091 3100 2408 3168 descendit,
2435 3101 2649 3157 iterum
2663 3101 2732 3154 ad
2751 3117 2817 3154 su
2830 3100 3024 3171 perius
3039 3098 3412 3170 alphabetum
3427 3097 3738 3152 ascendere

2091 3195 2301 3261 potest.
2333 3191 2393 3244 in
2426 3190 2761 3261 incipiendo
2812 3191 3159 3261 potestatem
3217 3186 3391 3242 habet
3435 3185 3737 3241 intonandi

333 3279 457 3336 also
478 3279 666 3335 erouh
683 3280 1179 3336 sardannan.ube
1200 3262 1376 3335 izimo
1408 3280 1722 3349 penideret.
1744 3279 1986 3335 uuidere
2017 3262 2058 3328 C
2097 3282 2218 3335 tam
2252 3278 2538 3350 profunde
2571 3278 2657 3334 vel
2690 3280 2805 3333 alte
2838 3294 3014 3350 quam
3060 3276 3237 3332 velit:
3296 3275 3397 3330 ubi
3428 3292 3569 3330 vero
3602 3276 3736 3330 ince-

334 3368 406 3424 ut'
427 3368 725 3438 kestepl‘en
758 3384 895 3440 mag
924 3385 997 3423 an
1027 3368 1133 3423 daz
1163 3369 1356 3423 obera.
1400 3368 1776 3424 Anatahendo
1808 3368 1983 3423 habet

336 3473 401 3513 er
426 3456 667 3529 geuualt
713 3457 1042 3511 erbeuenne
1092 3474 1156 3512 so
1177 3457 1396 3512 uidero.
1447 3455 1576 3511 alde
1625 3473 1690 3512 so
1739 3457 1891 3512 hoho
1922 3440 1985 3512 er

344 3544 521 3600 uuile.
559 3546 698 3599 aber
728 3561 792 3600 s0
824 3562 887 3601 er
914 3545 1153 3600 erbeuet
1196 3546 1352 3599 unde
1412 3546 1609 3600 furder
1639 3546 1973 3617 gerucchet.

342 3649 483 3689 sone
513 3632 688 3688 habet
718 3634 1078 3706 singendone
1111 3633 1247 3688 hein
1303 3633 1560 3705 geuualt.
1593 3634 1826 3688 nideror
1854 3634 1985 3689 aide

338 3721 528 3778 hohor
546 3722 881 3777 zefahenne.
910 3739 1020 3777 ana
1043 3722 1153 3777 aba
1194 3720 1370 3793 duplo
1415 3723 1473 3777 in
1523 3722 1825 3793 simplum.
1855 3723 1984 3778 alde

339 3812 413 3867 ab
430 3827 461 3865 e
502 3811 712 3883 simplo
729 3811 786 3865 in
802 3809 1071 3883 duplum.
1091 3810 1214 3867 also
1227 3810 1561 3866 erchunnen
1580 3827 1797 3883 magan
1816 3800 1986 3867 demo

338 3899 756 3955 monochordo.
782 3898 914 3954 alde
939 3917 1013 3954 an
1035 3900 1173 3954 dero
1191 3916 1497 3971 organum.
1517 3904 1625 3955 Ter
1641 3899 1732 3954 die
1750 3899 1986 3972 suegela

338 4002 499 4044 mese
556 3989 659 4044 der
687 3989 898 4061 borgee
944 3988 1273 4044 desselben.
1332 3990 1435 4044 des
1492 3989 1706 4044 andero
1739 3988 1891 4043 lirun
1923 4006 1985 4045 ze

338 4076 634 4147 borgenne
663 4081 760 4130 Ist.
796 4078 1034 4132 uuanda
1066 4078 1177 4132 ube
1198 4077 1291 4132 die
1316 4077 1560 4132 eristum
1583 4078 1786 4150 zelang
1811 4095 1980 4133 uuer-

339 4165 499 4221 dent.
533 4181 597 4219 so
629 4165 748 4219 sint
777 4165 862 4220 sie
891 4165 1089 4220 selben
1122 4165 1376 4221 unhelle.
1403 4166 1559 4221 unde
1582 4166 1801 4221 habent
1822 4166 1985 4223 heisa

339 4258 509 4309 utun.
538 4254 653 4309 doh
683 4254 793 4309 sub
826 4255 904 4309 tie
933 4255 1171 4309 andere.
1229 4254 1320 4309 sin
1374 4253 1655 4310 lutreiste.
1689 4255 1986 4311 Uuerdent

286 4376 297 4381 κ
338 4342 423 4397 sie
448 4342 586 4399 aber
605 4359 669 4398 ze
690 4343 890 4398 ehurz.
912 4347 1126 4397 tannen
1150 4343 1269 4397 sint
1295 4343 1387 4397 die
1418 4343 1729 4398 afterosten
1770 4343 1983 4400 zecblei

339 4431 597 4487 stimme.
631 4432 744 4487 dph
775 4431 853 4487 tie
883 4432 1098 4487 eristen
1129 4414 1322 4504 gnuoz
1379 4431 1641 4487 lutreiste
1699 4433 1810 4488 sin.
1844 4450 1985 4490 sone

339 4520 441 4575 diu
469 4520 689 4576 cheden
720 4521 827 4576 daz
858 4521 1054 4577 einero
1102 4522 1234 4576 elno
1296 4520 1507 4592 langue
1561 4521 1817 4592 suegela.
1851 4522 1982 4577 fone

2092 3368 2242 3440 perit
2263 3372 2319 3422 et
2340 3368 2677 3439 perrexerit,
2700 3372 2947 3422 cantans
2976 3366 3131 3422 haud
3180 3364 3441 3436 amplius
3464 3365 3589 3420 sive
3614 3380 3734 3437 pro—

2093 3456 2339 3511 fundius
2361 3456 2480 3512 sive
2508 3455 2683 3511 altius
2705 3455 2973 3526 progredi
2998 3460 3211 3525 potest,
3236 3469 3419 3524 quam
3441 3452 3735 3525 aduploin

2095 3545 2397 3616 simplum,
2425 3544 2511 3599 vel
2556 3563 2588 3599 a
2619 3543 2830 3615 simplo
2859 3544 2914 3597 in
2945 3542 3302 3614 duplum,uti
3337 3542 3616 3613 cognosci
3645 3557 3733 3613 po-

2093 3638 2206 3689 test
2225 3633 2284 3688 in
2309 3633 2701 3689 monochordo
2719 3631 2804 3688 vel
2829 3632 2888 3686 in
2910 3648 3149 3705 organo.
3184 3630 3292 3695 Qui
3334 3630 3601 3685 ﬁstulam
3624 3647 3729 3685 me-

2096 3723 2258 3793 titur,
2287 3723 2344 3776 in
2369 3739 2435 3777 ea
2457 3722 2629 3777 evitet
2648 3722 2803 3793 quod
2854 3721 2913 3775 in
2935 3720 3058 3793 lyra
3114 3719 3425 3774 vitandum
3450 3724 3577 3775 est:
3606 3717 3727 3789 quia

2094 3812 2192 3866 ubi
2228 3811 2428 3883 primae
2461 3813 2514 3882 [f
2536 3810 2785 3881 chordis]
2818 3809 2997 3864 nimis
3028 3808 3212 3880 longae
3256 3808 3435 3873 ﬁunt,
3470 3807 3614 3862 haud
3638 3822 3718 3859 so-

2096 3917 2249 3955 norae
2283 3905 2440 3963 sunt,
2472 3905 2797 3971 tonumque
2831 3915 3073 3953 raucum
3101 3897 3386 3963 efﬁciunt,
3411 3896 3638 3952 etiamsi
3659 3892 3723 3948 al-

2091 3994 2226 4043 terae
2259 3988 2376 4042 sint
2405 4004 2628 4043 sonorae
2655 4006 2667 4042 :
2702 3988 2751 4043 si
2782 4004 2914 4042 vero
2948 3987 3197 4042 nimium
3229 3987 3436 4041 breves
3467 3987 3633 4053 fiant,
3660 3984 3733 4038 in-

2094 4079 2243 4132 timas
2276 4084 2483 4132 tonum
2517 4077 2694 4131 nimis
2724 4077 2933 4131 exilem
2968 4076 3210 4141 faciunt,
3240 4075 3349 4130 etsi
3373 4074 3579 4147 primm
3602 4072 3738 4127 satis

2094 4166 2215 4223 sint
2236 4183 2478 4223 sonora).
2506 4167 2584 4221 De
2611 4165 2701 4221 his
2724 4166 2957 4229 dicitur,
2982 4166 3135 4237 quod
3160 4162 3741 4235 listulalongitudine

2098 4256 2273 4312 unius
2295 4255 2444 4311 ulnae
2467 4272 2501 4310 a
2520 4254 2674 4309 labio
2698 4255 2825 4325 ejus
2848 4271 3084 4309 sursum
3108 4254 3167 4307 in
3206 4254 3459 4324 primam
3484 4251 3742 4305 litteram

2094 4344 2272 4400 nimis
2297 4344 2490 4400 brevis
2523 4344 2620 4405 sit.
2653 4347 2711 4397 et
2740 4344 2990 4398 duarum
3025 4342 3298 4397 ulnarum
3331 4341 3511 4395 nimis
3542 4338 3741 4411 longa,

2094 4435 2195 4489 sed
2221 4434 2372 4488 inter
2396 4432 2567 4487 binas
2594 4431 2719 4498 has,
2747 4449 2873 4503 quae
2896 4430 3261 4502 longitudine
3283 4429 3461 4484 unius
3482 4434 3541 4485 et
3561 4428 3745 4482 dimi-

2095 4524 2200 4578 diae
2225 4527 2383 4588 sunt,
2409 4538 2676 4593 congruas
2702 4520 2838 4576 sint.
2862 4520 2951 4575 Sic
2975 4520 3151 4575 habet
3183 4523 3383 4574 octava
3432 4534 3536 4590 pro
3566 4516 3746 4571 dimi-

339 4610 478 4665 dore
522 4627 758 4682 zungun
788 4611 868 4664 ut.
888 4628 962 4665 an
975 4609 1367 4666 demoeristen
1387 4609 1715 4665 buohstabe
1734 4627 1797 4666 ze
1810 4610 1986 4666 churz
2018 4625 2064 4689 D
2096 4612 2191 4666 dia
2215 4612 2498 4666 diametro
2527 4598 2703 4665 unius
2728 4611 2876 4663 ulnas
2900 4609 3245 4693 dodrantem
3269 4607 3327 4661 in
3349 4606 3749 4679 longitudine,

340 4697 410 4754 si.
446 4700 601 4754 unde
624 4699 788 4754 zucio
821 4699 1019 4771 langiu
1053 4698 1257 4772 zelang
1288 4698 1356 4754 si.
1421 4699 1575 4753 unde
1632 4699 1771 4754 aber
1800 4700 1988 4756 under
2095 4705 2151 4756 et
2180 4699 2615 4773 quintadecima
2637 4698 2950 4771 plusquam
2973 4696 3264 4764 trientem,
3288 4696 3445 4768 quod
3471 4694 3608 4750 facit
3625 4698 3751 4750 ter-

338 4786 470 4843 dien
492 4785 732 4842 zuisken
751 4802 939 4860 gagen
961 4789 1176 4843 andero
1204 4786 1440 4842 halhero
1478 4786 1676 4858 langiu
1700 4786 1984 4860 gelimﬂih

338 4876 410 4933 si.
434 4892 499 4932 so
522 4875 698 4931 habet
715 4876 799 4931 tiu
825 4875 1042 4932 ahtoda
1071 4892 1179 4932 ane
1214 4875 1350 4931 halb
1377 4877 1755 4931 dtametrum.
1789 4876 1985 4933 einero

338 4965 469 5021 elno
491 4965 841 5022 dodrantem
873 4966 933 5020 in
964 4964 1320 5039 lengi.unde
1350 4965 1451 5020 diu
1484 4965 1839 5021 ﬁnt‘tazenda
1861 4982 1985 5022 mer

337 5053 532 5110 danne
561 5054 856 5111 trientem.
918 5054 1025 5110 daz
1082 5054 1202 5110 chit
1257 5054 1369 5109 den
1424 5053 1742 5110 drittenteil
1787 5054 1983 5110 einero

336 5140 489 5199 alno.

2093 4789 2237 4845 tiam
2267 4793 2491 4860 partem
2524 4788 2701 4843 unius
2728 4786 2899 4841 ulnas.

1184 5270 1285 5329 DE
1329 5268 1707 5332 MENSURA
1750 5268 2255 5333 FISTULARUM
2303 5265 2898 5330 ORGANICARUM.

849 5392 1057 5432 TEXTUS
1094 5390 1460 5432 THEOTISCUS.

405 5462 575 5520 Sidtu
608 5480 685 5519 nu
718 5464 1050 5521 becennest.
1084 5464 1224 5520 uuio
1256 5463 1365 5520 alle
1387 5463 1480 5518 die
1501 5463 1737 5536 suegela
1758 5462 1851 5518 ein
1874 5470 1983 5520 an:

2566 5386 3008 5427 INTERPRETATIO
3049 5386 3269 5426 LATINA.

2165 5464 2479 5535 Postquam
2503 5458 2822 5533 cognovisti
2843 5459 3137 5530 quomodo
3154 5472 3357 5514 omnes
3376 5454 3591 5511 ﬁstula
3606 5455 3753 5511 invi-

335 5551 512 5607 deren
545 5551 863 5608 encheden.
897 5556 1046 5608 Sone
1074 5552 1341 5608 bedrieze
1370 5551 1472 5606 dih
1528 5551 1643 5607 ouh
1670 5551 1786 5607 'iro
1820 5568 1984 5609 maza
2092 5570 2218 5609 cem
2242 5552 2352 5608 sibi
2374 5549 2790 5622 respondeant,
2807 5549 2933 5619 jam
2975 5562 3311 5602 mensuram
3332 5560 3541 5601 earum
3564 5543 3745 5600 etiam

336 5638 476 5695 zelir
496 5655 706 5695 nenae.
734 5641 940 5696 Macha
962 5642 1056 5696 dia
1078 5643 1307 5696 eristun
1346 5657 1410 5696 so
1431 5640 1625 5712 langa.
1649 5656 1712 5696 so
1734 5641 1841 5697 dar
1860 5642 1983 5699 fore
2092 5643 2316 5699 discere
2348 5657 2420 5696 ne
2444 5636 2723 5712 graveris.
2760 5638 2867 5692 Fac
2898 5636 3150 5708 primam
3180 5640 3321 5701 tam,
3353 5633 3626 5706 longam,
3654 5633 3741 5688 uti

336 5732 577 5799 gesaget
596 5728 692 5784 ist.
717 5729 830 5785 ube
851 5730 930 5785 du
952 5729 1190 5787 uullest.
1216 5730 1371 5786 unde
1409 5745 1474 5783 eo
1503 5728 1667 5785 uuita
1714 5730 1791 5786 du
1816 5731 1979 5787 uuel-
2090 5736 2223 5789 ante
2246 5731 2470 5787 dictum
2493 5732 2604 5797 est,
2623 5742 2801 5798 quam
2821 5724 2982 5796 velis,
3002 5731 3243 5797 tamque
3258 5722 3542 5796 amplam,
3560 5736 3741 5794 quam
