4012 6198
296 371 460 436 11³7⁸7

1766 362 1869 425 DE
1912 359 2203 425 MUSICA
2218 405 2231 421 .

3545 357 3701 423 “78

296 506 441 562 Iest.
497 508 619 562 tero
649 502 797 562 uuiti
824 505 989 562 sulen
1022 504 1105 561 sie
1134 502 1242 559 alie
1273 502 1384 557 sin.
1421 501 1579 558 Unde
1613 498 1806 553 miztia
1838 513 1937 550 an-

2063 500 2625 573 plaeueritzejusdem
2659 496 3065 573 amplitudinis
3086 512 3287 553 omnes
3322 512 3449 552 esse
3488 497 3703 552 debent

295 595 486 650 derun
512 596 565 650 bi
602 597 736 650 dero
767 597 1009 650 eristum
1042 594 1153 648 fus.
1190 593 1279 647 sih
1311 610 1373 646 ze
1404 590 1544 646 erist
1574 590 1712 644 uuio
1747 588 1874 642 uuit
1896 586 1943 641 si

294 684 370 738 si.
408 685 508 738 diu
542 685 690 739 uuiti
720 685 905 738 heizet
935 683 1469 737 diametrum.’l‘ara
1494 679 1607 733 nab
1637 680 1692 731 la
1711 696 1782 732 an
1806 677 1943 731 dero

295 773 547 827 eristum
581 773 861 845 suegelun
890 772 1063 842 lengi.
1101 772 1219 825 fore
1251 772 1360 824 den
1388 770 1638 826 ahtoden
1681 768 1775 821 teil
1809 768 1946 821 dero

296 862 474 915 uuiti.
510 864 661 917 unde
692 862 823 915 teile
856 862 942 916 sia
972 862 1203 915 dannan
1232 860 1394 915 nider
1428 878 1540 913 unz
1570 876 1633 913 ze
1664 858 1949 911 derozun-

293 966 422 1021 gun
451 951 545 1005 diu
568 950 856 1021 plectrum
882 951 1085 1005 heizet.
1105 950 1161 1003 in
1189 950 1328 1002 niun
1358 948 1453 1003 teil
1479 949 1621 1003 eben
1651 946 1945 1000 micheliu.

293 1044 445 1093 Dero
480 1040 620 1093 niun
657 1039 809 1093 teilo.
843 1039 939 1110 gib
963 1040 1096 1092 alito
1128 1039 1223 1093 teil
1258 1040 1393 1092 dero
1418 1038 1701 1091 anderun.
1736 1042 1824 1090 taz
1876 1036 1951 1089 ist

292 1127 386 1182 iro
416 1129 591 1200 lengi.
626 1130 759 1183 fone
789 1130 924 1184 dero
956 1145 1189 1200 zuugun
1219 1128 1296 1182 ul.
1333 1127 1387 1181 la
1410 1128 1550 1181 dara
1578 1126 1689 1179 nali
1727 1128 1844 1179 fore
1876 1142 1947 1177 an

291 1218 441 1271 dero
473 1219 738 1272 anderun
774 1218 1052 1287 suegelun
1089 1217 1257 1287 longi.
1306 1233 1484 1271 zuene
1539 1214 1818 1269 ahtoteila
1849 1215 1950 1269 des

293 1306 594 1361 diametri.
632 1308 786 1381 unde
818 1306 950 1360 teile
977 1308 1081 1361 daz
1108 1307 1287 1360 ander
1308 1307 1445 1360 aber
1468 1305 1589 1359 also
1622 1305 1679 1357 in
1720 1303 1946 1357 niuniu.

295 1395 459 1449 unde
488 1396 585 1465 gib
616 1400 737 1449 tero
772 1395 951 1449 niuno
984 1394 1245 1449 ahtoteil.
1282 1396 1419 1448 dero
1460 1395 1701 1447 dtittun.
1739 1393 1842 1446 daz
1874 1392 1953 1446 ist

292 1482 386 1537 iro
420 1483 596 1554 lengi.
633 1485 763 1538 fone
794 1485 930 1538 dero
962 1500 1196 1554 zungun
1233 1483 1310 1537 uf.
1332 1483 1461 1537 Nim
1498 1483 1688 1536 danne
1720 1481 1816 1535 dia
1846 1480 1951 1535 eri—

292 1578 461 1626 stun.
498 1573 649 1627 unde
682 1572 736 1627 la
770 1572 887 1626 fore
922 1590 991 1626 an
1026 1572 1109 1627 iro
1145 1572 1298 1644 lengi
1326 1573 1436 1626 den
1471 1572 1684 1625 dritten
1719 1570 1816 1625 teil
1848 1571 1951 1624 des

291 1660 593 1715 diametri.
631 1663 785 1715 unde
816 1660 950 1716 teile
982 1662 1068 1715 sia
1099 1662 1334 1715 dannan
1368 1660 1649 1714 niderunz
1706 1676 1768 1714 ze
1813 1660 1950 1713 dero

289 1766 536 1821 zungun
570 1750 626 1803 in
650 1751 754 1805 fier
786 1750 905 1805 teil.
941 1751 1095 1804 unde
1118 1751 1255 1805 dero
1286 1751 1383 1821 gib
1408 1749 1518 1804 triu
1546 1750 1682 1804 dero
1702 1749 1947 1803 ﬁerdun.

2055 594 2255 649 Metire
2288 594 2544 664 reliquas
2577 593 2645 646 ad
2681 606 3019 645 mensuram
3066 588 3283 658 primae.
3326 586 3471 640 Vide
3504 588 3690 657 primo

2056 701 2232 754 quam
2267 683 2460 753 ampla
2491 683 2568 736 sit
2603 706 2616 745 ;
2651 679 2974 751 amplitudo
3007 677 3223 732 dicitur
3249 676 3696 754 diameter.Dein

2057 750 2319 842 relinque
2351 750 2451 842 pro
2483 772 2684 842 primae
2742 750 2951 823 ﬁstulze
3011 750 3401 837 longitudine’
3433 769 3695 820 octavam

2058 867 2280 933 partem
2312 861 2576 930 ejusdem
2620 856 3046 929 amplitudinis,
3083 861 3137 910 et
3186 854 3377 909 divide
3429 854 3589 909 illam
3628 855 3699 909 ab

2057 951 2193 1004 hinc
2228 951 2498 1004 deorsum
2524 965 2709 1017 usque
2732 948 2799 1001 ad
2830 945 3230 1016 labium.quod
3255 944 3535 1015 plectrum
3560 944 3702 998 dici-

2058 1044 2154 1092 tur
2186 1039 2239 1091 in
2274 1054 2477 1092 novem
2512 1042 2702 1107 partes
2735 1035 2976 1106 aequalis
3008 1032 3452 1105 magnitudinis,
3482 1032 3703 1087 Harum

2060 1145 2260 1183 novem
2297 1127 2549 1198 partium
2581 1125 2704 1179 ocio
2737 1126 2926 1195 paries
2955 1125 3029 1178 da
3051 1124 3339 1178 secundae.
3388 1126 3445 1176 et
3470 1121 3588 1175 haec
3615 1127 3703 1176 est

2058 1218 2362 1289 longitudo
2395 1218 2519 1285 ejus
2553 1232 2585 1268 a
2613 1213 2765 1269 labio
2798 1232 3055 1268 sursum.
3091 1212 3373 1283 Relinque
3432 1210 3561 1265 dein
3602 1228 3704 1282 pro

2061 1307 2329 1361 secundae
2367 1304 2569 1359 fistula:
2604 1303 2965 1375 longitudine
2990 1303 3078 1357 bis
3105 1306 3231 1357 octo
3255 1306 3448 1372 partes
3481 1301 3702 1355 diame-

2061 1397 2217 1463 tri,et
2240 1395 2429 1449 divide
2460 1394 2750 1463 reliquum
2782 1394 2974 1447 denuo
3004 1393 3087 1445 sic
3119 1391 3175 1445 in
3205 1390 3693 1457 novem,harum-

2062 1503 2174 1559 que
2205 1502 2406 1540 novem
2442 1489 2567 1539 octo
2596 1487 2789 1554 partes
2821 1483 2895 1535 rla
2922 1481 3255 1543 tertim;haec
3288 1480 3703 1551 cstlongitudo

2061 1560 2208 1646 ejus,
2243 1593 2276 1629 a
2310 1572 2459 1628 labio
2490 1572 2936 1627 sursum.Sume
2964 1570 3095 1623 dein
3146 1569 3485 1639 primam,et
3528 1569 3701 1625 relin-

2064 1683 2173 1737 que
2206 1681 2307 1735 pro
2340 1664 2466 1732 ejus
2499 1660 2859 1726 longitudine
2888 1659 3118 1713 tertiam
3166 1662 3390 1729 partem
3450 1659 3701 1723 dimetri,

2061 1759 2117 1809 et
2146 1753 2337 1809 divide
2369 1768 2496 1807 eam
2529 1749 2739 1805 abhinc
2771 1749 3047 1803 deorsum
3079 1763 3267 1819 usque
3296 1747 3367 1801 ad
3393 1746 3615 1801 labium
3648 1748 3707 1801 in

294 1843 393 1893 taz
427 1839 504 1893 ist
535 1839 620 1893 iro
651 1838 990 1910 lengi.unde
1019 1848 1141 1893 tara
1161 1844 1259 1910 gat
1297 1838 1795 1894 distessaron.mit
1816 1842 1951 1891 tono
1980 1866 2028 1929 B
2062 1848 2315 1915 quatuor
2346 1844 2541 1913 partes
2574 1843 2630 1894 et
2660 1838 2872 1893 harum
2893 1842 3012 1891 tres
3042 1836 3117 1890 da
3147 1839 3363 1907 quartae
3400 1854 3411 1891 :
3445 1836 3567 1890 hinc
3624 1839 3713 1891 est

289 1932 437 1982 tono
470 1928 784 1983 somitonio
818 1928 980 1983 Unde
1035 1929 1244 1982 fernim
1296 1928 1350 1982 io
1383 1945 1444 1983 ze
1498 1928 1550 1981 io
1603 1926 1945 1999 gelichemo.

292 2018 474 2072 male.
514 2019 642 2071 ione
675 2018 812 2072 dero
832 2034 1066 2089 zungun
1092 2016 1382 2072 uf.Sonim
1416 2018 1554 2071 aber
1583 2017 1679 2070 dia
1702 2016 1946 2071 eristun.

296 2107 462 2161 unde
494 2106 570 2161 la.
606 2124 679 2160 an
712 2106 796 2160 iro
830 2105 984 2177 lengi
1020 2106 1136 2159 fore
1172 2106 1281 2160 den
1315 2105 1524 2160 halben
1558 2104 1654 2159 teil
1688 2106 1771 2159 iro
1803 2103 1951 2171 uuiti

294 2197 461 2250 unde
492 2195 629 2249 teila
656 2194 743 2249 sia
774 2195 830 2248 in
865 2196 993 2248 driu
1031 2194 1148 2248 teil.
1182 2195 1337 2248 unde
1367 2194 1463 2265 gib
1496 2198 1617 2248 tero
1650 2194 1773 2247 zuei
1816 2194 1951 2247 dero

299 2285 542 2338 fint‘tun.
577 2289 688 2337 Daz
718 2284 793 2338 ist
825 2284 909 2337 iro
935 2283 1111 2355 lengi.
1148 2269 1577 2337 Nim'daranah
1601 2282 1809 2337 selbun
1858 2282 1955 2336 dia

298 2374 542 2428 finftun.
606 2374 761 2425 unde
791 2372 846 2426 la
877 2372 933 2425 in
972 2372 1054 2425 iro
1088 2372 1241 2443 lengi
1275 2372 1392 2426 fore
1424 2372 1534 2426 den
1576 2371 1823 2425 ahtoden
1857 2370 1953 2424 teil

302 2464 410 2516 des
444 2461 732 2515 diametri.
765 2462 917 2515 unde
950 2461 1083 2516 teile
1115 2462 1219 2515 daz
1251 2461 1431 2515 ander
1469 2461 1525 2513 in
1562 2460 1747 2514 ﬁeriu.
1801 2461 1955 2514 unde

307 2552 412 2623 gib
438 2556 556 2604 tero
577 2550 705 2603 driu
731 2550 866 2605 dero
888 2551 1425 2605 sibendum.Tanne
1446 2550 1563 2603 miz
1580 2549 1659 2603 tia
1675 2549 1954 2603 ahtodum

304 2639 364 2694 bi
398 2639 535 2693 dero
567 2638 810 2691 eristun.
848 2638 900 2692 la
933 2638 1147 2693 andero
1178 2637 1397 2693 eristun
1434 2639 1573 2693 fore.
1611 2655 1673 2692 so
1707 2636 1824 2692 uilo
1856 2638 1957 2691 des

303 2726 578 2783 diametri
611 2728 795 2782 si.daz
827 2726 947 2781 chit
978 2726 1175 2781 latore
1204 2727 1322 2781 alta
1348 2727 1444 2782 dia
1466 2726 1796 2781 uuiti.unde
1826 2725 1957 2780 teile

300 2817 413 2871 daz
446 2816 625 2869 ander
656 2815 715 2869 in
748 2815 873 2869 zuei
906 2817 1048 2870 eben
1074 2816 1349 2871 micbeliu
1370 2816 1658 2870 teil.unde
1680 2816 1775 2887 gib
1800 2815 1959 2869 einez

298 2910 426 2958 tero
460 2904 858 2957 abtodun.daz
890 2904 965 2957 ist
995 2906 1080 2958 iro
1113 2904 1266 2975 lengi
1294 2906 1421 2959 fone
1445 2906 1615 2959 demo
1636 2905 1853 2975 plectro
1876 2906 1955 2957 uf.

304 2992 559 3047 Unztara
589 2996 687 3062 gat
716 2993 1124 3061 diapente.mit
1154 2998 1290 3046 tono
1322 2998 1458 3047 tono
1493 2992 1801 3047 semitonio
1822 2997 1957 3047 tono

301 3080 573 3135 Taranah
607 3079 704 3133 kib
732 3079 809 3132 tia
831 3079 1036 3133 selbun
1087 3097 1248 3133 maza
1270 3081 1669 3134 dienanderen
1693 3081 1955 3134 sibenen.

304 3168 389 3223 tia
425 3169 501 3221 du
535 3166 648 3221 nab
678 3171 795 3221 tero
819 3168 1039 3221 erislun
1070 3168 1204 3221 dion
1229 3184 1424 3221 ereren
1447 3169 1673 3222 sibenin
1705 3170 1953 3238 gabe.So

301 3257 485 3312 habet
513 3260 687 3310 tanne
719 3256 815 3310 diu
850 3256 1146 3310 eristazuo
1178 3254 1330 3326 longi
1355 3257 1490 3309 dero
1513 3257 1955 3310 ahtodun.unde

300 3346 398 3401 ein
439 3345 797 3399 diametrum
830 3344 1198 3399 ubere.Unde
1228 3361 1292 3398 so
1316 3361 1479 3399 samo
1502 3345 1676 3399 habet
1698 3346 1775 3399 tiu
1797 3345 1957 3399 ahto-

301 3435 379 3489 da
415 3451 526 3489 zuo
556 3432 713 3505 lengi
748 3434 886 3488 dero
914 3434 1333 3487 ﬁnl‘tozendun.
1368 3434 1557 3489 eunde
1613 3434 1706 3488 ein
1737 3434 1955 3489 diame-

294 3528 467 3577 trum
501 3523 696 3577 ubere.
733 3523 886 3576 Aber
915 3522 1010 3576 diu
1048 3522 1226 3577 erista
1258 3522 1431 3577 habet
1476 3524 1577 3576 fier
1632 3522 1784 3593 lengi
1819 3523 1954 3577 dero

294 3612 730 3666 ﬁnitozendun.
768 3610 929 3665 Unde
960 3611 1101 3665 dara
1134 3612 1313 3665 ubere
1346 3612 1459 3665 triu
1486 3611 1790 3666 diametra.
1820 3612 1956 3668 Ulbe

292 3700 391 3755 dih
443 3701 716 3754 uuunder
745 3699 839 3753 ist.
875 3698 965 3753 zui
996 3699 1080 3754 iro
1116 3700 1241 3754 driu
1282 3700 1392 3754 sin.
1430 3700 1706 3755 nalszuei.
1738 3701 1795 3754 ih
1821 3701 1955 3755 kibo

291 3788 383 3841 dir
420 3786 467 3841 is
490 3788 1046 3841 rationem.Uuanda
1072 3804 1135 3842 so
1159 3805 1291 3842 man
1317 3806 1389 3843 an
1412 3789 1548 3843 dero
1567 3790 1811 3844 eristum
1837 3790 1956 3845 fore

287 3876 454 3931 lazet
484 3877 576 3929 ein
605 3876 981 3929 diametrum.
1016 3875 1171 3929 unde
1202 3876 1251 3929 si
1284 3878 1397 3930 noh
1462 3883 1638 3932 tanne
1670 3878 1848 3948 dupla
1881 3879 1957 3933 ist

284 3980 495 4039 gagen
528 3966 666 4019 dero
690 3964 974 4018 ahtodun.
1010 3962 1108 4017 diu
1144 3964 1225 4017 iro
1259 3965 1472 4035 simpla
1500 3966 1593 4019 ist.
1632 3967 1787 4021 unde
1819 3968 1957 4021 abcr

286 4056 448 4109 det-'0
475 4053 626 4123 lengi
661 4054 780 4107 fore
813 4051 1193 4107 ferlazanemo
1228 4053 1534 4108 diametro.
1560 4054 1760 4108 halbiu
1799 4056 1957 4109 uuirt

289 4153 428 4199 tero
464 4142 882 4196 ﬁnftozendun.
917 4158 979 4195 so
1012 4141 1088 4194 ist
1112 4146 1231 4195 tero
1254 4142 1515 4196 ahtodun
1548 4148 1681 4197 note
1713 4144 1951 4211 zuiualt,

294 4237 439 4287 tane
472 4231 609 4284 dero
644 4230 1059 4299 ﬁnftozendun,
1097 4230 1247 4284 unde
1269 4231 1361 4285 ein
1395 4230 1767 4286 diametrum.
1802 4233 1955 4287 unde

303 4322 445 4376 dero
479 4321 703 4373 eristun
738 4323 872 4373 note
902 4317 1318 4373 ﬁerualt.unde
1350 4319 1475 4373 zuei
1508 4320 1811 4374 diametra.
1849 4338 1955 4375 anc

302 4411 411 4464 daz
444 4408 625 4462 erista
655 4408 1027 4462 diametrum.
1090 4407 1252 4462 Uuile
1293 4409 1430 4463 aber
1487 4409 1589 4463 der
1646 4409 1953 4480 organicus

304 4499 432 4553 fure
463 4496 696 4550 ﬁnvzen.
732 4494 860 4549 alde
889 4496 1129 4551 sebszen
1164 4497 1343 4551 seiten
1404 4496 1751 4552 buohstaba.
1789 4497 1950 4553 folliu

2060 1931 2363 2002 longitudo
2395 1930 2607 1999 ejus,et
2632 1927 2748 1982 huc
2776 1925 3043 1981 convenit
3071 1924 3436 1979 diatessaron
3459 1941 3592 1979 cum
3622 1927 3709 1978 to-

2061 2039 2155 2088 no,
2191 2025 2347 2085 tono,
2384 2017 2692 2074 semitonio
2729 2035 2741 2083 ;
2776 2020 2831 2071 et
2862 2030 3034 2087 perge
3068 2014 3149 2068 ita
3207 2012 3417 2083 aequali
3478 2014 3649 2067 modo
3680 2030 3713 2067 a

2060 2110 2215 2165 labio
2238 2110 2365 2178 ejus
2399 2107 2845 2162 sursum.Sume
2868 2106 3058 2159 denuo
3092 2101 3709 2174 primam,etrelinque

2062 2217 2164 2272 pro
2179 2200 2305 2269 ejus
2325 2196 2692 2269 longitudine
2717 2193 3022 2248 dimidiam
3048 2196 3271 2264 partem
3294 2192 3421 2261 ejus
3436 2190 3711 2262 amplitu-

2063 2288 2219 2344 dinis
2252 2292 2306 2341 et
2337 2286 2530 2340 divide
2555 2301 2682 2339 eam
2707 2284 2764 2338 in
2790 2289 2907 2338 tres
2938 2284 3215 2354 partes,et
3233 2280 3309 2335 da
3331 2280 3539 2334 harum
3567 2280 3714 2335 duas

2064 2378 2281 2447 quinta:
2317 2392 2329 2429 :
2358 2375 2479 2429 hac
2509 2378 2598 2429 est
2628 2372 2932 2443 longitudo
2963 2372 3110 2441 ejus.
3161 2370 3339 2424 Sume
3369 2369 3500 2423 dein
3551 2384 3713 2423 eam-

2065 2468 2198 2520 dem
2232 2464 2498 2536 quintam
2532 2467 2591 2518 et
2627 2461 2890 2531 relinque
2923 2476 3026 2531 pro
3058 2460 3185 2528 ejus
3215 2457 3580 2527 longitudine
3611 2474 3706 2513 oc-

2065 2561 2257 2609 tavam
2282 2561 2504 2624 partem
2538 2550 2806 2605 diametri
2838 2546 3461 2619 reliquumque’divide
3488 2546 3547 2600 in
3574 2564 3715 2618 qua-

2065 2649 2199 2698 tuor
2227 2648 2283 2697 et
2313 2642 2503 2696 tribue
2534 2656 2603 2694 ex
2632 2639 2723 2694 his
2752 2640 2862 2693 tria
2893 2637 3173 2709 septimae.
3199 2637 3362 2691 Tunc
3394 2636 3599 2690 metire
3620 2652 3712 2690 oc-

2066 2738 2257 2786 tavam
2292 2747 2394 2801 per
2426 2730 2673 2799 primam
2712 2745 2723 2781 :
2759 2726 3024 2797 relinque
3076 2725 3133 2778 in
3178 2725 3369 2795 prima
3428 2729 3714 2795 quantum

2069 2822 2354 2875 diameter
2383 2818 2553 2885 est,id
2587 2815 2964 2886 est,relinque
2997 2830 3229 2869 omnem
3264 2812 3714 2884 amplitudinem

2069 2914 2125 2964 et
2157 2909 2351 2962 divide
2384 2906 2671 2976 reliquum
2707 2905 2765 2958 in
2798 2905 2947 2959 duas
2982 2903 3246 2973 ejusdem
3288 2902 3715 2973 magnitudinis

2070 3002 2268 3069 partes
2297 3000 2353 3050 et
2387 2997 2460 3049 da
2493 3011 2668 3049 unam
2703 2998 2935 3059 octavae;
2968 2992 3091 3046 hzec
3123 2996 3211 3047 est
3243 2991 3549 3062 longitudo
3580 2992 3710 3062 ejus

2068 3102 2101 3138 a
2134 3084 2351 3154 plectro
2383 3101 2641 3137 sursum.
2674 3082 2868 3151 Usque
2900 3082 3013 3135 huc
3046 3080 3091 3135 it
3120 3081 3390 3151 diapente
3417 3096 3550 3134 cum
3577 3083 3714 3135 tono

2069 3170 2565 3233 tono,semitonio,
2589 3170 2913 3222 tono.Tunc
2944 3168 3135 3222 tribue
3168 3168 3433 3223 eamdem
3472 3185 3711 3223 mensu-

2070 3274 2194 3311 ram
2230 3257 2467 3327 reliquis
2500 3261 2719 3326 septem
2753 3272 2927 3325 quam
2963 3261 3094 3324 post
3127 3256 3377 3325 primam
3422 3255 3714 3325 prioribus

2068 3349 2289 3415 septem
2324 3342 2602 3399 tribuisti.
2638 3343 2819 3397 Habet
2847 3342 3043 3412 itaque
3075 3342 3263 3412 prima
3284 3344 3430 3396 duas
3462 3343 3713 3414 longitu-

2068 3434 2236 3488 dines
2267 3438 2635 3495 octavae,cum
2672 3449 2789 3485 una
2819 3432 3101 3486 diametro
3126 3448 3305 3501 supra
3338 3435 3415 3497 ;et
3445 3431 3717 3486 similiter

2066 3524 2243 3577 habet
2274 3526 2472 3575 octava
2502 3521 2649 3575 duas
2678 3520 3073 3591 longitudines
3100 3519 3335 3573 decima:
3388 3520 3625 3590 quintae,
3659 3525 3716 3575 et

2068 3629 2243 3666 unam
2273 3611 2624 3664 diametrum
2654 3610 3050 3680 supra.Prima
3083 3625 3213 3662 vero
3246 3613 3498 3679 quatuor
3520 3609 3712 3681 longi-

2067 3701 2303 3756 tudines
2335 3699 2510 3753 habet
2542 3698 2779 3752 decima
2811 3698 3048 3768 quinta,
3081 3702 3135 3751 et
3169 3697 3412 3767 insuper
3442 3701 3559 3753 tres
3590 3700 3712 3754 dia-

2067 3794 2307 3845 metros.
2342 3789 2400 3843 Si
2435 3787 2694 3854 miraris,
2728 3804 2833 3841 cur
2864 3790 2980 3841 tres
3014 3787 3133 3841 sint
3164 3789 3221 3840 et
3266 3802 3383 3840 non
3417 3787 3554 3855 duo,
3588 3789 3714 3858 ejus

2067 3880 2349 3934 rationem
2387 3877 2603 3947 accipe.
2631 3876 2776 3929 Nam
2814 3875 2861 3929 si
2896 3876 2954 3929 in
2990 3874 3179 3946 prima
3209 3873 3573 3946 relinquatur
3600 3893 3715 3931 una

2067 3970 2369 4030 diameter,
2408 3970 2465 4018 et
2494 3982 2560 4018 ea
2590 3969 2785 4018 tamen
2819 3963 2999 4035 dupla
3056 3967 3142 4018 est
3173 3968 3438 4035 respectu
3480 3981 3709 4033 oc:avze,

2066 4074 2190 4129 quae
2225 4056 2351 4125 ejus
2376 4052 2587 4124 simpla
2603 4054 2845 4122 est,ejus
2877 4057 3071 4107 autem
3104 4052 3407 4124 longitudo
3429 4058 3563 4108 ante
3582 4071 3711 4125 pro-

2064 4144 2389 4201 tensionem
2422 4141 2703 4196 diametri
2739 4142 3052 4196 dimidium
3093 4142 3154 4196 ﬁt
3187 4142 3421 4196 decima;
3453 4143 3710 4213 quintae;

2064 4242 2202 4289 tunc
2234 4234 2361 4303 ejus
2393 4234 2597 4285 octava
2626 4230 2952 4285 necessario
2989 4229 3167 4301 dupla
3197 4235 3285 4285 est
3315 4235 3455 4301 puta
3486 4232 3713 4287 decima

2065 4322 2287 4395 quinta.
2322 4325 2377 4375 et
2408 4336 2525 4373 una
2555 4318 2860 4382 diameter,
2886 4320 3130 4389 ejusque
3154 4318 3348 4390 primu
3383 4320 3711 4375 necessario

2065 4409 2475 4483 quadrupla,et
2504 4408 2627 4460 dure
2652 4406 2919 4460 diametri
2954 4408 3175 4477 absque
3206 4407 3396 4477 prima
3426 4408 3709 4463 diametro

2064 4500 2223 4566 Quod
2258 4498 2305 4553 si
2330 4496 2465 4551 velit
2497 4496 2808 4566 organicus
2830 4512 2931 4565 pro
2956 4495 3287 4567 quindecim
3309 4495 3394 4550 vel
3419 4497 3708 4552 sexdecim

301 4588 436 4641 driu
472 4585 781 4656 alphabeta
812 4585 1081 4640 macbon.
1116 4603 1179 4641 so
1212 4586 1295 4641 sol
1329 4603 1391 4640 er
1413 4587 1516 4641 daz
1547 4586 1723 4641 dritta
1755 4605 1953 4643 mezen
1986 4598 2031 4660 Ι)
2065 4590 2415 4644 chordarum
2469 4584 2678 4638 litteris
2736 4583 2907 4655 plena
2964 4584 3074 4638 tria
3132 4583 3443 4654 alphabeta
3500 4586 3707 4656 facere,

304 4676 420 4731 nah
456 4673 574 4728 tien
607 4690 804 4730 ereren
835 4674 1023 4730 zuein.
1060 4675 1181 4730 also
1213 4692 1275 4731 er
1304 4675 1409 4730 daz
1440 4676 1620 4731 ander
1647 4693 1772 4732 maz
1830 4678 1942 4733 nab

302 4770 462 4821 temo
491 4763 726 4819 eristen.

2053 4681 2196 4736 tunc
2220 4673 2492 4730 metiatur
2522 4673 2756 4727 tertium
2774 4674 2945 4743 juxta
2966 4672 3081 4727 duo
3103 4672 3474 4744 priora,sicut
3506 4691 3711 4730 secun-

2058 4768 2202 4823 dum
2230 4766 2400 4836 juxta
2430 4761 2687 4833 primum
2722 4760 3094 4815 metiebatur.
