4006 6248
369 268 924 283 ..ι-’μ
1542 277 1546 280 η
2757 265 3055 274 -Ψ

777 532 1875 712 EUTHYMII
2065 522 2854 700 ZIGABE
2880 529 3098 700 NI

1200 928 1957 1046 EXPOSITIO
2043 925 2713 1039 SYMBOLI.

446 1199 541 1256 (Ex
575 1198 800 1250 editione
828 1197 1008 1250 Christ.
1057 1195 1294 1246 Friderici
1329 1195 1543 1246 Matthai
1572 1193 1619 1243 in
1662 1187 2380 1313 Lectiltggltuill‘lququensibus,
2422 1194 2641 1254 repetita
2670 1193 2717 1242 in
2743 1193 3053 1246 Bibliotheca
3097 1197 3431 1258 Gallandiana,

665 1635 768 1699 Είς
796 1632 861 1686 τὸ
889 1629 964 1704 (ί)
988 1629 1159 1699 ἅγιον
1181 1629 1512 1698 σύμϐολον,

381 1725 445 1778 Τί
472 1726 588 1778 ἐστι
626 1721 842 1787 πίστις;
875 1721 1082 1786 Πίστις
1114 1719 1288 1773 ἐστὶν
1319 1713 1716 1784 ἐλπιζομένων
1741 1714 1886 1768 ὑπό-

311 1832 548 1882 στασις,
569 1812 929 1882 πραγμάτων
981 1810 1230 1879 ἔλεγχος
1269 1809 1341 1861 οὺ
1376 1803 1789 1875 βλεπομένων.
1817 1802 1885 1856 Ἢ

311 1907 879 1978 ἀπολυπραγμόνητος
911 1901 1328 1970 συγκατάθεσις.
1353 1899 1386 1970 ἢ
1413 1897 1658 1960 ἑκούσιος
1682 1911 1886 1963 συγκα-

308 1999 554 2061 τάθεσις.
599 1998 634 2070 ἦ
665 1995 737 2058 ti);
770 1995 800 2046 ὁ
833 1993 1005 2063 μέγας
1053 1991 1156 2062 ἔφη
1206 1989 1508 2054 Βασίλειος,
1548 1987 1736 2049 Πίστις
1769 1985 1884 2037 ἐστὶ

313 2088 715 2157 συγκατάθεσις
757 2085 1070 2153 ἀδιάκριτος
1101 2082 1211 2134 τῶν
1245 2078 1640 2142 ἀκουσθέντων,
1663 2078 1721 2129 ὲν
1749 2075 1886 2145 πλη-

321 2180 550 2251 ροφορίᾳ
582 2179 678 2248 τῆς
705 2173 962 2245 ἀληθείας
982 2173 1090 2226 τῶν
1118 2169 1498 2243 κηρυχθέντων
1517 2167 1652 2220 Θεοῦ
1678 2164 1880 2236 χάριτι.

381 2356 694 2427 Σύμϐολον
731 2352 1078 2426 ὀνομάζεται,
1115 2349 1190 2414 ὡς
1240 2349 1462 2418 σημεῖον
1511 2347 1608 2417 τῆς
1648 2347 1705 2398 ἐν
1735 2346 1880 2416 ψυχῇ

309 2451 570 2512 πίστεως.
603 2447 824 2516 Ἐπειδὴ
880 2446 988 2515 γὰρ
1045 2442 1334 2513 ἀσώματον
1393 2438 1624 2510 πρᾶγμά
1667 2437 1817 2490 ἐστιν
1845 2440 1878 2508 ή

309 2540 478 2612 ψυχὴ,
501 2540 598 2594 καὶ
623 2539 690 2592 τὰ
723 2541 782 2591 ὲν
813 2538 948 2606 αὐτῇ
981 2535 1222 2604 δόγματα
1252 2531 1431 2602 ἀφανῆ
1461 2547 1518 2584 τε
1560 2531 1654 2584 καὶ
1686 2529 1877 2600 ἄδηλα,

311 2634 502 2685 τούτου
532 2631 693 2700 χάριν
722 2630 820 2699 τῆς
837 2625 1124 2697 ὁμολογίας
1149 2623 1349 2692 ταύτης
1378 2623 1594 2692 ἐδέησεν
1613 2622 1772 2691 αὐτῇ,
1792 2621 1878 2673 ἵνα

310 2725 400 2778 διὰ
450 2723 653 2791 ταύτης
681 2723 715 2792 ἡ
761 2719 1063 2780 ἐνδιάθετος
1115 2716 1285 2786 αὐτῆς
1317 2713 1500 2778 πίστις
1532 2712 1876 2782 ἐκφαίνηται,

314 2817 408 2870 καὶ
439 2815 512 2887 μὴ
543 2817 662 2884 ἀμφ
672 2813 972 2881 ιὸἀλληται.

385 2903 665 2956 Πιστεύω.
707 2899 994 2954 Τουτέστιν
1035 2895 1614 2967 ἀπολυπραγμονήτως
1644 2895 1739 2947 ἐπὶ
1765 2897 1876 2958 τοῖς

317 2992 712 3063 ῥηθησομένοις
746 2992 986 3061 δόγμασι
1022 2989 1506 3059 συγκατατίθεμαι.
1554 2987 1664 3042 Καὶ
1699 2985 1803 3057 μὴν
1830 2987 1879 3039 οί

316 3084 548 3155 πατέρες
571 3083 936 3152 Πιστεύομεν
960 3077 1115 3135 είπον
1142 3079 1541 3151 πληθυντικῶς.
1568 3079 1662 3140 Εἰς
1683 3077 1879 3130 ταυτδν

311 3173 360 3226 δ’
386 3172 506 3240 ἀγει
529 3173 831 3242 ἀμφότερα.
855 3170 1239 3241 Πληθυντικῶς
1276 3169 1373 3239 μὲν
1396 3168 1504 3239 γὰρ
1533 3167 1715 3236 ἔλεγον
1737 3168 1878 3220 έκεῖ-

314 3281 417 3330 νοι,
441 3264 540 3332 τὴν
567 3263 753 3331 κοινὴν
806 3262 954 3330 σφῶν
988 3262 1167 3314 αὐτῶν
1201 3263 1328 3330 περὶ
1375 3261 1608 3322 πίστεως
1651 3257 1879 3329 γνώμην

319 3357 413 3408 καὶ
443 3357 538 3426 τὴν
568 3355 700 3408 ἰδίαν
731 3355 966 3408 ἑκάστου
1022 3353 1397 3424 παριστῶντες
1420 3371 1432 3384 ο
1479 3353 1640 3421 ἡμεῖς
1673 3351 1718 3404 δ’
1747 3349 1875 3404 ave.

313 3445 498 3510 παλιν,
527 3448 592 3516 τῇ
628 3446 747 3508 ἐνὸς
783 3446 1013 3499 ἑκάστου
1068 3446 1305 3507 πίστεως
1342 3443 1602 3514 ὁμολογίᾳ
1651 3443 1754 3512 τὴν
1783 3443 1876 3496 τοῦ

313 3535 512 3598 παντὸς
535 3535 646 3587 τῶν
672 3533 883 3586 πιστῶν
904 3532 1269 3602 ἀθροίσματος
1302 3532 1735 3596 συνεισάγοντες.

384 3628 652 3682 Πιστεύω
672 3629 760 3693 είς
797 3625 906 3680 ἕνα
943 3625 1090 3679 Θεὸν
1132 3623 1364 3692 Πατέρα
1403 3620 1876 3691 παντοκράτορα.

311 3721 482 3773 Τοῦτο
507 3719 658 3773 ἄλλοι
687 3717 786 3789 μὲν
807 3717 980 3780 ἄλλως
1003 3715 1293 3780 στίζουσιν.
1313 3715 1375 3768 Oi
1396 3714 1493 3785 μὲν
1513 3716 1593 3777 εἰς
1620 3713 1680 3767 τὸ
1709 3713 1876 3772 Θεὸν.

309 3812 386 3874 ὡς
416 3812 482 3864 ἂν
509 3809 652 3864 κατά
700 3810 881 3863 κοινοῦ
938 3806 1047 3862 τῶν
1086 3807 1255 3880 τριῶν
1305 3805 1656 3860 ύποστάσεων
1700 3822 1875 3875 παρα-

309 3899 652 3971 λαμϐάνηται
671 3898 732 3952 τὸ
755 3898 900 3964 Θεὸς
921 3895 1272 3966 όνομα,ἀ).λοι
1293 3895 1350 3948 δὲ
1372 3892 1877 3947 συνάπτουσιν.⁹Ἰπο

311 4008 431 4042 πων
459 3990 535 4058 (ἢ
562 3991 655 4043 καὶ
689 3989 1012 4056 Ἐπίκουρος
1033 3988 1060 4039 ὁ
1089 3985 1369 4056 φιλήδονος
1410 3983 1544 4036 Θεὸν
1599 3980 1878 4043 παντελῶς

318 4078 615 4147 ὴγνόησαν,
636 4076 717 4128 διὰ
737 4075 832 4129 τοῦ
879 4071 1291 4144 αὐτοματισμού
1320 4069 1420 4141 τὴν
1481 4066 1710 4132 ἀταξίαν
1758 4067 1876 4116 εἰσ-

311 4170 536 4238 άγοντες
565 4183 579 4197 ο
625 4164 700 4221 ὧν
734 4171 762 4222 ὁ
798 4167 896 4238 μὲν
947 4165 1010 4219 τδ
1047 4163 1192 4233 ὕδωρ
1225 4159 1396 4232 ἀρχὴν
1425 4158 1745 4229 ἔφληνάφει,
1767 4159 1795 4210 ὁ
1819 4155 1874 4207 δὲ

1915 1625 1961 1678 Α

307 4262 570 4332 ἀπείρους
619 4261 875 4328 ἀτόμους.
903 4257 1127 4313 Πλάτων
1183 4255 1322 4350 ἰδέαν
1374 4252 1467 4350 καὶ
1525 4250 1658 4350 ὓλην
1717 4249 1868 4350 ἔλεγε
1897 4292 1940 4350 c

307 4352 462 4416 Θεὸν,
487 4350 564 4414 ὡς
613 4350 709 4403 τοῦ
739 4351 875 4403 Θεοῦ
913 4347 987 4419 μὴ
1016 4345 1312 4415 δυναμένου
1363 4343 1500 4414 μήτε
1549 4341 1681 4410 ὖλην
1735 4341 1872 4410 μήτε
1903 4341 1906 4344 ’

1983 4351 2126 4406 Plato
2151 4351 2326 4406 ideam
2345 4359 2400 4406 et
2417 4351 2696 4407 materiam
2717 4351 2884 4407 Deum
2898 4354 3049 4420 dixit,
3071 4358 3222 4425 quasi
3241 4373 3348 4412 non
3368 4371 3546 4428 posset

307 4443 755 4515 παραδείγματος
797 4442 966 4512 χωρὶς
1001 4441 1093 4492 τὸν
1120 4437 1325 4507 κόσμον
1357 4433 1758 4504 συστήσασθαι,
1778 4433 1877 4486 καὶ

303 4534 480 4597 οὓτως
525 4529 665 4586 εἶναί
702 4549 823 4587 τινα.
873 4529 1122 4584 συναῒδια
1172 4527 1346 4598 τούτῳ
1390 4525 1487 4579 καὶ
1545 4523 1875 4594 συνάναρχα.

305 4627 664 4689 Οὐαλεντῖνος
690 4624 734 4679 λ’
771 4627 926 4687 θεοὺς
953 4624 1141 4690 ἔλεγεν
1167 4617 1346 4676 εἶναι’
1374 4621 1424 4673 oi
1459 4617 1568 4671 ἀπὸ
1610 4616 1874 4688 Μαρκίω-

304 4734 395 4780 νος
428 4720 580 4788 τρεῖς
611 4716 784 4786 ἀρχάς
806 4731 822 4746 ο
852 4716 902 4767 oi
938 4715 1046 4767 ἀπὸ
1072 4711 1351 4783 Κέρδωνος
1401 4709 1496 4762 δύο
1524 4704 1664 4761 εῖναι
1717 4705 1873 4768 θεοὺς

307 4808 692 4877 ἐδογμάτισαν,
721 4808 816 4860 καὶ
842 4807 892 4858 oi
931 4805 1040 4858 ἀπὸ
1077 4804 1350 4864 Μάνεντος
1390 4799 1433 4871 β’
1456 4801 1650 4872 ἀρχάς.

379 4901 646 4953 Πιστεύω
681 4902 769 4964 εὶς
787 4897 898 4952 ἕνα
923 4895 1236 4951 Θέων-,Ἕνα
1267 4893 1486 4960 λέγεται
1537 4891 1690 4955 Θεδν,
1711 4890 1745 4960 ἦ
1777 4890 1873 4943 τὸν

309 4993 527 5062 Πατέρα
556 4990 759 5061 φαμὲν,
785 4991 818 5061 ἢ
844 4991 936 5042 τὸν
968 4989 1113 5050 Υίδν,
1142 4987 1176 5058 ἢ
1201 4984 1260 5038 τὸ
1307 4983 1549 5053 Πνεῦμα,
1573 4985 1666 5036 καὶ
1707 4982 1872 5036 πάλιν

307 5084 443 5156 ὁμοῦ
472 5085 540 5137 τά
561 5090 634 5154 γ’,
656 5083 746 5138 τὸν
772 5081 991 5154 Πατέρα
1023 5081 1118 5135 καὶ
1145 5078 1239 5133 τὸν
1257 5077 1384 5131 Υίδν
1418 5076 1513 5130 καὶ
1535 5074 1596 5128 τὸ
1623 5072 1868 5144 Πνεῦμα,

414 5225 430 5256 ι
469 5196 749 5289 ιιυιπζιι,
783 5221 837 5276 ι.

376 5381 451 5451 (l)
493 5379 716 5449 Legitur
749 5381 867 5435 haec
895 5377 1275 5451 interpretatio
1302 5373 1561 5451 Symboli-
1595 5374 1654 5428 in
1675 5371 1863 5428 eodem

303 5443 491 5508 Codice
515 5443 640 5513 54],
674 5453 769 5505 fol.
796 5451 899 5504 175
951 5443 1285 5519 seqq.J"orte
1306 5443 1518 5519 ergoet
1547 5443 1663 5498 haec
1681 5452 1869 5497 aucto-

2457 1615 2523 1670 ln
2539 1628 2776 1671 sanctum
2798 1619 3109 1690 symbolum.

2064 1709 2204 1774 Quid
2234 1718 2319 1764 est
2367 1709 2540 1764 ﬁdes?
2571 1709 2730 1764 Fides
2755 1720 2828 1764 est
2877 1710 3173 1764 substantia
3223 1728 3398 1766 rerum
3440 1729 3558 1784 qme

1986 1811 2286 1868 sperantur,
2319 1809 2688 1870 argumentum
2726 1817 2901 1855 rerum
2929 1817 3044 1870 qua:
3070 1818 3172 1856 non
3199 1815 3484 1859 cernuntur
3513 1806 3554 1858 '.

1985 1889 2105 1952 νει.
2167 1900 2250 1945 est
2280 1905 2580 1946 consensus
2624 1891 2847 1944 minime
2874 1892 3143 1957 curiosus,
3177 1892 3261 1946 vel
3300 1895 3556 1948 volunta-

1987 1983 2101 2037 rius
2126 1997 2428 2036 consensus
2453 1999 2467 2032 :
2490 1983 2572 2036 vel
2598 1981 2762 2036 etiam
2784 1991 2844 2036 ut
2861 1997 3090 2053 magnus
3111 1984 3248 2038 dixit
3274 1984 3511 2042 Basilius
3539 2005 3553 2041 :

1987 2072 2144 2126 Fides
2167 2082 2250 2127 est
2280 2087 2578 2127 consensus
2607 2071 2942 2128 indiscussus
2970 2089 3156 2128 eorum
3195 2091 3316 2144 qua:
3372 2079 3555 2134 audita

1985 2169 2131 2225 sunt,
2176 2160 2229 2214 in
2280 2170 2424 2214 certa
2458 2161 2811 2230 persuasione
2838 2163 3082 2218 veritatis
3117 2178 3307 2220 earum
3363 2181 3550 2223 rerum

1985 2265 2103 2319 qua:
2132 2263 2200 2304 ex
2244 2248 2341 2304 Dei
2396 2251 2564 2320 gratia
2604 2252 2904 2322 praedicata:
2941 2263 3089 2308 sunt.

2055 2340 2720 2411 Symbolumnominatur,
2753 2352 3012 2414 tanquam
3042 2346 3253 2416 signum
3282 2347 3405 2405 ﬁdei
3435 2367 3557 2421 qum

1983 2442 2066 2487 est
2101 2435 2153 2487 in
2186 2433 2388 2488 anima.
2424 2433 2560 2488 Cum
2598 2437 2743 2488 enim
2775 2435 3101 2506 incorporea
3129 2454 3215 2494 res
3249 2441 3320 2496 sit
3347 2443 3552 2509 anima,

1981 2525 2207 2596 ejusque
2244 2525 2493 2597 dogmata
2533 2525 2824 2582 invisibilia
2870 2537 3031 2598 atque
3059 2530 3308 2598 obscura,
3355 2533 3555 2589 ideirco

1981 2632 2042 2670 ea
2071 2632 2208 2688 opus
2234 2619 2424 2673 habuit
2453 2619 2764 2688 bujusmodi
2792 2619 3161 2689 confessione,
3193 2634 3251 2678 ut
3279 2640 3380 2695 per
3406 2625 3551 2682 illam

1981 2707 2193 2763 interna
2218 2710 2336 2780 ejus
2361 2710 2496 2766 ﬁdes
2519 2711 2810 2766 manifesta
2849 2712 2963 2778 ﬁat,
2987 2729 3091 2770 nec
3117 2715 3256 2772 ullus
3277 2718 3548 2788 relinqua-

1869 2826 1872 2829 -
1985 2812 2072 2855 tur
2097 2803 2409 2875 ambigendi
2441 2803 2615 2858 locus.

2053 2891 2240 2948 Credo.
2297 2894 2354 2949 Id
2390 2904 2477 2950 est
2510 2895 2631 2950 sine
2677 2895 2995 2952 curiositate
3045 2897 3291 2954 dicendis
3331 2900 3547 2972 dogma-

1982 2987 2126 3041 tibus
2161 2987 2449 3043 assentior.
2488 2988 2754 3059 Equidem
2794 2989 3026 3058 majores
3057 2992 3228 3046 nostri
3277 2991 3547 3051 Credimus

1981 3077 2257 3144 dicebant,
2306 3093 2403 3147 per
2456 3078 2787 3149 plurativum
2845 3096 3157 3138 numerum.
3205 3082 3273 3136 At
3323 3092 3548 3154 utraque

1981 3184 2080 3223 vox
2115 3170 2344 3240 perinde
2368 3170 2532 3226 valet.
2574 3170 2851 3226 Plurative
2881 3172 3026 3226 enim
3059 3174 3423 3230 enuntiabant
3451 3177 3544 3243 illi,

1981 3275 2323 3316 communem
2356 3276 2508 3316 suam
2536 3263 2783 3333 ipsorum
2826 3263 2895 3317 de
2950 3262 3057 3318 fide
3103 3267 3429 3322 sententiam
3487 3284 3547 3325 ac

1981 3353 2246 3424 privatam
2291 3353 2558 3424 cujusque
2612 3354 2958 3410 exhibentes.
2996 3355 3107 3412 Nos
3165 3366 3378 3424 contra,
3437 3359 3547 3414 sin-

1980 3444 2182 3515 gularis
2228 3445 2498 3516 cujusque
2542 3445 2667 3501 ﬁdei
2703 3446 3051 3502 confessione
3094 3447 3260 3504 totius
3312 3450 3548 3506 ﬁdelium

1980 3547 2160 3592 cretus
2192 3537 2351 3592 ﬁdem
2389 3538 2791 3594 concludimus.

2051 3625 2216 3683 Credo
2254 3628 2309 3681 in
2335 3644 2500 3681 unum
2524 3627 2690 3682 Deum
2725 3627 2946 3683 Patrem
2985 3631 3409 3700 omnipotentem.
3436 3632 3552 3687 Hoc

1980 3718 2074 3772 alii
2127 3719 2288 3773 aliter
2337 3719 2750 3789 interpungunt.
2787 3719 2892 3774 Alii
2951 3731 3132 3775 notam
3186 3722 3544 3779 distinctionis

1983 3817 2196 3879 ponunt
2229 3818 2352 3878 post
2387 3809 2595 3874 Deum;
2639 3825 2748 3878 quo
2788 3810 3040 3865 videlicet
3075 3814 3438 3867 communiter
3483 3815 3548 3869 de

1983 3901 2160 3954 tribus
2194 3899 2450 3969 personis
2490 3900 2796 3968 accipiatur
2834 3915 3032 3956 nomen
3079 3901 3239 3967 Deus,
3279 3905 3371 3958 alii
3415 3921 3551 3960 con-

1981 3995 2086 4050 tra,
2114 3994 2474 4043 connectunt.
2528 3986 2740 4058 Hippon
2772 3998 2828 4043 et
2878 3988 3146 4061 Epicurus
3195 3994 3550 4063 voluptuosus

1979 4078 2150 4133 Deum
2201 4093 2429 4149 prorsus
2457 4079 2802 4150 ignorarunt,
2839 4096 2940 4150 per
2993 4083 3339 4138 temerarium
3391 4101 3550 4142 casus

1981 4177 2236 4222 eventum
2263 4167 2646 4224 confusionem
2673 4169 3018 4238 inducentes,
3043 4171 3171 4225 dum
3197 4174 3334 4228 alter
3353 4189 3546 4244 aquam

1979 4275 2080 4330 pro
2105 4260 2374 4331 principio
2425 4270 2657 4331 nugatus
2702 4271 2805 4327 est,
2841 4263 2978 4317 alter
3026 4263 3263 4320 inﬁnitas
3316 4276 3546 4325 atomos.

1980 4443 2124 4498 Deus
2155 4457 2256 4497 nec
2292 4443 2598 4507 materiam,
2652 4459 2753 4499 nec
2791 4445 2910 4500 sine
2939 4449 3238 4518 exemplari
3285 4450 3547 4505 mundum

1987 4534 2252 4601 condere;
2281 4544 2444 4604 atque
2473 4537 2552 4590 sic
2573 4552 2696 4591 esse
2717 4538 2962 4607 quaedam
2994 4549 3267 4596 coasterna
3296 4541 3372 4596 illi
3399 4543 3545 4612 pari-

1979 4635 2174 4694 terque
2202 4624 2478 4694 principio
2508 4628 2771 4682 carentia.
2809 4625 3120 4683 Valentinus
3151 4645 3255 4684 xxx
3277 4631 3409 4685 deos
3429 4647 3548 4687 esse

1981 4713 2232 4779 dicebat;
2269 4712 2474 4769 Marcio
2523 4716 2622 4769 tria
2679 4717 2968 4787 principia.
3002 4718 3178 4775 Cerdo
3230 4721 3368 4776 duos
3426 4737 3545 4779 esse

1982 4803 2114 4856 deos
2151 4802 2354 4856 docuit.
2390 4802 2673 4860 Manicliazi
2729 4808 2839 4860 duo
2877 4808 3149 4878 principia
3202 4811 3545 4866 asserebant.

2049 4894 2215 4948 Credo
2241 4895 2296 4948 in
2319 4912 2478 4950 unum
2501 4896 2690 4952 Deum.
2715 4897 2922 4954 Dicitur
2948 4901 3002 4954 in
3023 4917 3186 4956 unum
3215 4907 3403 4968 Deum,
3431 4905 3547 4960 sive

1977 4985 2194 5041 Patrem
2250 4988 2612 5058 appellemus,
2665 4990 2779 5046 sive
2831 4990 3047 5058 Filium,
3090 4993 3204 5048 sive
3254 4994 3553 5066 Spiritum,

1977 5086 2072 5132 aut
2105 5078 2267 5134 etiam
2297 5079 2396 5133 tria
2427 5079 2542 5136 haec
2569 5081 2749 5148 simul,
2777 5080 2991 5136 Patrem
3023 5090 3077 5137 et
3104 5082 3299 5139 Filium
3336 5095 3392 5140 et
3419 5085 3561 5163 Spio,

2048 5373 2124 5446 (2)
2155 5376 2299 5450 Puto
2325 5374 2398 5450 de
2433 5373 2968 5450 ﬂipoon_e__l_ioc_loco
2990 5375 3136 5450 loqui
3168 5377 3542 5450 interpretem.

1973 5444 2044 5518 de
2082 5444 2211 5518 ouo
2254 5445 2374 5518 vide
2433 5444 2589 5518 lj‘abr.
2612 5445 2764 5518 Bibl.
2802 5445 2894 5501 Gr.
2926 5447 3034 5501 vol.
3061 5444 3107 5512 Ῑ,
3137 5463 3192 5518 p.
3227 5444 3349 5505 819.
3384 5451 3545 5504 Certe

304 5522 622 5594 remliabet
647 5520 998 5593 Eulbyrnium
1030 5514 1393 5594 'Zigabenum'.
1429 5516 1871 5594 Aliammquoqtte
1974 5514 2050 5571 ibi
2081 5517 2135 5569 in
2165 5516 2310 5594 notis
2336 5515 2575 5594 traditur
2609 5517 2768 5570 istum
2809 5532 3000 5588 aquam
3035 5527 3083 5572 et
3126 5514 3297 5590 ignem
3327 5529 3558 5586 putasse-

303 5595 358 5646 in
401 5591 512 5645 alio
567 5593 753 5645 codice
792 5585 1314 5660 'interpretaiionem
1360 5587 1540 5657 reperi
1594 5585 1874 5640 Simeonis
1974 5600 2149 5640 rerum
2181 5585 2460 5654 principia.

299 5661 820 5717 Thessalonicensis.

347 5831 443 5955 ‘
623 5756 891 5817 ΡΑτιιοι.
933 5755 1049 5816 Gn.
1082 5753 1353 5816 CXXXI.

347 5908 362 5955 ι
475 5889 509 5955 /

290 5889 509 6015 °\‘//

211 5963 470 6113 ἐν

167 6081 356 6187 \'/

3195 5747 3224 5814 1
