4006 6248
337 268 396 330 Π
1559 269 1937 334 EUTHYMH
1979 269 2342 338 ZIGABENI
3509 281 3583 347 12

335 385 534 448 ritum;
571 381 866 453 aliquando
913 382 1130 452 quidem
1173 381 1465 453 unicuique
1494 383 1658 438 trium
1715 399 1889 452 persot

2008 385 2137 439 ποτὲ
2173 387 2272 457 μὲν
2303 387 2508 461 ἑκάστῃ
2530 388 2640 441 τῶν
2663 388 2830 461 τριῶν
2856 389 3205 444 ὐποστάσεων
3233 390 3390 446 τοῦτο
3416 409 3578 463 προσι

335 492 528 531 narum
572 476 679 530 boc
713 476 1040 542 tribuentes,
1085 475 1375 547 aliquando
1414 491 1544 530 vero
1589 477 1682 532 uni
1737 477 1889 531 trium

2003 479 2280 546 νέμοντες,
2337 482 2467 534 ποτὲ
2495 481 2553 536 δὲ
2587 485 2650 553 τῇ
2688 483 2788 551 μιᾷ
2818 483 2925 534 τῶν
2952 481 3000 548 γ’
3034 483 3212 553 οὐσίᾳ.
3263 485 3323 535 Εἰ
3360 485 3458 552 μὲν
3485 483 3580 538 οὖν

331 567 603 622 t-ssentire.
631 566 686 620 Si
713 567 876 639 igitur
899 573 1288 622 connectentes
1318 567 1557 638 legamus
1580 585 1594 621 ι
1625 566 1889 624 Creditum

2004 565 2362 633 συνάπτοντες
2389 571 2734 652 ἀναγνῶμεν,
2760 571 3130 639 Πιστεύομεν
3165 573 3251 636 εἰς
3279 571 3386 625 ἕνα
3433 573 3583 626 Θεὸν

318 662 382 711 in
429 675 589 712 unum
622 657 789 712 Deum
817 659 1054 721 Patrem,
1084 671 1328 728 persona:
1353 655 1519 728 patris
1548 657 1889 730 significatio-

1999 661 2252 729 Πατέρα,
2302 665 2370 733 τῇ
2405 661 2708 716 ὑποστάσει
2759 662 2856 715 τοῦ
2886 665 3094 734 Πατρδς
3121 665 3218 733 τὴν
3274 663 3366 717 τοῦ
3410 665 3578 731 Ἐνάς

329 767 452 804 nem
483 752 634 805 vocis
687 752 848 807 Unius
894 750 1392 805 accommodamus.
1452 750 1521 804 At
1558 751 1604 805 si
1650 750 1889 805 dicamus

2001 752 2280 821 σημασίαν
2313 753 2630 824 ἀρμόζομεν
2651 769 2665 784 ·
2707 756 2754 806 εἰ
2788 755 2843 808 δὲ
2869 754 3125 824 λέγοιμεν
3149 757 3251 821 Εἰς
3273 755 3380 808 ἕνα
3408 759 3571 819 Θεὸν,

333 843 394 894 In
446 859 607 896 unum
665 842 850 905 Deum,
901 851 1062 910 atque
1114 841 1203 896 hic
1253 841 1718 912 interpungamus,
1773 857 1889 897 mox

1998 841 2234 896 ἐνταῦθα
2264 840 2696 909 στίζοντες,εἴτα
2717 847 3019 916 ὲπᾶγοιμεν
3049 848 3299 913 Πατέρα,
3322 848 3418 918 τὴν
3444 849 3574 916 μίαν

331 936 750 1006 subjungentes,
796 931 1054 996 Patrem;
1091 932 1579 1003 unamidivinitatis
1603 933 1889 987 essentiam

1996 932 2098 1002 τῆς
2131 933 2381 1006 θεότητος
2417 935 2610 989 οὐσίαν
2635 937 2999 1006 σημάναντες,
3035 937 3128 990 ἐπὶ
3178 939 3235 990 τὸ
3294 941 3576 1008 τριαδκὺν

331 1027 719 1094 signiﬁcantes,
761 1025 827 1078 ad
860 1023 1188 1079 Trinitatem
1223 1023 1450 1096 gradum
1499 1024 1730 1078 facimus
1766 1039 1889 1094 per-

1997 1025 2176 1096 χωροῦ
2184 1043 2284 1096 μεν
2312 1027 2420 1080 τῶν
2457 1029 2826 1083 ὐποδτάσεων.

326 1132 602 1171 sonat-nm.

399 1209 564 1263 Credo
587 1210 635 1262 in
678 1223 840 1261 unum
879 1206 1065 1261 Deum.
1097 1207 1216 1260 Non
1247 1206 1504 1261 essentia:
1533 1199 1892 1278 Signiﬁcativa

323 1317 428 1355 vox
464 1309 546 1355 est
578 1300 734 1366 Deus,
766 1316 944 1370 neque
977 1300 1172 1354 dirime
1199 1309 1408 1353 natura:
1438 1314 1658 1354 nomen.
1691 1301 1896 1365 Quem-

324 1391 613 1446 admodum
651 1392 796 1445 enim
835 1406 1051 1445 omnem
1089 1390 1498 1462 supergreditur
1533 1390 1892 1456 intellectum,

323 1485 400 1536 sic
431 1483 594 1536 etiam
643 1496 806 1537 omne
859 1479 1302 1550 prmtergreditur
1350 1495 1570 1535 nomen.
1619 1479 1715 1534 Est
1762 1494 1894 1552 ergo

323 1573 629 1644 symbolum
707 1571 929 1626 virtutis
992 1573 1247 1626 essentia:
1307 1569 1521 1624 divinae.
1590 1570 1704 1625 Nec
1744 1569 1892 1624 enim

322 1666 560 1722 divinam
587 1665 826 1720 insinuat
853 1663 1248 1729 exsistentiam,
1278 1661 1372 1718 sed
1407 1677 1525 1718 eam
1549 1677 1670 1732 quae
1701 1677 1768 1716 ex
1800 1662 1891 1717 illo

2068 1199 2334 1253 Πιστεύω
2365 1202 2452 1267 εις
2481 1201 2590 1255 ἕνα
2616 1203 2781 1256 Θεόν.
2823 1201 2936 1256 Οὐκ
2993 1201 3181 1264 οὐσίας
3236 1205 3570 1272 σημαντικόν

1998 1291 2114 1344 ἐστι
2147 1294 2207 1344 τὸ
2239 1292 2384 1358 Θεὸς
2412 1293 2532 1346 οὐδὲ
2579 1294 2678 1363 τῆς
2705 1293 2853 1358 θείας
2889 1293 3104 1360 φύσεως
3138 1293 3327 1361 ὄνομα.
3351 1294 3568 1363 Ὥσπερ

1999 1381 2109 1454 γὰρ
2167 1382 2305 1452 ὑπὲρ
2360 1382 2508 1437 ἆπαν
2546 1384 2857 1452 καθέστηκε
2909 1385 3112 1454 νόημα,
3161 1382 3304 1436 οὕτω
3337 1384 3433 1436 καὶ
3459 1384 3566 1436 πᾶν

1998 1474 2169 1542 ὄνομα
2213 1473 2600 1543 διαπέφευγεν.
2639 1474 2779 1528 Ἀλλ’
2814 1474 2929 1527 ἔστι
2969 1475 3069 1545 μὲν
3099 1474 3381 1544 ἐνεργείας
3418 1474 3569 1536 θείας

1995 1563 2182 1626 οὐσίας
2213 1564 2289 1635 (4)
2322 1566 2608 1636 σύμϐολον.
2635 1568 2710 1619 Οὐ
2739 1567 2846 1636 γὰρ
2869 1567 2927 1619 τὸ
2959 1563 3100 1619 εἶναι
3123 1565 3216 1618 τοῦ
3254 1565 3394 1618 Θεοῦ
3424 1583 3568 1636 παρα

1999 1652 2231 1724 ίστησιν,
2282 1654 2420 1709 ἀλλὰ
2459 1655 2557 1726 τὴν
2587 1657 2666 1720 είς
2699 1658 2845 1726 ἡμᾶς
2881 1657 2937 1723 ἐξ
2970 1657 3134 1709 αὐτοῦ
3159 1655 3456 1724 προϊοῦσαν
3482 1659 3574 1708 ἐκ·

324 1759 378 1813 in
411 1774 510 1813 nos
537 1757 780 1826 procedit
802 1755 1190 1810 divinizantem
1216 1753 1471 1807 virtutem
1495 1763 1549 1804 et
1571 1749 1885 1805 eﬁicaciam.

1996 1743 2258 1816 θεωτικὴν
2283 1745 2514 1818 δύναμιν
2540 1748 2637 1800 καὶ
2666 1748 2971 1819 ἐνέργειαν.

394 1851 561 1904 Credo
585 1850 638 1901 in
669 1865 831 1901 unum
857 1847 1022 1900 Deum
1043 1846 1468 1914 omnipotentem.
1497 1843 1712 1897 Patrem
1750 1841 1895 1912 cogi-

324 1951 501 1994 tamus
534 1938 835 1992 secundum
886 1936 938 1990 in
976 1935 1178 1990 divinis
1221 1933 1572 2004 principium,
1603 1934 1758 2002 cujus
1802 1947 1897 1989 ve-

321 2031 417 2085 luti
473 2027 724 2099 quaedam
757 2027 1005 2095 germina
1051 2025 1319 2080 divinitus
1364 2034 1548 2090 enata,
1588 2025 1892 2080 secundum

319 2121 780 2193 sapientissimum
813 2117 1192 2188 Areopagitam
1248 2116 1582 2188 Dionysium,
1637 2131 1895 2188 recogno-

320 2224 546 2270 scuntur
573 2212 742 2267 Filius
769 2221 825 2266 et
853 2211 1106 2281 Spiritus.
1136 2209 1251 2263 Non
1276 2209 1424 2263 enim
1457 2223 1523 2262 ex
1550 2218 1776 2279 paterna
1806 2223 1894 2264 re-

320 2304 525 2359 latione
549 2319 668 2373 qua:
698 2301 975 2356 invenitur
1001 2300 1058 2353 in
1089 2299 1290 2353 creatis
1335 2314 1365 2353 a
1398 2300 1507 2352 Deo
1548 2300 1733 2362 rebus,
1777 2299 1894 2354 sive

318 2396 482 2451 etiam
516 2395 871 2460 fecunditate,
919 2392 1162 2447 derivata
1206 2399 1290 2445 est
1341 2391 1521 2446 divina
1556 2393 1892 2461 paternitas;

318 2489 415 2544 sed
449 2504 514 2542 ex
559 2496 852 2557 superante
885 2499 1100 2540 omnem
1145 2493 1397 2538 naturam
1443 2483 1773 2539 fecunditate
1805 2502 1897 2540 su-

318 2577 791 2648 persubstantialis
819 2574 1147 2637 divinitatis,
1183 2575 1239 2628 in
1267 2574 1467 2628 creatis
1507 2575 1696 2640 rebus,
1733 2588 1790 2630 ut
1823 2576 1896 2630 ita

319 2685 532 2738 :oquar,
588 2678 798 2722 natura:
837 2666 1088 2738 genitura
1122 2665 1398 2720 derivatur
1435 2683 1448 2718 :
1486 2664 1744 2734 illamque
1782 2667 1898 2722 haec

320 2761 583 2825 imitatur,
631 2771 686 2816 at
737 2778 847 2816 non
891 2770 1100 2817 contra.
1160 2759 1403 2814 Primum
1461 2769 1642 2815 autem
1684 2760 1896 2815 Patrem

320 2850 564 2905 divinum
617 2834 932 2923 Symbolum
979 2851 1300 2919 assumpsit,
1351 2866 1459 2904 non
1507 2850 1648 2919 quod
1690 2852 1899 2920 primus

317 2948 392 3000 sit
423 2944 505 3000 vel
528 2943 704 3013 major
746 2944 820 3013 (⁸5)
845 2983 866 3010 ,
921 2941 1018 2994 sed
1063 2941 1187 3008 quia
1229 2939 1552 3009 principium
1590 2937 1809 2995 estFilii
1841 2949 1898 2997 et

317 3036 576 3106 Spiritus.
616 3036 661 3088 Δ
694 3033 968 3105 principio
1011 3042 1138 3088 sunt
1175 3033 1318 3086 enim
1353 3032 1437 3086 liae
1467 3047 1736 3100 personis,
1781 3048 1891 3086 non

317 3128 447 3198 ips.»
480 3125 770 3198 principia.
802 3125 974 3181 Autsi
1019 3123 1304 3195 principia,
1329 3138 1441 3177 non
1480 3133 1660 3177 tamen
1691 3123 1887 3188 Patris,

318 3222 414 3276 sed
441 3237 565 3275 cum
615 3219 800 3285 Patre,
847 3218 1148 3274 secundum
1196 3230 1539 3270 communem
1592 3215 1892 3274 divinitatis

320 3315 716 3378 eausalitatem,
752 3319 808 3366 et
830 3311 1074 3366 omnium
1116 3309 1256 3364 infra
1279 3309 1448 3363 Deum
1484 3317 1891 3376 creaturarum;

314 3407 716 3477 tanquanﬁeum
749 3403 908 3458 Patre
925 3411 1299 3472 cooperantes,
1317 3410 1370 3455 et
1388 3409 1762 3467 concreantes,
1782 3417 1890 3457 non

299 3498 538 3568 quidem
571 3507 824 3566 tanquam
857 3495 1164 3563 indigentes
1191 3493 1595 3563 cooperationis
1632 3493 1777 3548 inter
1807 3509 1889 3562 se,

299 3605 516 3660 apage;
536 3587 778 3658 perfecta
796 3587 942 3640 enim
962 3594 1018 3641 et
1038 3586 1246 3655 integra
1267 3593 1348 3638 est
1365 3585 1626 3639 divinitas
1643 3585 1698 3639 in
1716 3586 1890 3655 quali-

317 3683 407 3737 bet
425 3683 781 3754 bypostaseon
801 3696 814 3733 :
840 3680 935 3735 sed
950 3683 1150 3748 quippe
1165 3692 1271 3731 una
1289 3676 1558 3731 existente
1574 3676 1890 3747 operatione

321 3772 521 3826 \irtute
550 3779 605 3825 et
637 3771 916 3825 voluntate
951 3768 1148 3821 horum
1181 3763 1366 3819 trium.

395 3867 608 3919 Patrem
684 3863 1092 3930 omnipotentem
1143 3857 1396 3926 factorem
1449 3852 1564 3908 coeli
1621 3863 1666 3907 et
1713 3862 1887 3907 terrm.

296 3955 559 4009 'l’rimum
602 3951 820 4020 quidem
873 3949 1113 4017 positum
1159 3954 1242 3998 est
1281 3958 1480 3998 nomen
1510 3943 1654 3998 Deus
1680 3983 1696 4008 ,
1744 3942 1889 4012 quod

317 4057 569 4105 naturam
622 4040 1002 4103 commendat;
1037 4035 1252 4092 tametsi
1299 4034 1506 4088 nullum
1551 4034 1669 4104 ejus
1713 4044 1890 4088 exstet

325 4152 549 4198 nomen,
593 4143 652 4188 ut
683 4131 1057 4201 prmdiximus.
1092 4127 1298 4180 Deinde
1330 4125 1510 4186 Pater,
1543 4126 1688 4194 quod
1725 4125 1886 4180 ﬁdem

318 4225 688 4283 commendat.
727 4224 842 4294 Hoc
864 4230 1047 4274 autem
1094 4233 1293 4272 nomen
1327 4218 1416 4272 hic
1453 4217 1736 4286 proprium
1775 4233 1888 4272 non

318 4328 402 4373 est
434 4315 646 4378 Patris;
680 4312 986 4385 procedens
1015 4309 1160 4363 enim
1208 4307 1384 4363 oratio
1419 4305 1717 4360 declarabit
1756 4306 1888 4360 illud

2067 1834 2333 1888 Πιστεύω
2363 1838 2452 1901 εὶς
2496 1836 2604 1890 ἕνα
2643 1837 2792 1890 Θεὸν
2846 1838 3320 1904 παντοκράτορα.
3355 1838 3571 1909 Πατέρα

1995 1925 2223 1996 νοοῦμεν
2272 1927 2370 1998 τὴν
2396 1926 2643 1996 θεογόνον
2673 1929 2876 1991 αἰτίαν,
2906 1925 2968 2000 ἧς
3008 1929 3200 1998 ὥσπερ
3249 1931 3396 1992 τινὲς
3443 1932 3568 1999 βλα-

1999 2017 2112 2068 etot
2137 2015 2414 2086 θεόφυτοι,
2442 2018 2585 2071 κατὰ
2615 2019 2706 2070 τὸν
2733 2018 2792 2084 ἐξ
2835 2020 3048 2088 Ἀρείου
3086 2022 3266 2090 πάγου
3317 2020 3564 2089 σοφώτα-

1995 2123 2087 2159 τον
2116 2106 2413 2174 Διονύσιον,
2439 2108 2564 2172 Υἱὸς
2591 2111 2684 2162 καὶ
2709 2109 2930 2181 Πνεῦμα
2954 2113 3331 2182 γνωρίζονται.
3355 2115 3428 2166 Οὐ
3461 2119 3569 2186 γὲτρ

1997 2199 2060 2250 ἐκ
2091 2197 2187 2267 τῆς
2238 2199 2437 2262 ἐντοῖς
2485 2199 2936 2272 δημιουργήμασι
2997 2204 3273 2273 πατρικῆς
3333 2205 3571 2275 σχέσεως

1997 2289 2106 2340 εἴτε
2135 2289 2228 2341 καὶ
2262 2289 2614 2359 γονιμότητος
2645 2293 2677 2361 ή
2711 2293 2767 2344 ὲν
2799 2293 2918 2364 Θεῷ
2943 2296 3220 2365 πατρότης
3244 2296 3416 2359 ἐστὶν,
3447 2296 3566 2348 ἀλλ’

1998 2381 2060 2432 ὲκ
2092 2381 2189 2450 τῆς
2220 2382 2533 2452 ὑπερφυοῦς
2556 2387 2915 2457 γονιμότητος
2947 2388 3046 2456 τῆς
3077 2390 3402 2458 ὐπερουσίου
3443 2390 3564 2443 θεό-

1996 2487 2158 2542 τητος
2183 2474 2242 2525 ὲν
2264 2476 2374 2535 τοῖς
2401 2475 2884 2548 δημιουργήμασιν
2934 2474 3043 2532 οἷον
3079 2483 3253 2534 εἰπεῖν
3305 2498 3566 2550 φυσιογο-

1998 2563 2116 2618 νίαν
2151 2566 2480 2638 παράγεται.
2517 2569 2627 2622 Καὶ
2660 2571 2875 2640 ἐκείνην
2903 2570 3041 2639 αῦτη
3069 2574 3344 2642 μιμεῖται,
3366 2570 3562 2625 ἀλλὀὐ

1997 2657 2057 2708 τὸ
2095 2656 2351 2727 ἔμπαλιν.
2376 2660 2599 2728 Πρῶτον
2627 2659 2684 2713 δὲ
2715 2661 2806 2714 τὸν
2843 2662 3062 2730 Πατέρα
3092 2662 3154 2716 τὸ
3179 2663 3323 2718 θεῖον
3370 2663 3566 2734 παρεί-

1998 2745 2134 2817 ληφε
2175 2747 2250 2821 (5)
2283 2749 2570 2820 σύμϐολον,
2601 2751 2699 2821 οὐχ
2728 2753 2811 2805 ὅτι
2846 2753 3061 2823 πρῶτός
3091 2757 3238 2807 ἐστιν
3267 2754 3299 2825 ἢ
3345 2755 3567 2825 μείζων,

1999 2839 2112 2894 ἀλλ’
2146 2840 2226 2892 ὅτι
2256 2842 2426 2904 αίτιός
2461 2843 2577 2896 ἐστι
2638 2843 2733 2897 τοῦ
2771 2843 2902 2897 Υίοῦ
2932 2846 3027 2898 καὶ
3075 2847 3170 2898 τοῦ
3227 2846 3566 2916 Πνεῦμα-τος.

1997 2931 2229 2986 Αἰτιατὰ
2251 2932 2309 2985 δὲ
2334 2933 2530 2998 ταῦτα,
2551 2935 2612 2987 οὐ
2645 2935 2720 3006 μὴ
2742 2936 2911 2991 αἴτια.
2938 2938 2999 2990 Εί
3032 2937 3089 2991 δὲ
3137 2937 3231 2990 καὶ
3254 2939 3423 3000 αἴτια,
3449 2937 3566 2989 ἀλλ’

1999 3023 2062 3076 οὐ
2083 3022 2178 3075 τοῦ
2200 3024 2440 3093 Πατρὸς,
2460 3026 2597 3078 ἀλλὰ
2627 3028 2768 3097 μετὰ
2794 3026 2890 3081 τοῦ
2920 3029 3153 3099 Πατρὸς,
3183 3031 3323 3082 κατὰ
3340 3029 3438 3100 τὴν
3455 3046 3562 3081 κοι-

1993 3116 2090 3187 νὴν
2117 3117 2213 3187 τῆς
2247 3118 2497 3186 θεότητος
2549 3121 2906 3188 αἰτιολογίαν,
2958 3124 3052 3174 καὶ
3103 3123 3211 3175 τῶν
3247 3127 3384 3192 μετὰ
3433 3122 3562 3174 Θεὸν

1993 3208 2247 3261 ἁπάντων
2279 3210 2616 3280 κτισμάτων,
2640 3211 2716 3274 ὼς
2737 3215 2974 3284 συνεργὰ
3001 3212 3078 3283 τῷ
3109 3216 3281 3285 Πατρὶ
3310 3217 3403 3266 καὶ
3437 3231 3565 3266 συν-

1989 3299 2326 3370 δημιουργὰ,
2351 3302 2452 3372 οὐχ
2483 3302 2558 3366 ὡς
2578 3302 2810 3373 δεόμενα
2836 3304 2935 3373 τῆς
2970 3306 3290 3376 συνεργείας
3331 3307 3564 3368 τούτων,

1989 3392 2174 3462 ἄπαγε
2194 3408 2206 3423 ·
2240 3394 2420 3448 τελεία
2443 3396 2550 3464 γὰρ
2578 3397 2671 3448 καὶ
2697 3396 2991 3469 ὁλόκληρος
3033 3400 3066 3469 ὴ
3093 3399 3284 3468 θεότης
3332 3417 3389 3452 ιν
3435 3400 3566 3451 ἐκα-

1991 3501 2092 3556 στῃ
2128 3485 2236 3540 τῶν
2262 3486 2636 3540 ὑποστάσεωνο
2658 3488 2775 3541 ἀλλ’
2801 3489 2875 3552 ὡς
2901 3491 3030 3559 μιᾶς
3066 3489 3240 3561 οὐσης
3275 3491 3370 3543 καὶ
3405 3493 3560 3560 ἐνερ-

1988 3578 2138 3646 γείας
2175 3579 2269 3633 καὶ
2299 3578 2582 3651 δυνάμεως
2609 3581 2701 3635 καὶ
2725 3580 3031 3654 βουλήσεως
3055 3583 3164 3635 τῶν
3196 3583 3381 3653 τριῶν.

2063 3849 2289 3920 Πατέρα
2345 3851 2813 3922 παντοκράτορα,
2841 3853 3097 3924 ποιητὴν
3147 3854 3404 3923 οὐρανοῦ
3458 3855 3557 3910 καὶ

1989 3940 2122 4011 τῆς·
2155 3942 2380 4014 Πρῶτον
2407 3941 2510 4014 μὲν
2539 3944 2601 3996 τδ
2623 3944 2728 4013 τῆς
2755 3944 2971 4014 φύσεως
3006 3948 3410 4018 παραστατικὸν
3437 3948 3554 4003 δν)-

1992 4051 2068 4101 μα
2101 4034 2340 4088 τέθειται
2365 4037 2424 4088 τὸ
2456 4036 2623 4101 Θεὸς,
2646 4039 2695 4090 εί
2731 4039 2827 4090 καὶ
2868 4039 3058 4109 μηδὲν,
3080 4039 3155 4102 ὡς
3184 4040 3432 4109 εἴπομεν,
3463 4041 3560 4092 αὐε-

1989 4123 2088 4192 τῆς
2118 4125 2264 4177 ἐστιν
2300 4125 2508 4196 ὄνομα·
2547 4123 2665 4181 εἶτα
2705 4128 2768 4180 τὸ
2813 4128 2914 4197 τῆς
2965 4129 3197 4192 πίστεως
3228 4132 3286 4180 τὸ
3331 4131 3555 4196 Πατήρ.

1989 4215 2104 4268 Οὐκ
2125 4216 2258 4269 ἴδιον
2284 4216 2340 4270 δὲ
2369 4219 2527 4271 τοῦτο
2549 4220 2640 4272 τοῦ
2667 4221 2876 4290 Πατρός
2906 4237 2920 4252 ο
2968 4224 3088 4275 ἐπεὶ
3117 4223 3321 4292 προῖὼν
3347 4226 3374 4276 ό
3401 4225 3558 4290 λόγος

1988 4305 2222 4376 δηλώσει
2252 4309 2412 4363 τοῦτο
2436 4311 2529 4365 καὶ
2554 4311 2631 4381 τῷ
2657 4311 2768 4382 Υίῴ
2794 4315 2887 4365 καὶ
2916 4314 2993 4384 τῷ
3025 4315 3162 4366 [Ινεύ
3173 4332 3322 4382 ματι.
3342 4315 3448 4368 Καὶ
3471 4316 3558 4380 εἰς

319 4423 374 4467 et
423 4410 560 4465 Filio
612 4416 668 4462 et
718 4405 942 4476 Spiritui
994 4409 1328 4471 competere.
1367 4399 1458 4453 Ait
1498 4399 1642 4453 enim
1674 4415 1688 4449 :
1723 4397 1791 4452 Et
1834 4401 1889 4453 in

1996 4396 2101 4450 ἕνα
2137 4399 2264 4468 γὰρ,
2297 4401 2450 4469 φησὶ,
2470 4401 2690 4468 Κύριον
2727 4402 2969 4468 Ἰησοῦν
2995 4401 3318 4470 Χριστὸν...
3354 4403 3450 4456 καὶ
3473 4407 3561 4467 εις

317 4519 479 4556 unum
513 4500 791 4554 Dominum
832 4496 1011 4550 Iesum
1050 4492 1386 4549 Christum...
1440 4499 1490 4544 et
1521 4492 1577 4544 in
1624 4489 1883 4559 Spiritum

317 4605 560 4650 sanctum
596 4592 897 4644 Dominum.
930 4584 1169 4639 Dicimus
1195 4591 1401 4644 autem,
1436 4579 1877 4651 Omnipotentcm,

317 4689 716 4756 distinguentes
755 4696 855 4735 nos
886 4679 954 4734 ab
989 4675 1241 4732 ltatretica
1275 4673 1505 4730 stultitia
1554 4669 1884 4727 Manichaeo-

319 4795 461 4840 rum,
517 4776 964 4830 Simonianorum
1011 4779 1065 4824 et
1101 4766 1593 4830 Marcionistarum,
1627 4764 1722 4835 qui
1772 4780 1885 4819 non

320 4867 704 4924 universorum
729 4863 1020 4918 artitrium
1048 4859 1141 4913 uni
1173 4873 1236 4911 ac
1260 4856 1363 4911 soli
1389 4857 1499 4912 Deo
1529 4856 1832 4911 attribuunt
1869 4872 1883 4910 :

317 4962 412 5016 sed
444 4957 674 5014 diversis
711 4955 995 5024 principiis
1027 4958 1354 5023 potestatem
1385 4968 1568 5008 rerum
1601 4952 1878 5006 allricant.

315 5053 496 5119 Quare
525 5050 957 5118 omnipotentem
1008 5046 1224 5100 Patrem
1260 5045 1528 5108 dicentes,
1561 5045 1723 5108 etiam
1757 5057 1877 5097 eau-

318 5159 434 5196 sam
469 5143 592 5212 ejus
622 5137 1037 5206 omnipotentiae
1064 5135 1408 5196 adducimus,
1450 5133 1713 5187 factorem
1758 5148 1883 5188 eum

313 5238 436 5291 caeli
464 5246 518 5289 et
549 5246 703 5289 terra:
728 5231 974 5286 dicentes
1005 5249 1018 5283 :
1042 5245 1168 5282 nam
1198 5228 1455 5282 extremis
1481 5227 1696 5298 positis,
1719 5227 1884 5282 etiam

314 5344 432 5395 qua:
463 5326 514 5378 in
547 5323 722 5377 medio
758 5330 888 5376 sunt
916 5319 1247 5373 innuuntur.

385 5510 462 5580 (ὅ)
509 5505 656 5564 Infra
711 5506 962 5580 quaarde
1006 5503 1273 5580 principio
1326 5503 1478 5580 dicit,
1521 5503 1880 5574 grmcanicum

311 5574 452 5650 quid
469 5581 707 5647 sapiunt,
733 5574 1492 5650 benigneinterpretandum.

389 5650 471 5714 (ὦ)
497 5645 715 5702 Planius
740 5645 1032 5717 ἐνεργειῶν
1063 5645 1214 5717 θείας
1242 5645 1451 5708 οὐσίας.

376 5720 460 5791 ιε)
482 5719 546 5773 ln
569 5719 700 5773 Cod.
741 5721 927 5774 vitiose
954 5716 1278 5787 παρήλειφει

1986 4489 2051 4545 τὸ
2087 4491 2324 4559 Πνεῦμα
2352 4491 2416 4544 τὸ
2446 4491 2634 4561 ἅγιον,
2665 4494 2730 4547 τὸ
2757 4493 2998 4562 Κύριον.
3020 4495 3474 4566 Παντοκράτορα
3502 4496 3552 4548 δὲ

1985 4582 2216 4652 λέγομεν
2268 4582 2782 4648 ἀπιδεαστέλλοντες
2838 4587 3068 4648 ἑαυτοὺς
3117 4586 3216 4654 τῆς
3277 4588 3556 4653 αἱρετικῆς

1984 4673 2295 4746 ἀφροσύνης
2326 4675 2434 4729 τῶν
2460 4677 2570 4730 ἀπὸ
2598 4679 2878 4742 Μάνεντος
2908 4681 3003 4732 καὶ
3017 4680 3263 4748 Σίμωνος
3292 4681 3388 4732 καὶ
3403 4678 3555 4747 Map-

1986 4764 2202 4828 κίωνος,
2251 4765 2300 4818 οἳ
2333 4767 2410 4834 μὴ
2472 4768 2688 4821 πάντων
2746 4770 2844 4840 τὴν
2879 4771 3202 4824 δεσποτείαν
3234 4771 3311 4841 τῷ
3352 4773 3430 4822 ἑνὶ
3466 4772 3556 4824 καὶ

1990 4856 2134 4927 μόνῳ
2159 4857 2276 4926 Θεῷ
2300 4858 2555 4923 διδόασιν,
2573 4859 2711 4915 ἀλλὰ
2744 4861 3026 4933 διαφόροις
3042 4865 3241 4932 ἀρχαῖς
3268 4864 3368 4933 τὴν
3401 4862 3555 4927 ἐξου-

1989 4948 2109 4999 σίαν
2137 4948 2242 5002 τῶν
2270 4948 2436 5001 ὄντων
2461 4951 2886 5022 ἀπομερίζουσι.
2909 4955 3001 5007 Διὸ
3018 4957 3440 5027 παντοκράτορα
3466 4956 3556 5008 τὸν

1991 5039 2209 5110 Πατέρα
2234 5041 2474 5105 τιθέντες
2509 5044 2605 5105 καὶ
2648 5045 2747 5116 τὴν
2776 5045 2958 5100 αἰτίαν
3002 5047 3102 5116 τῆς
3148 5048 3318 5102 αὐτοῦ
3356 5065 3555 5102 παντο-

1990 5133 2285 5202 κρατορίας
2328 5135 2630 5205 ὲπάγομεν,
2663 5138 2896 5208 ποιητὴν
2933 5139 3164 5209 οὐρανοῦ
3192 5142 3286 5194 καὶ
3307 5141 3412 5209 γῆς
3438 5142 3552 5192 τοῦ⁸

1986 5240 2079 5275 τον
2107 5223 2378 5291 λέγοντες,
2419 5225 2496 5289 ὡς
2525 5229 2712 5298 ἄκρων
2767 5230 2875 5298 γὰρ
2927 5229 3098 5283 ὄντων
3135 5231 3214 5304 (ϐ)
3249 5233 3344 5285 καὶ
3388 5233 3458 5285 τὰ
3502 5234 3562 5286 ὲν

1966 5315 2139 5384 ’μέσῳ
2164 5317 2564 5387 σημαινόμενα.

2062 5501 2138 5577 (β)
2171 5502 2270 5577 llic
2317 5504 2464 5559 locus
2491 5505 2682 5560 leviter
2716 5516 3009 5577 corruptus
3043 5514 3148 5562 est.
3207 5504 3387 5560 Malim
3434 5523 3561 5577 ergo

1988 5587 2043 5646 tn
2067 5573 2182 5646 fine
2207 5575 2384 5642 legere
2411 5577 2811 5646 σημαινόμεθα.
2849 5573 3015 5632 Paulo
3055 5585 3185 5632 ante
3221 5588 3350 5632 nota
3399 5573 3558 5633 voca-

1986 5641 2174 5696 bulum
2227 5641 2639 5716 αὐτοκρατορία.

3607 5981 3669 6047 ρ

3565 6030 3640 6090 θ’
3661 6060 3720 6127 /
