  <div class='ocr_page' id='page_1' title='image "/cluster/home/n/w/nwhite01/storage/ocr_20150623/131/hvd.32044073502379/019.png"; bbox 0 0 4006 6248; ppageno 0'>
   <div class='ocr_carea' id='block_1_1' title="bbox 327 262 3572 342">
    <p class='ocr_par' dir='ltr' id='par_1_1' title="bbox 327 262 3572 342">
     <span class='ocr_line' id='line_1_1' title="bbox 327 262 3572 342; baseline 0.001 -5"><span class='ocrx_word' id='word_1_1' title='bbox 327 275 395 337; x_wconf 78' lang='lat' dir='ltr'><strong>t5</strong></span> <span class='ocrx_word' id='word_1_2' title='bbox 1541 269 1927 333; x_wconf 82' lang='lat' dir='ltr'><strong>EUTHYMII</strong></span> <span class='ocrx_word' id='word_1_3' title='bbox 1969 273 2329 337; x_wconf 78' lang='lat' dir='ltr'><strong>ZIGABENI</strong></span> <span class='ocrx_word' id='word_1_4' title='bbox 2508 262 2518 271; x_wconf 84' lang='lat'><strong>&#39;</strong></span> <span class='ocrx_word' id='word_1_5' title='bbox 3506 276 3572 342; x_wconf 71' lang='grc' dir='ltr'>ιδ</span> 
     </span>
    </p>
   </div>
   <div class='ocr_carea' id='block_1_2' title="bbox 326 382 1895 466">
    <p class='ocr_par' dir='ltr' id='par_1_2' title="bbox 326 382 1895 454">
     <span class='ocr_line' id='line_1_2' title="bbox 326 382 1895 454; baseline -0.002 -12"><span class='ocrx_word' id='word_1_6' title='bbox 326 385 727 454; x_wconf 81' lang='lat' dir='ltr'><strong>cumdemque?</strong></span> <span class='ocrx_word' id='word_1_7' title='bbox 774 384 1014 441; x_wconf 76' lang='lat' dir='ltr'><strong>Per‘ltoc</strong></span> <span class='ocrx_word' id='word_1_8' title='bbox 1043 384 1185 440; x_wconf 84' lang='lat' dir='ltr'><strong>cnim</strong></span> <span class='ocrx_word' id='word_1_9' title='bbox 1213 392 1271 439; x_wconf 92' lang='lat' dir='ltr'><strong>et</strong></span> <span class='ocrx_word' id='word_1_10' title='bbox 1302 382 1529 439; x_wconf 84' lang='lat' dir='ltr'><strong>Paulum</strong></span> <span class='ocrx_word' id='word_1_11' title='bbox 1590 382 1895 439; x_wconf 87' lang='lat' dir='ltr'><strong>Samosate-</strong></span> 
     </span>
    </p>
   </div>
   <div class='ocr_carea' id='block_1_3' title="bbox 2000 382 3565 466">
    <p class='ocr_par' dir='ltr' id='par_1_3' title="bbox 2000 386 3565 466">
     <span class='ocr_line' id='line_1_3' title="bbox 2000 386 3565 466; baseline 0.004 -26"><span class='ocrx_word' id='word_1_12' title='bbox 2000 386 2154 441; x_wconf 74' lang='grc' dir='ltr'>ἄλλον</span> <span class='ocrx_word' id='word_1_13' title='bbox 2191 387 2248 441; x_wconf 79' lang='grc' dir='ltr'>δὲ</span> <span class='ocrx_word' id='word_1_14' title='bbox 2276 387 2368 442; x_wconf 81' lang='grc' dir='ltr'>τὸν</span> <span class='ocrx_word' id='word_1_15' title='bbox 2392 386 2493 459; x_wconf 82' lang='grc' dir='ltr'><strong>τῆς</strong></span> <span class='ocrx_word' id='word_1_16' title='bbox 2542 387 2825 460; x_wconf 84' lang='grc' dir='ltr'>Παρθένου</span> <span class='ocrx_word' id='word_1_17' title='bbox 2859 388 3103 444; x_wconf 76' lang='grc' dir='ltr'>διδάσκει</span> <span class='ocrx_word' id='word_1_18' title='bbox 3139 391 3201 445; x_wconf 79' lang='grc' dir='ltr'><strong>τὸ</strong></span> <span class='ocrx_word' id='word_1_19' title='bbox 3230 392 3388 463; x_wconf 73' lang='grc' dir='ltr'>ἅγιον</span> <span class='ocrx_word' id='word_1_20' title='bbox 3408 393 3565 466; x_wconf 77' lang='grc' dir='ltr'><strong>Σύμ-</strong></span> 
     </span>
    </p>
   </div>
   <div class='ocr_carea' id='block_1_4' title="bbox 322 477 1894 548">
    <p class='ocr_par' dir='ltr' id='par_1_4' title="bbox 322 477 1894 548">
     <span class='ocr_line' id='line_1_4' title="bbox 322 477 1894 548; baseline -0.001 -15"><span class='ocrx_word' id='word_1_21' title='bbox 322 494 455 534; x_wconf 90' lang='lat' dir='ltr'><strong>num</strong></span> <span class='ocrx_word' id='word_1_22' title='bbox 530 489 585 531; x_wconf 89' lang='lat' dir='ltr'><strong>et</strong></span> <span class='ocrx_word' id='word_1_23' title='bbox 650 477 958 533; x_wconf 81' lang='lat' dir='ltr'><strong>Nestorium</strong></span> <span class='ocrx_word' id='word_1_24' title='bbox 1034 477 1345 541; x_wconf 85' lang='lat' dir='ltr'><strong>submovet,</strong></span> <span class='ocrx_word' id='word_1_25' title='bbox 1403 477 1500 547; x_wconf 99' lang='grc' dir='ltr'><strong>(ιυί</strong></span> <span class='ocrx_word' id='word_1_26' title='bbox 1572 477 1894 548; x_wconf 86' lang='lat' dir='ltr'><strong>blaspheme</strong></span> 
     </span>
    </p>
   </div>
   <div class='ocr_carea' id='block_1_5' title="bbox 323 566 1895 638">
    <p class='ocr_par' dir='ltr' id='par_1_5' title="bbox 323 566 1895 638">
     <span class='ocr_line' id='line_1_5' title="bbox 323 566 1895 638; baseline -0.001 -16"><span class='ocrx_word' id='word_1_27' title='bbox 323 579 549 625; x_wconf 75' lang='lat' dir='ltr'><strong>tuentur</strong></span> <span class='ocrx_word' id='word_1_28' title='bbox 577 569 757 624; x_wconf 84' lang='lat' dir='ltr'><strong>illud:</strong></span> <span class='ocrx_word' id='word_1_29' title='bbox 809 569 1020 624; x_wconf 83' lang='lat' dir='ltr'><strong>Novum</strong></span> <span class='ocrx_word' id='word_1_30' title='bbox 1070 583 1314 638; x_wconf 87' lang='lat' dir='ltr'><strong>prorsus,</strong></span> <span class='ocrx_word' id='word_1_31' title='bbox 1366 577 1421 623; x_wconf 90' lang='lat' dir='ltr'><strong>et</strong></span> <span class='ocrx_word' id='word_1_32' title='bbox 1466 584 1497 622; x_wconf 62' lang='grc' dir='ltr'><strong>τι</strong></span> <span class='ocrx_word' id='word_1_33' title='bbox 1542 566 1711 621; x_wconf 81' lang='lat' dir='ltr'><strong>Maria</strong></span> <span class='ocrx_word' id='word_1_34' title='bbox 1755 566 1895 621; x_wconf 88' lang='lat' dir='ltr'><strong>inci-</strong></span> 
     </span>
    </p>
   </div>
   <div class='ocr_carea' id='block_1_6' title="bbox 320 658 1895 730">
    <p class='ocr_par' dir='ltr' id='par_1_6' title="bbox 320 658 1895 730">
     <span class='ocr_line' id='line_1_6' title="bbox 320 658 1895 730; baseline -0.001 -16"><span class='ocrx_word' id='word_1_35' title='bbox 320 662 561 730; x_wconf 79' lang='lat' dir='ltr'><strong>pientem</strong></span> <span class='ocrx_word' id='word_1_36' title='bbox 608 660 906 714; x_wconf 75' lang='lat' dir='ltr'><strong>Christum.</strong></span> <span class='ocrx_word' id='word_1_37' title='bbox 967 659 1108 724; x_wconf 84' lang='lat' dir='ltr'><strong>Quin</strong></span> <span class='ocrx_word' id='word_1_38' title='bbox 1153 668 1209 713; x_wconf 90' lang='lat' dir='ltr'><strong>et</strong></span> <span class='ocrx_word' id='word_1_39' title='bbox 1270 674 1461 713; x_wconf 85' lang='lat' dir='ltr'><strong>amens</strong></span> <span class='ocrx_word' id='word_1_40' title='bbox 1520 658 1895 729; x_wconf 81' lang='lat' dir='ltr'><strong>Apollinarins</strong></span> 
     </span>
    </p>
   </div>
   <div class='ocr_carea' id='block_1_7' title="bbox 321 750 1893 821">
    <p class='ocr_par' dir='ltr' id='par_1_7' title="bbox 321 750 1893 821">
     <span class='ocr_line' id='line_1_7' title="bbox 321 750 1893 821; baseline -0.001 -15"><span class='ocrx_word' id='word_1_41' title='bbox 321 769 419 821; x_wconf 80' lang='lat' dir='ltr'><strong>per</strong></span> <span class='ocrx_word' id='word_1_42' title='bbox 451 752 567 806; x_wconf 68' lang='lat' dir='ltr'><strong>hanc</strong></span> <span class='ocrx_word' id='word_1_43' title='bbox 602 754 670 805; x_wconf 85' lang='lat' dir='ltr'><strong>ab</strong></span> <span class='ocrx_word' id='word_1_44' title='bbox 720 750 966 806; x_wconf 75' lang='lat' dir='ltr'><strong>Ecclesia</strong></span> <span class='ocrx_word' id='word_1_45' title='bbox 1007 758 1250 815; x_wconf 78' lang='lat' dir='ltr'><strong>arcetur,</strong></span> <span class='ocrx_word' id='word_1_46' title='bbox 1311 752 1402 820; x_wconf 85' lang='lat' dir='ltr'><strong>qui</strong></span> <span class='ocrx_word' id='word_1_47' title='bbox 1453 751 1671 806; x_wconf 79' lang='lat' dir='ltr'><strong>diversa</strong></span> <span class='ocrx_word' id='word_1_48' title='bbox 1722 754 1825 808; x_wconf 82' lang='lat' dir='ltr'><strong>fuit</strong></span> <span class='ocrx_word' id='word_1_49' title='bbox 1863 768 1893 805; x_wconf 91' lang='lat' dir='ltr'><strong>a</strong></span> 
     </span>
    </p>
   </div>
   <div class='ocr_carea' id='block_1_8' title="bbox 319 842 1895 915">
    <p class='ocr_par' dir='ltr' id='par_1_8' title="bbox 319 842 1895 915">
     <span class='ocr_line' id='line_1_8' title="bbox 319 842 1895 915; baseline 0 -16"><span class='ocrx_word' id='word_1_50' title='bbox 319 845 698 915; x_wconf 71' lang='lat' dir='ltr'><strong>superioribus</strong></span> <span class='ocrx_word' id='word_1_51' title='bbox 728 842 918 914; x_wconf 86' lang='lat' dir='ltr'><strong>pestis.</strong></span> <span class='ocrx_word' id='word_1_52' title='bbox 958 843 1038 897; x_wconf 92' lang='lat' dir='ltr'><strong>Illi</strong></span> <span class='ocrx_word' id='word_1_53' title='bbox 1082 844 1231 898; x_wconf 90' lang='lat' dir='ltr'><strong>enim</strong></span> <span class='ocrx_word' id='word_1_54' title='bbox 1277 860 1306 898; x_wconf 87' lang='lat' dir='ltr'><strong>a</strong></span> <span class='ocrx_word' id='word_1_55' title='bbox 1341 844 1506 899; x_wconf 79' lang='lat' dir='ltr'><strong>Maria</strong></span> <span class='ocrx_word' id='word_1_56' title='bbox 1541 861 1791 914; x_wconf 86' lang='lat' dir='ltr'><strong>prorsus,</strong></span> <span class='ocrx_word' id='word_1_57' title='bbox 1835 854 1895 899; x_wconf 89' lang='lat' dir='ltr'><strong>ut</strong></span> 
     </span>
    </p>
   </div>
   <div class='ocr_carea' id='block_1_9' title="bbox 320 934 1893 1006">
    <p class='ocr_par' dir='ltr' id='par_1_9' title="bbox 320 934 1893 1006">
     <span class='ocr_line' id='line_1_9' title="bbox 320 934 1893 1006; baseline 0 -15"><span class='ocrx_word' id='word_1_58' title='bbox 320 937 391 991; x_wconf 86' lang='lat' dir='ltr'><strong>ita</strong></span> <span class='ocrx_word' id='word_1_59' title='bbox 424 937 630 1006; x_wconf 90' lang='lat' dir='ltr'><strong>loquar,</strong></span> <span class='ocrx_word' id='word_1_60' title='bbox 661 935 929 1005; x_wconf 85' lang='lat' dir='ltr'><strong>incepisse</strong></span> <span class='ocrx_word' id='word_1_61' title='bbox 976 934 1256 991; x_wconf 85' lang='lat' dir='ltr'><strong>Christum</strong></span> <span class='ocrx_word' id='word_1_62' title='bbox 1299 936 1555 990; x_wconf 81' lang='lat' dir='ltr'><strong>dixerunt</strong></span> <span class='ocrx_word' id='word_1_63' title='bbox 1585 954 1597 990; x_wconf 90' lang='lat'><strong>:</strong></span> <span class='ocrx_word' id='word_1_64' title='bbox 1628 947 1681 993; x_wconf 89' lang='lat' dir='ltr'><strong>at</strong></span> <span class='ocrx_word' id='word_1_65' title='bbox 1727 938 1893 1006; x_wconf 82' lang='lat' dir='ltr'><strong>Apol-</strong></span> 
     </span>
    </p>
   </div>
   <div class='ocr_carea' id='block_1_10' title="bbox 319 1027 1896 1098">
    <p class='ocr_par' dir='ltr' id='par_1_10' title="bbox 319 1027 1896 1098">
     <span class='ocr_line' id='line_1_10' title="bbox 319 1027 1896 1098; baseline 0.001 -15"><span class='ocrx_word' id='word_1_66' title='bbox 319 1031 572 1093; x_wconf 82' lang='lat' dir='ltr'><strong>linarius,</strong></span> <span class='ocrx_word' id='word_1_67' title='bbox 627 1028 894 1098; x_wconf 89' lang='lat' dir='ltr'><strong>quidquid</strong></span> <span class='ocrx_word' id='word_1_68' title='bbox 942 1027 1033 1082; x_wconf 87' lang='lat' dir='ltr'><strong>ille</strong></span> <span class='ocrx_word' id='word_1_69' title='bbox 1079 1036 1164 1082; x_wconf 88' lang='lat' dir='ltr'><strong>est</strong></span> <span class='ocrx_word' id='word_1_70' title='bbox 1196 1029 1266 1081; x_wconf 88' lang='lat' dir='ltr'><strong>ah</strong></span> <span class='ocrx_word' id='word_1_71' title='bbox 1307 1036 1516 1082; x_wconf 66' lang='lat' dir='ltr'><strong>aeterno</strong></span> <span class='ocrx_word' id='word_1_72' title='bbox 1571 1028 1794 1092; x_wconf 84' lang='lat' dir='ltr'><strong>habere.</strong></span> <span class='ocrx_word' id='word_1_73' title='bbox 1841 1040 1896 1086; x_wconf 90' lang='lat' dir='ltr'><strong>ct</strong></span> 
     </span>
    </p>
   </div>
   <div class='ocr_carea' id='block_1_11' title="bbox 318 1119 1895 1189">
    <p class='ocr_par' dir='ltr' id='par_1_11' title="bbox 318 1119 1895 1189">
     <span class='ocr_line' id='line_1_11' title="bbox 318 1119 1895 1189; baseline 0.001 -15"><span class='ocrx_word' id='word_1_74' title='bbox 318 1121 454 1175; x_wconf 88' lang='lat' dir='ltr'><strong>nihil</strong></span> <span class='ocrx_word' id='word_1_75' title='bbox 483 1137 547 1175; x_wconf 85' lang='lat' dir='ltr'><strong>ex</strong></span> <span class='ocrx_word' id='word_1_76' title='bbox 588 1120 1235 1188; x_wconf 72' lang='lat' dir='ltr'><strong>Yirgineassumpsisse;</strong></span> <span class='ocrx_word' id='word_1_77' title='bbox 1288 1119 1423 1189; x_wconf 92' lang='lat' dir='ltr'><strong>quin</strong></span> <span class='ocrx_word' id='word_1_78' title='bbox 1467 1128 1524 1175; x_wconf 89' lang='lat' dir='ltr'><strong>et</strong></span> <span class='ocrx_word' id='word_1_79' title='bbox 1569 1135 1790 1175; x_wconf 89' lang='lat' dir='ltr'><strong>carnem</strong></span> <span class='ocrx_word' id='word_1_80' title='bbox 1826 1122 1895 1176; x_wconf 91' lang='lat' dir='ltr'><strong>de</strong></span> 
     </span>
    </p>
   </div>
   <div class='ocr_carea' id='block_1_12' title="bbox 318 1211 1893 1284">
    <p class='ocr_par' dir='ltr' id='par_1_12' title="bbox 318 1211 1893 1284">
     <span class='ocr_line' id='line_1_12' title="bbox 318 1211 1893 1284; baseline -0.001 -15"><span class='ocrx_word' id='word_1_81' title='bbox 318 1214 577 1284; x_wconf 83' lang='lat' dir='ltr'><strong>supernis</strong></span> <span class='ocrx_word' id='word_1_82' title='bbox 609 1213 891 1279; x_wconf 85' lang='lat' dir='ltr'><strong>detulisse,</strong></span> <span class='ocrx_word' id='word_1_83' title='bbox 937 1221 992 1265; x_wconf 89' lang='lat' dir='ltr'><strong>et</strong></span> <span class='ocrx_word' id='word_1_84' title='bbox 1023 1226 1202 1281; x_wconf 85' lang='lat' dir='ltr'><strong>neque</strong></span> <span class='ocrx_word' id='word_1_85' title='bbox 1253 1211 1561 1281; x_wconf 77' lang='lat' dir='ltr'><strong>perfectum</strong></span> <span class='ocrx_word' id='word_1_86' title='bbox 1614 1212 1893 1268; x_wconf 82' lang='lat' dir='ltr'><strong>hominem</strong></span> 
     </span>
    </p>
   </div>
   <div class='ocr_carea' id='block_1_13' title="bbox 317 1304 1892 1373">
    <p class='ocr_par' dir='ltr' id='par_1_13' title="bbox 317 1304 1892 1373">
     <span class='ocr_line' id='line_1_13' title="bbox 317 1304 1892 1373; baseline -0.001 -12"><span class='ocrx_word' id='word_1_87' title='bbox 317 1322 458 1361; x_wconf 86' lang='lat' dir='ltr'><strong>esse.</strong></span> <span class='ocrx_word' id='word_1_88' title='bbox 507 1306 748 1360; x_wconf 80' lang='lat' dir='ltr'><strong>Deﬁcere</strong></span> <span class='ocrx_word' id='word_1_89' title='bbox 796 1304 943 1358; x_wconf 87' lang='lat' dir='ltr'><strong>cnim</strong></span> <span class='ocrx_word' id='word_1_90' title='bbox 994 1304 1069 1357; x_wconf 85' lang='lat' dir='ltr'><strong>illi</strong></span> <span class='ocrx_word' id='word_1_91' title='bbox 1119 1312 1393 1369; x_wconf 86' lang='lat' dir='ltr'><strong>mentem;</strong></span> <span class='ocrx_word' id='word_1_92' title='bbox 1459 1318 1523 1357; x_wconf 82' lang='lat' dir='ltr'><strong>ac</strong></span> <span class='ocrx_word' id='word_1_93' title='bbox 1553 1318 1652 1373; x_wconf 82' lang='lat' dir='ltr'><strong>pro</strong></span> <span class='ocrx_word' id='word_1_94' title='bbox 1709 1316 1892 1360; x_wconf 91' lang='lat' dir='ltr'><strong>mente</strong></span> 
     </span>
    </p>
   </div>
   <div class='ocr_carea' id='block_1_14' title="bbox 318 1394 1892 1465">
    <p class='ocr_par' dir='ltr' id='par_1_14' title="bbox 318 1394 1892 1465">
     <span class='ocr_line' id='line_1_14' title="bbox 318 1394 1892 1465; baseline -0.001 -14"><span class='ocrx_word' id='word_1_95' title='bbox 318 1398 519 1451; x_wconf 86' lang='lat' dir='ltr'><strong>habere</strong></span> <span class='ocrx_word' id='word_1_96' title='bbox 559 1397 710 1451; x_wconf 91' lang='lat' dir='ltr'><strong>illum</strong></span> <span class='ocrx_word' id='word_1_97' title='bbox 770 1395 1136 1450; x_wconf 79' lang='lat' dir='ltr'><strong>divinitatem.</strong></span> <span class='ocrx_word' id='word_1_98' title='bbox 1184 1394 1320 1449; x_wconf 83' lang='lat' dir='ltr'><strong>Vide</strong></span> <span class='ocrx_word' id='word_1_99' title='bbox 1364 1410 1551 1465; x_wconf 83' lang='lat' dir='ltr'><strong>porro,</strong></span> <span class='ocrx_word' id='word_1_100' title='bbox 1617 1396 1892 1463; x_wconf 84' lang='lat' dir='ltr'><strong>quomodo</strong></span> 
     </span>
    </p>
   </div>
   <div class='ocr_carea' id='block_1_15' title="bbox 317 1485 1893 1555">
    <p class='ocr_par' dir='ltr' id='par_1_15' title="bbox 317 1485 1893 1555">
     <span class='ocr_line' id='line_1_15' title="bbox 317 1485 1893 1555; baseline 0.001 -16"><span class='ocrx_word' id='word_1_101' title='bbox 317 1490 468 1555; x_wconf 87' lang='lat' dir='ltr'><strong>prius</strong></span> <span class='ocrx_word' id='word_1_102' title='bbox 496 1488 695 1542; x_wconf 81' lang='lat' dir='ltr'><strong>dixerit</strong></span> <span class='ocrx_word' id='word_1_103' title='bbox 723 1485 1073 1542; x_wconf 82' lang='lat' dir='ltr'><strong>descendisse</strong></span> <span class='ocrx_word' id='word_1_104' title='bbox 1102 1486 1169 1540; x_wconf 89' lang='lat' dir='ltr'><strong>de</strong></span> <span class='ocrx_word' id='word_1_105' title='bbox 1200 1486 1358 1550; x_wconf 70' lang='lat' dir='ltr'><strong>caelo,</strong></span> <span class='ocrx_word' id='word_1_106' title='bbox 1399 1486 1599 1541; x_wconf 88' lang='lat' dir='ltr'><strong>deinde</strong></span> <span class='ocrx_word' id='word_1_107' title='bbox 1637 1487 1893 1541; x_wconf 87' lang='lat' dir='ltr'><strong>incarna-</strong></span> 
     </span>
    </p>
   </div>
   <div class='ocr_carea' id='block_1_16' title="bbox 316 1576 1888 1650">
    <p class='ocr_par' dir='ltr' id='par_1_16' title="bbox 316 1576 1888 1650">
     <span class='ocr_line' id='line_1_16' title="bbox 316 1576 1888 1650; baseline 0.001 -17"><span class='ocrx_word' id='word_1_108' title='bbox 316 1591 458 1635; x_wconf 92' lang='lat' dir='ltr'><strong>tum.</strong></span> <span class='ocrx_word' id='word_1_109' title='bbox 528 1579 780 1650; x_wconf 81' lang='lat' dir='ltr'><strong>Pugnant</strong></span> <span class='ocrx_word' id='word_1_110' title='bbox 854 1576 967 1647; x_wconf 83' lang='grc'><strong>(10)</strong></span> <span class='ocrx_word' id='word_1_111' title='bbox 1037 1593 1274 1648; x_wconf 85' lang='lat' dir='ltr'><strong>namque</strong></span> <span class='ocrx_word' id='word_1_112' title='bbox 1346 1578 1634 1634; x_wconf 80' lang='lat' dir='ltr'><strong>manifeste</strong></span> <span class='ocrx_word' id='word_1_113' title='bbox 1698 1590 1888 1634; x_wconf 86' lang='lat' dir='ltr'><strong>contra</strong></span> 
     </span>
    </p>
   </div>
   <div class='ocr_carea' id='block_1_17' title="bbox 334 1669 1891 1740">
    <p class='ocr_par' dir='ltr' id='par_1_17' title="bbox 334 1669 1891 1740">
     <span class='ocr_line' id='line_1_17' title="bbox 334 1669 1891 1740; baseline -0.001 -15"><span class='ocrx_word' id='word_1_114' title='bbox 334 1671 657 1740; x_wconf 82' lang='lat' dir='ltr'><strong>Apollinarii</strong></span> <span class='ocrx_word' id='word_1_115' title='bbox 690 1672 903 1739; x_wconf 81' lang='lat' dir='ltr'><strong>dogma.</strong></span> <span class='ocrx_word' id='word_1_116' title='bbox 935 1672 1164 1723; x_wconf 86' lang='lat' dir='ltr'><strong>Attende</strong></span> <span class='ocrx_word' id='word_1_117' title='bbox 1200 1669 1386 1733; x_wconf 89' lang='lat' dir='ltr'><strong>etiam,</strong></span> <span class='ocrx_word' id='word_1_118' title='bbox 1414 1670 1687 1739; x_wconf 92' lang='lat' dir='ltr'><strong>quomodo</strong></span> <span class='ocrx_word' id='word_1_119' title='bbox 1716 1670 1891 1724; x_wconf 88' lang='lat' dir='ltr'><strong>incar-</strong></span> 
     </span>
    </p>
   </div>
   <div class='ocr_carea' id='block_1_18' title="bbox 317 1763 1895 1832">
    <p class='ocr_par' dir='ltr' id='par_1_18' title="bbox 317 1763 1895 1832">
     <span class='ocr_line' id='line_1_18' title="bbox 317 1763 1895 1832; baseline 0.001 -15"><span class='ocrx_word' id='word_1_120' title='bbox 317 1776 510 1818; x_wconf 84' lang='lat' dir='ltr'><strong>natum</strong></span> <span class='ocrx_word' id='word_1_121' title='bbox 546 1764 787 1818; x_wconf 87' lang='lat' dir='ltr'><strong>dicimus</strong></span> <span class='ocrx_word' id='word_1_122' title='bbox 822 1764 1072 1827; x_wconf 74' lang='lat' dir='ltr'><strong>veritate,</strong></span> <span class='ocrx_word' id='word_1_123' title='bbox 1119 1778 1230 1817; x_wconf 91' lang='lat' dir='ltr'><strong>non</strong></span> <span class='ocrx_word' id='word_1_124' title='bbox 1268 1763 1509 1817; x_wconf 88' lang='lat' dir='ltr'><strong>illusoria</strong></span> <span class='ocrx_word' id='word_1_125' title='bbox 1540 1764 1743 1832; x_wconf 87' lang='lat' dir='ltr'><strong>specie.</strong></span> <span class='ocrx_word' id='word_1_126' title='bbox 1780 1763 1895 1818; x_wconf 85' lang='lat' dir='ltr'><strong>Nec</strong></span> 
     </span>
    </p>
   </div>
   <div class='ocr_carea' id='block_1_19' title="bbox 316 1852 1896 1917">
    <p class='ocr_par' dir='ltr' id='par_1_19' title="bbox 316 1852 1896 1917">
     <span class='ocr_line' id='line_1_19' title="bbox 316 1852 1896 1917; baseline -0.001 -8"><span class='ocrx_word' id='word_1_127' title='bbox 316 1858 465 1910; x_wconf 83' lang='lat' dir='ltr'><strong>enim</strong></span> <span class='ocrx_word' id='word_1_128' title='bbox 519 1857 759 1910; x_wconf 83' lang='lat' dir='ltr'><strong>dicimus</strong></span> <span class='ocrx_word' id='word_1_129' title='bbox 819 1854 1095 1907; x_wconf 85' lang='lat' dir='ltr'><strong>incarnati</strong></span> <span class='ocrx_word' id='word_1_130' title='bbox 1138 1855 1339 1917; x_wconf 74' lang='lat' dir='ltr'><strong>visum,</strong></span> <span class='ocrx_word' id='word_1_131' title='bbox 1394 1862 1454 1906; x_wconf 92' lang='lat' dir='ltr'><strong>ut</strong></span> <span class='ocrx_word' id='word_1_132' title='bbox 1493 1852 1679 1907; x_wconf 80' lang='lat' dir='ltr'><strong>Manes</strong></span> <span class='ocrx_word' id='word_1_133' title='bbox 1716 1852 1896 1907; x_wconf 80' lang='lat' dir='ltr'><strong>aiebat</strong></span> 
     </span>
    </p>
   </div>
   <div class='ocr_carea' id='block_1_20' title="bbox 314 1947 913 2003">
    <p class='ocr_par' dir='ltr' id='par_1_20' title="bbox 314 1947 913 2003">
     <span class='ocr_line' id='line_1_20' title="bbox 314 1947 913 2003; baseline -0.008 0"><span class='ocrx_word' id='word_1_134' title='bbox 314 1960 366 2003; x_wconf 81' lang='lat' dir='ltr'><strong>et</strong></span> <span class='ocrx_word' id='word_1_135' title='bbox 399 1948 578 2003; x_wconf 86' lang='lat' dir='ltr'><strong>Cerdo</strong></span> <span class='ocrx_word' id='word_1_136' title='bbox 605 1957 659 2001; x_wconf 88' lang='lat' dir='ltr'><strong>et</strong></span> <span class='ocrx_word' id='word_1_137' title='bbox 691 1947 913 2001; x_wconf 79' lang='lat' dir='ltr'><strong>Marcio.</strong></span> 
     </span>
    </p>
   </div>
   <div class='ocr_carea' id='block_1_21' title="bbox 361 2034 1893 2109">
    <p class='ocr_par' dir='ltr' id='par_1_21' title="bbox 361 2034 1893 2109">
     <span class='ocr_line' id='line_1_21' title="bbox 361 2034 1893 2109; baseline -0.003 -16"><span class='ocrx_word' id='word_1_138' title='bbox 361 2040 469 2094; x_wconf 76' lang='lat' dir='ltr'><strong>.Ex</strong></span> <span class='ocrx_word' id='word_1_139' title='bbox 501 2039 702 2109; x_wconf 79' lang='lat' dir='ltr'><strong>Spiritu</strong></span> <span class='ocrx_word' id='word_1_140' title='bbox 726 2050 908 2091; x_wconf 74' lang='lat' dir='ltr'><strong>sancto</strong></span> <span class='ocrx_word' id='word_1_141' title='bbox 931 2048 978 2091; x_wconf 73' lang='lat' dir='ltr'><strong>et</strong></span> <span class='ocrx_word' id='word_1_142' title='bbox 1007 2036 1183 2091; x_wconf 72' lang='lat' dir='ltr'><strong>Maria</strong></span> <span class='ocrx_word' id='word_1_143' title='bbox 1222 2035 1452 2107; x_wconf 79' lang='lat' dir='ltr'><strong>Virgine.</strong></span> <span class='ocrx_word' id='word_1_144' title='bbox 1484 2037 1600 2090; x_wconf 82' lang='lat' dir='ltr'><strong>Non</strong></span> <span class='ocrx_word' id='word_1_145' title='bbox 1624 2034 1770 2090; x_wconf 84' lang='lat' dir='ltr'><strong>enim</strong></span> <span class='ocrx_word' id='word_1_146' title='bbox 1795 2050 1893 2106; x_wconf 85' lang='lat' dir='ltr'><strong>per</strong></span> 
     </span>
    </p>
   </div>
   <div class='ocr_carea' id='block_1_22' title="bbox 310 2127 1892 2200">
    <p class='ocr_par' dir='ltr' id='par_1_22' title="bbox 310 2127 1892 2200">
     <span class='ocr_line' id='line_1_22' title="bbox 310 2127 1892 2200; baseline -0.003 -15"><span class='ocrx_word' id='word_1_147' title='bbox 310 2132 542 2185; x_wconf 81' lang='lat' dir='ltr'><strong>Mariam</strong></span> <span class='ocrx_word' id='word_1_148' title='bbox 577 2130 878 2200; x_wconf 78' lang='lat' dir='ltr'><strong>Virginem,</strong></span> <span class='ocrx_word' id='word_1_149' title='bbox 933 2136 991 2181; x_wconf 92' lang='lat' dir='ltr'><strong>ut</strong></span> <span class='ocrx_word' id='word_1_150' title='bbox 1016 2127 1391 2197; x_wconf 80' lang='lat' dir='ltr'><strong>Apollinarius</strong></span> <span class='ocrx_word' id='word_1_151' title='bbox 1434 2127 1674 2193; x_wconf 88' lang='lat' dir='ltr'><strong>dicebat,</strong></span> <span class='ocrx_word' id='word_1_152' title='bbox 1714 2142 1892 2196; x_wconf 84' lang='lat' dir='ltr'><strong>neque</strong></span> 
     </span>
    </p>
   </div>
   <div class='ocr_carea' id='block_1_23' title="bbox 317 2218 1891 2301">
    <p class='ocr_par' dir='ltr' id='par_1_23' title="bbox 317 2218 1891 2301">
     <span class='ocr_line' id='line_1_23' title="bbox 317 2218 1891 2301; baseline 0.001 -24"><span class='ocrx_word' id='word_1_153' title='bbox 317 2224 461 2279; x_wconf 88' lang='lat' dir='ltr'><strong>sicut</strong></span> <span class='ocrx_word' id='word_1_154' title='bbox 513 2237 609 2292; x_wconf 89' lang='lat' dir='ltr'><strong>per</strong></span> <span class='ocrx_word' id='word_1_155' title='bbox 666 2220 912 2275; x_wconf 85' lang='lat' dir='ltr'><strong>canalem</strong></span> <span class='ocrx_word' id='word_1_156' title='bbox 970 2219 1269 2301; x_wconf 38' lang='lat' dir='ltr'><strong>quemdam.</strong></span> <span class='ocrx_word' id='word_1_157' title='bbox 1314 2218 1643 2290; x_wconf 75' lang='lat' dir='ltr'><strong>virginalem</strong></span> <span class='ocrx_word' id='word_1_158' title='bbox 1691 2239 1891 2295; x_wconf 89' lang='lat' dir='ltr'><strong>nempe</strong></span> 
     </span>
    </p>
   </div>
   <div class='ocr_carea' id='block_1_24' title="bbox 312 2310 1892 2384">
    <p class='ocr_par' dir='ltr' id='par_1_24' title="bbox 312 2310 1892 2384">
     <span class='ocr_line' id='line_1_24' title="bbox 312 2310 1892 2384; baseline 0 -13"><span class='ocrx_word' id='word_1_159' title='bbox 312 2316 522 2377; x_wconf 83' lang='lat' dir='ltr'><strong>alvum,</strong></span> <span class='ocrx_word' id='word_1_160' title='bbox 576 2313 669 2367; x_wconf 91' lang='lat' dir='ltr'><strong>Dei</strong></span> <span class='ocrx_word' id='word_1_161' title='bbox 712 2310 905 2365; x_wconf 55' lang='lat' dir='ltr'><strong>.Filius</strong></span> <span class='ocrx_word' id='word_1_162' title='bbox 953 2310 1099 2365; x_wconf 86' lang='lat' dir='ltr'><strong>inter</strong></span> <span class='ocrx_word' id='word_1_163' title='bbox 1158 2325 1260 2365; x_wconf 90' lang='lat' dir='ltr'><strong>nos</strong></span> <span class='ocrx_word' id='word_1_164' title='bbox 1307 2312 1477 2376; x_wconf 77' lang='lat' dir='ltr'><strong>venit,</strong></span> <span class='ocrx_word' id='word_1_165' title='bbox 1526 2312 1599 2367; x_wconf 87' lang='lat' dir='ltr'><strong>de</strong></span> <span class='ocrx_word' id='word_1_166' title='bbox 1638 2316 1892 2384; x_wconf 83' lang='lat' dir='ltr'><strong>supernis</strong></span> 
     </span>
    </p>
   </div>
   <div class='ocr_carea' id='block_1_25' title="bbox 315 2402 1891 2471">
    <p class='ocr_par' dir='ltr' id='par_1_25' title="bbox 315 2402 1891 2471">
     <span class='ocr_line' id='line_1_25' title="bbox 315 2402 1891 2471; baseline -0.001 -10"><span class='ocrx_word' id='word_1_167' title='bbox 315 2421 537 2461; x_wconf 85' lang='lat' dir='ltr'><strong>carnem</strong></span> <span class='ocrx_word' id='word_1_168' title='bbox 578 2402 884 2466; x_wconf 76' lang='lat' dir='ltr'><strong>deferens,</strong></span> <span class='ocrx_word' id='word_1_169' title='bbox 951 2410 1208 2471; x_wconf 75' lang='lat' dir='ltr'><strong>tanquam</strong></span> <span class='ocrx_word' id='word_1_170' title='bbox 1250 2417 1469 2471; x_wconf 87' lang='lat' dir='ltr'><strong>semper</strong></span> <span class='ocrx_word' id='word_1_171' title='bbox 1525 2406 1891 2461; x_wconf 86' lang='lat' dir='ltr'><strong>essentialiter</strong></span> 
     </span>
    </p>
   </div>
   <div class='ocr_carea' id='block_1_26' title="bbox 314 2493 1891 2566">
    <p class='ocr_par' dir='ltr' id='par_1_26' title="bbox 314 2493 1891 2566">
     <span class='ocr_line' id='line_1_26' title="bbox 314 2493 1891 2566; baseline 0.001 -14"><span class='ocrx_word' id='word_1_172' title='bbox 314 2499 413 2554; x_wconf 85' lang='lat' dir='ltr'><strong>sibi</strong></span> <span class='ocrx_word' id='word_1_173' title='bbox 469 2498 806 2566; x_wconf 84' lang='lat' dir='ltr'><strong>adjunctam,</strong></span> <span class='ocrx_word' id='word_1_174' title='bbox 847 2504 905 2548; x_wconf 91' lang='lat' dir='ltr'><strong>ut</strong></span> <span class='ocrx_word' id='word_1_175' title='bbox 963 2493 1285 2549; x_wconf 76' lang='lat' dir='ltr'><strong>Valentinus</strong></span> <span class='ocrx_word' id='word_1_176' title='bbox 1335 2494 1623 2564; x_wconf 79' lang='lat' dir='ltr'><strong>deliravit;</strong></span> <span class='ocrx_word' id='word_1_177' title='bbox 1676 2499 1770 2553; x_wconf 87' lang='lat' dir='ltr'><strong>sed</strong></span> <span class='ocrx_word' id='word_1_178' title='bbox 1827 2515 1891 2554; x_wconf 77' lang='lat' dir='ltr'><strong>ea:</strong></span> 
     </span>
    </p>
   </div>
   <div class='ocr_carea' id='block_1_27' title="bbox 312 2586 1273 2662">
    <p class='ocr_par' dir='ltr' id='par_1_27' title="bbox 312 2586 1273 2662">
     <span class='ocr_line' id='line_1_27' title="bbox 312 2586 1273 2662; baseline -0.005 -16"><span class='ocrx_word' id='word_1_179' title='bbox 312 2591 517 2662; x_wconf 80' lang='lat' dir='ltr'><strong>Spiritu</strong></span> <span class='ocrx_word' id='word_1_180' title='bbox 539 2600 720 2644; x_wconf 81' lang='lat' dir='ltr'><strong>sancto</strong></span> <span class='ocrx_word' id='word_1_181' title='bbox 743 2598 790 2643; x_wconf 79' lang='lat' dir='ltr'><strong>et</strong></span> <span class='ocrx_word' id='word_1_182' title='bbox 824 2588 1003 2642; x_wconf 79' lang='lat' dir='ltr'><strong>Maria</strong></span> <span class='ocrx_word' id='word_1_183' title='bbox 1038 2586 1273 2657; x_wconf 80' lang='lat' dir='ltr'><strong>Virgine.</strong></span> 
     </span>
    </p>
   </div>
   <div class='ocr_carea' id='block_1_28' title="bbox 387 2678 1888 2752">
    <p class='ocr_par' dir='ltr' id='par_1_28' title="bbox 387 2678 1888 2752">
     <span class='ocr_line' id='line_1_28' title="bbox 387 2678 1888 2752; baseline 0.001 -16"><span class='ocrx_word' id='word_1_184' title='bbox 387 2683 469 2737; x_wconf 79' lang='lat' dir='ltr'><strong>Ea:</strong></span> <span class='ocrx_word' id='word_1_185' title='bbox 509 2681 716 2752; x_wconf 78' lang='lat' dir='ltr'><strong>Spiritu</strong></span> <span class='ocrx_word' id='word_1_186' title='bbox 740 2690 944 2735; x_wconf 76' lang='lat' dir='ltr'><strong>sancto.</strong></span> <span class='ocrx_word' id='word_1_187' title='bbox 990 2679 1128 2745; x_wconf 81' lang='lat' dir='ltr'><strong>Quia</strong></span> <span class='ocrx_word' id='word_1_188' title='bbox 1154 2678 1295 2733; x_wconf 88' lang='lat' dir='ltr'><strong>Deus</strong></span> <span class='ocrx_word' id='word_1_189' title='bbox 1338 2686 1482 2745; x_wconf 86' lang='lat' dir='ltr'><strong>erat,</strong></span> <span class='ocrx_word' id='word_1_190' title='bbox 1505 2679 1596 2749; x_wconf 92' lang='lat' dir='ltr'><strong>qui</strong></span> <span class='ocrx_word' id='word_1_191' title='bbox 1628 2679 1682 2734; x_wconf 92' lang='lat' dir='ltr'><strong>in</strong></span> <span class='ocrx_word' id='word_1_192' title='bbox 1731 2691 1888 2739; x_wconf 89' lang='lat' dir='ltr'><strong>utero</strong></span> 
     </span>
    </p>
   </div>
   <div class='ocr_carea' id='block_1_29' title="bbox 310 2768 1887 2844">
    <p class='ocr_par' dir='ltr' id='par_1_29' title="bbox 310 2768 1887 2844">
     <span class='ocr_line' id='line_1_29' title="bbox 310 2768 1887 2844; baseline -0.003 -15"><span class='ocrx_word' id='word_1_193' title='bbox 310 2774 559 2844; x_wconf 76' lang='lat' dir='ltr'><strong>virginali</strong></span> <span class='ocrx_word' id='word_1_194' title='bbox 600 2773 863 2827; x_wconf 81' lang='lat' dir='ltr'><strong>formatus</strong></span> <span class='ocrx_word' id='word_1_195' title='bbox 895 2780 980 2827; x_wconf 87' lang='lat' dir='ltr'><strong>est</strong></span> <span class='ocrx_word' id='word_1_196' title='bbox 1019 2769 1218 2824; x_wconf 81' lang='lat' dir='ltr'><strong>infans.</strong></span> <span class='ocrx_word' id='word_1_197' title='bbox 1266 2768 1351 2823; x_wconf 76' lang='lat' dir='ltr'><strong>Ea:</strong></span> <span class='ocrx_word' id='word_1_198' title='bbox 1399 2771 1577 2823; x_wconf 82' lang='lat' dir='ltr'><strong>Maria</strong></span> <span class='ocrx_word' id='word_1_199' title='bbox 1626 2769 1887 2840; x_wconf 69' lang='lat' dir='ltr'><strong>Virgine,</strong></span> 
     </span>
    </p>
   </div>
   <div class='ocr_carea' id='block_1_30' title="bbox 312 2860 1885 2937">
    <p class='ocr_par' dir='ltr' id='par_1_30' title="bbox 312 2860 1885 2937">
     <span class='ocr_line' id='line_1_30' title="bbox 312 2860 1885 2937; baseline -0.001 -17"><span class='ocrx_word' id='word_1_200' title='bbox 312 2867 438 2937; x_wconf 88' lang='lat' dir='ltr'><strong>quia</strong></span> <span class='ocrx_word' id='word_1_201' title='bbox 469 2866 536 2920; x_wconf 89' lang='lat' dir='ltr'><strong>de</strong></span> <span class='ocrx_word' id='word_1_202' title='bbox 569 2866 808 2920; x_wconf 84' lang='lat' dir='ltr'><strong>essentia</strong></span> <span class='ocrx_word' id='word_1_203' title='bbox 841 2865 962 2933; x_wconf 87' lang='lat' dir='ltr'><strong>ejus</strong></span> <span class='ocrx_word' id='word_1_204' title='bbox 989 2870 1109 2917; x_wconf 87' lang='lat' dir='ltr'><strong>erat</strong></span> <span class='ocrx_word' id='word_1_205' title='bbox 1133 2860 1279 2931; x_wconf 87' lang='lat' dir='ltr'><strong>quod</strong></span> <span class='ocrx_word' id='word_1_206' title='bbox 1316 2860 1383 2915; x_wconf 91' lang='lat' dir='ltr'><strong>ab</strong></span> <span class='ocrx_word' id='word_1_207' title='bbox 1428 2876 1495 2915; x_wconf 91' lang='lat' dir='ltr'><strong>eo</strong></span> <span class='ocrx_word' id='word_1_208' title='bbox 1542 2872 1885 2932; x_wconf 88' lang='lat' dir='ltr'><strong>assumptum</strong></span> 
     </span>
    </p>
   </div>
   <div class='ocr_carea' id='block_1_31' title="bbox 1999 478 3575 550">
    <p class='ocr_par' dir='ltr' id='par_1_31' title="bbox 1999 478 3575 550">
     <span class='ocr_line' id='line_1_31' title="bbox 1999 478 3575 550; baseline 0.007 -21"><span class='ocrx_word' id='word_1_209' title='bbox 1999 478 2326 540; x_wconf 80' lang='grc' dir='ltr'>6ο).ον,ἀλλὰ</span> <span class='ocrx_word' id='word_1_210' title='bbox 2349 480 2442 532; x_wconf 59' lang='grc' dir='ltr'><strong>τὸν</strong></span> <span class='ocrx_word' id='word_1_211' title='bbox 2475 480 2668 544; x_wconf 75' lang='grc' dir='ltr'>αὑτόνς</span> <span class='ocrx_word' id='word_1_212' title='bbox 2695 478 2798 533; x_wconf 86' lang='grc' dir='ltr'><strong>Διὰ</strong></span> <span class='ocrx_word' id='word_1_213' title='bbox 2852 479 3012 534; x_wconf 81' lang='grc' dir='ltr'>τοῦτο</span> <span class='ocrx_word' id='word_1_214' title='bbox 3049 481 3158 550; x_wconf 79' lang='grc' dir='ltr'><strong>γάρ</strong></span> <span class='ocrx_word' id='word_1_215' title='bbox 3216 485 3309 536; x_wconf 72' lang='grc' dir='ltr'>καὶ</span> <span class='ocrx_word' id='word_1_216' title='bbox 3357 485 3575 540; x_wconf 82' lang='grc' dir='ltr'><strong>Παῦλον</strong></span> 
     </span>
    </p>
   </div>
   <div class='ocr_carea' id='block_1_32' title="bbox 1996 568 3576 639">
    <p class='ocr_par' dir='ltr' id='par_1_32' title="bbox 1996 568 3576 639">
     <span class='ocr_line' id='line_1_32' title="bbox 1996 568 3576 639; baseline 0.006 -19"><span class='ocrx_word' id='word_1_217' title='bbox 1996 568 2086 620; x_wconf 82' lang='grc' dir='ltr'>τὸν</span> <span class='ocrx_word' id='word_1_218' title='bbox 2122 570 2439 639; x_wconf 84' lang='grc' dir='ltr'>Σαμοσατέα</span> <span class='ocrx_word' id='word_1_219' title='bbox 2466 571 2561 623; x_wconf 75' lang='grc' dir='ltr'>καὶ</span> <span class='ocrx_word' id='word_1_220' title='bbox 2597 571 2895 639; x_wconf 78' lang='grc' dir='ltr'>Νεστόριον</span> <span class='ocrx_word' id='word_1_221' title='bbox 2930 570 3329 637; x_wconf 75' lang='grc' dir='ltr'>ἀποϐάλλεται,</span> <span class='ocrx_word' id='word_1_222' title='bbox 3351 576 3479 639; x_wconf 78' lang='grc' dir='ltr'>τοὺς</span> <span class='ocrx_word' id='word_1_223' title='bbox 3515 576 3576 629; x_wconf 70' lang='grc' dir='ltr'><strong>τὸ</strong></span> 
     </span>
    </p>
   </div>
   <div class='ocr_carea' id='block_1_33' title="bbox 1997 663 3575 737">
    <p class='ocr_par' dir='ltr' id='par_1_33' title="bbox 1997 663 3575 737">
     <span class='ocr_line' id='line_1_33' title="bbox 1997 663 3575 737; baseline 0.003 -22"><span class='ocrx_word' id='word_1_224' title='bbox 1997 663 2117 715; x_wconf 78' lang='grc' dir='ltr'>ὅλον</span> <span class='ocrx_word' id='word_1_225' title='bbox 2177 664 2487 732; x_wconf 80' lang='grc' dir='ltr'>πρόσφατον</span> <span class='ocrx_word' id='word_1_226' title='bbox 2550 667 2647 720; x_wconf 80' lang='grc' dir='ltr'>καὶ</span> <span class='ocrx_word' id='word_1_227' title='bbox 2703 665 2812 719; x_wconf 75' lang='grc' dir='ltr'><strong>ἀπὸ</strong></span> <span class='ocrx_word' id='word_1_228' title='bbox 2861 666 3086 736; x_wconf 81' lang='grc' dir='ltr'><strong>Μαρίας</strong></span> <span class='ocrx_word' id='word_1_229' title='bbox 3124 668 3433 737; x_wconf 80' lang='grc' dir='ltr'>ἀρξάμενον</span> <span class='ocrx_word' id='word_1_230' title='bbox 3481 670 3575 723; x_wconf 82' lang='grc' dir='ltr'>τὸν</span> 
     </span>
    </p>
   </div>
   <div class='ocr_carea' id='block_1_34' title="bbox 1997 755 3575 830">
    <p class='ocr_par' dir='ltr' id='par_1_34' title="bbox 1997 755 3575 830">
     <span class='ocr_line' id='line_1_34' title="bbox 1997 755 3575 830; baseline 0.006 -23"><span class='ocrx_word' id='word_1_231' title='bbox 1997 755 2232 825; x_wconf 82' lang='grc' dir='ltr'>Χριστὸν</span> <span class='ocrx_word' id='word_1_232' title='bbox 2273 756 2751 828; x_wconf 82' lang='grc' dir='ltr'><strong>βλασφημοῦντας.</strong></span> <span class='ocrx_word' id='word_1_233' title='bbox 2792 757 2957 811; x_wconf 80' lang='grc' dir='ltr'><strong>Ἀλλά</strong></span> <span class='ocrx_word' id='word_1_234' title='bbox 2991 758 3054 830; x_wconf 79' lang='grc' dir='ltr'>δὴ</span> <span class='ocrx_word' id='word_1_235' title='bbox 3103 760 3196 813; x_wconf 84' lang='grc' dir='ltr'>καὶ</span> <span class='ocrx_word' id='word_1_236' title='bbox 3230 762 3259 812; x_wconf 87' lang='grc' dir='ltr'><strong>ό</strong></span> <span class='ocrx_word' id='word_1_237' title='bbox 3285 761 3446 824; x_wconf 78' lang='grc' dir='ltr'>ἄνους</span> <span class='ocrx_word' id='word_1_238' title='bbox 3485 763 3575 815; x_wconf 82' lang='grc' dir='ltr'><strong>Ἀ-</strong></span> 
     </span>
    </p>
   </div>
   <div class='ocr_carea' id='block_1_35' title="bbox 1998 847 3569 923">
    <p class='ocr_par' dir='ltr' id='par_1_35' title="bbox 1998 847 3569 923">
     <span class='ocr_line' id='line_1_35' title="bbox 1998 847 3569 923; baseline 0.004 -23"><span class='ocrx_word' id='word_1_239' title='bbox 1998 847 2339 918; x_wconf 81' lang='grc' dir='ltr'>πολλινάριος</span> <span class='ocrx_word' id='word_1_240' title='bbox 2364 849 2453 902; x_wconf 84' lang='grc' dir='ltr'>διὰ</span> <span class='ocrx_word' id='word_1_241' title='bbox 2479 849 2685 903; x_wconf 82' lang='grc' dir='ltr'>τούτων</span> <span class='ocrx_word' id='word_1_242' title='bbox 2726 849 2824 920; x_wconf 86' lang='grc' dir='ltr'><strong>τῆς</strong></span> <span class='ocrx_word' id='word_1_243' title='bbox 2857 849 3183 920; x_wconf 76' lang='grc' dir='ltr'>Ἐκκλησίας</span> <span class='ocrx_word' id='word_1_244' title='bbox 3221 851 3569 923; x_wconf 75' lang='grc' dir='ltr'><strong>ἀφορίζεται,</strong></span> 
     </span>
    </p>
   </div>
   <div class='ocr_carea' id='block_1_36' title="bbox 1997 937 3577 1014">
    <p class='ocr_par' dir='ltr' id='par_1_36' title="bbox 1997 937 3577 1014">
     <span class='ocr_line' id='line_1_36' title="bbox 1997 937 3577 1014; baseline 0.004 -23"><span class='ocrx_word' id='word_1_245' title='bbox 1997 937 2127 991; x_wconf 76' lang='grc' dir='ltr'>ἄλλο</span> <span class='ocrx_word' id='word_1_246' title='bbox 2151 938 2322 992; x_wconf 84' lang='grc' dir='ltr'>κακὸν</span> <span class='ocrx_word' id='word_1_247' title='bbox 2353 940 2595 994; x_wconf 81' lang='grc' dir='ltr'>ἐναντίον</span> <span class='ocrx_word' id='word_1_248' title='bbox 2625 942 2894 1011; x_wconf 80' lang='grc' dir='ltr'><strong>τυγχάνον</strong></span> <span class='ocrx_word' id='word_1_249' title='bbox 2914 945 3023 1005; x_wconf 79' lang='grc' dir='ltr'>τοῖς</span> <span class='ocrx_word' id='word_1_250' title='bbox 3048 950 3358 1014; x_wconf 79' lang='grc' dir='ltr'>προτέροις.</span> <span class='ocrx_word' id='word_1_251' title='bbox 3401 946 3577 998; x_wconf 83' lang='grc' dir='ltr'><strong>Ἕκεί-</strong></span> 
     </span>
    </p>
   </div>
   <div class='ocr_carea' id='block_1_37' title="bbox 1996 1029 3574 1105">
    <p class='ocr_par' dir='ltr' id='par_1_37' title="bbox 1996 1029 3574 1105">
     <span class='ocr_line' id='line_1_37' title="bbox 1996 1029 3574 1105; baseline 0.004 -25"><span class='ocrx_word' id='word_1_252' title='bbox 1996 1044 2076 1081; x_wconf 92' lang='grc' dir='ltr'><strong>νοι</strong></span> <span class='ocrx_word' id='word_1_253' title='bbox 2101 1030 2214 1101; x_wconf 83' lang='grc' dir='ltr'><strong>γὰρ</strong></span> <span class='ocrx_word' id='word_1_254' title='bbox 2237 1032 2303 1083; x_wconf 84' lang='grc' dir='ltr'>ὲκ</span> <span class='ocrx_word' id='word_1_255' title='bbox 2328 1029 2548 1101; x_wconf 80' lang='grc' dir='ltr'>Μαρίας</span> <span class='ocrx_word' id='word_1_256' title='bbox 2577 1030 2639 1084; x_wconf 79' lang='grc' dir='ltr'>τὸ</span> <span class='ocrx_word' id='word_1_257' title='bbox 2666 1030 2804 1095; x_wconf 83' lang='grc' dir='ltr'>ὅλον,</span> <span class='ocrx_word' id='word_1_258' title='bbox 2833 1031 2909 1094; x_wconf 76' lang='grc' dir='ltr'><strong>ὡς</strong></span> <span class='ocrx_word' id='word_1_259' title='bbox 2936 1033 3128 1098; x_wconf 65' lang='grc' dir='ltr'>εἰπεῖν,</span> <span class='ocrx_word' id='word_1_260' title='bbox 3186 1034 3453 1105; x_wconf 74' lang='grc' dir='ltr'>ἄρξασθαι</span> <span class='ocrx_word' id='word_1_261' title='bbox 3479 1039 3574 1089; x_wconf 76' lang='grc' dir='ltr'>τὸν</span> 
     </span>
    </p>
   </div>
   <div class='ocr_carea' id='block_1_38' title="bbox 1995 1118 3575 1190">
    <p class='ocr_par' dir='ltr' id='par_1_38' title="bbox 1995 1118 3575 1190">
     <span class='ocr_line' id='line_1_38' title="bbox 1995 1118 3575 1190; baseline 0.005 -19"><span class='ocrx_word' id='word_1_262' title='bbox 1995 1118 2234 1187; x_wconf 76' lang='grc' dir='ltr'>Χριστὸν</span> <span class='ocrx_word' id='word_1_263' title='bbox 2260 1119 2488 1185; x_wconf 72' lang='grc' dir='ltr'>ἔφασανο</span> <span class='ocrx_word' id='word_1_264' title='bbox 2522 1121 2572 1172; x_wconf 86' lang='grc' dir='ltr'>οἱ</span> <span class='ocrx_word' id='word_1_265' title='bbox 2593 1120 2649 1174; x_wconf 83' lang='grc' dir='ltr'>δὲ</span> <span class='ocrx_word' id='word_1_266' title='bbox 2682 1122 2809 1189; x_wconf 82' lang='grc' dir='ltr'>περὶ</span> <span class='ocrx_word' id='word_1_267' title='bbox 2844 1121 3269 1190; x_wconf 80' lang='grc' dir='ltr'>’Δπολλινάριον,</span> <span class='ocrx_word' id='word_1_268' title='bbox 3292 1126 3353 1175; x_wconf 65' lang='grc' dir='ltr'>τὶ</span> <span class='ocrx_word' id='word_1_269' title='bbox 3372 1126 3483 1177; x_wconf 82' lang='grc' dir='ltr'>πᾶν</span> <span class='ocrx_word' id='word_1_270' title='bbox 3510 1126 3575 1179; x_wconf 75' lang='grc' dir='ltr'><strong>ᾶ-</strong></span> 
     </span>
    </p>
   </div>
   <div class='ocr_carea' id='block_1_39' title="bbox 1997 1206 3568 1280">
    <p class='ocr_par' dir='ltr' id='par_1_39' title="bbox 1997 1206 3568 1280">
     <span class='ocr_line' id='line_1_39' title="bbox 1997 1206 3568 1280; baseline 0.003 -22"><span class='ocrx_word' id='word_1_271' title='bbox 1997 1206 2167 1260; x_wconf 90' lang='grc' dir='ltr'>νωθεν</span> <span class='ocrx_word' id='word_1_272' title='bbox 2192 1208 2362 1276; x_wconf 71' lang='grc' dir='ltr'>ἔχειν,</span> <span class='ocrx_word' id='word_1_273' title='bbox 2390 1209 2485 1260; x_wconf 69' lang='grc' dir='ltr'>καὶ</span> <span class='ocrx_word' id='word_1_274' title='bbox 2508 1206 2676 1279; x_wconf 78' lang='grc' dir='ltr'>μηδὲν</span> <span class='ocrx_word' id='word_1_275' title='bbox 2702 1210 2766 1261; x_wconf 82' lang='grc' dir='ltr'>ὲκ</span> <span class='ocrx_word' id='word_1_276' title='bbox 2784 1210 2879 1279; x_wconf 85' lang='grc' dir='ltr'><strong>τῆς</strong></span> <span class='ocrx_word' id='word_1_277' title='bbox 2903 1210 3178 1277; x_wconf 77' lang='grc' dir='ltr'>Παρθένου</span> <span class='ocrx_word' id='word_1_278' title='bbox 3200 1210 3568 1280; x_wconf 72' lang='grc' dir='ltr'><strong>ἀνειληφέναι,</strong></span> 
     </span>
    </p>
   </div>
   <div class='ocr_carea' id='block_1_40' title="bbox 1996 1295 3574 1373">
    <p class='ocr_par' dir='ltr' id='par_1_40' title="bbox 1996 1295 3574 1373">
     <span class='ocr_line' id='line_1_40' title="bbox 1996 1295 3574 1373; baseline 0.005 -25"><span class='ocrx_word' id='word_1_279' title='bbox 1996 1295 2130 1349; x_wconf 81' lang='grc' dir='ltr'>ἀλλὰ</span> <span class='ocrx_word' id='word_1_280' title='bbox 2149 1297 2241 1350; x_wconf 74' lang='grc' dir='ltr'>καὶ</span> <span class='ocrx_word' id='word_1_281' title='bbox 2261 1298 2359 1368; x_wconf 81' lang='grc' dir='ltr'>τὴν</span> <span class='ocrx_word' id='word_1_282' title='bbox 2376 1299 2554 1369; x_wconf 87' lang='grc' dir='ltr'>σάρκα</span> <span class='ocrx_word' id='word_1_283' title='bbox 2578 1301 2643 1352; x_wconf 81' lang='grc' dir='ltr'>ὲκ</span> <span class='ocrx_word' id='word_1_284' title='bbox 2672 1299 2780 1353; x_wconf 83' lang='grc' dir='ltr'><strong>τῶν</strong></span> <span class='ocrx_word' id='word_1_285' title='bbox 2797 1299 2905 1353; x_wconf 78' lang='grc' dir='ltr'>ἄνω</span> <span class='ocrx_word' id='word_1_286' title='bbox 2936 1305 3295 1370; x_wconf 82' lang='grc' dir='ltr'>καταγαγεῖν,</span> <span class='ocrx_word' id='word_1_287' title='bbox 3317 1306 3408 1356; x_wconf 76' lang='grc' dir='ltr'>καὶ</span> <span class='ocrx_word' id='word_1_288' title='bbox 3438 1304 3574 1373; x_wconf 72' lang='grc' dir='ltr'>μηδὲ</span> 
     </span>
    </p>
   </div>
   <div class='ocr_carea' id='block_1_41' title="bbox 1996 1388 3573 1463">
    <p class='ocr_par' dir='ltr' id='par_1_41' title="bbox 1996 1388 3573 1463">
     <span class='ocr_line' id='line_1_41' title="bbox 1996 1388 3573 1463; baseline 0.006 -23"><span class='ocrx_word' id='word_1_289' title='bbox 1996 1388 2202 1441; x_wconf 76' lang='grc' dir='ltr'>τέλειον</span> <span class='ocrx_word' id='word_1_290' title='bbox 2230 1389 2523 1459; x_wconf 77' lang='grc' dir='ltr'>ἄνθρωπον</span> <span class='ocrx_word' id='word_1_291' title='bbox 2547 1390 2711 1445; x_wconf 81' lang='grc' dir='ltr'>εἶναι.</span> <span class='ocrx_word' id='word_1_292' title='bbox 2740 1392 2905 1445; x_wconf 85' lang='grc' dir='ltr'>Λείπε</span> <span class='ocrx_word' id='word_1_293' title='bbox 2919 1409 2967 1445; x_wconf 89' lang='grc' dir='ltr'><strong>ιν</strong></span> <span class='ocrx_word' id='word_1_294' title='bbox 2992 1392 3101 1463; x_wconf 90' lang='grc' dir='ltr'>γὰρ</span> <span class='ocrx_word' id='word_1_295' title='bbox 3133 1395 3281 1463; x_wconf 81' lang='grc' dir='ltr'>αὐτῷ</span> <span class='ocrx_word' id='word_1_296' title='bbox 3302 1394 3395 1448; x_wconf 80' lang='grc' dir='ltr'>τὸν</span> <span class='ocrx_word' id='word_1_297' title='bbox 3424 1396 3573 1460; x_wconf 88' lang='grc' dir='ltr'>νοῦν,</span> 
     </span>
    </p>
   </div>
   <div class='ocr_carea' id='block_1_42' title="bbox 1996 1479 3571 1559">
    <p class='ocr_par' dir='ltr' id='par_1_42' title="bbox 1996 1479 3571 1559">
     <span class='ocr_line' id='line_1_42' title="bbox 1996 1479 3571 1559; baseline 0.006 -28"><span class='ocrx_word' id='word_1_298' title='bbox 1996 1479 2091 1531; x_wconf 78' lang='grc' dir='ltr'>καὶ</span> <span class='ocrx_word' id='word_1_299' title='bbox 2109 1481 2234 1534; x_wconf 77' lang='grc' dir='ltr'>ἀντὶ</span> <span class='ocrx_word' id='word_1_300' title='bbox 2250 1481 2343 1534; x_wconf 83' lang='grc' dir='ltr'><strong>τοῦ</strong></span> <span class='ocrx_word' id='word_1_301' title='bbox 2363 1482 2455 1537; x_wconf 79' lang='grc' dir='ltr'><strong>νοῦ</strong></span> <span class='ocrx_word' id='word_1_302' title='bbox 2477 1486 2770 1552; x_wconf 82' lang='grc' dir='ltr'><strong>τυγχάνειν</strong></span> <span class='ocrx_word' id='word_1_303' title='bbox 2798 1485 2948 1553; x_wconf 85' lang='grc' dir='ltr'><strong>αὐτῷ</strong></span> <span class='ocrx_word' id='word_1_304' title='bbox 2964 1485 3060 1554; x_wconf 84' lang='grc' dir='ltr'>τὴν</span> <span class='ocrx_word' id='word_1_305' title='bbox 3080 1484 3332 1555; x_wconf 85' lang='grc' dir='ltr'>θεότητα.</span> <span class='ocrx_word' id='word_1_306' title='bbox 3355 1488 3497 1559; x_wconf 87' lang='grc' dir='ltr'><strong>Ὀρα</strong></span> <span class='ocrx_word' id='word_1_307' title='bbox 3512 1489 3571 1541; x_wconf 84' lang='grc' dir='ltr'>δὲ</span> 
     </span>
    </p>
   </div>
   <div class='ocr_carea' id='block_1_43' title="bbox 1998 1567 3573 1644">
    <p class='ocr_par' dir='ltr' id='par_1_43' title="bbox 1998 1567 3573 1644">
     <span class='ocr_line' id='line_1_43' title="bbox 1998 1567 3573 1644; baseline 0.007 -24"><span class='ocrx_word' id='word_1_308' title='bbox 1998 1567 2115 1631; x_wconf 82' lang='grc' dir='ltr'>πῶς</span> <span class='ocrx_word' id='word_1_309' title='bbox 2145 1569 2359 1640; x_wconf 83' lang='grc' dir='ltr'>πρῶτον</span> <span class='ocrx_word' id='word_1_310' title='bbox 2377 1571 2704 1626; x_wconf 78' lang='grc' dir='ltr'>κατελθόντα</span> <span class='ocrx_word' id='word_1_311' title='bbox 2726 1569 2881 1626; x_wconf 75' lang='grc' dir='ltr'>εἶπεν</span> <span class='ocrx_word' id='word_1_312' title='bbox 2906 1576 2971 1626; x_wconf 76' lang='grc' dir='ltr'>ἐκ</span> <span class='ocrx_word' id='word_1_313' title='bbox 3003 1576 3112 1627; x_wconf 87' lang='grc' dir='ltr'>τῶν</span> <span class='ocrx_word' id='word_1_314' title='bbox 3140 1575 3411 1644; x_wconf 84' lang='grc' dir='ltr'>οὐρανῶν,</span> <span class='ocrx_word' id='word_1_315' title='bbox 3455 1577 3573 1631; x_wconf 79' lang='grc' dir='ltr'>εἶτα</span> 
     </span>
    </p>
   </div>
   <div class='ocr_carea' id='block_1_44' title="bbox 2000 1658 3572 1735">
    <p class='ocr_par' dir='ltr' id='par_1_44' title="bbox 2000 1658 3572 1735">
     <span class='ocr_line' id='line_1_44' title="bbox 2000 1658 3572 1735; baseline 0.008 -27"><span class='ocrx_word' id='word_1_316' title='bbox 2000 1658 2373 1725; x_wconf 87' lang='grc' dir='ltr'>σαρκωθέντα.</span> <span class='ocrx_word' id='word_1_317' title='bbox 2410 1660 2553 1730; x_wconf 83' lang='grc' dir='ltr'>Πρὸς</span> <span class='ocrx_word' id='word_1_318' title='bbox 2577 1662 2687 1733; x_wconf 86' lang='grc' dir='ltr'>γὰρ</span> <span class='ocrx_word' id='word_1_319' title='bbox 2718 1663 2779 1714; x_wconf 84' lang='grc' dir='ltr'>τὸ</span> <span class='ocrx_word' id='word_1_320' title='bbox 2804 1662 2897 1715; x_wconf 83' lang='grc' dir='ltr'><strong>τοῦ</strong></span> <span class='ocrx_word' id='word_1_321' title='bbox 2942 1663 3353 1735; x_wconf 85' lang='grc' dir='ltr'>Ἀπολλιναρίου</span> <span class='ocrx_word' id='word_1_322' title='bbox 3387 1670 3572 1735; x_wconf 63' lang='grc' dir='ltr'>σαφῶς</span> 
     </span>
    </p>
   </div>
   <div class='ocr_carea' id='block_1_45' title="bbox 1927 1725 3573 1829">
    <p class='ocr_par' dir='ltr' id='par_1_45' title="bbox 1927 1725 3573 1829">
     <span class='ocr_line' id='line_1_45' title="bbox 1927 1725 3573 1829; baseline 0.009 -30"><span class='ocrx_word' id='word_1_323' title='bbox 1927 1725 1968 1781; x_wconf 76' lang='grc' dir='ltr'><strong>Β</strong></span> <span class='ocrx_word' id='word_1_324' title='bbox 1996 1725 2600 1823; x_wconf 48' lang='grc' dir='ltr'>ἀπομάχονταιδόγμαξ</span> <span class='ocrx_word' id='word_1_325' title='bbox 2627 1725 2772 1824; x_wconf 68' lang='grc' dir='ltr'>Ὅρα</span> <span class='ocrx_word' id='word_1_326' title='bbox 2791 1755 2848 1806; x_wconf 84' lang='grc' dir='ltr'>δὲ</span> <span class='ocrx_word' id='word_1_327' title='bbox 2881 1755 2997 1818; x_wconf 84' lang='grc' dir='ltr'>πῶς</span> <span class='ocrx_word' id='word_1_328' title='bbox 3018 1725 3369 1827; x_wconf 77' lang='grc' dir='ltr'>σαρκωθέντα</span> <span class='ocrx_word' id='word_1_329' title='bbox 3393 1725 3573 1829; x_wconf 74' lang='grc' dir='ltr'>φαμὲν</span> 
     </span>
    </p>
   </div>
   <div class='ocr_carea' id='block_1_46' title="bbox 1995 1840 3569 1920">
    <p class='ocr_par' dir='ltr' id='par_1_46' title="bbox 1995 1840 3569 1920">
     <span class='ocr_line' id='line_1_46' title="bbox 1995 1840 3569 1920; baseline 0.008 -27"><span class='ocrx_word' id='word_1_330' title='bbox 1995 1840 2247 1912; x_wconf 67' lang='grc' dir='ltr'>ἀληθείᾳ,</span> <span class='ocrx_word' id='word_1_331' title='bbox 2289 1845 2351 1897; x_wconf 85' lang='grc' dir='ltr'>οὐ</span> <span class='ocrx_word' id='word_1_332' title='bbox 2377 1846 2667 1917; x_wconf 76' lang='grc' dir='ltr'>φαντασίᾳ.</span> <span class='ocrx_word' id='word_1_333' title='bbox 2691 1848 2767 1899; x_wconf 83' lang='grc' dir='ltr'><strong>Οὐ</strong></span> <span class='ocrx_word' id='word_1_334' title='bbox 2807 1847 2915 1917; x_wconf 81' lang='grc' dir='ltr'>γὰρ</span> <span class='ocrx_word' id='word_1_335' title='bbox 2946 1846 3298 1920; x_wconf 89' lang='grc' dir='ltr'>σαρκωθῆναι</span> <span class='ocrx_word' id='word_1_336' title='bbox 3318 1850 3569 1919; x_wconf 77' lang='grc' dir='ltr'>δόξαντα,</span> 
     </span>
    </p>
   </div>
   <div class='ocr_carea' id='block_1_47' title="bbox 1997 1929 3503 2012">
    <p class='ocr_par' dir='ltr' id='par_1_47' title="bbox 1997 1929 3503 2012">
     <span class='ocr_line' id='line_1_47' title="bbox 1997 1929 3503 2012; baseline 0.009 -31"><span class='ocrx_word' id='word_1_337' title='bbox 1997 1929 2186 2001; x_wconf 83' lang='grc' dir='ltr'>ὥσπερ</span> <span class='ocrx_word' id='word_1_338' title='bbox 2210 1933 2387 1996; x_wconf 85' lang='grc' dir='ltr'>Μάνις</span> <span class='ocrx_word' id='word_1_339' title='bbox 2417 1935 2534 2005; x_wconf 85' lang='grc' dir='ltr'><strong>(Η)</strong></span> <span class='ocrx_word' id='word_1_340' title='bbox 2559 1935 2710 2005; x_wconf 74' lang='grc' dir='ltr'>ἔλεγε</span> <span class='ocrx_word' id='word_1_341' title='bbox 2739 1939 2831 1990; x_wconf 75' lang='grc' dir='ltr'>καὶ</span> <span class='ocrx_word' id='word_1_342' title='bbox 2849 1938 3072 2008; x_wconf 79' lang='grc' dir='ltr'>Κέρδων</span> <span class='ocrx_word' id='word_1_343' title='bbox 3098 1940 3503 2012; x_wconf 68' lang='grc' dir='ltr'>καὶοΜαρκίων.</span> 
     </span>
    </p>
   </div>
   <div class='ocr_carea' id='block_1_48' title="bbox 2080 2022 3571 2105">
    <p class='ocr_par' dir='ltr' id='par_1_48' title="bbox 2080 2022 3571 2105">
     <span class='ocr_line' id='line_1_48' title="bbox 2080 2022 3571 2105; baseline 0.01 -30"><span class='ocrx_word' id='word_1_344' title='bbox 2080 2022 2176 2076; x_wconf 75' lang='grc' dir='ltr'>Ἐκ</span> <span class='ocrx_word' id='word_1_345' title='bbox 2206 2027 2557 2095; x_wconf 78' lang='grc' dir='ltr'>Πνεύματος</span> <span class='ocrx_word' id='word_1_346' title='bbox 2583 2031 2756 2097; x_wconf 79' lang='grc' dir='ltr'>ἁγίου</span> <span class='ocrx_word' id='word_1_347' title='bbox 2788 2032 2888 2085; x_wconf 79' lang='grc' dir='ltr'><strong>καί</strong></span> <span class='ocrx_word' id='word_1_348' title='bbox 2931 2032 3164 2102; x_wconf 78' lang='grc' dir='ltr'>Μαρίας</span> <span class='ocrx_word' id='word_1_349' title='bbox 3201 2033 3310 2103; x_wconf 83' lang='grc' dir='ltr'><strong>τῆς</strong></span> <span class='ocrx_word' id='word_1_350' title='bbox 3350 2030 3571 2105; x_wconf 81' lang='grc' dir='ltr'>Παρθέ-</span> 
     </span>
    </p>
   </div>
   <div class='ocr_carea' id='block_1_49' title="bbox 1995 2116 3575 2193">
    <p class='ocr_par' dir='ltr' id='par_1_49' title="bbox 1995 2116 3575 2193">
     <span class='ocr_line' id='line_1_49' title="bbox 1995 2116 3575 2193; baseline 0.008 -24"><span class='ocrx_word' id='word_1_351' title='bbox 1995 2132 2128 2169; x_wconf 80' lang='grc' dir='ltr'>νου.</span> <span class='ocrx_word' id='word_1_352' title='bbox 2152 2116 2226 2168; x_wconf 82' lang='grc' dir='ltr'><strong>Οὐ</strong></span> <span class='ocrx_word' id='word_1_353' title='bbox 2262 2117 2369 2187; x_wconf 84' lang='grc' dir='ltr'><strong>γὰρ</strong></span> <span class='ocrx_word' id='word_1_354' title='bbox 2398 2118 2485 2171; x_wconf 82' lang='grc' dir='ltr'>διὰ</span> <span class='ocrx_word' id='word_1_355' title='bbox 2519 2120 2739 2189; x_wconf 83' lang='grc' dir='ltr'>Μαρίας</span> <span class='ocrx_word' id='word_1_356' title='bbox 2773 2125 2872 2192; x_wconf 83' lang='grc' dir='ltr'><strong>τῆς</strong></span> <span class='ocrx_word' id='word_1_357' title='bbox 2903 2125 3294 2193; x_wconf 83' lang='grc' dir='ltr'>Παρθένου,ὼς</span> <span class='ocrx_word' id='word_1_358' title='bbox 3326 2126 3575 2183; x_wconf 78' lang='grc' dir='ltr'>’Δπολλι-</span> 
     </span>
    </p>
   </div>
   <div class='ocr_carea' id='block_1_50' title="bbox 1997 2208 3574 2291">
    <p class='ocr_par' dir='ltr' id='par_1_50' title="bbox 1997 2208 3574 2291">
     <span class='ocr_line' id='line_1_50' title="bbox 1997 2208 3574 2291; baseline 0.011 -32"><span class='ocrx_word' id='word_1_359' title='bbox 1997 2208 2183 2278; x_wconf 84' lang='grc' dir='ltr'>νάριος</span> <span class='ocrx_word' id='word_1_360' title='bbox 2240 2208 2417 2277; x_wconf 78' lang='grc' dir='ltr'>ἔλεγε,</span> <span class='ocrx_word' id='word_1_361' title='bbox 2468 2211 2578 2264; x_wconf 80' lang='grc' dir='ltr'>οὐδ’</span> <span class='ocrx_word' id='word_1_362' title='bbox 2628 2211 2817 2285; x_wconf 80' lang='grc' dir='ltr'>ὥσπερ</span> <span class='ocrx_word' id='word_1_363' title='bbox 2856 2215 2944 2268; x_wconf 70' lang='grc' dir='ltr'>διὰ</span> <span class='ocrx_word' id='word_1_364' title='bbox 2996 2217 3236 2287; x_wconf 82' lang='grc' dir='ltr'>σωλῆνός</span> <span class='ocrx_word' id='word_1_365' title='bbox 3272 2238 3417 2283; x_wconf 75' lang='grc' dir='ltr'>τινος</span> <span class='ocrx_word' id='word_1_366' title='bbox 3471 2222 3574 2291; x_wconf 83' lang='grc' dir='ltr'><strong>τῆς</strong></span> 
     </span>
    </p>
   </div>
   <div class='ocr_carea' id='block_1_51' title="bbox 1996 2301 3569 2382">
    <p class='ocr_par' dir='ltr' id='par_1_51' title="bbox 1996 2301 3569 2382">
     <span class='ocr_line' id='line_1_51' title="bbox 1996 2301 3569 2382; baseline 0.009 -30"><span class='ocrx_word' id='word_1_367' title='bbox 1996 2301 2330 2372; x_wconf 80' lang='grc' dir='ltr'>παρθενικῆς</span> <span class='ocrx_word' id='word_1_368' title='bbox 2384 2304 2617 2375; x_wconf 83' lang='grc' dir='ltr'>μήτρας,</span> <span class='ocrx_word' id='word_1_369' title='bbox 2652 2306 2681 2357; x_wconf 84' lang='grc' dir='ltr'><strong>ό</strong></span> <span class='ocrx_word' id='word_1_370' title='bbox 2708 2306 2834 2371; x_wconf 82' lang='grc' dir='ltr'>Υἱὸς</span> <span class='ocrx_word' id='word_1_371' title='bbox 2886 2307 2983 2361; x_wconf 83' lang='grc' dir='ltr'><strong>τοῦ</strong></span> <span class='ocrx_word' id='word_1_372' title='bbox 3028 2309 3160 2361; x_wconf 81' lang='grc' dir='ltr'>Θεοῦ</span> <span class='ocrx_word' id='word_1_373' title='bbox 3202 2311 3569 2382; x_wconf 74' lang='grc' dir='ltr'><strong>ἐπεδήμησεν,</strong></span> 
     </span>
    </p>
   </div>
   <div class='ocr_carea' id='block_1_52' title="bbox 1993 2390 3563 2473">
    <p class='ocr_par' dir='ltr' id='par_1_52' title="bbox 1993 2390 3563 2473">
     <span class='ocr_line' id='line_1_52' title="bbox 1993 2390 3563 2473; baseline 0.007 -30"><span class='ocrx_word' id='word_1_374' title='bbox 1993 2390 2202 2446; x_wconf 76' lang='grc' dir='ltr'>ἄνωθεν</span> <span class='ocrx_word' id='word_1_375' title='bbox 2235 2393 2334 2462; x_wconf 81' lang='grc' dir='ltr'>τὴν</span> <span class='ocrx_word' id='word_1_376' title='bbox 2372 2395 2551 2462; x_wconf 82' lang='grc' dir='ltr'>σάρκα</span> <span class='ocrx_word' id='word_1_377' title='bbox 2582 2398 2838 2466; x_wconf 84' lang='grc' dir='ltr'>κατάγων</span> <span class='ocrx_word' id='word_1_378' title='bbox 2876 2399 2951 2463; x_wconf 82' lang='grc' dir='ltr'>ὡς</span> <span class='ocrx_word' id='word_1_379' title='bbox 2991 2401 3077 2452; x_wconf 81' lang='grc' dir='ltr'><strong>ἀεὶ</strong></span> <span class='ocrx_word' id='word_1_380' title='bbox 3123 2405 3563 2473; x_wconf 86' lang='grc' dir='ltr'>συνουσιωμένην</span> 
     </span>
    </p>
   </div>
   <div class='ocr_carea' id='block_1_53' title="bbox 1991 2483 3569 2563">
    <p class='ocr_par' dir='ltr' id='par_1_53' title="bbox 1991 2483 3569 2563">
     <span class='ocr_line' id='line_1_53' title="bbox 1991 2483 3569 2563; baseline 0.01 -27"><span class='ocrx_word' id='word_1_381' title='bbox 1991 2483 2161 2556; x_wconf 82' lang='grc' dir='ltr'>αὐτῷ,</span> <span class='ocrx_word' id='word_1_382' title='bbox 2190 2486 2442 2557; x_wconf 85' lang='grc' dir='ltr'>καθάπερ</span> <span class='ocrx_word' id='word_1_383' title='bbox 2465 2488 2816 2554; x_wconf 82' lang='grc' dir='ltr'>Οὑαλεντῖνος</span> <span class='ocrx_word' id='word_1_384' title='bbox 2847 2492 3133 2563; x_wconf 72' lang='grc' dir='ltr'>ἐλήρησεν,</span> <span class='ocrx_word' id='word_1_385' title='bbox 3161 2494 3275 2547; x_wconf 76' lang='grc' dir='ltr'>ἀλλ’</span> <span class='ocrx_word' id='word_1_386' title='bbox 3293 2495 3362 2548; x_wconf 78' lang='grc' dir='ltr'>ἐκ</span> <span class='ocrx_word' id='word_1_387' title='bbox 3378 2497 3569 2550; x_wconf 67' lang='lat' dir='ltr'><strong>Hreu-</strong></span> 
     </span>
    </p>
   </div>
   <div class='ocr_carea' id='block_1_54' title="bbox 1983 2576 3215 2650">
    <p class='ocr_par' dir='ltr' id='par_1_54' title="bbox 1983 2576 3215 2650">
     <span class='ocr_line' id='line_1_54' title="bbox 1983 2576 3215 2650; baseline 0.01 -25"><span class='ocrx_word' id='word_1_388' title='bbox 1983 2592 2172 2644; x_wconf 81' lang='grc' dir='ltr'>ματος</span> <span class='ocrx_word' id='word_1_389' title='bbox 2190 2576 2362 2645; x_wconf 76' lang='grc' dir='ltr'>ἁγίου</span> <span class='ocrx_word' id='word_1_390' title='bbox 2388 2578 2485 2630; x_wconf 77' lang='grc' dir='ltr'>καὶ</span> <span class='ocrx_word' id='word_1_391' title='bbox 2506 2580 2735 2648; x_wconf 79' lang='grc' dir='ltr'>Μαρίας</span> <span class='ocrx_word' id='word_1_392' title='bbox 2754 2581 2865 2650; x_wconf 86' lang='grc' dir='ltr'><strong>τῆς</strong></span> <span class='ocrx_word' id='word_1_393' title='bbox 2889 2581 3215 2649; x_wconf 79' lang='grc' dir='ltr'>Παρθένου.</span> 
     </span>
    </p>
   </div>
   <div class='ocr_carea' id='block_1_55' title="bbox 2076 2668 3566 2746">
    <p class='ocr_par' dir='ltr' id='par_1_55' title="bbox 2076 2668 3566 2746">
     <span class='ocr_line' id='line_1_55' title="bbox 2076 2668 3566 2746; baseline 0.007 -27"><span class='ocrx_word' id='word_1_394' title='bbox 2076 2668 2169 2720; x_wconf 82' lang='grc' dir='ltr'>Ἐκ</span> <span class='ocrx_word' id='word_1_395' title='bbox 2219 2669 2568 2739; x_wconf 77' lang='grc' dir='ltr'>Πνεύματος</span> <span class='ocrx_word' id='word_1_396' title='bbox 2638 2672 2833 2740; x_wconf 73' lang='grc' dir='ltr'>ἁγίου.</span> <span class='ocrx_word' id='word_1_397' title='bbox 2877 2674 3001 2727; x_wconf 79' lang='grc' dir='ltr'><strong>Ὀτι</strong></span> <span class='ocrx_word' id='word_1_398' title='bbox 3054 2674 3185 2736; x_wconf 76' lang='grc' dir='ltr'>Θεὸς</span> <span class='ocrx_word' id='word_1_399' title='bbox 3235 2670 3306 2745; x_wconf 77' lang='grc' dir='ltr'>ἦν</span> <span class='ocrx_word' id='word_1_400' title='bbox 3344 2675 3371 2725; x_wconf 85' lang='grc' dir='ltr'><strong>ὁ</strong></span> <span class='ocrx_word' id='word_1_401' title='bbox 3412 2675 3469 2727; x_wconf 71' lang='grc' dir='ltr'>ἐν</span> <span class='ocrx_word' id='word_1_402' title='bbox 3500 2680 3566 2746; x_wconf 75' lang='grc' dir='ltr'><strong>τῇ</strong></span> 
     </span>
    </p>
   </div>
   <div class='ocr_carea' id='block_1_56' title="bbox 1991 2759 3572 2838">
    <p class='ocr_par' dir='ltr' id='par_1_56' title="bbox 1991 2759 3572 2838">
     <span class='ocr_line' id='line_1_56' title="bbox 1991 2759 3572 2838; baseline 0.006 -26"><span class='ocrx_word' id='word_1_403' title='bbox 1991 2759 2294 2832; x_wconf 81' lang='grc' dir='ltr'>παρθενικῇ</span> <span class='ocrx_word' id='word_1_404' title='bbox 2324 2761 2825 2835; x_wconf 80' lang='grc' dir='ltr'>βρεφουργούμενος</span> <span class='ocrx_word' id='word_1_405' title='bbox 2866 2767 3082 2838; x_wconf 73' lang='grc' dir='ltr'>μήτραο</span> <span class='ocrx_word' id='word_1_406' title='bbox 3106 2769 3339 2834; x_wconf 79' lang='grc' dir='ltr'>Μαρίας</span> <span class='ocrx_word' id='word_1_407' title='bbox 3371 2768 3426 2821; x_wconf 85' lang='grc' dir='ltr'>δὲ</span> <span class='ocrx_word' id='word_1_408' title='bbox 3460 2766 3572 2836; x_wconf 75' lang='grc' dir='ltr'><strong>τῆς</strong></span> 
     </span>
    </p>
   </div>
   <div class='ocr_carea' id='block_1_57' title="bbox 1992 2855 3568 2932">
    <p class='ocr_par' dir='ltr' id='par_1_57' title="bbox 1992 2855 3568 2932">
     <span class='ocr_line' id='line_1_57' title="bbox 1992 2855 3568 2932; baseline 0.005 -25"><span class='ocrx_word' id='word_1_409' title='bbox 1992 2855 2324 2922; x_wconf 79' lang='grc' dir='ltr'>Παρθένου,</span> <span class='ocrx_word' id='word_1_410' title='bbox 2349 2856 2429 2909; x_wconf 84' lang='grc' dir='ltr'><strong>ὅτι</strong></span> <span class='ocrx_word' id='word_1_411' title='bbox 2445 2857 2508 2909; x_wconf 77' lang='grc' dir='ltr'>ὲκ</span> <span class='ocrx_word' id='word_1_412' title='bbox 2522 2857 2622 2926; x_wconf 88' lang='grc' dir='ltr'><strong>τῆς</strong></span> <span class='ocrx_word' id='word_1_413' title='bbox 2642 2860 2826 2922; x_wconf 84' lang='grc' dir='ltr'>οὐσίας</span> <span class='ocrx_word' id='word_1_414' title='bbox 2843 2860 3015 2928; x_wconf 82' lang='grc' dir='ltr'>αὐτῆς</span> <span class='ocrx_word' id='word_1_415' title='bbox 3032 2857 3099 2931; x_wconf 82' lang='grc' dir='ltr'>ἧν</span> <span class='ocrx_word' id='word_1_416' title='bbox 3123 2862 3185 2914; x_wconf 77' lang='grc' dir='ltr'>τὸ</span> <span class='ocrx_word' id='word_1_417' title='bbox 3207 2862 3568 2932; x_wconf 79' lang='grc' dir='ltr'>πρόσλημμα,</span> 
     </span>
    </p>
   </div>
   <div class='ocr_carea' id='block_1_58' title="bbox 315 2940 1895 3026">
    <p class='ocr_par' dir='ltr' id='par_1_58' title="bbox 315 2940 1891 3026">
     <span class='ocr_line' id='line_1_58' title="bbox 315 2940 1891 3026; baseline -0.001 -17"><span class='ocrx_word' id='word_1_418' title='bbox 315 2968 448 3016; x_wconf 63' lang='lat' dir='ltr'><strong>est:</strong></span> <span class='ocrx_word' id='word_1_419' title='bbox 498 2957 836 3026; x_wconf 62' lang='lat' dir='ltr'><strong>qtuereipsa</strong></span> <span class='ocrx_word' id='word_1_420' title='bbox 884 2954 1036 3025; x_wconf 78' lang='lat' dir='ltr'><strong>virgo</strong></span> <span class='ocrx_word' id='word_1_421' title='bbox 1082 2940 1207 3019; x_wconf 78' lang='lat' dir='ltr'><strong>fuit,</strong></span> <span class='ocrx_word' id='word_1_422' title='bbox 1254 2952 1457 3021; x_wconf 89' lang='lat' dir='ltr'><strong>quippe</strong></span> <span class='ocrx_word' id='word_1_423' title='bbox 1508 2966 1631 3021; x_wconf 77' lang='lat' dir='ltr'><strong>quae</strong></span> <span class='ocrx_word' id='word_1_424' title='bbox 1680 2954 1891 3009; x_wconf 75' lang='lat' dir='ltr'><strong>scilicet</strong></span> 
     </span>
    </p>
   </div>
   <div class='ocr_carea' id='block_1_59' title="bbox 2000 2940 3567 3026">
    <p class='ocr_par' dir='ltr' id='par_1_59' title="bbox 2000 2946 3567 3025">
     <span class='ocr_line' id='line_1_59' title="bbox 2000 2946 3567 3025; baseline 0.007 -28"><span class='ocrx_word' id='word_1_425' title='bbox 2000 2946 2095 3015; x_wconf 84' lang='grc' dir='ltr'><strong>τῆς</strong></span> <span class='ocrx_word' id='word_1_426' title='bbox 2122 2946 2290 3011; x_wconf 79' lang='grc' dir='ltr'>ὅντως</span> <span class='ocrx_word' id='word_1_427' title='bbox 2321 2950 2618 3020; x_wconf 82' lang='grc' dir='ltr'>παρθένου,</span> <span class='ocrx_word' id='word_1_428' title='bbox 2648 2952 2743 3005; x_wconf 76' lang='grc' dir='ltr'>ἅτε</span> <span class='ocrx_word' id='word_1_429' title='bbox 2781 2952 2845 3023; x_wconf 84' lang='grc' dir='ltr'>δὴ</span> <span class='ocrx_word' id='word_1_430' title='bbox 2874 2954 2968 3005; x_wconf 70' lang='grc' dir='ltr'>καὶ</span> <span class='ocrx_word' id='word_1_431' title='bbox 3014 2954 3401 3025; x_wconf 73' lang='grc' dir='ltr'>ἀει-παρθένου.</span> <span class='ocrx_word' id='word_1_432' title='bbox 3429 2955 3567 3010; x_wconf 73' lang='grc' dir='ltr'>Οὔτε</span> 
     </span>
    </p>
   </div>
   <div class='ocr_carea' id='block_1_60' title="bbox 311 3037 1895 3135">
    <p class='ocr_par' dir='ltr' id='par_1_60' title="bbox 311 3043 1889 3116">
     <span class='ocr_line' id='line_1_60' title="bbox 311 3043 1889 3116; baseline -0.002 -13"><span class='ocrx_word' id='word_1_433' title='bbox 311 3051 474 3104; x_wconf 84' lang='lat' dir='ltr'><strong>etiam</strong></span> <span class='ocrx_word' id='word_1_434' title='bbox 526 3063 740 3116; x_wconf 83' lang='lat' dir='ltr'><strong>semper</strong></span> <span class='ocrx_word' id='word_1_435' title='bbox 788 3046 961 3115; x_wconf 78' lang='lat' dir='ltr'><strong>virgo.</strong></span> <span class='ocrx_word' id='word_1_436' title='bbox 1017 3043 1207 3113; x_wconf 85' lang='lat' dir='ltr'><strong>Neque</strong></span> <span class='ocrx_word' id='word_1_437' title='bbox 1264 3044 1410 3098; x_wconf 89' lang='lat' dir='ltr'><strong>enim</strong></span> <span class='ocrx_word' id='word_1_438' title='bbox 1453 3052 1749 3113; x_wconf 86' lang='lat' dir='ltr'><strong>antequam</strong></span> <span class='ocrx_word' id='word_1_439' title='bbox 1801 3046 1889 3100; x_wconf 89' lang='lat' dir='ltr'><strong>ille</strong></span> 
     </span>
    </p>
   </div>
   <div class='ocr_carea' id='block_1_61' title="bbox 2000 3037 3571 3135">
    <p class='ocr_par' dir='ltr' id='par_1_61' title="bbox 2000 3037 3571 3117">
     <span class='ocr_line' id='line_1_61' title="bbox 2000 3037 3571 3117; baseline 0.005 -28"><span class='ocrx_word' id='word_1_440' title='bbox 2000 3037 2101 3107; x_wconf 78' lang='grc' dir='ltr'><strong>γάρ</strong></span> <span class='ocrx_word' id='word_1_441' title='bbox 2131 3038 2237 3107; x_wconf 85' lang='grc' dir='ltr'>πρὸ</span> <span class='ocrx_word' id='word_1_442' title='bbox 2295 3042 2393 3110; x_wconf 85' lang='grc' dir='ltr'><strong>τῆς</strong></span> <span class='ocrx_word' id='word_1_443' title='bbox 2420 3043 2726 3112; x_wconf 80' lang='grc' dir='ltr'>γεννήσεως</span> <span class='ocrx_word' id='word_1_444' title='bbox 2759 3043 3007 3114; x_wconf 75' lang='grc' dir='ltr'>ἐγνώσθη</span> <span class='ocrx_word' id='word_1_445' title='bbox 3038 3044 3214 3115; x_wconf 79' lang='grc' dir='ltr'>ἀνδρὶ,</span> <span class='ocrx_word' id='word_1_446' title='bbox 3237 3045 3309 3108; x_wconf 85' lang='grc' dir='ltr'><strong>ὡς</strong></span> <span class='ocrx_word' id='word_1_447' title='bbox 3344 3048 3571 3117; x_wconf 71' lang='grc' dir='ltr'>Καρπο-</span> 
     </span>
    </p>
   </div>
   <div class='ocr_carea' id='block_1_62' title="bbox 313 3131 1895 3206">
    <p class='ocr_par' dir='ltr' id='par_1_62' title="bbox 313 3135 1889 3205">
     <span class='ocr_line' id='line_1_62' title="bbox 313 3135 1889 3205; baseline -0.003 -8"><span class='ocrx_word' id='word_1_448' title='bbox 313 3150 653 3203; x_wconf 87' lang='lat' dir='ltr'><strong>nasceretur,</strong></span> <span class='ocrx_word' id='word_1_449' title='bbox 703 3156 732 3192; x_wconf 89' lang='lat' dir='ltr'><strong>a</strong></span> <span class='ocrx_word' id='word_1_450' title='bbox 767 3141 884 3192; x_wconf 82' lang='lat' dir='ltr'><strong>viro</strong></span> <span class='ocrx_word' id='word_1_451' title='bbox 930 3137 1149 3204; x_wconf 81' lang='lat' dir='ltr'><strong>cognita</strong></span> <span class='ocrx_word' id='word_1_452' title='bbox 1186 3136 1385 3200; x_wconf 77' lang='lat' dir='ltr'><strong>fuerat,</strong></span> <span class='ocrx_word' id='word_1_453' title='bbox 1432 3147 1493 3190; x_wconf 89' lang='lat' dir='ltr'><strong>ut</strong></span> <span class='ocrx_word' id='word_1_454' title='bbox 1530 3135 1889 3205; x_wconf 88' lang='lat' dir='ltr'><strong>Carpocrates</strong></span> 
     </span>
    </p>
   </div>
   <div class='ocr_carea' id='block_1_63' title="bbox 2000 3131 3564 3206">
    <p class='ocr_par' dir='ltr' id='par_1_63' title="bbox 2000 3131 3564 3206">
     <span class='ocr_line' id='line_1_63' title="bbox 2000 3131 3564 3206; baseline 0.006 -23"><span class='ocrx_word' id='word_1_455' title='bbox 2000 3133 2201 3203; x_wconf 83' lang='grc' dir='ltr'>κράτης</span> <span class='ocrx_word' id='word_1_456' title='bbox 2230 3131 2382 3201; x_wconf 75' lang='grc' dir='ltr'>ἔλεγε</span> <span class='ocrx_word' id='word_1_457' title='bbox 2410 3133 2504 3185; x_wconf 77' lang='grc' dir='ltr'>καὶ</span> <span class='ocrx_word' id='word_1_458' title='bbox 2538 3134 2587 3187; x_wconf 78' lang='lat' dir='ltr'><strong>oi</strong></span> <span class='ocrx_word' id='word_1_459' title='bbox 2604 3134 2797 3187; x_wconf 76' lang='grc' dir='ltr'>τούτου</span> <span class='ocrx_word' id='word_1_460' title='bbox 2825 3136 3129 3206; x_wconf 71' lang='grc' dir='ltr'>ὁμόφρονες</span> <span class='ocrx_word' id='word_1_461' title='bbox 3161 3138 3564 3202; x_wconf 75' lang='grc' dir='ltr'>Μασσαλιανοὶ,</span> 
     </span>
    </p>
   </div>
   <div class='ocr_carea' id='block_1_64' title="bbox 312 3221 1895 3305">
    <p class='ocr_par' dir='ltr' id='par_1_64' title="bbox 312 3227 1888 3305">
     <span class='ocr_line' id='line_1_64' title="bbox 312 3227 1888 3305; baseline -0.003 -17"><span class='ocrx_word' id='word_1_462' title='bbox 312 3235 531 3289; x_wconf 89' lang='lat' dir='ltr'><strong>diccbat</strong></span> <span class='ocrx_word' id='word_1_463' title='bbox 584 3234 745 3300; x_wconf 85' lang='lat' dir='ltr'><strong>eique</strong></span> <span class='ocrx_word' id='word_1_464' title='bbox 795 3228 1104 3305; x_wconf 76' lang='lat' dir='ltr'><strong>concordes</strong></span> <span class='ocrx_word' id='word_1_465' title='bbox 1148 3227 1459 3283; x_wconf 74' lang='lat' dir='ltr'><strong>Massaliani</strong></span> <span class='ocrx_word' id='word_1_466' title='bbox 1488 3269 1503 3294; x_wconf 93' lang='lat'><strong>,</strong></span> <span class='ocrx_word' id='word_1_467' title='bbox 1539 3244 1717 3297; x_wconf 89' lang='lat' dir='ltr'><strong>neque</strong></span> <span class='ocrx_word' id='word_1_468' title='bbox 1767 3242 1888 3299; x_wconf 89' lang='lat' dir='ltr'><strong>post</strong></span> 
     </span>
    </p>
   </div>
   <div class='ocr_carea' id='block_1_65' title="bbox 2000 3221 3571 3305">
    <p class='ocr_par' dir='ltr' id='par_1_65' title="bbox 2000 3221 3571 3301">
     <span class='ocr_line' id='line_1_65' title="bbox 2000 3221 3571 3301; baseline 0.006 -26"><span class='ocrx_word' id='word_1_469' title='bbox 2000 3221 2118 3276; x_wconf 79' lang='grc' dir='ltr'>οὔτε</span> <span class='ocrx_word' id='word_1_470' title='bbox 2156 3224 2296 3293; x_wconf 83' lang='grc' dir='ltr'>μετὰ</span> <span class='ocrx_word' id='word_1_471' title='bbox 2320 3223 2422 3294; x_wconf 78' lang='grc' dir='ltr'><strong>τὴν</strong></span> <span class='ocrx_word' id='word_1_472' title='bbox 2480 3225 2762 3296; x_wconf 79' lang='grc' dir='ltr'>γέννησιν.</span> <span class='ocrx_word' id='word_1_473' title='bbox 2794 3227 2896 3279; x_wconf 83' lang='grc' dir='ltr'><strong>Διὰ</strong></span> <span class='ocrx_word' id='word_1_474' title='bbox 2932 3227 3136 3282; x_wconf 86' lang='grc' dir='ltr'>τούτων</span> <span class='ocrx_word' id='word_1_475' title='bbox 3167 3229 3261 3282; x_wconf 83' lang='grc' dir='ltr'>καὶ</span> <span class='ocrx_word' id='word_1_476' title='bbox 3304 3229 3571 3301; x_wconf 83' lang='grc' dir='ltr'>Ἀπελλῆς</span> 
     </span>
    </p>
   </div>
   <div class='ocr_carea' id='block_1_66' title="bbox 315 3314 1895 3392">
    <p class='ocr_par' dir='ltr' id='par_1_66' title="bbox 315 3321 1891 3390">
     <span class='ocr_line' id='line_1_66' title="bbox 315 3321 1891 3390; baseline -0.001 -10"><span class='ocrx_word' id='word_1_477' title='bbox 315 3327 679 3382; x_wconf 84' lang='lat' dir='ltr'><strong>nativitatem.</strong></span> <span class='ocrx_word' id='word_1_478' title='bbox 731 3322 834 3375; x_wconf 86' lang='lat' dir='ltr'><strong>Per</strong></span> <span class='ocrx_word' id='word_1_479' title='bbox 899 3323 1014 3376; x_wconf 63' lang='lat' dir='ltr'><strong>haec</strong></span> <span class='ocrx_word' id='word_1_480' title='bbox 1042 3321 1259 3387; x_wconf 83' lang='lat' dir='ltr'><strong>Apelles</strong></span> <span class='ocrx_word' id='word_1_481' title='bbox 1308 3335 1526 3390; x_wconf 90' lang='lat' dir='ltr'><strong>quoque</strong></span> <span class='ocrx_word' id='word_1_482' title='bbox 1580 3324 1891 3378; x_wconf 83' lang='lat' dir='ltr'><strong>extruditur</strong></span> 
     </span>
    </p>
   </div>
   <div class='ocr_carea' id='block_1_67' title="bbox 2000 3314 3572 3392">
    <p class='ocr_par' dir='ltr' id='par_1_67' title="bbox 2000 3314 3572 3392">
     <span class='ocr_line' id='line_1_67' title="bbox 2000 3314 3572 3392; baseline 0.007 -26"><span class='ocrx_word' id='word_1_483' title='bbox 2000 3314 2361 3369; x_wconf 77' lang='grc' dir='ltr'>ἀπελαύνεται</span> <span class='ocrx_word' id='word_1_484' title='bbox 2398 3317 2495 3387; x_wconf 86' lang='grc' dir='ltr'><strong>τῆς</strong></span> <span class='ocrx_word' id='word_1_485' title='bbox 2526 3318 2792 3388; x_wconf 77' lang='grc' dir='ltr'>ἀληθινῆς</span> <span class='ocrx_word' id='word_1_486' title='bbox 2828 3320 3065 3391; x_wconf 84' lang='grc' dir='ltr'>ποίμνης</span> <span class='ocrx_word' id='word_1_487' title='bbox 3085 3322 3345 3392; x_wconf 78' lang='grc' dir='ltr'>Χριστοῦ,</span> <span class='ocrx_word' id='word_1_488' title='bbox 3371 3326 3472 3377; x_wconf 80' lang='grc' dir='ltr'>οὐκ</span> <span class='ocrx_word' id='word_1_489' title='bbox 3507 3326 3572 3377; x_wconf 74' lang='grc' dir='ltr'>ὲκ</span> 
     </span>
    </p>
   </div>
   <div class='ocr_carea' id='block_1_68' title="bbox 316 3406 1895 3487">
    <p class='ocr_par' dir='ltr' id='par_1_68' title="bbox 316 3413 1889 3487">
     <span class='ocr_line' id='line_1_68' title="bbox 316 3413 1889 3487; baseline -0.004 -12"><span class='ocrx_word' id='word_1_490' title='bbox 316 3420 385 3475; x_wconf 89' lang='lat' dir='ltr'><strong>de</strong></span> <span class='ocrx_word' id='word_1_491' title='bbox 409 3433 539 3473; x_wconf 77' lang='lat' dir='ltr'><strong>vero</strong></span> <span class='ocrx_word' id='word_1_492' title='bbox 578 3431 739 3487; x_wconf 71' lang='lat' dir='ltr'><strong>grege</strong></span> <span class='ocrx_word' id='word_1_493' title='bbox 788 3415 1016 3480; x_wconf 85' lang='lat' dir='ltr'><strong>Christi,</strong></span> <span class='ocrx_word' id='word_1_494' title='bbox 1050 3414 1141 3483; x_wconf 91' lang='lat' dir='ltr'><strong>qui</strong></span> <span class='ocrx_word' id='word_1_495' title='bbox 1167 3428 1291 3467; x_wconf 89' lang='lat' dir='ltr'><strong>eum</strong></span> <span class='ocrx_word' id='word_1_496' title='bbox 1328 3429 1437 3467; x_wconf 92' lang='lat' dir='ltr'><strong>non</strong></span> <span class='ocrx_word' id='word_1_497' title='bbox 1470 3429 1537 3468; x_wconf 81' lang='lat' dir='ltr'><strong>ex</strong></span> <span class='ocrx_word' id='word_1_498' title='bbox 1572 3413 1738 3468; x_wconf 79' lang='lat' dir='ltr'><strong>Maria</strong></span> <span class='ocrx_word' id='word_1_499' title='bbox 1763 3416 1889 3471; x_wconf 81' lang='lat' dir='ltr'><strong>Vtr-</strong></span> 
     </span>
    </p>
   </div>
   <div class='ocr_carea' id='block_1_69' title="bbox 2000 3406 3574 3487">
    <p class='ocr_par' dir='ltr' id='par_1_69' title="bbox 2000 3406 3574 3480">
     <span class='ocr_line' id='line_1_69' title="bbox 2000 3406 3574 3480; baseline 0.005 -20"><span class='ocrx_word' id='word_1_500' title='bbox 2000 3406 2218 3476; x_wconf 76' lang='grc' dir='ltr'>Μαρίας</span> <span class='ocrx_word' id='word_1_501' title='bbox 2256 3407 2354 3478; x_wconf 86' lang='grc' dir='ltr'><strong>τῆς</strong></span> <span class='ocrx_word' id='word_1_502' title='bbox 2403 3408 2681 3478; x_wconf 79' lang='grc' dir='ltr'>Παρθένου</span> <span class='ocrx_word' id='word_1_503' title='bbox 2734 3410 2962 3478; x_wconf 80' lang='grc' dir='ltr'>φάσκων</span> <span class='ocrx_word' id='word_1_504' title='bbox 3026 3412 3213 3480; x_wconf 73' lang='grc' dir='ltr'>αὐτὸν,</span> <span class='ocrx_word' id='word_1_505' title='bbox 3274 3415 3419 3468; x_wconf 77' lang='grc' dir='ltr'>ἐκδὲ</span> <span class='ocrx_word' id='word_1_506' title='bbox 3464 3415 3574 3468; x_wconf 84' lang='grc' dir='ltr'>τῶν</span> 
     </span>
    </p>
   </div>
   <div class='ocr_carea' id='block_1_70' title="bbox 317 3501 1895 3580">
    <p class='ocr_par' dir='ltr' id='par_1_70' title="bbox 317 3505 1887 3580">
     <span class='ocr_line' id='line_1_70' title="bbox 317 3505 1887 3580; baseline -0.001 -15"><span class='ocrx_word' id='word_1_507' title='bbox 317 3513 441 3580; x_wconf 74' lang='lat' dir='ltr'><strong>gine</strong></span> <span class='ocrx_word' id='word_1_508' title='bbox 472 3510 675 3569; x_wconf 87' lang='lat' dir='ltr'><strong>aiebat.</strong></span> <span class='ocrx_word' id='word_1_509' title='bbox 712 3507 806 3562; x_wconf 89' lang='lat' dir='ltr'><strong>sed</strong></span> <span class='ocrx_word' id='word_1_510' title='bbox 837 3523 901 3560; x_wconf 79' lang='lat' dir='ltr'><strong>ex</strong></span> <span class='ocrx_word' id='word_1_511' title='bbox 932 3514 1166 3575; x_wconf 87' lang='lat' dir='ltr'><strong>quatuor</strong></span> <span class='ocrx_word' id='word_1_512' title='bbox 1193 3505 1482 3560; x_wconf 85' lang='lat' dir='ltr'><strong>elementis</strong></span> <span class='ocrx_word' id='word_1_513' title='bbox 1515 3506 1621 3561; x_wconf 92' lang='lat' dir='ltr'><strong>sibi</strong></span> <span class='ocrx_word' id='word_1_514' title='bbox 1664 3523 1887 3563; x_wconf 90' lang='lat' dir='ltr'><strong>carnem</strong></span> 
     </span>
    </p>
   </div>
   <div class='ocr_carea' id='block_1_71' title="bbox 2000 3501 3568 3580">
    <p class='ocr_par' dir='ltr' id='par_1_71' title="bbox 2000 3501 3568 3575">
     <span class='ocr_line' id='line_1_71' title="bbox 2000 3501 3568 3575; baseline 0.004 -22"><span class='ocrx_word' id='word_1_515' title='bbox 2000 3501 2275 3571; x_wconf 83' lang='grc' dir='ltr'>τεσσάρων</span> <span class='ocrx_word' id='word_1_516' title='bbox 2293 3502 2574 3571; x_wconf 86' lang='grc' dir='ltr'>στοιχείων</span> <span class='ocrx_word' id='word_1_517' title='bbox 2603 3501 2701 3572; x_wconf 69' lang='grc' dir='ltr'>τὴν</span> <span class='ocrx_word' id='word_1_518' title='bbox 2716 3502 2913 3557; x_wconf 75' lang='grc' dir='ltr'>ἑαυτοῦ</span> <span class='ocrx_word' id='word_1_519' title='bbox 2949 3504 3127 3575; x_wconf 83' lang='grc' dir='ltr'>σάρκα</span> <span class='ocrx_word' id='word_1_520' title='bbox 3158 3505 3568 3575; x_wconf 75' lang='grc' dir='ltr'>συμπήξασθαι,</span> 
     </span>
    </p>
   </div>
   <div class='ocr_carea' id='block_1_72' title="bbox 321 3597 1887 3673">
    <p class='ocr_par' dir='ltr' id='par_1_72' title="bbox 321 3597 1887 3673">
     <span class='ocr_line' id='line_1_72' title="bbox 321 3597 1887 3673; baseline -0.003 -15"><span class='ocrx_word' id='word_1_521' title='bbox 321 3603 700 3673; x_wconf 77' lang='lat' dir='ltr'><strong>compcgissc;</strong></span> <span class='ocrx_word' id='word_1_522' title='bbox 732 3601 783 3652; x_wconf 91' lang='lat' dir='ltr'><strong>in</strong></span> <span class='ocrx_word' id='word_1_523' title='bbox 814 3613 934 3669; x_wconf 72' lang='lat' dir='ltr'><strong>qua:</strong></span> <span class='ocrx_word' id='word_1_524' title='bbox 972 3598 1138 3651; x_wconf 88' lang='lat' dir='ltr'><strong>etiam</strong></span> <span class='ocrx_word' id='word_1_525' title='bbox 1166 3607 1354 3668; x_wconf 87' lang='lat' dir='ltr'><strong>postea</strong></span> <span class='ocrx_word' id='word_1_526' title='bbox 1403 3597 1671 3653; x_wconf 86' lang='lat' dir='ltr'><strong>dissoluta</strong></span> <span class='ocrx_word' id='word_1_527' title='bbox 1699 3598 1887 3666; x_wconf 77' lang='lat' dir='ltr'><strong>fuerit,</strong></span> 
     </span>
    </p>
   </div>
   <div class='ocr_carea' id='block_1_73' title="bbox 318 3689 1095 3764">
    <p class='ocr_par' dir='ltr' id='par_1_73' title="bbox 318 3689 1095 3764">
     <span class='ocr_line' id='line_1_73' title="bbox 318 3689 1095 3764; baseline -0.008 -15"><span class='ocrx_word' id='word_1_528' title='bbox 318 3696 537 3764; x_wconf 83' lang='lat' dir='ltr'><strong>quando</strong></span> <span class='ocrx_word' id='word_1_529' title='bbox 561 3693 622 3745; x_wconf 84' lang='lat' dir='ltr'><strong>in</strong></span> <span class='ocrx_word' id='word_1_530' title='bbox 660 3691 857 3745; x_wconf 71' lang='lat' dir='ltr'><strong>cmlum</strong></span> <span class='ocrx_word' id='word_1_531' title='bbox 889 3689 1095 3743; x_wconf 64' lang='lat' dir='ltr'><strong>rediit.‘</strong></span> 
     </span>
    </p>
   </div>
   <div class='ocr_carea' id='block_1_74' title="bbox 395 3781 1889 3853">
    <p class='ocr_par' dir='ltr' id='par_1_74' title="bbox 395 3781 1889 3853">
     <span class='ocr_line' id='line_1_74' title="bbox 395 3781 1889 3853; baseline 0.001 -16"><span class='ocrx_word' id='word_1_532' title='bbox 395 3785 497 3851; x_wconf 85' lang='lat' dir='ltr'><strong>Qui</strong></span> <span class='ocrx_word' id='word_1_533' title='bbox 557 3783 840 3837; x_wconf 74' lang='lat' dir='ltr'><strong>descendit.</strong></span> <span class='ocrx_word' id='word_1_534' title='bbox 929 3782 1266 3836; x_wconf 89' lang='lat' dir='ltr'><strong>Descensum</strong></span> <span class='ocrx_word' id='word_1_535' title='bbox 1345 3781 1583 3853; x_wconf 78' lang='lat' dir='ltr'><strong>cogitare</strong></span> <span class='ocrx_word' id='word_1_536' title='bbox 1650 3792 1889 3853; x_wconf 90' lang='lat' dir='ltr'><strong>oportet,</strong></span> 
     </span>
    </p>
   </div>
   <div class='ocr_carea' id='block_1_75' title="bbox 311 3874 1891 3938">
    <p class='ocr_par' dir='ltr' id='par_1_75' title="bbox 311 3874 1891 3938">
     <span class='ocr_line' id='line_1_75' title="bbox 311 3874 1891 3938; baseline 0.001 -8"><span class='ocrx_word' id='word_1_537' title='bbox 311 3892 429 3930; x_wconf 85' lang='lat' dir='ltr'><strong>non</strong></span> <span class='ocrx_word' id='word_1_538' title='bbox 468 3875 535 3929; x_wconf 92' lang='lat' dir='ltr'><strong>de</strong></span> <span class='ocrx_word' id='word_1_539' title='bbox 566 3874 684 3927; x_wconf 89' lang='lat' dir='ltr'><strong>loco</strong></span> <span class='ocrx_word' id='word_1_540' title='bbox 733 3874 1114 3927; x_wconf 82' lang='lat' dir='ltr'><strong>translatitiam</strong></span> <span class='ocrx_word' id='word_1_541' title='bbox 1164 3874 1543 3938; x_wconf 89' lang='lat' dir='ltr'><strong>mutationem,</strong></span> <span class='ocrx_word' id='word_1_542' title='bbox 1600 3876 1694 3930; x_wconf 91' lang='lat' dir='ltr'><strong>sed</strong></span> <span class='ocrx_word' id='word_1_543' title='bbox 1758 3892 1891 3931; x_wconf 84' lang='lat' dir='ltr'><strong>con-</strong></span> 
     </span>
    </p>
   </div>
   <div class='ocr_carea' id='block_1_76' title="bbox 316 3965 1004 4024">
    <p class='ocr_par' dir='ltr' id='par_1_76' title="bbox 316 3965 1004 4024">
     <span class='ocr_line' id='line_1_76' title="bbox 316 3965 1004 4024; baseline -0.01 0"><span class='ocrx_word' id='word_1_544' title='bbox 316 3968 739 4024; x_wconf 86' lang='lat' dir='ltr'><strong>descensionem</strong></span> <span class='ocrx_word' id='word_1_545' title='bbox 780 3965 847 4019; x_wconf 93' lang='lat' dir='ltr'><strong>ad</strong></span> <span class='ocrx_word' id='word_1_546' title='bbox 882 3980 1004 4018; x_wconf 91' lang='lat' dir='ltr'><strong>nos.</strong></span> 
     </span>
    </p>
   </div>
   <div class='ocr_carea' id='block_1_77' title="bbox 394 4053 1895 4123">
    <p class='ocr_par' dir='ltr' id='par_1_77' title="bbox 394 4053 1895 4123">
     <span class='ocr_line' id='line_1_77' title="bbox 394 4053 1895 4123; baseline 0.003 -12"><span class='ocrx_word' id='word_1_547' title='bbox 394 4057 712 4112; x_wconf 80' lang='lat' dir='ltr'><strong>Incarnalus</strong></span> <span class='ocrx_word' id='word_1_548' title='bbox 745 4063 820 4107; x_wconf 65' lang='lat' dir='ltr'><strong>est</strong></span> <span class='ocrx_word' id='word_1_549' title='bbox 856 4066 901 4107; x_wconf 89' lang='lat' dir='ltr'><strong>et</strong></span> <span class='ocrx_word' id='word_1_550' title='bbox 943 4054 1095 4106; x_wconf 84' lang='lat' dir='ltr'><strong>homo</strong></span> <span class='ocrx_word' id='word_1_551' title='bbox 1128 4053 1321 4121; x_wconf 77' lang='lat' dir='ltr'><strong>factus.</strong></span> <span class='ocrx_word' id='word_1_552' title='bbox 1352 4055 1406 4109; x_wconf 89' lang='lat' dir='ltr'><strong>ld</strong></span> <span class='ocrx_word' id='word_1_553' title='bbox 1430 4064 1534 4123; x_wconf 86' lang='lat' dir='ltr'><strong>est,</strong></span> <span class='ocrx_word' id='word_1_554' title='bbox 1582 4074 1691 4113; x_wconf 90' lang='lat' dir='ltr'><strong>non</strong></span> <span class='ocrx_word' id='word_1_555' title='bbox 1718 4060 1895 4115; x_wconf 84' lang='lat' dir='ltr'><strong>solum</strong></span> 
     </span>
    </p>
   </div>
   <div class='ocr_carea' id='block_1_78' title="bbox 323 4145 1895 4229">
    <p class='ocr_par' dir='ltr' id='par_1_78' title="bbox 323 4145 1895 4229">
     <span class='ocr_line' id='line_1_78' title="bbox 323 4145 1895 4229; baseline -0.001 -24"><span class='ocrx_word' id='word_1_556' title='bbox 323 4164 569 4213; x_wconf 88' lang='lat' dir='ltr'><strong>carnem,</strong></span> <span class='ocrx_word' id='word_1_557' title='bbox 606 4146 702 4201; x_wconf 84' lang='lat' dir='ltr'><strong>sed</strong></span> <span class='ocrx_word' id='word_1_558' title='bbox 734 4154 814 4199; x_wconf 90' lang='lat' dir='ltr'><strong>-et</strong></span> <span class='ocrx_word' id='word_1_559' title='bbox 868 4145 1105 4198; x_wconf 80' lang='lat' dir='ltr'><strong>animam</strong></span> <span class='ocrx_word' id='word_1_560' title='bbox 1166 4153 1224 4199; x_wconf 91' lang='lat' dir='ltr'><strong>et</strong></span> <span class='ocrx_word' id='word_1_561' title='bbox 1263 4156 1502 4229; x_wconf 79' lang='lat' dir='ltr'><strong>mentem</strong></span> <span class='ocrx_word' id='word_1_562' title='bbox 1566 4158 1622 4203; x_wconf 90' lang='lat' dir='ltr'><strong>et</strong></span> <span class='ocrx_word' id='word_1_563' title='bbox 1676 4164 1895 4205; x_wconf 89' lang='lat' dir='ltr'><strong>omnem</strong></span> 
     </span>
    </p>
   </div>
   <div class='ocr_carea' id='block_1_79' title="bbox 1998 3590 3570 3668">
    <p class='ocr_par' dir='ltr' id='par_1_79' title="bbox 1998 3590 3570 3668">
     <span class='ocr_line' id='line_1_79' title="bbox 1998 3590 3570 3668; baseline 0.006 -25"><span class='ocrx_word' id='word_1_564' title='bbox 1998 3592 2078 3655; x_wconf 88' lang='grc' dir='ltr'><strong>είς</strong></span> <span class='ocrx_word' id='word_1_565' title='bbox 2102 3591 2138 3644; x_wconf 79' lang='grc' dir='ltr'>ἃ.</span> <span class='ocrx_word' id='word_1_566' title='bbox 2175 3593 2268 3644; x_wconf 78' lang='grc' dir='ltr'>καὶ</span> <span class='ocrx_word' id='word_1_567' title='bbox 2293 3590 2524 3663; x_wconf 75' lang='grc' dir='ltr'>ὕστερον</span> <span class='ocrx_word' id='word_1_568' title='bbox 2553 3593 2907 3666; x_wconf 83' lang='grc' dir='ltr'>άναλυθῆναι,</span> <span class='ocrx_word' id='word_1_569' title='bbox 2936 3596 3024 3650; x_wconf 84' lang='grc' dir='ltr'><strong>ὅτε</strong></span> <span class='ocrx_word' id='word_1_570' title='bbox 3055 3598 3137 3659; x_wconf 81' lang='grc' dir='ltr'><strong>είς</strong></span> <span class='ocrx_word' id='word_1_571' title='bbox 3159 3597 3422 3668; x_wconf 80' lang='grc' dir='ltr'>οὐρανοὺς</span> <span class='ocrx_word' id='word_1_572' title='bbox 3474 3600 3570 3652; x_wconf 86' lang='grc' dir='ltr'><strong>ἀν-</strong></span> 
     </span>
    </p>
   </div>
   <div class='ocr_carea' id='block_1_80' title="bbox 1998 3683 2267 3754">
    <p class='ocr_par' dir='ltr' id='par_1_80' title="bbox 1998 3683 2267 3754">
     <span class='ocr_line' id='line_1_80' title="bbox 1998 3683 2267 3754; baseline 0.007 -19"><span class='ocrx_word' id='word_1_573' title='bbox 1998 3683 2267 3754; x_wconf 85' lang='grc' dir='ltr'>εληλύθει.</span> 
     </span>
    </p>
   </div>
   <div class='ocr_carea' id='block_1_81' title="bbox 2073 3775 3569 3849">
    <p class='ocr_par' dir='ltr' id='par_1_81' title="bbox 2073 3775 3569 3849">
     <span class='ocr_line' id='line_1_81' title="bbox 2073 3775 3569 3849; baseline 0.001 -18"><span class='ocrx_word' id='word_1_574' title='bbox 2073 3776 2481 3831; x_wconf 72' lang='grc' dir='ltr'>Κατελθόντα.</span> <span class='ocrx_word' id='word_1_575' title='bbox 2508 3775 2751 3832; x_wconf 83' lang='grc' dir='ltr'>Κάθοδον</span> <span class='ocrx_word' id='word_1_576' title='bbox 2810 3777 3028 3849; x_wconf 79' lang='grc' dir='ltr'>νοητέον</span> <span class='ocrx_word' id='word_1_577' title='bbox 3073 3778 3135 3831; x_wconf 76' lang='grc' dir='ltr'>οὐ</span> <span class='ocrx_word' id='word_1_578' title='bbox 3181 3778 3279 3849; x_wconf 77' lang='grc' dir='ltr'>τὴν</span> <span class='ocrx_word' id='word_1_579' title='bbox 3314 3779 3378 3831; x_wconf 79' lang='grc' dir='ltr'>ὲκ</span> <span class='ocrx_word' id='word_1_580' title='bbox 3404 3777 3569 3832; x_wconf 82' lang='grc' dir='ltr'>τόπου</span> 
     </span>
    </p>
   </div>
   <div class='ocr_carea' id='block_1_82' title="bbox 2005 3866 3571 3942">
    <p class='ocr_par' dir='ltr' id='par_1_82' title="bbox 2005 3866 3571 3942">
     <span class='ocr_line' id='line_1_82' title="bbox 2005 3866 3571 3942; baseline 0.004 -23"><span class='ocrx_word' id='word_1_581' title='bbox 2005 3866 2376 3938; x_wconf 80' lang='grc' dir='ltr'>μεταϐατικὴν</span> <span class='ocrx_word' id='word_1_582' title='bbox 2405 3870 2761 3938; x_wconf 84' lang='grc' dir='ltr'>μετάστασιν,</span> <span class='ocrx_word' id='word_1_583' title='bbox 2783 3870 2920 3923; x_wconf 82' lang='grc' dir='ltr'>ἀλλὰ</span> <span class='ocrx_word' id='word_1_584' title='bbox 2951 3872 3048 3941; x_wconf 75' lang='grc' dir='ltr'>τὴν</span> <span class='ocrx_word' id='word_1_585' title='bbox 3073 3871 3209 3942; x_wconf 73' lang='grc' dir='ltr'>πρὸς</span> <span class='ocrx_word' id='word_1_586' title='bbox 3244 3872 3391 3942; x_wconf 75' lang='grc' dir='ltr'>ἡμᾶς</span> <span class='ocrx_word' id='word_1_587' title='bbox 3433 3886 3571 3941; x_wconf 83' lang='grc' dir='ltr'>συγ-</span> 
     </span>
    </p>
   </div>
   <div class='ocr_carea' id='block_1_83' title="bbox 2005 3959 2326 4014">
    <p class='ocr_par' dir='ltr' id='par_1_83' title="bbox 2005 3959 2326 4014">
     <span class='ocr_line' id='line_1_83' title="bbox 2005 3959 2326 4014; baseline 0 0"><span class='ocrx_word' id='word_1_588' title='bbox 2005 3959 2326 4014; x_wconf 79' lang='grc' dir='ltr'>κατάϐασιν.</span> 
     </span>
    </p>
   </div>
   <div class='ocr_carea' id='block_1_84' title="bbox 2074 4055 3578 4126">
    <p class='ocr_par' dir='ltr' id='par_1_84' title="bbox 2074 4055 3578 4126">
     <span class='ocr_line' id='line_1_84' title="bbox 2074 4055 3578 4126; baseline 0.001 -18"><span class='ocrx_word' id='word_1_589' title='bbox 2074 4056 2461 4122; x_wconf 80' lang='grc' dir='ltr'>Σαρκωθέντα</span> <span class='ocrx_word' id='word_1_590' title='bbox 2502 4055 2602 4109; x_wconf 80' lang='grc' dir='ltr'><strong>καί</strong></span> <span class='ocrx_word' id='word_1_591' title='bbox 2621 4056 3186 4126; x_wconf 74' lang='grc' dir='ltr'>ἐνανθρωπήσαντα.</span> <span class='ocrx_word' id='word_1_592' title='bbox 3212 4058 3497 4113; x_wconf 80' lang='grc' dir='ltr'>Τουτέστιν</span> <span class='ocrx_word' id='word_1_593' title='bbox 3517 4057 3578 4110; x_wconf 86' lang='grc' dir='ltr'><strong>οῦ</strong></span> 
     </span>
    </p>
   </div>
   <div class='ocr_carea' id='block_1_85' title="bbox 2011 4146 3581 4218">
    <p class='ocr_par' dir='ltr' id='par_1_85' title="bbox 2011 4146 3581 4218">
     <span class='ocr_line' id='line_1_85' title="bbox 2011 4146 3581 4218; baseline 0.003 -21"><span class='ocrx_word' id='word_1_594' title='bbox 2011 4146 2171 4215; x_wconf 90' lang='grc' dir='ltr'>μόνον</span> <span class='ocrx_word' id='word_1_595' title='bbox 2209 4147 2413 4216; x_wconf 80' lang='grc' dir='ltr'>σάρκα,</span> <span class='ocrx_word' id='word_1_596' title='bbox 2444 4147 2581 4203; x_wconf 81' lang='grc' dir='ltr'>ἀλλὰ</span> <span class='ocrx_word' id='word_1_597' title='bbox 2640 4149 2736 4201; x_wconf 80' lang='grc' dir='ltr'>καὶ</span> <span class='ocrx_word' id='word_1_598' title='bbox 2780 4147 2961 4218; x_wconf 80' lang='grc' dir='ltr'>ψυχὴν</span> <span class='ocrx_word' id='word_1_599' title='bbox 3011 4148 3107 4200; x_wconf 80' lang='grc' dir='ltr'><strong>καὶ</strong></span> <span class='ocrx_word' id='word_1_600' title='bbox 3161 4149 3285 4204; x_wconf 86' lang='grc' dir='ltr'>νοῦν</span> <span class='ocrx_word' id='word_1_601' title='bbox 3312 4156 3407 4203; x_wconf 84' lang='grc' dir='ltr'>καὶ</span> <span class='ocrx_word' id='word_1_602' title='bbox 3444 4151 3581 4213; x_wconf 83' lang='grc' dir='ltr'>ὅλως</span> 
     </span>
    </p>
   </div>
   <div class='ocr_carea' id='block_1_86' title="bbox 324 4236 1895 4309">
    <p class='ocr_par' dir='ltr' id='par_1_86' title="bbox 324 4237 1895 4306">
     <span class='ocr_line' id='line_1_86' title="bbox 324 4237 1895 4306; baseline 0.001 -10"><span class='ocrx_word' id='word_1_603' title='bbox 324 4242 553 4296; x_wconf 90' lang='lat' dir='ltr'><strong>omnino</strong></span> <span class='ocrx_word' id='word_1_604' title='bbox 633 4238 911 4292; x_wconf 88' lang='lat' dir='ltr'><strong>hominem</strong></span> <span class='ocrx_word' id='word_1_605' title='bbox 992 4237 1309 4306; x_wconf 85' lang='lat' dir='ltr'><strong>assumpsit,</strong></span> <span class='ocrx_word' id='word_1_606' title='bbox 1382 4254 1506 4293; x_wconf 90' lang='lat' dir='ltr'><strong>.non</strong></span> <span class='ocrx_word' id='word_1_607' title='bbox 1588 4243 1895 4297; x_wconf 85' lang='lat' dir='ltr'><strong>secundum</strong></span> 
     </span>
    </p>
   </div>
   <div class='ocr_carea' id='block_1_87' title="bbox 2000 4236 3585 4309">
    <p class='ocr_par' dir='ltr' id='par_1_87' title="bbox 2005 4236 3585 4309">
     <span class='ocr_line' id='line_1_87' title="bbox 2005 4236 3585 4309; baseline 0.001 -20"><span class='ocrx_word' id='word_1_608' title='bbox 2005 4237 2125 4289; x_wconf 75' lang='grc' dir='ltr'>ὅλον</span> <span class='ocrx_word' id='word_1_609' title='bbox 2144 4236 2471 4307; x_wconf 80' lang='grc' dir='ltr'>ἀνειληφότα</span> <span class='ocrx_word' id='word_1_610' title='bbox 2495 4238 2588 4292; x_wconf 81' lang='grc' dir='ltr'><strong>τὸν</strong></span> <span class='ocrx_word' id='word_1_611' title='bbox 2614 4237 2923 4309; x_wconf 80' lang='grc' dir='ltr'>ἄνθρωπον,</span> <span class='ocrx_word' id='word_1_612' title='bbox 2948 4238 3071 4307; x_wconf 77' lang='grc' dir='ltr'><strong>οὐχὶ</strong></span> <span class='ocrx_word' id='word_1_613' title='bbox 3097 4238 3239 4292; x_wconf 77' lang='grc' dir='ltr'>κατά</span> <span class='ocrx_word' id='word_1_614' title='bbox 3260 4240 3352 4293; x_wconf 75' lang='grc' dir='ltr'><strong>τὸν</strong></span> <span class='ocrx_word' id='word_1_615' title='bbox 3388 4240 3585 4293; x_wconf 77' lang='grc' dir='ltr'>Ἀπολ-</span> 
     </span>
    </p>
   </div>
   <div class='ocr_carea' id='block_1_88' title="bbox 321 4328 748 4401">
    <p class='ocr_par' dir='ltr' id='par_1_88' title="bbox 321 4328 748 4401">
     <span class='ocr_line' id='line_1_88' title="bbox 321 4328 748 4401; baseline -0.009 -15"><span class='ocrx_word' id='word_1_616' title='bbox 321 4328 748 4401; x_wconf 79' lang='lat' dir='ltr'><strong>Apollinarium.</strong></span> 
     </span>
    </p>
   </div>
   <div class='ocr_carea' id='block_1_89' title="bbox 2008 4331 2282 4402">
    <p class='ocr_par' dir='ltr' id='par_1_89' title="bbox 2008 4331 2282 4402">
     <span class='ocr_line' id='line_1_89' title="bbox 2008 4331 2282 4402; baseline 0.007 -20"><span class='ocrx_word' id='word_1_617' title='bbox 2008 4331 2282 4402; x_wconf 83' lang='grc' dir='ltr'>λινάριον.</span> 
     </span>
    </p>
   </div>
   <div class='ocr_carea' id='block_1_90' title="bbox 395 4416 1895 4491">
    <p class='ocr_par' dir='ltr' id='par_1_90' title="bbox 395 4416 1895 4489">
     <span class='ocr_line' id='line_1_90' title="bbox 395 4416 1895 4489; baseline 0 -12"><span class='ocrx_word' id='word_1_618' title='bbox 395 4422 793 4489; x_wconf 60' lang='lat' dir='ltr'><strong>Cruci/irasque</strong></span> <span class='ocrx_word' id='word_1_619' title='bbox 840 4434 934 4486; x_wconf 86' lang='lat' dir='ltr'><strong>pro</strong></span> <span class='ocrx_word' id='word_1_620' title='bbox 970 4417 1116 4471; x_wconf 79' lang='lat' dir='ltr'><strong>nobis</strong></span> <span class='ocrx_word' id='word_1_621' title='bbox 1145 4418 1237 4470; x_wconf 79' lang='lat' dir='ltr'><strong>sub</strong></span> <span class='ocrx_word' id='word_1_622' title='bbox 1274 4416 1460 4471; x_wconf 74' lang='lat' dir='ltr'><strong>Pontio</strong></span> <span class='ocrx_word' id='word_1_623' title='bbox 1509 4419 1710 4475; x_wconf 88' lang='lat' dir='ltr'><strong>Pilato.</strong></span> <span class='ocrx_word' id='word_1_624' title='bbox 1761 4420 1895 4477; x_wconf 87' lang='lat' dir='ltr'><strong>Ecce</strong></span> 
     </span>
    </p>
   </div>
   <div class='ocr_carea' id='block_1_91' title="bbox 2000 4416 3587 4491">
    <p class='ocr_par' dir='ltr' id='par_1_91' title="bbox 2078 4420 3587 4491">
     <span class='ocr_line' id='line_1_91' title="bbox 2078 4420 3587 4491; baseline 0 -16"><span class='ocrx_word' id='word_1_625' title='bbox 2078 4421 2501 4489; x_wconf 83' lang='grc' dir='ltr'>Σταυρωθέντα</span> <span class='ocrx_word' id='word_1_626' title='bbox 2533 4438 2598 4475; x_wconf 78' lang='grc' dir='ltr'><strong>τε</strong></span> <span class='ocrx_word' id='word_1_627' title='bbox 2626 4421 2777 4491; x_wconf 79' lang='grc' dir='ltr'><strong>ὑπὲρ</strong></span> <span class='ocrx_word' id='word_1_628' title='bbox 2797 4420 2966 4490; x_wconf 76' lang='grc' dir='ltr'>ἡμῶν</span> <span class='ocrx_word' id='word_1_629' title='bbox 2989 4421 3086 4476; x_wconf 75' lang='grc' dir='ltr'><strong>ἐπὶ</strong></span> <span class='ocrx_word' id='word_1_630' title='bbox 3120 4422 3373 4476; x_wconf 79' lang='grc' dir='ltr'>Ποντίου</span> <span class='ocrx_word' id='word_1_631' title='bbox 3404 4421 3587 4477; x_wconf 67' lang='grc' dir='ltr'>Πιλά-</span> 
     </span>
    </p>
   </div>
   <div class='ocr_carea' id='block_1_92' title="bbox 329 4511 1907 4582">
    <p class='ocr_par' dir='ltr' id='par_1_92' title="bbox 329 4511 1907 4582">
     <span class='ocr_line' id='line_1_92' title="bbox 329 4511 1907 4582; baseline -0.001 -13"><span class='ocrx_word' id='word_1_632' title='bbox 329 4515 589 4571; x_wconf 87' lang='lat' dir='ltr'><strong>Basilides</strong></span> <span class='ocrx_word' id='word_1_633' title='bbox 621 4528 836 4582; x_wconf 90' lang='lat' dir='ltr'><strong>quoque</strong></span> <span class='ocrx_word' id='word_1_634' title='bbox 882 4526 984 4580; x_wconf 86' lang='lat' dir='ltr'><strong>per</strong></span> <span class='ocrx_word' id='word_1_635' title='bbox 1029 4511 1133 4565; x_wconf 92' lang='lat' dir='ltr'><strong>hoc</strong></span> <span class='ocrx_word' id='word_1_636' title='bbox 1159 4511 1451 4579; x_wconf 58' lang='lat' dir='ltr'><strong>.rejicitur,</strong></span> <span class='ocrx_word' id='word_1_637' title='bbox 1492 4512 1585 4581; x_wconf 89' lang='lat' dir='ltr'><strong>qui</strong></span> <span class='ocrx_word' id='word_1_638' title='bbox 1619 4512 1907 4568; x_wconf 78' lang='lat' dir='ltr'><strong>aitSimo-</strong></span> 
     </span>
    </p>
   </div>
   <div class='ocr_carea' id='block_1_93' title="bbox 328 4602 1906 4676">
    <p class='ocr_par' dir='ltr' id='par_1_93' title="bbox 328 4602 1906 4676">
     <span class='ocr_line' id='line_1_93' title="bbox 328 4602 1906 4676; baseline -0.003 -13"><span class='ocrx_word' id='word_1_639' title='bbox 328 4625 451 4663; x_wconf 87' lang='lat' dir='ltr'><strong>nem</strong></span> <span class='ocrx_word' id='word_1_640' title='bbox 488 4607 698 4676; x_wconf 79' lang='lat' dir='ltr'><strong>Magum</strong></span> <span class='ocrx_word' id='word_1_641' title='bbox 746 4604 913 4658; x_wconf 82' lang='lat' dir='ltr'><strong>fuisse</strong></span> <span class='ocrx_word' id='word_1_642' title='bbox 944 4618 1185 4671; x_wconf 88' lang='lat' dir='ltr'><strong>passum,</strong></span> <span class='ocrx_word' id='word_1_643' title='bbox 1219 4604 1311 4671; x_wconf 87' lang='lat' dir='ltr'><strong>qui</strong></span> <span class='ocrx_word' id='word_1_644' title='bbox 1342 4602 1595 4657; x_wconf 83' lang='lat' dir='ltr'><strong>Christus</strong></span> <span class='ocrx_word' id='word_1_645' title='bbox 1625 4612 1906 4674; x_wconf 84' lang='lat' dir='ltr'><strong>reputatus</strong></span> 
     </span>
    </p>
   </div>
   <div class='ocr_carea' id='block_1_94' title="bbox 321 4691 1902 4759">
    <p class='ocr_par' dir='ltr' id='par_1_94' title="bbox 321 4691 1902 4759">
     <span class='ocr_line' id='line_1_94' title="bbox 321 4691 1902 4759; baseline -0.003 -7"><span class='ocrx_word' id='word_1_646' title='bbox 321 4697 513 4752; x_wconf 71' lang='lat' dir='ltr'><strong>fuerit.</strong></span> <span class='ocrx_word' id='word_1_647' title='bbox 549 4696 700 4749; x_wconf 85' lang='lat' dir='ltr'><strong>Sicut</strong></span> <span class='ocrx_word' id='word_1_648' title='bbox 728 4692 1239 4755; x_wconf 12' lang='lat' dir='ltr'><strong>etiamrlsmaelitae,</strong></span> <span class='ocrx_word' id='word_1_649' title='bbox 1280 4691 1371 4759; x_wconf 93' lang='lat' dir='ltr'><strong>qui</strong></span> <span class='ocrx_word' id='word_1_650' title='bbox 1417 4691 1750 4746; x_wconf 87' lang='lat' dir='ltr'><strong>arbitrantur</strong></span> <span class='ocrx_word' id='word_1_651' title='bbox 1777 4708 1902 4748; x_wconf 90' lang='lat' dir='ltr'><strong>eum</strong></span> 
     </span>
    </p>
   </div>
   <div class='ocr_carea' id='block_1_95' title="bbox 328 4782 1907 4858">
    <p class='ocr_par' dir='ltr' id='par_1_95' title="bbox 328 4782 1907 4858">
     <span class='ocr_line' id='line_1_95' title="bbox 328 4782 1907 4858; baseline 0.001 -19"><span class='ocrx_word' id='word_1_652' title='bbox 328 4788 646 4858; x_wconf 81' lang='lat' dir='ltr'><strong>prophetam</strong></span> <span class='ocrx_word' id='word_1_653' title='bbox 682 4801 746 4839; x_wconf 90' lang='lat' dir='ltr'><strong>ac</strong></span> <span class='ocrx_word' id='word_1_654' title='bbox 792 4784 901 4838; x_wconf 90' lang='lat' dir='ltr'><strong>Deo</strong></span> <span class='ocrx_word' id='word_1_655' title='bbox 925 4782 1185 4837; x_wconf 90' lang='lat' dir='ltr'><strong>dilectum</strong></span> <span class='ocrx_word' id='word_1_656' title='bbox 1216 4791 1679 4853; x_wconf 85' lang='lat' dir='ltr'><strong>assumptumque</strong></span> <span class='ocrx_word' id='word_1_657' title='bbox 1711 4783 1765 4838; x_wconf 91' lang='lat' dir='ltr'><strong>in</strong></span> <span class='ocrx_word' id='word_1_658' title='bbox 1795 4800 1907 4840; x_wconf 67' lang='lat' dir='ltr'><strong>caa-</strong></span> 
     </span>
    </p>
   </div>
   <div class='ocr_carea' id='block_1_96' title="bbox 310 4875 1901 4946">
    <p class='ocr_par' dir='ltr' id='par_1_96' title="bbox 310 4875 1901 4946">
     <span class='ocr_line' id='line_1_96' title="bbox 310 4875 1901 4946; baseline 0 -15"><span class='ocrx_word' id='word_1_659' title='bbox 310 4880 464 4939; x_wconf 77' lang='lat' dir='ltr'><strong>Jum,</strong></span> <span class='ocrx_word' id='word_1_660' title='bbox 499 4892 718 4946; x_wconf 73' lang='lat' dir='ltr'><strong>passum</strong></span> <span class='ocrx_word' id='word_1_661' title='bbox 742 4876 963 4946; x_wconf 86' lang='lat' dir='ltr'><strong>quidem</strong></span> <span class='ocrx_word' id='word_1_662' title='bbox 1014 4875 1182 4929; x_wconf 85' lang='lat' dir='ltr'><strong>fuisse</strong></span> <span class='ocrx_word' id='word_1_663' title='bbox 1228 4876 1403 4939; x_wconf 89' lang='lat' dir='ltr'><strong>aiunt,</strong></span> <span class='ocrx_word' id='word_1_664' title='bbox 1450 4877 1549 4931; x_wconf 89' lang='lat' dir='ltr'><strong>sed</strong></span> <span class='ocrx_word' id='word_1_665' title='bbox 1583 4876 1901 4932; x_wconf 79' lang='lat' dir='ltr'><strong>cruciﬁxam</strong></span> 
     </span>
    </p>
   </div>
   <div class='ocr_carea' id='block_1_97' title="bbox 333 4968 1907 5040">
    <p class='ocr_par' dir='ltr' id='par_1_97' title="bbox 333 4968 1907 5040">
     <span class='ocr_line' id='line_1_97' title="bbox 333 4968 1907 5040; baseline -0.001 -16"><span class='ocrx_word' id='word_1_666' title='bbox 333 4972 452 5040; x_wconf 79' lang='lat' dir='ltr'><strong>ejus</strong></span> <span class='ocrx_word' id='word_1_667' title='bbox 478 4971 752 5023; x_wconf 89' lang='lat' dir='ltr'><strong>umbram.</strong></span> <span class='ocrx_word' id='word_1_668' title='bbox 801 4968 906 5024; x_wconf 83' lang='lat' dir='ltr'><strong>Sub</strong></span> <span class='ocrx_word' id='word_1_669' title='bbox 939 4968 1127 5021; x_wconf 87' lang='lat' dir='ltr'><strong>Pontio</strong></span> <span class='ocrx_word' id='word_1_670' title='bbox 1159 4968 1354 5020; x_wconf 79' lang='lat' dir='ltr'><strong>Pilato.</strong></span> <span class='ocrx_word' id='word_1_671' title='bbox 1388 4969 1453 5022; x_wconf 81' lang='lat' dir='ltr'><strong>Et</strong></span> <span class='ocrx_word' id='word_1_672' title='bbox 1484 4969 1612 5033; x_wconf 90' lang='lat' dir='ltr'><strong>hoc,</strong></span> <span class='ocrx_word' id='word_1_673' title='bbox 1641 4980 1700 5022; x_wconf 92' lang='lat' dir='ltr'><strong>ut</strong></span> <span class='ocrx_word' id='word_1_674' title='bbox 1723 4985 1790 5023; x_wconf 79' lang='lat' dir='ltr'><strong>ex</strong></span> <span class='ocrx_word' id='word_1_675' title='bbox 1826 4969 1907 5023; x_wconf 88' lang='lat' dir='ltr'><strong>hi-</strong></span> 
     </span>
    </p>
   </div>
   <div class='ocr_carea' id='block_1_98' title="bbox 2015 4512 3580 4580">
    <p class='ocr_par' dir='ltr' id='par_1_98' title="bbox 2015 4512 3580 4580">
     <span class='ocr_line' id='line_1_98' title="bbox 2015 4512 3580 4580; baseline 0 -15"><span class='ocrx_word' id='word_1_676' title='bbox 2015 4529 2142 4569; x_wconf 85' lang='grc' dir='ltr'>του.</span> <span class='ocrx_word' id='word_1_677' title='bbox 2190 4512 2321 4566; x_wconf 83' lang='grc' dir='ltr'>Ἰδοὺ</span> <span class='ocrx_word' id='word_1_678' title='bbox 2352 4513 2445 4565; x_wconf 80' lang='grc' dir='ltr'>καὶ</span> <span class='ocrx_word' id='word_1_679' title='bbox 2492 4512 2816 4580; x_wconf 81' lang='grc' dir='ltr'>Βασιλείδης</span> <span class='ocrx_word' id='word_1_680' title='bbox 2854 4514 2942 4567; x_wconf 84' lang='grc' dir='ltr'>διὰ</span> <span class='ocrx_word' id='word_1_681' title='bbox 2994 4514 3186 4567; x_wconf 82' lang='grc' dir='ltr'>τούτου</span> <span class='ocrx_word' id='word_1_682' title='bbox 3233 4513 3580 4576; x_wconf 78' lang='grc' dir='ltr'>ἐκϐάλλεται,</span> 
     </span>
    </p>
   </div>
   <div class='ocr_carea' id='block_1_99' title="bbox 2008 4601 3577 4674">
    <p class='ocr_par' dir='ltr' id='par_1_99' title="bbox 2008 4601 3577 4674">
     <span class='ocr_line' id='line_1_99' title="bbox 2008 4601 3577 4674; baseline 0.001 -19"><span class='ocrx_word' id='word_1_683' title='bbox 2008 4604 2227 4673; x_wconf 79' lang='grc' dir='ltr'>Σίμωνα</span> <span class='ocrx_word' id='word_1_684' title='bbox 2256 4604 2450 4656; x_wconf 83' lang='grc' dir='ltr'>παθεῖν</span> <span class='ocrx_word' id='word_1_685' title='bbox 2473 4603 2567 4656; x_wconf 82' lang='grc' dir='ltr'>τὸν</span> <span class='ocrx_word' id='word_1_686' title='bbox 2598 4604 2790 4673; x_wconf 88' lang='grc' dir='ltr'>Μάγον</span> <span class='ocrx_word' id='word_1_687' title='bbox 2820 4604 3016 4672; x_wconf 83' lang='grc' dir='ltr'>λέγων,</span> <span class='ocrx_word' id='word_1_688' title='bbox 3058 4604 3392 4674; x_wconf 80' lang='grc' dir='ltr'>νομισθέντα</span> <span class='ocrx_word' id='word_1_689' title='bbox 3427 4601 3577 4657; x_wconf 76' lang='grc' dir='ltr'>εἶναι</span> 
     </span>
    </p>
   </div>
   <div class='ocr_carea' id='block_1_100' title="bbox 2008 4693 3583 4766">
    <p class='ocr_par' dir='ltr' id='par_1_100' title="bbox 2008 4693 3583 4766">
     <span class='ocr_line' id='line_1_100' title="bbox 2008 4693 3583 4766; baseline 0 -18"><span class='ocrx_word' id='word_1_690' title='bbox 2008 4696 2242 4765; x_wconf 85' lang='grc' dir='ltr'>Χριστόν</span> <span class='ocrx_word' id='word_1_691' title='bbox 2264 4713 2278 4727; x_wconf 73' lang='grc'><strong>⁸</strong></span> <span class='ocrx_word' id='word_1_692' title='bbox 2321 4695 2511 4766; x_wconf 84' lang='grc' dir='ltr'>ὥσπερ</span> <span class='ocrx_word' id='word_1_693' title='bbox 2541 4697 2637 4748; x_wconf 75' lang='grc' dir='ltr'>καὶ</span> <span class='ocrx_word' id='word_1_694' title='bbox 2662 4697 2711 4748; x_wconf 81' lang='lat' dir='ltr'><strong>oi</strong></span> <span class='ocrx_word' id='word_1_695' title='bbox 2752 4693 3094 4765; x_wconf 85' lang='grc' dir='ltr'>Ἱσμαηλῖται</span> <span class='ocrx_word' id='word_1_696' title='bbox 3125 4696 3288 4749; x_wconf 80' lang='grc' dir='ltr'>αὐτὸν</span> <span class='ocrx_word' id='word_1_697' title='bbox 3322 4696 3422 4764; x_wconf 79' lang='grc' dir='ltr'>μὲν</span> <span class='ocrx_word' id='word_1_698' title='bbox 3450 4712 3583 4766; x_wconf 84' lang='grc' dir='ltr'>προ-</span> 
     </span>
    </p>
   </div>
   <div class='ocr_carea' id='block_1_101' title="bbox 2011 4785 3583 4859">
    <p class='ocr_par' dir='ltr' id='par_1_101' title="bbox 2011 4785 3583 4859">
     <span class='ocr_line' id='line_1_101' title="bbox 2011 4785 3583 4859; baseline 0 -20"><span class='ocrx_word' id='word_1_699' title='bbox 2011 4787 2191 4857; x_wconf 86' lang='grc' dir='ltr'>φήτην</span> <span class='ocrx_word' id='word_1_700' title='bbox 2220 4785 2361 4840; x_wconf 74' lang='grc' dir='ltr'>εἶναι</span> <span class='ocrx_word' id='word_1_701' title='bbox 2378 4786 2617 4855; x_wconf 71' lang='grc' dir='ltr'>οἰόμενοι</span> <span class='ocrx_word' id='word_1_702' title='bbox 2644 4788 2735 4839; x_wconf 73' lang='grc' dir='ltr'>καὶ</span> <span class='ocrx_word' id='word_1_703' title='bbox 2767 4788 3053 4857; x_wconf 82' lang='grc' dir='ltr'>ἀγαπητὸν</span> <span class='ocrx_word' id='word_1_704' title='bbox 3077 4788 3155 4859; x_wconf 82' lang='grc' dir='ltr'><strong>τῷ</strong></span> <span class='ocrx_word' id='word_1_705' title='bbox 3177 4788 3297 4857; x_wconf 86' lang='grc' dir='ltr'><strong>Θεῴ</strong></span> <span class='ocrx_word' id='word_1_706' title='bbox 3328 4790 3422 4840; x_wconf 73' lang='grc' dir='ltr'>καὶ</span> <span class='ocrx_word' id='word_1_707' title='bbox 3449 4790 3583 4841; x_wconf 82' lang='grc' dir='ltr'>ἀνα-</span> 
     </span>
    </p>
   </div>
   <div class='ocr_carea' id='block_1_102' title="bbox 2010 4878 3577 4950">
    <p class='ocr_par' dir='ltr' id='par_1_102' title="bbox 2010 4878 3577 4950">
     <span class='ocr_line' id='line_1_102' title="bbox 2010 4878 3577 4950; baseline 0.001 -19"><span class='ocrx_word' id='word_1_708' title='bbox 2010 4880 2281 4949; x_wconf 80' lang='grc' dir='ltr'>ληφθῆναι</span> <span class='ocrx_word' id='word_1_709' title='bbox 2319 4879 2399 4942; x_wconf 84' lang='grc' dir='ltr'><strong>είς</strong></span> <span class='ocrx_word' id='word_1_710' title='bbox 2429 4878 2721 4948; x_wconf 79' lang='grc' dir='ltr'>οὐρανοὺς,</span> <span class='ocrx_word' id='word_1_711' title='bbox 2757 4880 3003 4933; x_wconf 84' lang='grc' dir='ltr'>παθόντα</span> <span class='ocrx_word' id='word_1_712' title='bbox 3036 4880 3155 4948; x_wconf 81' lang='grc' dir='ltr'>μὲν,</span> <span class='ocrx_word' id='word_1_713' title='bbox 3192 4880 3577 4950; x_wconf 82' lang='grc' dir='ltr'>σταυρωθῆναι</span> 
     </span>
    </p>
   </div>
   <div class='ocr_carea' id='block_1_103' title="bbox 2009 4969 3587 5040">
    <p class='ocr_par' dir='ltr' id='par_1_103' title="bbox 2009 4969 3587 5040">
     <span class='ocr_line' id='line_1_103' title="bbox 2009 4969 3587 5040; baseline 0 -17"><span class='ocrx_word' id='word_1_714' title='bbox 2009 4970 2066 5023; x_wconf 76' lang='grc' dir='ltr'>δὲ</span> <span class='ocrx_word' id='word_1_715' title='bbox 2098 4969 2263 5023; x_wconf 80' lang='grc' dir='ltr'>αὐτοῦ</span> <span class='ocrx_word' id='word_1_716' title='bbox 2291 4970 2391 5040; x_wconf 81' lang='grc' dir='ltr'>τὴν</span> <span class='ocrx_word' id='word_1_717' title='bbox 2447 4970 2630 5026; x_wconf 87' lang='grc' dir='ltr'>σκιάν.</span> <span class='ocrx_word' id='word_1_718' title='bbox 2670 4971 2802 5025; x_wconf 72' lang='grc' dir='ltr'><strong>Ἐπί</strong></span> <span class='ocrx_word' id='word_1_719' title='bbox 2862 4974 3117 5026; x_wconf 69' lang='grc' dir='ltr'>Ποντίου</span> <span class='ocrx_word' id='word_1_720' title='bbox 3153 4971 3435 5027; x_wconf 69' lang='grc' dir='ltr'>Πιλάτου.</span> <span class='ocrx_word' id='word_1_721' title='bbox 3479 4974 3587 5024; x_wconf 72' lang='grc' dir='ltr'><strong>Καὶ</strong></span> 
     </span>
    </p>
   </div>
   <div class='ocr_carea' id='block_1_104' title="bbox 334 5046 1895 5133">
    <p class='ocr_par' dir='ltr' id='par_1_104' title="bbox 334 5046 1895 5129">
     <span class='ocr_line' id='line_1_104' title="bbox 334 5046 1895 5129; baseline -0.003 -13"><span class='ocrx_word' id='word_1_722' title='bbox 334 5046 504 5116; x_wconf 61' lang='lat' dir='ltr'><strong>Storia</strong></span> <span class='ocrx_word' id='word_1_723' title='bbox 540 5076 660 5129; x_wconf 70' lang='lat' dir='ltr'><strong>quae</strong></span> <span class='ocrx_word' id='word_1_724' title='bbox 715 5068 934 5129; x_wconf 90' lang='lat' dir='ltr'><strong>tempus</strong></span> <span class='ocrx_word' id='word_1_725' title='bbox 990 5059 1280 5128; x_wconf 79' lang='lat' dir='ltr'><strong>diligenter</strong></span> <span class='ocrx_word' id='word_1_726' title='bbox 1334 5059 1513 5120; x_wconf 87' lang='lat' dir='ltr'><strong>docet,</strong></span> <span class='ocrx_word' id='word_1_727' title='bbox 1567 5059 1659 5127; x_wconf 93' lang='lat' dir='ltr'><strong>qui</strong></span> <span class='ocrx_word' id='word_1_728' title='bbox 1713 5060 1895 5113; x_wconf 78' lang='lat' dir='ltr'><strong>dicunt</strong></span> 
     </span>
    </p>
   </div>
   <div class='ocr_carea' id='block_1_105' title="bbox 2000 5046 3587 5133">
    <p class='ocr_par' dir='ltr' id='par_1_105' title="bbox 2018 5059 3587 5133">
     <span class='ocr_line' id='line_1_105' title="bbox 2018 5059 3587 5133; baseline 0.001 -19"><span class='ocrx_word' id='word_1_729' title='bbox 2018 5060 2199 5125; x_wconf 83' lang='grc' dir='ltr'>τοῦτο,</span> <span class='ocrx_word' id='word_1_730' title='bbox 2231 5059 2317 5115; x_wconf 80' lang='grc' dir='ltr'>ἵνα</span> <span class='ocrx_word' id='word_1_731' title='bbox 2348 5059 2410 5125; x_wconf 78' lang='grc' dir='ltr'><strong>ἐξ</strong></span> <span class='ocrx_word' id='word_1_732' title='bbox 2447 5061 2716 5132; x_wconf 81' lang='grc' dir='ltr'>ἱστορίας,</span> <span class='ocrx_word' id='word_1_733' title='bbox 2767 5061 2861 5114; x_wconf 78' lang='grc' dir='ltr'>τὸν</span> <span class='ocrx_word' id='word_1_734' title='bbox 2919 5063 3113 5131; x_wconf 70' lang='grc' dir='ltr'>χρόνον</span> <span class='ocrx_word' id='word_1_735' title='bbox 3141 5061 3384 5131; x_wconf 79' lang='grc' dir='ltr'>ἀκριϐῶς</span> <span class='ocrx_word' id='word_1_736' title='bbox 3412 5079 3587 5133; x_wconf 66' lang='grc' dir='ltr'>παραυ</span> 
     </span>
    </p>
   </div>
   <div class='ocr_carea' id='block_1_106' title="bbox 322 5149 1910 5222">
    <p class='ocr_par' dir='ltr' id='par_1_106' title="bbox 322 5149 1910 5222">
     <span class='ocr_line' id='line_1_106' title="bbox 322 5149 1910 5222; baseline 0 -13"><span class='ocrx_word' id='word_1_737' title='bbox 322 5152 613 5209; x_wconf 79' lang='lat' dir='ltr'><strong>Christum</strong></span> <span class='ocrx_word' id='word_1_738' title='bbox 642 5162 828 5206; x_wconf 85' lang='lat' dir='ltr'><strong>natum</strong></span> <span class='ocrx_word' id='word_1_739' title='bbox 858 5150 1025 5205; x_wconf 78' lang='lat' dir='ltr'><strong>[uisse</strong></span> <span class='ocrx_word' id='word_1_740' title='bbox 1048 5166 1109 5204; x_wconf 81' lang='lat' dir='ltr'><strong>ex</strong></span> <span class='ocrx_word' id='word_1_741' title='bbox 1130 5149 1304 5204; x_wconf 77' lang='lat' dir='ltr'><strong>Maria</strong></span> <span class='ocrx_word' id='word_1_742' title='bbox 1337 5166 1526 5206; x_wconf 89' lang='lat' dir='ltr'><strong>sorore</strong></span> <span class='ocrx_word' id='word_1_743' title='bbox 1548 5151 1910 5222; x_wconf 77' lang='lat' dir='ltr'><strong>Moysis,con-</strong></span> 
     </span>
    </p>
   </div>
   <div class='ocr_carea' id='block_1_107' title="bbox 326 5249 661 5305">
    <p class='ocr_par' dir='ltr' id='par_1_107' title="bbox 326 5249 661 5305">
     <span class='ocr_line' id='line_1_107' title="bbox 326 5249 661 5305; baseline -0.009 0"><span class='ocrx_word' id='word_1_744' title='bbox 326 5249 661 5305; x_wconf 79' lang='lat' dir='ltr'><strong>Iutarentur.</strong></span> 
     </span>
    </p>
   </div>
   <div class='ocr_carea' id='block_1_108' title="bbox 400 5336 1911 5410">
    <p class='ocr_par' dir='ltr' id='par_1_108' title="bbox 400 5336 1911 5410">
     <span class='ocr_line' id='line_1_108' title="bbox 400 5336 1911 5410; baseline 0.001 -19"><span class='ocrx_word' id='word_1_745' title='bbox 573 5340 640 5395; x_wconf 87' lang='lat' dir='ltr'><strong>Et</strong></span> <span class='ocrx_word' id='word_1_746' title='bbox 671 5356 855 5410; x_wconf 67' lang='lat' dir='ltr'><strong>passus</strong></span> <span class='ocrx_word' id='word_1_747' title='bbox 885 5348 934 5394; x_wconf 88' lang='lat' dir='ltr'><strong>et</strong></span> <span class='ocrx_word' id='word_1_748' title='bbox 965 5336 1200 5408; x_wconf 73' lang='lat' dir='ltr'><strong>sepultus</strong></span> <span class='ocrx_word' id='word_1_749' title='bbox 1248 5344 1348 5403; x_wconf 73' lang='lat' dir='ltr'><strong>est,</strong></span> <span class='ocrx_word' id='word_1_750' title='bbox 1396 5346 1447 5392; x_wconf 85' lang='lat' dir='ltr'><strong>et</strong></span> <span class='ocrx_word' id='word_1_751' title='bbox 1478 5338 1762 5392; x_wconf 70' lang='lat' dir='ltr'><strong>resurrexit</strong></span> <span class='ocrx_word' id='word_1_752' title='bbox 1801 5347 1911 5392; x_wconf 76' lang='lat' dir='ltr'><strong>ter-</strong></span> 
     </span>
    </p>
   </div>
   <div class='ocr_carea' id='block_1_109' title="bbox 411 5545 1087 5617">
    <p class='ocr_par' dir='ltr' id='par_1_109' title="bbox 411 5545 1087 5617">
     <span class='ocr_line' id='line_1_109' title="bbox 411 5545 1087 5617; baseline 0.003 -16"><span class='ocrx_word' id='word_1_753' title='bbox 411 5549 520 5614; x_wconf 84' lang='lat' dir='ltr'><strong>(l0)</strong></span> <span class='ocrx_word' id='word_1_754' title='bbox 542 5545 781 5617; x_wconf 87' lang='lat' dir='ltr'><strong>Symboli</strong></span> <span class='ocrx_word' id='word_1_755' title='bbox 812 5555 1087 5603; x_wconf 81' lang='lat' dir='ltr'><strong>auctores.</strong></span> 
     </span>
    </p>
   </div>
   <div class='ocr_carea' id='block_1_110' title="bbox 409 5615 1412 5687">
    <p class='ocr_par' dir='ltr' id='par_1_110' title="bbox 409 5615 1412 5687">
     <span class='ocr_line' id='line_1_110' title="bbox 409 5615 1412 5687; baseline 0.004 -18"><span class='ocrx_word' id='word_1_756' title='bbox 409 5620 520 5687; x_wconf 80' lang='lat' dir='ltr'><strong>(ll)</strong></span> <span class='ocrx_word' id='word_1_757' title='bbox 548 5615 636 5674; x_wconf 86' lang='lat' dir='ltr'><strong>Sic</strong></span> <span class='ocrx_word' id='word_1_758' title='bbox 669 5618 729 5672; x_wconf 92' lang='lat' dir='ltr'><strong>h.</strong></span> <span class='ocrx_word' id='word_1_759' title='bbox 762 5617 800 5671; x_wconf 93' lang='lat' dir='ltr'><strong>l.</strong></span> <span class='ocrx_word' id='word_1_760' title='bbox 841 5618 1018 5687; x_wconf 87' lang='lat' dir='ltr'><strong>reperi</strong></span> <span class='ocrx_word' id='word_1_761' title='bbox 1058 5631 1155 5686; x_wconf 90' lang='lat' dir='ltr'><strong>pro</strong></span> <span class='ocrx_word' id='word_1_762' title='bbox 1198 5615 1412 5687; x_wconf 84' lang='grc' dir='ltr'>Μάνης.</span> 
     </span>
    </p>
   </div>
   <div class='ocr_carea' id='block_1_111' title="bbox 397 5685 1902 5764">
    <p class='ocr_par' dir='ltr' id='par_1_111' title="bbox 397 5685 1902 5764">
     <span class='ocr_line' id='line_1_111' title="bbox 397 5685 1902 5764; baseline 0.006 -24"><span class='ocrx_word' id='word_1_763' title='bbox 397 5685 520 5759; x_wconf 66' lang='lat' dir='ltr'><strong>(te)</strong></span> <span class='ocrx_word' id='word_1_764' title='bbox 551 5688 647 5746; x_wconf 80' lang='lat' dir='ltr'><strong>llic</strong></span> <span class='ocrx_word' id='word_1_765' title='bbox 667 5685 1168 5764; x_wconf 58' lang='lat' dir='ltr'><strong>videturemidisse</strong></span> <span class='ocrx_word' id='word_1_766' title='bbox 1218 5685 1471 5759; x_wconf 79' lang='lat' dir='ltr'><strong>verbum,</strong></span> <span class='ocrx_word' id='word_1_767' title='bbox 1499 5703 1554 5747; x_wconf 75' lang='grc' dir='ltr'><strong>ν.</strong></span> <span class='ocrx_word' id='word_1_768' title='bbox 1573 5701 1625 5748; x_wconf 80' lang='lat' dir='ltr'><strong>c.</strong></span> <span class='ocrx_word' id='word_1_769' title='bbox 1656 5685 1902 5749; x_wconf 56' lang='grc' dir='ltr'>παύσομαι</span> 
     </span>
    </p>
   </div>
   <div class='ocr_carea' id='block_1_112' title="bbox 2021 5151 3588 5224">
    <p class='ocr_par' dir='ltr' id='par_1_112' title="bbox 2021 5151 3588 5224">
     <span class='ocr_line' id='line_1_112' title="bbox 2021 5151 3588 5224; baseline 0.004 -20"><span class='ocrx_word' id='word_1_770' title='bbox 2021 5151 2292 5221; x_wconf 84' lang='grc' dir='ltr'>διδούσης,</span> <span class='ocrx_word' id='word_1_771' title='bbox 2329 5153 2379 5204; x_wconf 81' lang='lat' dir='ltr'><strong>oi</strong></span> <span class='ocrx_word' id='word_1_772' title='bbox 2410 5152 2519 5207; x_wconf 73' lang='grc' dir='ltr'><strong>ἀπὸ</strong></span> <span class='ocrx_word' id='word_1_773' title='bbox 2548 5154 2768 5224; x_wconf 80' lang='grc' dir='ltr'>Μαρίας</span> <span class='ocrx_word' id='word_1_774' title='bbox 2788 5154 2888 5223; x_wconf 84' lang='grc' dir='ltr'><strong>τῆς</strong></span> <span class='ocrx_word' id='word_1_775' title='bbox 2915 5154 3153 5223; x_wconf 79' lang='grc' dir='ltr'>ἀδελφῆς</span> <span class='ocrx_word' id='word_1_776' title='bbox 3191 5156 3472 5218; x_wconf 76' lang='grc' dir='ltr'>Μωῦσέως</span> <span class='ocrx_word' id='word_1_777' title='bbox 3498 5156 3588 5210; x_wconf 74' lang='grc' dir='ltr'>τὸν</span> 
     </span>
    </p>
   </div>
   <div class='ocr_carea' id='block_1_113' title="bbox 2022 5242 3173 5317">
    <p class='ocr_par' dir='ltr' id='par_1_113' title="bbox 2022 5242 3173 5317">
     <span class='ocr_line' id='line_1_113' title="bbox 2022 5242 3173 5317; baseline 0.007 -24"><span class='ocrx_word' id='word_1_778' title='bbox 2022 5242 2259 5312; x_wconf 70' lang='grc' dir='ltr'>Χριστὸν</span> <span class='ocrx_word' id='word_1_779' title='bbox 2298 5245 2666 5314; x_wconf 88' lang='grc' dir='ltr'>γεγεννῆσθαι</span> <span class='ocrx_word' id='word_1_780' title='bbox 2697 5247 3002 5313; x_wconf 69' lang='grc' dir='ltr'>φάσκοντες</span> <span class='ocrx_word' id='word_1_781' title='bbox 3042 5247 3173 5317; x_wconf 69' lang='grc'>(12).</span> 
     </span>
    </p>
   </div>
   <div class='ocr_carea' id='block_1_114' title="bbox 2096 5338 3595 5409">
    <p class='ocr_par' dir='ltr' id='par_1_114' title="bbox 2096 5338 3595 5409">
     <span class='ocr_line' id='line_1_114' title="bbox 2096 5338 3595 5409; baseline 0.005 -22"><span class='ocrx_word' id='word_1_782' title='bbox 2096 5373 2114 5386; x_wconf 86' lang='grc'><strong>.</strong></span> <span class='ocrx_word' id='word_1_783' title='bbox 2153 5373 2168 5390; x_wconf 94' lang='grc'><strong>.</strong></span> <span class='ocrx_word' id='word_1_784' title='bbox 2206 5373 2220 5389; x_wconf 94' lang='grc'><strong>.</strong></span> <span class='ocrx_word' id='word_1_785' title='bbox 2255 5373 2269 5389; x_wconf 92' lang='grc'><strong>.</strong></span> <span class='ocrx_word' id='word_1_786' title='bbox 2306 5376 2323 5392; x_wconf 90' lang='grc'><strong>.</strong></span> <span class='ocrx_word' id='word_1_787' title='bbox 2358 5375 2373 5389; x_wconf 94' lang='grc'><strong>.</strong></span> <span class='ocrx_word' id='word_1_788' title='bbox 2410 5375 2424 5389; x_wconf 93' lang='grc'><strong>.</strong></span> <span class='ocrx_word' id='word_1_789' title='bbox 2454 5375 2470 5391; x_wconf 89' lang='grc'><strong>.</strong></span> <span class='ocrx_word' id='word_1_790' title='bbox 2508 5375 2524 5391; x_wconf 93' lang='grc'><strong>.</strong></span> <span class='ocrx_word' id='word_1_791' title='bbox 2564 5378 2578 5392; x_wconf 98' lang='grc'><strong>.</strong></span> <span class='ocrx_word' id='word_1_792' title='bbox 2614 5339 2727 5409; x_wconf 81' lang='lat' dir='ltr'><strong>(l5)</strong></span> <span class='ocrx_word' id='word_1_793' title='bbox 2754 5338 2862 5392; x_wconf 79' lang='grc' dir='ltr'><strong>Καὶ</strong></span> <span class='ocrx_word' id='word_1_794' title='bbox 2894 5338 3161 5392; x_wconf 83' lang='grc' dir='ltr'>παθόντα</span> <span class='ocrx_word' id='word_1_795' title='bbox 3190 5338 3283 5391; x_wconf 73' lang='grc' dir='ltr'>καὶ</span> <span class='ocrx_word' id='word_1_796' title='bbox 3311 5340 3595 5409; x_wconf 70' lang='grc' dir='ltr'>ταφέντα,</span> 
     </span>
    </p>
   </div>
   <div class='ocr_carea' id='block_1_115' title="bbox 2024 5546 3048 5622">
    <p class='ocr_par' dir='ltr' id='par_1_115' title="bbox 2024 5546 3048 5622">
     <span class='ocr_line' id='line_1_115' title="bbox 2024 5546 3048 5622; baseline 0.003 -21"><span class='ocrx_word' id='word_1_797' title='bbox 2024 5564 2113 5601; x_wconf 86' lang='grc' dir='ltr'><strong>ται</strong></span> <span class='ocrx_word' id='word_1_798' title='bbox 2138 5546 2429 5619; x_wconf 79' lang='grc' dir='ltr'>ληροῦντες</span> <span class='ocrx_word' id='word_1_799' title='bbox 2461 5561 2556 5607; x_wconf 88' lang='lat' dir='ltr'><strong>aut</strong></span> <span class='ocrx_word' id='word_1_800' title='bbox 2584 5551 2728 5607; x_wconf 87' lang='lat' dir='ltr'><strong>aliud</strong></span> <span class='ocrx_word' id='word_1_801' title='bbox 2753 5552 2882 5622; x_wconf 90' lang='lat' dir='ltr'><strong>quid</strong></span> <span class='ocrx_word' id='word_1_802' title='bbox 2923 5551 3048 5608; x_wconf 83' lang='lat' dir='ltr'><strong>tale.</strong></span> 
     </span>
    </p>
   </div>
   <div class='ocr_carea' id='block_1_116' title="bbox 2067 5620 3452 5693">
    <p class='ocr_par' dir='ltr' id='par_1_116' title="bbox 2067 5620 3452 5693">
     <span class='ocr_line' id='line_1_116' title="bbox 2067 5620 3452 5693; baseline 0.004 -19"><span class='ocrx_word' id='word_1_803' title='bbox 2067 5622 2186 5693; x_wconf 79' lang='lat' dir='ltr'><strong>(l3)</strong></span> <span class='ocrx_word' id='word_1_804' title='bbox 2212 5623 2355 5677; x_wconf 82' lang='lat' dir='ltr'><strong>Ante</strong></span> <span class='ocrx_word' id='word_1_805' title='bbox 2387 5622 2480 5676; x_wconf 81' lang='grc' dir='ltr'>καὶ</span> <span class='ocrx_word' id='word_1_806' title='bbox 2507 5625 2561 5677; x_wconf 91' lang='lat' dir='ltr'><strong>in</strong></span> <span class='ocrx_word' id='word_1_807' title='bbox 2606 5620 2797 5679; x_wconf 77' lang='lat' dir='ltr'><strong>codice</strong></span> <span class='ocrx_word' id='word_1_808' title='bbox 2814 5633 2898 5680; x_wconf 90' lang='lat' dir='ltr'><strong>est</strong></span> <span class='ocrx_word' id='word_1_809' title='bbox 2922 5620 3156 5693; x_wconf 81' lang='lat' dir='ltr'><strong>spatium</strong></span> <span class='ocrx_word' id='word_1_810' title='bbox 3191 5637 3452 5681; x_wconf 83' lang='lat' dir='ltr'><strong>vacuum.</strong></span> 
     </span>
    </p>
   </div>
  </div>
