4006 6248
304 367 372 430 r7
1524 370 1936 433 EXPOSlTlO
1977 371 2328 432 SYMBOLI.
3482 376 3544 439 ιδ

298 478 391 531 καὶ
413 473 773 531 ἀναστάντα
801 478 876 543 τῇ
913 475 1075 545 τρίτῃ
1097 476 1285 547 ἡμέρᾳ
1309 476 1462 532 κατὰ
1487 480 1594 546 τὰς
1616 481 1868 549 ι’,ραςιιάς⁴

1983 477 2056 529 tia
2091 478 2175 530 die
2229 475 2511 530 secundum
2557 475 2877 549 διῆρται-αδ.
2930 478 3155 535 Passum
3187 489 3240 535 et
3273 481 3544 550 sepultura

299 567 548 622 Παθόντα
576 567 674 619 καὶ
707 567 950 635 ταφέντα
972 571 1158 639 φησὶν,
1192 571 1254 623 οὐ
1287 570 1482 624 παθεῖν
1504 573 1599 625 καὶ
1629 573 1873 642 ταφῆναι

297 661 544 726 δόξαντα,
586 658 712 713 ἀλλ’
745 659 986 731 ἀληθείᾳ
1008 661 1106 714 καὶ
1133 662 1306 726 πάθος
1340 664 1434 716 καὶ
1481 664 1716 718 θάνατον
1743 665 1877 717 ὕπο-

303 751 568 821 μείναντα
593 750 690 802 καὶ
721 751 926 821 ταφήν.

378 842 491 895 Καὶ
523 840 863 895 ἀναστάντα
883 841 958 910 τῇ
990 844 1153 912 τρίτῃ
1181 843 1368 914 ἡμέρᾳ
1408 844 1558 899 κατὰ
1595 846 1699 911 τὰς
1722 848 1877 912 Γρα-

315 933 452 1002 φὰς.
483 934 581 994 Τὰς
606 932 873 996 παλαιάς.
915 934 1214 988 Ἐτυποῦτο
1239 937 1348 1008 γὰρ
1383 937 1470 990 διὰ
1491 937 1600 991 τῶν
1623 939 1874 993 Παλατῶν

323 1025 411 1077 καὶ
443 1025 878 1095 προεσημαξνετο
902 1025 994 1078 διὰ
1038 1027 1147 1080 τῶν
1196 1029 1548 1099 προφητειῶν
1571 1031 1874 1102 τριήμερος

319 1117 347 1183 ἡ
375 1114 460 1168 τοῦ
484 1116 744 1187 Σωτῆρος
774 1117 1104 1179 ἀνάστασις.
1142 1120 1301 1189 Τάχα
1332 1120 1389 1174 δὲ
1425 1120 1489 1173 οὐ
1535 1121 1738 1184 ταύτας
1773 1125 1871 1192 μό-

308 1224 404 1270 νον,
430 1207 571 1262 ἀλλὰ
598 1209 700 1261 καὶ
724 1209 832 1272 τὰς
855 1210 954 1262 τοῦ
979 1211 1344 1280 Εὑαγγελίου,
1381 1213 1443 1268 ἐν
1468 1210 1560 1279 αἷς
1595 1215 1810 1286 τρανῶς
1837 1217 1871 1286 ἡ

299 1296 602 1358 ἀνάστασις
627 1297 717 1350 τοῦ
760 1299 968 1370 Κυρίου
1000 1302 1352 1372 κηρύττεται.

365 1391 480 1442 Καὶ
523 1389 860 1444 ἀνελθόντα
917 1392 1006 1457 εις
1035 1394 1177 1460 τοὺς
1204 1397 1523 1462 οὐρανούς.
1557 1398 1699 1462 Τοὺς
1727 1398 1870 1454 οὕτω

294 1479 630 1548 λεγομένους
665 1480 1042 1550 Χριστο).ύτας
1067 1483 1386 1554 αῖρετικοὺς
1412 1487 1576 1542 τοῦτο
1616 1491 1871 1545 ἐκϐάλλει

297 1573 395 1642 τῆς
434 1572 793 1644 Ἐκκλησὶας,
827 1573 881 1628 οἶ
914 1577 1097 1646 γυμνῇ
1139 1593 1274 1645 φασι
1304 1581 1366 1648 τῇ
1411 1579 1648 1652 θεότητι,
1674 1582 1768 1635 καὶ
1805 1583 1868 1636 οὐ

303 1664 437 1734 μετὰ
461 1663 716 1734 σώματος
744 1667 826 1728 εἰς
849 1667 1120 1737 οὐρανοὺς
1145 1669 1415 1726 ἀνελθεῖν.
1464 1673 1556 1735 Ὠς
1587 1674 1698 1746 γὰρ
1766 1676 1867 1728 ἀν·-

299 1755 426 1823 ἐστη
464 1756 604 1823 μετὰ
636 1754 911 1826 σώματος,
931 1755 1107 1824 οὕτως
1131 1760 1332 1831 ἀνῆλθε
1361 1763 1502 1832 μετὰ
1520 1764 1796 1836 σώματος.

366 1847 471 1899 Καὶ
493 1845 890 1915 καθεζόμενον
910 1849 978 1904 ἐκ
1003 1849 1221 1916 δεξιῶν
1247 1855 1353 1910 τοῦ
1380 1861 1628 1928 Πατρός.
1653 1861 1866 1934 Ὠσπερ

295 1938 422 1991 ὅταν
449 1937 704 2009 λέγωμεν
735 1940 1043 2011 κατελθεῖν,
1074 1945 1125 1997 ei
1156 1945 1254 1999 καὶ
1277 1948 1352 2019 μὴ
1379 1949 1481 2019 τὴν
1512 1950 1692 2022 σάρκα
1721 1953 1867 2008 ἐκεῖ-

296 2027 383 2080 θεν
414 2023 584 2098 εἶχεν,
625 2029 744 2083 ἀλλ’
771 2031 865 2085 οῦν
892 2034 955 2088 ὲν
985 2033 1200 2105 σώματι
1235 2039 1492 2105 γενέσθαι
1528 2045 1729 2112 φαμὲν,
1769 2045 1866 2099 καὶ

290 2119 382 2173 διὰ
405 2121 664 2191 σώματος
695 2125 831 2194 ἡμῖν
859 2124 1143 2198 ὁμιλῆσαι,
1175 2129 1298 2200 οὑχὶ
1319 2135 1517 2204 γυμνῇ,
1533 2136 1600 2204 τῇ
1625 2135 1864 2207 θεότητν

289 2210 447 2263 οὕτω
477 2213 573 2265 καὶ
594 2214 983 2285 ἀνεληλυθέναι
1016 2218 1250 2291 νοοῦμεν
1297 2222 1437 2292 μετὰ
1480 2225 1755 2296 σώματος.
1801 2228 1867 2282 Τί

285 2309 350 2362 δέ
375 2310 497 2362 ἐστι
526 2312 589 2364 τὸ
622 2313 854 2369 καθίσαι
879 2319 943 2370 ἐκ
971 2316 1166 2382 δεξιῶν
1193 2335 1208 2384 ;
1265 2320 1389 2373 Ὅτι
1438 2322 1540 2376 οὐκ
1572 2323 1812 2378 ἐλάττων
1837 2324 1866 2379 ὁ

293 2402 420 2465 Υἱὸς
441 2405 535 2457 τοῦ
555 2407 786 2478 [ἰατρὸς.
809 2411 931 2464 οὐδὲ
949 2413 1030 2464 ὅτι
1053 2412 1150 2467 ἄνθ
1159 2430 1341 2483 ρωπος
1363 2415 1577 2484 γέγονε,
1597 2416 1684 2471 διὰ
1708 2416 1866 2473 τοῦτο

291 2496 625 2563 ἠλάττωται.
671 2499 958 2572 Ἐμφαίνει
983 2503 1042 2557 se
1069 2504 1233 2559 αὑτοῦ
1269 2506 1572 2579 ήκαθέδρα
1610 2526 1702 2563 τον
1739 2549 1754 2564 .
1793 2550 1809 2566 .
1849 2550 1866 2568 .

295 2621 316 2639 .
350 2623 364 2637 .
400 2624 418 2640 .
473 2587 587 2658 (ﬂ)
610 2588 778 2643 αὐτοῦ
804 2592 900 2647 καὶ
925 2593 1269 2650 δεσποτείαν.
1303 2597 1379 2650 Οὐ
1403 2597 1510 2669 γὰρ
1538 2598 1726 2653 δούλου
1751 2602 1868 2654 ἐστὶ

289 2677 351 2728 τὸ
383 2677 679 2749 καθῆσθαι.

365 2767 480 2822 Kal
511 2771 700 2826 πάλιν
726 2771 1059 2844 ἐρχόμενον
1081 2778 1235 2846 μετὰ
1269 2777 1475 2848 δόξης.
1517 2781 1866 2855 Ἐρχόμενον,

290 2862 321 2914 ὃ
343 2862 668 2927 δεσποτείας
696 2866 816 2919 ἐστὶ
848 2867 947 2920 καὶ
975 2867 1077 2938 τῆς
1097 2870 1715 2946 ἀληθοῦςοκυριὸτητος.

360 2953 820 3022 Κρῖγαιξῶντας
848 2959 946 3012 καὶ
970 2962 1241 3028 νεκρούς.
1289 2963 1487 3032 Κρῖναί
1536 2966 1738 3020 tenet
1796 2967 1870 3021 δι-

291 3041 436 3096 ελεῖν
469 3045 564 3098 καὶ
595 3046 893 3103 ἀποδοῦναι
948 3049 1165 3122 ἑκάστῳ
1214 3052 1338 3106 κατέ
1367 3054 1527 3120 ἀξίαν
1551 3055 1871 3128 τῶνιέίργων

1981 565 2147 621 fuisse
2180 567 2273 633 ait,
2317 582 2422 620 non
2473 567 2578 636 pati
2615 584 2677 623 ac
2728 569 2944 639 sepeliri
3003 571 3225 636 visum;
3275 571 3369 625 sed
3419 585 3546 626 vere

1982 659 2291 728 passionem
2324 675 2388 714 ac
2417 668 2647 715 mortem
2679 670 2734 715 et
2761 659 3097 716 sepulturam
3127 661 3380 716 subiisse.

2054 839 2118 891 Et
2146 841 2430 895 resurrexit
2457 841 2612 894 tertia
2643 841 2738 894 die
2772 842 3057 895 secundum
3085 839 3410 910 Scripturas.
3447 840 3550 894 Ve-

1978 939 2123 985 teres
2146 946 2362 1002 nempe.
2388 931 2746 1002 Figurabatur
2769 948 3008 1002 namque
3040 949 3135 1002 per
3162 943 3373 988 veteres
3399 931 3550 987 Scri-

1977 1033 2188 1092 pturas.
2211 1032 2268 1077 et
2297 1022 2624 1078 innuebatur
2651 1038 2750 1092 per
2803 1022 3123 1092 praphetias
3150 1022 3399 1078 triduana
3431 1021 3550 1077 Sal-

1976 1114 2179 1168 vatoris
2226 1113 2408 1169 futura
2461 1114 2811 1169 resurrectio.
2849 1114 3011 1169 Forte
3061 1114 3226 1168 etiam
3281 1129 3390 1168 non
3451 1115 3549 1168 has

1973 1207 2236 1263 duntaxat
2281 1208 2614 1279 intelligunt,
2645 1208 2739 1263 sed
2779 1217 2833 1262 et
2883 1207 3191 1278 Scripturas
3239 1207 3544 1278 Evangelii,

1976 1297 2029 1351 in
2059 1298 2257 1367 quibus
2306 1298 2514 1367 liquido
2544 1298 2880 1353 resurrectio
2929 1299 3144 1352 Domini
3201 1298 3546 1369 praedicatur.

2042 1389 2110 1444 Et
2141 1390 2372 1444 ascendit
2398 1390 2450 1442 in
2471 1391 2641 1442 oculos.
2669 1391 2786 1444 Hoc
2811 1389 3038 1456 expellit
3058 1389 3124 1444 de
3154 1387 3399 1444 Ecclesia
3433 1390 3548 1444 h‘az-

1979 1481 2202 1544 reticos,
2235 1480 2328 1550 qui
2356 1479 2620 1535 dicuntur
2658 1480 3008 1552 Christolyti:
3042 1479 3132 1550 qui
3167 1479 3313 1535 nuda
3354 1480 3552 1535 divini;

1973 1580 2081 1627 tate
2104 1573 2278 1637 aiunt,
2301 1580 2490 1627 etnon
2514 1587 2638 1628 cum
2667 1587 3053 1642 corpore-cum
3079 1572 3132 1625 in
3168 1571 3335 1626 etnlos
3365 1587 3550 1626 rever-

1972 1679 2111 1720 sum.
2141 1663 2294 1720 Sicut
2338 1664 2499 1719 enim
2539 1665 2778 1720 surrexit
2826 1681 2949 1719 cum
3005 1679 3254 1734 corpore,
3301 1664 3372 1718 ita
3427 1681 3551 1719 eutn

1900 1795 1943 1851 Β
1971 1770 2197 1825 corpore
2227 1759 2491 1812 ascendit.

2035 1861 2106 1915 Et
2134 1861 2274 1915 sedet
2308 1862 2378 1914 ad
2422 1862 2700 1915 dexteram
2736 1861 2944 1914 Patris.
3000 1860 3178 1914 Sicut"
3206 1861 3426 1929 quando
3454 1860 3550 1914 de,

1966 1954 2243 2010 scendisse
2278 1954 2534 2021 dicimus,
2561 1953 2665 2009 etsi
2715 1969 2934 2008 carnem
2967 1952 3094 2006 inde
3141 1968 3261 2006 non.
3297 1952 3552 2015 habebat,

1965 2047 2326 2102 nihilominus
2350 2047 2406 2100 in
2436 2062 2661 2116 corpore
2707 2045 2874 2099 fuisse
2906 2044 3172 2109 dicimus,
3209 2052 3264 2097 et
3292 2058 3388 2114 per
3421 2058 3549 2097 eor-

1971 2152 2075 2208 pus
2097 2138 2379 2193 nobiscum
2411 2138 2578 2192 fuisse
2610 2144 3014 2200 conversatum,
3039 2151 3148 2189 non
3177 2134 3322 2190 nuda
3354 2135 3553 2189 divinis

1965 2229 2670 2285 tate:ita'et‘aseendisse
2721 2229 3023 2298 cogitamus
3100 2244 3224 2282 cum
3285 2243 3548 2298 corpore.

1967 2319 2320 2386 Quid'autem
2343 2319 2446 2376 sibi
2476 2319 2593 2375 vult
2617 2318 2807 2373 sedere
2832 2317 2897 2372 ad
2925 2317 3196 2371 dexteram
3218 2315 3241 2368 ?
3263 2316 3417 2382 Quod
3441 2331 3558 2372 non

1966 2413 2148 2467 minor
2178 2412 2252 2467 sit
2281 2411 2453 2466 Filius
2490 2412 2667 2477 Patre,
2695 2425 2818 2475 nec,
2845 2407 2970 2478 quia
3017 2408 3180 2463 homo
3225 2407 3401 2462 factus
3444 2417 3549 2472 est,

1967 2515 2250 2576 propterea
2274 2504 2592 2558 imminutus
2617 2513 2719 2558 est.
2753 2502 3002 2557 Ostendit
3035 2510 3218 2555 autem
3245 2501 3402 2555 sedes
3432 2501 3550 2570 ejus

1968 2597 2330 2668 aequalitatem
2365 2596 2512 2650 illius
2539 2605 2701 2664 atque
2730 2594 3054 2649 dominium.
3087 2590 3206 2646 Non
3241 2591 3549 2661 enim~pro-

1968 2689 2150 2761 prium
2184 2695 2268 2743 est
2299 2687 2440 2743 servi
2479 2687 2690 2742 sedere.

2047 2791 2109 2847 Et
2139 2794 2328 2847 iterum
2353 2801 2600 2847 venturus
2631 2801 2703 2846 est
2734 2809 2851 2845 cum
2882 2792 3074 2862 gloria.
3094 2791 3551 2859 Venturus,quod

1971 2883 2200 2939 dominii
2229 2893 2314 2939 est
2345 2899 2594 2953 veraeque
2625 2885 2988 2938 auctoritatis.

2037 2973 2284 3028 Judicare
2332 2974 2470 3028 vivos
2499 2981 2548 3026 et
2582 2981 2814 3026 mortuos
2833 3011 2846 3025 .
2888 2970 3162 3037 ludio-are,
3187 2981 3270 3027 est
3299 2972 3544 3026 dividere

1977 3074 2034 3118 et
2068 3063 2313 3118 tribuere
2361 3063 2562 3132 cuique
2593 3063 2747 3135 juxta
2813 3063 3072 3118 meritum
3127 3079 3356 3133 cperunt
3404 3064 3544 3129 ejus.

288 3135 484 3190 αὐτοῦ.
520 3137 740 3203 Ζῶντας
775 3140 1004 3210 νοοῦμεν
1029 3143 1158 3206 τοὺς
1193 3145 1594 3212 πιστεύσαντας
1617 3149 1700 3212 εἰς
1727 3150 1866 3220 Χρι-

1983 3153 2142 3210 Vivos
2204 3154 2558 3226 intelligimus
2612 3169 2708 3209 eos
2759 3154 2851 3224 qui
2906 3155 3258 3209 crediderunt
3287 3156 3339 3208 in
3383 3155 3548 3210 Chri-

290 3230 435 3294 στὶν,
472 3231 569 3284 καὶ
602 3231 700 3302 τὴν
723 3233 909 3286 πίστιν
931 3235 1112 3304 ἔργοις
1139 3235 1365 3306 ἀγαθοῖς
1418 3238 1826 3309 βεϐαιώσαντας
1849 3257 1869 3275 ο

287 3323 524 3390 νεκροὺς
545 3321 603 3374 δὲ
627 3323 755 3387 τοὺς
781 3327 857 3394 μὴ
883 3327 1304 3396 πιστεύσαντας,
1328 3330 1623 3396 δοκοῦντας
1654 3331 1710 3386 δὲ
1732 3331 1869 3404 ἔργα

285 3410 435 3477 ἐλειν
477 3413 716 3482 χρηστὰ,
760 3414 861 3467 καὶ
892 3414 1078 3470 πίστιν
1127 3417 1226 3488 μὲν
1259 3419 1504 3490 ἔχοντας,
1568 3421 1630 3476 οὐ
1673 3422 1782 3494 μὴν
1811 3422 1869 3476 δὲ

289 3504 378 3554 καὶ
406 3503 496 3556 διὰ
530 3503 640 3556 τῶν
663 3503 841 3574 ἔργων
871 3506 1369 3580 λαμπρυνομένους
1402 3513 1504 3584 τῆς
1534 3513 1794 3579 πίστεως.

361 3590 446 3650 Οὗ
482 3593 597 3664 τῆς
619 3599 950 3666 ,βασιλείας
990 3601 1101 3654 οὐκ
1125 3603 1299 3656 ἔσται
1327 3602 1522 3670 τέλος.
1569 3606 1865 3661 Ἀθανάτου

287 3689 395 3758 γὰρ
427 3688 580 3751 Euro;
610 3690 803 3757 αὑτοῦ,
832 3692 1192 3766 ἀτελεύτητος
1220 3695 1377 3750 ἔσται
1401 3699 1495 3750 καὶ
1538 3700 1570 3770 ἡ
1610 3699 1865 3770 βασιλεία

287 3797 479 3834 αυτου.

359 3870 477 3925 Καὶ
521 3873 606 3939 εις
651 3873 717 3927 τὸ
750 3875 995 3945 Πνεῦμα
1041 3877 1108 3931 τὸ
1161 3879 1354 3948 ἄτιον,
1405 3879 1472 3933 τὸ
1515 3882 1756 3951 Κύριον,
1796 3883 1865 3937 τὸ

285 3959 600 4020 ζωοποιόν,
635 3962 814 4018 Ταῦτα
841 3968 943 4037 τὴν
973 3966 1138 4037 φύσιν
1177 3969 1436 4039 σημαίνει
1467 3970 1563 4023 τοῦ
1606 3972 1863 4041 Πνεῦμα-

1971 3258 2152 3314 stum,
2209 3248 2481 3316 ﬁdemque
2526 3246 2682 3300 bonis
2735 3247 2995 3316 operibus
3042 3245 3500 3300 conﬁrmaverunt
3529 3265 3560 3301 :-

1970 3350 2220 3397 mortuos
2241 3347 2428 3395 contra
2453 3383 2468 3406 ,
2498 3355 2593 3395 eos
2624 3341 2715 3410 qui
2745 3355 2853 3393 non
2884 3339 3259 3405 crediderunt,
3281 3349 3335 3394 et
3359 3339 3546 3394 viden-

1972 3443 2062 3488 tur
2092 3449 2257 3503 opera
2303 3433 2504 3488 habere
2532 3432 2672 3487 bona
2699 3448 2714 3496 ;
2751 3431 2853 3502 qui
2878 3440 2930 3485 et
2956 3446 3049 3486 eos
3079 3446 3205 3485 cum
3239 3431 3401 3487 ﬁdem
3451 3431 3548 3484 lia-

1969 3520 2152 3583 beant,
2181 3530 2499 3575 nontamen
2527 3535 2625 3589 per
2651 3534 2816 3589 opera
2849 3518 2969 3573 ﬁdei
3003 3518 3364 3574 illustrantur.

2039 3611 2199 3682 Cujus
2231 3613 2378 3683 regni
2407 3628 2511 3665 non
2535 3612 2632 3664 erit
2677 3611 2816 3680 ﬁnis.
2877 3609 3016 3664 Cum
3051 3610 3196 3665 enim
3226 3610 3562 3664 immortalis

1969 3705 2041 3760 sit
2080 3705 2216 3775 ipse,
2241 3713 2513 3759 aeternum
2547 3703 2652 3758 erit
2683 3718 2909 3775 regnum
2944 3702 3113 3755 illius.

2039 3886 2104 3940 Et
2130 3888 2186 3939 in
2221 3885 2481 3954 Spiritum
2505 3892 2770 3944 sanctum,
2827 3881 3104 3934 Dominum
3155 3879 3504 3949 vivificantem
3525 3921 3540 3936 .

1967 3979 2096 4034 Haec
2133 3986 2388 4032 naturam
2433 3975 2650 4046 signant
2685 3972 2923 4044 Spiritus
2946 4013 2960 4037 ,
2993 3981 3046 4028 et
3074 3973 3393 4028 relationem
3425 3974 3544 4042 ejus

283 4069 387 4114 τος
430 4053 534 4104 καὶ
574 4054 670 4125 τήν
705 4057 886 4128 σχέσιν
916 4059 1106 4127 αὑτοῦ,
1138 4061 1238 4130 τὴν
1279 4060 1416 4132 πρὸς
1469 4061 1562 4117 τὸν
1612 4063 1858 4134 Πατέρα,

1983 4073 2031 4128 td
2062 4070 2277 4126 Patrem
2298 4110 2313 4134 ,
2334 4075 2390 4123 et
2414 4066 2558 4136 quod
2589 4080 2824 4136 persona
2848 4065 3369 4120 subsistens.sit.....
3401 4064 3496 4133 Spi
3512 4095 3537 4105 -

290 4142 393 4193 xxi
433 4139 495 4193 τὸ
529 4143 882 4200 ἑνυπόστατον
918 4149 1050 4202 αὐτὸ
1096 4146 1238 4204 εἶναι
1269 4152 1381 4222 (15)
1420 4190 1436 4205 .
1477 4189 1495 4207 .
1533 4191 1551 4209 .
1603 4191 1619 4208 .
1653 4191 1670 4208 .
1704 4191 1720 4207 .
1760 4155 1864 4209 ,τὸ

1983 4167 2114 4221 ritus
2141 4160 2360 4234 prOprie
2407 4159 2498 4214 hic
2527 4159 2706 4226 dictus
2735 4158 2792 4212 in
2823 4156 3176 4227 procedentis
3228 4157 3504 4226 bypostasi
3525 4206 3540 4221 ,

287 4233 522 4304 Πνεῦμα
545 4235 687 4300 ἰδίως
719 4240 952 4294 ἐνταῦθα
983 4243 1276 4310 λεγόμενον
1301 4244 1392 4296 ἐπὶ
1421 4243 1520 4313 τῆς
1553 4243 1648 4297 τοῦ
1691 4246 1863 4298 ἐκπο-

1983 4233 2261 4315 Viviiicans
2310 4268 2460 4314 vero,
2511 4251 2638 4321 quia
2673 4250 2836 4306 etiam
2887 4248 2996 4304 vita
3045 4257 3150 4304 est.
3202 4248 3360 4314 Quod
3395 4250 3542 4302 enim

284 4330 490 4397 ρευτοῦ
524 4331 899 4399 ὑποστάσεως.
930 4336 1204 4390 Ζωοποιδν
1247 4335 1327 4404 δὲ,
1363 4337 1551 4407 ἐπειδὴ
1579 4337 1673 4391 καὶ
1719 4337 1857 4409 ζωή.

1983 4348 2224 4416 ιοδει,ἱι1
2253 4355 2310 4401 et
2333 4344 2560 4414 reliquis
2592 4342 2838 4414 largitur.

289 4423 356 4476 '0
381 4422 495 4494 γὰρ
526 4423 663 4495 ἔχει,
697 4425 856 4480 τοῦτο
883 4428 979 4481 καὶ
1007 4427 1216 4497 ἑτέροις
1249 4426 1554 4497 χαρίζεται.
1897 4472 1942 4529 D

360 4517 435 4569 Τὸ
499 4517 572 4570 ἐκ
611 4517 719 4572 τοῦ
761 4521 988 4587 Πατρός
1021 4520 1520 4589 ἐκπορευόμενον.
1559 4520 1737 4575 Τοῦτο
1765 4539 1864 4593 χαι

2043 4529 2145 4596 Qui
2173 4530 2429 4583 στρατια
2465 4525 2718 4594 procedit.
2762 4521 2874 4578 Hoc
2907 4530 2990 4578 est
3037 4520 3540 4577 cbaracteristicum

1971 4634 2218 4692 persona:
2244 4618 2501 4688 Spiritus.
2533 4611 2782 4669 Ostendit
2831 4611 3148 4665 relationem
3181 4607 3248 4662 ad
3287 4607 3529 4660 Patrem.

288 4611 724 4681 ρακτηριστικόν
751 4614 866 4665 ἐστι
900 4614 1000 4684 τῆς
1026 4612 1118 4666 τοῦ
1143 4614 1462 4683 Πνεόματος
1486 4614 1860 4678 ὑποστάσεως.

289 4702 399 4772 Τὴν
431 4701 572 4772 πρὸς
601 4702 698 4755 τὸν
725 4703 948 4774 Πατέρα.
978 4705 1034 4758 δὲ
1059 4705 1246 4775 σχέσιν
1273 4705 1558 4775 ἐμφαίνει.

365 4795 437 4848 τὸ
501 4794 628 4849 σὺν
680 4797 858 4864 Πατρὶ
896 4797 996 4850 καὶ
1045 4796 1155 4863 Υιῴ
1200 4799 1868 4869 συμπροσκυνούμενον

2044 4795 2145 4862 Qui
2173 4809 2291 4848 cum
2323 4789 2487 4845 Patre
2518 4797 2566 4842 et
2599 4787 2735 4842 Filio
2764 4786 3084 4838 coadoratur
3107 4793 3154 4838 et
3185 4781 3546 4853 conglori/ica-

291 4887 388 4938 aut!
431 4886 978 4958 συνδοξαζόμενον.
1009 4889 1178 4942 Τοῦτο
1210 4888 1308 4959 τὴν
1331 4891 1622 4960 ὁμοτιμίαν
1662 4891 1758 4946 καὶ
1803 4892 1866 4946 es

1983 4897 2083 4944 tur.
2135 4886 2250 4942 Hoc
2299 4882 2660 4952 :equalitatem
2714 4878 2941 4932 honoris
2979 4888 3035 4932 et
3091 4877 3408 4948 dignitatem
3456 4876 3549 4928 de-

292 4973 505 5042 ἀξίωμα
527 4977 794 5045 παριστᾷ.
817 4977 938 5030 Μία
953 4978 1062 5048 γὰρ
1093 4975 1315 5043 ἐξουσία
1348 4978 1442 5032 καὶ
1475 4979 1578 5050 μία
1597 4979 1730 5044 δόξα
1756 4981 1868 5036 τῶν

1983 4989 2262 5038 monstrat.
2313 4978 2432 5036 Una
2487 4987 2574 5033 est
2625 4975 2774 5032 enim
2830 4979 3070 5043 potestas
3117 4979 3174 5025 et
3221 4983 3329 5023 una
3375 4967 3545 5037 gloria

289 5073 476 5117 τοιῶν.
1971 5073 2037 5117 mi

360 5083 476 5117 ιων.

323 5082 403 5210 P1'
404 5158 436 5212 ὀ
472 5160 766 5228 λαλῆσαι·
793 5161 893 5216 διὰ
959 5162 1080 5216 τῶν
1128 5161 1473 5232 προφητῶν.
1551 5163 1867 5236 Ἐνέργειαν

1983 5082 2160 5131 Laium.

2002 5176 2006 5182 '
2043 5165 2146 5231 Qui
2184 5165 2388 5220 locutus
2440 5173 2514 5218 est
2542 5179 2635 5232 per
2666 5160 2965 5231 prophetas.
3002 5155 3273 5210 Virtutem
3311 5151 3414 5205 hoc
3465 5149 3550 5202 in-

293 5248 447 5303 τοῦτο
466 5254 724 5322 σημαίνει
750 5253 846 5307 τοῦ
875 5255 1214 5326 Πνεῦματος,
1243 5255 1301 5322 ἐξ
1329 5251 1396 5326 ἧς
1419 5256 1532 5326 (16)
1571 5297 1586 5312 .
1624 5298 1640 5314 .
1685 5294 1702 5311 .
1740 5298 1756 5314 .
1797 5297 1813 5314 .
1848 5294 1865 5311 .

1983 5256 2093 5311 nuit
2129 5254 2390 5324 Spiritus,
2428 5269 2493 5307 ex
2540 5266 2647 5322 qua
2833 5263 2942 5303 non
2994 5241 3240 5314 operatio
3287 5247 3391 5294 est.
3446 5237 3552 5303 Qui

299 5341 389 5393 οὐκ
414 5343 668 5413 ἐνέργειά
706 5347 840 5401 ἐστι.
877 5346 951 5400 Τὸ
991 5347 1100 5417 γὰρ
1153 5347 1353 5402 λαλοῦν
1379 5349 1639 5421 ἐνεργοῦν
1688 5351 1860 5416 ἐστιν,

1983 5349 2116 5403 enim
2140 5345 2380 5418 loquitur
2408 5359 2642 5415 operans
2667 5351 2770 5404 est,
2794 5357 2904 5396 non
2932 5338 3201 5409 operatio.

298 5434 388 5488 οὐκ
415 5437 692 5508 ἐνέργεια.

363 5529 467 5596 Εῖς
487 5531 636 5598 μίαν
650 5532 826 5603 ἁγίαν
845 5533 1178 5604 καθολικὴν
1189 5535 1287 5589 και
1318 5533 1737 5604 ἀποστολικὴν
1753 5532 1868 5586 Ἐκ-

2047 5525 2115 5582 In
2152 5540 2314 5579 unam
2345 5530 2580 5578 sanctum
2623 5518 2935 5574 catholicam
2985 5526 3032 5572 et
3067 5517 3407 5588 apostolicam
3450 5511 3553 5567 Ec-

369 5739 480 5806 (H)
536 5739 636 5798 Hic
665 5751 794 5797 ante
855 5741 1019 5797 αὐτοῦ
1050 5743 1329 5798 εχιὶιΙριίιι
1378 5744 1429 5798 in
1473 5742 1661 5798 codice
1711 5757 1870 5796 νοιοςιο
2054 5738 2164 5806 (I5)
2219 5736 2319 5791 llic
2377 5751 2564 5788 rursus
2598 5735 2833 5803 spatium
2877 5733 3045 5806 unius
3071 5729 3316 5784 vorabo“
3343 5747 3394 5784 ιιι
3423 5730 3550 5786 cod.

311 5741 480 5862 hil”)
536 5741 636 5798 Hic
665 5751 794 5797 ante
855 5741 1019 5797 αὐτοῦ
1050 5743 1329 5798 exciderat
1378 5744 1429 5798 in
1473 5742 1661 5798 codice
1711 5757 1868 5796 voca-

345 5825 505 5866 uum.

2085 5741 2164 5802 I5)
2219 5741 2319 5791 llic
2377 5751 2564 5788 rursus
2598 5741 2833 5803 spatium
2877 5741 3040 5785 unius
3071 5748 3129 5783 vn

2054 5741 2168 5878 illi)
2207 5807 2364 5863 Forte
2393 5807 2477 5862 hic
2511 5807 2708 5861 excidit
2735 5804 2991 5874 φανερὸν,
3025 5803 3129 5856 '6'...
