4006 6248
256 295 321 358 ΞΙ
1494 297 1839 358 Οἶ-ΞΡΗΤΑἾ

1947 308 1954 349 t
1997 301 2092 361 DE
2134 305 2334 364 FIDE.
3447 307 3512 370 2?

259 409 422 466 πάλιν
447 404 636 472 λέγετε
676 404 900 474 Πατέρα
935 404 1027 458 καὶ
1069 404 1196 458 Υἱὸν
1230 405 1324 459 καὶ
1374 404 1530 474 ἅγιον
1561 404 1786 476 Πνεῦμα
1815 422 1830 470 ;

1947 424 2042 478 que
2071 427 2134 464 ac
2167 413 2361 466 Filium
2401 422 2455 467 et
2504 424 2753 469 sanetum
2813 415 3077 484 Spiritum
3111 417 3339 474 dicitis?
3392 419 3516 474 Haec

256 502 468 564 Δείξιτε
498 498 632 566 ἡμῖν
661 498 852 550 ταῦτα.
887 498 1053 565 Λέγει
1087 501 1116 552 6
1146 498 1451 571 Εὑθύμιοςο
1499 501 1692 570 Ἡμεῖς
1729 498 1829 553 ἕνα

257 594 383 644 θεὸν
414 587 748 656 πιστεύομεν
774 588 1053 656 ἄκτιστον,
1083 592 1340 662 ἄναρχον,
1391 593 1834 664 ἀπερίγραπτον,

265 681 668 750 audiunt-0v,
706 680 1142 749 ἀνεξιχνίαστον,
1171 683 1231 736 ὃν
1253 683 1432 748 οὐδεὶς
1471 685 1686 754 ἑώρακε
1720 684 1834 739 πώ-

272 793 427 830 τιοτεο
454 775 692 844 λέγομεν
724 775 784 828 δὲ
810 776 892 830 ὅτι
925 777 1098 845 Λόγος
1123 778 1222 832 καὶ
1265 777 1494 848 Πνεῦμα
1523 779 1552 832 6
1580 778 1734 843 Θεὸς,
1769 779 1830 832 οὐ

290 872 390 938 μὴν
416 865 608 928 κτητὰ,
641 865 783 920 ἀλλὰ
831 867 932 935 τῆς
984 868 1152 922 αὐτοῦ
1191 868 1380 934 οὐσίας
1431 872 1526 924 καὶ
1581 871 1832 939 φύσεωςο

301 961 467 1031 ὁρῶμεν
498 958 559 1010 δὲ
600 958 696 1010 τὸν
723 960 979 1030 οὐρανὸν,
1007 960 1104 1014 καὶ
1136 961 1237 1032 τὴν
1258 963 1386 1034 γῆν,
1438 963 1594 1034 ἥλιόν
1629 980 1688 1018 τε
1739 964 1837 1018 καὶ

310 1056 508 1120 saltim,
534 1054 737 1122 ἄστρα,
769 1053 978 1119 λίθους,
1012 1057 1292 1123 καὶξύλα,
1339 1057 1525 1128 ἄψυχα
1559 1051 1700 1110 εἶναι
1733 1057 1830 1110 καὶ

293 1148 452 1211 ἕὶογαο
491 1145 606 1198 ἔδει
637 1145 732 1198 οὖν
761 1141 911 1200 εῖναι
937 1147 1030 1200 τὸν
1063 1150 1308 1220 κτίστην
1339 1150 1550 1203 τούτων
1604 1149 1828 1214 ζωοπά-

280 1253 444 1306 ριχονο
471 1236 618 1289 διότι
655 1237 921 1292 ἀδύνατον
966 1235 1108 1293 εἶναι
1142 1241 1235 1293 τὸν
1270 1241 1514 1312 κτίστην
1546 1243 1734 1310 ὅμοιον
1757 1241 1835 1311 τῷ

274 1331 512 1398 κτίσματι
549 1329 754 1397 ἄλογον
789 1332 885 1382 καὶ
913 1332 1144 1386 ἄπνουν.
1184 1333 1434 1404 Ὀρῶμεν
1463 1334 1520 1389 δὲ
1545 1336 1700 1404 παρὰ
1732 1335 1836 1386 πᾶ-

241 1411 246 1420 ’
274 1439 356 1476 σαν
386 1423 574 1476 κτίσιν
606 1425 898 1477 κάλλιστον
942 1425 1152 1494 κτίσμα
1187 1422 1333 1480 εἶναι
1381 1428 1478 1482 τὸν
1506 1427 1794 1498 ἄνθρωπον
1819 1442 1834 1459 ·

275 1519 354 1568 καὶ
375 1518 422 1568 εί
451 1516 751 1584 ἄνθρωπος
788 1517 1004 1588 μετέχει
1028 1518 1188 1585 λόγου
1219 1518 1317 1572 καὶ
1349 1518 1683 1589 πνεύματος,
1718 1519 1820 1572 πῶ-

265 1608 358 1660 ἒδει
391 1608 486 1660 τὸν
521 1607 770 1678 κτίστην
799 1604 943 1661 εἶναι
970 1609 1243 1680 ἀμέτοχον
1275 1609 1438 1678 λόγου
1465 1613 1561 1666 καὶ
1585 1611 1807 1680 πνεύμα

1947 503 2104 557 nobis
2130 502 2522 560 demonstrate.
2558 504 2695 561 Dicit
2755 508 3077 579 Euthymius
3115 526 3128 562 :
3201 508 3310 564 Nos
3345 525 3513 564 unum

1946 592 2114 647 Deum
2157 594 2430 648 credimus
2467 594 2790 661 increatum,
2823 598 2942 652 sine
2983 597 3158 660 initio,
3210 597 3513 654 incircumo

1945 685 2227 755 scriptum,
2254 687 2884 757 incomprehensibilcm,
2905 690 3335 752 iuscrutabilem,
3352 706 3515 759 quem

1943 778 2268 836 nemovidit
2310 795 2572 850 unquam.
2603 781 2844 838 Dicimus
2875 792 3056 838 autem
3087 783 3282 836 Filium
3315 792 3370 837 et
3393 782 3514 849 Spi-

1945 870 2108 924 ritum
2127 886 2246 926 esse
2265 870 2453 936 Deum,
2480 873 2620 928 haud
2635 875 2884 944 equidem
2899 885 3129 941 creatos,
3149 875 3241 932 sed
3265 875 3510 930 eamdem

1945 961 2120 1018 Patris
2179 964 2538 1019 substantiam
2589 976 2947 1036 naturamque
3001 967 3284 1023 habentes.
3346 969 3512 1023 Porro

1945 1055 2194 1112 ridemus
2226 1058 2422 1112 coelum
2477 1067 2534 1112 et
2581 1069 2800 1124 terram,
2882 1061 3158 1130 solemque
3201 1076 3265 1116 ac
3311 1061 3516 1124 lunam,

1947 1147 2605 1219 sidera,lapides,ligna,
2663 1151 2958 1206 inanimata
3015 1162 3072 1206 et
3129 1153 3516 1208 irrationalia:

1949 1238 2195 1306 oportuit
2253 1238 2437 1308 itaque
2484 1239 2678 1294 horum
2725 1239 3061 1307 Creatorem,
3132 1241 3256 1295 vitae
3300 1256 3521 1310 quoque

1947 1345 2070 1384 esse
2104 1330 2449 1401 praebitorem
2487 1331 2724 1386 :etenim
2748 1331 2861 1386 fieri
2921 1331 3130 1402 nequit.
3185 1330 3519 1395 utCreator,

1920 1472 1925 1479 .
1950 1436 2104 1492 aeque
2136 1437 2200 1476 ac
2225 1421 2331 1477 illze
2365 1431 2650 1489 creaturae,
2672 1422 2995 1476 irrationalis
3023 1422 3095 1476 sit
3121 1429 3176 1476 et
3205 1421 3400 1490 Spiritu
3429 1438 3521 1473 ra-

1920 1496 2104 1569 ‘cuus.
2129 1513 2424 1568 Cernimus
2448 1522 2630 1568 autem
2658 1529 2768 1583 pra:
2801 1514 3057 1567 omnibus
3091 1513 3290 1568 creatis
3356 1513 3523 1568 rebus

1923 1603 2378 1676 t-pulcherrimam
2413 1613 2722 1659 creaturam
2759 1604 3061 1659 hominem.
3091 1603 3248 1671 Quod
3277 1603 3320 1657 si
3351 1603 3517 1657 homo

265 1717 374 1764 ro;;
405 1700 522 1753 Καὶ
552 1699 602 1752 εί
632 1701 898 1770 ἀμέτοχος
927 1697 1016 1773 ἦν,
1046 1703 1149 1756 οὐκ
1171 1698 1238 1772 ἧν
1261 1702 1434 1766 αἴτιος
1461 1704 1568 1758 τῶν
1602 1702 1838 1773 κτισμάο

1947 1697 2221 1769 particeps
2252 1699 2400 1754 verbi
2431 1708 2515 1753 est
2553 1706 2714 1767 atque
2768 1697 3016 1767 spiritus,
3063 1697 3340 1767 quomodo
3364 1709 3524 1766 opor-

259 1807 386 1845 τωνο
419 1792 481 1845 τὺ
513 1793 631 1862 γὰρ
654 1791 728 1863 μὴ
757 1793 882 1862 ἔχον
912 1793 1070 1862 λόγον
1098 1795 1132 1866 ἢ
1179 1795 1402 1865 πνεῦμα
1440 1795 1594 1852 οὐδὲν
1649 1797 1839 1869 ἕτερον

257 1881 318 1954 ἦν
351 1886 400 1936 εί
476 1885 563 1955 μὴ
591 1885 748 1949 ξύλον
772 1886 806 1956 ἢ
851 1885 996 1950 λίθος
1024 1902 1038 1917 ·
1097 1889 1192 1940 καὶ
1222 1889 1333 1960 γὰρ
1380 1889 1434 1942 oi
1492 1887 1841 1942 θεόπνευστοι

259 1979 611 2049 προφητικῆς
640 1978 898 2046 γνώσεως
924 1979 1078 2044 θείας
1106 1982 1563 2052 ἑμπνευσθείντες,
1585 1982 1682 2036 ἕνα
1708 1982 1844 2036 Θεὸν

256 2073 590 2142 κηρύττουσι
646 2073 784 2142 μετὰ
852 2073 1014 2142 λόγου
1082 2075 1176 2129 καὶ
1231 2075 1562 2145 πνεύματος.
1627 2074 1686 2127 Ὀ
1743 2073 1843 2144 μὲν

243 2163 420 2216 ’Δαυῖδ
469 2163 598 2217 τάδε
657 2164 846 2236 φησίν·
895 2165 980 2230 Τῷ
998 2168 1160 2236 λόγῳ
1203 2167 1426 2234 Κυρίου
1473 2169 1527 2222 οἱ
1600 2165 1845 2234 οὐρανοὶ

255 2256 730 2324 ἐστερεώθησαν,
759 2258 858 2312 καί
887 2257 966 2323 τῷ
990 2259 1280 2329 πνεύματι
1305 2259 1411 2314 τοῦ
1432 2260 1732 2328 στόματος
1749 2261 1845 2312 αὐ-

257 2346 356 2400 τοῦ
386 2345 568 2401 πᾶσα
597 2348 635 2414 ἡ
662 2347 918 2415 δύναμις
943 2347 1144 2402 αὐτῶν
1165 2367 1178 2380 ·
1215 2350 1308 2402 καὶ
1349 2351 1399 2402 οἱ
1427 2351 1649 2420 ἄγγελοι
1679 2353 1739 2403 ὲν
1768 2349 1845 2419 τῷ

259 2441 517 2510 πίναγίῳ
560 2438 718 2512 ὕμνῳ
762 2440 890 2494 τάδε
931 2440 1286 2507 δοξάζουσιν·
1349 2442 1575 2512 Ἄγιος,
1619 2445 1844 2512 Ἄγιος,

259 2530 494 2598 Ἀτιος·
521 2531 766 2599 πλήρης
789 2533 822 2584 ὀ
855 2532 1114 2599 οὐρανὸς
1143 2532 1241 2587 καί
1288 2534 1326 2602 ἡ
1371 2531 1449 2603 γῆ
1500 2533 1608 2600 τῆς
1661 2533 1848 2601 δόξης

255 2624 458 2677 αὑτοῦ.
491 2624 607 2677 Καὶ
637 2623 738 2676 οὐκ
763 2624 929 2685 αὐτὸς
956 2625 1090 2696 ὁρᾷς
1125 2625 1243 2689 πῶς
1282 2625 1380 2697 τὴν
1435 2626 1598 2696 ἁγίαν
1635 2627 1844 2698 Τριάδα

255 2713 543 2782 δοξάζουσι
571 2716 667 2768 καὶ
697 2715 749 2768 οἱ
793 2715 1011 2784 ἄγγελοι
1046 2734 1061 2783 ;

324 2893 389 2964 β’.
446 2895 607 2948 Εῐπω
653 2895 713 2948 δὲ
755 2893 851 2948 καὶ
885 2894 1014 2948 ἄλλο
1065 2896 1339 2967 ὁμοίωμα.
1387 2897 1446 2950 '0
1501 2897 1848 2970 ἀνθρώπινος

262 2984 385 3048 W5;
433 2985 692 3056 ἡγεμὼν,
745 2986 1069 3058 προϐολεὺς,
1118 2988 1210 3042 καὶ
1250 2989 1428 3052 αἴτιος
1462 2985 1531 3062 ἦν
1573 2989 1670 3044 τοῦ
1704 2994 1846 3062 ἡμε-

1945 1790 2139 1845 tuisset
2175 1790 2495 1846 Creatorem
2529 1804 2716 1843 carere
2748 1789 2916 1843 verbo
2954 1804 3020 1844 ac
3057 1789 3258 1859 spiritu
3298 1788 3320 1841 ?
3384 1789 3536 1842 Nam.

1943 1881 1990 1937 si
2016 1881 2152 1938 forte
2169 1881 2458 1937 caruisset.
2477 1891 2666 1937 auctor
2683 1889 3057 1936 creaturarum
3076 1897 3186 1934 non
3199 1880 3522 1936 exstitisset.

1945 1975 2082 2030 Nam
2120 1973 2266 2045 quod
2295 1988 2471 2040 neque
2501 1973 2768 2028 rationem
2795 1987 2975 2042 neque
3034 1972 3288 2041 spiritum
3333 1972 3522 2034 habet,

1947 2065 2086 2121 nihil
2119 2065 2265 2120 aliud
2313 2075 2401 2121 est
2442 2081 2606 2136 quam
2643 2064 2846 2134 lignum
2902 2071 2998 2117 aut
3047 2062 3209 2132 lapis.
3271 2063 3524 2116 Profecto

1945 2157 2261 2230 prophetica
2290 2156 2520 2214 scientia
2556 2154 2820 2211 divinitus
2849 2153 3058 2223 praediti
3083 2153 3330 2207 homines
3348 2167 3522 2207 unum

1951 2254 2117 2308 Deum
2179 2249 2502 2321 praedicant,
2570 2247 2782 2303 ratione
2837 2245 3144 2315 spirituque
3197 2244 3522 2315 pollentem.

1949 2344 2117 2400 David
2144 2343 2366 2414 quidem
2405 2342 2484 2396 sic
2515 2340 2591 2395 ait
2625 2358 2639 2395 :
2676 2339 2839 2394 Verbo
2876 2339 3086 2392 Domini
3148 2338 3265 2391 caeli
3321 2338 3528 2406 ﬁrmati

1947 2445 2092 2499 sunt,
2132 2445 2181 2489 et
2243 2434 2434 2506 spiritu
2494 2433 2601 2486 oris
2657 2430 2776 2500 ejus
2830 2429 3001 2499 omnis
3060 2429 3225 2483 virtus
3275 2444 3450 2483 eorum
3486 2431 3525 2480 '.

1950 2529 2138 2598 Angeli
2171 2541 2390 2597 quoque
2421 2525 2474 2580 in
2500 2523 2851 2580 sanctissimo
2870 2523 3074 2594 hymno
3126 2523 3197 2575 ita
3252 2521 3527 2576 laudant:

1947 2620 2196 2681 Sanctus.
2223 2629 2458 2683 sanctus,
2501 2627 2741 2682 sanctus,
2785 2615 2999 2685 plenum
3049 2613 3235 2667 uelum
3277 2630 3338 2667 ac
3387 2622 3528 2666 terra

1949 2715 2114 2784 gloria
2144 2713 2280 2782 ejus.
2301 2711 2494 2766 Nonne
2517 2720 2576 2765 tu
2600 2710 2687 2764 vid
2707 2725 2770 2772 is,
2795 2707 3074 2778 quomodo
3101 2715 3344 2761 sanctam
3399 2704 3529 2759 Tri-

1953 2806 2184 2861 nitatem
2218 2805 2442 2860 laudant
2472 2802 2571 2872 ipsi
2601 2800 2824 2870 angeli?
3608 2791 3613 2798 ’

2019 2899 2076 2954 2.
2109 2898 2296 2953 Dicam
2328 2897 2489 2951 aliam
2516 2908 2736 2964 quoque
2783 2891 3222 2948 similitudinem.
3276 2890 3527 2944 Humana

1951 3003 2132 3052 mens,
2163 2987 2293 3051 dux,
2324 2987 2558 3050 auctrix,
2585 2998 2856 3053 causaque
2898 2993 2982 3038 est
3035 2979 3185 3037 verbi
3234 2978 3406 3034 nostri
3465 2993 3528 3032 ac

263 3077 428 3146 τέρου
458 3076 628 3143 λόγου
681 3077 776 3130 καὶ
821 3076 1170 3147 πνεύματοςο
1202 3080 1298 3134 καί
1338 3079 1403 3134 ἂν
1445 3081 1693 3152 εἴπωμεν
1756 3083 1839 3137 τὸν

1949 3080 2192 3151 spiritus.
2253 3077 2370 3131 Jam
2428 3077 2470 3132 si
2522 3075 2826 3130 dixerimus
2875 3081 3116 3128 mentem
3181 3071 3354 3142 ipsam
3409 3083 3531 3125 esse

251 3163 379 3216 νοῦν
417 3164 661 3232 τικεῦμα,
704 3163 782 3227 ὡς
827 3164 984 3217 κενὸν
1045 3164 1138 3217 τὸν
1186 3165 1344 3233 λόγον
1388 3166 1672 3237 ποιοῦμεν,
1733 3171 1830 3222 καὶ

254 3255 719 3325 ἁπιλλπριοῦται
746 3257 774 3308 6
801 3255 960 3324 λόγος
1001 3255 1095 3309 τοῦ
1123 3257 1236 3319 νοὸς
1268 3257 1368 3330 τὴν
1401 3259 1593 3327 φύσιν;
1619 3261 1784 3329 Λέγει
1808 3263 1836 3314 ό

256 3347 606 3417 Σαρακηνός·
634 3346 786 3418 Οὐχί.
818 3349 966 3419 Ἔφη
992 3351 1020 3402 6
1072 3349 1346 3420 Εὐθύμιος
1369 3369 1382 3384 ⁸
1419 3351 1608 3406 Ἔστιν
1647 3355 1674 3407 6
1715 3354 1838 3418 νοῦς

251 3438 451 3508 πατὴρ
486 3438 583 3491 τοῦ
613 3437 790 3508 λόγου,
825 3441 858 3510 ἢ
907 3439 999 3506 ob;
1036 3442 1201 3511 Λέγει
1239 3444 1266 3496 6
1299 3444 1650 3514 Σαρακηνός·
1704 3446 1835 3503 Ναί.

255 3530 404 3600 ’Ἑξη
438 3533 466 3583 6
494 3530 769 3602 Εὖθύμιος
795 3547 809 3562 ο
860 3531 1085 3598 Ἕδειξά
1143 3550 1228 3584 σοι
1272 3534 1371 3600 τὴν
1399 3534 1715 3604 πατρότητα
1746 3535 1840 3588 ἐπὶ

251 3621 416 3675 Θεοῦ.
461 3623 627 3689 Λέγει
681 3623 710 3674 6
764 3623 1082 3694 Σαρακηνός
1112 3639 1124 3654 ’
1155 3625 1264 3677 Καὶ
1314 3624 1429 3687 πῶς
1484 3627 1841 3697 συνηνωμένα

251 3711 318 3784 ἦν
343 3732 361 3779 ;
395 3715 518 3777 πῶς
536 3714 727 3784 λέγετε
751 3716 834 3768 ὅτι
854 3715 986 3780 Θεὸς
1015 3716 1308 3789 ἐσαρκὼθη
1338 3734 1352 3784 ;
1381 3719 1476 3772 καὶ
1509 3720 1841 3790 σαρκωθεὶς,

251 3807 334 3867 τίς
365 3799 436 3874 ἦν
467 3805 527 3858 ὲν
585 3805 664 3872 τῷ
692 3805 951 3877 οὐρανῷς
994 3808 1090 3861 καὶ
1129 3807 1213 3870 τίς
1261 3808 1417 3878 διῆγε
1476 3811 1569 3862 τὸν
1605 3812 1837 3881 κόσμον;

259 3898 408 3966 "Egon
443 3897 473 3948 6
504 3897 804 3969 Εὖθύμιος·
854 3897 918 3953 Ὀ
942 3901 1094 3969 ἦλιος
1122 3900 1486 3972 αὑτολαμπὴς
1515 3897 1583 3974 ἦν
1616 3907 1712 3956 καὶ
1741 3922 1841 3973 μο-

258 3991 633 4054 νηῠτιοττατος
659 3991 736 4061 ,ἦ
783 3992 1004 4062 μετέχει
1044 3994 1144 4046 καὶ
1186 3993 1386 4064 ἑτέρας
1445 3994 1842 4062 ὑποστάσεως;

265 4081 441 4148 Λέγει
471 4082 502 4133 6
533 4083 836 4155 Σαρακηνός
863 4102 878 4117 ο
917 4087 1009 4139 Ἐν
1037 4085 1114 4156 τῷ
1142 4085 1279 4157 ἡλίῳ
1323 4088 1475 4154 τρεῖς
1508 4086 1844 4152 ὑποστάσεις

257 4173 408 4225 εὶσίν
435 4190 452 4205 ·
479 4173 537 4226 τὸ
561 4175 802 4243 ἀγγεῖον,
846 4178 907 4230 τὸ
957 4179 1095 4247 φῶς,
1125 4179 1218 4231 καὶ
1272 4179 1328 4230 αί
1365 4179 1602 4242 ἀκτῖνες.
1635 4180 1779 4250 Ἔφη
1819 4182 1848 4233 6

251 4265 563 4335 Ιίύθύμιος’
585 4268 691 4320 Καὶ
709 4268 1008 4322 διοικοῦσαι
1037 4268 1137 4340 τὴν
1166 4268 1464 4338 σύμπασαν
1485 4271 1588 4340 γῆν
1617 4270 1674 4322 αἱ
1699 4271 1853 4324 ἀκτῖ-

251 4376 341 4418 νες
373 4357 475 4410 τοῦ
510 4357 685 4426 ἡλίου,
712 4359 845 4414 ἀλλὰ
875 4363 968 4413 καὶ
1003 4362 1082 4424 είς
1111 4362 1290 4432 φρέαρ
1319 4361 1624 4432 βαθύτατον
1651 4381 1781 4416 κατε

1943 3173 2215 3243 spiritum,
2251 3170 2552 3223 verbumne
2588 3181 2816 3220 vacuum
2864 3164 3146 3218 reddimus
3174 3201 3190 3226 ,
3226 3171 3280 3216 et
3313 3177 3343 3214 a
3378 3176 3532 3214 men-

1941 3263 2010 3318 tis
2044 3271 2234 3316 natura
2275 3259 2503 3314 verbum
2563 3255 2938 3311 abalienatur?
2977 3252 3119 3308 Dicit
3161 3252 3528 3306 Sarraceuus:

1937 3353 2312 3422 Nequaquam.
2337 3347 2769 3419 AitEuthymius
2803 3364 2814 3399 :
2859 3345 3026 3399 Estne
3073 3359 3228 3399 mens
3255 3343 3400 3396 verbi
3437 3357 3530 3411 pa-

1941 3460 2092 3506 rens,
2131 3459 2200 3498 an
2235 3456 2393 3497 secus
2419 3439 2600 3494 ‘lDicit
2629 3438 2943 3493 Saracenus
2972 3455 2984 3490 :
3019 3435 3268 3490 Maxime.
3299 3435 3389 3488 Ait
3424 3435 3530 3486 Eu~

1944 3537 2220 3608 thymius:
2262 3531 2638 3588 Demonstravi
2693 3529 2784 3584 tibi
2822 3529 2916 3584 Dei
2960 3527 3366 3598 paternitatem.
3395 3523 3532 3577 Dioit

1937 3630 2246 3686 Saraceuus
2275 3642 2288 3680 :
2315 3625 2596 3693 Quomodo
2626 3623 2740 3678 haec
2769 3621 3019 3692 copulata
3052 3619 3214 3674 sint?
3258 3615 3532 3686 quomodo

1944 3715 2122 3771 dicitis
2155 3714 2322 3768 Deum
2365 3728 2488 3767 esse
2547 3711 2888 3765 incursatum
2919 3710 2942 3762 ?
2968 3708 3104 3761 Tum
3126 3707 3169 3759 si
3222 3706 3534 3758 incarnatus

1944 3808 2069 3871 fuit,
2100 3806 2221 3875 quis
2250 3805 2306 3859 in
2333 3806 2471 3859 emlo
2503 3802 2837 3864 remanebat,
2862 3801 3059 3870 quisve
3091 3797 3348 3852 mundum
3378 3812 3531 3866 rcge-

1946 3896 2077 3952 bat?
2117 3894 2206 3946 Ait
2243 3893 2605 3962 Euthymius:
2655 3889 2820 3944 Estne
2853 3888 2932 3943 sol
2964 3894 3155 3957 suapte
3185 3885 3529 3956 splendidus,

1947 3995 2002 4041 et
2047 3984 2210 4038 unius
2241 3980 2634 4042 subsistentiis.
2661 3995 2730 4033 an
2787 3977 3010 4033 alterius
3041 3989 3258 4045 quoque
3311 3971 3531 4043 partici-

1950 4079 2090 4150 pat?
2123 4076 2264 4132 Dicit
2293 4075 2647 4130 Saracenus:
2696 4073 2753 4126 In
2813 4070 2927 4126 sole
2982 4079 3089 4123 tres
3159 4064 3529 4121 subsistentia:

1951 4179 2100 4231 sunt.
2134 4165 2564 4237 receptaculum,
2597 4165 2688 4217 lux
2739 4169 2795 4216 et
2826 4159 2981 4215 radii.
3030 4159 3117 4212 Ait
3162 4155 3527 4226 Euthymius:

1953 4259 2096 4314 Solis
2127 4258 2262 4312 radii
2296 4257 2609 4311 universam
2662 4263 2859 4308 terram
2913 4251 3228 4311 lustrantes,
3299 4248 3344 4300 si
3385 4245 3527 4299 forte

1955 4349 2010 4404 in
2043 4348 2526 4419 profundissimum
2561 4355 2782 4412 puteum
2822 4341 3084 4404 incidant,
3151 4354 3280 4392 num
3319 4337 3527 4390 idcirco

253 4381 341 4418 ve;
373 4381 475 4410 του
510 4381 685 4426 quau,
712 4381 845 4414 αλιι
875 4381 968 4413 και
1003 4381 1082 4424 εις
1111 4381 1290 4432 φρεαρ
1319 4381 1624 4432 ραυυτατον
1651 4381 1839 4434 κατερ·

253 4449 469 4516 χομένη
502 4449 533 4517 ἡ
570 4449 727 4511 ἀκτὶς
757 4450 852 4502 τοῦ
891 4451 1068 4520 ἡλίου,
1120 4451 1582 4522 ἀπαλλοτριοῦται
1614 4455 1648 4526 ἡ
1691 4455 1839 4518 ἀκτὶς

1957 4381 2010 4404 Ill
2045 4381 2526 4419 luuuuuuuauuuuu
2562 4381 2782 4412 γιιιυυιι-
2823 4381 3084 4404 ...νυν-...η
3151 4381 3280 4392 .......
3321 4381 3523 4390 ...νηνη

1956 4437 2090 4492 radii
2123 4453 2154 4492 a
2176 4436 2290 4492 sole
2315 4444 2408 4489 aut
2436 4434 2557 4486 luce
2586 4429 2970 4486 abalienantur
2995 4427 3016 4480 ?
3041 4426 3528 4481 DicitSaracenus:

253 4541 344 4593 τοῦ
385 4541 627 4612 ὴλίου,ἢ
652 4541 746 4593 τοῦ
783 4543 1186 4612 φωτόςςΛέγει
1235 4545 1263 4597 ὀ
1304 4546 1655 4615 Σαρακηνός·
1691 4547 1848 4617 Οὐχὶ,

252 4632 388 4684 ἀλλὰ
420 4631 489 4685 τὸ
521 4633 697 4702 παρὶν
727 4636 793 4701 τῇ
819 4635 887 4701 γῇ
917 4633 1057 4700 φῶς,
1096 4634 1229 4687 αὐτὸ
1259 4629 1326 4704 ἦν
1358 4637 1451 4687 καὶ
1477 4636 1612 4690 ἄνω.
1651 4637 1794 4708 Ἔφη
1821 4639 1848 4688 6

257 4723 550 4793 Εύθύμιος
575 4738 590 4754 ο
634 4724 742 4776 Καὶ
771 4726 868 4779 ἐὰν
892 4728 919 4778 ὁ
947 4725 1097 4796 ἥλιος
1127 4726 1155 4777 6
1195 4727 1418 4790 κτιστὺς
1450 4727 1545 4780 καὶ
1600 4725 1845 4797 φθαρτὸς

255 4821 348 4872 καὶ
379 4820 511 4873 ἄνω
543 4820 767 4886 φωτίζει
800 4821 894 4872 καὶ
927 4823 1102 4884 κάτω,
1136 4823 1289 4892 πόσῳ
1317 4839 1381 4889 γε
1411 4823 1614 4888 μᾶλλον
1652 4826 1680 4878 6
1719 4825 1850 4876 Κτί-

255 4928 391 4981 στης
423 4911 678 4974 πάντων,
711 4911 741 4964 6
775 4910 968 4982 παρὼν
1003 4914 1060 4966 ιν
1092 4915 1159 4984 τῇ
1198 4915 1386 4984 μήτρᾳ
1413 4918 1481 4985 τῇ
1514 4915 1848 4986 παρθενικῇ,

259 5005 427 5064 αὖτὸς
457 4999 534 5072 ἦν
599 5003 695 5055 καὶ
735 5003 793 5056 δν
855 5003 932 5073 τῷ
970 5005 1188 5075 οὐρανῷ
1233 5008 1328 5059 καὶ
1369 5006 1464 5057 ἐπὶ
1512 5007 1696 5059 πᾶσαν
1751 5011 1850 5076 τὴν

255 5094 439 5146 κτίσ.ν
462 5111 481 5154 ;

325 5187 400 5253 γ’.
430 5185 606 5254 Λέγει
643 5188 669 5238 ὁ
693 5188 1043 5258 Σαρακηνόςο
1082 5189 1191 5242 Καὶ
1240 5190 1552 5256 σιρκωθεὶς
1585 5192 1677 5243 καὶ
1721 5208 1849 5259 γεν-

258 5278 453 5345 νηθεὶς
494 5281 560 5330 ἐκ
596 5278 700 5349 τῆς
728 5272 973 5352 Μαρίας»,
993 5281 1114 5344 πῶς
1146 5282 1309 5335 πάλιν
1334 5282 1554 5350 λέγεται
1589 5284 1672 5336 ὅτι
1705 5300 1850 5354 παρ-

261 5367 415 5434 θένος
440 5366 517 5443 ἦν
555 5372 588 5439 ἡ
621 5373 841 5442 Μαρίας
880 5373 942 5427 '0
974 5375 1130 5440 ἅγιος
1163 5373 1438 5445 Εὑθύμιος
1465 5374 1608 5446 ἔφη·
1655 5375 1714 5430 '0
1735 5377 1854 5429 δια-

267 5461 510 5532 φθείρας
586 5465 886 5534 παρθενίαν
941 5468 1038 5522 ἐπὶ
1097 5469 1359 5540 συνουσίᾳ
1415 5467 1511 5520 δύο
1579 5469 1852 5539 σωμάτων

266 5553 516 5619 γίνεται,
544 5555 982 5630 ἀποτελουμένης
1011 5561 1310 5631 ἁμαρτίας.
1355 5559 1479 5613 Ἐπὶ
1515 5560 1570 5613 δὲ
1602 5559 1679 5629 τῷ
1709 5577 1847 5614 παν-

415 5737 436 5768 ¹
475 5735 614 5792 Psal.
642 5753 805 5805 xxxii,
832 5742 882 5794 6‘.

1951 4531 2306 4602 Nequaquam
2335 4547 2350 4594 ;
2375 4528 2472 4584 sed
2500 4541 2620 4596 quae
2641 4533 2868 4596 apparet
2892 4523 2944 4576 in
2971 4531 3113 4576 terra
3140 4519 3230 4572 lux
3263 4517 3451 4572 eadem
3478 4525 3533 4570 et

1954 4639 2192 4693 superne
2229 4632 2333 4676 est.
2359 4622 2449 4674 Ait
2478 4619 2800 4689 Euthymius
2835 4631 2850 4670 :
2901 4613 2956 4670 Si
2985 4628 3116 4682 ergo
3177 4610 3278 4673 sol,
3347 4618 3530 4664 creata

1955 4731 2044 4773 res
2073 4726 2129 4770 et
2155 4713 2554 4783 corruptibilis,
2597 4722 2708 4765 tum
2734 4723 2973 4778 superne
3009 4703 3280 4759 illuminat
3307 4711 3418 4757 tum
3448 4701 3533 4754 in-

1955 4807 2127 4870 ferue,
2181 4814 2389 4877 quanto
2464 4803 2634 4869 magis
2699 4815 2878 4855 rerum
2951 4797 3196 4852 muniqu
3275 4795 3526 4855 Creator,

1955 4900 2056 4954 etsi
2082 4899 2138 4954 in
2163 4907 2320 4954 utero
2349 4895 2594 4968 virginali
2611 4908 2875 4964 praesens.
2901 4891 3042 4946 idem
3081 4890 3135 4944 in
3159 4887 3297 4943 cutio
3315 4901 3532 4956 quoque

1958 4999 2098 5054 erat,
2136 4998 2190 5045 et
2219 5006 2383 5060 supra
2413 4987 2711 5059 quamlibet
2743 4994 3054 5041 creaturam
3085 4984 3108 5034 ?

2029 5197 2081 5248 '5.
2119 5190 2587 5247 [licitSaraccnus
2615 5205 2627 5240 :
2660 5184 2717 5240 Si
2762 5183 3002 5239 Verbum
3052 5180 3395 5234 incamatum
3448 5185 3529 5228 est

1956 5303 2022 5342 ac
2045 5295 2228 5338 natum
2252 5283 2321 5338 de
2341 5281 2528 5344 Maria,
2564 5277 2840 5349 quomodo
2863 5276 2971 5343 jam
3000 5274 3198 5328 dicitur
3242 5271 3390 5339 virgo
3420 5267 3528 5320 Ma-

1959 5379 2081 5432 ria?
2112 5376 2346 5430 Sanctus
2377 5371 2698 5442 Euthymius
2720 5369 2833 5423 ait:
2862 5363 3203 5437 Virginitatis
3226 5361 3445 5417 violatio
3473 5363 3530 5413 tit

1958 5471 2189 5524 duorum
2227 5480 2516 5536 corporum
2537 5462 2753 5533 copula,
2777 5461 2906 5515 dum
2941 5466 3223 5528 peccatum
3255 5459 3525 5522 patratur.

1959 5561 2063 5615 Sed
2092 5569 2270 5613 tamen
2305 5555 2652 5627 omnipotens
2673 5551 2814 5607 Deus
2831 5549 2983 5604 aliter
3011 5548 3138 5618 :zgit,
3157 5545 3247 5614 qui
3268 5543 3528 5613 quidquid
