4006 6248
349 330 420 394 Ξῧ
1575 327 1953 389 EUTllYMIl
1992 325 2349 388 ZIGABENI
3539 323 3612 388 24

354 439 485 494 vult
520 444 718 509 potest.
771 437 864 492 Vis
913 439 1164 509 superior
1216 437 1449 494 faciendi
1493 437 1717 508 aliquid,
1763 436 1931 493 vincit

2037 435 2324 508 τοδυνάμῳ
2352 433 2473 507 Θεῷ
2533 432 2632 506 οὐχ
2682 431 2877 502 οὕτως,
2945 432 3082 488 ἀλλὰ
3124 435 3234 491 πᾶν
3259 435 3434 508 ῖσχῦει
3471 439 3610 494 ὅπου

352 541 562 585 naturae
592 529 1072 584 consuetudinem.
1105 529 1240 584 Dicit
1270 529 1611 586 Saracenos:
1647 529 1758 586 Cur
1788 544 1930 600 opus

349 632 468 676 erat
499 622 590 676 tali
622 621 902 692 mysterio.
960 635 1160 690 nempe
1187 629 1244 674 ut
1304 621 1450 677 Deus
1509 622 1674 678 homo
1728 622 1934 676 ﬁeret?

343 713 436 772 Ait
461 713 780 783 Euthymius
809 732 823 768 :
851 711 918 767 Ut
938 712 1302 767 adversarium
1317 713 1927 777 diabolumlcontereret.

354 819 410 865 et
434 808 710 862 hominem
747 805 1003 860 salvaret.
1032 803 1176 860 Dicit
1229 803 1584 860 Saraccnus:
1642 804 1816 859 Etiam
1871 804 1928 858 in

347 902 488 957 caelo
515 901 654 955 Deus
679 915 926 965 manens,
957 915 1140 956 nonne
1171 910 1384 971 poterat
1418 900 1668 971 angelum
1694 901 1930 964 mittere,

347 1002 403 1047 et
435 993 514 1048 vel
538 1007 648 1047 uno
675 992 821 1046 dicto
843 992 1117 1047 diabolum
1161 993 1453 1056 debellare.
1511 994 1644 1063 quin
1695 995 1765 1048 ob
1810 1009 1931 1049 eam

348 1099 566 1139 causam
597 1085 764 1138 homo
793 1083 996 1138 fieret?
1036 1085 1306 1140 Praeterea
1331 1086 1425 1155 qul
1456 1085 1570 1140 ticri
1619 1087 1816 1155 potuit,
1871 1095 1932 1141 ut

348 1175 512 1231 homo
541 1191 661 1231 cum
695 1176 914 1232 diabolo
950 1193 1186 1248 pugnam
1219 1186 1534 1233 consereret
1564 1178 1700 1234 ?Ait
1721 1177 1930 1251 Euthy-

349 1267 489 1320 unius
515 1283 528 1320 :
563 1265 620 1320 Si
652 1266 793 1321 Deus
825 1282 948 1321 cum
990 1267 1204 1322 diabolo
1232 1268 1474 1338 przclium
1519 1268 1788 1336 inivisset,
1820 1270 1935 1323 lau-

350 1358 404 1412 di
436 1374 499 1414 ac
524 1360 720 1430 gaudio
761 1360 810 1414 id
870 1360 974 1415 sibi
1052 1361 1302 1416 diabolus
1351 1361 1751 1431 adscripsisset.
1794 1361 1932 1417 Nam

354 1451 604 1506 diabolus
658 1468 756 1523 spe
813 1453 1116 1508 divinitatis
1175 1456 1597 1525 consequentiae,
1664 1456 1780 1511 loco
1835 1471 1935 1510 suo

350 1541 540 1611 pulsus
571 1542 690 1598 fuit.
723 1543 881 1598 Nunc
907 1560 1038 1599 vero
1067 1546 1212 1600 haud
1243 1546 1541 1607 mirmn,si
1572 1545 1779 1602 diceret
1805 1567 1819 1602 :
1852 1546 1938 1602 Vi‘

349 1639 471 1687 ctus
503 1632 578 1687 fui
620 1651 634 1700 ;
668 1635 762 1689 sed
792 1645 969 1689 tamen
1002 1636 1218 1690 nonnisi
1247 1653 1412 1692 carne
1433 1647 1722 1708 conspecta
1740 1638 1935 1708 decep-

352 1733 438 1777 tus
467 1740 584 1779 sum
616 1740 630 1780 :
671 1725 838 1781 veluti
879 1729 1120 1796 piscator
1143 1729 1306 1784 hamo
1338 1731 1570 1800 imponit
1595 1731 1930 1786 inescantem

349 1831 593 1881 carnem,
635 1827 692 1873 ut
758 1818 962 1888 piscem
1016 1821 1305 1890 decipiat:
1376 1838 1612 1891 namque
1671 1838 1734 1878 ea
1785 1823 1926 1889 visa,

347 1907 517 1976 piscis
549 1909 853 1978 ingreditur
884 1926 1139 1980 sagenam
1169 1922 1225 1966 et
1251 1913 1482 1982 capitur,
1540 1913 1686 1969 baud
1746 1915 1929 1971 sciens

350 2001 493 2052 intra
555 2003 817 2071 carneml
853 2003 1026 2058 latere
1103 2003 1529 2072 validamderri
1605 2007 1735 2063 vim.

350 2100 408 2145 tu
449 2092 581 2144 mihi
612 2092 679 2146 de
704 2091 816 2147 Deo
846 2093 1041 2164 cogita,
1074 2095 1167 2164 qui
1198 2111 1321 2150 cum
1342 2111 1560 2151 carnem
1594 2098 1697 2153 sibi
1725 2099 1929 2154 induis-

349 2191 452 2243 set,
486 2191 543 2237 et
566 2183 801 2237 daemoni
835 2184 1147 2252 obiecisset,
1178 2189 1444 2243 accedens
1493 2203 1646 2244 more
1683 2205 1782 2244 suo
1809 2190 1930 2245 dia-

351 2271 506 2327 bolus
537 2273 605 2327 ad
637 2288 855 2328 carnem
895 2276 1334 2345 oppugnandam,
1364 2292 1393 2332 a
1425 2277 1626 2333 latente
1655 2277 1797 2335 intra
1819 2293 1931 2335 car-

351 2378 476 2416 nem
509 2364 794 2419 divinitate
828 2376 1122 2436 superatus
1145 2367 1268 2423 fuit.

420 2455 475 2509 4.
534 2454 675 2510 Dicit
706 2456 1048 2514 Saracenus:
1094 2458 1198 2514 Vos
1241 2461 1664 2517 nudiustertiani
1697 2479 1818 2518 cum
1849 2466 1927 2521 si-

355 2543 446 2608 tis,
477 2549 752 2616 quomodo
781 2564 900 2617 quae
939 2558 1066 2602 ante
1105 2551 1301 2604 saecula
1354 2550 1580 2606 fuerunt
1611 2553 1762 2609 scitis
1789 2554 1812 2608 ?
1842 2555 1932 2611 Ait

353 2635 715 2708 Euthymius:
747 2637 1007 2693 Creatura
1035 2641 1286 2695 minorue
1315 2649 1398 2696 est
1427 2641 1709 2702 Creatore.
1744 2659 1811 2698 an
1844 2660 1932 2700 se-

353 2726 498 2780 cus?
525 2726 668 2783 Dicit
695 2728 1034 2784 Saracenos:
1070 2731 1212 2786 Vero
1237 2772 1251 2786 .
1285 2732 1371 2786 Ait
1410 2733 1769 2804 Euthymius:
1809 2734 1932 2790 Coe-

355 2816 465 2868 lum
532 2823 587 2871 et
639 2825 780 2871 terra
829 2828 994 2888 atque
1044 2819 1302 2875 universa
1341 2820 1409 2876 ab
1454 2821 1705 2892 aliquone
1753 2835 1931 2881 creata

354 2906 597 2971 fuerunt,
640 2924 709 2962 an
741 2910 941 2963 secus?
972 2908 1112 2966 Dicit
1145 2910 1486 2968 Saracenus:
1525 2914 1685 2969 Certe
1718 2916 1786 2970 ab
1833 2916 1932 2972 ali-

351 3012 480 3064 quo.
516 2999 606 3053 Ait
663 2999 984 3072 Euthymius
1028 3019 1043 3056 :
1091 3001 1207 3057 Jam
1257 3013 1403 3074 patet
1470 3005 1784 3063 Creatorem
1832 3009 1930 3064 ha-

1835 2008 1930 2063 Sic
1971 2039 1976 2044 -

2035 524 2270 598 βουληθῇ
2293 542 2309 557 ο
2343 526 2378 597 ἡ
2413 524 2565 595 ἰσχὺς
2605 522 2832 594 ποιῆσαί
2867 540 2921 577 τι
2961 524 3092 596 νικᾷ
3124 523 3186 576 τὸ
3225 524 3455 597 σύνηθες
3505 530 3607 598 τῆς

2035 613 2270 684 φύσεως.
2302 615 2468 683 Λέγει
2518 615 2546 667 6
2591 612 2913 683 Σαρακηνός
2936 627 2951 644 ο
2985 613 3098 665 Καὶ
3132 613 3278 684 τίςὴ
3315 615 3475 685 χρεία
3505 616 3602 671 τοῦ

2033 710 2280 761 τοιούτου
2325 706 2652 777 μυστηρίου,
2685 705 2770 758 ῖνα
2807 704 2944 767 Θεὸς
2999 703 3290 775 ἄνθρωπος
3337 706 3605 775 γένηταις

2038 797 2184 868 Ἔφη
2210 798 2238 850 6
2268 795 2537 864 Εὑθύμιος
2561 810 2575 826 ο
2609 794 2728 846 ἰνα
2759 793 2852 845 τὸν
2880 791 3156 844 ἀντίδικον
3187 791 3441 844 διάϐολον
3483 809 3609 844 συν-

2033 889 2224 960 τρὶψῃ,
2251 887 2346 942 καὶ
2371 887 2461 939 τὸν
2490 884 2779 954 ἄνθρωπον
2810 883 2981 954 σώσῃ.
3005 884 3171 952 Λέγει
3198 887 3226 936 6
3261 884 3606 954 Σαρακηνός·

2036 982 2144 1034 Kal
2180 979 2337 1049 ἐντῷ
2372 975 2587 1050 οὐρανῷ
2614 975 2746 1038 Θεὸς
2793 977 2895 1029 οὐκ
2936 975 3170 1042 ἠδύνατο
3201 973 3260 1039 ἐξ
3301 973 3614 1044 ἀποστολῆς

2035 1074 2292 1143 ἀγγέλου,
2331 1071 2362 1142 ἢ
2392 1070 2498 1124 ὑπὸ
2516 1069 2677 1136 λόγου
2698 1065 3010 1121 καταλῦσαι
3037 1067 3130 1120 τὸν
3151 1064 3418 1130 διάϐολον,
3452 1066 3502 1118 εἰ
3528 1066 3608 1135 μὴ

2035 1166 2168 1229 Θεὸς
2195 1165 2484 1236 ἄνθρωπος
2516 1161 2836 1232 γενόμενος
2866 1159 2977 1214 Kal
3005 1159 3124 1222 πῶς
3154 1155 3221 1230 ἦν
3249 1158 3475 1222 δυνατὸς
3511 1158 3605 1212 ἄν·

2035 1259 2252 1331 θρωπος
2288 1256 2597 1327 πολεμῆσαι
2621 1253 2714 1306 τὸν
2747 1251 2998 1307 διάϐολον
3026 1267 3042 1316 ;
3077 1252 3221 1320 Ἔφη
3251 1250 3279 1302 6
3309 1249 3607 1318 Εὑθύμιος⁶

2045 1351 2172 1405 Ἐὰν
2201 1351 2230 1404 6
2273 1348 2406 1412 Θεὸς
2441 1345 2754 1417 ἐπολέμησε
2808 1345 2902 1397 τὸν
2959 1343 3233 1408 διάϐολον,
3266 1344 3346 1406 εἰς
3383 1341 3606 1394 ἔπαινον

2033 1444 2098 1498 ἂν
2128 1441 2220 1496 καὶ
2245 1439 2506 1510 καύχημα
2532 1432 2647 1508 εἶχε
2687 1435 2850 1490 τοῦτο
2885 1435 2917 1488 6
2946 1435 3194 1496 διάϐολος
3216 1450 3235 1467 ο
3267 1435 3475 1496 ἐκεῖνος
3497 1432 3605 1502 γὰρ

2033 1537 2099 1607 τῇ
2140 1533 2317 1588 ἐλπίδι
2339 1531 2441 1601 τῆς
2469 1529 2725 1599 θεότητος
2757 1526 3062 1598 ἀπερρίφη.
3096 1527 3210 1581 Kal
3251 1525 3312 1580 οὗ
3347 1524 3536 1597 θαῦμα
3557 1526 3607 1580 εἰ

2035 1624 2189 1682 εἷπεν
2217 1624 2530 1694 Ἐνικήθην,
2575 1622 2692 1675 ἀλλ’
2725 1620 3062 1690 ἐδελεάσθην
3091 1619 3198 1673 ὑπὸ
3244 1618 3343 1688 τῆς
3374 1617 3606 1688 σαρκός·

2035 1720 2226 1789 ὥσπερ
2257 1718 2286 1770 6
2339 1715 2524 1776 ἁλιεὺς
2561 1712 2764 1768 ἐνδύων
2808 1711 2867 1765 τὸ
2908 1710 3206 1788 ἄγκιστρον
3241 1707 3412 1779 κρέας
3455 1706 3607 1760 δελε-

1962 1789 2005 1844 B
2034 1813 2300 1882 άσματος,
2333 1808 2422 1861 ἵνα
2449 1807 2540 1862 τὸν
2574 1804 2728 1876 ἰχθὺν
2754 1803 2998 1857 δελεάσοι
3025 1817 3041 1832 ·
3086 1801 3180 1854 καὶ
3209 1799 3357 1870 όρῶν
3388 1801 3416 1851 6
3447 1799 3604 1867 ἰχθὺς

2031 1905 2094 1960 τὸ
2132 1903 2304 1976 κρέας
2360 1901 2676 1971 εἰσέρχεται
2725 1897 2820 1950 καὶ
2873 1897 3190 1964 ζωγρεῖται,
3231 1893 3308 1964 μὴ
3337 1890 3476 1945 νοῶν
3511 1891 3598 1943 ὅτι

2031 1997 2184 2061 ἐντὸς
2216 1996 2311 2050 τοῦ
2342 1994 2576 2066 κρέατος
2607 1990 2807 2062 ἰσχυρὰ
2827 1989 3058 2057 δύναμις
3091 1987 3308 2057 σιδήρου
3334 1985 3595 2055 ὺπάρχειο

2033 2091 2178 2145 οὕτω
2211 2090 2307 2143 καὶ
2346 2089 2443 2140 ἐπὶ
2477 2084 2616 2140 Θεοῦ
2648 2084 2759 2138 νόει
2792 2098 2914 2153 μοι’
2952 2079 3194 2141 ἐνδυθεὶς
3244 2077 3346 2147 τὴν
3378 2077 3584 2144 σάρκα,

2032 2183 2124 2237 καὶ
2155 2178 2479 2252 προσϐαλὼν
2498 2178 2576 2248 τῷ
2605 2175 2849 2247 δαίμονι,
2882 2173 2978 2228 καὶ
3010 2168 3327 2242 προσελθὼν
3357 2171 3386 2222 6
3415 2167 3622 2220 διάϐο-”

2031 2279 2120 2342 λος
2153 2277 2294 2331 κατᾶ
2321 2277 2381 2329 τὸ
2419 2274 2651 2344 σύνηθες
2675 2269 2990 2340 πολεμῆσαι
3010 2267 3109 2337 τὴν
3142 2267 3346 2336 σάρκα,
3384 2261 3596 2334 ἡττήθη

2031 2373 2185 2442 παρὰ
2217 2370 2316 2440 τῆς
2345 2369 2494 2432 ἐντὸς
2519 2369 2618 2434 τῆς
2659 2363 2861 2435 σαρκὸς
2907 2357 3296 2430 κεκρυμμένης
3319 2355 3596 2422 θεότητος.

2101 2467 2163 2519 δ’.
2197 2465 2363 2532 Λέγει
2405 2463 2434 2515 6
2485 2458 2836 2532 Σαρακηνός·
2892 2455 3108 2524 Ὑμεῖς,
3157 2449 3391 2521 χθεσινοὶ
3427 2446 3605 2509 ὅντες,

2034 2557 2150 2619 πῶς
2179 2556 2356 2610 οἴδατε
2385 2555 2453 2606 τὰ
2485 2552 2591 2618 πρὸ
2623 2550 2833 2604 αἰώνων
2864 2564 2881 2615 ;
2919 2547 3068 2615 Ἔφη
3089 2546 3116 2598 6
3139 2540 3406 2611 Εὐθύμιος
3425 2556 3442 2572 ο
3474 2537 3605 2590 Κτι-

2033 2669 2148 2722 σμα
2173 2648 2393 2702 ἔλαττον
2424 2643 2491 2717 ἣν
2527 2643 2622 2696 τοῦ
2657 2641 2978 2703 κτίσαντος,
3024 2637 3059 2708 ἢ
3096 2635 3156 2690 οὗ
3185 2652 3198 2699 ;
3242 2633 3407 2701 Λέγει
3441 2629 3470 2680 6
3496 2629 3604 2722 Σαγ-

2037 2721 2270 2813 ρακηνός
2293 2737 2470 2803 ’,Ναί.
2505 2736 2651 2804 Ἔφη
2679 2734 2708 2785 6
2745 2730 3046 2801 Εὐθύμιος·
3092 2728 3150 2780 Ὀ
3184 2724 3410 2797 οὐρανὸς
3445 2722 3539 2775 καὶ
3567 2721 3602 2790 ἠ

2033 2836 2106 2904 γῆ
2134 2833 2228 2886 κα)⁸
2255 2831 2326 2885 τὰ.
2352 2830 2531 2883 πάντα
2565 2826 2669 2880 ὑπὸ
2693 2824 2838 2887 τινὸς
2877 2821 3207 2890 ἐκτίσθησαν
3231 2857 3246 2881 ,
3281 2818 3314 2888 ἢ
3349 2816 3602 2870 αὐτόκτι..

2033 2946 2135 2982 στα
2161 2923 2269 2998 ἦνς
2303 2924 2466 2991 Λέγει
2508 2923 2537 2974 6
2587 2916 2938 2990 Σαρακηνόςο
2978 2914 3119 2968 Ὑπὸ
3169 2912 3336 2975 τινός.
3394 2909 3536 2978 Ἔφη
3571 2907 3600 2960 6

2035 3018 2343 3088 Εὐθύμιος·
2382 3012 2552 3084 Δῆλον
2575 3011 2659 3064 ὅτι
2701 3012 2729 3063 6
2763 3007 3005 3078 Κτίστης
3047 3003 3406 3076 ἐνεργητικὴν
3445 3001 3602 3054 δύνα-

353 3088 533 3142 buisse
567 3090 678 3144 vim
730 3092 1054 3147 elllcientem
1097 3095 1259 3148 etiam
1310 3105 1438 3151 ante
1483 3100 1704 3154 saecula.
1755 3099 1930 3158 Porro

354 3195 417 3209 ην
451 3183 842 3209 ιιηηη-Αηιὲιι..,
888 3185 1150 3209 Α-.--ι.-..3-
1213 3190 1368 3209 -.2-_-
1412 3205 1461 3209 __
1515 3207 1557 3209 __
1587 3207 1618 3209 μ
1682 3207 1690 3209 .
1753 3201 1792 3209 ._

2039 3131 2130 3185 μιν
2163 3107 2276 3180 εἶχε
2324 3106 2421 3162 καὶ
2469 3104 2578 3176 πρὸ
2607 3101 2821 3156 αῐώνων
2845 3115 2860 3132 °
2897 3099 2993 3152 καὶ
3024 3099 3087 3151 ἐκ
3110 3095 3602 3209 τῶνοφαινομὲένων

353 3195 418 3233 ex
450 3183 846 3250 apparentibus
884 3185 1174 3250 creaturis,
1209 3190 1373 3242 etiam
1404 3205 1466 3244 ea
1507 3207 1626 3260 quae
1675 3201 1803 3248 ante
1830 3209 1930 3249 sa:-

352 3271 473 3325 cula
527 3273 856 3330 exstiterunt
909 3279 1313 3349 cognoscimus.
1371 3281 1512 3336 Dicit
1571 3283 1924 3342 Saracenos:

351 3365 640 3428 Quomodo
685 3383 782 3424 vos
825 3370 1031 3434 dicitis,
1073 3374 1219 3443 quod
1265 3383 1426 3430 natus
1476 3376 1646 3430 Filius
1699 3393 1807 3432 non
1864 3380 1936 3435 sit

350 3468 590 3524 creatus,
619 3462 713 3516 sed
747 3456 1050 3520 coaeternus
1073 3483 1196 3521 cum
1228 3467 1387 3523 Patre
1416 3469 1440 3523 ?
1465 3470 1553 3524 Ait
1577 3470 1894 3542 Euthymius
1918 3489 1934 3527 :

352 3553 410 3607 ln
462 3562 618 3624 parte
665 3555 886 3626 quiJem
938 3569 1119 3614 creata
1149 3600 1164 3623 ,
1191 3562 1510 3631 corruptelae
1559 3571 1613 3618 et
1651 3565 1934 3620 mutationi

350 3641 457 3698 fuit
505 3644 816 3711 obnoxius;
865 3646 918 3700 in
951 3656 1105 3716 parte
1136 3659 1318 3703 autem
1365 3650 1544 3704 divina
1564 3661 1617 3705 et
1643 3651 1936 3708 incircum-

360 3735 563 3805 scripta
599 3774 614 3800 ,
669 3737 959 3807 oportebat
1011 3747 1260 3794 naturam
1308 3741 1428 3812 ejus
1475 3743 1768 3799 increatam
1812 3761 1935 3802 esse

353 3838 516 3898 atque
559 3839 920 3886 coaeternam.
959 3831 1422 3890 DicitSaracenus
1454 3852 1466 3890 :
1499 3835 1788 3901 Quomodo
1829 3838 1934 3895 Pa.

351 3930 492 3974 trem
530 3929 585 3974 et
615 3919 810 3975 Filium
859 3932 915 3976 et
959 3921 1220 3992 Spiritum
1262 3936 1512 3981 sanctum
1588 3927 1821 3985 dicitis?
1871 3931 1935 3986 Et

355 4011 612 4080 quoniam
664 4020 774 4066 tres
833 4012 1015 4068 dicitis
1065 4015 1108 4077 ',
1150 4016 1427 4083 quomodo
1484 4033 1590 4071 una
1631 4021 1933 4075 substantia

353 4111 409 4157 et
453 4103 698 4173 potentia
753 4105 930 4157 sunt?
971 4119 1154 4159 nonne
1206 4106 1404 4176 singuli
1462 4108 1737 4177 propriam
1775 4119 1935 4164 natu-

355 4211 469 4249 ram
492 4195 791 4266 agendique
812 4197 918 4251 vim
951 4197 1253 4253 habebunt?
1272 4200 1362 4253 Ait
1378 4199 1700 4272 Eutliymius
1727 4221 1740 4256 :
1761 4203 1933 4269 Mens,

353 4279 495 4348 regis
524 4295 679 4335 mens
723 4291 827 4342 εει,
874 4282 1095 4337 necne?
1146 4282 1284 4339 Dicit
1323 4283 1666 4340 Saracenos:
1715 4285 1933 4356 Utique.

354 4369 678 4443 Euthymius
736 4386 750 4430 :
817 4372 1053 4428 Vrrbum
1107 4373 1227 4439 eius
1286 4383 1342 4428 et
1402 4374 1651 4444 spiritus,
1721 4377 1934 4448 regis-ne

2037 3205 2356 3274 κτισμάτων
2387 3197 2733 3267 γινώσκομεν
2783 3189 2881 3244 καὶ
2903 3190 2969 3244 τὰ
3003 3189 3108 3259 πρὸ
3152 3186 3365 3241 αἰώνων
3387 3223 3402 3238 .
3439 3185 3603 3252 Λέγει

2035 3299 2062 3351 ὁ
2092 3291 2402 3366 Σαρακηνὸς
2426 3303 2444 3319 ο
2489 3288 2613 3351 Πῶς
2651 3286 2809 3356 ὑμεῖς
2847 3282 3002 3352 φατὲ,
3045 3283 3127 3335 ὅτι
3158 3282 3186 3334 6
3207 3278 3606 3366 γεγεννημένος

2049 3365 2194 3448 ’Υἱὸς
2223 3386 2323 3438 οὐκ
2352 3376 2420 3448 ἧν
2471 3375 2708 3441 κτιστὸς,
2741 3372 2877 3426 ἀλλὰ
2921 3370 3256 3438 συνάναρχος
3281 3365 3359 3438 τῷ
3388 3365 3563 3434 Πατρι
3586 3377 3602 3428 ;

2041 3481 2187 3548 Ἐφη
2221 3478 2248 3530 6
2283 3472 2588 3544 Εὐθὺμιος·
2634 3467 2724 3520 Ἐν
2766 3465 2864 3536 μὲν
2917 3462 2994 3532 τῷ
3035 3459 3242 3528 κτιστῷ
3287 3460 3379 3511 καὶ
3427 3455 3607 3548 φθορᾷ

2039 3547 2326 3626 ὑπόκειται
2356 3565 2452 3619 καὶ
2483 3558 2792 3623 ἀλλοιώσει,
2823 3554 2917 3609 ἐπὶ
2946 3554 3002 3608 δέ
3031 3552 3089 3605 τὸ
3114 3552 3256 3604 θεῖον
3285 3549 3376 3602 καὶ
3406 3547 3607 3616 ἀπερί-

2035 3677 2281 3735 γραπτον
2323 3657 2432 3711 ἔδει
2481 3653 2541 3707 τὸ
2611 3651 2713 3720 τῆς
2768 3646 2976 3709 οἰκείας
3049 3643 3262 3713 φύσεως
3316 3636 3456 3692 εῖναι
3508 3638 3606 3691 καὶ

2036 3732 2291 3811 άκτιστον
2317 3750 2411 3804 καὶ
2450 3746 2808 3815 συνάναρχον.
2842 3741 3007 3808 Λέγει
3036 3739 3065 3791 6
3089 3733 3402 3807 Σαρακηνός
3427 3748 3444 3763 °
3475 3732 3606 3794 Πῶς

2038 3846 2257 3917 Πατέρα
2309 3842 2402 3897 xal
2449 3839 2579 3892 Υῑὸν
2628 3835 2723 3891 καὶ
2773 3834 2929 3902 ἅγιον
2960 3829 3180 3899 Πνεῦμα
3213 3827 3439 3893 λέγετε;
3489 3823 3604 3877 Kal

2037 3937 2160 3992 ἐπεὶ
2214 3935 2364 4004 τρεῖς
2417 3931 2605 3998 λέγετε
2626 3929 2670 3994 ¹,
2728 3925 2846 3988 πῶς
2899 3922 3108 3991 πέφυκε
3160 3917 3231 3972 τὰ
3279 3917 3409 3988 τρία
3469 3917 3603 3986 μιᾶς

2037 4029 2397 4089 ὑποστάσεως
2450 4025 2548 4078 καὶ
2601 4018 2848 4087 ἐξουσίας
2899 4012 3071 4080 εἷναι;
3107 4011 3347 4083 δηλονότι
3392 4011 3514 4064 καθ’
3545 4009 3603 4061 ἓν

2044 4123 2180 4176 ἰδίαν
2205 4120 2367 4189 φύσιν
2393 4117 2489 4170 καὶ
2539 4114 2822 4184 ἐνέργειαν
2855 4111 2988 4180 ἔχοι.
3034 4109 3181 4175 Ἔφη
3220 4105 3249 4157 6
3292 4103 3604 4171 Εὑθύμιος·

2035 4214 2178 4276 Νοῦς
2216 4210 2310 4265 τοῦ
2345 4208 2610 4280 βασιλέως
2654 4204 2779 4268 νοῦς
2814 4205 2988 4268 ἐστιν,
3023 4201 3054 4270 ἢ
3093 4197 3185 4261 οὓς
3215 4195 3380 4261 Λέγει
3433 4195 3461 4245 6
3497 4194 3606 4246 Σαο

2039 4303 2296 4378 ρακηνός·
2335 4301 2466 4355 Ναί.
2505 4299 2649 4368 Ἔφη
2680 4299 2707 4350 6
2747 4293 3050 4364 Εὐθύμιοςο
3095 4288 3202 4342 Kal
3240 4287 3398 4352 λόγος
3434 4282 3601 4378 αὐτοῦ

2036 4376 2129 4452 καὶ
2155 4397 2217 4450 τὸ
2247 4394 2465 4464 πνεῦμα
2513 4389 2779 4461 βασιλέως
2823 4386 2982 4447 εἰσιν,
3019 4384 3051 4452 ἢ
3087 4379 3148 4435 οὗ
3174 4397 3188 4445 ;
3248 4379 3412 4445 Λέγει
3438 4378 3467 4430 6
3495 4376 3605 4428 Σα-

352 4469 480 4514 sunt
511 4500 524 4522 ,
554 4475 620 4514 an
651 4462 851 4517 secus?
882 4461 1021 4516 Dicit
1051 4461 1356 4518 Saracenos
1384 4481 1396 4517 :
1427 4463 1570 4519 Sane
1596 4466 1737 4537 regis
1780 4475 1929 4521 sunt.

2040 4487 2296 4561 ρακηνόςο
2342 4461 2450 4539 Ναὶ
2497 4479 2762 4553 βασιλέως
2802 4475 2975 4531 εἰσιν.
3027 4475 3172 4542 Ἔφη
3221 4474 3250 4525 ὁ
3295 4468 3603 4561 Εὐθύμφξ.

352 4553 441 4607 Ait
470 4551 1006 4625 EuthymiuszEcce.
1059 4562 1119 4608 ut
1145 4555 1245 4620 ais,
1285 4555 1340 4609 in
1374 4570 1500 4625 rege
1553 4563 1662 4610 tres
1719 4565 1930 4613 natura:

351 4656 481 4701 sunt
502 4653 558 4700 et
592 4655 699 4701 tres
725 4647 914 4716 agendi
936 4647 1123 4702 vires?
1145 4645 1635 4702 DicitSaracenus:
1663 4647 1930 4716 Equidem

351 4741 407 4794 in
441 4755 565 4810 rege
588 4748 700 4795 tres
723 4751 852 4796 sunt
877 4740 1074 4813 agendi
1103 4740 1268 4809 vires,
1299 4743 1394 4796 sed
1421 4757 1559 4796 unus
1584 4756 1700 4796 rex.
1719 4740 1806 4795 Ait
1828 4739 1932 4797 Eu-

353 4832 593 4901 tliymius
619 4848 634 4887 :
666 4832 758 4888 Sic
792 4849 920 4905 ergo
954 4842 1008 4889 et
1037 4849 1138 4906 ego
1167 4833 1312 4889 baud
1343 4833 1530 4888 divido
1556 4849 1726 4888 unum
1761 4831 1930 4889 Deum

352 4926 406 4977 in
427 4925 811 4992 trcsdeos,sed
831 4941 1000 4981 unum
1017 4925 1187 4981 Deum
1215 4927 1340 4982 dico
1361 4941 1486 4982 cum
1515 4926 1694 4981 Verbo
1723 4935 1776 4981 et
1808 4926 1932 4997 Spi-

352 5017 460 5072 ritu
490 5055 503 5069 .

423 5129 457 5183 5
483 5167 498 5182 .
532 5128 675 5184 Dicit
706 5127 1012 5184 Saracenos
1047 5145 1062 5183 ι
1091 5129 1378 5194 Quomodo
1405 5127 1588 5184 dicitis
1619 5128 1789 5184 Deum
1839 5145 1934 5185 co-

353 5219 599 5289 pulatum
633 5217 984 5284 humanitati,
1017 5227 1072 5272 et
1109 5218 1254 5288 quod
1297 5217 1412 5288 ipse
1443 5219 1608 5273 homo
1632 5219 1935 5289 appellatus

355 5312 426 5366 sit
460 5309 649 5364 Deus?
680 5310 952 5380 quomodo
979 5311 1167 5366 divina
1199 5317 1394 5365 natura
1437 5310 1684 5365 terrestri
1723 5319 1936 5364 natura:

356 5405 506 5459 unita
537 5402 660 5458 est?
689 5400 972 5456 Undenam
1005 5402 1108 5458 hoc
1141 5400 1473 5457 ostenditis?
1500 5401 1696 5471 quibus
1729 5415 1792 5456 ex
1827 5401 1928 5456 mi-

355 5495 573 5560 raculis,
612 5504 708 5549 aut
733 5493 1108 5550 testimoniis?
1136 5494 1226 5550 Ait
1257 5493 1582 5565 Euthymius
1613 5509 1628 5546 :
1656 5491 1796 5558 Quid
1831 5491 1928 5547 tibi

354 5588 570 5643 videtur
597 5587 664 5645 de
699 5585 880 5658 Moyse
931 5596 1093 5658 atque
1163 5585 1346 5644 Isaia?
1387 5594 1629 5643 testesne
1680 5592 1931 5654 accepta-

469 5768 491 5800 ²
538 5767 660 5824 Sur.
687 5782 754 5840 iv,
790 5765 887 5825 169

2048 4558 2202 4646 Ἶδοῦ,
2227 4579 2305 4642 ώς
2347 4577 2546 4644 λέγεις,
2598 4573 2656 4626 ἐν
2687 4569 2766 4640 τῷ
2815 4566 3026 4638 βασιλεῖ
3058 4564 3206 4636 τρεῖς
3246 4561 3437 4629 φύσεις
3475 4558 3602 4621 εἰσι,

2037 4671 2131 4725 καὶ
2158 4671 2309 4739 τρεῖς
2363 4665 2656 4735 ἐνέργειαι.
2711 4658 2874 4726 Λέγει
2922 4657 2952 4708 6
2987 4649 3303 4724 Σαρακηνός
3332 4663 3346 4679 ·
3374 4649 3492 4739 7116a“:
3545 4648 3606 4739 ἐν

2038 4729 2373 4826 βασιλεῖσέν
2423 4729 2598 4817 τοότῳ
2647 4747 2780 4814 γοῦν
2824 4745 2974 4813 τρεῖς
3010 4741 3309 4809 ἐνέργειαι,
3359 4735 3494 4790 ἀλλὰ
3525 4729 3606 4797 εἷς

2039 4825 2314 4917 βασιλεὺς.
2373 4841 2432 4894 Ὀ
2457 4838 2729 4908 Εὑθύμιος
2757 4835 2894 4906 ἔφη’
2928 4832 3064 4890 Οὐδὲ
3085 4830 3196 4898 ἐγὼ
3250 4829 3470 4900 χωρίζω
3513 4825 3605 4917 τὸν

2037 4913 2133 4991 ἕνα
2157 4932 2290 4988 Θεὸν
2320 4932 2399 4994 εἰς
2426 4931 2573 5000 τρεῖς
2626 4928 2805 4993 θεοὺς,
2841 4921 2958 4979 ἀλλ’
2986 4923 3084 4977 ἕνα
3107 4920 3240 4973 Θεὸν
3270 4918 3415 4987 λέγω
3467 4913 3604 4986 μετὰ

2031 5029 2206 5097 Λόγου
2244 5023 2339 5079 καὶ
2375 5021 2515 5076 Πνεύ
2525 5035 2716 5091 ματος.

2103 5117 2162 5174 ε’.
2212 5118 2376 5186 Λέγει
2409 5116 2438 5168 6
2491 5111 2850 5184 Σαρακηνός’
2914 5107 3037 5171 Πῶς
3087 5105 3275 5174 λέγετε
3328 5103 3411 5156 ὅτι
3469 5099 3604 5164 Θεὸς

2032 5211 2213 5284 ηνώθη
2265 5212 2334 5280 τῇ
2395 5206 2798 5277 άνθρωπότητι,
2853 5205 2951 5257 καὶ
3002 5199 3170 5262 αὐτὸς
3228 5200 3256 5251 6
3316 5195 3608 5266 ἄνθρωπος

2031 5302 2238 5374 ἐκλήθη
2267 5299 2400 5363 Θεός
2431 5315 2446 5364 ;
2473 5295 2709 5360 καὶπῶς
2742 5294 2926 5366 ήνώθη
2962 5294 2996 5363 ἡ
3033 5291 3194 5344 οὐσία
3223 5287 3325 5357 τῆς
3351 5286 3610 5354 θεότητος

2029 5397 2098 5466 τῇ
2128 5393 2287 5463 χοῖκῇ
2317 5389 2478 5460 οὐσία
2502 5406 2518 5456 ;
2547 5386 2720 5443 Πόθεν
2748 5384 2900 5456 ἔχετε
2926 5383 3098 5447 δεῖξαι
3126 5378 3314 5444 τοῦτος
3349 5380 3414 5431 ἐκ
3436 5376 3609 5429 ποιων

2038 5485 2283 5558 σημείων
2317 5483 2412 5536 καὶ
2458 5483 2524 5534 ἐκ
2575 5479 2745 5532 ποίων
2800 5474 3157 5548 μαρτυριῶν;
3193 5471 3340 5542 Ἔφη
3373 5473 3401 5524 6
3436 5468 3614 5523 E606-

2042 5595 2161 5650 μιος
2178 5593 2192 5609 ο
2213 5577 2276 5630 Τί
2303 5591 2386 5628 σοι
2412 5573 2558 5627 δοκεῖ
2589 5573 2618 5624 6
2641 5569 2928 5642 προφήτης
2947 5564 3190 5634 Μωῦσῆς
3210 5565 3307 5618 καὶ
3337 5561 3609 5631 Ἦσαϊαςς
