4006 6248
311 297 389 359 9.5
1537 302 2000 366 DISPUTATIO
2048 303 2144 364 DE
2183 302 2379 366 FIDE.
3511 298 3584 362 26

313 414 503 468 δεκτοὶ
551 410 835 481 μάρτυρές
865 415 1026 479 εἰσιν,
1065 413 1098 486 ἥ
1133 413 1193 467 οὗ
1224 432 1239 481 ;
1268 413 1434 481 Λέγει
1490 415 1519 467 6
1550 415 1895 487 Σαρακηνός⁸

2002 416 2142 471 biles
2178 425 2327 478 sunt,
2373 414 2594 469 necne?
2625 414 2764 470 Dicit
2815 416 3121 471 Saracenus
3169 429 3184 470 :

313 503 449 559 Ναί.
496 503 635 571 Ἔῃη
676 502 992 572 Εὐθύμιος·
1042 506 1168 559 Ἐὰν
1209 507 1371 575 ἡμεῖς
1423 506 1575 576 μόνοι
1609 507 1708 578 τὴν
1760 510 1898 577 ἠμε-

318 598 491 667 τὲραν
520 595 742 665 Γραφὴν
774 596 1220 665 μαρτυρήσωμεν
1258 597 1432 668 ἁληθῆ
1489 592 1652 661 εἶναι,
1711 598 1899 668 φαινό-

328 690 478 764 μεθα
503 688 722 758 ψεῦσται
744 704 759 718 ⁸
812 687 932 740 ἐστι
985 689 1094 758 γὰρ
1121 690 1149 742 6
1181 692 1478 760 μαρτυρῶν
1528 691 1663 754 Θεὸς
1694 693 1757 744 ἐκ
1790 692 1900 745 τῶν

336 782 585 849 ἀπείρων
618 778 905 846 θαυμάτων
938 779 1048 831 τῶν
1082 781 1139 831 ἐν
1170 783 1291 844 ταῖς
1333 782 1682 850 Ἑκκλησίαις
1730 783 1891 853 ἡμῶν

344 872 631 941 γενομένων
652 887 666 900 ’
695 871 849 939 ὅμως
884 868 1027 924 εἴπω
1066 888 1149 924 σοι
1185 874 1273 925 καὶ⁵
1302 872 1369 925 δι’
1404 873 1471 943 ἢν
1505 874 1687 927 αἰτίαν
1711 873 1900 943 όμολο-

360 964 613 1035 γεῖταιδτι
657 962 687 1014 6
738 962 987 1024 διάϐολος
1042 962 1273 1031 ἄγγελος
1317 960 1385 1035 ἦν
1439 964 1668 1034 πρώτως
1721 964 1894 1016 Θεοῦ⁹

360 1058 440 1110 xxi
477 1055 681 1118 ἐξέπεσε
715 1055 833 1114 ναὶ,
884 1053 918 1124 ἧ
953 1052 1051 1119 οὓς
1108 1055 1272 1122 Λέγει
1304 1057 1331 1108 6
1386 1053 1722 1123 Σαρακηνός·
1761 1053 1891 1107 Ναί.

352 1147 476 1215 Ἔφη
527 1146 555 1196 6
608 1143 921 1214 Εὐθὺμιος·
978 1145 1094 1198 Καὶ
1146 1145 1331 1198 πεσὼν
1375 1146 1404 1197 6
1458 1143 1725 1208 διάϐολος,
1773 1144 1895 1197 τίνα

336 1238 599 1303 φθονήσας
646 1234 927 1304 ὲνίκησεν;
967 1235 1131 1301 Λέγει
1170 1236 1198 1287 6
1231 1233 1549 1304 Σαρακηνός
1574 1249 1588 1264 ·
1640 1233 1747 1287 Τὸν
1798 1232 1895 1287 ἄν·

330 1327 564 1397 θρωπον.
620 1326 763 1396 Ἔφη
810 1327 838 1376 6
869 1324 1182 1395 Εὐθύμιος·
1225 1324 1537 1396 Κηδόμενος
1567 1326 1595 1378 6
1623 1324 1757 1388 Θεὸς
1794 1324 1895 1395 τὴν

328 1418 487 1487 φύσιν
514 1418 625 1471 τῶν
657 1416 986 1487 ἀνθρώπων,
1022 1419 1124 1470 οὐκ
1152 1416 1337 1472 εἴασεν
1391 1416 1565 1487 αὐτὴν
1596 1434 1893 1487 τυραννου-

325 1510 486 1578 μὲνην
515 1509 623 1560 ὑπὸ
652 1508 744 1561 τοῦ
777 1509 1016 1575 Σατανᾶ,
1060 1508 1197 1563 ἀλλὰ
1247 1508 1582 1579 σωηριώδει
1610 1508 1894 1579 οἰκονομίᾳ

320 1600 494 1669 ήνὼθη
526 1602 597 1671 τῇ
644 1597 1052 1670 ἀνθρωπότητι,
1102 1600 1284 1663 καθὼς
1337 1600 1606 1671 ἀριδήλως
1649 1601 1697 1652 oi
1746 1600 1892 1667 ἄγιοι

316 1692 594 1759 προφῆται
623 1692 776 1759 ἡμᾶς
803 1690 1167 1746 διδάσκουσιν.
1201 1692 1403 1746 ’Δκουε
1435 1691 1528 1744 τοῦ
1562 1691 1887 1759 μεγαλοφω-

311 1783 535 1836 νοτάτου
567 1783 802 1836 Ἡσαΐου
813 1783 1119 1851 λέγοντος²’
1140 1782 1387 1837 Παιδίον
1410 1782 1703 1852 ἐγεννήθη
1720 1782 1887 1850 ἡμῖν,
1919 1760 1963 1818 Β

310 1876 434 1940 υίὸς
466 1875 567 1927 καὶ
600 1874 783 1944 ἐδόθη
816 1876 981 1944 ἡμῖν,
1007 1876 1106 1929 καὶ
1136 1875 1406 1930 καλεῖται
1442 1876 1509 1929 τὸ
1539 1875 1728 1944 ὄνομα
1781 1876 1886 1929 αὐ·-

305 1966 407 2019 τοῦ
442 1965 725 2035 μεγάλης
770 1965 1011 2033 βουλῆς
1041 1966 1348 2037 Ἄγγελος,
1410 1966 1553 2032 Θεὸς
1613 1965 1885 2033 ἰσχυρός,

301 2056 748 2125 ἐξουσιαστὴς,
769 2058 971 2127 ἅρχων
986 2058 1253 2127 εἰρήνης,
1282 2058 1485 2125 Πατὴρ
1502 2056 1609 2111 τοῦ
1632 2056 1892 2127 μέλλον-

303 2166 413 2215 τος
444 2150 680 2216 αἰῶνος.
729 2151 899 2222 Ὀρᾷς
926 2150 1044 2214 πῶς
1069 2152 1097 2203 6
1117 2151 1405 2220 προφήτης
1437 2148 1530 2203 καὶ
1553 2147 1765 2201 παιδίον
1794 2147 1890 2200 καὶ

302 2241 445 2295 Θεὸν
477 2243 773 2309 ἐκάλεσεν;
802 2242 913 2296 Καὶ
940 2245 968 2296 6
998 2242 1266 2311 Μωῡσῆς,
1304 2238 1761 2311 θεασάμενοςιτὴν
1799 2237 1894 2308 βά-

3240 413 3459 486 Utique.
3493 416 3587 472 Ait

2001 506 2326 578 Euthymius
2357 524 2369 559 :
2400 505 2457 561 Si
2490 522 2592 562 nos
2626 508 2724 562 soli
2758 507 3096 578 Scripturam
3128 518 3370 564 nostram
3404 522 3583 564 veram

2000 615 2122 657 esse
2159 608 2442 665 testemur,
2471 600 2762 655 mendaces
2808 600 3132 655 videbimur.
3170 599 3380 655 Etenim
3439 599 3584 654 Deus

2003 693 2373 749 testimonium
2414 694 2621 763 praebet
2654 708 2752 763 per
2781 693 3041 747 miracula
3075 692 3358 747 innumera
3388 691 3444 745 in
3476 691 3582 745 Ec-

1999 785 2181 840 elesiis
2218 784 2422 839 nostris
2451 792 2680 854 patrata.
2716 784 2996 853 Simulque
3028 785 3115 838 aio
3144 784 3263 849 tibi,
3296 799 3459 854 quam
3511 783 3582 837 ob

1998 892 2218 933 causam
2252 875 2573 939 aliirmetur,
2612 875 2887 931 diabolum
2943 884 3099 929 antea
3133 875 3299 930 fuisse
3329 876 3579 944 angelum

2004 968 2115 1024 Dei.
2177 967 2275 1023 Hie
2339 968 2621 1022 exciditne
2699 967 2819 1022 loco
2877 981 2998 1031 suo,
3052 982 3119 1020 an
3185 966 3395 1021 secus?
3444 963 3584 1020 Dicit

2001 1058 2340 1114 Saracenus:
2372 1059 2581 1113 Excidit
2613 1096 2628 1112 .
2664 1058 2753 1112 Ait
2783 1056 3144 1127 Euthymius:
3175 1056 3293 1110 iam
3326 1054 3577 1108 diabolus

1998 1152 2119 1205 loco
2150 1166 2250 1205 suo
2281 1160 2482 1215 motus,
2511 1164 2804 1219 quemnam
2842 1148 3046 1202 invidia
3076 1148 3319 1217 percitus
3353 1159 3584 1214 supera-

1999 1243 2093 1298 vit.
2155 1242 2292 1297 Dicit
2318 1242 2625 1298 Saracenus
2654 1260 2668 1294 :
2704 1240 2991 1295 Hominem
3017 1279 3031 1293 .
3065 1239 3154 1292 Ait
3198 1236 3526 1308 Euthymius
3560 1253 3575 1291 :

1993 1335 2106 1405 Age
2138 1348 2266 1387 vero
2301 1333 2441 1388 Deus
2473 1343 2681 1387 natura:
2704 1332 2954 1386 humanae
2976 1346 3161 1385 curam
3190 1343 3407 1399 gerens,
3433 1325 3579 1381 haud

1994 1424 2123 1478 sivit
2150 1438 2269 1477 eam
2298 1426 2577 1495 tyrannico
2599 1425 2726 1495 iugo
2753 1439 2782 1477 a
2812 1423 3011 1477 Satana
3059 1420 3363 1492 premi,sed
3379 1419 3584 1473 saluta-

1996 1518 2043 1571 ri
2074 1518 2379 1572 meonomia
2409 1518 2586 1571 univit
2613 1531 2672 1571 se
2709 1514 3054 1578 humanitati,
3090 1520 3232 1567 sicut
3266 1527 3368 1567 nos
3398 1510 3581 1564 mani-

1995 1607 2135 1663 feste
2168 1609 2457 1677 prophetae
2500 1609 2676 1663 sancti
2721 1608 2921 1662 docent
2953 1646 2967 1661 .
3003 1607 3142 1661 Audi
3172 1606 3581 1661 voealissimum

1996 1697 2187 1755 lsaiam
2236 1698 2552 1752 dicentem:
2602 1697 2867 1750 Parvulas
2923 1709 3079 1749 natus
3125 1705 3199 1749 est
3230 1695 3400 1757 nobis,
3440 1693 3583 1761 ﬁlius

1992 1790 2149 1843 datus
2173 1798 2247 1843 est
2279 1790 2423 1843 nobis
2445 1807 2464 1853 ;
2490 1800 2537 1842 et
2565 1798 2780 1842 vocatur
2806 1805 2989 1843 nomen
3016 1789 3129 1857 ejus
3162 1787 3342 1855 magni
3367 1783 3580 1837 consilii

1990 1881 2244 1950 Angelus,
2278 1879 2420 1933 Deus
2469 1881 2619 1951 fortis
2640 1920 2655 1942 ,
2688 1889 2891 1949 potens,
2927 1878 3182 1946 Princeps
3213 1877 3383 1945 pacis,
3422 1871 3586 1924 Pater

1993 1962 2159 2032 futuri
2215 1972 2395 2026 surculi
2417 1972 2457 2026 ³.
2527 1968 2710 2025 Vidcn‘
2743 1979 2802 2023 ut
2828 1969 3094 2038 Propheta
3126 1976 3181 2020 et
3216 1963 3502 2018 Parvulum
3532 1968 3587 2014 et

1994 2061 2163 2115 Deum
2222 2062 2477 2116 vocavit?
2508 2062 2638 2115 item
2673 2061 2739 2115 de
2767 2060 2946 2128 Meyse
2965 2059 3157 2113 rubum
3184 2056 3464 2110 ardentem
3488 2067 3588 2106 nec

1998 2160 2182 2206 tamen
2210 2152 2555 2206 combustum
2588 2160 2890 2219 spectante,
2918 2149 3047 2217 quid
3078 2148 3171 2202 tibi
3203 2142 3463 2200 videtur?
3492 2141 3586 2196 Di-

1999 2254 2241 2311 gnumne
2281 2240 2418 2295 satis
2454 2240 2561 2295 tale
2592 2239 2914 2294 miraculum
2935 2237 3221 2291 divinitate
3239 2242 3344 2300 est,
3372 2232 3589 2290 necne?

298 2352 390 2388 τον
429 2333 744 2404 καιομένην
798 2332 1003 2405 καὶμὴ
1061 2333 1567 2403 καταφλεγομένην,
1620 2330 1674 2383 τί
1738 2347 1821 2384 σοι
1872 2328 2055 2397 δοκετ;
2109 2329 2290 2395 ’Λξιόν
2350 2331 2466 2384 ὲστι
2503 2330 2564 2384 τὸ
2618 2330 2830 2384 τοιοῦτο
2892 2328 3077 2399 θαῦμα
3117 2329 3437 2400 πρεπόντως
3488 2322 3591 2398 τῆς

304 2424 600 2493 θεότητος,
640 2423 674 2494 ἢ
701 2421 764 2475 οὔ
791 2439 806 2488 ;

368 2514 459 2581 ς’.
494 2515 665 2583 Λέγει
698 2516 726 2567 6
761 2516 1083 2587 Σαρακηνός
1107 2529 1122 2546 ⁸
1150 2515 1262 2569 Καὶ
1292 2515 1410 2579 πῶς
1433 2511 1502 2587 ἦν
1526 2514 1752 2570 δυνατὸν
1779 2513 1891 2584 ψη·-

297 2607 557 2677 ὶαερητδν
590 2606 845 2675 γενέσθαι
871 2608 961 2661 τὸν
988 2607 1119 2661 Θεὸν
1154 2611 1212 2661 ὲν
1241 2606 1319 2678 τῷ
1346 2604 1621 2677 ἀνθρώπῳ
1648 2621 1665 2637 ⁸
1689 2606 1785 2658 καὶ
1815 2606 1891 2675 μὴ

300 2697 718 2767 ἅλλοιωθῆναι;
769 2699 913 2768 Ἔφη
942 2701 970 2751 6
995 2698 1266 2769 Εὑθύμιος
1292 2714 1305 2728 ·
1346 2698 1560 2766 Ὠσπερ
1601 2696 1709 2765 γὰρ
1741 2695 1893 2748 ἑνοῦ-

303 2807 400 2842 ται
445 2788 521 2859 τῷ
555 2790 764 2859 σιδήρῳ
794 2789 855 2842 τὸ
886 2789 998 2859 πῦρ
1020 2806 1035 2820 ’
1068 2792 1162 2844 καὶ
1213 2791 1307 2843 ποτ
1338 2789 1438 2859 μὲν
1465 2791 1681 2859 ἐνεργεῖ
1712 2790 1745 2856 ἠ
1793 2786 1894 2855 φύ-

2068 2513 2101 2567 6
2129 2553 2143 2568 .
2180 2512 2323 2567 Dicit
2381 2511 2692 2567 Saracenus
2722 2527 2735 2566 :
2770 2510 3055 2577 Quomodo
3080 2510 3226 2565 Deus
3259 2510 3374 2564 ﬁeri
3412 2511 3589 2579 potuit

1995 2606 2278 2678 palpabilis
2309 2607 2361 2659 in
2390 2604 2630 2669 homine,
2660 2619 2763 2658 nec
2787 2613 2967 2658 tamen
3005 2601 3324 2657 immutari?
3352 2600 3442 2654 Ait
3479 2600 3590 2654 Eu-

1998 2698 2248 2769 thymius
2282 2714 2296 2749 :
2328 2696 2482 2751 Sicut
2519 2696 2712 2750 unitur
2761 2695 2907 2749 ferro
2936 2696 3122 2764 ignis:
3177 2705 3232 2749 et
3280 2695 3418 2765 ignis
3464 2694 3587 2763 qui—

2001 2792 2124 2847 dem
2156 2805 2277 2859 qua:
2321 2798 2449 2843 sunt
2497 2788 2638 2859 ignis
2692 2797 2971 2858 operatur,
3031 2787 3233 2841 l'errum
3288 2788 3415 2841 item
3469 2802 3588 2856 quae

303 2899 393 2944 σις
432 2881 504 2934 τὰ
548 2880 644 2934 τοῦ
680 2880 873 2951 πυρὸς,
909 2884 999 2934 ποῖ
1043 2881 1099 2934 δὲ
1120 2883 1148 2934 6
1178 2882 1394 2953 σίδηρος
1426 2882 1495 2936 τὰ
1516 2882 1709 2945 οἰκεῖα,
1742 2878 1890 2932 οὕτω

2002 2883 2115 2951 ejus
2148 2890 2275 2937 sunt
2309 2880 2535 2951 propria
2564 2897 2579 2945 ;
2633 2887 2689 2933 et
2765 2879 2907 2933 sicut
2941 2879 3120 2933 anima
3153 2879 3434 2949 spiritalia,
3469 2895 3591 2932 cor-

304 2973 414 3025 κειὶ
452 2974 487 3042 ὴ
517 2970 667 3040 ψυχὴ
695 2972 762 3024 τὰ
792 2971 934 3035 θεῖα,
969 2973 1062 3025 καὶ
1095 2972 1161 3037 δὴ
1189 2973 1249 3025 τὸ
1279 2973 1438 3042 σῶμα
1463 2972 1533 3024 τὰ
1582 2969 1677 3025 τοῦ
1708 2970 1893 3041 σώμα-

2002 2991 2105 3046 pus
2161 2990 2281 3044 quae
2334 2982 2465 3028 sunt
2514 2973 2731 3043 corpori
2783 2988 3066 3041 congrua;
3119 2972 3190 3025 ita
3247 2971 3301 3025 in
3367 2970 3588 3025 Christo

298 3080 401 3126 τος
426 3078 446 3093 ⁸
478 3062 623 3115 οὕτω
685 3062 750 3133 δὴ
800 3065 896 3117 καὶ
932 3065 1023 3117 ἐπὶ
1073 3063 1166 3118 τοῦ
1226 3062 1467 3136 Χριστοῦ
1520 3065 1782 3133 γέγονεν’
1816 3064 1890 3126 ὼς

2002 3066 2392 3131 usuveniebat,
2438 3076 2497 3120 ut
2542 3065 2681 3120 Deus
2754 3064 2969 3131 divina,
3005 3072 3065 3119 ut
3121 3064 3283 3118 homo
3354 3064 3588 3118 humana

296 3156 455 3218 Θεὸς
490 3156 714 3227 ἐνήργει
748 3155 818 3209 τὰ
872 3156 1013 3219 θεῖα,
1062 3157 1157 3211 καὶ
1210 3158 1284 3220 ὡς
1332 3155 1617 3225 ἅνθρωπος
1671 3156 1890 3227 ἐνήργει

2002 3158 2224 3225 agebat;
2261 3170 2316 3211 et
2346 3157 2517 3211 amba:
2562 3166 2776 3210 natura:
2809 3156 3171 3225 proprietates
3201 3169 3328 3209 suas
3380 3155 3589 3208 retine-

294 3250 377 3302 τὰ
463 3246 828 3318 ἀνθρώπινα·
902 3250 997 3301 καὶ
1070 3250 1396 3318 συνετήρουν
1478 3250 1546 3302 τὰ
1608 3247 1893 3318 ἀμφότερα

2002 3248 2142 3302 bant.
2182 3247 2322 3302 Dicit
2374 3245 3023 3311 Saracenus:Quoniam
3082 3254 3193 3300 tres
3246 3244 3403 3308 dicis,
3455 3258 3591 3313 qua-

298 3336 611 3407 ιδιώματα.
668 3338 1263 3409 ΛέγειόΣαρακηνός·
1313 3340 1476 3409 Τρεῖς
1530 3337 1721 3404 εἰπὼν,
1767 3339 1894 3392 δυν-

298 3433 423 3502 ήσῃ
482 3432 663 3483 εἰπεῖν
730 3431 830 3484 καὶ
884 3430 1161 3501 τέσσαρας
1234 3432 1328 3484 καὶ
1392 3430 1578 3488 πέντε.
1651 3430 1797 3501 Ἔφη
1864 3432 1895 3485 6

300 3523 638 3593 Εὐθύμιος·
715 3521 805 3576 Ἔν
861 3521 941 3591 τῷ
1006 3522 1278 3593 ἀνθρώπῳ
1340 3522 1508 3574 εἰπὼν
1581 3522 1738 3591 λόγον
1792 3524 1896 3576 ικαὶ

303 3615 565 3684 πνεῦμα,
631 3614 835 3685 δυνήσῃ
893 3614 991 3667 καὶ
1040 3613 1227 3685 ἕτερον
1288 3614 1600 3685 προσθεῖναί
1647 3631 1739 3680 τις
1788 3615 1891 3667 Λέ-

305 3724 405 3775 γει
432 3706 463 3758 6
492 3705 838 3776 Σαρακηνόςο
900 3704 1058 3773 Οὐχί.
1130 3702 1298 3760 Εἶπεν
1328 3708 1355 3760 6
1415 3706 1720 3776 Εὐθύμιος’
1758 3706 1894 3760 Οὐδὲ

310 3797 435 3865 ἐγὼ
464 3797 658 3867 τίθημι
682 3797 1003 3868 προσθήκην
1038 3799 1095 3849 ὲν
1119 3800 1184 3868 τῇ
1216 3797 1349 3868 ἁγίᾳ
1386 3798 1596 3868 Τριάδι.
1649 3798 1815 3866 Λέγει
1864 3799 1894 3851 6

316 3890 647 3960 Σαρακηνός
670 3906 685 3919 ·
710 3891 819 3945 Καὶ
842 3888 933 3944 διὰ
987 3891 1039 3942 τί
1073 3889 1290 3959 γλυπτὰ
1347 3889 1478 3953 ξύλα
1514 3893 1893 3958 προσκυνεῖτε,

322 3983 437 4035 καὶ
472 3981 681 4043 εἰκόνας
740 3982 1097 4052 προσκυνεῖτε
1157 3978 1515 4049 θεοπρεπῶς;
1556 3980 1701 4048 Ἔφη
1733 3982 1761 4032 6
1798 3981 1899 4031 Εὑ-

336 4069 578 4138 θύμιος·
642 4068 698 4121 Ὀ
732 4070 820 4123 τὸν
875 4070 1203 4140 χαρακτῆρα
1238 4068 1341 4137 τῆς
1370 4067 1580 4130 εἰκόνος
1615 4068 1710 4121 τοῦ
1742 4068 1898 4138 βασι-

321 4158 473 4220 λέως
508 4156 677 4226 τιμῶν
732 4160 826 4214 καὶ
874 4157 1196 4230 προσκυνῶν
1246 4158 1327 4221 εις
1370 4159 1540 4229 τιμὴν
1585 4157 1681 4210 τοῦ
1740 4157 1897 4228 βασι-

316 4251 465 4311 λέως
501 4250 647 4301 ποιεῖ
681 4249 819 4320 ἢεὶς
849 4251 1111 4319 ἀτιμίαν;
1142 4249 1308 4318 Λέγει
1334 4251 1362 4302 6
1396 4249 1750 4321 Σαρακηνός·
1804 4251 1898 4312 Et;

317 4342 521 4413 τιμήν.
578 4340 722 4410 Ἔφη
758 4343 787 4393 6
832 4342 1129 4411 Εὑθύμιος⁸
1160 4342 1270 4396 Καὶ
1300 4343 1465 4410 ἡμεῖς
1488 4342 1567 4404 εἰς
1595 4342 1762 4412 τιμὴν
1788 4342 1897 4395 τῶν

1998 3350 2120 3395 ιυοι·
2169 3340 2331 3395 etiam
2389 3340 2573 3395 dicere
2629 3340 2832 3409 poteris
2892 3348 2946 3393 et
3000 3339 3129 3393 item
3183 3339 3441 3409 quinque.
3498 3339 3590 3391 Ait

1998 3432 2355 3505 Euthymius:
2387 3431 2442 3485 In
2471 3432 2689 3486 homine
2734 3446 2856 3485 cum
2890 3431 3093 3485 dixeris
3117 3431 3342 3485 verbum
3398 3440 3451 3484 et
3479 3431 3588 3498 spi-

1998 3526 2182 3590 ritum,
2210 3524 2488 3595 poterisne
2534 3532 2589 3578 et
2645 3522 2790 3577 aliud
2814 3523 3106 3593 quidquam
3140 3522 3373 3591 adjicere
3398 3521 3421 3573 ?
3449 3518 3588 3572 Dicit

1998 3617 2340 3675 Saracenus:
2390 3616 2765 3687 Nequaquam.
2811 3619 2903 3670 Ait
2952 3615 3277 3684 Euthymins
3314 3633 3326 3665 :
3362 3612 3441 3665 Ne
3483 3628 3583 3681 ego

2002 3710 2226 3775 quidem
2256 3710 2424 3765 ullum
2448 3709 2590 3765 facio
2618 3709 3047 3764 additamentum
3077 3714 3275 3759 sanctae
3302 3702 3578 3757 Trinitati.

1999 3800 2141 3856 Dicit
2189 3798 2494 3855 Saracenus
2519 3800 2585 3855 δι
2619 3800 2731 3855 Cur
2773 3801 2916 3869 ligna
2959 3798 3169 3865 sculpta
3221 3795 3489 3858 adoratis,
3527 3802 3583 3847 et

2003 3904 2191 3959 parem
2239 3888 2353 3942 Deo
2382 3889 2588 3941 cultum
2643 3887 2971 3958 imaginibus
3019 3885 3306 3940 tribuitis?
3351 3886 3439 3938 Ait
3479 3884 3586 3937 Eu-

2001 3981 2238 4051 thymius
2262 3999 2275 4034 :
2302 3979 2404 4046 Qui
2436 3980 2576 4052 regis
2602 3980 2892 4051 imaginem
2922 3980 3151 4033 honorat
3176 3992 3239 4031 ac
3268 3986 3579 4035 veneratur.

2001 4074 2106 4130 hoc
2137 4074 2251 4143 agit
2321 4089 2390 4127 ne
2425 4082 2485 4127 ut
2538 4088 2719 4144 regem
2780 4072 3013 4126 honoret
3053 4086 3120 4124 an
3160 4079 3217 4123 ut
3255 4068 3585 4123 dedecoret?

2005 4167 2141 4222 Dicit
2169 4168 2513 4221 Saracenus:
2542 4165 2613 4220 Ut
2644 4166 2894 4219 honoret.
2944 4164 3029 4218 Ait
3081 4163 3403 4233 Euthymius
3432 4177 3444 4212 :
3474 4159 3583 4214 Nos

2001 4273 2216 4329 quoque
2242 4268 2456 4313 sanctas
2488 4257 2750 4328 imagines
2763 4257 2983 4311 honoris
3012 4270 3173 4309 causa
3224 4268 3581 4311 veneramur:

2003 4364 2180 4418 neque
2211 4358 2392 4403 tamen
2431 4350 2563 4404 deos
2597 4365 2663 4402 ex
2699 4347 2783 4402 his
2818 4347 3068 4409 iacimus,
3129 4354 3186 4399 ut
3239 4360 3333 4399 vos
3374 4344 3577 4397 dicitis.

322 4436 502 4501 ἁγίων
535 4434 764 4486 εἰκόνων
816 4433 1231 4504 προσκυνοῦμεν
1271 4434 1463 4498 αὐτὰς,
1518 4434 1612 4488 καὶ
1664 4435 1724 4488 οὐ
1781 4435 1897 4488 θεο-

2009 4439 2148 4495 Dicit
2178 4440 2518 4496 Saracenus:
2549 4443 2658 4497 Cur
2693 4457 2887 4507 panem
2918 4442 3211 4507 vinumque
3247 4438 3494 4492 miscetis
3525 4446 3579 4490 et

324 4526 637 4596 ποιούμεθα
660 4526 883 4591 ταύτας,
917 4526 993 4590 ὼς
1028 4527 1185 4596 ὑμεῖς
1229 4527 1440 4595 λέγετε.
1471 4528 1634 4595 Λέγει
1656 4530 1683 4580 6
1712 4529 1898 4597 Σαρα-

323 4620 516 4689 κηνόςσ
563 4620 668 4672 Διὰ
707 4618 760 4671 τί
794 4619 1020 4688 μίγνυτε
1052 4618 1145 4671 τὸν
1176 4619 1342 4688 ἄρτον
1368 4621 1465 4672 καὶ
1492 4620 1584 4673 τὸν
1614 4614 1777 4681 οἶνον,
1807 4621 1902 4674 καὶ

332 4709 690 4778 μεταδιδόατε
719 4711 831 4772 τοῖς
856 4707 1166 4777 ἀνθρώποις
1205 4709 1456 4777 λέγοντες
1482 4710 1568 4763 ὃτι
1595 4709 1755 4780 σῶμα
1806 4712 1903 4765 καὶ

333 4797 470 4869 αἷμά
503 4803 623 4853 ἐστι
659 4798 756 4853 τοῦ
802 4800 1083 4871 Χριστοῡ;
1116 4800 1239 4862 Πῶς
1267 4801 1493 4855 δυνατὸν
1524 4801 1782 4870 γενέσθαι
1810 4803 1902 4855 τὸν

324 4896 496 4964 ἄρτον
527 4893 716 4963 σῶμα,
740 4893 835 4946 καὶ
866 4893 957 4945 τὸν
988 4889 1131 4946 οἶνον
1157 4888 1335 4963 αἷμας
1366 4894 1511 4964 Ἔφη
1536 4897 1564 4948 ό
1594 4895 1865 4965 Εὑθύμιος
1883 4911 1901 4930 ο

329 4985 493 5056 Παρὰ
522 4986 635 5039 τῶν
687 4984 991 5056 ἀνθρώπων
1028 4984 1360 5055 βοσκόμενος
1398 4985 1558 5055 ἄρτος
1590 4986 1645 5040 τι
1694 4987 1905 5055 γίνεται

325 5079 385 5130 ἐν
404 5076 490 5147 τῷ
517 5076 832 5151 ἀνθρώτιῳ;
885 5076 1068 5146 σῶμα,
1118 5076 1369 5148 ῆὲτερόν
1402 5094 1456 5130 τι
1481 5077 1592 5149 (2);
1652 5078 1818 5146 Λέγει
1874 5081 1904 5132 6

324 5169 669 5240 Σαρακηνός⁶
704 5170 1047 5239 Σῶμα.Ἔφη
1079 5170 1107 5221 6
1139 5170 1436 5240 Εὑθύμιος·
1466 5172 1575 5225 Καὶ
1606 5172 1723 5235 πῶς
1742 5172 1905 5225 δυνα-

323 5261 415 5313 eo.
472 5262 618 5331 κρέα
660 5260 862 5314 ἐσθίειν
893 5261 985 5314 τὸν
1023 5260 1312 5331 ἄνθρωπον
1350 5261 1471 5333 (5);
1511 5262 1593 5316 Τὰ
1623 5264 1733 5335 γὰρ
1759 5264 1903 5318 κατὰ

324 5352 495 5422 φύσιν
524 5352 805 5416 ἀδυνάτως
870 5352 1055 5423 ἔχουσι
1107 5352 1365 5421 γενέσθαι
1431 5354 1584 5424 παρὰ
1618 5354 1821 5423 φύσινο
1873 5358 1901 5409 6

399 5468 422 5500 ³
461 5468 567 5524 lsa.
600 5485 677 5536 ιι,
711 5469 766 5524 6.
874 5470 896 5500 ⁵
926 5467 1052 5524 Sur.
1085 5485 1137 5535 v,
1160 5467 1249 5523 99.

402 5610 480 5680 (2)
511 5610 716 5665 Confer
737 5610 877 5680 apud
925 5610 1238 5665 Gretserum
1283 5624 1409 5679 opp.
1435 5616 1477 5664 t.
1525 5608 1635 5673 XV,
1672 5592 1890 5679 p.160,

335 5682 482 5763 paria
508 5681 658 5763 dicta
689 5680 1042 5763 abAbttcara
1074 5682 1126 5734 in
1176 5680 1398 5763 Dialogo
1421 5694 1543 5760 eum
1584 5680 1890 5763 §araceuo.

405 5751 482 5823 ('5)
504 5750 705 5808 Confer
736 5750 932 5808 similia
952 5750 1222 5808 dicentem
1236 5747 1494 5823 Cyrillum
1511 5750 1565 5805 in
1581 5747 1887 5813 Comment.

2006 4535 2322 4592 hominibus
2350 4537 2681 4592 distribuitis
2720 4537 2967 4590 dicentes
3017 4548 3216 4602 corpus
3252 4548 3317 4586 ac
3366 4531 3583 4599 sangui-

2006 4641 2131 4681 nem
2162 4627 2364 4683 Christi
2392 4644 2513 4683 esse
2533 4627 2556 4679 ?
2580 4626 2859 4692 Quomodo
2887 4626 3039 4694 panis
3067 4637 3282 4690 corpus,
3318 4630 3372 4674 et
3398 4621 3582 4672 vinum

2008 4718 2231 4788 sanguis
2260 4718 2397 4772 etlici
2450 4718 2671 4788 potest?
2698 4718 2786 4771 Ait
2819 4716 3179 4787 Euthymius:
3221 4713 3304 4767 Ab
3347 4711 3582 4766 homini-

2007 4808 2109 4863 bus
2133 4811 2493 4864 manducatus
2521 4811 2694 4879 panis,
2725 4810 2852 4878 quid
2886 4808 2945 4861 iit
2973 4808 3027 4861 in
3062 4805 3328 4860 homine?
3359 4820 3587 4873 corpus-

2011 4915 2108 4964 ne,
2137 4918 2206 4956 an
2234 4900 2379 4955 aliud
2408 4899 2656 4968 aliquid?
2687 4900 2822 4954 Dicit
2856 4897 3164 4953 Saracenus
3189 4915 3204 4950 ι
3235 4896 3467 4962 Corpus.
3496 4895 3584 4947 Ait

2014 4996 2376 5067 Euthymius:
2424 4994 2490 5047 Et
2522 4992 2792 5060 quomodo
2825 4990 2939 5044 fieri
2975 4997 3158 5058 posset
3187 4997 3246 5041 ut
3272 4986 3433 5041 homo
3463 5000 3584 5039 car-

2011 5099 2138 5139 nem
2168 5080 2392 5136 ederet?
2429 5079 2637 5134 Etenim
2671 5093 2790 5148 qua:
2819 5078 3118 5131 secundum
3150 5085 3399 5129 naturam
3429 5081 3580 5136 sunt,

2011 5194 2077 5233 ea
2103 5184 2297 5232 contra
2336 5182 2465 5229 natu
2477 5188 2591 5226 ram
2618 5171 2733 5225 fieri
2758 5177 3061 5239 nequeunt.
3080 5168 3213 5222 Nam
3235 5166 3390 5235 panis
3419 5179 3579 5233 quem

2016 5285 2116 5325 nos
2164 5283 2290 5323 cum
2346 5264 2651 5322 reverentia
2701 5262 3000 5325 sumimus,
3051 5275 3151 5328 per
3228 5257 3462 5312 infusam
3522 5254 3576 5308 ei

2010 5363 2239 5433 gratiam
2274 5359 2332 5415 ﬁt
2360 5359 2556 5414 animae
2608 5357 2989 5412 indumentum
3022 5366 3077 5409 et
3106 5354 3199 5408 lux
3223 5392 3237 5407 .

2000 5612 2067 5666 ad
2125 5609 2259 5666 Luc.
2296 5628 2430 5675 xm,
2488 5614 2589 5682 i9,
2632 5613 2775 5682 apud
2807 5628 2907 5668 nos
2952 5614 3008 5667 in
3058 5611 3164 5666 alio
3190 5607 3467 5682 volumine
3510 5623 3566 5678 p.

1996 5683 2122 5747 417,
2154 5698 2351 5751 nempe
2380 5683 2525 5751 quod
2551 5679 2801 5738 Christus
2848 5683 3050 5738 idcirco
3080 5683 3180 5736 sub
3200 5680 3325 5745 alia,
3389 5679 3442 5735 id
3472 5688 3559 5735 est

1994 5753 2176 5823 panis,
2212 5752 2395 5823 specie
2420 5752 2814 5809 Eucharistiam
2841 5752 2998 5810 nobis
3029 5751 3317 5808 obtulerit.
