4006 6248
277 321 346 382 29
1482 331 1841 393 DISPU'BA'I

1973 333 2070 394 DE
2111 333 2318 394 FIDE.
3444 325 3529 396 3'0“

279 433 552 502 Εὑθύμιος
577 446 593 461 ⁹
636 432 766 496 Θεὸς
798 432 905 504 γὰρ
933 436 960 487 6
1007 433 1176 492 θέλων
1202 436 1310 490 τῶν
1337 438 1554 492 πάντων
1584 457 1685 509 την
1733 457 1841 494 σω-

1949 442 2102 511 pibus
2135 443 2392 498 delectari
2439 441 2858 514 cogitationibus
2881 479 2896 507 ,
2945 441 3268 511 actibusque
3293 481 3308 507 ,
3337 449 3394 496 et
3423 441 3530 496 Sac

271 525 459 596 τηρέαν
521 525 628 577 οὐκ
658 524 810 578 εἴασε
857 525 946 578 τὸν
981 527 1264 597 ἄνθρωπον
1310 530 1681 600 ἐμπαίζεσθαι
1721 536 1838 596 τοῖς

277 619 512 687 αἰσχροῖς
542 616 831 699 λογισμοῖς
883 621 978 672 καὶ
1021 620 1253 690 πράξεσι
1302 624 1394 675 καὶ
1443 625 1564 686 ταῖς
1618 625 1842 677 Σατανι·

281 714 387 772 καίς
414 709 732 779 ἐργασίαις,
760 710 895 763 ἀλλὰ
926 710 1016 765 διὰ
1043 712 1144 782 τῆς
1175 714 1460 785 παρούσης
1508 715 1842 786 ἐξομολογή-

291 819 414 862 seu);
437 799 669 853 κτᾶσθαι
699 803 792 854 καὶ
824 804 1217 859 συστέλλεσθαι
1253 807 1349 859 καὶ
1397 807 1573 862 ποιεῖν
1625 807 1841 878 ἀποχὴ-ι

301 892 387 947 τοῦ
414 889 588 943 κακοῦ.
640 892 804 956 Λέγει
837 893 865 945 6
910 894 1274 964 Σαρακηνόςο
1316 895 1416 949 Διὰ
1469 896 1521 948 τί
1571 897 1631 949 ὲν
1663 895 1843 967 καιρῷ

316 985 382 1038 τοῦ
408 983 632 1036 θανάτου
687 985 1204 1054 μεταλαμϐάνοντες
1262 986 1450 1056 λέγετε
1487 989 1568 1040 ὅτι
1609 985 1840 1057 Μέτοχοί

318 1080 434 1142 ἐσμεν
488 1075 590 1127 τοῦ
642 1075 1011 1146 παραδείσου;
1075 1078 1221 1147 Ἔφη
1281 1080 1309 1130 6
1367 1077 1676 1146 Εὑθύμιος·
1730 1077 1838 1129 Οὐ·

301 1168 373 1228 ἐεξ
416 1166 646 1218 δύναται
685 1167 946 1221 εἰσελθεῖν
993 1169 1050 1222 ἐν
1106 1173 1171 1239 τῇ
1218 1169 1366 1241 οἰκίᾳ
1411 1169 1504 1222 τοῦ
1562 1169 1831 1239 βασιλέως

293 1259 358 1309 καὶ
385 1256 463 1326 τῷ
509 1257 726 1325 βασιλεί
785 1277 850 1311 συ
865 1259 1228 1331 γκαθευδῆσαι
1283 1259 1379 1313 καὶ
1425 1259 1828 1325 συνεστιᾶσθαι,

1944 535 2140 589 tanicis
2169 535 2426 604 operibus
2456 576 2469 598 ,
2505 535 2600 589 sed
2638 544 2899 604 promptae
2949 534 3316 590 confessionis
3358 548 3524 588 occa:

1943 629 2098 683 sione
2137 627 2348 688 oblata,
2391 627 2602 680 ruinam
2663 627 2922 682 cohibere
2950 627 3198 689 curavit,
3231 634 3286 680 et
3318 641 3348 680 a
3375 625 3532 680 malo

1944 719 2356 771 conversionem
2392 717 2590 770 facere.
2646 717 2785 771 Dicit
2816 715 3120 772 Saracenos
3152 735 3167 774 :
3197 716 3308 770 Cur
3332 716 3518 770 obitus

1947 818 2190 876 tempore
2224 811 2722 872 communicantes,
2760 809 2945 863 dicitis
2986 825 3079 864 vos
3133 807 3365 877 paradisi
3401 806 3519 861 ﬁeri

1945 898 2285 968 participes?
2339 900 2429 955 Ait
2475 899 2831 971 Euthymius:
2904 899 3076 955 Nemo
3139 907 3318 970 potest
3377 899 3533 969 regis

1944 989 2164 1044 domum
2198 989 2404 1060 ingredi
2430 1031 2444 1052 ,
2477 999 2533 1044 et
2563 991 2680 1058 regi
2704 991 2948 1043 assidere
2973 1005 3094 1042 cum
3124 1003 3298 1058 eoque
3330 988 3519 1058 epula-

1941 1080 2022 1143 ri,
2057 1081 2160 1136 nisi
2205 1091 2405 1136 vestem
2451 1082 2650 1152 regiam
2719 1081 3039 1152 gestaverit,
3091 1081 3314 1149 ejusque
3356 1077 3519 1132 fami-

1945 1170 2101 1226 iiaris
2143 1173 2232 1227 sit.
2289 1173 2575 1227 Hominem
2635 1173 2834 1242 quippe
2895 1171 3172 1233 alienum,
3248 1185 3361 1228 non
3419 1183 3517 1224 rex

1933 1263 2129 1326 solum,
2168 1279 2356 1318 verum
2391 1267 2552 1319 etiam
2585 1263 2768 1319 famuli
2801 1263 2920 1332 ejus
2953 1262 3252 1331 expellunt.

285 1347 412 1416 sipi;
452 1349 558 1416 τὴν
585 1347 796 1417 ἐσθῆτα
845 1349 940 1402 τοῦ
971 1350 1235 1418 βασιλέως
1278 1351 1460 1422 φορῶν
1511 1351 1606 1407 καὶ
1628 1351 1826 1413 οἰκεῖνλς
1857 1350 2022 1406 αὑτοῦ
2058 1349 2160 1424 ἦν’
2221 1354 2313 1408 τὸν
2340 1355 2446 1426 γὰρ
2497 1353 2778 1424 ἀλλότριον
2814 1352 2885 1424 μὴ
2936 1353 3097 1423 μόνον
3152 1353 3179 1405 6
3234 1347 3518 1420 βασιλεὺς,

279 1439 388 1494 ἀλλὰ
424 1440 524 1519 καὶ
557 1441 605 1491 οἱ
645 1439 807 1492 αὑτοῦ
839 1440 1016 1495 δοῦλοι
1045 1441 1238 1497 τοῦτον
1267 1443 1688 1500 ἀποδιώκουσιν.

331 1529 386 1585 θ’.
424 1532 600 1600 Λέγει
635 1535 661 1586 6
696 1533 1046 1603 Σαρακηνός·
1101 1535 1200 1598 Τίς
1254 1536 1404 1590 ἐστιν
1457 1538 1485 1590 6
1545 1543 1838 1611 μαρτυρῶν

272 1626 335 1678 6::
367 1626 392 1676 6
431 1624 572 1687 Θεὸς
605 1625 934 1694 ὲσαρκώθη;
961 1628 1054 1680 καὶ
1099 1625 1192 1694 δι’,
1217 1628 1404 1698 ἥντινα
1437 1629 1656 1699 αιτεαν;
1692 1634 1836 1702 Ἔφη

2014 1542 2047 1597 9
2071 1580 2085 1594 .
2123 1539 2262 1595 Dicit
2299 1538 2638 1594 Saracenos:
2699 1537 2874 1604 Quem
2907 1535 3119 1591 habetis
3156 1541 3348 1588 testem
3375 1530 3519 1600 quod

1947 1632 2087 1686 Deus
2132 1632 2202 1686 sit
2237 1631 2578 1696 incarnatus,
2611 1640 2666 1684 et
2691 1645 2852 1700 quam
2921 1629 2989 1682 ob
3016 1641 3235 1681 causam
3270 1626 3293 1678 2
3323 1623 3519 1678 Testes

268 1719 290 1769 6
315 1714 596 1784 εὐθύμως
619 1731 634 1748 υ
671 1715 958 1768 Ἔστωσαν
984 1716 1114 1786 παρ’
1143 1718 1299 1786 ἡμῶν
1327 1717 1388 1780 ἓξ
1420 1720 1701 1793 μάρτυρες
1745 1723 1832 1776 δε.

1944 1724 2041 1778 lide
2083 1724 2232 1794 digni
2292 1737 2385 1776 ses
2454 1723 2611 1776 nobis
2674 1730 2822 1784 sunt,
2888 1719 3265 1778 Abrahamus,
3331 1715 3518 1778 David,

266 1808 384 1874 κτοὶ,
421 1807 456 1858 ὃ
484 1823 547 1857 τε
585 1805 858 1876 Ἀϐραὰμ,
891 1807 1072 1869 Δαυῒδ,
1118 1809 1368 1874 Ἡσαΐας,
1414 1813 1703 1883 Ἱερεμίας,
1733 1817 1839 1867 Δει-

263 1897 384 1966 vast,
471 1896 758 1967 Ἰεζεκιήλ,
813 1899 976 1966 Λέγει
1027 1901 1055 1952 6
1103 1901 1453 1971 Σαρακηνόςο
1509 1906 1617 1958 Καὶ
1695 1906 1838 1960 πάνυ

263 1990 544 2058 μάρτυρες
586 1988 681 2041 καὶ
725 1991 1025 2058 προφῆται.
1085 1992 1236 2060 Ἔφη
1291 1996 1320 2046 6
1373 1994 1647 2065 Εὑθύμιος
1682 2013 1696 2028 ο
1733 1995 1839 2049 Τοῦ

259 2080 380 2133 Θεοῦ
419 2082 568 2150 πρὸς
607 2080 857 2151 Ἀϐραὰμ
913 2083 1158 2147 εἰπόντος
1208 2101 1222 2115 ·
1252 2085 1466 2154 Στήίτω
1489 2087 1603 2155 τὴν
1633 2086 1836 2154 διαθή-

257 2191 362 2240 κην
377 2191 516 2242 μου
539 2174 656 2228 ἀνὰ
678 2173 874 2242 μέσον
898 2175 1046 2244 ἐμοῦ
1075 2176 1174 2230 καὶ
1204 2176 1310 2230 τοῦ
1333 2177 1676 2247 σπέρματός
1697 2195 1837 2234 σουο

260 2267 353 2338 δρα
381 2267 637 2336 δύναμιν
667 2267 828 2334 λόγου
855 2283 870 2298 ·
928 2269 962 2336 ή
995 2268 1104 2338 γὰρ
1141 2267 1374 2339 διαθήκη
1411 2277 1714 2342 μυστηρίου
1745 2290 1841 2341 φο-

255 2358 414 2427 ϐεροῦ
451 2353 521 2427 ἢν
547 2358 802 2419 ὑπόθεσις
827 2375 840 2390 ·
875 2360 971 2412 καὶ
1003 2361 1032 2412 6
1060 2361 1224 2413 Δαυΐδ
1275 2377 1289 2392 ο
1346 2363 1410 2416 '0
1446 2362 1592 2428 Θεὸς
1653 2363 1838 2432 ἐμφα-

252 2447 362 2513 νῶς
431 2448 567 2514 ἣξει
591 2465 605 2478 ·
656 2450 750 2502 καὶ
777 2449 1023 2504 ἔκλινεν
1072 2452 1367 2520 οὐρανοὺς
1419 2454 1516 2508 καὶ
1559 2456 1773 2522 κατέϐη
1819 2469 1840 2488 ⁶

253 2541 401 2593 καὶὸ
454 2539 761 2610 Ἰερεμίαςο
804 2535 995 2606 Οὗτος
1028 2545 1060 2595 ὀ
1119 2543 1264 2609 Θεὸς
1326 2542 1514 2612 ἡμῶν,
1555 2546 1629 2599 οὐ
1677 2548 1843 2614 λογι-

252 2629 789 2699 σθήσετιιιὲτερος
818 2633 958 2700 ,πρὸς
1027 2635 1232 2688 αὐτόν.
1293 2634 1454 2689 Μετὰ
1502 2636 1690 2689 ταῦτα
1740 2636 1841 2690 ἐπὶ

253 2717 362 2785 τῆς
428 2715 535 2784 γῆς
595 2719 784 2787 ὤφθη,
852 2721 949 2773 καὶ
1000 2721 1125 2786 τοῖς
1195 2723 1530 2791 ἀνθρώποις
1615 2742 1842 2780 συναν-

255 2808 536 2877 εστρόφη
558 2825 571 2839 ’
610 2810 705 2861 καὶ
753 2809 912 2862 πάλιν
936 2827 950 2841 υ
997 2812 1133 2865 Τότε
1167 2814 1489 2888 γενήσεται
1511 2815 1584 2868 τὰ
1609 2817 1838 2884 παγκά-

257 2915 410 2968 σμια
476 2899 758 2966 σωτήρια,
814 2900 961 2954 ὅταν
1024 2903 1322 2970 παρθένος
1371 2907 1690 2974 γεννήσειο
1737 2907 1837 2960 και

257 2991 466 3045 πάντα
501 2995 572 3045 τὰ
626 2992 773 3060 ἔθνη
813 2993 1007 3056 ξύλον
1061 2995 1612 3063 προσκυνήσουσισ
1668 2998 1764 3052 καὶ
1809 3001 1837 3052 6
1865 3019 1904 3073 ε

271 3083 510 3146 11min;
552 3100 565 3114 '
631 3084 787 3139 Ἰδοὺ
844 3086 882 3152 ἡ
931 3089 1226 3155 παρθένος
1292 3089 1362 3142 ἐν
1392 3091 1605 3158 γαστρὶ
1651 3090 1842 3158 λήψε-

266 3194 384 3240 ται,
449 3178 548 3230 καὶ
596 3176 752 3242 τέξει
808 3179 964 3238 υἱὸν.
1018 3181 1116 3233 καὶ
1170 3181 1495 3235 καλέσεται
1535 3188 1602 3237 τὸ
1657 3183 1845 3253 ὄνομα

265 3268 452 3323 αὐτοῦ
493 3270 896 3338 Ἑμμανουὴλ,
930 3272 960 3324 ὅ
1006 3273 1138 3326 ἐστι
1184 3274 1322 3328 Μεθ’
1375 3273 1542 3342 ἡμῶν
1589 3279 1622 3329 ό
1675 3277 1842 3341 Θεός.

267 3360 376 3412 Καὶ
406 3360 433 3411 6
473 3357 732 3426 Ἰεζεκιὴλ
760 3360 1044 3430 προλέγων
1073 3363 1168 3415 τοῦ
1221 3365 1456 3433 Χριστοῦ
1496 3367 1596 3435 τὴν
1651 3365 1844 3435 γέννη-

271 3467 355 3502 σιν
381 3451 481 3520 τὴν
508 3451 572 3503 ὲκ
628 3451 726 3520 τῆς
757 3452 969 3522 Μαρίας
1019 3456 1416 3525 γενησομένην,
1452 3456 1638 3524 ἔλεγεν
1701 3472 1718 3488 ο
1777 3456 1848 3512 Ἦ

269 3545 430 3611 πύλη
456 3543 609 3610 αὕτη
640 3545 1041 3613 κεκλασμένη
1073 3545 1266 3612 ἔσται,
1301 3548 1400 3602 καὶ
1422 3549 1624 3614 οὐδεὶς
1655 3551 1727 3603 οὐ
1755 3549 1840 3618 μὴ

271 3634 491 3688 διέλθοι
536 3635 610 3688 δι’
640 3635 830 3704 αὐτῆς
854 3638 906 3689 ει
930 3635 1014 3705 μὴ
1061 3640 1092 3691 ό
1125 3640 1270 3705 Θεὸς
1339 3640 1605 3708 Ἰσραήλ.
1657 3641 1723 3695 Τί
1759 3659 1841 3696 σοι

268 3725 447 3791 δοκεί;
486 3724 735 3794 ἀληθινοί
756 3729 895 3780 εἰσιν
925 3729 974 3780 ol
1002 3729 1148 3795 λόγοι
1189 3730 1299 3784 τῶν
1335 3733 1632 3803 προφητῶν
1670 3733 1828 3803 ἠοῦς

276 3817 400 3878 Πῶς
430 3817 537 3869 ἔδει
562 3817 635 3888 [εἰ
656 3816 755 3889 μὴ]
780 3819 870 3870 τὸν
899 3818 1035 3873 Θεὸν
1062 3822 1190 3874 ἄνευ
1220 3824 1429 3889 σπορᾶς
1460 3821 1778 3893 [γεννᾶσθαι
1799 3823 1841 3895 ;j

271 3909 440 3975 Λέγει
465 3911 493 3962 6
523 3909 842 3982 Σαρακηνός
861 3926 876 3940 ⁸
915 3911 1048 3964 Εἰπὲ
1081 3915 1214 3984 ἡμῖν
1247 3915 1501 3981 ὁμοίωμα
1531 3918 1629 3985 τῆς
1658 3916 1846 3986 θεότη-

268 4015 367 4062 τος
399 4001 493 4053 καὶ
517 4001 614 4070 τῆς
645 4002 1088 4074 ἀνθρωπότητος,
1139 4005 1289 4067 ὅπως
1341 4004 1623 4076 γνώσομαι
1660 4007 1839 4062 τοῦτο.

280 4093 432 4162 Ἔφη
465 4095 494 4146 6
515 4094 783 4165 Εὐθύμιος
807 4116 823 4128 ·
859 4098 1025 4160 Φύσις
1054 4096 1151 4151 τοῦ
1209 4099 1496 4169 μαργάρου
1537 4100 1704 4153 πόθεν
1729 4097 1798 4172 ἦν
1823 4118 1838 4167 ;

269 4184 443 4252 Λέγει
477 4187 506 4238 6
541 4187 892 4260 Σαρακηνόςο
948 4191 1038 4257 Ἐξ
1080 4191 1368 4261 ἀστραπῆς
1400 4191 1496 4246 καὶ
1547 4193 1700 4262 ἡλίου
1749 4195 1842 4248 καὶ

1938 1815 2138 1876 Isaias,
2197 1813 2500 1879 Jeremias,
2551 1813 2777 1875 Daniel,
2823 1810 3114 1863 Ezechiel.
3170 1808 3308 1861 Dicit
3355 1806 3518 1860 Sara-

1937 1920 2139 1960 cenus:
2187 1904 2279 1958 isti
2299 1914 2446 1957 certe
2471 1902 2672 1972 egregii
2704 1909 2828 1955 sunt
2866 1907 3028 1953 testes
3059 1913 3122 1950 ac
3151 1897 3430 1966 propheta:
3449 1897 3518 1950 “.

1938 1995 2031 2049 Ait
2069 1995 2395 2064 Euthymius
2427 2011 2438 2046 :
2499 1991 2640 2045 Deus
2701 1990 3008 2043 Ahrahamo
3060 1987 3236 2040 dixit:
3272 1985 3518 2038 Statuam

1937 2095 2146 2156 pactum
2203 2102 2374 2139 meum
2426 2087 2562 2138 inter
2596 2100 2676 2136 me
2723 2091 2769 2136 et
2797 2097 2969 2134 semen
3021 2088 3164 2132 tuum
3195 2080 3238 2130 ⁸.
3306 2074 3521 2128 Videsis

1939 2179 2208 2233 sermonis
2247 2179 2396 2243 vim;
2441 2192 2565 2229 nam
2642 2186 2867 2244 pactum
2896 2211 2911 2235 ,
2957 2169 3222 2224 tremendi
3283 2165 3522 2237 mystcrii

1938 2269 2200 2324 exhibitio
2225 2268 2345 2322 fuit.
2371 2267 2536 2320 David
2559 2268 2688 2320 item
2713 2265 2787 2318 ait
2818 2279 2833 2316 :
2863 2262 3000 2316 Deus
3029 2261 3303 2330 manifeste
3329 2259 3522 2319 veniet;

1938 2362 2220 2416 inclinavit
2254 2359 2408 2415 caelos
2434 2371 2482 2413 et
2531 2357 2790 2412 descendit
2823 2357 2866 2410 ".
2900 2354 3037 2408 Tum
3065 2353 3332 2407 Jeremias
3367 2366 3382 2404 :
3420 2349 3524 2402 llic

1942 2455 2076 2508 Deus
2127 2463 2300 2508 noster
2328 2464 2446 2516 est;
2499 2468 2602 2505 non
2651 2448 2981 2519 reputabitur
3027 2447 3164 2498 alius
3219 2460 3326 2508 pra:
3380 2443 3519 2511 ipso.

1941 2545 2066 2600 Post
2105 2548 2215 2600 hac
2244 2547 2297 2600 in
2327 2546 2480 2599 terris
2527 2545 2667 2596 uisus
2699 2551 2795 2605 est,
2826 2549 2874 2594 et
2903 2555 3018 2593 cum
3062 2536 3352 2590 hominibus
3401 2549 3526 2586 con-

1938 2649 2173 2694 versatus
2205 2649 2276 2693 est
2301 2638 2343 2692 ⁸.
2391 2638 2455 2692 Et
2489 2651 2682 2690 rursus
2709 2653 2723 2690 :
2756 2633 2902 2686 Tunc
2937 2631 3022 2700 ﬁet
3065 2627 3319 2700 generalis
3347 2624 3522 2686 salus,

1940 2746 2059 2783 cum
2077 2731 2220 2800 virgo
2247 2729 2435 2798 pariet,
2464 2736 2511 2780 et
2539 2741 2714 2779 omnes
2739 2733 2915 2795 gentes
2940 2722 3137 2791 lignum
3159 2715 3520 2771 adorabunt’.

1939 2821 2070 2874 Item
2105 2819 2264 2874 Isaias
2295 2836 2308 2872 :
2342 2817 2476 2871 Ecce
2506 2817 2650 2884 virgo
2690 2817 2744 2868 in
2769 2822 2915 2865 utero
2966 2811 3190 2870 habebit.
3251 2817 3299 2860 et
3339 2806 3512 2876 pariet

1939 2914 2125 2983 ﬁlium.
2161 2922 2208 2965 et
2252 2912 2520 2965 vocabitur
2559 2924 2742 2962 nomen
2773 2906 2886 2973 eius
2942 2900 3278 2966 Emmanuel,
3314 2900 3368 2952 id
3417 2905 3522 2959 est,

1943 3006 2233 3060 Nobiscum
2268 3003 2404 3056 Deus
2440 3004 2504 3056 ⁸ο.
2543 2999 2794 3054 Ezechiel
2833 3011 3048 3067 quoque
3075 2995 3275 3049 Christi
3327 2991 3527 3046 nativi-

1949 3107 2114 3153 tatem
2199 3097 2518 3166 praedicens,
2599 3093 2668 3146 de
2719 3090 2935 3155 Virgine
3006 3088 3172 3140 Maria
3259 3088 3520 3144 futuram,

1947 3192 2125 3247 aiebat
2167 3207 2181 3244 :
2219 3188 2338 3243 Htec
2374 3195 2528 3257 porta
2559 3185 2743 3239 clausa
2785 3184 2903 3242 erit.
2962 3197 3052 3233 nec
3107 3181 3384 3249 quisquam
3435 3191 3528 3242 per

1946 3300 2061 3339 eam
2088 3282 2350 3345 transibit,
2386 3280 2488 3333 nisi
2512 3278 2649 3331 Deus
2679 3275 2979 3330 Israelis“.
3001 3272 3140 3339 Quid
3170 3267 3529 3324 tibividetur?

1946 3376 2336 3444 prophetarum
2369 3385 2651 3425 sermones
2685 3380 2930 3430 veraces,
2955 3379 3021 3417 ne
3053 3371 3198 3422 sunt,
3230 3376 3296 3413 an
3328 3357 3529 3412 secus?

1945 3465 2078 3527 Quis
2099 3463 2239 3516 enim
2269 3471 2467 3532 praeter
2485 3459 2651 3513 Deum
2666 3459 2867 3526 absque
2885 3454 3094 3509 semine
3125 3451 3272 3505 nasci
3305 3448 3482 3519 potuit
3503 3447 3526 3496 ?

1951 3554 2092 3608 Dicit
2138 3553 2489 3607 Saracenus:
2555 3549 2741 3602 Recita
2791 3545 2925 3600 mihi
2973 3541 3382 3597 similitudinem
3430 3537 3529 3590 ali-

1953 3659 2115 3714 quam
2145 3642 2364 3697 deitatis
2418 3650 2474 3695 et
2523 3637 2904 3699 humanitatis,
2936 3645 2996 3688 ut
3029 3649 3144 3688 rem
3208 3630 3525 3699 intelligam.

1944 3737 2034 3791 Ait
2063 3736 2385 3805 Euthymius
2425 3753 2437 3786 :
2474 3731 2748 3801 Margariti
2806 3740 3006 3782 natura
3073 3724 3346 3779 undenam
3396 3735 3531 3775 con-

1943 3831 2076 3883 stat?
2091 3829 2228 3881 Dicit
2261 3825 2571 3880 Saracenus
2603 3842 2616 3877 :
2648 3822 2719 3874 Ex
2753 3821 2982 3889 fulgore,
3011 3817 3124 3869 sole
3181 3824 3237 3868 et
3264 3813 3528 3867 ostracio.

1945 3920 2084 3973 Dicit
2109 3917 2479 3985 Enthymius:
2515 3913 2759 3966 Mutatur
2793 3925 2862 3963 ne
2902 3907 3084 3976 iulgor
3138 3906 3378 3959 ostracio
3435 3916 3534 3956 co~

1942 4011 2160 4082 pulatus
2185 4007 2210 4062 Ἰ
2237 4005 2376 4058 Dixit
2425 4002 2732 4058 Saracenos
2783 4017 2798 4054 :
2840 3997 3212 4066 Nequaquam.
3246 3991 3387 4047 Dicit
3423 3991 3537 4044 Eu-

1945 4101 2202 4172 thymius:
2233 4099 2384 4152 Sicut
2407 4095 2583 4164 fulgor
2599 4091 2816 4148 ostracii
2833 4096 3104 4159 penetrat,
3119 4095 3176 4140 et
3189 4085 3308 4140 sine
3321 4098 3422 4136 con
3440 4082 3527 4134 iu-

1943 4189 2639 4256 sioneincarnatur,titque
2686 4182 3068 4253 margaritum;
3117 4187 3174 4233 et
3225 4174 3539 4230 claritatem.

264 4277 565 4348 ὀστράκου.
620 4282 814 4352 Ἐφηό
878 4283 1189 4354 Εὐθύμιοςο
1255 4286 1364 4338 Καὶ
1438 4284 1744 4338 ἀλλοιοῦται
1807 4289 1840 4358 ἡ

1953 4283 2176 4355 quidem
2198 4283 2435 4337 dicimus
2451 4295 2572 4334 esse
2591 4285 2840 4332 naturam
2859 4273 3085 4344 [ttigeris
3108 4280 3192 4335 ;et
3217 4269 3533 4340 qualitatem

264 4373 530 4440 ἀστραπὴ
582 4375 847 4428 ὲνωθεῖσα
911 4375 986 4444 τῷ
1044 4376 1334 4446 ὁστράκῳς
1371 4377 1535 4444 Λέγει
1583 4380 1612 4431 6
1661 4357 1841 4448 Σαραὲ

1949 4377 2269 4449 palpahilem
2292 4376 2523 4430 dicimus
2543 4380 2792 4427 naturam
2821 4368 3003 4422 carnis
3015 4363 3260 4428 ostracii;
3280 4364 3357 4416 sic
3368 4361 3532 4414 etiam

269 4461 465 4526 χηνός·
494 4463 649 4532 Οὐχί.
688 4464 834 4534 Ἔφη
863 4466 892 4517 6
919 4465 1192 4534 Εὑθύμιος
1216 4481 1232 4497 ο
1274 4467 1487 4536 Ὥσπερ
1517 4469 1550 4537 ἡ
1581 4468 1841 4539 ἀστραπὴ

1949 4485 2012 4526 ex
2027 4471 2208 4524 divina
2224 4478 2417 4522 natura
2438 4465 2721 4520 incarnata
2741 4464 2915 4517 lactus
2933 4468 3019 4513 est
3039 4461 3182 4512 Deus
3196 4464 3252 4508 et
3278 4454 3440 4506 homo
3453 4492 3465 4504 .

262 4552 581 4621 εἰσέρχεται
657 4555 739 4617 εἰς
820 4557 882 4609 τὸ
963 4557 1271 4627 δστρακον,
1361 4559 1454 4610 καὶ
1547 4559 1844 4628 σαρκοῦται
1907 4562 2248 4633 ἀσυγχύτως.
2315 4561 2411 4614 καὶ
2463 4558 2674 4625 γίνεται
2741 4554 3059 4623 μάργαρος⁶
3113 4549 3210 4600 καὶ
3271 4546 3370 4615 τὴν
3437 4544 3536 4613 μὲν

262 4643 636 4716 λαμπρότητα
691 4646 926 4716 λέγομεν
955 4645 1098 4702 εἶναι
1178 4651 1279 4721 τὴν
1333 4651 1500 4718 φύσιν
1550 4651 1653 4718 τῆς
1699 4653 2015 4724 ἀστραπῆς⁹
2077 4655 2174 4708 καὶ
2225 4653 2286 4705 τὸ
2344 4649 2664 4720 ψηλαφητδν
2732 4646 2967 4712 λέγομεν
3022 4637 3161 4692 εἶναι
3219 4636 3320 4707 τὴν
3374 4633 3535 4704 φύσιν

260 4733 364 4800 τῆς
397 4735 606 4803 σαρκὸς
643 4735 738 4789 τοῦ
765 4736 1037 4805 ὀστράκου
1067 4753 1081 4766 ·
1116 4737 1261 4791 οὕτω
1307 4741 1405 4792 καὶ
1452 4741 1486 4809 ἡ
1523 4739 1645 4794 θεία
1683 4742 1845 4810 φύσις
1869 4745 2213 4813 σαρκωθείσα
2243 4743 2435 4808 γέγονε
2467 4740 2602 4800 Θεὸς
2633 4737 2724 4789 καὶ
2755 4734 3064 4803 ἄνθρωπος-

336 4833 392 4882 ι’.
433 4828 598 4894 Λέγει
621 4827 650 4878 6
679 4827 986 4897 Σαρακηνός
1010 4843 1026 4859 ⁶
1058 4830 1118 4882 El
1144 4828 1316 4892 οὕτως
1345 4829 1477 4901 ίχει,
1509 4832 1628 4896 πῶς
1656 4833 1841 4900 λέγετε

2020 4834 2106 4888 10.
2141 4832 2280 4886 Dicit
2321 4829 2672 4885 Saracenus:
2732 4824 2790 4879 Si
2831 4839 2919 4879 res
2977 4823 3051 4876 ita
3073 4836 3130 4876 se
3208 4818 3388 4882 habet,
3438 4831 3546 4872 cur

262 4920 346 4973 ὅτι
371 4920 607 4988 Χριστὸς
633 4920 663 4970 6
691 4919 862 4984 Λόγος
889 4919 984 4972 τοῦ
1006 4920 1140 4973 Θεοῦ
1164 4922 1482 4993 ἐσταυρώθη
1515 4924 1608 4978 καὶ
1639 4925 1841 4977 ἀπέθα-

1952 4925 2133 4981 dicitis
2181 4923 2459 4978 Christum
2503 4919 2740 4974 Verbum
2789 4918 2878 4969 Dei
2929 4913 3244 4969 cruciﬁxum
3290 4925 3356 4964 ac
3390 4924 3539 4962 mor-

263 5026 396 5075 νενς
425 5011 570 5079 Ἔφη
592 5011 622 5064 6
649 5009 915 5081 Εὐθῦμιος
935 5027 952 5043 ·
975 5011 1072 5082 Μὴ
1102 5011 1312 5079 γένοιτο
1332 5013 1412 5066 ὅτι
1436 5016 1596 5084 ἡμεῖς
1620 5014 1841 5084 λέγομεν

1957 5017 2139 5074 tuum?
2162 5017 2251 5069 Ait
2275 5012 2596 5084 Euthymius
2620 5029 2632 5064 :
2659 5010 2811 5064 Absit
2827 5018 2887 5063 ut
2908 5021 3010 5061 nos
3027 5007 3272 5060 dicamus
3298 5001 3534 5056 Verbum

267 5102 521 5170 περὶτοῦ
547 5103 724 5170 Λόγου
752 5103 846 5156 τοῦ
877 5103 1012 5156 Θεοῦ
1046 5106 1128 5158 ὅτι
1162 5104 1482 5176 ἐσταυρώθη
1512 5109 1606 5160 καὶ
1640 5110 1841 5162 ἀπέθα-

1962 5109 2055 5163 Dei
2083 5107 2405 5163 cruciﬁxum
2433 5121 2497 5160 ac
2526 5113 2822 5158 mortuum.
2847 5100 2982 5155 Audi
3011 5096 3443 5152 similitudinem.
3472 5092 3542 5146 Si.

263 5210 382 5246 νεν.
441 5194 581 5246 Ἀλλ’
621 5195 761 5247 εἴπω
807 5195 889 5247 σοί
929 5212 982 5248 τι
1030 5197 1453 5265 ὁμοίωμαστὸν
1501 5200 1841 5270 μαργαρίτην

1959 5202 2177 5272 quando
2230 5200 2580 5269 margaritum
2639 5196 2951 5258 terebrant,
3015 5206 3264 5263 quasnam
3330 5197 3532 5242 natura

264 5286 402 5338 ὅταν
474 5287 638 5340 αὑτὸν
705 5287 976 5356 τρυπώσι,
1033 5287 1164 5340 ποία
1225 5287 1388 5357 φύσις
1447 5289 1684 5360 «uexat;
1747 5292 1841 5360 τῆς

1960 5293 2204 5365 patitur?
2229 5292 2524 5364 fulgorisne
2572 5305 2641 5343 an
2675 5287 2892 5343 ostracii
2921 5286 2945 5338 i
2984 5284 3122 5339 Dicit
3174 5283 3476 5336 Saracenos
3510 5293 3540 5330 ε

3140 5463 3162 5495 ⁸
3193 5458 3404 5513 Baruch
3449 5471 3547 5521 ll),

339 5463 391 5493 δ’
416 5463 498 5514 (1|.
537 5461 665 5517 Sur.
696 5481 773 5527 iv,
803 5464 946 5529 “5‘2;
978 5482 1032 5529 ν,
1071 5463 1159 5519 85.
1193 5479 1276 5532 sq.
1388 5465 1409 5497 ⁸
1440 5464 1582 5521 Gen.
1604 5481 1742 5530 xvu,
1779 5469 1829 5523 7.

1944 5469 1961 5502 '
1993 5469 2133 5523 Psal.
2163 5485 2308 5532 λιιι,
2342 5470 2395 5524 3.
2505 5467 2528 5500 ⁸
2565 5467 2711 5521 Psal.
2763 5433 2899 5531 mi,
2932 5463 3019 5518 l8.

1388 5465 1409 5497 ⁸
1440 5464 1582 5521 Gen.
1604 5481 1742 5530 xvu,
1779 5469 1829 5523 7.

271 5529 367 5598 se,
404 5532 495 5587 δε.

1941 5469 1961 5502 τ
1993 5469 2133 5523 Psal.
2163 5485 2308 5534 XLIX,
2342 5470 2395 5524 3.

613 5535 656 5565 ⁸ο
692 5535 794 5590 lsa.
823 5551 920 5601 vn,
956 5536 1043 5589 H.
1130 5537 1169 5566 ι’
1209 5532 1404 5590 Ezeclt.
1440 5551 1582 5590 xuv.

281 5687 402 5760 bolo
431 5689 575 5742 mala
623 5706 724 5743 non
749 5689 1027 5759 confitetur
1077 5698 1170 5744 aut
1204 5691 1426 5746 Domino
1465 5690 1591 5759 Deo,
1651 5699 1747 5745 aut
1791 5689 1938 5745 ΠΕΟ
1986 5689 2291 5746 DILECTO
2327 5690 2622 5756 ΗΟΜΙΝΙ,
2661 5705 2915 5760 prospera
2956 5695 3205 5743 adversus
3249 5685 3550 5758 malignum

281 5757 481 5811 hostem
508 5761 724 5814 victoria
781 5757 881 5813 non
911 5761 1141 5830 fruetur.
