4006 6248
330 345 397 412 31
1552 355 1939 418 EUTHYMII
1985 360 2350 421 ZIGABENI
3500 363 3583 427 32

323 464 673 522 Ostracii.Ait
700 464 1022 538 Euthymius
1053 484 1069 522 :
1094 467 1185 523 Sic
1215 467 1388 524 etiam
1413 468 1468 524 in
1516 471 1740 527 Christo
1769 490 1901 528 con—

2027 477 2294 547 ιστραπῆς
2326 476 2359 546 ἠ
2388 474 2482 528 τοῦ
2514 475 2783 547 ὀστράκου
2809 493 2822 542 ;
2853 475 3017 546 Λέγει
3043 477 3072 530 6
3102 477 3440 547 Σαρακηνόςο
3476 476 3584 532 Τοῦ

316 558 471 629 tigit:
497 572 625 612 caro
657 557 771 612 sola
800 558 1059 614 crncifixa
1089 558 1213 626 fuit,
1253 567 1309 614 et
1354 559 1508 615 obiit.
1533 561 1674 618 Dicit
1725 563 1892 618 Sara-

319 665 488 707 conus
537 667 554 705 :
602 651 902 706 Moriente‘
953 666 1157 714 carne,
1249 651 1572 707 discessitne
1638 671 1674 708 ar
1723 671 1889 710 carne

321 745 573 798 divinitas
595 745 815 800 necne?
846 744 1300 813 AitEuthymins:
1330 745 1697 814 Separaturne
1733 749 1902 819 fulgo-

323 831 396 885 ris
416 842 630 894 natura,
653 847 775 884 cum
802 832 1000 900 patitur
1027 833 1321 886 ostraciom
1344 832 1368 886 ?
1389 832 1526 888 Dicit
1554 833 1896 890 Saracenos:

323 919 696 989 Nequaquam.
732 921 820 973 Ait
888 921 1262 977 Euthvmius:
1311 920 1370 976 Si
1430 931 1618 978 natura
1679 925 1904 996 fulgoris

320 1014 460 1066 nihil
512 1014 729 1081 patitur,
753 1030 851 1067 cur
876 1014 1061 1069 divina
1115 1023 1305 1070 natura
1384 1017 1496 1086 pati
1551 1018 1740 1072 debuit
1777 1034 1901 1072 eum

319 1103 571 1170 corpore?
596 1103 733 1158 Dicit
765 1104 1067 1160 Saracenos
1093 1122 1112 1160 :
1133 1106 1244 1161 Cur
1277 1117 1430 1162 tanto
1456 1117 1674 1178 peracto
1701 1121 1906 1180 myste-

330 1194 431 1259 rio,
459 1193 676 1264 Deoque
716 1196 936 1252 homine
960 1198 1124 1264 facto,
1156 1211 1216 1254 ut
1243 1200 1518 1255 hominem
1575 1211 1734 1270 prout
1771 1203 1908 1257 dici-

324 1287 396 1341 tis
462 1288 731 1353 salvaret,
775 1305 892 1352 cur,
949 1291 1208 1360 inquam.
1255 1308 1366 1346 non
1410 1293 1610 1347 desinit
1662 1293 1909 1348 diabolus

326 1377 622 1432 humanum
663 1395 834 1447 genus
858 1393 1117 1449 perpetuo
1146 1382 1498 1452 oppugnare?
1525 1383 1612 1436 Ait
1697 1384 1909 1455 Euthy-

323 1471 464 1524 mius
486 1484 505 1522 :
530 1471 771 1527 Narrabo
795 1473 888 1526 tibi
917 1473 1339 1528 similitudinem.
1359 1474 1471 1528 Rex
1489 1476 1705 1543 quidam
1727 1475 1912 1532 habuit

326 1566 557 1618 amicum
584 1566 740 1634 plane
758 1565 1150 1620 fidelissimum.
1168 1565 1421 1621 Inimicus
1434 1583 1563 1621 vero
1583 1568 1769 1622 nescio
1786 1569 1911 1637 quis

327 1653 517 1708 videns
537 1658 858 1710 immensam
887 1656 1300 1710 aestimationem
1325 1657 1780 1727 dilectionemque
1811 1673 1916 1728 qua

329 1735 481 1799 illum
523 1761 613 1800 rex
664 1748 1092 1816 prosequebatur
1118 1789 1135 1814 ,
1191 1747 1381 1802 dolosa
1409 1747 1555 1802 facta
1582 1749 1912 1813 incursione,

329 1837 469 1904 regis
499 1837 732 1890 amicum
765 1838 1106 1907 depraedatus
1131 1839 1467 1909 est,ejusque
1490 1841 1628 1894 bona
1655 1856 1912 1908 pessum-

331 1924 500 1978 dedit.
543 1924 605 1977 Et
627 1927 767 1995 regis
807 1927 1025 1994 quidem
1069 1925 1303 1982 amicum
1355 1936 1572 1998 captum
1617 1931 1918 1986 crudeliter

333 2015 662 2076 verberavit,
696 2018 1058 2087 gravibusque
1086 2019 1296 2074 catenis
1322 2019 1568 2075 vinciens
1600 2021 1656 2074 in
1682 2021 1915 2090 profun-

249 2149 264 2159 .
329 2105 613 2160 dissimum
647 2108 1107 2178 tenebrosumque
1141 2119 1365 2178 puteum
1391 2111 1659 2180 proiecit:
1713 2127 1824 2180 quo
1859 2113 1914 2166 in

330 2195 453 2250 loco
496 2197 691 2250 misere
723 2197 1115 2267 desperateque
1155 2200 1388 2267 iacebat.
1447 2199 1554 2254 Sed
1590 2210 1772 2254 tamen
1817 2216 1914 2255 rex

333 2287 529 2356 prioris
582 2287 855 2342 fclicitatis
901 2289 1061 2344 amici
1110 2290 1216 2352 sui,
1293 2304 1506 2344 necnon
1587 2291 1908 2359 posterioris

334 2381 668 2436 infelicitatis
699 2397 928 2444 meumr,
963 2398 1060 2452 per
1087 2384 1300 2438 viscera
1361 2383 1768 2444 misericordiae.
1823 2399 1916 2438 sa-

338 2469 522 2537 piente
541 2471 845 2540 excogitato
866 2471 1112 2535 consilio,
1141 2473 1366 2526 veniens
1393 2487 1515 2526 cum
1539 2473 1702 2542 regali
1720 2473 1920 2528 virtute

333 2562 594 2618 adversus
644 2564 878 2628 hostem,
930 2579 1039 2617 non
1078 2579 1175 2633 pro
1240 2564 1349 2618 alio
1400 2565 1639 2634 negotio,
1686 2565 1780 2620 sed
1818 2580 1920 2634 pro

333 2653 510 2708 amico
574 2669 756 2709 suae:
785 2656 983 2709 acerbo
1013 2656 1270 2726 gravique
1326 2657 1574 2712 cruciatu
1640 2657 1921 2712 liberanda

334 2740 651 2796 decertavit.
676 2741 831 2796 illum
864 2751 1044 2798 autem
1065 2744 1218 2798 malis
1233 2744 1468 2814 gaudere
1496 2744 1713 2798 solitum
1741 2744 1926 2798 debel-

337 2832 454 2886 lans
493 2842 548 2888 et
607 2844 916 2896 conterens,
962 2836 1262 2890 tortoribus
1295 2837 1553 2890 tradidit:
1600 2851 1914 2906 quanquam

334 2923 474 2978 idem
513 2939 582 2978 ne
611 2924 690 2978 sic
715 2924 935 2992 quidem
962 2942 988 2977 τι
1014 2925 1262 2979 vexando
1295 2928 1434 2993 regis
1455 2927 1632 2981 amico
1676 2927 1915 2981 destitit.

337 3014 455 3068 Pari
484 3015 692 3069 ratione
708 3015 879 3086 cogita
897 3031 1110 3071 mecum
1134 3017 1200 3071 de
1217 3017 1395 3071 divina
1413 3019 1878 3074 condescensione
1904 3036 1918 3072 :

340 3119 450 3158 non
486 3105 630 3158 enim
683 3109 1012 3161 necessitate
1059 3108 1236 3176 aliqua
1281 3119 1559 3176 premente
1587 3111 1651 3163 ad
1704 3112 1924 3180 suppri-

339 3197 532 3250 menda
565 3198 819 3252 scandala
874 3201 1044 3262 venit,
1080 3200 1177 3256 sed
1206 3211 1264 3256 ut
1318 3201 1594 3257 hominem
1641 3203 1919 3258 liberaret.

341 3287 512 3344 Porro
560 3299 617 3343 ut
667 3290 806 3344 male
834 3292 918 3345 vel
952 3292 1089 3346 bene
1116 3308 1360 3364 agamus.
1401 3293 1454 3348 id
1489 3295 1663 3350 nostri
1711 3296 1919 3350 arbitrii

339 3386 424 3431 est
484 3386 644 3446 atque
699 3381 1082 3446 conscientia;
1138 3382 1576 3452 quandoquidem
1632 3385 1920 3456 utriusque

341 3469 420 3523 rei
454 3469 607 3524 nobis
646 3471 926 3524 scientiam
960 3472 1269 3542 impertitus
1293 3483 1403 3528 est.

1943 1800 1989 1859 Β

2003 565 2294 633 ὀστράκου.
2343 565 2488 633 Ἔφη
2540 566 2566 617 6
2617 563 2919 634 Εὐθύμιος’
2967 563 3156 628 Οὕτως
3203 566 3296 618 καὶ
3342 568 3436 619 ἐπὶ
3485 567 3582 621 τοῦ

2005 655 2244 724 Χριστοῦ
2274 654 2499 723 γέγονεν
2525 672 2538 685 ·
2575 657 2606 725 ἠ
2643 656 2780 725 σὰρξ
2809 657 2942 726 μόνη
2975 657 3294 726 ἐσταυρώθη
3327 659 3422 710 καὶ
3473 660 3582 712 ἀπ-

2005 745 2219 800 έθανεν.
2253 745 2417 814 Λέγει
2451 749 2478 799 6
2504 747 2822 818 Σαρακηνός
2849 765 2863 782 ο
2896 749 3004 802 Καὶ
3033 748 3415 819 ἀποθανούσης
3449 767 3581 818 σαρ-

2005 836 2121 900 κὸς,
2169 837 2520 907 ἀπεχωρίσθη
2567 839 2598 908 ἡ
2649 837 2836 907 θεότης
2890 839 2954 891 ὲκ
2994 839 3092 908 τῆς
3145 840 3369 910 σαρκὸς,
3419 839 3581 909 ἢοῦς

2010 929 2153 998 ’Ἔφη
2183 929 2210 980 6
2242 927 2542 997 Εὑθύμιοςο
2567 929 2924 998 Χωρίζεταιή
2970 929 3130 996 φύσις
3169 930 3267 998 τῆς
3297 931 3587 1000 ἀστραπῆς

2007 1022 2138 1073 ὅταν
2171 1020 2368 1088 πάσχει
2399 1019 2460 1072 τδ
2486 1020 2786 1090 δστρακον;
2813 1020 2970 1088 Λέγει
2999 1023 3026 1073 6
3053 1022 3394 1090 Σαρακηνόςο
3427 1023 3586 1091 Οὐχί.

2009 1106 2175 1164 Εἶπεν
2199 1114 2228 1164 6
2261 1112 2532 1181 Εὑθύμιος
2558 1128 2570 1140 ο
2607 1113 2715 1164 Καὶ
2742 1111 2790 1163 εί
2822 1111 2854 1180 ὴ
2893 1111 3055 1178 φύσις
3076 1113 3174 1180 τῆς
3204 1112 3491 1182 ἀστραπῆς
3522 1115 3584 1165 οὐ

2012 1202 2228 1271 πάσχει,
2255 1202 2370 1263 πῶς
2410 1204 2442 1271 ἠ
2471 1201 2588 1253 θεία
2615 1200 2775 1269 φύσις
2800 1195 2913 1270 εἶχε
2951 1203 3338 1271 συμπασχῆσαι
3368 1201 3445 1272 τῷ
3473 1201 3582 1255 σώ-

2015 1309 2178 1362 ματιξ
2226 1293 2387 1361 Λέγει
2415 1295 2441 1346 6
2475 1291 2788 1362 Σαρακηνός
2812 1307 2828 1322 ⁸
2877 1293 2999 1354 Πῶς
3029 1291 3182 1358 γοῦν,
3217 1291 3316 1344 τοῦ
3337 1293 3582 1346 τοιούτου

2017 1384 2321 1454 μυστηρίου
2361 1383 2668 1450 γεγονότος,
2704 1383 2799 1435 καὶ
2827 1382 2962 1436 Θεοῦ
2989 1383 3084 1436 καὶ
3107 1381 3398 1453 ἀνθρώπου
3430 1401 3585 1450 γενοο

2018 1473 2200 1541 μένου,
2255 1471 2341 1524 ἵνα
2383 1471 2530 1540 σώσῃ
2583 1471 2688 1539 τὸν,
2715 1471 3022 1540 ἄνθρωπον,
3082 1471 3156 1532 ὡς
3204 1470 3413 1537 λέγετε,
3469 1473 3588 1534 πῶς

2016 1566 2044 1617 6
2071 1563 2316 1626 διάϐολος
2345 1565 2406 1616 ού
2444 1563 2676 1616 παύεται
2707 1563 2947 1625 ἀεννάως
2983 1565 3044 1614 τδ
3073 1564 3229 1630 γένος
3250 1561 3358 1614 τῶν
3381 1559 3594 1631 ἀνθρώ-

2018 1672 2136 1710 πων
2159 1654 2439 1724 πολεμῶνς
2468 1653 2612 1724 Ἔφη
2641 1655 2668 1707 6
2695 1653 2964 1723 Εὑθύμιος
2981 1668 2998 1686 ο
3028 1653 3181 1706 Εῐπω
3200 1669 3282 1706 σοι
3305 1652 3558 1722 ὁμοίωμα
3580 1669 3595 1684 ’

2018 1747 2277 1811 Βασιλεύς
2307 1763 2391 1810 τις
2420 1742 2532 1817 εἶχε
2585 1743 2736 1815 φίλον
2765 1744 2906 1798 πάνυ
2943 1743 3336 1812 γνησιώτατον.
3370 1731 3596 1814 Ἐχθρὸς

2015 1839 2071 1892 δέ
2096 1855 2179 1900 τις
2205 1837 2416 1908 βλέπων
2438 1836 2536 1906 τήν
2560 1835 2787 1905 ἀπειρον
2811 1835 2977 1903 τιμήν
2999 1832 3093 1886 καὶ.
3119 1833 3340 1902 ἀγάπην
3367 1833 3434 1904 ῆν
3457 1831 3598 1902 πρὸς

2020 1929 2183 1982 αὐτὸν
2215 1926 2476 1994 ἐκέκτητο
2507 1925 2536 1977 6
2561 1922 2845 1994 βασιλεύςο
2881 1921 3051 1974 ἐλθὼν
3083 1921 3140 1974 δὲ
3161 1921 3190 1972 6
3213 1919 3403 1991 ἐχθρὸς
3438 1919 3578 1990 μετά

2015 2019 2166 2073 δόλου
2191 2017 2480 2070 ὲσκύλευσε
2533 2015 2620 2068 τὸν
2644 2014 2738 2067 τοῦ
2765 2013 3029 2085 βασιλέως
3049 2012 3200 2080 φίλον
3222 2015 3312 2065 καὶ
3340 2013 3600 2066 ἀπώλετο

2015 2110 2084 2162 τὰ
2129 2109 2443 2178 ὑπάρχοντα
2493 2105 2696 2158 αὐτοῦ’
2747 2105 2841 2157 καὶ
2875 2104 2968 2157 τὸν
2989 2102 3113 2173 ’μὲν
3154 2103 3307 2173 φίλον
3352 2101 3446 2156 τοῦ
3500 2101 3598 2172 βα-

2020 2201 2212 2262 σιλέως
2243 2197 2423 2252 λαϐὼν
2456 2199 2485 2250 6
2513 2198 2701 2266 ἐχθρὸς
2732 2196 2928 2266 ἔτυψεν
2963 2195 3232 2265 ἀνηλεῶς,
3273 2196 3368 2248 καὶ
3399 2194 3603 2255 κλοιοῖς

2021 2290 2213 2362 βαρέσι
2270 2290 2510 2359 πεδήσας
2555 2287 2744 2341 τοῦτον
2791 2290 2848 2340 ὲν
2880 2287 3160 2357 βαθυτάτῳ
3190 2287 3284 2340 καὶ
3332 2283 3600 2353 σκοτεινῷ

2021 2383 2219 2451 φρέατι
2247 2380 2511 2433 ἀπέθετο*
2538 2379 2631 2431 καὶ
2670 2375 2737 2450 ἦν
2767 2379 2954 2448 μείνας
2989 2376 3235 2438 ἐλεεινῶς
3267 2378 3385 2428 ἐκεῖ
3417 2376 3593 2429 κα.θά-

2019 2491 2126 2543 περ
2169 2471 2611 2542 ἀπαρηγόρητος.
2659 2471 2936 2540 Μνησθεὶς
2981 2469 3076 2522 οὖν
3118 2471 3145 2521 6
3193 2468 3446 2537 βασιλεὺς
3488 2467 3590 2532 τῆς

2020 2565 2294 2636 προτέρας
2326 2564 2729 2635 μακαριότητος
2749 2563 2843 2616 τοῦ
2874 2562 3065 2616 ἑαυτοῦ
3093 2561 3268 2631 φίλου,
3297 2560 3391 2613 καὶ
3426 2559 3596 2611 πάλιν

2019 2661 2118 2728 τῆς
2177 2655 2434 2727 δευτέρας
2504 2654 2668 2708 αὑτοῦ
2736 2653 3090 2724 ἀθλιότητος,
3164 2649 3438 2706 κατελθὼν
3505 2649 3596 2702 διὰ

2023 2749 2308 2818 σπλάγχνα
2350 2748 2532 2810 ἐλέους
2563 2747 2923 2816 οἰκονομικῶς
2966 2747 3025 2798 ὲν
3069 2744 3321 2816 βασιλικῇ
3370 2741 3600 2809 δυνάμει

2024 2842 2158 2911 πρὸς
2176 2840 2266 2891 τὸν
2284 2838 2496 2909 ἐχθρὸν,
2517 2841 2616 2890 οὐκ
2639 2837 2942 2906 ἠγωνίσατο
2959 2854 3026 2888 πε
3035 2836 3088 2906 pl
3103 2835 3211 2887 τῶν
3230 2832 3600 2904 πραγμάτων,

2023 2933 2138 2985 ἀλλ’
2171 2931 2479 3000 ἠγωνίσατο
2507 2929 2600 2984 τοῦ
2636 2929 3001 3000 ὲλευθερῶσαι
3020 2928 3110 2982 τὸν
3135 2927 3330 2980 ἑαυτοῦ
3358 2925 3511 2995 φίλον
3535 2925 3602 2979 ἑκ

2025 3024 2124 3090 τῆς
2170 3023 2372 3092 πικρᾶς
2410 3022 2502 3075 καὶ
2549 3021 2726 3090 δεινῆς
2763 3021 3020 3090 βασάνου.
3051 3019 3156 3071 Τδν
3185 3019 3240 3071 δὲ
3270 3019 3601 3088 χαιρὲκακον

2026 3117 2232 3169 ἐκεῖνον
2279 3112 2589 3173 καταλύσας
2650 3115 2743 3164 καὶ
2815 3113 3109 3183 συντρίψας
3158 3112 3438 3182 παρέδωκε
3493 3111 3606 3183 τοῖς

2031 3207 2380 3277 βασανισταῖς
2401 3222 2415 3236 ’
2457 3206 2660 3266 ἐκεῖνος
2691 3204 2747 3257 δὲ
2777 3181 3065 3258 πάλιννούκ
3096 3181 3277 3258 εἴασεν
3297 3243 3312 3265 ,
3349 3201 3465 3256 ἀλλ’
3495 3181 3605 3253 οὐδ’

2025 3297 2202 3360 οὕτως
2233 3297 2324 3350 τὸν
2350 3296 2502 3366 φίλον
2533 3295 2622 3348 τοῦ
2659 3295 2941 3366 βασιλέως.
2978 3297 3246 3359 Τοιούτως
3268 3297 3362 3348 ἐπὶ
3394 3296 3458 3365 τῇ
3485 3291 3608 3362 θείᾳ

2025 3389 2434 3458 συγκαταϐἀσει
2477 3387 2588 3441 νόει
2625 3403 2747 3457 μοι’
2793 3389 2916 3443 οὐδὲ
2949 3391 3055 3462 γὰρ
3094 3389 3152 3454 ἐξ
3212 3389 3458 3457 ἀνάγκης
3488 3379 3608 3456 ἧκε

2023 3483 2230 3536 παῦσαι
2271 3481 2338 3534 τὰ
2367 3480 2637 3534 σκάνδαλα
2667 3520 2679 3544 ,
2714 3480 2829 3533 ἀλλ’
2865 3481 3234 3551 ἐλευθερῶσαι
3264 3481 3353 3533 τὸν
3382 3479 3596 3545 ἀνθρωο

343 3581 465 3618 πον.
501 3565 574 3618 Τὸ
603 3567 660 3619 δὲ
689 3572 950 3636 πράττειν
1005 3566 1240 3636 πονηρὸν
1301 3566 1411 3620 εἴτε
1477 3568 1681 3634 ἀγαθὸν
1741 3567 1841 3637 τῆς
1877 3570 2150 3644 ἡμετέρας
2193 3576 2310 3627 ἐστὶ
2373 3573 2742 3643 προαιρέσεώς
2790 3590 2845 3626 τε
2900 3573 2995 3627 καὶ
3028 3573 3417 3641 συνειδήσεωςο
3482 3570 3605 3621 ἐπεὶ

342 3655 442 3723 τὴν
472 3656 581 3708 τῶν
611 3659 937 3728 ἀμφοτέρων
964 3656 1167 3725 γνῶσιν
1197 3660 1328 3728 ἡμῖν
1358 3660 1644 3731 ἀνέθηκεν.

420 3750 504 3804 ll.
531 3750 668 3805 Dicit
695 3750 1031 3805 Saracenos:
1061 3749 1198 3806 Cum
1225 3762 1438 3807 vosmet
1467 3753 1658 3807 dicatis
1693 3751 1934 3822 pretioso

347 3842 608 3912 sanguine
628 3852 861 3912 emptos,
886 3859 983 3912 age
1005 3843 1093 3898 dic
1123 3859 1153 3897 a
1175 3859 1410 3913 quonam
1440 3845 1643 3900 venditi
1667 3845 1892 3900 fueratis
1913 3874 1930 3900 .

345 3944 400 3985 et
418 3947 513 4000 pro
530 3948 763 4000 quonam
789 3932 1036 3988 Christus
1059 3935 1378 4006 sanguinem
1408 3950 1565 3988 suum
1589 3934 1931 4004 profuderit?

348 4022 578 4089 Insuper
615 4023 918 4086 dicitis,vos
985 4035 1146 4078 antea
1206 4025 1374 4079 fuisse
1408 4025 1609 4078 diaboli
1668 4026 1925 4088 famulos,

350 4113 628 4166 Christum
663 4129 790 4167 vero
844 4115 1226 4169 advenientem
1259 4131 1354 4169 vos
1390 4115 1707 4170 redemisse.
1757 4117 1922 4184 Atqui

351 4207 396 4260 si
421 4205 670 4261 Christus
700 4207 1013 4276 sanguinem
1041 4221 1200 4260 suum
1231 4205 1446 4260 diabolo
1522 4205 1737 4260 dedisse
1807 4222 1930 4276 pre-

355 4299 491 4352 tium
521 4297 750 4359 dicatur,
789 4312 968 4352 nonne
995 4298 1108 4352 haec
1165 4297 1390 4352 exitiosa
1445 4296 1780 4366 blasphemia
1837 4297 1936 4350 fit?

354 4391 444 4444 Ait
475 4388 826 4459 Euthymius:
857 4389 1280 4446 Misericordiam
1304 4389 1399 4444 Dei
1436 4389 1664 4458 ejusque
1693 4388 1937 4443 ineffabi-

2113 3759 2203 3807 ια’.
2226 3752 2388 3822 Λέγει
2418 3755 2446 3806 6
2479 3751 2815 3822 Σαρακηνός·
2857 3748 3039 3820 ’Υμῶν
3071 3749 3334 3814 λεγόντων
3372 3749 3451 3801 ὅτι
3472 3748 3606 3816 ἠγο-

2039 3846 2273 3917 ράσθητε
2307 3845 2385 3914 τῷ
2406 3846 2569 3914 τιμίῳ
2591 3844 2802 3913 αῐματι,
2835 3844 2982 3911 παρά
3010 3843 3152 3904 τίνος
3177 3841 3486 3909 ὲπράθητε;
3515 3840 3612 3893 καὶ

2037 3937 2176 4004 ὑπὲρ
2201 3937 2346 3998 τίνος
2370 3935 2566 3988 ἔδωκεν
2595 3934 2876 4004 όιΧριστὺς
2897 3933 2956 3984 τὸ
2981 3925 3120 4000 αἷμα
3145 3929 3306 3984 αὑτοῦ
3331 3947 3345 3991 ς
3374 3931 3482 3982 Καὶ
3507 3927 3618 3982 πά-

2033 4027 2119 4080 λιν
2149 4029 2336 4095 λέγετε
2368 4028 2449 4080 ὅτι
2477 4027 2656 4080 δοῦλοί
2689 4028 2810 4078 ὲστε
2851 4023 3043 4094 πρώην
3075 4022 3166 4075 τοῦ
3205 4021 3484 4085 διαϐόλου,
3516 4021 3614 4076 καὶ

2035 4119 2205 4171 ἐλθὼν
2226 4121 2253 4171 6
2274 4118 2502 4190 Χριστὸς
2531 4118 2675 4188 ὑμᾶς
2700 4116 2970 4186 ἠγόρασεν
2991 4132 3004 4145 ·
3036 4115 3128 4167 καὶ
3159 4115 3252 4165 ἐὰν
3277 4113 3353 4182 τῷ
3379 4112 3611 4181 διαϐόλῳ

2040 4209 2238 4263 ιδωκεν
2267 4208 2432 4262 αὐτοῦ
2457 4207 2514 4260 1:6
2537 4205 2675 4276 αἷμα
2705 4206 2802 4276 (5),
2833 4208 3066 4274 ἀρκέσει
3093 4205 3248 4258 τοῦτο
3274 4206 3349 4266 είς
3378 4203 3620 4272 βλασφη-

2046 4303 2175 4374 μίαν
2201 4301 2296 4356 καὶ
2333 4299 2630 4354 ἀπώλειαν.
2666 4301 2808 4369 Ἔφη
2839 4301 2865 4351 6
2900 4297 3169 4366 Εὐθύμιος
3194 4312 3208 4326 ’
3240 4296 3380 4356 Τοὺς
3412 4294 3619 4363 οἰκτιρο

2049 4396 2182 4465 μους
2211 4393 2306 4447 τοῦ
2335 4391 2601 4457 Θεοῦ,καὶ
2633 4391 2732 4462 τήν
2766 4391 2972 4458 ἄφατον
3010 4387 3172 4442 αὑτοῦ
3213 4386 3620 4453 εὑσπλαγχνίαν

357 4483 520 4536 bilem
587 4482 1009 4552 benignitatem,
1058 4496 1318 4536 vocamus
1388 4496 1491 4536 nos
1559 4481 1921 4536 venditionem

2035 4485 2307 4554 καλοῦμεν
2346 4485 2555 4554 πρᾶσιν
2591 4483 2682 4535 καὶ
2727 4481 2966 4549 ἀγοράν·
3005 4480 3207 4547 πρᾶσιν
3243 4477 3340 4546 μὲν
3373 4475 3453 4528 ὅτι
3501 4474 3616 4526 κλίο

356 4581 516 4641 atque
541 4571 916 4641 emptionem:
969 4572 1337 4628 venditionem
1381 4571 1626 4642 quidem,
1679 4572 1804 4640 quia
1837 4586 1940 4626 nos

358 4664 412 4718 in
442 4663 723 4719 adversam
784 4672 989 4733 partem
1065 4663 1426 4728 declinantes,
1483 4661 1676 4732 abiecti
1741 4677 1772 4716 a
1828 4662 1936 4716 Deo

360 4757 582 4817 fuimus,
631 4757 700 4810 ab
758 4771 933 4826 eoque
989 4754 1714 4823 recessimus.Emptionem
1760 4763 1942 4809 autem

360 4849 588 4903 dicimus
631 4848 952 4903 immensam
977 4847 1224 4916 ejusdem
1277 4846 1665 4918 benignitatem
1697 4855 1751 4901 et
1807 4861 1944 4900 con-

359 4940 792 4996 descensionem.
833 4941 1112 4996 Proferam
1155 4940 1249 4994 tibi
1304 4938 1637 5008 exemplum,
1675 4937 1936 5005 quoniam

363 5029 416 5082 id
454 5030 770 5097 mysterium
812 5045 919 5083 non
955 5029 1146 5097 capis;
1179 5028 1272 5082 sed
1327 5028 1424 5081 hac
1478 5027 1706 5080 recitata
1753 5025 1941 5078 simili-

365 5121 569 5182 tudine,
621 5120 672 5175 id
729 5121 948 5175 demum
1005 5120 1468 5189 comprehendere
1521 5115 1746 5184 poteris.
1819 5115 1934 5168 Rex

365 5212 579 5280 quidam
611 5212 885 5277 regionem
926 5212 1194 5281 egregiam
1227 5210 1532 5278 possidebat
1565 5223 1629 5262 ac
1666 5221 1938 5275 magnam.

373 5305 566 5361 Verum
608 5306 730 5360 illuc
773 5305 1038 5377 [morbus]
1064 5305 1308 5374 irrepens
1336 5303 1584 5358 funditus
1617 5316 1736 5356 eam
1778 5301 1941 5355 deso-

371 5398 934 5468 labat.Dolensjtaqoe
959 5414 1075 5462 rex,
1107 5399 1422 5453 convocatis
1448 5394 1668 5464 optimis
1691 5392 1939 5453 medicis,

373 5491 698 5546 sententiam
723 5491 934 5544 illorum
966 5491 1198 5562 rogavit,
1228 5487 1527 5556 multisque
1571 5484 1774 5549 missis,
1802 5497 1951 5536 mor-

377 5584 484 5639 bus
515 5594 696 5640 tameu
749 5584 925 5639 sanari
957 5598 1068 5638 non
1106 5580 1302 5652 potuit.
1353 5580 1521 5634 Erant
1578 5586 1759 5632 autem
1794 5575 1847 5630 in
1875 5590 1938 5629 ea

2042 4595 2232 4640 ναντες
2279 4576 2357 4640 είς
2395 4576 2465 4628 τά
2511 4573 2733 4627 ἐναντία
2768 4570 3162 4640 ἀπερρίφημεν
3212 4567 3324 4621 ἀπὸ
3355 4565 3491 4618 Θεοῦ
3528 4567 3622 4618 καὶ

2042 4671 2362 4739 ἀπέστημεν
2382 4684 2397 4700 ⁸
2432 4667 2640 4737 ἀγορὰν
2679 4665 2736 4718 δὲ
2759 4664 2860 4732 τήν
2887 4660 3054 4714 αὐτοῦ
3086 4660 3313 4727 ἄπειρον
3345 4657 3619 4724 εὐσπλαγο

2043 4763 2199 4834 χνίαν
2229 4761 2323 4814 καὶ
2359 4757 2790 4820 συγκατάϐασιν.
2824 4754 2980 4807 Εἴπω
3022 4768 3104 4804 σοι
3133 4751 3190 4803 δὲ
3221 4751 3316 4803 καὶ
3342 4748 3616 4817 ὁμοίωμα,

2044 4856 2128 4908 ὅτι
2153 4853 2216 4905 τὸ
2251 4849 2548 4920 μυστήριον
2573 4847 2732 4901 τοῦτο
2782 4846 2882 4898 οὐκ
2922 4842 3202 4912 ἐχώρησε,
3259 4841 3355 4893 καὶ
3412 4840 3476 4892 ὲκ
3519 4838 3614 4890 τοῦ

2043 4944 2394 5016 όμοιώματος
2423 4941 2642 5009 δυνήσει
2672 4937 3001 4992 καταλαϐεῖν
3033 4933 3211 4987 τοῦτο.
3247 4931 3510 4992 Βασιλεύς
3540 4947 3622 4992 τις

2044 5033 2158 5105 εἶχε
2207 5031 2391 5102 χώραν
2432 5029 2631 5100 πολλὴν
2676 5028 2768 5082 καὶ
2801 5026 3066 5095 μεγάλην.
3115 5023 3232 5076 Καὶ
3267 5021 3516 5091 είσῆλθεν
3546 5021 3626 5081 είς

2045 5126 2146 5193 τήν
2177 5121 2372 5175 ἑαυτοῦ
2405 5119 2589 5191 χώραν
2614 5114 2816 5189 [νόσος]
2847 5115 2988 5168 ὥστε
3018 5111 3300 5173 παντελῶς
3325 5108 3621 5177 ἀφανισθῆ-

2047 5233 2158 5270 ναι.
2184 5214 2486 5285 Περίλυπος
2515 5207 2608 5265 οὖν
2638 5209 2930 5279 γενόμενος
2953 5207 2980 5257 6
3013 5202 3291 5275 βασιλεὺς,
3317 5200 3626 5272 προσκαλε-

2052 5306 2286 5377 σάμενος
2322 5305 2448 5366 τοὺς
2494 5301 2753 5373 ἀρίστους
2797 5295 2962 5352 αὐτοῦ
3008 5293 3248 5362 ἰατροὺς.
3291 5291 3630 5344 ἐπυνθάνετο

2053 5398 2181 5467 παρ’
2214 5393 2393 5448 αὐτῶν
2413 5433 2428 5456 ,
2458 5393 2553 5446 καὶ
2581 5389 2809 5452 πολλοὺς
2835 5387 2944 5439 τῶν
2979 5382 3177 5451 ἰατρῶν
3205 5382 3591 5446 ἐξαποστείλας
3613 5423 3629 5448 ,

2056 5491 2159 5545 οὐκ
2197 5487 2540 5558 ἠδυνήθησαν
2586 5481 2943 5554 θεραπεῦσαι.
2997 5481 3276 5549 Ὑπῆρχον
3315 5477 3371 5531 δὲ
3411 5479 3492 5540 είς
3529 5477 3630 5546 τήν

2053 5578 2238 5652 χώραν
2274 5575 2368 5630 τοῦ
2401 5574 2659 5647 βασιλέως
2700 5572 3020 5643 χαιρέκακοι
3050 5569 3329 5638 ἄνθρωποι
3361 5566 3455 5620 καὶ
3498 5567 3632 5636 γόη-

458 5738 539 5803 (5)
577 5738 944 5803 Quaestionem
969 5737 1109 5808 hanc
1146 5732 1382 5808 appellat
1433 5740 1674 5808 veterem
1726 5728 1957 5784 Photius
2067 5728 2338 5808 edidimus
2369 5726 2567 5808 script.
2604 5734 2703 5782 vel.
2737 5735 2884 5781 tonio
2923 5723 3145 5795 prium),
3176 5737 3231 5779 et
3262 5723 3418 5779 docte
3451 5721 3629 5777 soler-

386 5799 948 5882 in‘Amphilochiana
1005 5799 1390 5865 dissertatione
1445 5817 1573 5862 xxiv
1628 5801 1812 5872 (quam
1855 5815 1956 5858 nos
2012 5809 2249 5888 .terque
2272 5799 2521 5855 dissolvit
