4006 6248
273 297 335 360 33
1474 296 1942 361 DISPUTATI‘O
1980 297 2082 360 DE
2119 298 2326 362 FIDE.
3467 309 3536 375 31

268 429 370 475 τις.
406 409 476 464 Τί
503 407 603 464 οῦν
634 409 784 464 ποιεῖ
805 410 840 464 '6
869 408 1152 480 βασιλεύς;
1196 410 1332 465 Ἕνα
1363 411 1480 466 υῑδν
1519 412 1661 484 ἔχων
1696 427 1858 482 povo-

1969 413 2110 484 regis
2137 413 2413 483 provincia
2445 415 2665 487 maligni
2701 415 2952 472 homines
2981 423 3038 472 et
3090 415 3340 473 maleﬁci.
3392 418 3535 485 Quid

268 505 414 572 γενῆ,
475 501 748 571 ἀνέδησεν
803 500 954 572 αὖτῷ
1002 501 1276 572 προϐάτου
1365 502 1553 574 δορὰν,
1607 503 1702 555 καὶ
1761 503 1851 567 ἐξ-

269 595 582 651 ακέστειλεν
615 595 698 656 είς
731 593 832 661 τὴν
865 592 1062 646 ἑαυτοῦ
1096 593 1299 664 χώραν.
1317 595 1540 658 ’ἰδόντες
1569 593 1626 647 δὲ
1663 594 1853 648 τοῦτον

271 691 313 741 oi
345 687 681 755 χαιρέκακοι
715 685 920 748 παῖδες
945 684 1043 754 τῆς
1079 684 1260 756 χώρας
1296 687 1513 755 ἐκείνης
1539 724 1555 750 ,
1594 685 1852 750 λαϐόντες

275 776 449 829 τοῦτον
491 775 845 826 ἀπέκτειναν.
892 773 1002 826 Καὶ
1051 774 1228 827 λαϐὼν
1278 776 1306 827 6
1347 775 1600 845 βασιλεὺς
1631 776 1687 829 ἐν
1729 777 1851 840 ταῖς

283 863 434 933 χερσὶ
465 865 572 920 ταῖς
600 860 765 922 ἰδίαις
798 861 859 914 τὸ
915 862 1008 914 τοῦ
1041 863 1158 916 υἱοῦ
1190 863 1354 918 αὑτοῦ
1383 858 1545 933 αἷμα,
1574 866 1668 916 καὶ
1699 865 1854 917 ποτί-

297 972 386 1018 σας
401 956 477 1007 τὸν
498 951 623 1007 λαὸν
649 992 666 1016 ,
715 951 1085 1022 ἐζωοποίησεν
1115 957 1178 1008 ἐκ
1209 956 1301 1009 τοῦ
1333 956 1560 1010 θανάτου
1592 956 1691 1027 τὴν
1723 958 1849 1010 ἑαυ-

301 1046 378 1098 τοῦ
407 1050 608 1112 χώραν.
644 1045 779 1098 Νόει
813 1061 902 1108 μοι
947 1046 1042 1098 καὶ
1075 1047 1170 1096 ἐπὶ
1201 1045 1292 1099 τοῦ
1329 1047 1561 1118 φοϐεροῦ
1597 1047 1850 1118 σώματος

299 1136 367 1189 καί
395 1133 628 1202 αἵματος
678 1133 774 1186 τοῦ
821 1135 1061 1203 Χριστοῦ
1115 1139 1195 1190 ὃτι
1264 1135 1384 1190 οὔτε
1439 1137 1669 1204 ἄγγελος
1724 1137 1851 1190 οὔτε

288 1227 553 1295 προφήτης
574 1220 646 1295 ἦν
674 1223 900 1288 δυνατὸς
929 1226 1204 1292 ἐξελέσθαι
1226 1229 1316 1281 τὸν
1338 1229 1628 1299 ἄνθρωπον
1656 1231 1720 1282 ἐκ
1746 1230 1847 1298 τῆς

280 1317 573 1384 τυραννίδος
609 1316 706 1368 τοῦ
735 1315 986 1370 διαϐόλου
1019 1319 1066 1370 εί
1121 1318 1195 1389 μή
1225 1320 1253 1371 6
1285 1319 1448 1382 αὐτὸς
1475 1320 1718 1392 ἀρχηγὸς
1748 1319 1850 1388 τῆς

275 1407 407 1475 ζωῆς
433 1409 597 1476 ἡμῶν
622 1408 720 1462 καὶ
748 1407 842 1478 τῆς
871 1409 1142 1480 σωτηρίας
1169 1408 1301 1474 Θεὸς
1332 1410 1422 1463 διὰ
1447 1410 1542 1464 τοῦ
1573 1411 1702 1464 ἰδίου
1746 1409 1852 1462 σώ-

274 1515 431 1568 ματος
461 1500 563 1552 καὶ
589 1501 846 1569 αἵματος.

332 1591 415 1661 ιβ’.
444 1592 617 1659 Λέγει
644 1594 674 1646 6
703 1592 1020 1662 Σαρακηνός
1043 1607 1057 1624 ·
1086 1592 1188 1644 Διὰ
1211 1593 1266 1645 τί
1299 1592 1328 1645 6
1357 1591 1602 1662 Μωάμεδ
1632 1591 1734 1646 ὑπὸ
1753 1592 1847 1646 τοῦ

269 1682 549 1751 προφήτου
578 1680 801 1734 Ἡσαΐου
821 1680 1224 1750 κηρυττόμενος
1246 1681 1552 1751 προφήτης,
1577 1684 1670 1735 καὶ
1700 1683 1757 1735 ὲν
1780 1684 1847 1753 τῇ

1954 519 2084 574 ergo
2116 521 2208 559 rex
2239 505 2414 560 fecit?
2446 507 2640 562 Filium
2714 508 2921 563 habens
2981 508 3342 578 unigenitum,
3407 511 3534 564 huic

1971 595 2232 663 imposuit
2288 598 2503 654 ovinam
2552 599 2770 668 pellem,
2826 608 2985 667 atque
3039 598 3109 652 ita
3156 600 3211 652 in
3257 600 3530 668 regionem

1956 687 2101 740 illam
2157 687 2410 742 dimisit:
2457 704 2619 758 quem
2675 690 2851 744 visum
2903 690 3119 760 maligni
3157 690 3232 743 illi
3283 690 3529 745 homines

1949 790 2276 850 Captumque
2359 781 2778 834 interemerunt.
2855 781 2923 833 At
2976 797 3068 834 rex
3128 781 3377 835 manibus
3417 781 3533 834 suis

1952 870 2044 924 lilii
2071 872 2388 941 sanguinem
2407 885 2649 932 sumens,
2672 885 2843 939 eoque
2866 871 3120 939 populum
3153 871 3299 923 illum
3317 881 3530 938 potans,

1949 957 2225 1027 regionem
2263 972 2414 1011 suam
2443 957 2510 1011 de
2536 956 2704 1010 exitio
2731 957 2797 1010 ad
2853 959 3017 1008 vitam
3065 959 3360 1010 revocavit.
3407 956 3532 1010 Pari

1949 1049 2111 1102 modo
2143 1046 2304 1119 igitur
2337 1057 2553 1116 reputes
2589 1047 2747 1100 velim
2787 1047 2854 1101 de
2884 1048 3197 1101 venerando
3226 1062 3453 1116 corpore
3473 1059 3531 1100 et

1949 1141 2212 1210 sanguine
2231 1139 2473 1204 Christi;
2502 1139 2642 1207 quod
2671 1153 2868 1207 nempe
2887 1153 3063 1206 neque
3081 1138 3329 1208 angelus,
3355 1151 3534 1206 neque

1947 1229 2234 1299 propheta,
2293 1238 2507 1299 poterat
2560 1229 2838 1282 hominem
2903 1229 2971 1282 de
2998 1229 3198 1282 diaboli
3235 1228 3523 1298 tyrannide

1952 1317 2190 1386 eripere,
2223 1325 2419 1387 praeter
2463 1333 2627 1386 quam
2674 1317 2790 1387 ipse
2842 1327 3043 1372 nostra;
3070 1319 3194 1372 vita:
3249 1328 3439 1372 auctor
3482 1325 3538 1373 et

1949 1406 2143 1463 salutis
2173 1407 2335 1472 Deus,
2375 1422 2472 1476 per
2497 1407 2778 1478 proprium
2809 1421 3008 1476 corpus
3033 1416 3087 1462 et
3118 1408 3461 1477 sanguinein.

2023 1589 2110 1643 η.
2137 1588 2276 1642 Dicit
2301 1589 2639 1643 Saracenos:
2670 1588 2781 1643 Cur
2811 1587 3185 1644 Mobamedem
3213 1603 3244 1642 a
3267 1589 3538 1658 propheta

1948 1681 2088 1736 Isaia
2120 1681 2512 1751 proclamatum
2550 1682 2870 1750 prophetam
2902 1692 2958 1735 et
3007 1681 3210 1735 diserte
3241 1681 3529 1750 scriptum,

265 1772 508 1843 ὑμετέρᾳ
537 1776 722 1842 γραφῇ
749 1772 1149 1843 κηρυττόμενος
1175 1774 1458 1842 προφήτης
1485 1775 1579 1826 καὶ
1605 1790 1852 1844 γεγραμ-

1964 1790 2051 1830 vos
2074 1773 2404 1844 repudiatis?
2422 1773 2513 1827 Ait
2528 1773 2868 1843 Euthymius:
2887 1771 3112 1827 Intende
3124 1781 3362 1826 mentem
3388 1781 3536 1826 tuam

265 1864 419 1929 μένος
477 1863 581 1927 ὢν,
636 1863 903 1927 ὲξεώσατε
964 1863 1193 1928 τοῦτον;
1251 1863 1398 1932 Ἔφη
1445 1866 1472 1916 ό
1534 1863 1846 1934 Εὺθῦμιοςο

261 1951 469 2021 Στῆσον
497 1951 593 2006 τὸν
625 1952 751 2005 νοῦν
774 1969 867 2004 σου
897 1953 991 2004 καὶ
1020 1952 1117 2021 τὴν
1153 1951 1459 2021 συνείδησίν
1488 1970 1581 2005 σου
1614 1952 1848 2007 ἐνώπιον

260 2043 352 2096 τοῦ
393 2043 536 2096 Θεοῦ
587 2046 699 2105 τοῖς
748 2043 926 2111 λόγοις
983 2041 1078 2096 τοῦ
1125 2041 1370 2094 Ἡσαΐου.
1405 2041 1568 2108 Λέγει
1599 2042 1626 2094 6
1668 2042 1850 2111 Σαρα-

258 2137 427 2205 κηνός
450 2152 465 2165 ⁸
494 2137 560 2189 Et
579 2136 608 2187 6
633 2135 788 2201 Θεὸς,
814 2135 917 2188 οὐκ
937 2132 1260 2201 ἀμφίϐολοςζ
1305 2132 1468 2198 Λέγει
1495 2133 1522 2184 ό
1548 2130 1852 2201 Εὑθύμιοςο

260 2227 338 2280 Τί
391 2243 472 2279 σοι
521 2227 670 2280 δοκεῖ
711 2227 840 2296 περὶ
883 2226 1072 2278 τούτου
1110 2223 1202 2277 τοῦ
1253 2223 1531 2292 προφήτου
1590 2221 1850 2288 Ἧσαῖου;

258 2319 522 2390 θεράπων
553 2313 622 2387 ἦν
651 2315 786 2370 Θεοῦ
817 2315 912 2369 καὶ
941 2315 1191 2385 ἀληθινὸς
1223 2315 1508 2385 προφήτης
1545 2312 1577 2384 ἢ
1613 2311 1708 2380 οὓς
1747 2313 1852 2367 Δέ-

256 2428 350 2478 re:
382 2413 411 2463 6
443 2410 784 2479 Σαρακηνός·
822 2408 932 2460 Καὶ
967 2406 1108 2460 πάνυ
1142 2407 1424 2475 προφήτης
1454 2404 1549 2456 καὶ
1573 2403 1851 2474 θεράπων.

264 2503 418 2571 Ἔφη
450 2505 478 2554 6
519 2501 824 2570 Εὑθύμιος·
861 2497 1114 2561 Τοιοῦτος
1142 2497 1282 2557 θεῖος
1319 2496 1602 2566 προφήτης
1633 2496 1726 2548 καὶ
1759 2495 1855 2564 μέ-

259 2609 367 2658 γας
403 2591 636 2654 Ἦσαιας
683 2589 812 2642 τάδε
857 2588 991 2659 φησὶ
1025 2583 1274 2657 περὶτοῦ
1316 2583 1559 2654 Μωάμεδ
1601 2597 1616 2612 '
1672 2582 1854 2653 Ἀφεῖ-

262 2686 340 2737 ,ιε
382 2685 600 2751 Κύριος
631 2683 750 2735 ἀπὸ
790 2678 1192 2748 Ἰερουσαλὴμ
1216 2676 1411 2746 μέγαν
1455 2676 1554 2728 καί
1596 2676 1850 2744 μικρὸν,

265 2778 461 2843 κεφαλ
472 2774 551 2840 ὴν
565 2775 660 2827 καί
679 2775 888 2840 οὐρὰν,
909 2770 1221 2840 προφήτην
1241 2766 1469 2836 ἄνομον
1488 2765 1854 2820 διδάσκοντα

267 2867 462 2933 ἄνομα
481 2881 497 2896 ο
523 2860 596 2919 οὗ
621 2865 677 2916 τί
708 2865 746 2931 ἠ
785 2861 937 2931 οὐρά
958 2878 977 2926 ;
1006 2863 1104 2915 καί
1125 2861 1281 2914 ἔστω
1304 2857 1556 2912 πλανῶν
1580 2858 1676 2912 καὶ
1702 2860 1854 2912 πλα-

268 2957 566 3026 νώμενες·
604 2956 780 3009 ταῦτα
818 2957 1116 3023 φάσκοντος
1155 2952 1251 3006 τοῦ
1301 2951 1527 3004 Ἠσαίου
1571 2952 1702 3020 περὶ
1755 2948 1850 3004 τοῦ

270 3049 536 3118 Μωὰμεδ.
575 3049 741 3113 Λέγει
775 3051 802 3100 6
838 3046 1174 3116 Σαρακηνόςο
1215 3044 1352 3098 Εἰπὲ
1382 3045 1534 3113 ἡμῖν,
1571 3042 1668 3112 τῆς
1705 3041 1855 3104 θείας

269 3143 493 3212 Γραφῆς
542 3140 806 3207 λεγούσης
857 3152 872 3168 '

271 3231 480 3286 αὐλῶν
523 3230 631 3285 τὸν
682 3227 854 3284 οἶνον
890 3230 1173 3294 πίνοντες
1211 3230 1304 3281 καὶ
1346 3225 1442 3295 Μὴ
1481 3227 1862 3296 μεθύσκεσθε

275 3322 444 3379 οἶνον
498 3327 570 3380 ἐν
624 3317 672 3391 ᾧ
721 3326 896 3379 ἐστιν
944 3325 983 3390 ἡ
1014 3323 1244 3377 ἀσωτία
1295 3321 1410 3385 πῶς
1465 3321 1682 3392 ὁρῶμεν
1737 3319 1862 3382 τοὺς

279 3420 640 3490 Χριστιανοὺς
664 3420 728 3470 ὲν
760 3419 828 3487 τῇ
859 3417 1000 3488 μέθῃ
1037 3417 1132 3471 καὶ
1185 3417 1244 3468 ὲν
1288 3415 1564 3485 ὀρχήμασι
1621 3413 1866 3488 δαιμονι-

278 3514 430 3576 ιοίς;
489 3509 1033 3580 Καταχριστιανικῶς
1072 3506 1229 3562 τοῦτο
1295 3493 1672 3577 πράττουσιν.Δ
1716 3499 1866 3572 *Δρά

284 3622 347 3674 γε
401 3603 625 3675 μέτοχοι
681 3604 788 3655 είσι
851 3601 964 3670 τῆς
1010 3599 1103 3653 τοῦ
1153 3598 1287 3653 Θεοῦ
1347 3597 1659 3668 βασιλεία;;
1715 3595 1861 3666 Ἔφη

281 3698 310 3748 6
347 3695 620 3766 εὐθύμως
645 3709 659 3724 ⁸
695 3694 788 3764 Μή
824 3691 1038 3761 γένοιτο
1063 3707 1076 3722 ⁶
1121 3690 1196 3761 μὴ
1231 3689 1536 3754 πλανᾶσθε,
1572 3691 1674 3758 τῆς
1710 3686 1862 3749 Θείας

275 3788 499 3857 Γραφῆς
525 3784 680 3856 ήμῶν
707 3784 971 3854 λεγούσης
1015 3783 1058 3814 ¹⁸
1082 3800 1096 3814 ⁶
1124 3783 1358 3847 Δίκαιος
1386 3781 1624 3850 Κύριος,
1652 3779 1750 3832 καὶ
1772 3776 1862 3830 διι-

277 3881 614 3944 καιοσύνης
664 3878 988 3946 ἠγάπησεν
1033 3891 1047 3905 ⁸
1083 3874 1220 3930 Οὔτε
1246 3873 1456 3944 πόρνοι,
1499 3869 1624 3923 οὔτε
1659 3869 1861 3939 μοιχοὶ,

1955 1876 2119 1936 atque
2142 1866 2554 1927 conscientiam,
2582 1879 2683 1918 ceu
2714 1873 2842 1918 ante
2859 1874 3211 1933 conspectum
3245 1863 3360 1925 Dci,
3390 1862 3540 1916 Isaia:

1953 1961 2158 2016 verbis.
2189 1959 2330 2013 Dicit
2350 1957 2653 2011 Saracenus
2687 1972 2702 2008 :
2735 1953 2788 2008 Si
2823 1952 2970 2008 Deus
3003 1964 3110 2018 est,
3143 1968 3255 2014 non
3289 1953 3390 2006 erit
3426 1967 3544 2006 am-

1952 2049 2150 2120 biguus
2174 2049 2284 2104 .Ait
2311 2047 2632 2117 Euthymius
2661 2061 2676 2098 :
2714 2043 2853 2109 Quid
2883 2043 2976 2098 tibi
3009 2044 3075 2099 de
3110 2044 3214 2098 hoc
3270 2045 3539 2113 propheta

1955 2142 2094 2206 Isaia
2126 2140 2370 2195 videtur?
2395 2153 2660 2194 servusne
2685 2137 2781 2191 Dei
2817 2145 2903 2190 est
2952 2151 3224 2203 verusque
3253 2136 3540 2204 propheta,

1958 2232 2163 2290 necne?
2201 2232 2342 2286 Dicit
2368 2231 2711 2285 Saracenus:
2743 2227 3010 2296 Propheta
3054 2242 3282 2298 magnus
3340 2227 3542 2297 Deique

1954 2325 2218 2382 famulus.
2247 2324 2338 2380 Ait
2357 2321 2711 2394 Euthymius:
2739 2321 2905 2376 Divus
2932 2320 3020 2374 hic
3043 2334 3380 2389 magnusque
3403 2335 3532 2389 pro-

1963 2417 2128 2486 pheta
2163 2416 2330 2471 Isaias
2361 2416 2478 2469 haec
2506 2415 2572 2470 de
2598 2413 2914 2468 Mohamede
2937 2412 3087 2466 dicit:
3103 2411 3336 2465 Abstulit
3358 2409 3541 2463 Domi-

1969 2527 2066 2564 nus
2107 2511 2171 2563 de
2191 2506 2490 2562 Jerusalem
2516 2522 2764 2575 magnum
2795 2520 3140 2574 parvumque.
3166 2513 3384 2572 caputet
3414 2520 3544 2556 cau-

1955 2603 2102 2667 dam,
2129 2599 2438 2670 prOphctam
2459 2597 2682 2666 impium
2711 2596 2874 2665 impia
2902 2602 3192 2649 docentem.
3217 2594 3384 2664 Cujus
3415 2594 3538 2663 qui-

1955 2695 2074 2747 dem
2099 2691 2224 2762 quid
2243 2692 2416 2745 cauda
2440 2701 2515 2744 est
2531 2693 2555 2746 ?
2572 2691 2770 2759 eritque
2788 2688 3052 2756 decipiens
3075 2697 3122 2739 et
3147 2687 3413 2754 deceptus;
3430 2688 3544 2739 haec

1956 2784 2102 2839 enim
2136 2784 2275 2839 dicit
2301 2783 2469 2838 Isaias
2485 2783 2554 2838 de
2579 2781 2898 2835 Mohamede
2925 2779 2990 2831 “.
3025 2779 3162 2832 Dicit
3191 2778 3495 2831 Saracenus
3527 2794 3543 2830 :

1956 2876 2055 2931 Die
2076 2876 2259 2940 nobis,
2281 2891 2404 2930 cum
2425 2875 2610 2930 divina
2632 2874 2907 2944 Scriptura
2924 2872 3100 2926 dicat:
3126 2869 3216 2924 Va:
3233 2873 3296 2924 iis
3314 2873 3548 2940 quitym-

1937 2962 2101 3040 ’pana
2129 2978 2362 3023 tenentes
2383 2970 2727 3023 vinumsuum
2745 2967 2923 3020 bibunt
2943 2965 3019 3030 ¹³;
3047 2963 3196 3018 item:
3229 2963 3406 3017 Nolite
3437 2965 3547 3016 ine-

1965 3062 2132 3116 briari
2157 3061 2374 3127 uino,in
2395 3077 2496 3127 quo
2531 3069 2606 3113 est
2639 3059 2930 3125 luxuria",
2965 3075 3064 3112 cur
3089 3057 3428 3112 Christianos
3465 3056 3546 3110 vi-

929 3136 1075 3191 Οὐαὶ
1115 3138 1170 3189 οἱ
1211 3133 1362 3205 μετὰ
1391 3131 1719 3202 τυμπάνων
1751 3131 1852 3185 καί

1965 3154 2160 3209 demus
2211 3153 2462 3209 ebrietati
2493 3161 2550 3208 et
2595 3151 2877 3207 diabolicis
2907 3152 3124 3206 choreis
3157 3149 3548 3220 indulgentes?

1961 3245 2194 3300 Prorsus
2223 3243 2329 3300 hoc
2359 3259 2389 3298 a
2416 3241 2730 3297 Christiano
2777 3241 3028 3296 instituto
3066 3240 3304 3294 alienum
3357 3249 3547 3307 agunt.

1963 3338 2111 3394 Num
2145 3337 2312 3408 igitur
2353 3336 2446 3390 Dei
2484 3350 2714 3406 regnum
2745 3333 3172 3404 participabunt?
3200 3333 3290 3388 Ait
3337 3332 3547 3402 Euthy-

1963 3426 2406 3485 mius:Absit!Ne
2430 3425 2804 3496 decipiamini,
2821 3427 3106 3494 quoniam,
3134 3426 3209 3480 ait
3235 3424 3540 3494 Scriptura:

1963 3521 2146 3576 Justus
2184 3521 2458 3584 Dominus,
2488 3529 2536 3573 et
2563 3519 2810 3588 justitias
2833 3518 3089 3572 dilexit".
3119 3517 3307 3586 Neque
3336 3525 3544 3571 scorta-

1971 3622 2134 3676 tores,
2159 3626 2334 3681 neque
2365 3610 2621 3674 adulteri,
2657 3624 2840 3678 neque
2899 3608 3127 3670 ebriosi,
3171 3623 3347 3675 neque
3377 3607 3545 3671 fures,

1968 3719 2149 3774 neque
2165 3703 2379 3769 molles,
2413 3716 2592 3770 neque
2630 3701 2996 3756 masculorum
3047 3699 3448 3762 concubitores,
3467 3697 3553 3750 in-

1970 3797 2194 3851 trabunt
2223 3796 2278 3848 in
2304 3809 2532 3864 regnum
2561 3792 2825 3848 caelorum
2852 3792 2932 3858 “;
2967 3789 3072 3846 nisi
3102 3789 3194 3859 qui
3227 3788 3419 3844 fecerit
3452 3801 3552 3842 vo-

1971 3887 2238 3942 luntatem
2271 3886 2388 3940 Dei.

276 3992 404 4046 οὕτε
439 3991 681 4062 μέθυσοι,
707 3990 769 4044 οὐ
801 3989 1053 4056 κλέπται,
1085 3988 1146 4042 οὐ
1186 3983 1448 4057 μαλακοὶ.
1482 3980 1606 4035 οὔτε
1642 3977 2023 4050 ἀρσενοκοῖται
2079 3975 2482 4031 εἰσελεύσονται
2534 3976 2615 4042 είς
2667 3975 2766 4048 τὴν
2825 3973 3104 4047 βασιλείαν
3153 3974 3262 4028 τῶν
3306 3970 3553 4044 οὐρανῶν

281 4088 337 4138 ει
377 4083 458 4154 μὴ
484 4084 516 4134 6
547 4082 705 4135 ποιῶν
731 4083 792 4134 τὸ
827 4081 1041 4152 Θέλημα
1068 4077 1164 4133 τοῦ
1193 4075 1354 4131 Θεοῦ.

357 4170 450 4242 ιγ’.
489 4172 592 4225 Καὶ
621 4172 736 4242 μεθ’
773 4173 938 4241 ἕτερα
964 4172 992 4224 6
1019 4168 1290 4238 Εὺθύμιος
1321 4165 1460 4237 πρὸς
1491 4163 1582 4218 τὸν
1621 4160 1862 4233 Ἀγαρη-

282 4264 372 4318 νον
396 4263 504 4331 ἔφη
531 4280 545 4293 ο
571 4262 706 4314 Εἰπὲ
739 4263 894 4332 ἡμῖν,
933 4254 979 4315 ὧ
1012 4259 1290 4328 σοφώτατε
1321 4255 1429 4310 τῶν
1465 4255 1673 4325 Ἅγαρ·
1705 4254 1864 4323 ὑμεῖς

2039 4153 2128 4209 13.
2147 4151 2212 4206 Et
2231 4151 2474 4223 postalia
2485 4150 2813 4224 Euthymius
2829 4151 3082 4223 Agareno
3093 4150 3230 4206 dixit
3251 4149 3379 4206 :Dic
3391 4151 3548 4210 mihi,

1965 4261 2000 4302 0
2031 4246 2434 4316 sapientissime
2463 4245 2697 4301 ﬁliorum
2737 4246 2930 4314 Agaris
2960 4264 2974 4302 :
3017 4259 3114 4298 vos
3150 4243 3333 4298 dicitis
3364 4244 3553 4299 Multa-

279 4358 468 4422 λέγετε
506 4355 596 4408 τόν
640 4353 884 4425 Μωὰμεδ
928 4351 1212 4405 καλεῖσθαι
1255 4348 1542 4421 προφήτην
1586 4344 1722 4400 Θεοῦ
1770 4344 1858 4398 καὶ

1970 4339 2184 4394 medcm
2221 4338 2405 4393 vocari
2429 4339 2753 4408 prophetam
2780 4337 2877 4390 Dei
2903 4347 2963 4391 et
2985 4336 3239 4406 legatum.
3267 4333 3550 4391 Undeuam

285 4449 584 4502 ἀπόστολον
609 4462 624 4476 ο
663 4446 826 4498 πόθεν
862 4444 1017 4514 ἔχετε
1044 4442 1205 4497 τοῦτο
1235 4442 1442 4508 δεῖξαι,
1474 4440 1568 4493 καὶ
1599 4443 1663 4490 ἐκ
1694 4437 1858 4490 ποίων

1972 4432 2076 4487 hoc
2102 4430 2414 4496 ostenditis,
2439 4440 2495 4486 et
2523 4430 2724 4499 quibus
2765 4427 3025 4482 testibus?
3054 4425 3302 4495 Namque
3348 4436 3406 4481 ut
3433 4442 3555 4482 cer-

290 4541 589 4610 μαρτύρων
612 4555 628 4601 ;
654 4538 904 4610 Ὀρῶμεν
933 4537 1041 4608 γὰρ
1065 4534 1187 4589 οὔτε
1203 4535 1402 4606 κρίσιν,
1431 4532 1555 4585 οὗτε
1585 4529 1866 4597 συζυγίας,

291 4635 414 4686 οὕτε
464 4630 737 4702 πώλησιν,
791 4629 915 4683 οὔτε
977 4630 1206 4698 ἀγορὰν,
1256 4624 1382 4678 οὒτε
1438 4622 1718 4694 χωρισμὸν
1779 4637 1871 4672 συ-

288 4727 504 4790 ζυγὶας.
555 4723 682 4776 οὔτε
725 4722 892 4791 ἄλλην
933 4721 1033 4790 τὴν
1078 4717 1290 4772 οίανοῦν
1339 4715 1594 4768 ὑπόθεσιν
1665 4712 1869 4762 ποιεῖτε

314 4815 490 4885 πάρεξ
551 4812 1054 4884 μεμαρτυρημένας
1102 4806 1342 4878 γραφάς.
1407 4805 1463 4859 ’0
1511 4803 1565 4856 δὲ
1623 4798 1872 4871 Μωάμεδ

293 4904 471 4974 οὗτος,
519 4905 580 4959 6v
630 4906 818 4973 λέγετε
879 4899 1020 4956 εἶναι
1078 4901 1368 4970 προφήτην
1421 4898 1595 4965 ὑμῶν,
1659 4894 1870 4946 παντάο

290 5001 459 5052 πασίν
508 4999 659 5050 ἐστιν
711 4997 1027 5066 ἀμάρτυρος
1075 4994 1168 5047 καὶ
1223 4989 1629 5049 ἀνυπόστατος·
1674 4983 1873 5053 γνώριο

294 5108 395 5160 μσς
427 5090 539 5160 γάρ
570 5094 688 5142 ἐστι
739 5089 892 5158 παρὰ
954 5086 1170 5138 πάντων
1210 5083 1290 5136 ὃτι
1325 5079 1537 5152 μίσθιος
1566 5073 1632 5148 ἦν
1659 5092 1674 5106 ·
1720 5074 1815 5127 καὶ
1844 5071 1874 5124 6

292 5183 392 5252 τῆς
436 5183 580 5249 ζωῆς
631 5179 797 5232 αὐτοῦ
844 5177 1031 5247 χρόνος
1065 5174 1403 5243 πεντήκοντα
1446 5170 1542 5222 καὶ
1574 5166 1735 5218 πέντε
1776 5163 1873 5233 ἐτη

292 5273 404 5335 ζῶν
435 5275 497 5324 ὲν
536 5270 776 5340 ἁσωτείςι
813 5271 909 5322 καὶ
940 5267 1094 5338 πάσῃ
1124 5259 1436 5333 ἀκαθαρσίᾳ
1467 5255 1875 5326 τεσσαράκοντα

292 5367 416 5435 ἐτη,
447 5361 854 5432 είδωὶολατρὼν
877 5363 933 5412 ἐν
962 5359 1110 5428 πάσῃ
1133 5355 1378 5424 ἀσεϐείᾳ.
1411 5351 1493 5404 Τὰ
1516 5349 1573 5402 δὲ
1596 5347 1756 5401 πέντε
1780 5345 1876 5398 καὶ

289 5456 427 5510 δέκα
464 5456 566 5524 ἐτη
599 5454 803 5525 ἤρξατο
834 5449 1294 5523 ψευδοθεοσεδείν,
1325 5445 1478 5514 παρά
1508 5459 1651 5504 τινος
1682 5443 1878 5511 ἀστρο-

291 5549 464 5619 νόμον
497 5545 760 5618 μοναχοῦ,
783 5544 841 5607 ὃς
871 5546 964 5598 καὶ
985 5542 1147 5606 αὐτὸς
1175 5539 1276 5592 οὐκ
1302 5533 1370 5608 ἦν
1400 5533 1557 5608 ὀρθὸς
1586 5531 1687 5603 τῆς
1719 5529 1877 5598 ὀρθο-

402 5739 447 5772 ¹¹
487 5739 598 5794 lsa.
636 5739 828 5807 tx,13,
860 5737 951 5794 15.
1027 5737 1073 5771 "
1099 5735 1206 5792 ιω.
1236 5749 1290 5800 v,
1326 5731 1415 5788 11.

1525 5728 1571 5762 ιδ
1599 5724 1803 5797 Ephes.
1839 5737 1894 5791 γ,
1928 5721 2016 5779 18.
2095 5721 2142 5755 "
2162 5720 2306 5778 Psal.
2346 5718 2493 5792 χιε.

1967 4525 2177 4590 nimus,
2206 4539 2302 4579 vos
2332 4537 2511 4592 neque
2548 4521 2838 4588 judicium,
2858 4534 3038 4589 neque
3067 4518 3342 4588 conjugia,
3373 4532 3554 4586 neque

1965 4615 2360 4680 venditionem,
2383 4627 2561 4683 neque
2577 4612 2930 4681 emptionem,
2962 4623 3140 4678 neque
3167 4610 3408 4679 conjugii
3444 4609 3556 4662 dis-

1967 4707 2316 4771 solutionem,
2353 4720 2531 4774 neque
2557 4703 2702 4757 aliud
2731 4702 2962 4771 quodvis
2994 4699 3272 4770 negotium
3343 4699 3544 4765 facitis,

1968 4801 2087 4856 sine
2103 4799 2306 4868 scripto
2326 4795 2661 4851 testimonio.
2679 4795 2778 4847 Hic
2800 4804 2982 4845 autem
3003 4782 3366 4856 Mohamedes,
3390 4806 3551 4860 quem

1970 4891 2150 4946 dicitis
2180 4905 2300 4944 esse
2323 4889 2646 4960 prophetam
2668 4897 2938 4948 vestrum,
2970 4897 3196 4952 prorsus
3216 4884 3366 4937 omni
3395 4885 3555 4938 testi-

1970 4983 2158 5036 monio
2196 4988 2346 5036 caret
2401 4988 2455 5034 et
2519 4979 2899 5035 fundamento.
2947 4973 3173 5029 Constat
3215 4976 3360 5030 enim
3414 4977 3554 5045 apud

1971 5088 2164 5128 omnes
2199 5073 2602 5127 mercenarium
2640 5069 2831 5134 fuisse,
2863 5079 2917 5122 et
2941 5070 3085 5140 quod
3111 5078 3283 5123 totum
3303 5069 3426 5122 vita:
3448 5083 3561 5122 suae

1973 5176 2194 5236 tempus
2235 5164 2632 5236 quinquaginta
2669 5174 2724 5218 et
2745 5162 2988 5233 quinque
3013 5177 3306 5225 annorum,
3335 5161 3389 5213 in
3410 5160 3560 5213 omni

1976 5259 2209 5313 luxuriae
2237 5267 2290 5311 et
2312 5255 2646 5327 impuritatis
2681 5270 2885 5325 genere
2936 5255 3201 5324 exegerit,
3256 5263 3310 5306 et
3340 5254 3561 5322 quidem

1987 5366 2164 5422 usque
2191 5349 2257 5404 ad
2279 5349 2758 5420 quadragesimum
2790 5363 2992 5401 annum
3026 5347 3224 5416 impius
3257 5345 3558 5400 idololatra.

1984 5442 2284 5497 Postremis
2313 5455 2448 5495 vero
2475 5439 2790 5509 quindecim
2820 5437 2982 5492 annis
3009 5440 3180 5507 coepit
3211 5437 3402 5492 falsam
3437 5434 3566 5489 F811:-

1983 5531 2197 5602 gionem
2228 5529 2433 5594 colere,
2448 5529 2516 5585 ab
2538 5537 2854 5585 astronomo
2883 5529 3113 5600 quodam
3144 5525 3413 5596 monacho
3437 5538 3565 5580 eru-

2606 5719 2651 5752 ¹⁰
2695 5718 2719 5775 I
2786 5716 2912 5775 Cor.
2961 5733 3038 5788 v1,
3075 5713 3242 5784 9,10.
