4006 6248
265 290 326 353 37
1453 289 1910 355 DISPUTATIO
1950 293 2046 356 DE
2085 284 2288 361 FIDE.
3419 309 3491 370 3‘3

269 400 512 469 σκώληκα
541 396 634 448 τὸν
669 394 989 467 ἀκοίμητον.
1026 398 1230 452 Εἶπατε
1267 401 1400 471 ήμῖν
1435 404 1529 456 καὶ⁵
1561 405 1690 474 περὶ
1720 407 1817 475 τῆς

1902 408 2105 464 .dicitis
2162 411 2218 464 in
2276 411 2530 481 paradiso
2573 413 2760 470 herbis
2789 417 2980 487 pasci,
3033 435 3151 490 qum
3209 419 3280 478 ab
3333 423 3491 482 initio

265 494 518 562 καμήλου,
545 489 612 559 ἦν
647 487 834 556 λέγετε
866 491 1174 561 νεμομένην
1206 493 1262 544 ὲν
1293 492 1369 564 τῷ
1400 495 1733 566 παραδείσῳ,
1774 497 1808 568 ἢ

1919 511 2099 556 creata
2166 503 2484 560 immortalis
2504 520 2626 561 esse
2679 509 2733 560 in
2758 511 3008 578 paradiso
3059 516 3278 580 meruit,
3330 529 3489 586 prout

267 589 371 640 κατ’
397 585 559 652 ἀρχὰς
604 580 888 632 κτισθεῖσα
933 582 1031 651 τὴν
1077 583 1380 637 ἀθανασίαν
1417 586 1609 639 ἐλαϐεν
1647 591 1704 641 ὲν
1732 588 1810 658 τῷ

1916 601 2096 645 vester
2126 596 2389 663 propheta
2420 598 2700 651 mentitur:
2743 616 2866 654 nam
2926 615 3074 657 certe
3127 604 3265 660 Deus
3301 618 3492 663 noster

274 678 589 750 παραδείσῳ,
641 672 974 741 ψευδομένου
1023 674 1113 727 τοῦ
1151 676 1307 744 ὑμῶν
1351 683 1665 748 προφήτου,
1716 679 1807 733 τοῦ

1913 682 2177 736 Adamum
2197 686 2445 752 praemisit
2469 686 2521 738 in
2548 697 2765 754 terram,
2787 691 2853 743 de
2880 705 2985 760 qua
3001 705 3250 762 sumptus
3289 699 3485 754 fuerat.

272 770 394 824 θεοῦ
439 768 576 838 ἡμῶν
622 766 1052 835 προπέμποντος
1084 766 1176 819 τδν
1228 767 1397 838 Ἀδάμ
1449 770 1528 833 είς
1566 771 1667 838 τὴν
1705 770 1808 842 γῆν

282 866 340 929 ἐξ
379 858 440 931 ἧς
492 859 739 925 ἐγεγόνει.
811 859 918 910 Καὶ
991 856 1178 910 ἔκτοτε
1230 857 1299 911 τὰ
1342 860 1520 912 πάντα
1584 861 1808 915 θάνατον

292 955 562 1007 ἐνεδύσαντο
580 964 593 976 ·
625 949 764 1018 μόνη
794 948 850 1000 δὲ
876 949 908 1016 ἡ
939 950 1187 1019 κάμηλος
1209 949 1363 1018 ὑμῶν
1393 950 1580 1003 ἔλασεν
1608 952 1810 1005 ἀθανα-

302 1045 413 1100 σίαν.
436 1043 482 1094 Ei
518 1037 609 1092 οὖν
643 1039 912 1101 ἀθάνατός
944 1041 1092 1092 ἐστιν
1125 1042 1158 1111 ἡ
1207 1041 1454 1112 κάμηλος
1498 1043 1673 1112 ὑμῶν,
1710 1062 1807 1097 κα-

298 1136 376 1194 θάς
397 1133 535 1200 opst;
587 1145 727 1198 φατε
749 1171 763 1194 ,
809 1129 960 1192 ἐντὸς
1001 1131 1096 1182 τοῦ
1134 1133 1467 1202 παραδείσου
1492 1171 1506 1196 ,
1538 1135 1659 1186 κατ’
1688 1135 1807 1199 ἔτος

281 1221 576 1291 αὐξανομένη
608 1223 736 1283 τοὺς
767 1220 1055 1284 τοσούτους
1099 1223 1343 1291 χρόνους,
1382 1225 1642 1292 ἐγέμισεν
1679 1226 1745 1278 ἂν
1778 1230 1807 1280 ό

276 1315 563 1384 παράδεισος
593 1315 660 1365 ἐκ
700 1311 783 1365 τοῦ
824 1312 990 1379 ὄγκου
1019 1313 1208 1384 αὐτῆς,
1244 1315 1336 1366 καὶ
1368 1315 1538 1380 οὐδεὶς
1573 1315 1680 1370 τῶν
1708 1319 1803 1370 ἁν-

269 1406 465 1476 θρώπων
491 1404 790 1472 δυνήσεται
821 1401 1082 1455 εἰσελθεῖν
1113 1405 1310 1462 ἐκεῖσε.

326 1491 406 1554 ις’.
467 1491 749 1554 Ὡσαύτως
804 1491 990 1559 λέγετε
1043 1495 1136 1545 καὶ
1191 1494 1319 1557 περὶ
1366 1493 1460 1548 τοῦ
1520 1497 1659 1563 Μὲκ,
1721 1499 1802 1552 ὅτι

261 1579 380 1644 οἶκος
409 1582 566 1636 Θεοῦ.
611 1581 901 1649 Λεγόντων
941 1582 1097 1652 ήμῶν
1129 1584 1235 1638 τῶν
1281 1585 1623 1657 Χριστιανῶν
1666 1591 1802 1659 πρὸς

261 1678 405 1745 ὑμᾶς,
441 1676 623 1728 Πόθεν
663 1675 968 1747 ἀπέρχεσθε
1028 1679 1119 1727 καὶ
1180 1681 1533 1748 προσκυνεῖτε
1579 1682 1800 1751 ἡμερῶν

1914 773 1990 827 Ex
2029 791 2136 844 quo
2163 784 2406 846 tempOre
2441 778 2622 832 omnia
2671 784 2830 836 morti
2877 783 3096 839 fuerunt
3124 790 3378 849 obnoxia.
3403 807 3492 845 so-

1913 865 2073 935 laque
2098 878 2274 922 vestra
2299 871 2538 925 canielus
2565 872 3024 929 immortalitatem
3071 883 3258 934 sortita
3285 890 3389 935 est.
3429 881 3486 936 Si

1913 971 2041 1027 ergo
2067 957 2384 1015 immortalis
2413 971 2498 1015 est
2523 975 2700 1017 vestra
2737 966 2993 1031 camelos,
3047 980 3104 1021 ut
3144 985 3239 1023 vos
3286 973 3488 1033 dicitis.

1913 1046 2053 1099 intra
2093 1049 2400 1116 paradisum
2437 1067 2450 1115 ;
2481 1066 2651 1118 eaque
2682 1052 2910 1121 singulis
2961 1055 3116 1108 annis
3161 1073 3255 1124 per
3284 1068 3360 1112 t0t
3389 1077 3487 1112 sa:-

1911 1137 2031 1191 cula
2063 1150 2308 1210 augetur,
2348 1151 2496 1194 certe
2523 1142 2801 1210 paradisus
2825 1147 3066 1212 pondere
3098 1145 3240 1202 illius
3280 1152 3481 1206 labora-

1901 1229 2014 1300 ιιι,
2051 1231 2341 1300 nullusque
2377 1231 2679 1301 jam;homo
2705 1235 2829 1288 illuc
2852 1235 3055 1306 ingredi
3089 1244 3310 1306 poterit.

1981 1493 2069 1548 16.
2105 1492 2354 1549 Narratis
2381 1496 2587 1564 pariter
2628 1496 2692 1550 de
2735 1497 2936 1562 Mecca,
2982 1500 3122 1568 quod
3177 1501 3266 1555 Dei
3292 1505 3485 1558 domos

1909 1587 1999 1641 sit.
2049 1585 2385 1655 Rogantibus
2415 1595 2564 1641 certe
2596 1603 2689 1641 vos
2723 1590 3063 1655 Christianis,
3096 1608 3332 1660 quonam
3355 1595 3487 1647 ado-

1907 1694 2028 1732 rare
2053 1680 2288 1749 pergatis
2331 1687 2480 1733 tanto
2525 1679 2735 1734 dierum
2780 1681 2998 1751 spatio?
3044 1692 3096 1738 et
3141 1687 3358 1738 ubinam
3416 1686 3486 1740 sit

253 1766 444 1818 τοσοῦτο
480 1768 802 1837 ﬁdos-nisa;
839 1768 933 1821 καὶ⁵
969 1767 1047 1837 πῆ
1077 1763 1169 1820 οὖν
1192 1768 1219 1818 ό
1246 1770 1410 1832 τόπος
1436 1773 1674 1840 ὲκεῖνοςς
1706 1774 1798 1826 καὶ

1904 1771 1992 1825 ille
2037 1771 2189 1825 locus
2217 1771 2240 1824 ‘i
2265 1773 2442 1826 dicitis
2489 1774 2664 1838 nobis,
2701 1774 2829 1827 illud
2879 1789 2998 1828 esse
3039 1776 3332 1845 hospitium
3366 1778 3482 1842 Dei,

253 1859 364 1926 πρὸς
397 1859 545 1927 ἡμᾶς
584 1876 723 1928 φατε
767 1860 848 1912 ὃτι
873 1859 1114 1912 όσπίτιον
1138 1855 1204 1932 ἦν
1227 1860 1320 1912 τοῦ
1349 1861 1505 1926 Θεοῦ,
1537 1863 1797 1934 κελάρην,

253 1948 575 2018 ῆμαγίριςν,
628 1949 661 2018 ἢ
713 1949 1010 2021 ἀγχούρην,
1055 1949 1088 2019 ἢ
1144 1947 1404 2019 χαζήναν.
1457 1952 1798 2018 Σαφηνίσατε

248 2042 361 2110 ἡμῖν
408 2040 542 2112 περὶ
594 2040 687 2093 τοῦ
741 2042 986 2095 τοιούτου
1038 2041 1318 2094 ὀσπιτίου·
1380 2042 1475 2094 καὶ
1549 2043 1668 2106 πῶς
1737 2045 1798 2096 ού

245 2131 530 2196 γινώσκετε
569 2132 658 2183 τὶν
694 2131 865 2200 τάφον
897 2131 990 2185 τοῦ
1031 2131 1299 2202 ὑμετέρου
1350 2133 1653 2202 προφήτου,
1704 2135 1798 2186 καὶ

238 2225 419 2291 τιμᾶτε
479 2223 646 2276 αὑτοῦ
716 2223 943 2293 λείψανα
1006 2223 1081 2287 ὡς
1152 2225 1434 2297 προφήτου
1513 2225 1605 2278 τοῦ
1656 2223 1795 2278 Θεοῦ

237 2315 319 2367 καὶ
355 2316 680 2369 ἀποστόλου.
720 2314 834 2368 Καὶ
884 2317 933 2370 εί
981 2317 1078 2386 μὲν
1125 2317 1464 2370 ἀναπαύεται
1512 2319 1538 2370 ὁ
1570 2317 1700 2381 Θεὸς
1738 2319 1796 2372 ἐν

235 2407 298 2475 τῷ
344 2408 578 2478 ὁσπιτίῳ
617 2408 811 2480 ἐκείνῳ
847 2410 940 2463 καὶ
993 2408 1158 2478 μόνῳ,
1203 2408 1263 2473 ἐξ
1310 2409 1556 2479 ἀνάγκης
1591 2407 1658 2482 ἦν
1701 2410 1796 2462 καὶ

238 2499 445 2568 ᾳοεερὸν
477 2506 790 2570 μυστήριον
845 2505 903 2554 ἐν
952 2498 1029 2570 τῷ
1071 2501 1222 2568 τόπῳ
1256 2501 1481 2572 ἐκείνην
1537 2502 1564 2554 ὃ
1606 2520 1657 2554 τι
1692 2502 1794 2556 κᾶν

238 2591 373 2661 ὑμεῖς
415 2593 620 2660 εἴπητε
669 2592 728 2644 τὸ
776 2593 1146 2662 γεγενημένον
1199 2593 1326 2660 περὶ
1366 2592 1458 2645 τοῦ
1493 2593 1792 2662 μαγνήτου,

235 2685 344 2751 περὶ
367 2682 811 2751 πεπλανημένων
838 2683 1157 2752 θαυμάτων,
1191 2681 1224 2735 ἃ
1265 2683 1466 2746 πάντες
1493 2685 1795 2754 κηρύττου-

237 2788 327 2825 σιν.
365 2773 536 2825 Ἀλλὰ
565 2776 658 2826 καὶ
687 2773 851 2835 αὐτὸς
885 2775 910 2826 ὁ
936 2771 1103 2835 κύων,
1135 2773 1172 2846 ὁῗ
1192 2775 1254 2824 ὲκ
1282 2773 1380 2842 τῆς
1410 2773 1605 2843 λίμνης
1644 2773 1794 2846 ἐξερ-

234 2866 428 2933 χόμενος
459 2866 571 2917 καὶ
609 2866 745 2934 πρὸς
777 2864 921 2934 ὑμᾶς
952 2845 1279 2932 ἐπιφοιτῶν,
1304 2863 1362 2915 ὃν
1394 2864 1550 2933 ὑμεῖς
1576 2845 1792 2918 καλεῖτε

233 2957 368 3025 χάριν
405 2955 574 3009 Θεοῦο
629 2956 795 3025 ﬁatfiat
827 2956 928 3026 τῆς
971 2956 1229 3027 τοιαύτης
1270 2955 1666 3026 ἀπανθρωπίας
1699 2959 1792 3011 καὶ

233 3048 534 3114 ἁγνωςίαςί
584 3047 822 3099 Τοιαῦτα
891 3050 996 3100 είσι
1051 3047 1146 3100 τοῦ
1203 3050 1483 3119 προφήτου
1531 3047 1685 3118 ὑμῶν
1723 3049 1791 3102 τὰ

229 3137 538 3208 ληρήμιτα,
567 3139 602 3192 ἃ
629 3139 712 3201 τίς
752 3137 861 3190 τῶν
895 3137 953 3191 εὖ
982 3137 1326 3208 φρονούντων
1367 3139 1655 3208 δυνήσεται
1710 3145 1787 3192 εἰ-

229 3233 364 3299 πεῖνλ
394 3232 488 3283 τὸν
531 3229 911 3299 μεμισημένον
941 3229 1079 3282 κύνα
1108 3229 1268 3300 χάριν
1294 3230 1452 3282 Θεοῦ.
1482 3231 1593 3283 Καὶ
1629 3231 1790 3284 πάλιν

226 3324 250 3374 ὁ
273 3324 416 3385 αὐτὸς
447 3321 706 3391 Μωάμεδ
732 3320 972 3374 διδάσκει
1004 3321 1177 3388 λέγων
1200 3322 1282 3374 ὅτι
1309 3321 1459 3384 ἐντὸς
1491 3321 1584 3372 τοῦ
1618 3338 1793 3392 παρα-

226 3412 384 3465 δείσου
433 3410 786 3467 κατενώπιον
838 3411 971 3463 Θεοῦ
1022 3412 1297 3474 ἀσυνέτως
1346 3414 1440 3466 καὶ
1481 3413 1792 3482 ἀκορέστως

230 3504 436 3572 nep-mei;
470 3503 626 3573 μίξις
653 3503 865 3571 γίνεται
900 3503 1006 3572 (8)’
1049 3500 1303 3574 ἐπιλήψει
1339 3505 1450 3574 γάρ
1481 3522 1547 3574 με
1575 3505 1794 3576 διηγού-

227 3610 369 3661 μενον
400 3598 427 3647 ὁ
471 3597 705 3665 χρόνος,
741 3594 827 3646 ἴνα
859 3593 933 3664 μὴ
967 3593 1062 3646 καὶ
1096 3594 1258 3647 αὑτὸν
1290 3596 1380 3648 τὸν
1407 3589 1566 3666 ἀέρα⁸
1581 3595 1792 3665 μολύνω

224 3686 575 3756 ἐξηγούμενος
609 3687 730 3748 τοὺς
765 3685 1217 3754 πεπλανημένους
1241 3685 1441 3755 λήρους
1465 3688 1559 3739 καὶ
1627 3705 1796 3758 μεμι-

223 3779 482 3845 ημένους
504 3777 693 3844 λόγους
722 3777 818 3828 τοῦ
857 3777 1125 3845 Μωάμεδ.
1162 3777 1324 3843 Λέγει
1365 3780 1392 3830 ὁ
1441 3779 1790 3848 Σαρακηνός·

222 3868 544 3937 δενίκημαι,
578 3869 758 3937 νενίκη
768 3885 887 3936 μαι.
915 3862 986 3918 Ὠ
1020 3867 1132 3929 πῶς
1166 3867 1379 3938 μεγάλη
1403 3869 1436 3937 ἡ
1465 3869 1649 3931 πίστις
1680 3868 1789 3922 τῶν

219 3959 562 4029 Χριστιανῶν
581 3965 596 4014 l
618 3962 788 4031 Χάριν
812 3957 904 4015 οὖν
930 3960 1036 4030 ἔχω
1068 3975 1162 4012 σοι.
1181 3959 1310 4028 περὶ
1337 3960 1435 4029 τῆς
1457 3960 1788 4028 θεογνωσιας

1901 1862 2165 1925 etdicitis,
2196 1863 2247 1914 in
2277 1862 2366 1916 Dei
2405 1863 2702 1931 hostiitium
2727 1867 2845 1932 ejus
2867 1867 3094 1929 celarin,
3120 1878 3174 1920 et
3197 1870 3482 1938 magirion.

1901 1964 1957 2011 et
2007 1955 2339 2021 achurin,et
2387 1957 2682 2012 chazenan.
2742 1957 3042 2026 Explanate
3111 1960 3288 2021 nobis,
3336 1976 3485 2029 quaa-

1900 2062 2106 2110 sumus.
2157 2049 2378 2117 quidsit
2422 2048 2523 2103 hoc
2554 2049 2846 2117 hospitium
2896 2058 2992 2102 :et
3038 2053 3310 2118 quomodo
3359 2067 3486 2120 pro-

1901 2138 2076 2206 phetze
2107 2139 2268 2192 vestri
2311 2137 2619 2208 sepulcrum
2665 2140 2942 2210 ignoretis,
2967 2152 3022 2197 et
3059 2145 3178 2214 ejus
3227 2147 3486 2214 reliquias

1900 2229 2173 2284 honoretis
2203 2238 2260 2284 ut
2289 2232 2380 2285 Dei
2409 2233 2682 2301 prophetae
2704 2245 2864 2302 atque
2895 2234 3076 2304 legati.
3096 2236 3162 2290 Et
3192 2239 3469 2306 siquidem

1893 2320 2104 2373 habitat
2151 2319 2295 2374 Deus
2341 2321 2395 2374 in
2448 2322 2538 2375 illo
2587 2323 2844 2391 hospitio,
2878 2325 3186 2378 necessario
3233 2336 3472 2380 tri-men-

1898 2411 2026 2465 dum
2055 2412 2371 2481 mysterium
2398 2424 2482 2466 est
2510 2413 2561 2466 in
2588 2413 2815 2466 locoillo
2839 2431 2853 2467 :
2881 2415 3141 2484 quidquid
3166 2432 3266 2470 vos
3291 2418 3484 2474 dicatis

1896 2503 1963 2558 de
1991 2505 2054 2557 iis
2079 2519 2196 2573 quae
2235 2505 2342 2559 illic
2383 2505 2517 2560 ﬁunt
2541 2522 2638 2575 per
2675 2518 2983 2575 magnetem
3031 2508 3310 2579 prodigiis,
3353 2528 3476 2580 qua:

1903 2611 2094 2650 omnes
2114 2596 2421 2651 buccinant.
2459 2597 2564 2652 Sed
2597 2606 2652 2652 et
2684 2601 2798 2668 ipse
2815 2601 2976 2654 canis
2995 2600 3060 2653 de
3089 2609 3281 2670 stagno
3306 2618 3483 2656 emcr-

1896 2701 2030 2755 gcns
2070 2695 2123 2741 et
2153 2690 2222 2740 ad
2257 2702 2350 2741 vos
2401 2687 2701 2756 profectus,
2752 2706 2915 2758 quem
2967 2706 3064 2745 vos
3099 2689 3198 2745 Dei
3244 2694 3476 2760 gratiam

1895 2777 2192 2846 appellatis.
2223 2776 2378 2846 Papae
2403 2787 2602 2833 tantam
2622 2781 3072 2836 inhumanitatem
3097 2792 3152 2836 et
3177 2784 3474 2837 inscitiam!

1895 2860 1988 2915 lla:
2045 2873 2172 2916 sunt
2204 2867 2480 2933 propheta:
2514 2867 2679 2920 vestri
2711 2881 2887 2938 nugae,
2921 2885 3055 2938 quas
3103 2886 3329 2925 narrare
3356 2874 3478 2942 quis

1899 2957 2158 3009 cordatus
2188 2959 2392 3025 queat?
2450 2959 2869 3014 abominabilem
2902 2979 3097 3033 nempe
3135 2980 3325 3018 canem
3353 2980 3476 3020 esse

1894 3047 2115 3117 gratiam
2139 3047 2230 3102 Dei
2266 3054 2278 3104 ι
2314 3047 2445 3104 Item
2475 3051 2825 3109 Meltamedcs
2849 3070 2947 3108 vos
2967 3055 3145 3119 docet,
3186 3056 3328 3109 intra
3375 3071 3476 3127 pa-

1894 3141 2132 3193 radisum
2181 3151 2306 3195 ante
2332 3155 2683 3212 conspectum
2734 3146 2825 3199 Dei
2858 3147 3052 3200 stolide
3079 3156 3132 3201 et
3183 3149 3475 3203 insatiabi-

1891 3229 2012 3285 liter
2052 3230 2409 3286 fornicariam
2470 3237 2718 3304 copulam
2782 3234 3134 3304 frequentari.
3206 3237 3476 3291 Destituet

1893 3337 1978 3376 me
2007 3332 2218 3392 tempus
2248 3326 2370 3378 talia
2428 3335 2759 3386 narrantem.
2802 3327 3092 3396 ipsumque
3147 3345 3330 3383 aerem
3386 3330 3476 3382 in-

1892 3413 2254 3482 quinaverim,
2282 3415 2326 3467 si
2352 3413 2537 3484 plenas
2568 3415 2799 3468 falsitate
2823 3430 3012 3485 nugas,
3039 3427 3092 3470 et
3117 3417 3479 3471 detestabiles

1897 3505 2230 3562 Mohamedis
2245 3521 2522 3560 sermones
2546 3508 2747 3561 referre
2766 3508 2946 3560 velim.
2981 3508 3116 3560 Dicit
3142 3507 3478 3562 Saracenus:

1899 3595 2088 3653 Victus
2123 3615 2265 3662 sum,
2302 3615 2496 3654 manus
2528 3601 2617 3654 do.
2651 3599 2824 3663 Quam
2875 3613 3068 3667 magna
3101 3607 3187 3651 est
3215 3597 3474 3650 Christia-

1899 3707 2093 3745 norum
2131 3694 2260 3746 lides
2286 3693 2297 3744 l
2324 3692 2438 3762 Ago
2479 3692 2639 3762 igitur
2685 3692 2780 3745 tibi
2806 3692 3008 3761 gratias
3037 3690 3102 3742 de
3141 3690 3240 3741 hac
3273 3688 3471 3739 tradita

1898 3783 2033 3836 mihi
2066 3782 2158 3836 Dei
2191 3783 2405 3845 notitia,
2431 3795 2463 3834 ο
2495 3783 2655 3833 homo
2678 3781 2795 3832 Dei.
2823 3779 2954 3832 Nam
2987 3793 3104 3845 qua:
3143 3791 3238 3828 vos
3268 3776 3472 3839 dicitis,

1898 3887 1930 3928 0
1961 3872 2272 3935 Christiani,
2301 3885 2423 3924 vera
2456 3879 2603 3922 sunt.
2640 3869 2780 3921 Deus
2807 3869 2923 3936 ipse
2967 3867 3142 3920 testis.
3179 3863 3460 3918 Adesdum

1895 3979 1928 4022 ο
1957 3962 2052 4018 Dei
2087 3961 2308 4028 t'amule,
2346 3959 2670 4030 baptismum
2705 3959 2836 4012 mihi
2870 3957 3198 4026 impertitor.

219 4057 461 4125 ταύτης,
499 4051 543 4108 ὣ
593 4058 680 4108 τοῦ
726 4057 862 4111 Θεοῦ
911 4057 1190 4128 ἀνθρωπεο
1223 4057 1294 4109 τὰ
1337 4058 1444 4128 γὰρ
1489 4056 1621 4149 παρξ
1671 4060 1826 4131 ὑμῶν
1879 4062 2151 4134 λεγόμενα
2206 4060 2316 4114 τῶν
2365 4057 2705 4129 Χριστιανῶν
2756 4057 2931 4127 ἀληθῆ
2986 4057 3160 4106 εἰσιν⁶
3205 4052 3405 4123 Κύριος
3440 4049 3471 4102 6

213 4147 346 4210 Θεὸς
374 4153 653 4219 μαρτυρεῖ
667 4164 686 4182 ο
704 4155 799 4206 καὶ
819 4151 998 4224 δεῦρο,
1031 4152 1184 4205 δοῦλε
1213 4150 1370 4218 Θεοῦ,
1409 4147 1672 4222 βάπτισόν
1700 4171 1790 4224 με.

274 4351 402 4406 Diri
439 4354 687 4419 superius
719 4369 802 4406 me
833 4351 1153 4422 Panopliam
1183 4354 1472 4423 quamdam
1508 4355 1758 4408 adversus
1790 4352 2118 4408 Holtamedis
2166 4359 2366 4407 sectam
2407 4355 2501 4404 hoc
2542 4347 2805 4402 columine
2836 4349 3167 4412 instruxisse,
3225 4347 3468 4420 Attamen

219 4447 438 4514 reliquus
501 4456 575 4497 cst
630 4445 685 4497 in
720 4445 828 4498 alio
858 4446 1032 4498 codice
1069 4444 1325 4499 Vaticano
1379 4445 1632 4516 Dialogus
1683 4444 1972 4502 Christiani
2003 4445 2228 4500 hominis
2277 4451 2402 4502 cum,
2431 4441 2733 4507 Ismaclita,
2767 4439 2917 4507 cujus
2952 4450 3126 4492 tamen
3163 4455 3253 4506 ego
3282 4439 3469 4507 scripti

214 4543 405 4592 nonnisi
457 4542 614 4592 breve
651 4540 913 4606 specimen
953 4540 1237 4611 proferam,
1270 4557 1332 4594 ne
1361 4539 1516 4610 plura
1548 4541 1725 4610 capita
1754 4541 2036 4603 carnalem,
2065 4555 2182 4609 qua
2221 4539 2431 4593 easdem
2472 4539 2579 4608 [ere
2617 4537 2930 4606 objectianes
2961 4534 3318 4603 responsiones
3337 4550 3459 4603 quc,

217 4635 419 4685 mutatis
446 4631 648 4698 verbis,
680 4633 965 4685 continent.

251 4815 588 4871 ΔΙΑΛΕΞΙΣ
616 4817 1078 4870 ΧΡΙΣΤῙᾹΝΟΥ
1112 4813 1241 4870 ΚΑΙ
1284 4815 1759 4869 ΙΣΜΑΗΛΙΤΟΥ
1791 4813 1874 4869 Δι’
1912 4809 2568 4868 ΕΡΩΤΑΠΟΚΡῙΣΕΩΝ
2617 4808 2803 4863 ΠΕΡΙ
2867 4811 3000 4864 πίε
3036 4811 3433 4866 ΑΜΩΜΗΤΟΥ

1341 4909 1660 4962 ΠΙΣΤΕΩΣ
1700 4908 1837 4962 ἸῺΝ
1865 4905 2148 4962 ΧΡΙΣἸῚΑ
2163 4903 2332 4958 ΝΩΝ.

211 5039 564 5100 οιΑιοσυις
603 5036 1022 5099 CHRISTIANI
1071 5041 1218 5099 CUM
1263 5041 1658 5100 ISHAELITA
1711 5039 1855 5095 PER
1893 5035 2564 5095 INTERROGATIOA’ES
2615 5035 2710 5092 ET
2762 5035 3324 5093 RESI’ONSIONES
3365 5037 3463 5092 DE

1049 5131 1753 5189 IRREPREHENSIBILI
1790 5129 2362 5187 CHRISTIANORUM
2405 5127 2612 5184 FIDE.

277 5339 338 5391 '0
373 5340 610 5394 ΧΡΙΣΤ.
661 5338 976 5410 ὀμολογεῖς
1014 5336 1106 5391 τὸν
1153 5337 1392 5408 Χριστὸν
1419 5333 1562 5392 εἶναι
1605 5337 1778 5405 Λόγον

205 5434 290 5487 καὶ
316 5434 556 5504 Πνεῦμα
582 5433 742 5498 Θεοῦ,
767 5433 844 5497 ὡς
873 5433 1074 5503 λέγεις,
1104 5431 1353 5496 κτιστόνς

268 5657 345 5726 (8)
380 5657 508 5712 hoc
535 5671 829 5728 perperam
865 5655 1130 5728 imputari
1175 5670 1380 5711 corano
1406 5655 1474 5710 ab
1523 5654 1790 5728 imperitis

209 5724 419 5798 legendi
470 5724 734 5784 Arabicos
763 5728 931 5784 libros
946 5724 1177 5795 Graecis,
1197 5729 1308 5800 jam
1349 5725 1691 5784 ostendimus
1722 5727 1776 5780 in

1957 5334 2233 5389 CHRIST.
2254 5333 2466 5389 Fateris
2502 5335 2738 5390 Verbum
2763 5335 3136 5404 Spiritumque
3174 5334 3270 5390 Dei
3300 5336 3458 5391 Chri-

1885 5438 2030 5482 stum
2062 5441 2205 5492 esse,
2234 5442 2393 5496 quem
2433 5434 2615 5482 tamen
2644 5436 2886 5482 creatum
2915 5427 3050 5483 dicis
3078 5427 3102 5481 ‘i

1899 5653 2343 5732 adnotationibus
2393 5653 2458 5707 ad
2489 5651 2733 5711 Nicetam
2795 5655 3169 5727 Byzantinum.
3239 5674 3292 5728 p.
3338 5657 3465 5727 519,

1863 5725 2014 5779 ’adn.
2047 5727 2102 5780 ‘2.
