4006 6248
448 268 525 333 39
1703 261 2096 326 EUTHYMH
2123 263 2486 329 ZIGABENI

517 378 904 436 ISHAELITA.
935 376 1134 448 Utique
1166 376 1245 436 sic
1283 392 1410 435 eum
1437 376 1561 435 dico
1581 376 1650 433 ν’.

516 470 625 526 C‘ll.
688 471 868 540 Ipsum
902 485 1032 526 vero
1063 470 1256 537 Deum,
1290 479 1611 527 creatumne
1645 465 1782 524 dicis
1829 480 1896 520 an
1945 466 2031 520 in-

449 569 694 626 creatum
719 561 742 614 ?

521 654 539 707 Ι
560 655 748 708 .Deum
785 653 1086 710 incrcatum
1113 653 1219 707 aio.

521 743 631 798 Cll.
680 745 986 814 Spiritalem
1041 743 1468 812 rationalemque
1529 739 1672 795 dicis
1730 737 1926 803 Deum,
1963 752 2033 793 an

452 849 613 889 secus
639 836 663 886 ἲ

520 903 560 958 l.
591 906 898 974 Spiritalem
925 921 987 961 ac
1025 903 1398 960 rationabilem
1426 903 1534 957 aio.

435 1049 438 1052 .
522 995 631 1050 Cll.
683 997 795 1066 Age
873 1012 999 1052 vero
1055 996 1303 1050 Chistum
1373 995 1614 1050 Verbum
1647 992 2039 1074 _Spiritumque

456 1084 619 1155 hujus
643 1086 732 1140 Dei
763 1088 1008 1152 increati,
1045 1086 1306 1156 spiritalis
1338 1100 1403 1140 ac
1431 1085 1710 1139 rationalis
1765 1082 1927 1148 dicis,
1957 1097 2032 1138 an

452 1178 682 1232 alterius
715 1178 806 1231 Dei
828 1179 852 1232 ἲ

523 1263 564 1318 Ι.
600 1265 845 1319 Profecto
875 1264 1102 1334 hujusce
1154 1261 1247 1317 Dei
1285 1262 1431 1316 hunc
1458 1275 1580 1317 esse
1613 1259 1736 1316 dico
1788 1268 1844 1314 et
1899 1274 2034 1314 con-

453 1359 631 1414 fiteor.

521 1454 632 1508 Cll.
663 1454 941 1524 Contingit
962 1454 1166 1524 itaque,
1212 1463 1272 1508 ut
1288 1453 1431 1509 Deus
1458 1452 1757 1521 iucreatus,
1787 1453 2042 1524 spiritua-

453 1545 520 1598 lis
578 1561 642 1599 ac
691 1547 1016 1611 rationalis,
1067 1557 1128 1602 ut
1169 1547 1370 1617 inquis,
1405 1558 1570 1617 utque
1636 1546 1742 1601 dici
1788 1558 1886 1616 par
1935 1552 2041 1609 est,

453 1637 688 1692 Verbum
720 1639 915 1693 habeat
944 1647 1002 1693 et
1050 1639 1309 1709 Spiritum
1348 1639 1677 1695 increatum.
1710 1638 1852 1694 Ecce
1888 1636 2035 1693 enim

3635 267 3715 331 40

2227 377 2288 432 Ὀ
2323 379 2774 439 ιΣΜΔΗΔΙΤΗΣ.
2821 384 2932 440 Ναὶ
2953 385 3124 448 οὕτως
3144 381 3286 453 λέγω
3313 381 3494 438 αὐτόν.

2207 472 2278 525 Χ.
2319 470 2432 525 Καὶ
2460 470 2551 524 τὸν
2575 470 2708 526 Θεὸν
2739 473 2955 527 κτιστὸν
2983 472 3185 543 λέγεις,
3213 473 3246 545 ἦ
3276 473 3565 539 ἀκτιστονς

2210 653 2254 705 1.
2292 653 2580 705 Ἀκτιστον
2613 651 2754 719 λέγω
2786 649 2876 704 τὸν
2913 649 3068 705 Θεόν.

2207 744 2275 796 Χ.
2311 742 2598 814 Ἔμπνουν
2625 741 2722 796 καὶ
2760 741 2977 810 λογικὸν
3001 740 3191 796 τοῦτον
3215 743 3308 798 τὸν
3331 743 3465 799 Θεὸν
3497 743 3675 814 λέγεις
3693 788 3712 812 ,

2136 833 2306 905 iob;

2208 930 2256 982 Ι.
2291 927 2574 995 Ἐμπνουν
2602 923 2699 978 καὶ
2724 921 2942 990 λογικὸν
2968 923 3156 977 τοῦτον
3181 924 3347 994 λέγω.

2209 1021 2278 1073 Χ.
2312 1019 2423 1072 Καὶ
2450 1017 2541 1070 τὸν
2563 1013 2802 1084 Χριστὸν
2842 1013 3016 1082 Λόγον
3047 1015 3139 1068 καὶ
3166 1014 3393 1086 Πνεῦμα
3422 1015 3518 1069 τοῦ
3544 1017 3714 1074 αὐτοῦ

2139 1110 2272 1165 Θεοῦ
2300 1109 2479 1177 λέγεις
2506 1107 2602 1162 τοῦ
2632 1105 2890 1161 ἀκτίστου
2919 1106 3013 1158 καὶ
3039 1106 3243 1177 ιμπνου
3283 1108 3378 1162 καὶ
3406 1107 3651 1178 λογικοῦ⁹
3679 1112 3715 1182 ἢ

2139 1202 2300 1258 ἄλλου
2327 1199 2464 1253 Θεοῦ
2487 1217 2501 1265 ;

2209 1294 2253 1348 Ι.
2295 1292 2404 1346 Ναὶ
2432 1289 2527 1344 τοῦ
2555 1289 2721 1344 αὐτοῦ
2757 1289 2893 1344 Θεοῦ
2923 1290 3110 1346 τοῦτον
3146 1289 3288 1359 λέγω
3309 1287 3407 1343 καὶ
3435 1288 3705 1361 ὁμολογῶ.

2211 1452 2282 1505 Χ.
2313 1449 2424 1502 Καὶ
2446 1447 2656 1516 γίνεται
2703 1447 2960 1510 ἄκτιστος
3001 1445 3134 1510 Θεὸς
3167 1445 3406 1516 ἔμπνους
3443 1446 3536 1500 καὶ
3562 1463 3708 1514 λογι-

2141 1542 2256 1607 κὸς,
2295 1540 2368 1602 ὡς
2410 1539 2612 1608 λέγεις,
2648 1538 2792 1592 καθὰ
2820 1537 2922 1604 ἔνι,
2975 1537 3118 1610 ἔχειν
3148 1538 3318 1606 Λόγον
3349 1538 3444 1590 καὶ
3487 1536 3711 1606 Πνεῦμα

2141 1633 2356 1688 κτιστόν
2379 1649 2393 1664 ·
2424 1632 2532 1686 ἰδοὺ
2559 1631 2843 1700 ὁμολογεῖς
2869 1629 3001 1683 Θεὸν
3031 1630 3306 1694 ἀκτιστον,
3349 1627 3592 1698 ἔμπνουν
3622 1629 3715 1680 καὶ

455 1744 579 1783 cum
629 1731 848 1786 fatearis
904 1732 1071 1785 Deum
1126 1735 1426 1785 increatum
1479 1731 1569 1794 η,
1616 1731 1914 1801 spiritalem
1971 1745 2035 1784 ac

2154 1723 2390 1793 λογικόν·
2443 1723 2567 1776 ἐπεὶ
2614 1722 2669 1775 δὲ
2711 1721 2802 1774 τὸν
2832 1721 3005 1789 Λόγον
3033 1721 3127 1774 καὶ
3159 1721 3218 1772 τὸ
3273 1717 3500 1788 Πνεῦμα
3550 1716 3715 1771 αὐτοῦ

457 1823 772 1876 rationalem
801 1841 816 1888 ;
849 1832 1034 1892 postea
1082 1837 1212 1876 vero
1245 1821 1480 1876 Verbum
1511 1823 1631 1892 ejus
1653 1836 1718 1876 ac
1769 1821 2034 1890 Spiritum

459 1922 700 1966 creatum
742 1915 912 1976 dicas,
957 1914 1204 1982 sequitur
1235 1922 1296 1967 ut
1328 1914 1469 1968 Deus
1498 1926 1714 1984 quoque
1752 1912 2041 1966 irrationa-

457 2002 528 2057 lis
554 2016 607 2057 ct
637 2004 754 2057 sine
777 2003 969 2072 spiritu
1006 2005 1098 2069 sit,
1131 2014 1238 2058 etc.

535 2095 572 2151 ι.
603 2095 823 2148 Mariam
867 2095 1074 2150 dicisne
1128 2096 1411 2166 virginem,
1456 2103 1512 2150 et
1563 2096 1768 2166 absque
1837 2097 2047 2152 semine

461 2187 732 2239 Christum
767 2187 1036 2254 genuisse,
1079 2195 1133 2239 et
1175 2197 1459 2256 postquam
1491 2187 1638 2241 hunc
1683 2189 1914 2258 peperit,
1944 2189 2050 2243 vir-

463 2278 642 2347 ginem
677 2279 1061 2345 permansisse,
1091 2292 1262 2330 necne
1289 2277 1313 2329 ?

531 2365 643 2420 CH.
672 2364 815 2420 Sane
853 2366 995 2418 hanc
1025 2365 1286 2434 virginem
1317 2365 1460 2432 dico,
1509 2374 1564 2421 et
1610 2366 1814 2436 absque
1841 2365 2049 2420 semine

462 2454 738 2510 Christum
768 2455 1020 2524 genuisse
1055 2471 1071 2523 ;
1109 2464 1163 2510 et
1188 2465 1314 2526 post
1347 2465 1561 2526 partum
1621 2457 1884 2528 virginem
1921 2471 2048 2525 per-

465 2562 754 2602 severasse
789 2548 850 2614 ¹⁹,
883 2555 989 2602 etc.

537 2662 580 2694 "
617 2663 746 2718 Sur.
779 2661 870 2727 ill,
905 2663 999 2718 45.
1080 2659 1124 2694 ⁸⁸
1151 2663 1280 2718 Sur.
1310 2680 1365 2731 ν,
1395 2663 1486 2730 84,
1524 2664 1650 2720 125.

478 2833 836 2846 ——————

478 2834 2158 2846 __________._______________

2143 1816 2361 1872 κτιστὸν
2421 1813 2624 1882 λέγεις.
2679 1814 2787 1884 ἄρα
2837 1810 2932 1864 καὶ
2981 1804 3136 1875 οὗτος
3195 1809 3392 1879 ἄλογός
3448 1809 3566 1861 ἐστι
3620 1807 3718 1861 καὶ

2144 1909 2370 1972 ἄπνους,
2403 1923 2457 1960 κ.
2491 1922 2542 1958 τ’.
2575 1905 2626 1958 λ.

2221 2096 2264 2148 Ι.
2327 2093 2440 2163 Τὴν
2472 2089 2708 2162 Μαριὰμ
2752 2086 3018 2158 παρθένον
3057 2084 3262 2151 λέγεις,
3295 2081 3388 2135 καὶ
3425 2080 3554 2134 ἄνευ
3586 2095 3721 2131 cno-

2155 2181 2251 2250 ρᾶς
2282 2180 2536 2246 γεννῆσαι
2567 2177 2657 2230 τὸν
2701 2175 2954 2242 Χριστὸν,
2986 2175 3081 2227 καὶ
3108 2172 3291 2236 πάλιν,
3336 2168 3472 2240 μετὰ
3505 2167 3565 2220 τὸ
3594 2183 3723 2236 γεν-

2147 2271 2305 2338 νῆσαι
2335 2268 2541 2332 τοῦτον,
2577 2268 2848 2337 παρθένον
2889 2265 3173 2335 μείνασαν,
3199 2262 3231 2333 ῆ
3261 2259 3357 2324 οῦς

2216 2361 2287 2412 Χ.
2328 2358 2438 2412 Nai.
2486 2357 2756 2428 παρθένον
2794 2357 2938 2426 λέγω
2964 2354 3190 2422 ταύτην,
3220 2352 3313 2404 καὶ
3339 2350 3470 2404 ἄνευ
3511 2348 3722 2420 σπορᾶς

2144 2451 2404 2521 γεννῆσαι
2427 2452 2519 2503 τὸν
2547 2447 2806 2520 Χριστὸν,
2839 2449 2934 2500 καὶ
2966 2446 3103 2518 μετὰ
3133 2444 3231 2514 τὴν
3267 2442 3522 2510 γέννησιν
3549 2441 3721 2494 πάλιν

2147 2543 2414 2616 παρθένον
2441 2542 2727 2614 μείνασαν,
2749 2557 2806 2594 κ.
2831 2557 2885 2596 τ.
2911 2539 2961 2592 λ.

1752 2664 1795 2696 ⁸⁸
1827 2661 1956 2717 Sur.
1995 2675 2106 2727 ut,
2145 2661 2236 2716 9i.

1195 3014 1968 3134 ΕΥΘΥΜΙΟΥ
2097 3007 2978 3124 ΖΙΓΑΒΗΝΟΥ

1689 3226 1981 3276 ΕΛΕΓΧΟΣ
2030 3224 2144 3274 ΚΑΙ
2173 3225 2502 3273 ΘΡΙΔΜΒΟΣ

469 3362 609 3416 ΤΗΣ
634 3363 1056 3418 ΒΛΑΣΦΗΜΟΥ
1085 3361 1205 3418 ΚΑΙ
1236 3362 1670 3417 ΠΟΛΥΕΙΔΟΥΣ
1699 3360 2027 3414 ΔΙΡΕΣΕΩΣ
2062 3359 2198 3412 ΤΩΝ
2228 3358 2454 3413 ΔΘΕΩΝ
2495 3356 3015 3418 ΜΔΣΣΔΛΙΛΝΩΝ,
3062 3357 3180 3412 ΚΑΙ
3221 3357 3358 3412 ΤΩΝ
3389 3355 3723 3416 ΦΟΥΝΔΑΙ..

731 3456 895 3525 ΤΩΝ,
926 3457 1046 3512 ΚΑΙ
1081 3456 1478 3512 ΒΟΓΟΜΙΛΩΝ
1509 3454 2017 3521 ΚΔΛΟΥΜΕΝΩΝ,
2049 3453 2174 3507 ΚΑΙ
2226 3449 2553 3515 ΕΥΧΠῺΝ,
2601 3452 2723 3504 ΚΑΙ
2770 3448 3311 3517 ΕΝΘΟΥΣΙΑΣΤΩΝ,
3340 3449 3459 3504 ΚΑΙ

1457 3550 1948 3618 ΕΓΚΡΔΤΗΤΩΝ,
1988 3550 2115 3608 ΚΑΙ
2165 3547 2714 3604 ΜΔΡΚΙΩΝΙΣΤΩΝ.

1323 3902 2047 4019 EUTHYMII

2181 3901 2854 4017 ZIGABENI

1624 4123 1851 4181 CONFU
1863 4121 2071 4179 TATIO
2110 4122 2198 4179 ET
2234 4125 2532 4181 EVERSIO

472 4270 715 4332 IMPUE
787 4270 888 4330 ET
968 4266 1462 4327 MULTIPLICIS
1545 4266 2189 4328 EXSECRABILIUM
2281 4269 2968 4335 MASSALIANORUM
3063 4274 3355 4341 SECTE,
3409 4269 3547 4345 QUI
3609 4269 3718 4330 ET

794 4345 1418 4425 PHUNDAITJEWET
1459 4345 1884 4425 Boeotum,
1932 4347 2286 4425 necnon
2347 4348 2730 4424 EUCHITE,
2793 4353 3392 4425 ENTHUSIASTIE,

1150 4424 1657 4500 ENCRATITIE,
1707 4424 1809 4486 ET
1856 4425 2039 4485 mm

2154 4426 2379 4486 DNITE
2423 4422 3028 4493 APPELLANTUB.

541 4768 785 4824 Tradidit
802 4765 980 4839 nobis,
999 4764 1197 4817 fratres
1209 4757 1572 4826 dilectissimi,
1596 4759 1861 4818 Dominus
1891 4761 2039 4816 Deus

2215 4765 2322 4819 Τοῦ
2367 4765 2574 4834 Κυρίου
2615 4768 2711 4817 καὶ
2757 4764 2894 4818 Θεοῦ
2927 4767 3022 4820 καὶ
3054 4766 3308 4837 Σωτῆρος
3347 4768 3505 4837 ἡμῶν
3537 4768 3718 4840 Ἰησοῦ

466 4877 531 4916 ac
557 4861 816 4914 Servator
837 4867 1022 4913 noster
1091 4855 1252 4910 Jesus
1291 4853 1544 4908 Christus
1576 4869 1673 4923 per
1711 4864 1930 4910 sanctos
1958 4855 2042 4909 di-

467 4953 702 5020 scipulos
759 4965 888 5003 suos
939 4956 994 5002 et
1051 4948 1360 5022 apostolos,
1399 4963 1597 5016 purum
1653 4936 2042 5016 sincerumque

468 5039 958 5111 ﬁdeimysterinm,
1025 5051 1088 5090 ac
1137 5037 1302 5090 simul
1336 5038 1665 5106 praemonuit
1722 5038 1840 5093 fore
1904 5041 2041 5093 utin

467 5137 657 5190 diebus
689 5131 895 5186 ultimis
915 5130 1070 5183 multi
1097 5130 1215 5182 falsi
1246 5129 1525 5197 propheta:
1583 5139 1638 5184 et
1669 5130 1790 5186 falsi
1838 5131 2041 5186 Christi

467 5233 894 5295 exsurgerent,a
927 5222 1122 5291 quibus
1157 5220 1319 5275 nobis
1348 5236 1696 5292 summopere
1729 5227 2032 5280 cavendum

465 5319 627 5374 foret.
657 5315 843 5385 Neque
876 5329 1036 5368 secus
1063 5313 1344 5384 apostolus
1368 5313 1569 5368 Paulus
1603 5315 1656 5368 in
1674 5316 1911 5385 Epistoln
1965 5318 2033 5372 ad

468 5410 814 5466 Timotheum
846 5407 1134 5476 praedixit:
1191 5404 1390 5459 Multos
1415 5408 1663 5462 extremis
1721 5409 2037 5475 temporibus

465 5504 618 5573 aﬁde
652 5501 960 5562 descituras,
991 5498 1260 5566 spiritibus
1277 5498 1640 5552 auscultantes
1681 5500 2037 5552 seductoribus

466 5610 514 5650 st
535 5596 786 5650 doctrinis
815 5594 1132 5658 daemonum,
1164 5593 1258 5644 sub
1282 5592 1516 5660 personis
1567 5591 1910 5659 impostorum
1955 5591 2039 5645 la-

467 5688 708 5754 tentiam,
735 5687 824 5741 aui
851 5684 1226 5742 conscientiam
1256 5699 1412 5738 suam
1433 5683 1669 5735 cauterio
1721 5683 1887 5736 exusti
1914 5698 2054 5736 con-

2143 4858 2382 4930 Χριστοῦ
2429 4859 2517 4912 διὰ
2564 4861 2672 4912 τῶν
2721 4858 2894 4926 ἁγίων
2940 4857 3108 4912 αὑτοῦ
3150 4859 3413 4928 μαθητῶν
3453 4861 3546 4912 καὶ
3579 4863 3708 4912 ἀπο-

2154 4951 2356 5004 στόλων
2403 4950 2644 5020 καθαρὸν
2685 4952 2816 5021 ἡμῖν
2862 4951 2924 5004 τὸ
2954 4954 3053 5021 τῆς
3105 4951 3341 5012 πίστεως
3383 4952 3724 5019 παραδόντος

2147 5042 2462 5111 μυστήριον,
2506 5041 2790 5110 εἰρηκότος
2819 5040 2877 5094 δὲ
2917 5043 3013 5094 καὶ
3045 5041 3103 5093 ὲν
3134 5043 3253 5103 ταῖς
3284 5041 3543 5110 ἐσχάταις
3578 5043 3715 5110 ἡμέ-

2147 5149 2265 5203 ραις
2293 5132 2521 5194 πολλοὺς
2549 5130 2864 5186 ἐλεύσεσθαι
2902 5132 3354 5202 ψευδοπροφήτας
3385 5133 3480 5185 καὶ
3509 5132 3707 5200 ψευδο-

2143 5226 2417 5293 χρίστους,
2461 5224 2554 5276 καὶ
2603 5223 3072 5292 παραγγείλαντος
3101 5223 3390 5294 προσέχειν
3439 5222 3547 5274 ἀπὸ
3593 5223 3708 5275 τῶν

2140 5316 2419 5379 τοιούτων,
2447 5313 2757 5376 ἀκολούθως
2781 5313 2837 5364 δὲ
2865 5313 2959 5366 καὶ
2995 5313 3090 5368 τοῦ
3123 5314 3459 5385 θεοκὴρυκος
3487 5312 3706 5368 Παύλου
3775 5299 3794 5312 δ

2143 5406 2278 5473 πρὸς
2307 5407 2396 5458 τὸν
2421 5405 2683 5474 Τιμόθεον
2714 5407 3154 5473 ἀποστείλαντος,
3175 5408 3256 5460 ὅτι
3302 5405 3403 5459 Ἐν
3429 5407 3707 5474 ἐσχάτοις

2142 5493 2362 5560 καιροῖς
2395 5492 2849 5560 ἀποστήσονταί
2894 5509 3054 5560 τινες
3085 5492 3196 5561 τῆς
3234 5495 3491 5548 πίστεωρ
3527 5508 3714 5559 προσο

2141 5589 2387 5657 ἐχοντες
2446 5589 2744 5658 πνεύμασι
2797 5588 3073 5656 πλάνοις,
3131 5589 3231 5644 καὶ
3285 5589 3714 5652 διδασκαλίαις

2141 5679 2486 5750 δαιμονίων,
2523 5679 2593 5736 ἐν
2621 5683 2927 5750 ὑποκρίσει
2981 5671 3369 5753 ψευδολόγοιὼ
3419 5693 3707 5746 κεκαυτηο
