4006 6248
464 259 542 326 ιε
1684 248 2071 314 ΈΗΤΙΙῩΜῘῙ
2129 252 2492 316 ZIGABENI
3638 253 3711 319 tt

458 377 845 439 emovuerunt,
905 368 1289 442 simplicesque
1371 364 1624 422 homines
1693 380 1817 419 cum
1873 365 2039 430 viros,

2155 368 2419 437 αἱρέσεως
2451 368 2829 437 ὲξεμέσαντες,
2868 375 2960 428 καὶ
2993 373 3120 438 τοὺς
3152 369 3571 445 ἀγροικοτέρους
3600 374 3714 427 τῶν

461 478 579 522 tum
610 463 869 518 mulieres
927 460 1286 530 decepcrunt,
1348 466 1511 528 atque
1573 456 1643 511 ita
1692 455 1746 509 in
1771 455 2034 525 perniciei

464 555 784 613 barathrum
807 552 1305 626 prmcipitaverunt,
1339 550 1645 605 anathema.

1051 730 1329 786 Anathem.
1384 727 1439 779 ι.

532 827 621 891 lis,
673 826 763 896 qui
822 824 1035 886 dicunt.
1097 831 1292 893 praeter
1324 826 1568 873 sanctam
1620 824 1675 872 et
1700 816 2035 872 salutiferam

466 918 819 982 Trinitatem,
873 915 966 971 Dei
991 914 1202 970 scilicet
1253 912 1431 966 Patris
1486 909 1670 975 Verbi,
1708 910 1851 979 quod
1909 923 2036 963 caro

465 1012 667 1067 factum
725 1017 831 1074 est,
897 1005 1129 1074 Filiique
1189 1001 1283 1056 Dei
1337 1010 1394 1057 et
1460 1000 1673 1055 Domini
1706 999 1877 1055 nostri
1904 1000 2035 1055 Jesu

462 1102 688 1168 Christi,
724 1108 781 1155 et
819 1097 1061 1169 Spiritus
1111 1094 1310 1160 sancti,
1369 1092 1528 1147 aliam
1579 1093 1868 1162 quamdam
1915 1106 2036 1146 esse

463 1194 809 1255 Trinitatem,
864 1189 950 1245 vel
1008 1187 1172 1241 etiam
1228 1184 1566 1256 superiorem
1617 1183 1941 1253 potentiam,
1979 1183 2036 1237 in

465 1297 718 1353 supremo
745 1287 951 1349 septem
979 1278 1241 1332 ctelorum
1270 1274 1413 1332 uelo
1441 1274 1628 1329 sedem
1658 1289 1813 1328 suam
1835 1273 2041 1328 haben-

464 1383 594 1436 tem,
655 1370 958 1426 secundum
1020 1368 1431 1431 exsecrandam,
1503 1374 1561 1420 et
1614 1365 1752 1421 falso
1806 1365 1873 1420 ab
1905 1365 2037 1436 ipsis

463 1462 613 1518 Isaias
639 1460 919 1527 tributam,
949 1473 1015 1514 ac
1047 1458 1362 1527 inscriptam
1400 1457 1690 1523 visionem,
1718 1456 2033 1511 anathema.

1051 1550 1334 1603 Anathem.
1393 1547 1448 1602 5.

534 1644 622 1710 Iis,
657 1642 750 1714 qui
786 1640 924 1697 alias
957 1640 1315 1695 introducunt
1342 1637 1675 1710 Scripturas,
1746 1653 1842 1694 seu
1867 1639 2038 1695 libros

2142 458 2467 529 ἀνθρώπων,
2505 462 2706 531 ἄνδρας
2735 481 2792 516 τε
2824 465 2918 518 καὶ
2947 468 3215 531 γυναῖκας
3246 464 3712 535 ἐξαπατήσαντες.

2144 550 2280 619 πρὸς
2313 551 2373 604 τὸ
2399 552 2499 621 τῆς
2543 554 2821 619 ἀπωλείας
2852 558 3208 611 κατέσπασαν
3239 556 3540 629 βάραθρον,
3583 560 3687 613 ἀνά

2140 641 2197 694 θε
2206 659 2302 712 μα.

2734 737 3002 808 Ἀναθεμ.
3037 737 3106 791 δ’.

2210 827 2338 890 Τοῖς
2388 827 2633 896 λέγουσι,
2678 828 2820 898 πλὴν
2876 832 2975 902 τῆς
3029 833 3193 902 ἁγίας
3246 835 3345 888 καὶ
3397 838 3714 910 ζωαρχικῆς

2139 920 2391 989 Τριάδος,
2436 918 2605 990 ἤγουν
2654 920 2748 971 τοῦ
2780 921 2915 975 Θεοῦ
2963 923 3057 975 καὶ
3108 922 3324 992 Πατρὸς
3352 925 3446 978 τοῦ
3488 945 3704 999 σαρκω-

2140 1011 2326 1073 θέντος
2359 1010 2563 1079 Λόγου,
2600 1011 2699 1064 καὶ⁸
2743 1011 2871 1065 Υίοῦ
2901 1013 2994 1065 τοῦ
3019 1013 3150 1068 Θεοῦ
3179 1014 3273 1068 τοῦ
3313 1016 3522 1085 Κυρίου
3555 1020 3717 1089 ἡμῶν

2152 1100 2330 1172 Ἰησοῦ
2391 1100 2670 1171 Χριστοῦ,
2735 1103 2830 1155 καὶ
2880 1101 2975 1155 τοῦ
3033 1104 3296 1173 παναγίου
3356 1106 3708 1177 Πνεῦματος,

2139 1192 2334 1263 ἑτέραν
2386 1192 2508 1247 τινά
2559 1187 2698 1248 εἶναι
2763 1194 3000 1265 Τριάδα,
3068 1196 3101 1267 ἢ
3161 1196 3256 1249 καὶ
3303 1197 3710 1269 ὑπερκειμένην

2140 1284 2411 1351 ἐξουσίαν,
2444 1284 2543 1357 τὴν
2575 1285 2650 1357 τῷ
2681 1287 2974 1358 ῦπερτάτῳ
3011 1290 3119 1341 τῶν
3152 1288 3293 1341 ἑπτὰ
3318 1288 3563 1358 οὐρανῶν
3590 1291 3711 1341 ἐπι-

2141 1375 2486 1446 καθημένην,
2517 1375 2659 1430 κατά
2688 1376 2787 1447 τὴν
2817 1376 3081 1448 βδελυρὰν
3104 1376 3541 1449 ψευδεπίγραφον
3574 1376 3709 1448 παρ’

2139 1465 2324 1529 αὐτοῖς
2348 1463 2442 1519 τοῦ
2481 1463 2706 1521 Ἡσαΐου
2731 1469 2922 1533 ὅρασιν
2950 1467 3217 1538 ἀνάθεμα.

2738 1559 2804 1614 Ἀ
2813 1563 3019 1629 ναϐεμ.
3060 1565 3126 1614 ε’.

2210 1647 2338 1711 Τοῖς
2373 1649 2805 1719 παρεισάγουσιν
2855 1649 3052 1718 ἑτέρας
3082 1648 3328 1720 Γραφάς,
3380 1649 3413 1720 ἢ
3465 1649 3565 1710 τὰς
3613 1648 3720 1704 ὑπὸ

455 1751 668 1803 sacros,
750 1748 912 1804 qnam
989 1748 1127 1803 quos
1218 1731 1454 1802 Spiritus
1533 1739 1757 1786 sanctus
1797 1748 2039 1801 pronun-

2155 1741 2236 1795 τοῦ
2266 1742 2422 1810 ἁγίου
2453 1715 2790 1811 Πνεῦματος,
2823 1741 2920 1795 καὶ
2943 1715 3096 1813 παρά
3254 1715 3426 1811 ἁγίων
3459 1742 3720 1814 Πατέρων

464 1830 638 1894 tiavit,
670 1838 725 1881 et
755 1826 929 1880 sancti
959 1825 1119 1878 nobis
1147 1824 1339 1878 Patres
1379 1823 1673 1889 tradidere,
1724 1823 2037 1879 anathema.

1068 1917 1351 1970 Anathem.
1378 1915 1434 1971 6.

542 2012 634 2077 lis,
665 2013 755 2081 qui
798 2011 992 2066 dicunt
1021 2009 1259 2078 nuptias,
1316 2023 1436 2076 qua:
1468 2007 1521 2062 in
1576 2006 1800 2062 nomine
1829 2005 2042 2060 Domini

463 2103 884 2165 contrahuntur,
917 2101 1275 2168 carniumque
1301 2115 1456 2153 csum
1487 2115 1518 2153 a
1586 2101 1697 2154 Deo
1746 2099 2041 2169 permissa-

465 2208 608 2252 rum.
649 2193 757 2247 Deo
792 2190 1178 2245 abominabilia
1203 2204 1343 2253 esse,
1381 2189 1580 2259 illaque
1607 2199 1894 2260 propterea
1918 2189 2045 2259 reji-

463 2281 619 2336 eiunt
642 2288 697 2334 et
731 2278 1122 2341 condemnant,
1149 2277 1467 2332 anathema.

1048 2368 1331 2423 Another».
1392 2368 1442 2422 7.

535 2460 629 2523 lis,
665 2460 757 2529 qui
790 2456 1025 2513 traditas
1050 2457 1212 2512 nobis
1264 2471 1477 2527 preces,
1526 2466 1583 2512 et
1638 2456 1926 2513 cautiones
1952 2470 2042 2512 sa-

2141 1836 2278 1906 ἠμῖν
2308 1835 2730 1906 παραδοθείσας,
2767 1834 3043 1903 ἀνάθεμα.

2731 1927 3007 1996 ’Δνιιθεμ.
3052 1933 3128 1992 ς’.

2214 2015 2343 2079 Τοῖς
2373 2015 2625 2085 λέγουσιν
2652 2015 2727 2080 ὼς
2759 2019 2787 2070 ὁ
2821 2019 2880 2069 ὲν
2912 2017 3102 2088 Κυρίῳ
3132 2015 3333 2086 γάμος,
3372 2019 3469 2073 καὶ
3506 2020 3533 2091 ἡ
3575 2021 3718 2075 κατά

2143 2106 2278 2158 Θεὸν
2342 2108 2688 2175 κρεωφαγία,
2717 2108 2984 2179 βδελυκτά
3029 2109 3141 2163 είσι
3186 2109 3266 2179 τῷ
3324 2110 3462 2182 Θεῷ,
3504 2111 3600 2167 καὶ
3626 2110 3718 2169 διὰ

2140 2197 2302 2251 τοῦτο
2322 2199 2613 2271 ἀμφότερα
2642 2199 3060 2271 ἀνατρέπουσιν,
3087 2201 3357 2273 ἀνάθεμα.

2744 2379 2803 2434 ’Δ
2811 2383 3016 2451 ναθεμ.
3057 2379 3096 2442 ζ

2212 2470 2339 2533 Τοῖς
2367 2470 2436 2524 τὰ
2475 2470 2879 2535 παραδοθείσας
2910 2475 3046 2544 ἡμῖν
3093 2471 3258 2544 εὐχάς
3291 2491 3350 2527 τε
3395 2475 3488 2527 καὶ
3524 2474 3709 2545 ὕμνῳ·

465 2569 607 2617 cras,
646 2567 710 2607 ac
736 2550 972 2622 primum
990 2549 1212 2622 quidem
1238 2549 1308 2604 ab
1328 2549 1534 2603 sanctis
1555 2548 1832 2618 Apostolis
1866 2547 2039 2617 impe-

2155 2560 2277 2620 Βίας.
2310 2560 2526 2631 πρῶτον
2555 2562 2654 2632 μὲν
2683 2564 2837 2633 παρὰ
2859 2563 2971 2617 τῶν
2994 2563 3154 2617 θείων
3186 2564 3519 2629 ἀποστόλων,
3555 2568 3718 2632 Πλη-

464 2655 612 2701 ratas
643 2646 745 2714 (ut,
774 2658 898 2701 cum
958 2643 1117 2699 divus
1166 2641 1366 2697 Paulus
1418 2641 1539 2701 ait:
1599 2639 1898 2710 Implemini
1932 2640 2039 2709 spi—

2155 2652 2361 2708 9013008
2377 2653 2501 2724 γὰρ,
2523 2656 2784 2725 φησὶν,ἐν
2803 2658 3095 2726 πνεύματι
3110 2658 3467 2724 ,λαλοῦντες
3478 2657 3720 2721 ἑαυτοῖς

465 2742 592 2803 ritu,
628 2738 894 2809 loquen'es
915 2735 1204 2791 invicemin
1231 2732 1467 2805 psalmis,
1495 2734 1720 2804 hymnis,
1749 2741 1798 2787 et
1832 2733 2039 2787 cantio-

2155 2744 2446 2813 ψαλμοὺς,
2493 2747 2592 2799 καὶ
2643 2747 2898 2817 ὕμνους,
2951 2747 3052 2803 καί
3095 2748 3254 2815 ᾠδὰς
3282 2747 3715 2819 πνευματικὰς.

465 2829 614 2884 nibus
655 2827 1022 2901 spiritualibm
1052 2828 1093 2882 ⁸.
1129 2825 1310 2897 )Tum
1329 2834 1521 2894 etqua:
1585 2825 1844 2896 deinceps
1872 2840 1903 2880 a
1958 2824 2039 2879 di-

2155 2835 2376 2888 Ἐπειτα
2406 2836 2463 2891 δὲ
2511 2835 2605 2891 καὶ
2637 2838 2876 2909 καθεξῆς
2922 2839 3077 2909 παρά
3106 2840 3215 2893 τῶν
3272 2839 3431 2893 θείων
3469 2839 3568 2894 καὶ
3612 2857 3718 2909 μα·-

465 2922 611 2978 vlnis
686 2920 971 2991 beatisque
1021 2918 1279 2974 Ecclesiae
1330 2918 1582 2973 Patribus
1641 2925 1697 2974 et
1724 2917 2039 2974 doctoribus

2155 2927 2386 2999 καριτῶν
2424 2928 2754 3000 Ἐκκλησίας
2784 2930 3044 3000 Πατέρων
3072 2933 3170 2986 καὶ
3202 2932 3561 2986 διδασκάλων.
3593 2933 3716 2994 Τοῖς

462 3014 668 3069 nelictae
718 3020 891 3069 sunt:
957 3011 1066 3076 his,
1123 3010 1368 3080 inquam,
1424 3007 1518 3077 qui
1581 3023 1676 3064 eas
1721 3021 1941 3071 omnes,
1981 3017 2039 3064 ut

2155 3015 2235 3072 25v
2292 3019 2496 3083 ταύτας
2553 3022 2734 3085 πάσας
2784 3022 2861 3086 ὡς
2918 3022 3275 3093 βαττολογίας
3326 3026 3716 3097 ἀνατρέπουσι.

465 3105 678 3162 {utilem
693 3120 761 3161 ac
773 3104 987 3158 inanem
1010 3103 1259 3172 repetitae
1273 3100 1641 3155 invocationis
1653 3100 2039 3169 loquacitatem

2155 3105 2234 3160 ml
2278 3107 2652 3162 διαϐάλλουσιο
2684 3110 2742 3163 ἐν
2769 3110 2910 3181 ἀρχῇ
2939 3109 2996 3163 δὲ
3027 3111 3127 3182 τῆς
3153 3111 3262 3165 ἀπὸ
3292 3110 3387 3164 τοῦ
3420 3112 3555 3165 Θεοῦ
3602 3112 3716 3167 δια-

469 3195 743 3265 rejiciunt,
793 3202 849 3249 et
898 3192 1177 3263 culpant:
1238 3192 1293 3246 in
1356 3191 1629 3262 principio
1659 3200 2039 3247 autem'suzea

2155 3199 2406 3265 ττάσεως,
2451 3200 2613 3269 μόνον
2652 3199 2715 3254 τὸ
2757 3199 2950 3270 Πάτερ
2993 3201 3163 3271 ἡμῶν
3211 3205 3246 3257 ὁ
3281 3203 3349 3256 ἐν
3377 3201 3503 3267 τοῖς
3549 3204 3722 3270 οὐρα-

468 3288 580 3341 Deo
608 3282 963 3341 discessionis
989 3284 1384 3339 solummodo:
1420 3282 1585 3338 Pam
1622 3294 1817 3353 noster,
1864 3287 1955 3356 qui
1990 3302 2039 3341 ea

2155 3288 2291 3355 νοῖς,
2328 3288 2466 3358 μετὰ
2501 3289 2604 3358 τῆς
2634 3289 2712 3352 είς
2737 3289 2844 3361 γῆν
2891 3290 3268 3354 κατακλίσεως
3300 3291 3720 3347 ἐκπαιδεύουσιν

464 3380 522 3433 in
567 3379 732 3442 catis,
804 3392 929 3433 cum
991 3376 1315 3432 adoratione
1364 3392 1523 3432 orare
1547 3377 1772 3442 docent,
1835 3377 2039 3448 absque

2155 3378 2455 3444 ποιεῖσθαι,
2518 3380 2649 3433 ἄνευ
2693 3380 2796 3450 τῆς
2850 3381 2945 3435 τοῦ
2999 3380 3322 3435 δεσποτικοῦ
3362 3381 3590 3451 σημείου
3642 3381 3723 3450 τῷ

465 3472 740 3528 dominico
767 3471 953 3542 figura:
978 3471 1161 3527 crucis
1209 3470 1266 3525 in
1301 3470 1441 3527 facie
1488 3469 1770 3541 signaculo
1800 3487 1819 3537 ;
1858 3469 2043 3524 Domi-

465 3581 596 3620 num
631 3573 878 3618 nostrum
934 3560 1123 3617 Jesum
1187 3560 1468 3618 Christum
1527 3561 1832 3617 orationem
1883 3561 2042 3616 istam

466 3652 940 3709 .tobislradidisse
999 3660 1405 3721 praetexentes;
1477 3665 1671 3707 revera
1734 3659 1939 3717 autem,
1986 3660 2047 3706 ut

2144 3471 2425 3541 προσώπῳ
2471 3471 2776 3544 σταυρικῆς
2827 3471 3215 3537 ἐκτυπώσεως,
3276 3472 3551 3544 προφάσει
3601 3472 3721 3542 μὲν,

2142 3560 2219 3623 ὡς
2247 3561 2342 3615 τοῦ
2374 3561 2646 3616 Δεσπότου
2671 3561 2829 3633 ἡμῶν
2861 3562 3037 3631 Ἰησοῦ
3065 3561 3307 3632 Χριστοῦ
3338 3562 3437 3631 τὴν
3460 3559 3723 3630 τοιαύτην

2144 3650 2310 3722 εὐχὴν
2340 3652 2778 3723 παραδόντος,τῇ
2818 3652 2862 3705 δ’
2894 3651 3147 3723 ἀληθείᾳ,
3167 3650 3452 3721 ἐπικλήσει
3479 3650 3573 3703 τοῦ
3607 3649 3725 3720 βδε-

464 3745 857 3803 exsecrandum
918 3752 1126 3815 patrem
1216 3757 1377 3799 suum
1449 3741 1711 3798 Satanam
1792 3742 2047 3798 invocent

465 3838 656 3908 (hujus
686 3838 831 3892 enim
851 3835 1021 3907 gratia
1045 3851 1075 3889 a
1101 3843 1304 3892 sanctae
1336 3835 1515 3892 erucis
1537 3834 1817 3906 signaculo
1848 3835 2047 3891 abhor-

2144 3743 2311 3815 λυροῦ
2337 3743 2520 3800 αὐτῶν
2555 3744 2761 3816 πατρὸς
2784 3742 2879 3798 τοῦ
2927 3744 3175 3798 Σατανᾶο
3204 3742 3398 3797 τούτου
3425 3742 3532 3814 γὰρ
3562 3743 3723 3815 χάριν

2148 3836 2243 3890 καὶ
2271 3835 2371 3907 τὴν
2405 3836 2708 3909 σταυρικὴν
2739 3836 3043 3906 σημείωσιν
3083 3834 3482 3899 ἀποϐάλλοντα,
3517 3834 3612 3889 καὶ
3661 3836 3722 3889 τὸ

470 3939 617 3994 rent,
653 3939 708 3983 et
731 3929 866 3982 illud
886 3943 917 3982 a
942 3928 1145 3982 divinis
1183 3928 1441 3983 Ecclesiae
1465 3929 1766 3985 luminibus
1802 3944 1866 3984 ac
1894 3927 2039 3984 duci-

2155 3928 2303 3998 παρά
2328 3928 2438 3982 τῶν
2465 3926 2626 3981 θείων
2655 3927 2962 3997 φωστήρων
2994 3927 3088 3981 καὶ
3115 3927 3215 3998 τῆς
3258 3924 3586 3995 Ἐκκλησίας
3615 3941 3719 3977 καφ

464 4023 568 4075 bus
603 4019 849 4075 additum
882 4026 1209 4083 extremum,
1236 4018 1381 4087 quod
1408 4018 1647 4073 orationi
1671 4018 1959 4072 dominicae
1993 4019 2039 4071 in

2155 4020 2409 4089 θηγητῶν
2444 4020 2748 4090 προστεθὲν
2790 4018 3205 4089 άκροτελεύτιον
3257 4016 3609 4087 ἐπιφώνημα,
3638 4017 3719 4076 είς

465 4110 689 4183 gloriam
707 4108 1217 4172 consubstantialis,
1250 4116 1306 4162 et
1333 4106 1633 4163 individua:
1688 4107 1972 4163 Trinitatis
1992 4108 2039 4161 in

2155 4110 2307 4174 δόξαν
2364 4112 2463 4179 τῆς
2507 4110 2793 4181 ὀμοουσίου
2823 4111 2917 4164 καὶ
2965 4109 3273 4181 ἀδιαιρέτου
3330 4109 3581 4178 Τριάδος,
3630 4108 3718 4159 τό·

466 4201 738 4273 precando
797 4200 1084 4269 subjicitur
1130 4198 1531 4253 corollarium:
1591 4196 1728 4264 Quia
1785 4205 1934 4252 tuum
1974 4210 2039 4252 est

2155 4202 2281 4254 Ὅτι
2302 4200 2425 4254 σοῦ
2454 4201 2627 4255 ἐστιν
2653 4203 2692 4269 ἠ
2718 4202 3029 4267 βασιλεία,
3061 4202 3156 4257 καί
3189 4202 3226 4269 ἠ
3266 4200 3416 4264 δόξα
3453 4198 3563 4252 τοῦ
3609 4200 3722 4251 Ha-

465 4311 703 4368 regnum,
754 4303 804 4348 et
851 4293 1105 4363 potentia,
1147 4301 1195 4349 et
1234 4291 1428 4363 gloria,
1483 4290 1690 4354 Patris,
1720 4300 1764 4343 et
1798 4289 1952 4357 Filii,
2000 4302 2039 4345 et

2155 4292 2289 4362 τρός
2330 4292 2429 4346 καὶ
2472 4293 2582 4348 τοῦ
2621 4295 2786 4356 ΥΙοῦ,
2834 4296 2930 4349 καὶ
2977 4295 3082 4349 τοῦ
3131 4295 3301 4364 ἁγίου
3355 4292 3722 4360 Πνεύμαινος.

464 4386 695 4457 Spiritus
724 4386 913 4452 sancti,
942 4399 1007 4439 ne
1028 4383 1217 4438 audire
1244 4384 1463 4453 quidem
1491 4379 1806 4447 sustinent).
1834 4381 1903 4437 lis
1950 4382 2039 4453 igi-

2155 4384 2276 4441 οὐδὲ
2321 4386 2553 4439 ἀκοῦσαι
2596 4387 2899 4457 ἀνέχονται.
2943 4389 3068 4452 Τοῖς
3122 4386 3217 4442 οῦν
3267 4386 3411 4439 οὕτω
3466 4382 3726 4455 φρονοῦσι

466 4495 577 4545 tur,
606 4480 697 4551 qui
723 4479 793 4535 ita
823 4480 1089 4539 sentiunt,
1126 4492 1188 4531 ac
1217 4477 1435 4540 docent,
1492 4484 1548 4530 et
1584 4473 1651 4528 ad
1685 4474 1846 4527 tinem
1880 4487 2039 4543 usque

2155 4479 2242 4531 καὶ
2267 4476 2604 4544 διδάσκουσι,
2638 4478 2733 4532 καὶ
2765 4480 2891 4550 ἀχρι
2922 4479 3107 4543 τέλους
3132 4481 3201 4551 τῇ
3245 4478 3467 4551 τοιαύτῃ
3511 4475 3726 4544 πονηρᾷ

468 4576 521 4628 in
545 4570 855 4628 istiusmodi
883 4585 1052 4642 prava
1108 4567 1435 4623 inﬁtiatione
1491 4577 1863 4637 perseverant,
1921 4580 2039 4623 ana.

2155 4571 2404 4627 ὲνστάσει
2434 4571 2790 4644 ἐμμένουσιν,
2818 4572 3092 4641 ἀνάθεμα.

468 4668 670 4723 thema.

1061 4754 1339 4811 Attat/iam.
1384 4752 1438 4808 8.

2506 4790 2509 4793 -
2735 4753 3001 4820 Ἀναθεμ.
3081 4747 3158 4815 η’.

535 4849 626 4915 lis,
653 4849 742 4920 qui
765 4855 1068 4915 conventus
1128 4848 1183 4900 in
1216 4844 1459 4902 ecclesiis
1507 4852 1849 4910 aversantur,
1904 4842 2039 4897 etin

2219 4847 2343 4909 Τοῖς
2371 4844 2471 4908 τὰς
2499 4846 2557 4899 ὲν
2594 4845 2913 4917 ἐκκλησίαις
2961 4841 3212 4907 συνάξεις
3261 4839 3722 4911 βδελυττομένοις,

468 4940 687 5008 privatis
706 4940 838 4993 locis
861 4938 1172 5008 praesident,
1225 4937 1552 5007 docentque,
1594 4936 1777 5008 specie
1818 4935 2039 5006 quidem

2155 4939 2240 4992 καὶ
2267 4938 2325 4990 ὲν
2362 4933 2622 5003 ίδιάζουσι
2653 4936 2841 4999 τόποις
2896 4931 3401 5005 προσκαθημένοις,
3447 4932 3542 4987 καὶ
3583 4928 3727 4982 διδά-

471 5032 690 5103 majoris
719 5030 923 5101 quietis
963 5043 1150 5095 causa,
1210 5043 1407 5099 reapse
1464 5037 1673 5094 autem,
1729 5036 1789 5082 ut
1821 5026 2039 5098 profani

2155 5040 2363 5095 σκουσι,
2398 5029 2672 5101 προφάσει
2705 5029 2803 5099 μὶν
2842 5028 3071 5098 ἡσυχίας
3102 5026 3284 5095 χάριν,
3327 5025 3392 5093 τῇ
3429 5021 3474 5075 δ’
3499 5019 3728 5090 ἀληθείᾳ

468 5138 659 5180 eorum
701 5119 908 5177 erroris
954 5119 1204 5191 dogmata
1269 5118 1525 5190 redargui
1590 5126 1888 5188 nequeant,
1939 5115 2035 5172 sed

2155 5119 2239 5174 iul
2265 5118 2344 5190 τῷ
2372 5119 2474 5189 τῆς
2507 5117 2739 5188 βεϐήλου
2772 5117 2953 5171 αὐτῶν
2988 5114 3199 5184 πλάνης
3228 5112 3591 5182 ἀνεξέλεγκτα
3627 5109 3724 5180 μέ-

471 5215 725 5289 ignobilia
746 5212 1097 5278 delitescant,
1151 5211 1399 5279 adeoque
1445 5220 1504 5266 ut
1560 5210 1614 5264 in
1664 5210 1851 5265 abdito
1879 5221 2039 5263 omne

2155 5231 2282 5282 νειν,
2306 5214 2405 5270 καὶ
2432 5214 2798 5284 ἀδιάγνωστα,
2832 5211 2898 5266 ἵν’
2920 5209 3095 5273 οὕτως
3116 5276 3117 5279 η
3140 5209 3198 5261 ὲν
3249 5203 3587 5276 παραϐύστῳ
3636 5201 3730 5253 τὸν

466 5316 629 5365 secta:
661 5321 771 5360 suae
800 5317 1075 5359 venenum
1112 5304 1307 5385 animis
1333 5317 1362 5355 a
1395 5316 1456 5357 se
1512 5301 1567 5355 in
1592 5315 1833 5356 errorem
1874 5300 2039 5356 dedu-

2155 5306 2269 5360 ὅλον
2302 5305 2378 5359 ἰὸν
2405 5306 2507 5376 τῆς
2535 5303 2717 5358 αὐτῶν
2747 5302 3018 5376 αἱρέσεως
3048 5302 3161 5362 τοῖς
3187 5297 3280 5350 ὑπ’
3311 5295 3492 5351 αὐτῶν
3521 5294 3733 5360 πλανη-

467 5411 683 5458 etorutn
710 5410 778 5454 eo
805 5394 1020 5453 facilius
1060 5381 1403 5458 infundant;
1467 5394 1641 5459 hisce,
1716 5394 1761 5449 si
1811 5394 1878 5449 ad
1926 5392 2039 5448 vita

2155 5397 2319 5452 θεῖσιν
2346 5397 2601 5466 ἐκχέωσι,
2622 5394 2830 5457 τούτοις
2861 5394 3030 5446 πᾶσιν
3046 5391 3175 5461 ἄχρι
3189 5388 3376 5452 τέλους
3405 5389 3471 5458 τῇ
3502 5381 3734 5457 τοιαύτῃ

469 5505 774 5551 extremum
797 5491 1092 5547 terminum
1121 5490 1175 5547 in
1194 5503 1383 5545 errore
1398 5486 1893 5563 perseveraverint,
1918 5502 2039 5543 ana.

2155 5486 2330 5559 πλάνῃ
2358 5486 2706 5559 ἐμμένουσιν,
2736 5484 3007 5554 ἀνάθεμα.

465 5588 670 5644 thema.

539 5700 559 5731 ³
584 5699 762 5769 Epltes
817 5716 865 5756 ι.
904 5694 1097 5764 18,19.
