4006 6248
309 344 386 410 4³3
1503 363 1802 425 CONTRA
1846 367 2397 431 MASSALIANOS.
3515 370 3589 436 ιο

918 463 976 519 Ἀ
985 468 1191 537 ναθεμ.
1243 471 1310 523 0'.

373 548 503 611 Τοῖς
528 550 630 612 τὰς
663 553 746 616 εἰς
769 553 925 620 δόξαν
961 557 1096 612 Θεοῦ
1136 561 1539 629 παραδοθείσας
1580 569 1714 637 ἡμῖν
1743 573 1895 642 παρὰ

295 642 412 695 τῶν
445 643 620 711 ἁγίων
651 645 972 700 ἀποστόλων
1010 650 1336 724 Ἐκκλησίας
1366 657 1787 728 οἰκοδομεῖσθαι,
1819 663 1895 726 ὼς

294 736 442 805 ἔργα
469 736 678 807 χειρῶν
709 738 1110 809 διαϐάλλουσιν,
1131 747 1224 799 καὶ
1254 751 1676 820 κατοικητήριον
1707 752 1895 823 δαιμό-

299 843 419 878 νων
449 826 646 890 ταύτας
681 826 924 894 λέγουσι,
959 834 1053 884 καὶ
1074 834 1249 899 οὕτως
1291 838 1395 908 ὁδῷ
1426 840 1736 909 βαδίζουσιν
1767 847 1894 897 ἀκο-

307 919 532 983 λούθως,
564 920 658 973 καὶ
681 922 782 991 τὴν
817 923 925 976 τῶν
949 924 1110 980 θείων
1141 930 1233 982 καὶ
1254 931 1416 1000 ἱερῶν
1441 935 1664 986 εἰκόνων
1687 953 1744 988 σε
1757 938 1893 1007 πτὴν

317 1012 702 1079 ἀιιαστήλωσιν,
733 1014 824 1067 καὶ
845 1016 944 1085 τὴν
966 1015 1172 1072 τούτων
1193 1022 1360 1090 τιμὴν
1400 1025 1494 1076 καὶ
1521 1026 1893 1096 προσκύνησιν

315 1105 736 1172 ἀνατρέπουσιν,
761 1106 837 1170 ὡς
866 1109 1002 1173 ὅλως
1028 1111 1449 1184 διεφθαρμένοις
1493 1119 1584 1170 καὶ
1630 1125 1892 1189 σεσηπὸσι

305 1193 552 1260 μέλεσιν,
575 1196 846 1268 ἀνάθεμα.

892 1293 1158 1364 Ἀναθεμ.
1203 1302 1253 1350 ι’.

366 1378 499 1441 Τοῖς
557 1381 878 1436 σπεύδουσιν
927 1384 1016 1437 ἐπ’
1042 1387 1354 1460 ἀνατροπὴν
1405 1393 1506 1462 τῆς
1541 1395 1748 1466 Κυρίου
1797 1398 1890 1452 τοῦ

289 1468 431 1523 Θεοῦ
461 1474 556 1524 καὶ
586 1473 832 1544 Σωτῆρος
857 1477 1014 1546 ἡμῶν
1046 1479 1220 1546 Ἰησοῦ
1255 1481 1492 1554 Χριστοῦ
1516 1485 1888 1557 διδασκαλίας,

288 1563 360 1632 ἦν
390 1568 508 1627 τοῖς
540 1566 719 1633 ἁγίοις
737 1569 903 1622 αὐτοῦ
939 1571 1212 1644 μαθηταῖς
1239 1576 1568 1644 ἐνετείλατο,
1595 1581 1736 1636 ὥστε
1759 1586 1891 1648 τοὺς

283 1654 372 1715 ei;
423 1656 596 1708 αὑτὸν
640 1658 998 1725 πιστεύοντας
1029 1662 1317 1732 βαπτίζειν
1353 1669 1433 1730 είς
1466 1670 1526 1723 τὸ
1577 1672 1748 1743 ὄνομα
1794 1674 1889 1727 τοῦ

285 1745 538 1814 Πατρὸς,
581 1750 786 1804 καὶτοῦ
815 1752 965 1811 Υἱοῦ,
999 1755 1092 1808 καὶ
1118 1755 1212 1810 τοῦ
1238 1757 1393 1828 ἁγίου
1410 1761 1746 1832 Πνεῦματος,
1767 1767 1886 1832 καὶ,

1937 483 1986 540 Δ
2613 483 2890 537 Attat/tem.
2914 482 2967 538 9.

2079 574 2167 637 lis,
2190 575 2280 642 qui
2315 572 2583 628 Ecclesias
2615 591 2644 629 a
2672 575 2874 630 sanctis
2894 573 3156 645 apostolis
3211 575 3369 630 nobis
3419 577 3586 632 tradi-

2005 673 2087 718 tas
2117 664 2168 716 in
2198 665 2460 718 honorem
2507 663 2598 718 Dei
2623 664 2877 720 :ediiieari
2926 680 3037 720 non
3077 665 3280 720 debere
3316 665 3585 727 sentiunt,

2003 772 2210 825 easque
2236 768 2288 810 ut
2321 774 2486 828 Opera
2515 772 2775 812 manuum
2805 757 3234 820 calumniantur,
3299 767 3354 812 et
3382 757 3582 812 daemor

2003 866 2277 905 numesse
2309 852 2496 906 dicunt
2555 850 2887 914 habitacula,
2953 861 3115 920 atque
3153 852 3222 906 ita
3275 867 3440 921 prava
3499 852 3586 908 via

2000 938 2339 1004 incedentes,
2392 949 2799 1009 consequenter
2824 947 2878 993 et
2907 940 3216 994 divinarum
3274 955 3550 994 sacrarum
3571 973 3588 981 -

1999 1044 2106 1098 que
2143 1030 2443 1099 imaginum
2499 1031 2867 1086 venerandam
2934 1030 3191 1099 rejiciunt
3249 1033 3583 1085 erectionem

1999 1129 2160 1190 atque
2193 1123 2425 1186 cultum,
2453 1122 2847 1178 velutomnino
2901 1124 3177 1194 corruptis
3243 1123 3584 1194 putridisquc

1999 1213 2282 1276 membris,
2310 1215 2622 1269 anathema.

2597 1308 2881 1364 Attat/tem.
2908 1309 2993 1363 10.

2065 1397 2153 1459 Iis,
2182 1398 2271 1466 qui
2318 1399 2381 1450 ad
2433 1401 2782 1454 evertendam
2807 1401 3304 1462 DmniniacDei,et
3332 1400 3586 1454 Servate?

1996 1489 2070 1542 ris
2134 1491 2304 1543 nostri
2344 1489 2472 1544 Jcsu
2505 1491 2707 1545 Christi
2736 1492 3037 1545 doctrinam
3065 1500 3384 1562 properant,
3415 1507 3578 1561 quam

1995 1581 2199 1634 sanctis
2224 1582 2511 1652 discipulis
2544 1584 2660 1637 suis
2692 1586 3118 1648 con'nuendzn'it,
3173 1592 3231 1637 ut
3287 1583 3339 1637 in
3375 1599 3433 1636 se
3463 1597 3581 1637 cre-.

1993 1673 2186 1728 dentes
2217 1674 2268 1726 in
2301 1676 2525 1729 nomine
2548 1674 2747 1739 Patris,
2787 1685 2841 1730 et
2873 1674 3018 1738 Filii,
3054 1684 3107 1730 et
3135 1675 3377 1745 Spiritus
3397 1676 3573 1729 sancti

1996 1763 2358 1832 baptizarent,
2400 1776 2454 1820 et
2508 1766 2600 1835 qui
2676 1782 2783 1819 non
2814 1783 2910 1835 per
2946 1782 3084 1836 aqua
3111 1785 3140 1819 ιι
3187 1775 3243 1821 et
3313 1765 3575 1836 Spiritum

283 1835 390 1889 ἐὰν
434 1841 513 1909 μή
547 1858 628 1903 τις
665 1843 899 1915 γεννηθῇ
942 1844 1010 1898 δι’
1051 1846 1243 1912 ὕδατος
1285 1826 1396 1907 -καὶ
1437 1826 1774 1926 πνεῦματος,
1823 1826 1882 1914 οῦ

1997 1866 2336 1921 renascetur,
2363 1871 2486 1912 etim
2519 1873 2627 1910 non
2657 1857 3010 1911 introiturum
3045 1873 3268 1927 regnum
3285 1859 3574 1915 cmlorum,

285 1931 373 2001 μὴ
406 1933 677 1988 εἰσελθεῖν
712 1937 792 2000 είς
834 1938 933 2009 τὴν
965 1938 1247 2008 βασιλείαν
1285 1945 1378 1998 τοῦ
1410 1947 1570 2002 Θεοῦ.
1619 1950 1746 2014 Τοῖς
1791 1951 1885 2009 οὖν

288 2022 436 2092 πρὸς
458 2023 639 2076 ταῦτα
675 2025 855 2079 πάντα
899 2029 1292 2101 τυφλώττουσι,
1323 2035 1417 2088 καὶ
1449 2037 1554 2089 ὑπὸ
1589 2039 1688 2107 τῆς
1733 2043 1886 2114 ἐνερ-

283 2113 429 2182 γοῦς
459 2118 518 2168 ἐν
547 2117 733 2181 αὐτοῖς
765 2120 1070 2192 Σατανικῆς
1117 2124 1405 2195 ἐνεργείας
1433 2129 1676 2199 τολμῶσι
1716 2113 1890 2202 φλυα-

287 2207 441 2274 ρεῖν,
467 2207 530 2258 τὸ
569 2208 730 2275 ἅγιον
779 2209 1063 2283 βάπτισμα
1103 2213 1245 2283 ὕδωρ
1278 2213 1423 2271 εἶναι
1452 2219 1630 2288 ψιλὸν,
1671 2223 1748 2288 ὡς
1780 2224 1886 2292 ἔξω

279 2299 395 2351 καὶ
443 2300 543 2368 τῆς
593 2302 830 2365 πίστεως
876 2306 1038 2374 ἡμῶν
1085 2305 1226 2373 οὖσι,
1273 2313 1368 2362 καὶ
1413 2313 1513 2382 τῆς
1558 2315 1886 2387 Ἐκκλησίας

280 2390 626 2461 ᾖλλοτρίοις,
661 2393 757 2447 καὶ
787 2395 1040 2465 καθάπαξ
1072 2401 1230 2464 Θεου,
1263 2402 1534 2472 ἀνάθεμα.

900 2491 1161 2560 Ἀναθεμ.
1222 2492 1317 2546 ια’.

366 2578 499 2642 Τοῖς
522 2578 832 2643 ἀκολούθως
872 2582 978 2635 τῶν
1000 2582 1256 2638 τοιούτων
1293 2585 1624 2656 ληρημάτων
1657 2593 1746 2645 καὶ
1779 2611 1884 2646 πα-

277 2671 738 2740 ροιφρονημάτων
769 2673 865 2727 καὶ
895 2675 983 2729 τὸν
1011 2675 1190 2746 τίμιον
1224 2678 1318 2731 καὶ
1345 2680 1611 2744 ζωοπιιδν
1653 2688 1886 2758 σταυρὸν

272 2764 578 2831 spatiamur
598 2766 952 2834 ἀποκαλοῦσι,
995 2770 1088 2823 καὶ
1112 2772 1171 2825 τὸ
1215 2771 1370 2844 ἆγιον
1413 2775 1697 2847 βάπτισμα
1741 2779 1884 2850 ὕδωρ

272 2856 472 2925 ψιλὸν,
510 2857 644 2926 μηδὲ
676 2859 872 2925 ἄφεσιν
911 2861 1035 2930 ἕχον
1070 2864 1374 2936 ἁμαρτιῶν,
1425 2869 1561 2939 μήτε
1617 2869 1680 2921 ὲκ
1709 2870 1884 2924 Πνεῦ-

274 2966 493 3021 ματος,
521 2949 654 3006 ἀλλὰ
685 2955 813 3022 παρ’
835 2953 1044 3007 ἑαυτῶν
1076 2956 1526 3028 ὑπισχνουμένοις
1554 2961 1789 3016 δίῖοσθκι
1825 2965 1886 3017 τὸ

271 3043 358 3094 ὲκ
395 3042 737 3112 Πνεῦματος.
771 3046 857 3099 ὅτε
892 3048 1016 3110 τοὺς
1052 3049 1259 3103 ἑαυτῶν
1308 3053 1630 3121 βδελυκτοὺς
1675 3056 1885 3125 μύστας

1991 1946 2354 2015 praedicarent
2381 1963 2396 2013 ;
2451 1948 2546 2002 llis
2576 1947 2740 2018 igitur
2769 1948 2837 2002 ad
2863 1947 2978 2002 haec
3009 1948 3190 2001 omnia
3236 1949 3577 2007 ementientiq

1989 2038 2113 2104 bus,
2146 2050 2202 2092 et
2231 2039 2320 2109 qui
2351 2039 2420 2094 ab
2449 2049 2711 2110 aperante
2741 2041 2793 2094 in
2826 2039 2958 2110 ipsis
3007 2041 3273 2095 diabolica
3335 2041 3576 2105 ellicacia

1989 2130 2170 2202 agitati
2200 2131 2416 2187 eﬂ‘utire
2441 2147 2552 2190 non
2582 2141 2866 2196 verentur,
2902 2147 3116 2187 sacrum
3145 2132 3416 2201 baptisma
3448 2148 3564 2187 mc-

1990 2239 2101 2276 ram
2133 2239 2330 2293 aquam
2379 2239 2518 2292 esse,
2572 2224 2719 2279 velut
2762 2223 3078 2279 hominibus
3131 2239 3160 2277 a
3225 2232 3411 2278 nostra
3470 2224 3579 2286 tida

1988 2321 2199 2386 alienis,
2225 2330 2280 2374 et
2302 2321 2371 2374 ab
2404 2319 2666 2386 Ecclesia,
2697 2329 2860 2390 atque
2895 2321 3014 2390 ipso
3055 2318 3282 2383 omnino
3345 2319 3457 2374 Deo
3487 2334 3576 2373 rc-

1988 2411 2151 2464 motis
2182 2410 2624 2480 subjunctisque,
2656 2409 2975 2471 anathema.

2581 2501 2860 2554 Anathem.
2895 2499 2983 2552 Η.

2058 2589 2148 2656 iis,
2181 2592 2270 2660 qui
2303 2592 2680 2646 consimilibus
2729 2592 2915 2646 itidem
2944 2591 3103 2662 nugis
3133 2599 3189 2646 et
3245 2590 3576 2660 contempti-2

1988 2680 2090 2735 bus
2123 2682 2488 2753 indulgentes,
2519 2683 2886 2738 venerandam
2942 2692 2998 2738 et
3053 2683 3320 2739 viviﬁcam
3346 2697 3570 2748 crucem

1989 2773 2194 2840 furcam
2215 2775 2510 2844 appellant,
2544 2785 2597 2829 ct
2621 2791 2838 2830 sacrum
2871 2776 3206 2845 baptismum
3231 2790 3427 2844 aquam
3451 2789 3571 2826 me-

1990 2882 2108 2921 ram
2139 2882 2264 2922 esse
2288 2868 2631 2930 existimant,
2672 2883 2792 2937 quae
2823 2866 3204 2921 remissionem
3244 2880 3354 2918 non
3380 2863 3573 2928 aﬂ'erat

1991 2969 2336 3030 peccatorum
2376 2976 2388 3012 :
2422 2973 2604 3028 neque
2625 2974 2692 3013 ex
2725 2957 2963 3012 edicaeia
2994 2955 3256 3026 Spiritus,
3301 2955 3396 3009 sed
3420 2969 3485 3009 ex
3512 2969 3573 3010 se

1990 3051 2122 3122 ipsis
2148 3053 2279 3107 dare
2302 3068 2361 3108 se
2388 3052 2737 3122 promittunt,
2765 3051 2906 3120 quod
2933 3049 3173 3118 Spiritus
3229 3057 3452 3103 sanctus
3488 3058 3574 3100 est

269 3135 350 3189 τὸ
374 3135 840 3206 ψευδομοναχικδν
867 3142 1054 3209 σχῆμα
1086 3143 1547 3211 μεταμφιάζουσι,
1580 3149 1672 3201 καὶ
1696 3151 1882 3202 τοιαύ-

1995 3147 2336 3210 Ι›ο·ηριῑυὶιιιιι,
2404 3161 2530 3202 cum
2580 3144 2978 3202 abominandos
3056 3156 3185 3197 suos
3254 3140 3571 3200 sacerdotes

268 3245 393 3298 την
415 3230 717 3300 τηνικαῦτα
747 3232 1090 3302 ποιουμένοις
1107 3236 1228 3288 κατ’
1246 3236 1428 3292 αὐτῶν
1450 3239 1547 3310 τὴν
1570 3240 1882 3312 ἐπίκλησιν,

279 3320 507 3391 μᾶλλον
542 3322 599 3375 δὲ
625 3323 713 3376 τὸν
738 3323 849 3376 τῶν
876 3325 1064 3396 ψυχῶν
1098 3326 1190 3380 καὶ
1224 3329 1488 3398 σωμάτων
1511 3331 1689 3385 αὐτῶν
1717 3352 1884 3388 κατα-

277 3415 618 3483 ποντισμὸν,
656 3416 929 3488 ἀνάθεμα.

896 3511 1156 3581 Ἀγαθεμ.
1200 3514 1294 3577 ιβ’.

367 3598 494 3660 Τοῖς
521 3598 793 3667 λέγουσιν,
825 3599 900 3664 ὡς
939 3602 972 3673 ἡ
1010 3601 1313 3673 μετάληψις
1343 3605 1437 3658 τοῦ
1469 3606 1651 3677 τιμίου
1683 3608 1881 3676 σώμα-

271 3708 383 3752 τος
444 3691 540 3744 καὶ
595 3692 824 3762 αἵματος
875 3693 972 3747 τοῦ
1023 3695 1229 3764 Κυρίου
1279 3697 1373 3750 καὶ
1421 3700 1676 3770 Σωτῆρος
1723 3704 1880 3772 ἡμῶν

290 3783 483 3852 Ἰησοῦ
519 3778 776 3854 ᾏιστοῦ,
818 3785 987 3857 ἄρτου
1022 3787 1184 3856 ψιλοῦ
1223 3790 1316 3843 καὶ
1362 3791 1506 3844 οἴνου
1553 3793 1668 3846 ἐστὶ
1712 3797 1878 3863 μετά-

273 3876 480 3943 ληψις,
517 3875 629 3947 [ὡς
658 3878 753 3930 καὶ
784 3877 872 3931 διά
902 3879 1060 3933 τοῦτο
1102 3881 1229 3943 τοὺς
1263 3883 1327 3936 ὲκ
1354 3882 1560 3942 λαῖκῶν
1598 3886 1874 3954 μεταϐληο

281 3967 492 4030 θέντας
522 3967 659 4036 μετὰ
693 3969 902 4038 τροφῆς
936 3970 1360 4040 προσέρχεσθαι,
1391 3976 1488 4028 καὶ
1526 3975 1880 4045 μεταλαμϐάς

280 4077 405 4113 νειν
460 4061 800 4130 ὑποκρίσεως
849 4060 1028 4130 χάριν,
1063 4064 1158 4115 καὶ
1196 4063 1290 4116 τοῦ
1340 4065 1623 4120 λανθάνειν
1666 4085 1881 4138 παραγ-

288 4154 487 4220 γελίας
524 4169 537 4182 ·
591 4155 715 4216 τοὺς
767 4153 824 4206 δὲ
873 4157 936 4209 ἐκ
996 4157 1382 4225 πρεσϐυτέρων
1441 4161 1873 4228 μετατεθέντας,

284 4245 597 4318 φαγόντας]
614 4248 707 4301 καὶ
734 4251 800 4299 τὰ
847 4248 945 4318 τῆς
980 4249 1131 4312 θείας
1169 4251 1263 4304 καὶ
1298 4253 1533 4322 φρικτῆς
1564 4255 1877 4326 ἱερουργίας

284 4338 572 4392 επιτέλεια
609 4339 1035 4410 ἐπιτρέπουσιν,
1071 4343 1144 4404 ὼς
1193 4346 1442 4415 φανερῶς
1491 4347 1874 4418 ἀντιχρίστοις,

287 4433 398 4484 κᾶν
460 4430 616 4482 αὐτοὶ
678 4432 1157 4497 Χριστοπολίτας
1216 4435 1442 4497 ἑαυτοὺς
1496 4436 1873 4506 ὀνομάζωσιν.

286 4521 562 4590 ranam.

891 4617 948 4671 Ἀ
959 4621 1165 4686 ναθεμ.
1226 4625 1314 4687 ιγ’.

363 4708 489 4768 τοῖς
536 4709 619 4760 ἐπ’
646 4709 959 4777 ἀνατροπὴν
1002 4709 1102 4778 τῆς
1154 4711 1280 4780 ὅλης
1310 4713 1388 4772 είς
1440 4713 1573 4766 Θεὸν
1617 4716 1875 4782 πίστεως,

285 4801 395 4851 καὶ
424 4799 554 4852 ἄλλα
596 4799 695 4869 μὲν
723 4800 938 4868 πονηρά
970 4805 1082 4863 τοῖς
1127 4801 1219 4853 ὑπ’
1247 4804 1427 4855 αὐτῶν
1461 4805 1658 4868 ἀθλίως
1690 4807 1876 4858 τελου·

291 4887 482 4956 μένοις
510 4887 748 4951 τελοῦσι,
797 4892 891 4940 καὶ
925 4888 1046 4940 ἀντὶ
1101 4889 1200 4956 μὲν
1251 4891 1346 4943 τοῦ
1391 4892 1536 4945 θείου
1581 4896 1674 4946 καὶ
1728 4893 1875 4965 ἱεροῦ

286 4984 707 5054 ἐμφυσὴματος,
744 4981 773 5034 ὃ
805 4985 959 5052 παρὰ
987 4981 1080 5035 τοῦ
1112 4985 1385 5038 Δεσπότου
1420 4987 1660 5056 Χριστοῦ
1705 5005 1878 5060 παρε-

285 5071 566 5141 λάϐομεν,
622 5073 718 5126 ἐπὶ
770 5074 839 5141 τῇ
894 5071 988 5124 τοῦ
1042 5073 1197 5139 ἁγίου
1259 5075 1576 5144 Πνεῦμᾳτος
1637 5082 1872 5152 μυστικῇ

285 5164 610 5231 ὲμπνεύσει,
657 5165 970 5232 ἐμπτύουσι
1018 5167 1131 5228 τοῖς
1181 5165 1480 5220 ὑπἀὑτῶν
1533 5170 1874 5241 τελουμένοις

286 5256 703 5325 ὲμπτύσμασιν,
737 5253 811 5315 ὧν
855 5255 950 5309 καὶ
980 5254 1134 5317 αὐτοί
1182 5262 1321 5313 εἰσιν
1352 5261 1493 5327 ἄξιοι
1513 5275 1530 5302 ν
1559 5264 1729 5316 ταῦτα
1760 5266 1876 5326 τοῖς

285 5349 396 5399 ὑπ’
424 5352 595 5404 αὐτῶν
625 5354 975 5422 τελουμένοις
1011 5357 1279 5421 ποιοῦσιν,
1309 5357 1343 5410 a
1374 5358 1516 5410 κατὰ
1544 5356 1652 5410 τῶν
1681 5357 1874 5428 δαιμό-

283 5457 410 5490 νων
435 5443 577 5496 αὐτοὶ
611 5445 894 5514 πιιοῦμεν,
935 5449 1159 5517 προσέτι
1190 5449 1283 5501 καὶ
1327 5448 1478 5501 ὕδατι
1514 5449 1874 5521 μεμιασμένῳ

288 5531 538 5585 κάτωθεν
572 5536 680 5598 ἕως
715 5536 930 5590 ἀνωδιά
959 5539 1214 5606 σπόγγων
1244 5540 1598 5609 ἀναχρίουσιν
1631 5538 1716 5591 ἐπ’
1741 5541 1873 5592 ἁνα-

289 5627 477 5692 τροπῇ
506 5625 596 5678 τοῦ
630 5644 688 5679 τε
718 5629 876 5694 ἁγίου
911 5629 1304 5700 βαπτίσματος,
1334 5632 1427 5682 καλ.
1459 5631 1558 5698 τῆς
1607 5630 1700 5684 τοῦ
1738 5631 1871 5684 Θεοῦ

297 5714 616 5785 [lvi-33am;
646 5723 984 5795 φωτιστικῆς
1015 5725 1337 5799 παρουσίας,
1381 5722 1655 5793 ἀνάθεμα·

1991 3247 2141 3292 vcste
2170 3237 2302 3292 falso
2324 3238 2468 3292 dicta
2501 3236 2823 3291 monachica
2883 3234 3138 3297 induunt,
3197 3247 3260 3288 ac
3312 3232 3572 3298 deinceps

1989 3346 2085 3398 per
2117 3347 2174 3384 se
2211 3330 2422 3384 ordinis
2461 3345 2661 3384 nomen
2695 3328 3009 3389 conferunt,
3047 3342 3145 3382 seu
3171 3327 3355 3396 potius
3375 3323 3572 3378 anima:

1987 3424 2120 3492 ipsis
2149 3422 2464 3493 etcorporis
2498 3423 2779 3476 interitum
2813 3420 3076 3482 alierum,
3103 3418 3418 3472 anathema.

2577 3515 2859 3574 Attat/tem.
2884 3513 2972 3565 12.

2057 3608 2147 3668 lis,
2177 3607 2269 3676 qui
2291 3607 2499 3669 dicunt,
2531 3605 2974 3661 communionem
3009 3602 3298 3657 venerandi
3319 3602 3569 3669 corporis

1983 3709 2033 3754 et
2069 3699 2353 3769 sanguinis
2381 3698 2592 3751 Domini
2621 3714 2683 3752 ac
2717 3695 3024 3752 Servatoris
3049 3695 3218 3747 nostri
3244 3692 3375 3746 Jesu
3403 3692 3567 3746 Chri-

1983 3791 2052 3846 sti
2091 3791 2229 3844 mcri
2268 3791 2423 3859 panis
2449 3799 2500 3844 et
2534 3789 2645 3842 vini
2681 3803 2804 3842 esse
2867 3785 3342 3855 participationem
3379 3782 3479 3845 (sic
3510 3793 3569 3833 nt

1982 3899 2043 3937 ea
2076 3893 2295 3951 propter
2328 3893 2381 3936 et
2407 3882 2458 3937 hi
2492 3881 2585 3950 qui
2608 3896 2637 3933 e
2690 3879 2843 3933 laicis
2862 3881 3218 3938 transierunt,
3287 3892 3410 3929 cum
3444 3875 3570 3931 cibo

1980 3974 2264 4034 accedant,
2299 3988 2362 4026 ac
2390 3970 2681 4026 simulandi
2751 3968 3064 4037 latendique
3090 3968 3262 4038 gratia
3313 3967 3571 4021 delatori-

1984 4066 2105 4124 lius.
2139 4064 2290 4118 illum
2327 4079 2424 4134 pro
2450 4063 2689 4133 Spiritus
2717 4079 2874 4118 etena
2905 4069 3168 4126 sumant;
3230 4059 3322 4129 qui
3381 4073 3512 4114 vero
3537 4074 3568 4108 e

1984 4156 2318 4226 presbyteris
2345 4155 2411 4209 ad
2447 4171 2542 4208 eos
2571 4154 2952 4220 accesserint),
2992 4161 3158 4219 atque
3183 4152 3256 4205 ita
3299 4149 3472 4204 divini
3499 4165 3564 4202 ac

1984 4248 2252 4304 tremendi
2275 4247 2530 4303 sacriﬁcii
2572 4246 2975 4302 institutionem
3004 4252 3281 4308 evertunt,
3315 4251 3372 4295 ut
3399 4241 3564 4311 plane

1980 4341 2177 4395 (Ihristi
2211 4339 2459 4394 hostibus
2487 4379 2502 4403 ,
2541 4339 2752 4399 tametsi
2781 4351 2838 4396 se
2874 4337 2972 4406 ipsi
3001 4333 3419 4406 Chrystopolitas
3468 4348 3562 4385 νοτ

1983 4431 2173 4495 citant,
2197 4431 2512 4488 anathema.

2564 4607 2847 4662 Anni/tem.
2888 4607 2966 4666 15.

2053 4699 2142 4760 lis,
2173 4699 2261 4767 qui
2289 4697 2352 4751 ad
2376 4699 2643 4752 universae
2672 4698 2724 4750 in
2789 4701 2951 4750 Deum
2996 4697 3113 4751 fidei
3149 4694 3559 4758 subversioncm

1980 4805 2102 4844 cum
2138 4792 2302 4843 multa
2327 4791 2428 4843 alia
2455 4791 2689 4858 pessima
2720 4789 2771 4851 in
2800 4789 2887 4843 his
2915 4789 3004 4858 qui
3036 4789 3103 4854 ab
3157 4789 3285 4856 ipsis
3320 4785 3557 4840 infelici-

1982 4893 2063 4944 ter
2095 4882 2399 4948 initiantur,
2431 4881 2743 4947 observant,
2771 4890 2886 4934 tum
2917 4897 3013 4952 pro
3048 4881 3235 4942 divina
3295 4895 3559 4948 sacraque

1981 4974 2368 5037 insutilatione,
2410 4988 2572 5042 quam
2603 4989 2634 5026 a
2668 4973 2895 5036 Domino
2928 4983 3120 5029 Itostro
3154 4973 3284 5030 Jcsu
3337 4972 3557 5031 Christo

1981 5069 2032 5122 in
2066 5063 2305 5138 Spiritus
2345 5065 2518 5121 sancti
2561 5066 2923 5136 inspiratione
2979 5066 3279 5121 adhibitam
3335 5065 3554 5134 accepi-

1979 5178 2117 5222 mus,
2149 5160 2427 5217 initiandis
2453 5161 2521 5215 ab
2563 5176 2622 5217 se
2653 5173 2808 5230 sputa
2837 5161 3125 5231 inspunnt,
3164 5160 3364 5231 quibus
3420 5173 3553 5212 sane

1975 5255 2080 5325 ipsi
2113 5256 2343 5310 maxime
2374 5257 2694 5330 dignisunt:
2723 5255 2806 5310 his
2856 5256 3037 5327 igitur,
3084 5256 3174 5334 qui
3225 5255 3408 5318 hocin
3448 5254 3557 5309 iniq‘

1977 5350 2180 5411 tiandis
2231 5365 2261 5404 a
2314 5367 2433 5405 sese
2466 5359 2862 5419 exsequuntur,
2929 5350 3076 5420 quod
3117 5364 3218 5405 nos
3285 5349 3550 5408 adversus

1976 5440 2248 5495 dremones
2269 5442 2498 5497 facimus
2519 5460 2530 5496 :
2551 5443 2752 5513 quique
2771 5441 2994 5512 insuper
3014 5459 3150 5511 aqua
3165 5458 3258 5498 eos
3273 5439 3547 5499 immunda

1977 5532 2045 5586 ab
2093 5532 2280 5586 intimo
2338 5533 2404 5587 ad
2443 5550 2744 5595 summum,
2787 5536 2902 5590 sive
2951 5553 2980 5589 a
3048 5537 3196 5590 calce
3227 5535 3295 5587 ad
3357 5541 3540 5603 caput,

1978 5627 2220 5694 Spongiis
2251 5627 2489 5692 illinunt,
2517 5628 2662 5697 quod
2704 5640 2852 5682 certe
2887 5630 3025 5683 sacri
3065 5625 3431 5696 baptismatis,
3491 5633 3547 5690 ει

1980 5719 2384 5774 illuminatricis
2430 5722 2522 5774 Dei
2568 5721 2804 5791 Spiritus
2875 5722 3178 5792 praesentia:
3260 5719 3547 5786 subversa;

1955 5809 2228 5878 edicitur,
2251 5813 2562 5877 anathema,
