4006 6248
391 284 454 359 δι
1622 300 1967 361 EUTHYMI

2075 302 2405 363 ZiGABENI
3569 312 3642 375 52

387 409 417 462 ⁸)
440 425 526 465 nm
551 425 684 484 ego:
708 408 768 468 Si
794 422 863 469 ex
888 411 1162 484 imperitia
1178 414 1559 484 blasphemum
1580 411 1713 465 illud
1735 411 1961 465 verbum

2075 413 2325 482 ἀπειρίας
2370 415 2605 486 είρήκῃς
2645 414 2706 467 τὸ
2752 414 3075 486 βλάσφημον
3124 417 3281 475 τοῦτο
3329 422 3499 492 ῥῆμα,
3560 418 3655 476 καὶ

388 500 686 571 pratulisti,
718 510 795 573 et,
832 512 895 560 ut
937 505 1094 571 dicis,
1145 505 1358 563 discere
1399 504 1686 559 veritatem
1748 503 1970 573 quaeris,

388 597 495 647 non
516 610 604 649 me
625 609 756 651 sane
780 596 1004 667 pigebit,
1058 608 1249 666 neque
1301 596 1463 652 saluti
1537 602 1643 651 tuae
1695 595 1970 655 invidebo,

392 685 489 741 sed
509 688 656 757 quod
696 684 840 744 Deus
871 689 1100 752 dederit,
1140 690 1274 744 illud
1304 698 1355 743 te
1381 688 1645 743 edocebo.
1683 688 1773 742 Sic
1825 690 1970 742 enim

389 769 444 831 in
468 779 699 847 epistola
729 782 796 837 ad
858 782 1131 838 Romanos
1162 784 1382 851 scribit;
1429 784 1563 848 Quia
1606 792 1809 854 patrem
1847 782 1975 835 mul-

387 874 562 924 tarum
585 873 816 941 gentium
836 875 985 941 posui
1002 882 1051 928 te
1081 883 1205 929 ante
1237 875 1420 939 Deum,
1445 876 1529 929 eui
1553 874 1843 937 Credidisti,
1878 876 1973 945 qui

386 960 883 1029 riviﬁcatmdrtuos,
924 974 972 1018 et
1003 976 1149 1019 vocat
1173 984 1234 1020 ea
1263 983 1378 1036 qua:
1418 978 1517 1021 non
1560 974 1975 1035 sunt,tanquan;

387 1068 448 1103 ea
488 1069 605 1119 quaz
627 1054 809 1107 sunt'.
842 1055 908 1109 Et
932 1058 985 1112 in
1010 1057 1181 1127 prima
1233 1054 1468 1127 Epistola
1495 1057 1561 1111 ad
1608 1056 1918 1111 Corinthios
1959 1073 1972 1110 :

366 1121 453 1191 .Si
477 1151 656 1196 autem
697 1136 934 1200 Christus
952 1148 1291 1216 prwdicatur,
1314 1149 1453 1216 quod
1480 1148 1759 1201 resurrexit
1781 1165 1811 1200 a
1839 1165 1979 1201 mor-

390 1230 513 1290 tuis,
535 1236 788 1302 quomodo
820 1238 1033 1305 quidam
1050 1240 1227 1292 dicunt
1252 1242 1305 1292 in
1334 1241 1494 1305 vobis,
1522 1240 1659 1310 quod
1672 1240 1979 1293 resurrectio

391 1336 720 1379 mortuorum
757 1345 860 1381 non
896 1331 1088 1395 est‘,ct
1115 1330 1343 1401 reliqua.
1382 1332 1448 1387 Et
1472 1332 1526 1387 in
1591 1333 1827 1386 secunda
1861 1332 1980 1402 Epi-

388 1417 524 1471 sxola
552 1420 617 1474 ad
642 1421 956 1477 Corinthios
982 1421 1113 1480 dicit
1139 1441 1153 1477 :
1206 1422 1533 1494 Conﬁgurati
1586 1424 1744 1477 morti
1770 1416 1906 1494 ejus,
1935 1425 1980 1479 si

390 1522 724 1569 occurramus
775 1512 844 1567 ad
876 1515 1327 1580 resurrectionem,
1359 1531 1474 1586 qua:
1499 1520 1574 1569 est
1605 1532 1668 1569 ea:
1694 1518 1910 1570 mortuis
1936 1516 1976 1571 ⁸.

390 1610 456 1662 Et
480 1609 546 1663 ad
566 1609 1108 1666 Tliessalnnicenses:
1139 1600 1198 1665 Si
1213 1612 1350 1665 enim
1369 1612 1646 1675 credimus,
1672 1613 1807 1682 quod
1831 1612 1979 1667 Iesus

392 1712 629 1754 mortuus
647 1710 720 1755 est
748 1710 795 1755 cl
819 1703 1125 1765 resurrexit,
1151 1712 1201 1756 et
1230 1702 1424 1756 mortui
1453 1704 1608 1773 quiin
1632 1702 1835 1758 Christo
1862 1715 1980 1758 sunt

2075 498 2268 575 ζητῇς,
2296 505 2372 567 ὠς
2401 506 2600 572 λέγεις,
2636 506 2827 576 μαθεῖν
2864 508 2961 578 τὴν
3021 509 3303 577 ἀλήθειαν,
3336 514 3435 566 οὐκ
3483 515 3647 584 ὀκνή-

2078 613 2266 664 σομεν,
2301 596 2422 648 οὐδὲ
2456 595 2804 667 φθονήσομεν
2852 601 2917 669 τῇ
2951 600 3197 672 σωτηρίᾳ
3238 618 3355 666 σου,
3383 604 3496 657 ἀλλ’
3517 607 3663 676 ὅπερ

2074 689 2102 740 6
2129 686 2259 749 Θεὸς
2306 688 2541 750 δίδωσιν,
2577 687 2663 742 ῑνα
2716 690 2983 759 εἴπωμεν.
3030 692 3238 760 Γράφει
3286 695 3396 765 γὰρ
3435 697 3516 758 είς
3555 697 3655 765 τὴν

2076 776 2212 846 πρὸς
2249 777 2565 846 Ῥωμαίους
2619 778 2941 850 Ἐπιστολὴν
2989 780 3165 844 οὕτως
3192 798 3206 811 ·
3240 778 3371 837 Ὀτι
3407 786 3657 840 πολλῶν

2076 868 2269 922 ἐονῶν
2294 869 2521 938 πατέρα
2542 870 2773 925 τέθεικά
2793 880 2867 926 σε
2889 875 3207 928 κατέναντι
3232 872 3306 931 οὗ
3328 877 3656 932 ἐπίστευσε

2081 959 2233 1013 Θεοῦ
2279 958 2386 1013 τοῦ
2434 958 2861 1028 ζωοποιοῦντος
2899 963 3040 1029 τοὺς
3089 966 3364 1033 νεκροὺς,
3414 970 3510 1022 καὶ
3554 986 3657 1023 κα-

2079 1052 2337 1115 λοῦντος
2362 1051 2434 1104 τὰ
2481 1052 2566 1120 μὴ
2614 1052 2759 1106 ὄντα
2797 1054 2874 1119 ὡς
2908 1054 3072 1107 ὄντα.
3109 1057 3218 1108 Καὶ⁸
3264 1060 3344 1115 ei;
3375 1057 3474 1129 τὴν
3508 1062 3646 1130 πρὶς

2081 1138 2402 1211 Κορινθίους
2452 1141 2677 1210 πρώτην
2741 1141 3062 1214 Ἐπιστολή-δ
3093 1155 3107 1175 ⁸
3153 1146 3219 1199 Ei
3271 1146 3338 1198 δὲ
3388 1150 3646 1215 Χριστὸς

2080 1229 2478 1296 κηρύσσεται,
2520 1230 2607 1284 ὅτι
2649 1231 2718 1284 ἐκ
2757 1232 2986 1302 νεκρῶν
3013 1234 3345 1304 ἐγήγερται,
3388 1238 3513 1302 πῶς
3552 1239 3654 1291 λέ-

2081 1321 2259 1389 γουσί
2287 1338 2445 1379 τινες
2476 1320 2548 1374 ἐν
2589 1318 2743 1389 ἡμῖν
2783 1323 2871 1378 ὅτι
2906 1325 3244 1393 ἀνάστασις
3285 1327 3515 1396 νεκρῶν
3537 1332 3648 1385 οὐκ

2079 1412 2234 1478 ἐστι,
2268 1413 2363 1466 καὶ
2409 1403 2480 1465 τά
2526 1412 2709 1468 λοιπά.
2743 1416 2851 1469 Καὶ
2900 1418 2981 1480 εἰς
3026 1418 3123 1485 τὴν
3158 1420 3295 1488 πρὸς
3327 1420 3647 1490 Κορινθίους

2080 1501 2338 1573 δευτέραν
2407 1503 2722 1573 Ἐπιστολὴν
2756 1505 2941 1574 λέγει·
2990 1511 3515 1578 Συμιιορρούμενοι
3571 1511 3648 1576 τῷ

2084 1593 2322 1659 θανάτῳ
2368 1594 2578 1661 αὑτοῦ,
2618 1597 2789 1664 εἴπερ
2841 1599 3381 1668 καταναντήσομεν
3414 1605 3500 1668 εις
3538 1605 3652 1670 τὴν

2084 1683 2502 1749 ἐξανάστασιν
2557 1689 2675 1743 τῶν
2724 1690 2978 1759 νεκρῶν.
3030 1693 3139 1745 Καὶ
3189 1694 3325 1762 πρὸς
3386 1693 3657 1747 Θεσσαλοο

390 1798 660 1861 ‘resurgent
689 1794 912 1862 primi".
943 1792 1010 1846 Et
1066 1793 1119 1847 in
1175 1795 1347 1863 prima
1383 1795 1451 1850 ad
1507 1795 1816 1850 Corinthius
1860 1795 1970 1866 Epi-

2084 1777 2249 1838 νικεῖς
2276 1791 2291 1806 ’
2339 1778 2405 1830 El
2440 1778 2548 1846 γὰρ
2588 1753 2955 1850 πιστεύομεν
2986 1781 3073 1835 ὅτι
3113 1753 3352 1849 Ἰησῖοῧς
3370 1783 3655 1850 ἀπέθανε,

391 1881 648 1938 stola:Si
725 1884 935 1937 omnino
989 1885 1182 1938 mortui
1217 1902 1319 1938 non
1396 1896 1687 1956 resurgant,
1736 1898 1791 1940 ut
1855 1889 1980 1958 quid

387 1974 725 2042 baptizantur
756 1990 851 2043 pro
868 1973 975 2027 illis
998 1975 1045 2027 '?
1063 1985 1120 2029 et
1145 1976 1374 2047 reliqua.
1408 1976 1475 2032 Et
1505 1994 1615 2031 uno
1635 1978 1800 2032 verbo
1825 1994 1977 2047 quan-

387 2079 603 2134 cunque
636 2065 767 2119 mihi
800 2066 1061 2136 suggessit
1109 2067 1252 2123 Deus
1280 2108 1295 2133 ,
1322 2084 1423 2140 ego
1453 2070 1562 2124 dixi
1599 2070 1671 2124 illi
1706 2071 1773 2124 de
1804 2086 1980 2126 resur-

389 2159 629 2212 rectione
651 2160 988 2212 mortuorum
1019 2175 1037 2213 :
1071 2168 1126 2214 et
1156 2175 1249 2213 ore
1269 2160 1485 2229 quidem
1512 2162 1859 2216 exsecrabilis
1887 2162 1977 2217 ille

386 2247 610 2302 credere
643 2246 933 2313 fatebatur,
976 2260 1080 2304 neu
1116 2250 1321 2305 habens
1347 2252 1475 2319 quid
1505 2252 1611 2306 illis
1629 2261 1968 2321 opponeret;

386 2337 480 2391 sed
514 2345 630 2390 erat
664 2337 896 2392 infidelis
925 2339 1130 2403 animo,
1163 2354 1290 2395 vere
1320 2336 1556 2395 inlidelis
1591 2344 1681 2412 qui
1738 2343 1972 2398 oblatam

387 2418 587 2492 lucem,
621 2438 678 2482 ut
705 2436 824 2483 erat
851 2430 1087 2484 tenebris
1119 2432 1432 2494 immersus,
1464 2428 1758 2489 deliberata
1809 2451 1964 2489 men-

392 2508 443 2569 te
473 2515 691 2570 nolebat
712 2516 897 2571 videre
933 2534 945 2571 :
975 2526 1094 2573 erat
1127 2520 1272 2574 enim
1302 2520 1516 2576 Satanae
1549 2524 1855 2593 Operarius,
1909 2534 1967 2581 et

387 2609 687 2677 apostolus,
732 2617 845 2662 uta
878 2611 1059 2665 multis
1083 2613 1173 2682 qui
1210 2624 1335 2668 eum
1368 2616 1786 2687 cognoscebant,
1821 2609 1967 2672 dein-

388 2716 521 2770 c.2ps
548 2700 734 2756 didici.
768 2699 968 2756 Verum
1002 2718 1067 2758 ex
1098 2705 1282 2759 divina
1308 2706 1668 2776 dispositione
1694 2709 1747 2763 in
1769 2709 1966 2778 hujus-

392 2792 536 2847 inodi
566 2807 756 2848 canem
794 2808 881 2847 me
918 2794 1158 2851 incidere
1186 2799 1525 2877 contigitkut
1555 2800 1620 2854 ad
1647 2801 1813 2856 hosce
1874 2802 1973 2855 ini-

387 2886 509 2953 pius
544 2886 795 2944 homines
866 2892 1062 2946 melius
1116 2907 1179 2946 ac
1205 2892 1503 2961 perfectius
1552 2893 1970 2963 cognoscendus

2079 1865 2176 1919 καὶ
2195 1864 2439 1931 ἀνέστη.
2470 1867 2567 1919 καὶ
2591 1870 2645 1921 οὶ
2674 1868 2874 1937 νεκροὶ
2894 1869 2962 1920 ἐν
3003 1868 3233 1937 Χριστῷ
3267 1870 3654 1936 ἀναστήσον-

2079 1973 2173 2011 ται
2220 1955 2473 2024 πρῶτον.
2526 1958 2632 2010 Καὶ
2690 1959 2749 2012 ὲν
2782 1961 2849 2030 τῇ
2888 1958 3024 2031 πρὸς
3081 1960 3404 2026 Κορινθίους
3450 1958 3650 2034 πρώτῃ

2090 2048 2382 2118 Ἐπιστολῇ
2414 2065 2429 2079 ·
2484 2052 2552 2103 El
2596 2050 2753 2115 ὅλως
2797 2053 2999 2118 νεκροὶ
3056 2055 3168 2106 οὐκ
3210 2053 3560 2121 ἐγείρονται,
3594 2053 3657 2107 τί

2072 2138 2460 2205 βαπτίζονται
2485 2140 2638 2209 ὑπὲρ
2665 2140 2784 2194 τῶν
2814 2141 3082 2210 νεκρῶν;
3112 2144 3205 2196 καὶ
3226 2144 3293 2195 τὰ
3325 2143 3507 2199 λοιπά.
3545 2143 3655 2197 Καὶ

2076 2232 2264 2296 ἁπλῶς
2315 2234 2414 2287 ὅσα
2453 2235 2481 2286 6
2515 2232 2646 2297 Θεὸς
2706 2233 2907 2288 ἔδωκεν
2944 2230 3099 2288 εἷπον
3145 2234 3296 2305 αὐτῷ
3352 2237 3481 2307 περὶ
3549 2237 3649 2304 τῆς

2078 2325 2427 2388 ἀναστάσεως
2458 2326 2568 2378 τῶν
2597 2324 2827 2394 νεκρῶν,
2861 2326 2958 2379 καὶ
3003 2327 3239 2396 στόματι
3282 2326 3382 2396 μὲν
3413 2328 3440 2379 6
3469 2328 3637 2379 κατάδ

2079 2432 2239 2486 pato;
2287 2417 2555 2487 ὡμολόγει
2587 2418 2885 2484 πιστεύειν,
2942 2417 3018 2488 μὴ
3066 2417 3206 2488 ἔχων
3244 2435 3298 2471 τι
3350 2420 3641 2487 ἀντιφθέγ-

2078 2508 2274 2574 ξασθαι
2328 2510 2467 2579 πρὸς
2535 2508 2706 2563 ταῦτα
2734 2525 2749 2540 ’
2790 2512 2856 2579 τῇ
2899 2512 3095 2582 γνώμῃ
3135 2509 3183 2563 δ’
3223 2505 3292 2581 ἦν
3333 2512 3360 2563 6
3389 2511 3643 2575 ἄπιστος,

2076 2600 2328 2667 ἄπιστος,
2372 2603 2465 2653 καὶ
2521 2600 2583 2654 τὸ
2644 2600 2760 2669 φῶς
2806 2599 2949 2653 ἑκὼν
2995 2600 3071 2669 μὴ
3129 2598 3298 2652 θέλων
3356 2599 3574 2670 βλέπειν
3619 2601 3648 2652 6

2075 2692 2467 2762 ὲσκοτισμένος
2496 2709 2510 2723 ⁸
2542 2694 2786 2763 ἐργάτης
2826 2692 2934 2762 γὰρ
2967 2687 3034 2763 ἦν
3073 2693 3101 2743 6
3135 2691 3379 2754 τοιοῦτος
3412 2690 3507 2744 τοῦ
3544 2691 3648 2744 Σα-

2075 2786 2233 2849 τανᾶ,
2259 2787 2353 2837 καὶ
2374 2786 2691 2849 ἀπόστολος,
2719 2784 2793 2848 ὡς
2816 2785 2969 2854 παρά
2993 2784 3208 2837 πολλῶν
3235 2784 3454 2836 εἰδότων
3483 2782 3648 2836 αὐτὸν

2078 2872 2329 2948 ὕστερον,
2373 2876 2600 2947 ἔμαθον.
2636 2878 2710 2930 Τὸ
2738 2878 2793 2931 δὲ
2836 2875 2931 2930 τοῦ
2961 2876 3207 2928 τοιούτου
3257 2875 3422 2937 κυνὸς
3454 2876 3652 2929 συνάνέ

391 2992 513 3031 mea
553 2994 708 3034 mens
771 2982 1128 3038 excitaretur.
1197 2982 1532 3053 Discipulum
1604 2985 1751 3038 enim
1782 2995 1961 3039 mena:

2075 2985 2223 3039 τημα
2253 2969 2316 3020 ὲκ
2360 2966 2506 3030 θείας
2543 2967 2856 3037 οἰκονομίας
2888 2965 3089 3035 συνέϐη
3120 2967 3198 3028 είς
3227 2964 3327 3034 ἐμὲ
3369 2963 3647 3031 γενέσθαι,

387 3080 513 3120 cum
593 3083 695 3138 ego
754 3067 1130 3143 Hierosolyma
1181 3071 1578 3136 discessissem,
1638 3074 1967 3129 invenerunt

387 3158 481 3226 qui
503 3157 691 3213 eadem
706 3175 768 3213 ac
785 3153 1042 3230 praelatus
1065 3159 1389 3232 iileimpius,
1424 3163 1749 3229 sentiebant,
1800 3166 1965 3234 eique

387 3262 799 3318 persuaserunt,
840 3267 962 3306 cum
999 3253 1314 3309 illitteratus
1332 3265 1498 3321 esset,
1545 3264 1601 3309 et
1665 3254 1853 3319 idiota,
1911 3263 1969 3311 ut

388 3352 583 3394 eorum
612 3343 904 3397 sententiae
922 3358 980 3397 se
999 3344 1340 3416 adjungeret,
1361 3354 1416 3400 et
1441 3346 1756 3415 neutiquam
1792 3345 1961 3401 Deum

389 3429 482 3499 qui
508 3440 593 3485 est
619 3431 675 3485 in
707 3434 881 3498 caelis,
910 3434 1179 3503 crederet,
1202 3434 1302 3490 sed
1323 3436 1510 3489 mundi
1539 3436 1702 3506 hujus
1760 3436 1968 3507 princi-

391 3534 515 3591 pem
555 3522 648 3592 qui
694 3530 778 3578 est
823 3523 1092 3579 diabolus.
1456 3529 1460 3532 ‘

458 3778 592 3839 Cum
626 3796 805 3843 autem
836 3800 921 3843 me
955 3804 984 3844 a
1017 3782 1158 3845 malo
1181 3784 1272 3846 illo
1304 3791 1506 3847 comite
1554 3790 1966 3861 disjunxisscm,

386 3887 529 3933 etes
547 3894 610 3934 ea
638 3896 798 3949 quam
835 3881 966 3947 dixi,
1037 3898 1213 3953 usque
1247 3883 1673 3957 Hierosolymam
1731 3886 1969 3957 peregri-

389 3971 610 4024 natione
636 3986 893 4027 reversus
950 3990 1151 4035 essem,
1185 3975 1241 4029 in
1277 3978 1574 4032 venerabili
1631 3979 1971 4035 monasterio

389 4050 715 4131 Pcribleptae
742 4063 1002 4118 miserum
1048 4081 1230 4120 meum
1293 4067 1621 4137 discipulum
1679 4069 1969 4137 deceptum

389 4152 961 4208 inveni.Circumcunt
988 4155 1132 4208 enim
1164 4156 1315 4225 impii
1348 4156 1456 4222 isti,
1480 4166 1533 4211 et
1554 4157 1608 4210 in
1638 4157 1884 4223 urbibus,
1917 4166 1972 4212 et

386 4252 542 4297 extra
573 4243 776 4313 ubique
816 4243 1098 4301 docentes.
1166 4247 1234 4300 At
1281 4261 1412 4301 vero
1469 4248 1772 4318 discipulus
1795 4263 1967 4313 meus,

2076 3061 2213 3130 πρὸς
2251 3060 2312 3113 τὸ
2343 3060 2617 3129 διαγείραί
2656 3076 2758 3128 μου
2799 3057 2890 3111 τὸν
2929 3058 3053 3110 νοῦν
3084 3057 3165 3116 εἰς
3209 3054 3521 3125 ἀκρίϐειαν,
3552 3054 3650 3107 καὶ.

2075 3151 2348 3223 προσοχὴν
2370 3153 2478 3207 τῶν
2503 3150 2765 3205 τοιούτοιν
2792 3149 3024 3202 ἀσεϐῶν.
3063 3147 3328 3217 Μαθητὴν
3358 3145 3467 3217 γὰρ
3492 3144 3648 3215 ἐμὸν,

2072 3245 2481 3314 ἀποδημοῦντός
2534 3262 2634 3314 μου
2682 3245 2739 3297 ὲν
2782 3240 3199 3313 Ἰεροσολύμοις,
3252 3236 3412 3309 εὗρον
3450 3239 3501 3293 οι
3549 3237 3647 3290 τοῦ

2075 3338 2464 3408 προλεχθέντος
2495 3335 2723 3397 ἀσεϐοῦς
2752 3335 3077 3403 ὁμόφρονες,
3106 3332 3199 3385 καὶ
3229 3331 3456 3389 ἔπεισαν
3478 3330 3647 3385 αὐτὸν

2074 3427 2437 3496 ἀγράμματον
2474 3425 2602 3479 ὄντα
2643 3426 2737 3477 καὶ
2782 3422 3021 3492 ἰδιώτην,
3078 3421 3156 3491 τῷ
3186 3420 3398 3474 ἑαυτῶν
3436 3420 3651 3490 φρονή-

2078 3535 2210 3587 ματι
2235 3516 2668 3587 συνεπαρθῆναι,
2705 3517 2800 3568 καὶ
2836 3515 3084 3586 μηδόὶως
3111 3512 3391 3566 πιστεύειν
3424 3512 3557 3564 Θεὸν
3583 3513 3649 3563 ἐν

2074 3609 2345 3677 οὐρανοῖς,
2381 3607 2517 3660 ἀλλὰ
2561 3607 2653 3659 τὸν
2682 3608 2919 3676 ἄρχοντα
2966 3604 3060 3657 τοῦ
3089 3604 3295 3673 κόσμου
3336 3602 3551 3667 τούτου,
3582 3602 3650 3666 ὃς

2076 3702 2223 3753 ἐστιν
2258 3700 2288 3749 ὁ
2322 3698 2584 3761 διάϐολος.

2148 3794 2341 3862 Ὅμως
2367 3792 2768 3861 ἀποχωρισθεὶς
2806 3790 2902 3845 τοῦ
2937 3789 3182 3847 τοιούτου
3223 3786 3391 3841 κακοῦ
3434 3785 3649 3839 συνοδίο

2075 3894 2191 3950 του,
2218 3884 2315 3938 καὶ
2352 3885 2418 3936 ἐκ
2446 3885 2546 3953 τῆς
2579 3884 2915 3954 ἀποδημίας,
2936 3883 3012 3946 ὡς
3044 3878 3220 3940 εἷπον.
3257 3880 3364 3933 τῶν
3410 3880 3612 3947 Ἰεροσο

2074 3976 2260 4047 λύμων
2311 3976 2641 4042 ἐπανελθὼν,
2687 3978 2745 4030 ἒν
2791 3975 2869 4047 τῷ
2918 3976 3115 4043 εὐαγεῐ
3158 3972 3508 4044 μοναστηρίῳ
3542 3973 3643 4040 τῆς

2080 4066 2448 4136 Περιϐλὲπτου
2493 4061 2658 4135 εὗρον
2706 4065 2799 4119 τὸν
2824 4064 3081 4119 ταπεινὸν
3113 4062 3216 4131 μοῦ
3248 4064 3494 4133 μαθητὴν
3517 4063 3656 4115 ἀποο

2076 4155 2446 4223 πλανηθέντα.
2477 4156 2870 4225 Περινοστοῦσι
2912 4157 3022 4225 γάρ
3062 4157 3112 4209 οι
3142 4157 3372 4208 τοιοῦτοι
3403 4153 3651 4219 ἀσεϐεῖς,

2078 4247 2423 4310 διδάσκοντες
2445 4247 2722 4318 πανταχοῦ
2760 4248 2818 4299 ἐν
2846 4266 2903 4301 τε
2938 4248 3116 4311 πόλει,
3157 4245 3253 4300 καὶ
3286 4247 3344 4298 ὲν
3374 4248 3488 4307 τοῖς
3511 4245 3648 4310 ἔξω.

390 4341 452 4386 ut
486 4333 579 4403 qui
605 4334 752 4389 bono
780 4335 965 4390 animo
996 4349 1125 4407 erga
1155 4352 1243 4391 me
1264 4346 1428 4402 esset,
1449 4346 1504 4391 et
1553 4339 1775 4402 bonum,
1826 4341 1970 4409 quod

2088 4338 2149 4393 '0
2194 4338 2251 4392 δὲ
2297 4337 2544 4410 μαθητής
2601 4356 2704 4409 μου
2745 4339 3004 4402 εὐνοϊκῶς
3051 4337 3243 4406 ῶσπερ
3297 4335 3655 4404 διακείμενος

385 4424 456 4478 'ud
490 4439 663 4490 suam,
698 4434 760 4480 ut
793 4425 1119 4496 Opinahatur
1176 4429 1362 4493 miser,
1398 4429 1685 4484 utilitatem
1733 4445 1962 4501 accepe~

390 4524 494 4582 rat,
516 4515 672 4586 quasi
718 4528 786 4571 ex
834 4517 1103 4574 clnaritate
1150 4520 1314 4575 etiam
1375 4537 1463 4577 me
1526 4521 1686 4577 vellet
1715 4523 1962 4586 cdocere,

388 4611 460 4663 ne
483 4623 684 4678 expers
722 4610 824 4666 viae
851 4610 1154 4675 invenirer,
1184 4628 1305 4683 quae
1363 4614 1431 4668 ad
1499 4613 1730 4670 salutem
1792 4614 1964 4680 ducit,

385 4695 701 4768 blasphema
738 4700 1031 4771 impietatis
1062 4705 1248 4768 verba,
1296 4716 1418 4774 quae
1439 4705 1506 4760 ab
1540 4705 1649 4760 illis
1678 4705 1965 4771 didicerat,

393 4789 650 4847 utilitatis
708 4808 844 4849 mea:
897 4795 1092 4866 gratia,
1147 4807 1401 4853 accurate
1451 4813 1539 4852 me
1598 4797 1802 4854 docuit.
1834 4797 1966 4867 Ego,

385 4887 571 4935 autem
602 4899 726 4939 cum
752 4886 869 4941 haec
896 4888 1195 4955 audissem,
1224 4899 1629 4959 terroremque,
1695 4889 1750 4943 in
1804 4904 1967 4958 quem

390 4970 685 5036 inciderat,
719 4990 1140 5047 cognoscerem,
1185 4980 1329 5049 quod
1358 4997 1421 5034 ex
1449 4981 1576 5035 mali
1620 4981 1766 5035 illius
1793 4981 1969 5037 comi-

394 5064 466 5119 tis
498 5065 769 5135 colloquio
797 5078 1037 5124 mentem
1064 5071 1132 5125 ad
1188 5071 1302 5125 haec
1365 5073 1654 5127 excitatam
1684 5072 1965 5139 haberem,

393 5164 681 5210 sermones
715 5156 836 5221 eius
905 5158 1055 5213 velut
1089 5162 1395 5229 approbare
1419 5162 1701 5225 simulans,
1728 5163 1968 5216 vultum-

386 5256 499 5319 lque
532 5255 788 5319 tanquam
825 5251 892 5306 de
924 5268 980 5306 re
1007 5262 1156 5323 grata
1173 5254 1534 5308 exsultantem
1559 5255 1609 5308 ei
1653 5255 1965 5321 ostendens,

390 5340 660 5396 doctrinae
693 5341 836 5398 illius
879 5345 1190 5416 magistros,
1225 5355 1285 5400 ut
1313 5347 1449 5400 mihi
1486 5346 1746 5402 distincte
1776 5355 1969 5401 osten-

392 5433 574 5499 tleret,
602 5444 859 5503 precatus
884 5446 1003 5491 sum
1037 5452 1052 5491 :
1084 5437 1239 5492 valde
1271 5434 1459 5493 utilius
1489 5449 1592 5501 est,
1640 5438 1851 5506 dicens,
1910 5448 1970 5494 ut

393 5526 468 5579 ob
506 5524 638 5596 Ipsis
664 5526 826 5583 ambo
864 5529 1232 5595 erudiamur;
1266 5529 1380 5585 lieri
1412 5531 1557 5586 enim
1586 5545 1696 5586 non
1761 5540 1966 5603 putest,

512 5704 535 5738 ⁹
568 5704 728 5764 Rom.
763 5725 838 5778 tv,
876 5708 966 5765 i7.

1077 5707 1139 5764 ἰ
1166 5711 1286 5767 Cor.
1322 5729 1411 5783 xv,
1452 5712 1533 5768 l2.
1610 5712 1628 5744 ⁸
1661 5709 1776 5767 lino
1806 5710 2038 5784 Philipp.
2072 5726 2152 5778 tu,
2187 5711 2270 5779 i0,
2297 5712 2376 5765 ll.

2073 4431 2211 4502 πρύς
2257 4449 2347 4502 με,
2388 4434 2482 4485 καὶ
2518 4434 2579 4484 τδ
2614 4429 2818 4498 ἀγαθὸν
2852 4429 3013 4497 δῆθεν
3036 4430 3171 4498 ὅπερ
3212 4425 3530 4497 μεμάθηκεν
3557 4426 3648 4488 είς

2070 4516 2315 4594 ὠφελίαν
2349 4522 2535 4584 αὑτοῦ,
2568 4522 2641 4586 ὼς
2673 4519 3055 4591 ὑπελάμϐανεν
3084 4520 3111 4570 6
3139 4518 3340 4580 ἄθλιος,
3376 4516 3646 4587 βουλόμε-

2070 4632 2160 4680 νος
2182 4616 2327 4685 κάμὲ
2353 4616 2427 4678 ὡς
2454 4615 2514 4678 ἐξ
2536 4614 2756 4682 ἀγάπης
2774 4611 2929 4664 τοῦτο
2951 4606 3180 4672 διδάξαι,
3206 4608 3292 4659 ἴνα
3313 4608 3387 4677 μὴ
3415 4605 3655 4674 ἄμοιρος

2073 4705 2407 4777 καταληφοῶ
2448 4710 2547 4775 τῆς
2589 4705 2724 4776 πρὸς
2756 4701 3034 4773 σωτηρίαν
3075 4698 3348 4769 φερούσης
3383 4696 3526 4758 ὁδοῦ,
3566 4695 3653 4758 ὡς

2072 4800 2312 4864 ὑπενόει,
2371 4798 2438 4850 τὰ
2492 4801 2592 4869 τῆς
2653 4796 2933 4858 ἀσεϐείας,
2992 4793 3153 4863 χάριν
3185 4792 3458 4859 ὠφελείας
3514 4805 3648 4858 μου,

2072 4890 2367 4961 βλάσφημα
2389 4888 2610 4958 ῥήματα
2634 4887 2912 4956 ἐπιμελῶς
2941 4886 3256 4939 ἀνεδίδασκε
3288 4900 3355 4952 με
3384 4884 3485 4935 ὅσα
3507 4881 3650 4948 παρ’

2069 4980 2250 5033 αὐτῶν
2304 4980 2644 5050 μεμάθηκεν.
2685 4978 2829 5046 Ἐγὼ
2886 4979 2943 5031 δὲ
2981 4976 3188 5030 τούτων
3236 4974 3500 5036 ἀκούσας,
3548 4973 3653 5024 xui.

2069 5073 2167 5144 τὴν
2201 5073 2410 5143 πλάνην
2441 5076 2507 5144 ἢν
2556 5073 2765 5143 ὑπέστη
2798 5072 3004 5134 συνεὶς,
3035 5067 3469 5139 διεγεγηρμένον
3504 5067 3653 5134 ἔχων

2068 5165 2159 5218 τδν
2194 5165 2320 5220 νοῦν
2345 5166 2427 5229 είς
2449 5164 2622 5218 ταῦτα
2650 5166 2714 5217 ἐκ
2751 5166 2851 5233 τῆς
2880 5162 2973 5216 τοῦ
3009 5161 3182 5214 κακοῦ
3211 5158 3487 5211 συνοδίτου
3522 5156 3652 5209 δια-

2069 5256 2288 5322 λέξεως,
2330 5258 2386 5310 ὲν
2419 5257 2712 5327 ὑποκρίσει
2731 5257 2857 5317 τοὺς
2884 5253 3052 5306 αὑτοῦ
3079 5253 3267 5320 λόγους
3294 5250 3485 5317 ὥσπερ
3507 5248 3659 5300 ἀπο-

2071 5347 2388 5417 δεξάμενος,
2430 5349 2528 5402 καὶ¹
2579 5346 3063 5419 χαριεντιζόμενον
3098 5343 3446 5413 προσωπεῖον
3493 5336 3651 5406 αὐτῷ

2073 5440 2379 5506 ὑποδείξας,
2441 5440 2570 5503 τοὺς
2615 5439 2973 5501 διδασκάλους
3024 5436 3242 5505 ἐκείνης
3295 5432 3651 5504 παρεκάλουν

2073 5528 2234 5585 αὐτὸν
2267 5527 2540 5599 ἐπιμελῶς
2566 5526 2840 5592 ὑποδεῖξαί
2884 5541 3013 5596 μοι·
3053 5526 3129 5590 ὼς
3162 5521 3468 5593 κρείττονος
3495 5518 3651 5587 ὠφε-

2490 5708 2552 5762 ⁸Ι
2581 5704 2660 5761 Th
2699 5721 2772 5762 ss.
2809 5720 2883 5760 ιν.
2931 5705 3009 5760 ιι.
3089 5705 3109 5737 ⁸
3143 5703 3163 5758 l
3203 5702 3327 5759 Cor.
3370 5698 3563 5765 κιχεὶοι
