  <div class='ocr_page' id='page_1' title='image "/cluster/home/n/w/nwhite01/storage/ocr_20150623/131/hvd.32044073502379/038.png"; bbox 0 0 4006 6248; ppageno 0'>
   <div class='ocr_carea' id='block_1_1' title="bbox 279 346 3564 416">
    <p class='ocr_par' dir='ltr' id='par_1_1' title="bbox 279 346 3564 416">
     <span class='ocr_line' id='line_1_1' title="bbox 279 346 3564 416; baseline 0.001 -10"><span class='ocrx_word' id='word_1_1' title='bbox 279 346 360 407; x_wconf 71' lang='lat'><strong>53</strong></span> <span class='ocrx_word' id='word_1_2' title='bbox 1441 348 1742 407; x_wconf 73' lang='lat' dir='ltr'><strong>CONTRA</strong></span> <span class='ocrx_word' id='word_1_3' title='bbox 1783 347 2403 408; x_wconf 76' lang='lat' dir='ltr'><strong>PIIUND.\GIA&#39;I&#39;AS.</strong></span> <span class='ocrx_word' id='word_1_4' title='bbox 3493 350 3564 416; x_wconf 65' lang='lat' dir='ltr'><strong>5i</strong></span> 
     </span>
    </p>
   </div>
   <div class='ocr_carea' id='block_1_2' title="bbox 283 459 1884 531">
    <p class='ocr_par' dir='ltr' id='par_1_2' title="bbox 283 459 1877 531">
     <span class='ocr_line' id='line_1_2' title="bbox 283 459 1877 531; baseline -0.003 -15"><span class='ocrx_word' id='word_1_5' title='bbox 283 465 442 524; x_wconf 62' lang='grc' dir='ltr'><strong>ἲείας</strong></span> <span class='ocrx_word' id='word_1_6' title='bbox 478 463 657 527; x_wconf 68' lang='grc' dir='ltr'>λέγων</span> <span class='ocrx_word' id='word_1_7' title='bbox 691 464 820 531; x_wconf 75' lang='grc' dir='ltr'>παρ’</span> <span class='ocrx_word' id='word_1_8' title='bbox 862 463 1039 513; x_wconf 83' lang='grc' dir='ltr'>αύτῶν</span> <span class='ocrx_word' id='word_1_9' title='bbox 1085 461 1382 531; x_wconf 70' lang='grc' dir='ltr'>ἀμφότεροι</span> <span class='ocrx_word' id='word_1_10' title='bbox 1423 459 1877 529; x_wconf 75' lang='grc' dir='ltr'>ἐπιτευξῶμεοα’</span> 
     </span>
    </p>
   </div>
   <div class='ocr_carea' id='block_1_3' title="bbox 1991 459 3562 531">
    <p class='ocr_par' dir='ltr' id='par_1_3' title="bbox 1991 459 3562 531">
     <span class='ocr_line' id='line_1_3' title="bbox 1991 459 3562 531; baseline 0.003 -19"><span class='ocrx_word' id='word_1_11' title='bbox 1991 467 2048 512; x_wconf 84' lang='grc' dir='ltr'><strong>ιιι</strong></span> <span class='ocrx_word' id='word_1_12' title='bbox 2084 468 2163 524; x_wconf 83' lang='grc' dir='ltr'>ιιι,</span> <span class='ocrx_word' id='word_1_13' title='bbox 2217 460 2307 530; x_wconf 81' lang='lat' dir='ltr'><strong>qui</strong></span> <span class='ocrx_word' id='word_1_14' title='bbox 2377 460 2616 513; x_wconf 90' lang='lat' dir='ltr'><strong>nondum</strong></span> <span class='ocrx_word' id='word_1_15' title='bbox 2669 475 2789 514; x_wconf 90' lang='lat' dir='ltr'><strong>eam</strong></span> <span class='ocrx_word' id='word_1_16' title='bbox 2840 459 3146 516; x_wconf 73' lang='lat' dir='ltr'><strong>doctrinam</strong></span> <span class='ocrx_word' id='word_1_17' title='bbox 3199 462 3440 531; x_wconf 86' lang='lat' dir='ltr'><strong>perlecte</strong></span> <span class='ocrx_word' id='word_1_18' title='bbox 3505 480 3562 516; x_wconf 68' lang='lat' dir='ltr'><strong>es</strong></span> 
     </span>
    </p>
   </div>
   <div class='ocr_carea' id='block_1_4' title="bbox 286 553 1881 626">
    <p class='ocr_par' dir='ltr' id='par_1_4' title="bbox 286 553 1881 626">
     <span class='ocr_line' id='line_1_4' title="bbox 286 553 1881 626; baseline -0.001 -20"><span class='ocrx_word' id='word_1_19' title='bbox 286 557 348 606; x_wconf 80' lang='grc' dir='ltr'>σὲ</span> <span class='ocrx_word' id='word_1_20' title='bbox 376 557 487 624; x_wconf 77' lang='grc' dir='ltr'><strong>γὰρ</strong></span> <span class='ocrx_word' id='word_1_21' title='bbox 522 555 694 622; x_wconf 82' lang='grc' dir='ltr'><strong>μήπω</strong></span> <span class='ocrx_word' id='word_1_22' title='bbox 723 556 822 621; x_wconf 83' lang='grc' dir='ltr'><strong>τὴν</strong></span> <span class='ocrx_word' id='word_1_23' title='bbox 841 554 1098 626; x_wconf 81' lang='grc' dir='ltr'>τοιαύτην</span> <span class='ocrx_word' id='word_1_24' title='bbox 1121 554 1474 607; x_wconf 83' lang='grc' dir='ltr'>διδασκαλίαν</span> <span class='ocrx_word' id='word_1_25' title='bbox 1505 555 1748 624; x_wconf 85' lang='grc' dir='ltr'>ἀκριϐῶς</span> <span class='ocrx_word' id='word_1_26' title='bbox 1771 553 1800 606; x_wconf 86' lang='grc' dir='ltr'><strong>δ</strong></span> <span class='ocrx_word' id='word_1_27' title='bbox 1826 570 1881 605; x_wconf 84' lang='grc' dir='ltr'>ε-</span> 
     </span>
    </p>
   </div>
   <div class='ocr_carea' id='block_1_5' title="bbox 283 643 1652 715">
    <p class='ocr_par' dir='ltr' id='par_1_5' title="bbox 283 643 1652 715">
     <span class='ocr_line' id='line_1_5' title="bbox 283 643 1652 715; baseline 0.001 -17"><span class='ocrx_word' id='word_1_28' title='bbox 283 645 569 714; x_wconf 77' lang='grc' dir='ltr'>γνωκότα,</span> <span class='ocrx_word' id='word_1_29' title='bbox 602 643 926 697; x_wconf 82' lang='grc' dir='ltr'>διδάσκαλον</span> <span class='ocrx_word' id='word_1_30' title='bbox 956 644 1100 713; x_wconf 75' lang='grc' dir='ltr'>ἔχειν</span> <span class='ocrx_word' id='word_1_31' title='bbox 1135 645 1336 715; x_wconf 79' lang='grc' dir='ltr'><strong>ταύτης</strong></span> <span class='ocrx_word' id='word_1_32' title='bbox 1369 644 1652 700; x_wconf 83' lang='grc' dir='ltr'>ἀδύνατον.</span> 
     </span>
    </p>
   </div>
   <div class='ocr_carea' id='block_1_6' title="bbox 366 736 1882 807">
    <p class='ocr_par' dir='ltr' id='par_1_6' title="bbox 366 736 1882 807">
     <span class='ocr_line' id='line_1_6' title="bbox 366 736 1882 807; baseline -0.001 -15"><span class='ocrx_word' id='word_1_33' title='bbox 366 741 475 792; x_wconf 73' lang='grc' dir='ltr'><strong>Καὶ</strong></span> <span class='ocrx_word' id='word_1_34' title='bbox 501 737 558 800; x_wconf 82' lang='grc' dir='ltr'><strong>ὃς</strong></span> <span class='ocrx_word' id='word_1_35' title='bbox 585 736 750 800; x_wconf 73' lang='grc' dir='ltr'>εὐθὺς</span> <span class='ocrx_word' id='word_1_36' title='bbox 783 737 950 806; x_wconf 77' lang='grc' dir='ltr'>μηδὲν</span> <span class='ocrx_word' id='word_1_37' title='bbox 973 738 1101 807; x_wconf 74' lang='grc' dir='ltr'>περὶ</span> <span class='ocrx_word' id='word_1_38' title='bbox 1125 741 1316 789; x_wconf 79' lang='grc' dir='ltr'>τούτου</span> <span class='ocrx_word' id='word_1_39' title='bbox 1344 736 1746 806; x_wconf 77' lang='grc' dir='ltr'>ἀναϐαλόμενος</span> <span class='ocrx_word' id='word_1_40' title='bbox 1769 738 1882 807; x_wconf 85' lang='grc' dir='ltr'>χαί·</span> 
     </span>
    </p>
   </div>
   <div class='ocr_carea' id='block_1_7' title="bbox 297 830 1884 903">
    <p class='ocr_par' dir='ltr' id='par_1_7' title="bbox 297 830 1884 903">
     <span class='ocr_line' id='line_1_7' title="bbox 297 830 1884 903; baseline 0.002 -23"><span class='ocrx_word' id='word_1_41' title='bbox 297 850 412 903; x_wconf 83' lang='grc' dir='ltr'><strong>ρων</strong></span> <span class='ocrx_word' id='word_1_42' title='bbox 433 830 732 899; x_wconf 72' lang='grc' dir='ltr'><strong>χαίροντας</strong></span> <span class='ocrx_word' id='word_1_43' title='bbox 767 831 964 892; x_wconf 80' lang='grc' dir='ltr'>αὐτοὺς</span> <span class='ocrx_word' id='word_1_44' title='bbox 990 830 1065 891; x_wconf 86' lang='grc' dir='ltr'>ὡς</span> <span class='ocrx_word' id='word_1_45' title='bbox 1100 832 1244 900; x_wconf 76' lang='grc' dir='ltr'><strong>μέγα</strong></span> <span class='ocrx_word' id='word_1_46' title='bbox 1271 847 1342 894; x_wconf 89' lang='grc' dir='ltr'><strong>τι,</strong></span> <span class='ocrx_word' id='word_1_47' title='bbox 1364 831 1458 882; x_wconf 71' lang='grc' dir='ltr'>καὶ</span> <span class='ocrx_word' id='word_1_48' title='bbox 1479 831 1621 883; x_wconf 81' lang='grc' dir='ltr'>Θεῖον</span> <span class='ocrx_word' id='word_1_49' title='bbox 1649 831 1884 900; x_wconf 72' lang='grc' dir='ltr'>δώρημα</span> 
     </span>
    </p>
   </div>
   <div class='ocr_carea' id='block_1_8' title="bbox 307 926 1882 998">
    <p class='ocr_par' dir='ltr' id='par_1_8' title="bbox 307 926 1882 998">
     <span class='ocr_line' id='line_1_8' title="bbox 307 926 1882 998; baseline -0.001 -18"><span class='ocrx_word' id='word_1_50' title='bbox 307 929 439 998; x_wconf 67' lang='grc' dir='ltr'><strong>ἐμοὶ</strong></span> <span class='ocrx_word' id='word_1_51' title='bbox 478 926 704 990; x_wconf 84' lang='grc' dir='ltr'>τούτους</span> <span class='ocrx_word' id='word_1_52' title='bbox 751 929 1095 998; x_wconf 75' lang='grc' dir='ltr'><strong>προσέφερεν</strong></span> <span class='ocrx_word' id='word_1_53' title='bbox 1148 930 1204 980; x_wconf 79' lang='grc' dir='ltr'>ὲν</span> <span class='ocrx_word' id='word_1_54' title='bbox 1243 930 1310 998; x_wconf 80' lang='grc' dir='ltr'>τῇ</span> <span class='ocrx_word' id='word_1_55' title='bbox 1341 928 1567 998; x_wconf 79' lang='grc' dir='ltr'>τοιαύτῃ</span> <span class='ocrx_word' id='word_1_56' title='bbox 1599 929 1731 997; x_wconf 81' lang='grc' dir='ltr'>μονῇ</span> <span class='ocrx_word' id='word_1_57' title='bbox 1762 928 1882 979; x_wconf 83' lang='grc' dir='ltr'>τότε</span> 
     </span>
    </p>
   </div>
   <div class='ocr_carea' id='block_1_9' title="bbox 311 1018 1883 1089">
    <p class='ocr_par' dir='ltr' id='par_1_9' title="bbox 311 1018 1883 1089">
     <span class='ocr_line' id='line_1_9' title="bbox 311 1018 1883 1089; baseline -0.001 -17"><span class='ocrx_word' id='word_1_58' title='bbox 311 1021 503 1082; x_wconf 71' lang='grc' dir='ltr'>αύτούς</span> <span class='ocrx_word' id='word_1_59' title='bbox 553 1020 930 1089; x_wconf 72' lang='grc' dir='ltr'><strong>ὑπάρχοντας.</strong></span> <span class='ocrx_word' id='word_1_60' title='bbox 971 1019 1112 1087; x_wconf 74' lang='grc' dir='ltr'><strong>Ἐγὼ</strong></span> <span class='ocrx_word' id='word_1_61' title='bbox 1165 1019 1222 1071; x_wconf 77' lang='grc' dir='ltr'>δὲ</span> <span class='ocrx_word' id='word_1_62' title='bbox 1266 1018 1358 1071; x_wconf 74' lang='grc' dir='ltr'><strong>καὶ</strong></span> <span class='ocrx_word' id='word_1_63' title='bbox 1410 1021 1489 1082; x_wconf 87' lang='grc' dir='ltr'>εἰς</span> <span class='ocrx_word' id='word_1_64' title='bbox 1541 1023 1739 1082; x_wconf 73' lang='grc' dir='ltr'>αὐτοὺς</span> <span class='ocrx_word' id='word_1_65' title='bbox 1787 1019 1883 1088; x_wconf 76' lang='grc' dir='ltr'>τὴν</span> 
     </span>
    </p>
   </div>
   <div class='ocr_carea' id='block_1_10' title="bbox 312 1110 1884 1180">
    <p class='ocr_par' dir='ltr' id='par_1_10' title="bbox 312 1110 1884 1180">
     <span class='ocr_line' id='line_1_10' title="bbox 312 1110 1884 1180; baseline 0.001 -18"><span class='ocrx_word' id='word_1_66' title='bbox 312 1111 604 1176; x_wconf 71' lang='grc' dir='ltr'><strong>ὑπόκρισιν</strong></span> <span class='ocrx_word' id='word_1_67' title='bbox 654 1112 728 1179; x_wconf 83' lang='grc' dir='ltr'><strong>μὴ</strong></span> <span class='ocrx_word' id='word_1_68' title='bbox 790 1110 1302 1179; x_wconf 74' lang='grc' dir='ltr'><strong>παραιτησάμενος,</strong></span> <span class='ocrx_word' id='word_1_69' title='bbox 1361 1110 1604 1180; x_wconf 80' lang='grc' dir='ltr'><strong>πατέρας</strong></span> <span class='ocrx_word' id='word_1_70' title='bbox 1655 1111 1884 1163; x_wconf 80' lang='grc' dir='ltr'>ἐκάλουν</span> 
     </span>
    </p>
   </div>
   <div class='ocr_carea' id='block_1_11' title="bbox 303 1199 1884 1270">
    <p class='ocr_par' dir='ltr' id='par_1_11' title="bbox 303 1199 1884 1270">
     <span class='ocr_line' id='line_1_11' title="bbox 303 1199 1884 1270; baseline 0.001 -20"><span class='ocrx_word' id='word_1_71' title='bbox 303 1201 400 1251; x_wconf 72' lang='grc' dir='ltr'><strong>καὶ</strong></span> <span class='ocrx_word' id='word_1_72' title='bbox 432 1201 693 1270; x_wconf 74' lang='grc' dir='ltr'>σωτῆρας</span> <span class='ocrx_word' id='word_1_73' title='bbox 722 1200 831 1251; x_wconf 85' lang='grc' dir='ltr'><strong>τῶν</strong></span> <span class='ocrx_word' id='word_1_74' title='bbox 867 1200 1056 1269; x_wconf 72' lang='grc' dir='ltr'>ψυχῶν</span> <span class='ocrx_word' id='word_1_75' title='bbox 1085 1199 1240 1268; x_wconf 85' lang='grc' dir='ltr'>ἡμῶν</span> <span class='ocrx_word' id='word_1_76' title='bbox 1267 1201 1361 1252; x_wconf 70' lang='grc' dir='ltr'><strong>καὶ</strong></span> <span class='ocrx_word' id='word_1_77' title='bbox 1388 1199 1740 1262; x_wconf 78' lang='grc' dir='ltr'><strong>διδασκάλους</strong></span> <span class='ocrx_word' id='word_1_78' title='bbox 1759 1201 1884 1262; x_wconf 80' lang='grc' dir='ltr'>τοὺς</span> 
     </span>
    </p>
   </div>
   <div class='ocr_carea' id='block_1_12' title="bbox 295 1283 1884 1358">
    <p class='ocr_par' dir='ltr' id='par_1_12' title="bbox 295 1283 1884 1358">
     <span class='ocr_line' id='line_1_12' title="bbox 295 1283 1884 1358; baseline -0.001 -19"><span class='ocrx_word' id='word_1_79' title='bbox 295 1287 550 1348; x_wconf 69' lang='grc' dir='ltr'>ἀσεϐεῖς,</span> <span class='ocrx_word' id='word_1_80' title='bbox 592 1288 688 1339; x_wconf 78' lang='grc' dir='ltr'>καὶ</span> <span class='ocrx_word' id='word_1_81' title='bbox 713 1287 1037 1349; x_wconf 78' lang='grc' dir='ltr'><strong>ἀπατεῶνας</strong></span> <span class='ocrx_word' id='word_1_82' title='bbox 1059 1301 1073 1316; x_wconf 80' lang='grc'><strong><em>⁸</em></strong></span> <span class='ocrx_word' id='word_1_83' title='bbox 1106 1287 1282 1350; x_wconf 79' lang='grc' dir='ltr'>ἄλλως</span> <span class='ocrx_word' id='word_1_84' title='bbox 1314 1289 1426 1357; x_wconf 74' lang='grc' dir='ltr'>γάρ</span> <span class='ocrx_word' id='word_1_85' title='bbox 1460 1288 1562 1340; x_wconf 78' lang='grc' dir='ltr'><strong>οὐκ</strong></span> <span class='ocrx_word' id='word_1_86' title='bbox 1591 1283 1738 1358; x_wconf 75' lang='grc' dir='ltr'>εἶχον</span> <span class='ocrx_word' id='word_1_87' title='bbox 1764 1288 1884 1348; x_wconf 88' lang='grc' dir='ltr'><strong>πῶς</strong></span> 
     </span>
    </p>
   </div>
   <div class='ocr_carea' id='block_1_13' title="bbox 291 1376 1884 1448">
    <p class='ocr_par' dir='ltr' id='par_1_13' title="bbox 291 1376 1884 1448">
     <span class='ocr_line' id='line_1_13' title="bbox 291 1376 1884 1448; baseline 0.002 -21"><span class='ocrx_word' id='word_1_88' title='bbox 291 1376 696 1442; x_wconf 60' lang='grc' dir='ltr'>διαγνῶναιτά</span> <span class='ocrx_word' id='word_1_89' title='bbox 738 1377 836 1445; x_wconf 81' lang='grc' dir='ltr'><strong>τῆς</strong></span> <span class='ocrx_word' id='word_1_90' title='bbox 872 1377 1130 1440; x_wconf 84' lang='grc' dir='ltr'>ἀσεϐείας</span> <span class='ocrx_word' id='word_1_91' title='bbox 1157 1376 1335 1429; x_wconf 87' lang='grc' dir='ltr'>αύτῶν</span> <span class='ocrx_word' id='word_1_92' title='bbox 1369 1379 1672 1448; x_wconf 80' lang='grc' dir='ltr'><strong>μυστήρια,</strong></span> <span class='ocrx_word' id='word_1_93' title='bbox 1713 1379 1884 1448; x_wconf 83' lang='grc' dir='ltr'><strong>ἸΙμέ-</strong></span> 
     </span>
    </p>
   </div>
   <div class='ocr_carea' id='block_1_14' title="bbox 296 1467 1884 1539">
    <p class='ocr_par' dir='ltr' id='par_1_14' title="bbox 296 1467 1884 1539">
     <span class='ocr_line' id='line_1_14' title="bbox 296 1467 1884 1539; baseline 0.003 -21"><span class='ocrx_word' id='word_1_94' title='bbox 296 1486 405 1538; x_wconf 71' lang='grc' dir='ltr'>ρας</span> <span class='ocrx_word' id='word_1_95' title='bbox 437 1468 499 1519; x_wconf 77' lang='grc' dir='ltr'><em>δέ</em></span> <span class='ocrx_word' id='word_1_96' title='bbox 544 1485 702 1531; x_wconf 81' lang='grc' dir='ltr'>τινας</span> <span class='ocrx_word' id='word_1_97' title='bbox 749 1470 808 1520; x_wconf 77' lang='grc' dir='ltr'>ἐν</span> <span class='ocrx_word' id='word_1_98' title='bbox 835 1470 914 1535; x_wconf 71' lang='grc' dir='ltr'><strong>τῷ</strong></span> <span class='ocrx_word' id='word_1_99' title='bbox 949 1467 1144 1536; x_wconf 86' lang='grc' dir='ltr'>κελλίῳ</span> <span class='ocrx_word' id='word_1_100' title='bbox 1180 1487 1282 1537; x_wconf 90' lang='grc' dir='ltr'><strong>μου</strong></span> <span class='ocrx_word' id='word_1_101' title='bbox 1305 1468 1446 1539; x_wconf 74' lang='grc' dir='ltr'>ἔχων</span> <span class='ocrx_word' id='word_1_102' title='bbox 1482 1471 1680 1534; x_wconf 72' lang='grc' dir='ltr'>αὐτοὺς</span> <span class='ocrx_word' id='word_1_103' title='bbox 1714 1470 1884 1524; x_wconf 84' lang='grc' dir='ltr'>διελε-</span> 
     </span>
    </p>
   </div>
   <div class='ocr_carea' id='block_1_15' title="bbox 287 1554 1883 1630">
    <p class='ocr_par' dir='ltr' id='par_1_15' title="bbox 287 1554 1883 1630">
     <span class='ocr_line' id='line_1_15' title="bbox 287 1554 1883 1630; baseline 0.004 -22"><span class='ocrx_word' id='word_1_104' title='bbox 287 1561 504 1628; x_wconf 65' lang='grc' dir='ltr'><strong>γόμην.</strong></span> <span class='ocrx_word' id='word_1_105' title='bbox 575 1560 634 1612; x_wconf 88' lang='grc' dir='ltr'><strong>Ὀ</strong></span> <span class='ocrx_word' id='word_1_106' title='bbox 675 1558 732 1611; x_wconf 82' lang='grc' dir='ltr'><strong>δὲ</strong></span> <span class='ocrx_word' id='word_1_107' title='bbox 777 1554 990 1630; x_wconf 71' lang='grc' dir='ltr'>πρῶτος</span> <span class='ocrx_word' id='word_1_108' title='bbox 1057 1561 1238 1613; x_wconf 71' lang='grc' dir='ltr'>αὐτῶν</span> <span class='ocrx_word' id='word_1_109' title='bbox 1284 1562 1351 1614; x_wconf 79' lang='grc' dir='ltr'>τὰ</span> <span class='ocrx_word' id='word_1_110' title='bbox 1410 1561 1503 1614; x_wconf 87' lang='grc' dir='ltr'><strong>τοῦ</strong></span> <span class='ocrx_word' id='word_1_111' title='bbox 1553 1563 1883 1630; x_wconf 85' lang='grc' dir='ltr'>Εύαγγελίου</span> 
     </span>
    </p>
   </div>
   <div class='ocr_carea' id='block_1_16' title="bbox 291 1650 1886 1726">
    <p class='ocr_par' dir='ltr' id='par_1_16' title="bbox 291 1650 1886 1726">
     <span class='ocr_line' id='line_1_16' title="bbox 291 1650 1886 1726; baseline 0.004 -25"><span class='ocrx_word' id='word_1_112' title='bbox 291 1653 392 1702; x_wconf 76' lang='grc' dir='ltr'><strong>γαὶ</strong></span> <span class='ocrx_word' id='word_1_113' title='bbox 443 1652 750 1702; x_wconf 78' lang='grc' dir='ltr'>ἀποστόλου</span> <span class='ocrx_word' id='word_1_114' title='bbox 812 1650 952 1722; x_wconf 77' lang='grc' dir='ltr'><strong>ῥητὰ</strong></span> <span class='ocrx_word' id='word_1_115' title='bbox 1006 1652 1182 1705; x_wconf 82' lang='grc' dir='ltr'>πάντα</span> <span class='ocrx_word' id='word_1_116' title='bbox 1236 1655 1264 1706; x_wconf 85' lang='grc' dir='ltr'><strong>ό</strong></span> <span class='ocrx_word' id='word_1_117' title='bbox 1317 1654 1516 1717; x_wconf 85' lang='grc' dir='ltr'>πλάνος</span> <span class='ocrx_word' id='word_1_118' title='bbox 1569 1655 1763 1726; x_wconf 78' lang='grc' dir='ltr'>ἔφερεν</span> <span class='ocrx_word' id='word_1_119' title='bbox 1793 1657 1886 1707; x_wconf 74' lang='grc' dir='ltr'>ἐπὶ</span> 
     </span>
    </p>
   </div>
   <div class='ocr_carea' id='block_1_17' title="bbox 298 1742 1884 1813">
    <p class='ocr_par' dir='ltr' id='par_1_17' title="bbox 298 1742 1884 1813">
     <span class='ocr_line' id='line_1_17' title="bbox 298 1742 1884 1813; baseline 0.004 -21"><span class='ocrx_word' id='word_1_120' title='bbox 298 1742 581 1808; x_wconf 71' lang='grc' dir='ltr'>στόματος</span> <span class='ocrx_word' id='word_1_121' title='bbox 612 1758 627 1772; x_wconf 76' lang='grc'><strong>⁸</strong></span> <span class='ocrx_word' id='word_1_122' title='bbox 688 1742 862 1794; x_wconf 77' lang='grc' dir='ltr'>ἔτιδὲ</span> <span class='ocrx_word' id='word_1_123' title='bbox 919 1746 1014 1795; x_wconf 71' lang='grc' dir='ltr'>καὶ</span> <span class='ocrx_word' id='word_1_124' title='bbox 1046 1745 1112 1796; x_wconf 87' lang='grc' dir='ltr'><strong>τά</strong></span> <span class='ocrx_word' id='word_1_125' title='bbox 1173 1745 1268 1797; x_wconf 83' lang='grc' dir='ltr'><strong>τοῦ</strong></span> <span class='ocrx_word' id='word_1_126' title='bbox 1322 1745 1608 1813; x_wconf 70' lang='grc' dir='ltr'>Θεολόγου,</span> <span class='ocrx_word' id='word_1_127' title='bbox 1663 1749 1756 1799; x_wconf 67' lang='grc' dir='ltr'><strong>καὶ</strong></span> <span class='ocrx_word' id='word_1_128' title='bbox 1791 1746 1884 1800; x_wconf 86' lang='grc' dir='ltr'><strong>τοῦ</strong></span> 
     </span>
    </p>
   </div>
   <div class='ocr_carea' id='block_1_18' title="bbox 298 1833 1884 1905">
    <p class='ocr_par' dir='ltr' id='par_1_18' title="bbox 298 1833 1884 1905">
     <span class='ocr_line' id='line_1_18' title="bbox 298 1833 1884 1905; baseline 0.003 -21"><span class='ocrx_word' id='word_1_129' title='bbox 298 1833 724 1902; x_wconf 74' lang='grc' dir='ltr'>Χρυσοστόμου,</span> <span class='ocrx_word' id='word_1_130' title='bbox 753 1835 847 1885; x_wconf 75' lang='grc' dir='ltr'>καὶ</span> <span class='ocrx_word' id='word_1_131' title='bbox 873 1835 980 1886; x_wconf 73' lang='grc' dir='ltr'>ἀπὸ</span> <span class='ocrx_word' id='word_1_132' title='bbox 1003 1837 1110 1885; x_wconf 89' lang='grc' dir='ltr'><strong>τῶν</strong></span> <span class='ocrx_word' id='word_1_133' title='bbox 1143 1837 1456 1901; x_wconf 69' lang='grc' dir='ltr'>πατυρικῶν</span> <span class='ocrx_word' id='word_1_134' title='bbox 1495 1837 1687 1905; x_wconf 82' lang='grc' dir='ltr'>λόγους</span> <span class='ocrx_word' id='word_1_135' title='bbox 1712 1839 1884 1904; x_wconf 75' lang='grc' dir='ltr'>ἁγίων</span> 
     </span>
    </p>
   </div>
   <div class='ocr_carea' id='block_1_19' title="bbox 295 1923 1886 2000">
    <p class='ocr_par' dir='ltr' id='par_1_19' title="bbox 295 1923 1886 2000">
     <span class='ocr_line' id='line_1_19' title="bbox 295 1923 1886 2000; baseline 0.005 -26"><span class='ocrx_word' id='word_1_136' title='bbox 295 1923 601 1992; x_wconf 73' lang='grc' dir='ltr'>γερόντων,</span> <span class='ocrx_word' id='word_1_137' title='bbox 637 1926 728 1977; x_wconf 80' lang='grc' dir='ltr'>καὶ</span> <span class='ocrx_word' id='word_1_138' title='bbox 767 1925 859 1977; x_wconf 85' lang='grc' dir='ltr'><strong>τοῦ</strong></span> <span class='ocrx_word' id='word_1_139' title='bbox 883 1924 1189 1997; x_wconf 67' lang='grc' dir='ltr'><strong>1Υαλτῆρος,</strong></span> <span class='ocrx_word' id='word_1_140' title='bbox 1247 1930 1340 1981; x_wconf 69' lang='grc' dir='ltr'><strong>καὶ</strong></span> <span class='ocrx_word' id='word_1_141' title='bbox 1380 1927 1487 1982; x_wconf 74' lang='grc' dir='ltr'>ἀπὸ</span> <span class='ocrx_word' id='word_1_142' title='bbox 1513 1929 1705 1982; x_wconf 83' lang='grc' dir='ltr'>πασῶν</span> <span class='ocrx_word' id='word_1_143' title='bbox 1747 1931 1786 1981; x_wconf 89' lang='grc' dir='ltr'><strong><em>Γ</em></strong></span> <span class='ocrx_word' id='word_1_144' title='bbox 1789 1947 1886 2000; x_wconf 86' lang='grc' dir='ltr'>ρα-</span> 
     </span>
    </p>
   </div>
   <div class='ocr_carea' id='block_1_20' title="bbox 297 2016 1887 2092">
    <p class='ocr_par' dir='ltr' id='par_1_20' title="bbox 297 2016 1887 2092">
     <span class='ocr_line' id='line_1_20' title="bbox 297 2016 1887 2092; baseline 0.006 -26"><span class='ocrx_word' id='word_1_145' title='bbox 297 2016 424 2082; x_wconf 70' lang='grc' dir='ltr'>φῶν</span> <span class='ocrx_word' id='word_1_146' title='bbox 451 2033 465 2047; x_wconf 90' lang='grc'><strong>·</strong></span> <span class='ocrx_word' id='word_1_147' title='bbox 501 2016 563 2078; x_wconf 77' lang='grc' dir='ltr'>ἀς</span> <span class='ocrx_word' id='word_1_148' title='bbox 596 2034 744 2078; x_wconf 73' lang='grc' dir='ltr'>τινας</span> <span class='ocrx_word' id='word_1_149' title='bbox 777 2017 928 2080; x_wconf 80' lang='grc' dir='ltr'>θείας</span> <span class='ocrx_word' id='word_1_150' title='bbox 958 2018 1202 2087; x_wconf 63' lang='grc' dir='ltr'>Γραφάς,</span> <span class='ocrx_word' id='word_1_151' title='bbox 1256 2021 1393 2089; x_wconf 87' lang='grc' dir='ltr'><strong>μετά</strong></span> <span class='ocrx_word' id='word_1_152' title='bbox 1422 2021 1480 2073; x_wconf 78' lang='grc' dir='ltr'><strong>τὸ</strong></span> <span class='ocrx_word' id='word_1_153' title='bbox 1505 2025 1887 2092; x_wconf 80' lang='grc' dir='ltr'>ἀποπ).ανῆσαι</span> 
     </span>
    </p>
   </div>
   <div class='ocr_carea' id='block_1_21' title="bbox 291 2108 1886 2184">
    <p class='ocr_par' dir='ltr' id='par_1_21' title="bbox 291 2108 1886 2184">
     <span class='ocr_line' id='line_1_21' title="bbox 291 2108 1886 2184; baseline 0.005 -26"><span class='ocrx_word' id='word_1_154' title='bbox 291 2108 530 2170; x_wconf 70' lang='grc' dir='ltr'>αὐτοὺς,</span> <span class='ocrx_word' id='word_1_155' title='bbox 588 2108 710 2160; x_wconf 84' lang='grc' dir='ltr'><strong>τινά</strong></span> <span class='ocrx_word' id='word_1_156' title='bbox 765 2111 860 2161; x_wconf 77' lang='grc' dir='ltr'>καὶ</span> <span class='ocrx_word' id='word_1_157' title='bbox 901 2110 998 2178; x_wconf 79' lang='grc' dir='ltr'>τῆς</span> <span class='ocrx_word' id='word_1_158' title='bbox 1033 2110 1138 2162; x_wconf 85' lang='grc' dir='ltr'><strong>τῶν</strong></span> <span class='ocrx_word' id='word_1_159' title='bbox 1181 2111 1526 2180; x_wconf 74' lang='grc' dir='ltr'>Χριστιανῶν</span> <span class='ocrx_word' id='word_1_160' title='bbox 1577 2113 1886 2184; x_wconf 82' lang='grc' dir='ltr'>ἀποστῆσαι</span> 
     </span>
    </p>
   </div>
   <div class='ocr_carea' id='block_1_22' title="bbox 291 2198 1888 2271">
    <p class='ocr_par' dir='ltr' id='par_1_22' title="bbox 291 2198 1888 2271">
     <span class='ocr_line' id='line_1_22' title="bbox 291 2198 1888 2271; baseline 0.003 -19"><span class='ocrx_word' id='word_1_161' title='bbox 291 2198 590 2269; x_wconf 68' lang='grc' dir='ltr'>ὀρθοδοξου</span> <span class='ocrx_word' id='word_1_162' title='bbox 643 2199 897 2266; x_wconf 85' lang='grc' dir='ltr'>πίστεως,</span> <span class='ocrx_word' id='word_1_163' title='bbox 957 2199 1271 2254; x_wconf 78' lang='grc' dir='ltr'>διδάσκουσι</span> <span class='ocrx_word' id='word_1_164' title='bbox 1323 2201 1399 2271; x_wconf 85' lang='grc' dir='ltr'><strong>μὴ</strong></span> <span class='ocrx_word' id='word_1_165' title='bbox 1453 2201 1733 2256; x_wconf 74' lang='grc' dir='ltr'>πιστεύειν</span> <span class='ocrx_word' id='word_1_166' title='bbox 1791 2204 1888 2257; x_wconf 78' lang='grc' dir='ltr'>καὶ</span> 
     </span>
    </p>
   </div>
   <div class='ocr_carea' id='block_1_23' title="bbox 289 2290 1886 2365">
    <p class='ocr_par' dir='ltr' id='par_1_23' title="bbox 289 2290 1886 2365">
     <span class='ocr_line' id='line_1_23' title="bbox 289 2290 1886 2365; baseline 0.004 -23"><span class='ocrx_word' id='word_1_167' title='bbox 289 2293 500 2361; x_wconf 74' lang='grc' dir='ltr'>τιμᾷν.</span> <span class='ocrx_word' id='word_1_168' title='bbox 534 2290 641 2343; x_wconf 84' lang='grc' dir='ltr'>Τὸν</span> <span class='ocrx_word' id='word_1_169' title='bbox 691 2292 798 2360; x_wconf 76' lang='grc' dir='ltr'><strong>γὰρ</strong></span> <span class='ocrx_word' id='word_1_170' title='bbox 829 2293 984 2358; x_wconf 77' lang='grc' dir='ltr'>ἅγιον</span> <span class='ocrx_word' id='word_1_171' title='bbox 1039 2291 1297 2364; x_wconf 83' lang='grc' dir='ltr'>Ἰωάννην</span> <span class='ocrx_word' id='word_1_172' title='bbox 1340 2293 1429 2346; x_wconf 84' lang='grc' dir='ltr'>τὸν</span> <span class='ocrx_word' id='word_1_173' title='bbox 1473 2295 1886 2365; x_wconf 86' lang='grc' dir='ltr'>Χρυσόστομον,</span> 
     </span>
    </p>
   </div>
   <div class='ocr_carea' id='block_1_24' title="bbox 290 2378 1887 2455">
    <p class='ocr_par' dir='ltr' id='par_1_24' title="bbox 290 2378 1887 2455">
     <span class='ocr_line' id='line_1_24' title="bbox 290 2378 1887 2455; baseline 0.006 -25"><span class='ocrx_word' id='word_1_174' title='bbox 290 2379 693 2450; x_wconf 56' lang='grc' dir='ltr'>αυρσὸστομον</span> <span class='ocrx_word' id='word_1_175' title='bbox 742 2378 1101 2450; x_wconf 71' lang='grc' dir='ltr'>ἀτιμάζουσιν</span> <span class='ocrx_word' id='word_1_176' title='bbox 1163 2383 1214 2436; x_wconf 79' lang='grc' dir='ltr'>οἱ</span> <span class='ocrx_word' id='word_1_177' title='bbox 1266 2384 1583 2455; x_wconf 79' lang='grc' dir='ltr'>παμμίαροι</span> <span class='ocrx_word' id='word_1_178' title='bbox 1613 2398 1628 2414; x_wconf 74' lang='grc' dir='ltr'><strong>ο</strong></span> <span class='ocrx_word' id='word_1_179' title='bbox 1683 2386 1887 2454; x_wconf 82' lang='grc' dir='ltr'>ὁμοίως</span> 
     </span>
    </p>
   </div>
   <div class='ocr_carea' id='block_1_25' title="bbox 290 2472 1888 2548">
    <p class='ocr_par' dir='ltr' id='par_1_25' title="bbox 290 2472 1888 2548">
     <span class='ocr_line' id='line_1_25' title="bbox 290 2472 1888 2548; baseline 0.007 -26"><span class='ocrx_word' id='word_1_180' title='bbox 290 2476 400 2523; x_wconf 76' lang='grc' dir='ltr'><strong>καί</strong></span> <span class='ocrx_word' id='word_1_181' title='bbox 446 2473 575 2533; x_wconf 72' lang='grc' dir='ltr'>τοὺς</span> <span class='ocrx_word' id='word_1_182' title='bbox 607 2472 826 2535; x_wconf 76' lang='grc' dir='ltr'>λοιποὺς</span> <span class='ocrx_word' id='word_1_183' title='bbox 860 2473 1070 2540; x_wconf 81' lang='grc' dir='ltr'>ἁγίους.</span> <span class='ocrx_word' id='word_1_184' title='bbox 1110 2475 1216 2527; x_wconf 86' lang='grc' dir='ltr'>Καί</span> <span class='ocrx_word' id='word_1_185' title='bbox 1254 2493 1307 2528; x_wconf 91' lang='grc' dir='ltr'><strong>τι</strong></span> <span class='ocrx_word' id='word_1_186' title='bbox 1341 2476 1674 2548; x_wconf 73' lang='grc' dir='ltr'>θαυμαστὸν,</span> <span class='ocrx_word' id='word_1_187' title='bbox 1711 2481 1759 2532; x_wconf 81' lang='grc' dir='ltr'>οἱ</span> <span class='ocrx_word' id='word_1_188' title='bbox 1795 2481 1888 2535; x_wconf 84' lang='grc' dir='ltr'><strong>τὸν</strong></span> 
     </span>
    </p>
   </div>
   <div class='ocr_carea' id='block_1_26' title="bbox 294 2566 1890 2641">
    <p class='ocr_par' dir='ltr' id='par_1_26' title="bbox 294 2566 1890 2641">
     <span class='ocr_line' id='line_1_26' title="bbox 294 2566 1890 2641; baseline 0.004 -23"><span class='ocrx_word' id='word_1_189' title='bbox 294 2566 546 2635; x_wconf 78' lang='grc' dir='ltr'>Χριστὸν</span> <span class='ocrx_word' id='word_1_190' title='bbox 573 2568 663 2618; x_wconf 83' lang='grc' dir='ltr'><strong>καί</strong></span> <span class='ocrx_word' id='word_1_191' title='bbox 686 2567 818 2618; x_wconf 79' lang='grc' dir='ltr'>Θεὸν</span> <span class='ocrx_word' id='word_1_192' title='bbox 843 2567 1000 2637; x_wconf 77' lang='grc' dir='ltr'>ἡμῶν</span> <span class='ocrx_word' id='word_1_193' title='bbox 1020 2568 1357 2634; x_wconf 75' lang='grc' dir='ltr'>ἀθετοῦντες,</span> <span class='ocrx_word' id='word_1_194' title='bbox 1383 2572 1477 2625; x_wconf 76' lang='grc' dir='ltr'>καὶ</span> <span class='ocrx_word' id='word_1_195' title='bbox 1507 2571 1890 2641; x_wconf 77' lang='grc' dir='ltr'>ἀτιμάζοντες,</span> 
     </span>
    </p>
   </div>
   <div class='ocr_carea' id='block_1_27' title="bbox 295 2655 1886 2729">
    <p class='ocr_par' dir='ltr' id='par_1_27' title="bbox 295 2655 1886 2729">
     <span class='ocr_line' id='line_1_27' title="bbox 295 2655 1886 2729; baseline 0.004 -23"><span class='ocrx_word' id='word_1_196' title='bbox 295 2657 429 2719; x_wconf 83' lang='grc' dir='ltr'><strong>πῶς</strong></span> <span class='ocrx_word' id='word_1_197' title='bbox 484 2655 709 2724; x_wconf 74' lang='grc' dir='ltr'>Γραφας</span> <span class='ocrx_word' id='word_1_198' title='bbox 757 2656 942 2722; x_wconf 78' lang='grc' dir='ltr'>ἁγίας,</span> <span class='ocrx_word' id='word_1_199' title='bbox 988 2658 1084 2710; x_wconf 57' lang='grc' dir='ltr'><strong>καὶ⁸</strong></span> <span class='ocrx_word' id='word_1_200' title='bbox 1134 2659 1324 2725; x_wconf 66' lang='grc' dir='ltr'>ἁγίους</span> <span class='ocrx_word' id='word_1_201' title='bbox 1365 2659 1466 2712; x_wconf 85' lang='grc' dir='ltr'><strong>ούκ</strong></span> <span class='ocrx_word' id='word_1_202' title='bbox 1519 2659 1886 2729; x_wconf 83' lang='grc' dir='ltr'>ἀτιμάσουσι;</span> 
     </span>
    </p>
   </div>
   <div class='ocr_carea' id='block_1_28' title="bbox 299 2747 1891 2820">
    <p class='ocr_par' dir='ltr' id='par_1_28' title="bbox 299 2747 1891 2820">
     <span class='ocr_line' id='line_1_28' title="bbox 299 2747 1891 2820; baseline 0.002 -20"><span class='ocrx_word' id='word_1_203' title='bbox 299 2749 424 2800; x_wconf 77' lang='grc' dir='ltr'>Καὶ</span> <span class='ocrx_word' id='word_1_204' title='bbox 462 2747 539 2814; x_wconf 74' lang='grc' dir='ltr'><strong>μὴ</strong></span> <span class='ocrx_word' id='word_1_205' title='bbox 574 2747 912 2816; x_wconf 76' lang='grc' dir='ltr'>Θαυμάζετε,</span> <span class='ocrx_word' id='word_1_206' title='bbox 960 2748 1008 2799; x_wconf 89' lang='grc' dir='ltr'><strong>εί</strong></span> <span class='ocrx_word' id='word_1_207' title='bbox 1034 2750 1132 2811; x_wconf 81' lang='grc' dir='ltr'>τᾶς</span> <span class='ocrx_word' id='word_1_208' title='bbox 1164 2749 1313 2812; x_wconf 86' lang='grc' dir='ltr'>Οείας</span> <span class='ocrx_word' id='word_1_209' title='bbox 1346 2750 1563 2820; x_wconf 78' lang='grc' dir='ltr'>Γραφάς</span> <span class='ocrx_word' id='word_1_210' title='bbox 1597 2753 1644 2803; x_wconf 77' lang='lat' dir='ltr'><strong>oi</strong></span> <span class='ocrx_word' id='word_1_211' title='bbox 1675 2751 1891 2814; x_wconf 87' lang='grc' dir='ltr'>ἀσεϐεῖς</span> 
     </span>
    </p>
   </div>
   <div class='ocr_carea' id='block_1_29' title="bbox 299 2843 1892 2914">
    <p class='ocr_par' dir='ltr' id='par_1_29' title="bbox 299 2843 1892 2914">
     <span class='ocr_line' id='line_1_29' title="bbox 299 2843 1892 2914; baseline 0.001 -19"><span class='ocrx_word' id='word_1_212' title='bbox 299 2845 407 2896; x_wconf 74' lang='grc' dir='ltr'>ἐπὶ</span> <span class='ocrx_word' id='word_1_213' title='bbox 446 2843 712 2911; x_wconf 76' lang='grc' dir='ltr'>στόματος</span> <span class='ocrx_word' id='word_1_214' title='bbox 733 2843 990 2911; x_wconf 69' lang='grc' dir='ltr'>φέρουσιν</span> <span class='ocrx_word' id='word_1_215' title='bbox 1014 2858 1028 2873; x_wconf 79' lang='lat'>&#39;</span> <span class='ocrx_word' id='word_1_216' title='bbox 1059 2843 1166 2895; x_wconf 82' lang='grc' dir='ltr'><strong>ἀπὸ</strong></span> <span class='ocrx_word' id='word_1_217' title='bbox 1207 2844 1316 2914; x_wconf 78' lang='grc' dir='ltr'>γάρ</span> <span class='ocrx_word' id='word_1_218' title='bbox 1349 2845 1638 2914; x_wconf 79' lang='grc' dir='ltr'>συνεργίας</span> <span class='ocrx_word' id='word_1_219' title='bbox 1670 2845 1892 2898; x_wconf 74' lang='grc' dir='ltr'>Σατανιο</span> 
     </span>
    </p>
   </div>
   <div class='ocr_carea' id='block_1_30' title="bbox 301 2933 1891 3007">
    <p class='ocr_par' dir='ltr' id='par_1_30' title="bbox 301 2933 1891 3007">
     <span class='ocr_line' id='line_1_30' title="bbox 301 2933 1891 3007; baseline 0.003 -21"><span class='ocrx_word' id='word_1_220' title='bbox 301 2935 415 3001; x_wconf 81' lang='grc' dir='ltr'><strong>κῆς</strong></span> <span class='ocrx_word' id='word_1_221' title='bbox 446 2933 609 2986; x_wconf 80' lang='grc' dir='ltr'>τοῦτο</span> <span class='ocrx_word' id='word_1_222' title='bbox 647 2939 884 2999; x_wconf 84' lang='grc' dir='ltr'>γίνεται,</span> <span class='ocrx_word' id='word_1_223' title='bbox 923 2934 996 2997; x_wconf 87' lang='grc' dir='ltr'>ὡς</span> <span class='ocrx_word' id='word_1_224' title='bbox 1034 2936 1127 2987; x_wconf 74' lang='grc' dir='ltr'>καὶ</span> <span class='ocrx_word' id='word_1_225' title='bbox 1159 2937 1309 2988; x_wconf 74' lang='grc' dir='ltr'>αὐτοὶ</span> <span class='ocrx_word' id='word_1_226' title='bbox 1343 2935 1568 3006; x_wconf 74' lang='grc' dir='ltr'>ὕστερον</span> <span class='ocrx_word' id='word_1_227' title='bbox 1606 2937 1891 3007; x_wconf 79' lang='grc' dir='ltr'><strong>ὡμολόγη-</strong></span> 
     </span>
    </p>
   </div>
   <div class='ocr_carea' id='block_1_31' title="bbox 302 3025 1892 3099">
    <p class='ocr_par' dir='ltr' id='par_1_31' title="bbox 302 3025 1892 3099">
     <span class='ocr_line' id='line_1_31' title="bbox 302 3025 1892 3099; baseline 0.003 -23"><span class='ocrx_word' id='word_1_228' title='bbox 302 3041 436 3076; x_wconf 80' lang='grc' dir='ltr'>σαν.</span> <span class='ocrx_word' id='word_1_229' title='bbox 491 3025 600 3076; x_wconf 74' lang='grc' dir='ltr'><strong>Καὶ</strong></span> <span class='ocrx_word' id='word_1_230' title='bbox 633 3026 740 3092; x_wconf 73' lang='grc' dir='ltr'>γὰρ</span> <span class='ocrx_word' id='word_1_231' title='bbox 768 3028 825 3076; x_wconf 85' lang='grc' dir='ltr'>ἐν</span> <span class='ocrx_word' id='word_1_232' title='bbox 858 3027 920 3095; x_wconf 85' lang='grc' dir='ltr'>τῇ</span> <span class='ocrx_word' id='word_1_233' title='bbox 959 3025 1086 3097; x_wconf 75' lang='grc' dir='ltr'>Θείᾳ.</span> <span class='ocrx_word' id='word_1_234' title='bbox 1116 3027 1306 3098; x_wconf 78' lang='grc' dir='ltr'>Γραφῇ</span> <span class='ocrx_word' id='word_1_235' title='bbox 1343 3028 1610 3098; x_wconf 85' lang='grc' dir='ltr'>πολλαχοῦ</span> <span class='ocrx_word' id='word_1_236' title='bbox 1638 3029 1892 3099; x_wconf 81' lang='grc' dir='ltr'>εὑρίσκο-</span> 
     </span>
    </p>
   </div>
   <div class='ocr_carea' id='block_1_32' title="bbox 1985 552 3172 624">
    <p class='ocr_par' dir='ltr' id='par_1_32' title="bbox 1985 552 3172 624">
     <span class='ocr_line' id='line_1_32' title="bbox 1985 552 3172 624; baseline 0 -17"><span class='ocrx_word' id='word_1_237' title='bbox 1985 563 2298 616; x_wconf 87' lang='lat' dir='ltr'><strong>assccutus,</strong></span> <span class='ocrx_word' id='word_1_238' title='bbox 2323 552 2380 605; x_wconf 90' lang='lat' dir='ltr'><strong>in</strong></span> <span class='ocrx_word' id='word_1_239' title='bbox 2407 553 2592 606; x_wconf 87' lang='lat' dir='ltr'><strong>eadem</strong></span> <span class='ocrx_word' id='word_1_240' title='bbox 2631 553 2868 607; x_wconf 89' lang='lat' dir='ltr'><strong>habeare</strong></span> <span class='ocrx_word' id='word_1_241' title='bbox 2897 552 3172 624; x_wconf 75' lang='lat' dir='ltr'><strong>magister.</strong></span> 
     </span>
    </p>
   </div>
   <div class='ocr_carea' id='block_1_33' title="bbox 2055 739 3563 810">
    <p class='ocr_par' dir='ltr' id='par_1_33' title="bbox 2055 739 3563 810">
     <span class='ocr_line' id='line_1_33' title="bbox 2055 739 3563 810; baseline -0.002 -14"><span class='ocrx_word' id='word_1_242' title='bbox 2055 745 2124 796; x_wconf 84' lang='lat' dir='ltr'><strong>At</strong></span> <span class='ocrx_word' id='word_1_243' title='bbox 2177 741 2264 795; x_wconf 87' lang='lat' dir='ltr'><strong>ille</strong></span> <span class='ocrx_word' id='word_1_244' title='bbox 2316 739 2603 796; x_wconf 73' lang='lat' dir='ltr'><strong>confestim</strong></span> <span class='ocrx_word' id='word_1_245' title='bbox 2652 739 2786 793; x_wconf 77' lang='lat' dir='ltr'><strong>nihil</strong></span> <span class='ocrx_word' id='word_1_246' title='bbox 2841 755 3006 810; x_wconf 84' lang='lat' dir='ltr'><strong>super</strong></span> <span class='ocrx_word' id='word_1_247' title='bbox 3069 741 3169 794; x_wconf 82' lang='lat' dir='ltr'><strong>hoc</strong></span> <span class='ocrx_word' id='word_1_248' title='bbox 3217 739 3563 803; x_wconf 84' lang='lat' dir='ltr'><strong>iminoratus,</strong></span> 
     </span>
    </p>
   </div>
   <div class='ocr_carea' id='block_1_34' title="bbox 1985 831 3564 905">
    <p class='ocr_par' dir='ltr' id='par_1_34' title="bbox 1985 831 3564 905">
     <span class='ocr_line' id='line_1_34' title="bbox 1985 831 3564 905; baseline -0.001 -19"><span class='ocrx_word' id='word_1_249' title='bbox 1985 836 2250 905; x_wconf 74' lang='lat' dir='ltr'><strong>gaudens,</strong></span> <span class='ocrx_word' id='word_1_250' title='bbox 2288 833 2584 904; x_wconf 80' lang='lat' dir='ltr'><strong>gaudentes</strong></span> <span class='ocrx_word' id='word_1_251' title='bbox 2620 831 2758 895; x_wconf 84' lang='lat' dir='ltr'><strong>illos,</strong></span> <span class='ocrx_word' id='word_1_252' title='bbox 2794 841 3048 900; x_wconf 87' lang='lat' dir='ltr'><strong>tanquam</strong></span> <span class='ocrx_word' id='word_1_253' title='bbox 3085 847 3340 901; x_wconf 82' lang='lat' dir='ltr'><strong>maguum</strong></span> <span class='ocrx_word' id='word_1_254' title='bbox 3390 833 3564 901; x_wconf 58' lang='lat' dir='ltr'><strong>quod.</strong></span> 
     </span>
    </p>
   </div>
   <div class='ocr_carea' id='block_1_35' title="bbox 1985 923 3568 992">
    <p class='ocr_par' dir='ltr' id='par_1_35' title="bbox 1985 923 3568 992">
     <span class='ocr_line' id='line_1_35' title="bbox 1985 923 3568 992; baseline -0.003 -13"><span class='ocrx_word' id='word_1_255' title='bbox 1985 927 2111 980; x_wconf 89' lang='lat' dir='ltr'><strong>dam</strong></span> <span class='ocrx_word' id='word_1_256' title='bbox 2178 936 2233 979; x_wconf 89' lang='lat' dir='ltr'><strong>et</strong></span> <span class='ocrx_word' id='word_1_257' title='bbox 2263 925 2506 978; x_wconf 76' lang='lat' dir='ltr'><strong>divinant</strong></span> <span class='ocrx_word' id='word_1_258' title='bbox 2538 925 2738 978; x_wconf 87' lang='lat' dir='ltr'><strong>donum</strong></span> <span class='ocrx_word' id='word_1_259' title='bbox 2799 923 2932 976; x_wconf 90' lang='lat' dir='ltr'><strong>mihi</strong></span> <span class='ocrx_word' id='word_1_260' title='bbox 2964 923 3159 976; x_wconf 90' lang='lat' dir='ltr'><strong>obtulit</strong></span> <span class='ocrx_word' id='word_1_261' title='bbox 3201 962 3216 987; x_wconf 91' lang='lat'><strong>,</strong></span> <span class='ocrx_word' id='word_1_262' title='bbox 3254 932 3416 992; x_wconf 86' lang='lat' dir='ltr'><strong>atque</strong></span> <span class='ocrx_word' id='word_1_263' title='bbox 3466 923 3568 977; x_wconf 81' lang='lat' dir='ltr'><strong>hoc</strong></span> 
     </span>
    </p>
   </div>
   <div class='ocr_carea' id='block_1_36' title="bbox 1987 1013 3568 1087">
    <p class='ocr_par' dir='ltr' id='par_1_36' title="bbox 1987 1013 3568 1087">
     <span class='ocr_line' id='line_1_36' title="bbox 1987 1013 3568 1087; baseline -0.003 -17"><span class='ocrx_word' id='word_1_264' title='bbox 1987 1019 2162 1087; x_wconf 87' lang='lat' dir='ltr'><strong>ipsum</strong></span> <span class='ocrx_word' id='word_1_265' title='bbox 2215 1017 2604 1071; x_wconf 77' lang='lat' dir='ltr'><strong>monasterium</strong></span> <span class='ocrx_word' id='word_1_266' title='bbox 2675 1013 2997 1067; x_wconf 76' lang='lat' dir='ltr'><strong>incolentes.</strong></span> <span class='ocrx_word' id='word_1_267' title='bbox 3055 1013 3166 1082; x_wconf 78' lang='lat' dir='ltr'><strong>Ego</strong></span> <span class='ocrx_word' id='word_1_268' title='bbox 3228 1029 3356 1067; x_wconf 74' lang='lat' dir='ltr'><strong>vero</strong></span> <span class='ocrx_word' id='word_1_269' title='bbox 3405 1015 3568 1066; x_wconf 74' lang='lat' dir='ltr'><strong>etiam</strong></span> 
     </span>
    </p>
   </div>
   <div class='ocr_carea' id='block_1_37' title="bbox 1986 1105 3572 1180">
    <p class='ocr_par' dir='ltr' id='par_1_37' title="bbox 1986 1105 3572 1180">
     <span class='ocr_line' id='line_1_37' title="bbox 1986 1105 3572 1180; baseline -0.003 -17"><span class='ocrx_word' id='word_1_270' title='bbox 1986 1125 2134 1180; x_wconf 76' lang='lat' dir='ltr'><strong>erga</strong></span> <span class='ocrx_word' id='word_1_271' title='bbox 2171 1110 2290 1163; x_wconf 76' lang='lat' dir='ltr'><strong>iilos</strong></span> <span class='ocrx_word' id='word_1_272' title='bbox 2325 1109 2510 1162; x_wconf 85' lang='lat' dir='ltr'><strong>eadem</strong></span> <span class='ocrx_word' id='word_1_273' title='bbox 2539 1105 3079 1171; x_wconf 87' lang='lat' dir='ltr'><strong>utenssimulatione,</strong></span> <span class='ocrx_word' id='word_1_274' title='bbox 3121 1107 3309 1159; x_wconf 81' lang='lat' dir='ltr'><strong>Patres</strong></span> <span class='ocrx_word' id='word_1_275' title='bbox 3354 1115 3408 1159; x_wconf 91' lang='lat' dir='ltr'><strong>et</strong></span> <span class='ocrx_word' id='word_1_276' title='bbox 3464 1105 3572 1158; x_wconf 85' lang='lat' dir='ltr'><strong>sal-</strong></span> 
     </span>
    </p>
   </div>
   <div class='ocr_carea' id='block_1_38' title="bbox 1987 1196 3574 1266">
    <p class='ocr_par' dir='ltr' id='par_1_38' title="bbox 1987 1196 3574 1266">
     <span class='ocr_line' id='line_1_38' title="bbox 1987 1196 3574 1266; baseline -0.004 -12"><span class='ocrx_word' id='word_1_277' title='bbox 1987 1211 2208 1255; x_wconf 70' lang='lat' dir='ltr'><strong>vatorcs</strong></span> <span class='ocrx_word' id='word_1_278' title='bbox 2239 1201 2539 1254; x_wconf 88' lang='lat' dir='ltr'><strong>animarum</strong></span> <span class='ocrx_word' id='word_1_279' title='bbox 2573 1208 2903 1261; x_wconf 85' lang='lat' dir='ltr'><strong>nostrarum,</strong></span> <span class='ocrx_word' id='word_1_280' title='bbox 2928 1199 3446 1266; x_wconf 60' lang='lat' dir='ltr'><strong>ettnagSSIros,quos</strong></span> <span class='ocrx_word' id='word_1_281' title='bbox 3475 1196 3574 1248; x_wconf 87' lang='lat' dir='ltr'><strong>im-</strong></span> 
     </span>
    </p>
   </div>
   <div class='ocr_carea' id='block_1_39' title="bbox 1988 1288 3571 1363">
    <p class='ocr_par' dir='ltr' id='par_1_39' title="bbox 1988 1288 3571 1363">
     <span class='ocr_line' id='line_1_39' title="bbox 1988 1288 3571 1363; baseline -0.004 -20"><span class='ocrx_word' id='word_1_282' title='bbox 1988 1295 2132 1363; x_wconf 82' lang='lat' dir='ltr'><strong>pios,</strong></span> <span class='ocrx_word' id='word_1_283' title='bbox 2162 1303 2216 1347; x_wconf 89' lang='lat' dir='ltr'><strong>et</strong></span> <span class='ocrx_word' id='word_1_284' title='bbox 2247 1293 2570 1362; x_wconf 83' lang='lat' dir='ltr'><strong>dcet-plores</strong></span> <span class='ocrx_word' id='word_1_285' title='bbox 2615 1288 2998 1359; x_wconf 81' lang='lat' dir='ltr'><strong>agnoscebant,</strong></span> <span class='ocrx_word' id='word_1_286' title='bbox 3054 1289 3349 1352; x_wconf 82' lang='lat' dir='ltr'><strong>vocabam;</strong></span> <span class='ocrx_word' id='word_1_287' title='bbox 3409 1288 3571 1340; x_wconf 80' lang='lat' dir='ltr'><strong>aliter</strong></span> 
     </span>
    </p>
   </div>
   <div class='ocr_carea' id='block_1_40' title="bbox 1987 1379 3577 1453">
    <p class='ocr_par' dir='ltr' id='par_1_40' title="bbox 1987 1379 3577 1453">
     <span class='ocr_line' id='line_1_40' title="bbox 1987 1379 3577 1453; baseline -0.006 -14"><span class='ocrx_word' id='word_1_288' title='bbox 1987 1388 2130 1439; x_wconf 89' lang='lat' dir='ltr'><strong>enim</strong></span> <span class='ocrx_word' id='word_1_289' title='bbox 2163 1383 2434 1453; x_wconf 89' lang='lat' dir='ltr'><strong>quomodo</strong></span> <span class='ocrx_word' id='word_1_290' title='bbox 2486 1381 2780 1451; x_wconf 83' lang='lat' dir='ltr'><strong>impietatis</strong></span> <span class='ocrx_word' id='word_1_291' title='bbox 2836 1395 3022 1435; x_wconf 90' lang='lat' dir='ltr'><strong>eorum</strong></span> <span class='ocrx_word' id='word_1_292' title='bbox 3080 1379 3333 1450; x_wconf 64' lang='lat' dir='ltr'><strong>mysteria</strong></span> <span class='ocrx_word' id='word_1_293' title='bbox 3380 1395 3577 1447; x_wconf 48' lang='lat' dir='ltr'><strong>coeno-</strong></span> 
     </span>
    </p>
   </div>
   <div class='ocr_carea' id='block_1_41' title="bbox 1987 1471 3578 1547">
    <p class='ocr_par' dir='ltr' id='par_1_41' title="bbox 1987 1471 3578 1547">
     <span class='ocr_line' id='line_1_41' title="bbox 1987 1471 3578 1547; baseline -0.006 -13"><span class='ocrx_word' id='word_1_294' title='bbox 1987 1494 2139 1534; x_wconf 80' lang='lat' dir='ltr'><strong>scere</strong></span> <span class='ocrx_word' id='word_1_295' title='bbox 2176 1493 2414 1547; x_wconf 85' lang='lat' dir='ltr'><strong>possem,</strong></span> <span class='ocrx_word' id='word_1_296' title='bbox 2442 1490 2547 1528; x_wconf 92' lang='lat' dir='ltr'><strong>non</strong></span> <span class='ocrx_word' id='word_1_297' title='bbox 2582 1474 2870 1527; x_wconf 77' lang='lat' dir='ltr'><strong>habebam.</strong></span> <span class='ocrx_word' id='word_1_298' title='bbox 2905 1472 3008 1526; x_wconf 74' lang='lat' dir='ltr'><strong>Per</strong></span> <span class='ocrx_word' id='word_1_299' title='bbox 3031 1471 3234 1540; x_wconf 89' lang='lat' dir='ltr'><strong>aliquot</strong></span> <span class='ocrx_word' id='word_1_300' title='bbox 3255 1481 3435 1525; x_wconf 88' lang='lat' dir='ltr'><strong>autem</strong></span> <span class='ocrx_word' id='word_1_301' title='bbox 3463 1471 3532 1525; x_wconf 80' lang='lat' dir='ltr'><strong>dit</strong></span> <span class='ocrx_word' id='word_1_302' title='bbox 3553 1489 3578 1525; x_wconf 84' lang='lat' dir='ltr'><strong>s</strong></span> 
     </span>
    </p>
   </div>
   <div class='ocr_carea' id='block_1_42' title="bbox 1988 1564 3572 1633">
    <p class='ocr_par' dir='ltr' id='par_1_42' title="bbox 1988 1564 3572 1633">
     <span class='ocr_line' id='line_1_42' title="bbox 1988 1564 3572 1633; baseline -0.006 -9"><span class='ocrx_word' id='word_1_303' title='bbox 1988 1571 2039 1624; x_wconf 89' lang='lat' dir='ltr'><strong>in</strong></span> <span class='ocrx_word' id='word_1_304' title='bbox 2080 1570 2270 1624; x_wconf 79' lang='lat' dir='ltr'><strong>cellula</strong></span> <span class='ocrx_word' id='word_1_305' title='bbox 2307 1585 2421 1621; x_wconf 80' lang='lat' dir='ltr'><strong>mea</strong></span> <span class='ocrx_word' id='word_1_306' title='bbox 2459 1584 2580 1622; x_wconf 90' lang='lat' dir='ltr'><strong>cum</strong></span> <span class='ocrx_word' id='word_1_307' title='bbox 2608 1567 2712 1619; x_wconf 87' lang='lat' dir='ltr'><strong>illis</strong></span> <span class='ocrx_word' id='word_1_308' title='bbox 2744 1567 3000 1620; x_wconf 87' lang='lat' dir='ltr'><strong>disserui.</strong></span> <span class='ocrx_word' id='word_1_309' title='bbox 3038 1567 3236 1617; x_wconf 87' lang='lat' dir='ltr'><strong>Eorum</strong></span> <span class='ocrx_word' id='word_1_310' title='bbox 3264 1580 3393 1617; x_wconf 81' lang='lat' dir='ltr'><strong>vero</strong></span> <span class='ocrx_word' id='word_1_311' title='bbox 3459 1564 3572 1633; x_wconf 88' lang='lat' dir='ltr'><strong>pri-</strong></span> 
     </span>
    </p>
   </div>
   <div class='ocr_carea' id='block_1_43' title="bbox 1991 1656 3576 1726">
    <p class='ocr_par' dir='ltr' id='par_1_43' title="bbox 1991 1656 3576 1726">
     <span class='ocr_line' id='line_1_43' title="bbox 1991 1656 3576 1726; baseline -0.005 -12"><span class='ocrx_word' id='word_1_312' title='bbox 1991 1677 2131 1724; x_wconf 91' lang='lat' dir='ltr'><strong>mus,</strong></span> <span class='ocrx_word' id='word_1_313' title='bbox 2163 1659 2460 1726; x_wconf 71' lang='lat' dir='ltr'><strong>Evangelii,</strong></span> <span class='ocrx_word' id='word_1_314' title='bbox 2495 1668 2549 1712; x_wconf 91' lang='lat' dir='ltr'><strong>ct</strong></span> <span class='ocrx_word' id='word_1_315' title='bbox 2601 1657 2845 1726; x_wconf 79' lang='lat' dir='ltr'><strong>Apostoli</strong></span> <span class='ocrx_word' id='word_1_316' title='bbox 2893 1656 3057 1709; x_wconf 83' lang='lat' dir='ltr'><strong>verba</strong></span> <span class='ocrx_word' id='word_1_317' title='bbox 3118 1657 3323 1718; x_wconf 83' lang='lat' dir='ltr'><strong>omnia,</strong></span> <span class='ocrx_word' id='word_1_318' title='bbox 3360 1671 3576 1709; x_wconf 73' lang='lat' dir='ltr'><strong>necnon</strong></span> 
     </span>
    </p>
   </div>
   <div class='ocr_carea' id='block_1_44' title="bbox 1994 1745 3572 1821">
    <p class='ocr_par' dir='ltr' id='par_1_44' title="bbox 1994 1745 3572 1821">
     <span class='ocr_line' id='line_1_44' title="bbox 1994 1745 3572 1821; baseline -0.007 -16"><span class='ocrx_word' id='word_1_319' title='bbox 1994 1751 2278 1821; x_wconf 81' lang='lat' dir='ltr'><strong>Theologi,</strong></span> <span class='ocrx_word' id='word_1_320' title='bbox 2303 1759 2357 1804; x_wconf 88' lang='lat' dir='ltr'><strong>et</strong></span> <span class='ocrx_word' id='word_1_321' title='bbox 2383 1747 2750 1818; x_wconf 78' lang='lat' dir='ltr'><strong>Chrysostonii</strong></span> <span class='ocrx_word' id='word_1_322' title='bbox 2780 1747 3080 1800; x_wconf 86' lang='lat' dir='ltr'><strong>sententias</strong></span> <span class='ocrx_word' id='word_1_323' title='bbox 3105 1745 3170 1798; x_wconf 87' lang='lat' dir='ltr'><strong>ad</strong></span> <span class='ocrx_word' id='word_1_324' title='bbox 3205 1745 3572 1798; x_wconf 77' lang='lat' dir='ltr'><strong>setlucctrdum</strong></span> 
     </span>
    </p>
   </div>
   <div class='ocr_carea' id='block_1_45' title="bbox 1995 1835 3575 1912">
    <p class='ocr_par' dir='ltr' id='par_1_45' title="bbox 1995 1835 3575 1912">
     <span class='ocr_line' id='line_1_45' title="bbox 1995 1835 3575 1912; baseline -0.004 -20"><span class='ocrx_word' id='word_1_325' title='bbox 1995 1853 2210 1912; x_wconf 83' lang='lat' dir='ltr'><strong>paratas</strong></span> <span class='ocrx_word' id='word_1_326' title='bbox 2255 1841 2486 1894; x_wconf 85' lang='lat' dir='ltr'><strong>habebat</strong></span> <span class='ocrx_word' id='word_1_327' title='bbox 2533 1839 2586 1891; x_wconf 91' lang='lat' dir='ltr'><strong>in</strong></span> <span class='ocrx_word' id='word_1_328' title='bbox 2643 1853 2760 1898; x_wconf 90' lang='lat' dir='ltr'><strong>ore,</strong></span> <span class='ocrx_word' id='word_1_329' title='bbox 2824 1845 2879 1889; x_wconf 86' lang='lat' dir='ltr'><strong>et</strong></span> <span class='ocrx_word' id='word_1_330' title='bbox 2927 1851 2991 1889; x_wconf 77' lang='lat' dir='ltr'><strong>ex</strong></span> <span class='ocrx_word' id='word_1_331' title='bbox 3042 1836 3194 1889; x_wconf 80' lang='lat' dir='ltr'><strong>Lbris</strong></span> <span class='ocrx_word' id='word_1_332' title='bbox 3246 1836 3433 1897; x_wconf 84' lang='lat' dir='ltr'><strong>etiam,</strong></span> <span class='ocrx_word' id='word_1_333' title='bbox 3484 1835 3575 1904; x_wconf 80' lang='lat' dir='ltr'><strong>qui</strong></span> 
     </span>
    </p>
   </div>
   <div class='ocr_carea' id='block_1_46' title="bbox 1997 1932 3579 2003">
    <p class='ocr_par' dir='ltr' id='par_1_46' title="bbox 1997 1932 3579 2003">
     <span class='ocr_line' id='line_1_46' title="bbox 1997 1932 3579 2003; baseline -0.008 -16"><span class='ocrx_word' id='word_1_334' title='bbox 1997 1934 2292 2003; x_wconf 75' lang='grc' dir='ltr'>Πατερικοὶ</span> <span class='ocrx_word' id='word_1_335' title='bbox 2324 1932 2580 1985; x_wconf 82' lang='lat' dir='ltr'><strong>dicuntur</strong></span> <span class='ocrx_word' id='word_1_336' title='bbox 2602 1945 2882 1983; x_wconf 80' lang='lat' dir='ltr'><strong>sermones</strong></span> <span class='ocrx_word' id='word_1_337' title='bbox 2910 1938 3221 1982; x_wconf 84' lang='lat' dir='ltr'><strong>sanctorum</strong></span> <span class='ocrx_word' id='word_1_338' title='bbox 3247 1943 3460 1988; x_wconf 76' lang='lat' dir='ltr'><strong>senmn,</strong></span> <span class='ocrx_word' id='word_1_339' title='bbox 3521 1937 3579 1979; x_wconf 86' lang='lat' dir='ltr'><strong>et</strong></span> 
     </span>
    </p>
   </div>
   <div class='ocr_carea' id='block_1_47' title="bbox 1991 2018 3578 2091">
    <p class='ocr_par' dir='ltr' id='par_1_47' title="bbox 1991 2018 3578 2091">
     <span class='ocr_line' id='line_1_47' title="bbox 1991 2018 3578 2091; baseline -0.007 -12"><span class='ocrx_word' id='word_1_340' title='bbox 1991 2025 2258 2086; x_wconf 85' lang='lat' dir='ltr'><strong>Psalterii,</strong></span> <span class='ocrx_word' id='word_1_341' title='bbox 2279 2022 2628 2090; x_wconf 88' lang='lat' dir='ltr'><strong>omniumque</strong></span> <span class='ocrx_word' id='word_1_342' title='bbox 2648 2023 3048 2091; x_wconf 86' lang='lat' dir='ltr'><strong>Scripturarum</strong></span> <span class='ocrx_word' id='word_1_343' title='bbox 3078 2029 3253 2072; x_wconf 76' lang='lat' dir='ltr'><strong>textus</strong></span> <span class='ocrx_word' id='word_1_344' title='bbox 3275 2018 3537 2071; x_wconf 46' lang='lat' dir='ltr'><strong>recitabat</strong></span> <span class='ocrx_word' id='word_1_345' title='bbox 3561 2059 3578 2084; x_wconf 84' lang='lat'><strong>,</strong></span> 
     </span>
    </p>
   </div>
   <div class='ocr_carea' id='block_1_48' title="bbox 1989 2112 3580 2186">
    <p class='ocr_par' dir='ltr' id='par_1_48' title="bbox 1989 2112 3580 2186">
     <span class='ocr_line' id='line_1_48' title="bbox 1989 2112 3580 2186; baseline -0.003 -17"><span class='ocrx_word' id='word_1_346' title='bbox 1989 2117 2189 2186; x_wconf 86' lang='lat' dir='ltr'><strong>quibus</strong></span> <span class='ocrx_word' id='word_1_347' title='bbox 2245 2115 2406 2185; x_wconf 86' lang='lat' dir='ltr'><strong>plane</strong></span> <span class='ocrx_word' id='word_1_348' title='bbox 2434 2115 2635 2168; x_wconf 77' lang='lat' dir='ltr'><strong>divinis</strong></span> <span class='ocrx_word' id='word_1_349' title='bbox 2685 2113 2998 2182; x_wconf 83' lang='lat' dir='ltr'><strong>Scripturis,</strong></span> <span class='ocrx_word' id='word_1_350' title='bbox 3029 2121 3311 2182; x_wconf 78' lang='lat' dir='ltr'><strong>postquam</strong></span> <span class='ocrx_word' id='word_1_351' title='bbox 3346 2112 3580 2180; x_wconf 73' lang='lat' dir='ltr'><strong>aliquem</strong></span> 
     </span>
    </p>
   </div>
   <div class='ocr_carea' id='block_1_49' title="bbox 1989 2205 3576 2276">
    <p class='ocr_par' dir='ltr' id='par_1_49' title="bbox 1989 2205 3576 2276">
     <span class='ocr_line' id='line_1_49' title="bbox 1989 2205 3576 2276; baseline -0.003 -14"><span class='ocrx_word' id='word_1_352' title='bbox 1989 2208 2064 2262; x_wconf 90' lang='lat' dir='ltr'><strong>ita</strong></span> <span class='ocrx_word' id='word_1_353' title='bbox 2102 2208 2457 2276; x_wconf 79' lang='lat' dir='ltr'><strong>deceperint,</strong></span> <span class='ocrx_word' id='word_1_354' title='bbox 2519 2218 2577 2260; x_wconf 90' lang='lat' dir='ltr'><strong>ut</strong></span> <span class='ocrx_word' id='word_1_355' title='bbox 2638 2207 2708 2260; x_wconf 85' lang='lat' dir='ltr'><strong>ab</strong></span> <span class='ocrx_word' id='word_1_356' title='bbox 2771 2206 3071 2258; x_wconf 58' lang='lat' dir='ltr'><strong>orthodoxa</strong></span> <span class='ocrx_word' id='word_1_357' title='bbox 3136 2205 3576 2258; x_wconf 76' lang='lat' dir='ltr'><strong>Christianorum</strong></span> 
     </span>
    </p>
   </div>
   <div class='ocr_carea' id='block_1_50' title="bbox 1991 2297 3580 2366">
    <p class='ocr_par' dir='ltr' id='par_1_50' title="bbox 1991 2297 3580 2366">
     <span class='ocr_line' id='line_1_50' title="bbox 1991 2297 3580 2366; baseline -0.006 -10"><span class='ocrx_word' id='word_1_358' title='bbox 1991 2301 2266 2356; x_wconf 81' lang='lat' dir='ltr'><strong>desciscat</strong></span> <span class='ocrx_word' id='word_1_359' title='bbox 2297 2298 2422 2362; x_wconf 84' lang='lat' dir='ltr'><strong>ﬁde.</strong></span> <span class='ocrx_word' id='word_1_360' title='bbox 2479 2299 2683 2352; x_wconf 88' lang='lat' dir='ltr'><strong>nullam</strong></span> <span class='ocrx_word' id='word_1_361' title='bbox 2720 2298 2902 2363; x_wconf 80' lang='lat' dir='ltr'><strong>(idem,</strong></span> <span class='ocrx_word' id='word_1_362' title='bbox 2939 2297 3254 2366; x_wconf 89' lang='lat' dir='ltr'><strong>nullumque</strong></span> <span class='ocrx_word' id='word_1_363' title='bbox 3317 2297 3580 2351; x_wconf 82' lang='lat' dir='ltr'><strong>honorem</strong></span> 
     </span>
    </p>
   </div>
   <div class='ocr_carea' id='block_1_51' title="bbox 1995 2388 3580 2446">
    <p class='ocr_par' dir='ltr' id='par_1_51' title="bbox 1995 2388 3580 2446">
     <span class='ocr_line' id='line_1_51' title="bbox 1995 2388 3580 2446; baseline -0.004 0"><span class='ocrx_word' id='word_1_364' title='bbox 1995 2392 2306 2446; x_wconf 85' lang='lat' dir='ltr'><strong>habendum</strong></span> <span class='ocrx_word' id='word_1_365' title='bbox 2338 2405 2466 2446; x_wconf 87' lang='lat' dir='ltr'><strong>csse</strong></span> <span class='ocrx_word' id='word_1_366' title='bbox 2503 2390 2715 2446; x_wconf 87' lang='lat' dir='ltr'><strong>docent.</strong></span> <span class='ocrx_word' id='word_1_367' title='bbox 2781 2390 3042 2444; x_wconf 85' lang='lat' dir='ltr'><strong>Sanctum</strong></span> <span class='ocrx_word' id='word_1_368' title='bbox 3111 2389 3259 2442; x_wconf 73' lang='lat' dir='ltr'><strong>enim</strong></span> <span class='ocrx_word' id='word_1_369' title='bbox 3317 2388 3580 2442; x_wconf 84' lang='lat' dir='ltr'><strong>Joannem</strong></span> 
     </span>
    </p>
   </div>
   <div class='ocr_carea' id='block_1_52' title="bbox 1989 2480 3583 2554">
    <p class='ocr_par' dir='ltr' id='par_1_52' title="bbox 1989 2480 3583 2554">
     <span class='ocr_line' id='line_1_52' title="bbox 1989 2480 3583 2554; baseline -0.004 -15"><span class='ocrx_word' id='word_1_370' title='bbox 1989 2485 2467 2554; x_wconf 79' lang='lat' dir='ltr'><strong>Cbrysoslomum,</strong></span> <span class='ocrx_word' id='word_1_371' title='bbox 2530 2481 2906 2552; x_wconf 76' lang='grc' dir='ltr'>φυρσόστομον</span> <span class='ocrx_word' id='word_1_372' title='bbox 2985 2495 3082 2534; x_wconf 89' lang='lat' dir='ltr'><strong>seu</strong></span> <span class='ocrx_word' id='word_1_373' title='bbox 3141 2480 3474 2550; x_wconf 78' lang='lat' dir='ltr'><strong>inquinatum</strong></span> <span class='ocrx_word' id='word_1_374' title='bbox 3525 2496 3583 2532; x_wconf 75' lang='grc' dir='ltr'><strong>οε</strong></span> 
     </span>
    </p>
   </div>
   <div class='ocr_carea' id='block_1_53' title="bbox 1991 2573 3573 2642">
    <p class='ocr_par' dir='ltr' id='par_1_53' title="bbox 1991 2573 3573 2642">
     <span class='ocr_line' id='line_1_53' title="bbox 1991 2573 3573 2642; baseline -0.005 -10"><span class='ocrx_word' id='word_1_375' title='bbox 1991 2578 2284 2634; x_wconf 87' lang='lat' dir='ltr'><strong>habentem</strong></span> <span class='ocrx_word' id='word_1_376' title='bbox 2328 2577 2574 2631; x_wconf 84' lang='lat' dir='ltr'><strong>irrisorie</strong></span> <span class='ocrx_word' id='word_1_377' title='bbox 2623 2587 2818 2629; x_wconf 74' lang='lat' dir='ltr'><strong>vocant</strong></span> <span class='ocrx_word' id='word_1_378' title='bbox 2847 2573 3242 2637; x_wconf 88' lang='lat' dir='ltr'><strong>scelestissimi,</strong></span> <span class='ocrx_word' id='word_1_379' title='bbox 3277 2582 3440 2642; x_wconf 85' lang='lat' dir='ltr'><strong>atque</strong></span> <span class='ocrx_word' id='word_1_380' title='bbox 3500 2573 3573 2625; x_wconf 73' lang='lat' dir='ltr'><strong>ita</strong></span> 
     </span>
    </p>
   </div>
   <div class='ocr_carea' id='block_1_54' title="bbox 1993 2663 3586 2735">
    <p class='ocr_par' dir='ltr' id='par_1_54' title="bbox 1993 2663 3586 2735">
     <span class='ocr_line' id='line_1_54' title="bbox 1993 2663 3586 2735; baseline -0.008 -11"><span class='ocrx_word' id='word_1_381' title='bbox 1993 2685 2113 2724; x_wconf 90' lang='lat' dir='ltr'><strong>cum</strong></span> <span class='ocrx_word' id='word_1_382' title='bbox 2139 2669 2354 2726; x_wconf 64' lang='lat' dir='ltr'><strong>caeteris</strong></span> <span class='ocrx_word' id='word_1_383' title='bbox 2389 2669 2596 2721; x_wconf 81' lang='lat' dir='ltr'><strong>sanctis</strong></span> <span class='ocrx_word' id='word_1_384' title='bbox 2631 2677 2816 2735; x_wconf 72' lang='lat' dir='ltr'><strong>agunt.</strong></span> <span class='ocrx_word' id='word_1_385' title='bbox 2837 2665 2976 2730; x_wconf 85' lang='lat' dir='ltr'><strong>Quid</strong></span> <span class='ocrx_word' id='word_1_386' title='bbox 3009 2681 3136 2719; x_wconf 76' lang='lat' dir='ltr'><strong>vero</strong></span> <span class='ocrx_word' id='word_1_387' title='bbox 3170 2664 3412 2718; x_wconf 87' lang='lat' dir='ltr'><strong>mirum?</strong></span> <span class='ocrx_word' id='word_1_388' title='bbox 3439 2663 3586 2728; x_wconf 76' lang='lat' dir='ltr'><strong>Quc-</strong></span> 
     </span>
    </p>
   </div>
   <div class='ocr_carea' id='block_1_55' title="bbox 1993 2755 3579 2829">
    <p class='ocr_par' dir='ltr' id='par_1_55' title="bbox 1993 2755 3579 2829">
     <span class='ocr_line' id='line_1_55' title="bbox 1993 2755 3579 2829; baseline -0.004 -14"><span class='ocrx_word' id='word_1_389' title='bbox 1993 2763 2154 2816; x_wconf 76' lang='lat' dir='ltr'><strong>ntodo</strong></span> <span class='ocrx_word' id='word_1_390' title='bbox 2185 2762 2330 2814; x_wconf 91' lang='lat' dir='ltr'><strong>enim</strong></span> <span class='ocrx_word' id='word_1_391' title='bbox 2370 2760 2462 2829; x_wconf 90' lang='lat' dir='ltr'><strong>qui</strong></span> <span class='ocrx_word' id='word_1_392' title='bbox 2496 2759 2799 2822; x_wconf 81' lang='lat' dir='ltr'><strong>Christum,</strong></span> <span class='ocrx_word' id='word_1_393' title='bbox 2834 2768 2888 2812; x_wconf 91' lang='lat' dir='ltr'><strong>et</strong></span> <span class='ocrx_word' id='word_1_394' title='bbox 2918 2756 3086 2811; x_wconf 88' lang='lat' dir='ltr'><strong>Deum</strong></span> <span class='ocrx_word' id='word_1_395' title='bbox 3109 2766 3358 2811; x_wconf 90' lang='lat' dir='ltr'><strong>nostrum</strong></span> <span class='ocrx_word' id='word_1_396' title='bbox 3426 2755 3579 2808; x_wconf 72' lang='lat' dir='ltr'><strong>ﬂocci</strong></span> 
     </span>
    </p>
   </div>
   <div class='ocr_carea' id='block_1_56' title="bbox 1992 2846 3583 2921">
    <p class='ocr_par' dir='ltr' id='par_1_56' title="bbox 1992 2846 3583 2921">
     <span class='ocr_line' id='line_1_56' title="bbox 1992 2846 3583 2921; baseline -0.006 -13"><span class='ocrx_word' id='word_1_397' title='bbox 1992 2853 2225 2915; x_wconf 79' lang='lat' dir='ltr'><strong>faciunt,</strong></span> <span class='ocrx_word' id='word_1_398' title='bbox 2258 2862 2422 2921; x_wconf 84' lang='lat' dir='ltr'><strong>atque</strong></span> <span class='ocrx_word' id='word_1_399' title='bbox 2473 2857 2855 2909; x_wconf 86' lang='lat' dir='ltr'><strong>contemnunt,</strong></span> <span class='ocrx_word' id='word_1_400' title='bbox 2895 2848 3109 2902; x_wconf 81' lang='lat' dir='ltr'><strong>divinas</strong></span> <span class='ocrx_word' id='word_1_401' title='bbox 3165 2846 3497 2916; x_wconf 82' lang='lat' dir='ltr'><strong>Scripturas,</strong></span> <span class='ocrx_word' id='word_1_402' title='bbox 3530 2857 3583 2899; x_wconf 78' lang='lat' dir='ltr'><strong>et</strong></span> 
     </span>
    </p>
   </div>
   <div class='ocr_carea' id='block_1_57' title="bbox 1993 2937 3583 3005">
    <p class='ocr_par' dir='ltr' id='par_1_57' title="bbox 1993 2937 3583 3005">
     <span class='ocr_line' id='line_1_57' title="bbox 1993 2937 3583 3005; baseline -0.004 -7"><span class='ocrx_word' id='word_1_403' title='bbox 1993 2952 2209 3000; x_wconf 88' lang='lat' dir='ltr'><strong>sanctos</strong></span> <span class='ocrx_word' id='word_1_404' title='bbox 2275 2959 2381 2996; x_wconf 75' lang='lat' dir='ltr'><strong>non</strong></span> <span class='ocrx_word' id='word_1_405' title='bbox 2415 2940 2804 2997; x_wconf 87' lang='lat' dir='ltr'><strong>contemnent?</strong></span> <span class='ocrx_word' id='word_1_406' title='bbox 2835 2940 2947 2995; x_wconf 74' lang='lat' dir='ltr'><strong>Nec</strong></span> <span class='ocrx_word' id='word_1_407' title='bbox 2983 2937 3272 3005; x_wconf 79' lang='lat' dir='ltr'><strong>miremini,</strong></span> <span class='ocrx_word' id='word_1_408' title='bbox 3337 2939 3381 2993; x_wconf 89' lang='lat' dir='ltr'><strong>si</strong></span> <span class='ocrx_word' id='word_1_409' title='bbox 3441 2939 3583 2993; x_wconf 81' lang='lat' dir='ltr'><strong>divi-</strong></span> 
     </span>
    </p>
   </div>
   <div class='ocr_carea' id='block_1_58' title="bbox 1994 3026 3581 3102">
    <p class='ocr_par' dir='ltr' id='par_1_58' title="bbox 1994 3026 3581 3102">
     <span class='ocr_line' id='line_1_58' title="bbox 1994 3026 3581 3102; baseline -0.005 -13"><span class='ocrx_word' id='word_1_410' title='bbox 1994 3051 2092 3089; x_wconf 83' lang='lat' dir='ltr'><strong>nas</strong></span> <span class='ocrx_word' id='word_1_411' title='bbox 2118 3033 2428 3102; x_wconf 87' lang='lat' dir='ltr'><strong>Scripturas</strong></span> <span class='ocrx_word' id='word_1_412' title='bbox 2454 3031 2604 3101; x_wconf 85' lang='lat' dir='ltr'><strong>impii</strong></span> <span class='ocrx_word' id='word_1_413' title='bbox 2632 3030 2706 3084; x_wconf 92' lang='lat' dir='ltr'><strong>illi</strong></span> <span class='ocrx_word' id='word_1_414' title='bbox 2762 3030 2817 3084; x_wconf 91' lang='lat' dir='ltr'><strong>in</strong></span> <span class='ocrx_word' id='word_1_415' title='bbox 2853 3046 2946 3084; x_wconf 88' lang='lat' dir='ltr'><strong>ore</strong></span> <span class='ocrx_word' id='word_1_416' title='bbox 2992 3035 3182 3100; x_wconf 74' lang='lat' dir='ltr'><strong>gerant</strong></span> <span class='ocrx_word' id='word_1_417' title='bbox 3216 3048 3228 3080; x_wconf 91' lang='lat'><strong>:</strong></span> <span class='ocrx_word' id='word_1_418' title='bbox 3289 3028 3394 3081; x_wconf 89' lang='lat' dir='ltr'><strong>hoc</strong></span> <span class='ocrx_word' id='word_1_419' title='bbox 3431 3026 3581 3082; x_wconf 89' lang='lat' dir='ltr'><strong>enim</strong></span> 
     </span>
    </p>
   </div>
   <div class='ocr_carea' id='block_1_59' title="bbox 304 3118 1884 3200">
    <p class='ocr_par' dir='ltr' id='par_1_59' title="bbox 304 3118 1884 3195">
     <span class='ocr_line' id='line_1_59' title="bbox 304 3118 1884 3195; baseline 0.008 -28"><span class='ocrx_word' id='word_1_420' title='bbox 304 3134 420 3185; x_wconf 76' lang='grc' dir='ltr'><strong>μεν</strong></span> <span class='ocrx_word' id='word_1_421' title='bbox 473 3118 555 3168; x_wconf 77' lang='grc' dir='ltr'>ὅτι</span> <span class='ocrx_word' id='word_1_422' title='bbox 609 3119 704 3170; x_wconf 69' lang='grc' dir='ltr'><strong>καὶ</strong></span> <span class='ocrx_word' id='word_1_423' title='bbox 755 3118 845 3169; x_wconf 75' lang='grc' dir='ltr'><strong>τὸν</strong></span> <span class='ocrx_word' id='word_1_424' title='bbox 891 3120 1100 3186; x_wconf 81' lang='grc' dir='ltr'>Κύριον</span> <span class='ocrx_word' id='word_1_425' title='bbox 1147 3122 1306 3189; x_wconf 83' lang='grc' dir='ltr'>ἡμῶν</span> <span class='ocrx_word' id='word_1_426' title='bbox 1353 3123 1560 3192; x_wconf 81' lang='grc' dir='ltr'>Ἰησοῦν</span> <span class='ocrx_word' id='word_1_427' title='bbox 1599 3125 1884 3195; x_wconf 76' lang='grc' dir='ltr'>Χριστὺνύ</span> 
     </span>
    </p>
   </div>
   <div class='ocr_carea' id='block_1_60' title="bbox 1991 3118 3598 3200">
    <p class='ocr_par' dir='ltr' id='par_1_60' title="bbox 1994 3118 3598 3193">
     <span class='ocr_line' id='line_1_60' title="bbox 1994 3118 3598 3193; baseline -0.006 -14"><span class='ocrx_word' id='word_1_428' title='bbox 1994 3142 2058 3179; x_wconf 75' lang='lat' dir='ltr'><strong>ex</strong></span> <span class='ocrx_word' id='word_1_429' title='bbox 2082 3124 2344 3179; x_wconf 72' lang='lat' dir='ltr'><strong>diabolica</strong></span> <span class='ocrx_word' id='word_1_430' title='bbox 2401 3123 2784 3193; x_wconf 87' lang='lat' dir='ltr'><strong>cooperationc</strong></span> <span class='ocrx_word' id='word_1_431' title='bbox 2818 3120 2898 3184; x_wconf 85' lang='lat' dir='ltr'><strong>ﬁt,</strong></span> <span class='ocrx_word' id='word_1_432' title='bbox 2951 3127 3012 3175; x_wconf 84' lang='lat' dir='ltr'><strong>ut</strong></span> <span class='ocrx_word' id='word_1_433' title='bbox 3057 3127 3112 3174; x_wconf 90' lang='lat' dir='ltr'><strong>et</strong></span> <span class='ocrx_word' id='word_1_434' title='bbox 3172 3118 3272 3189; x_wconf 91' lang='lat' dir='ltr'><strong>ipsi</strong></span> <span class='ocrx_word' id='word_1_435' title='bbox 3325 3118 3598 3188; x_wconf 59' lang='lat' dir='ltr'><strong>deinceps.</strong></span> 
     </span>
    </p>
   </div>
   <div class='ocr_carea' id='block_1_61' title="bbox 300 3211 1887 3284">
    <p class='ocr_par' dir='ltr' id='par_1_61' title="bbox 300 3211 1887 3284">
     <span class='ocr_line' id='line_1_61' title="bbox 300 3211 1887 3284; baseline 0.006 -23"><span class='ocrx_word' id='word_1_436' title='bbox 300 3211 563 3272; x_wconf 75' lang='grc' dir='ltr'>Σατανᾶς</span> <span class='ocrx_word' id='word_1_437' title='bbox 605 3211 884 3279; x_wconf 73' lang='grc' dir='ltr'>πειράζων</span> <span class='ocrx_word' id='word_1_438' title='bbox 917 3214 974 3264; x_wconf 82' lang='grc' dir='ltr'><strong>ἐν</strong></span> <span class='ocrx_word' id='word_1_439' title='bbox 1021 3216 1088 3284; x_wconf 81' lang='grc' dir='ltr'>τῇ</span> <span class='ocrx_word' id='word_1_440' title='bbox 1136 3215 1352 3282; x_wconf 64' lang='grc' dir='ltr'>ἐρήμῳ,</span> <span class='ocrx_word' id='word_1_441' title='bbox 1403 3216 1688 3284; x_wconf 84' lang='grc' dir='ltr'>γραφικῶς</span> <span class='ocrx_word' id='word_1_442' title='bbox 1723 3217 1887 3270; x_wconf 79' lang='grc' dir='ltr'>διελέ·</span> 
     </span>
    </p>
   </div>
   <div class='ocr_carea' id='block_1_62' title="bbox 300 3302 1891 3378">
    <p class='ocr_par' dir='ltr' id='par_1_62' title="bbox 300 3302 1891 3378">
     <span class='ocr_line' id='line_1_62' title="bbox 300 3302 1891 3378; baseline 0.005 -26"><span class='ocrx_word' id='word_1_443' title='bbox 300 3319 446 3371; x_wconf 76' lang='grc' dir='ltr'>γετο</span> <span class='ocrx_word' id='word_1_444' title='bbox 477 3319 492 3332; x_wconf 78' lang='grc' dir='ltr'><strong>ο</strong></span> <span class='ocrx_word' id='word_1_445' title='bbox 537 3302 630 3354; x_wconf 76' lang='grc' dir='ltr'><strong>καί</strong></span> <span class='ocrx_word' id='word_1_446' title='bbox 681 3319 792 3355; x_wconf 81' lang='grc' dir='ltr'>τισι</span> <span class='ocrx_word' id='word_1_447' title='bbox 827 3302 934 3354; x_wconf 90' lang='grc' dir='ltr'><strong>τῶν</strong></span> <span class='ocrx_word' id='word_1_448' title='bbox 981 3305 1158 3369; x_wconf 79' lang='grc' dir='ltr'>ἁγίων</span> <span class='ocrx_word' id='word_1_449' title='bbox 1198 3307 1452 3376; x_wconf 81' lang='grc' dir='ltr'>Πατρῶν,</span> <span class='ocrx_word' id='word_1_450' title='bbox 1498 3309 1576 3370; x_wconf 76' lang='grc' dir='ltr'><strong>είς</strong></span> <span class='ocrx_word' id='word_1_451' title='bbox 1613 3308 1673 3360; x_wconf 79' lang='grc' dir='ltr'><strong>τὸ</strong></span> <span class='ocrx_word' id='word_1_452' title='bbox 1703 3325 1891 3378; x_wconf 83' lang='grc' dir='ltr'>γερον-</span> 
     </span>
    </p>
   </div>
   <div class='ocr_carea' id='block_1_63' title="bbox 305 3396 1889 3471">
    <p class='ocr_par' dir='ltr' id='par_1_63' title="bbox 305 3396 1889 3471">
     <span class='ocr_line' id='line_1_63' title="bbox 305 3396 1889 3471; baseline 0.004 -23"><span class='ocrx_word' id='word_1_453' title='bbox 305 3397 473 3449; x_wconf 50' lang='lat' dir='ltr'><strong>mihi:</strong></span> <span class='ocrx_word' id='word_1_454' title='bbox 501 3396 698 3466; x_wconf 66' lang='grc' dir='ltr'>γράφει</span> <span class='ocrx_word' id='word_1_455' title='bbox 722 3396 829 3448; x_wconf 76' lang='grc' dir='ltr'>ἀπὸ</span> <span class='ocrx_word' id='word_1_456' title='bbox 858 3396 950 3448; x_wconf 84' lang='grc' dir='ltr'><strong>τοῦ</strong></span> <span class='ocrx_word' id='word_1_457' title='bbox 983 3397 1278 3467; x_wconf 76' lang='grc' dir='ltr'>Ψαλτῆρος</span> <span class='ocrx_word' id='word_1_458' title='bbox 1314 3399 1502 3468; x_wconf 79' lang='grc' dir='ltr'>σχῆμα</span> <span class='ocrx_word' id='word_1_459' title='bbox 1529 3401 1624 3452; x_wconf 86' lang='grc' dir='ltr'><strong>τοῦ</strong></span> <span class='ocrx_word' id='word_1_460' title='bbox 1651 3401 1889 3471; x_wconf 75' lang='grc' dir='ltr'>μοναχοῦ</span> 
     </span>
    </p>
   </div>
   <div class='ocr_carea' id='block_1_64' title="bbox 307 3485 1891 3560">
    <p class='ocr_par' dir='ltr' id='par_1_64' title="bbox 307 3485 1891 3560">
     <span class='ocr_line' id='line_1_64' title="bbox 307 3485 1891 3560; baseline 0.003 -21"><span class='ocrx_word' id='word_1_461' title='bbox 307 3485 763 3554; x_wconf 75' lang='grc' dir='ltr'>ὑποκρινόμενος,</span> <span class='ocrx_word' id='word_1_462' title='bbox 804 3485 1074 3556; x_wconf 80' lang='grc' dir='ltr'><strong>διελέχθη.</strong></span> <span class='ocrx_word' id='word_1_463' title='bbox 1134 3488 1242 3539; x_wconf 77' lang='grc' dir='ltr'><strong>Καὶ</strong></span> <span class='ocrx_word' id='word_1_464' title='bbox 1271 3490 1498 3558; x_wconf 76' lang='grc' dir='ltr'>τοιαύτη</span> <span class='ocrx_word' id='word_1_465' title='bbox 1526 3489 1674 3543; x_wconf 77' lang='grc' dir='ltr'>ἐστὶν</span> <span class='ocrx_word' id='word_1_466' title='bbox 1719 3492 1752 3560; x_wconf 77' lang='grc' dir='ltr'>ἡ</span> <span class='ocrx_word' id='word_1_467' title='bbox 1790 3508 1891 3544; x_wconf 82' lang='grc' dir='ltr'>πα-</span> 
     </span>
    </p>
   </div>
   <div class='ocr_carea' id='block_1_65' title="bbox 305 3577 1892 3652">
    <p class='ocr_par' dir='ltr' id='par_1_65' title="bbox 305 3577 1892 3652">
     <span class='ocr_line' id='line_1_65' title="bbox 305 3577 1892 3652; baseline 0.005 -24"><span class='ocrx_word' id='word_1_468' title='bbox 305 3578 545 3648; x_wconf 76' lang='grc' dir='ltr'>νουργία</span> <span class='ocrx_word' id='word_1_469' title='bbox 597 3577 691 3630; x_wconf 88' lang='grc' dir='ltr'><strong>τοῦ</strong></span> <span class='ocrx_word' id='word_1_470' title='bbox 746 3579 1021 3642; x_wconf 84' lang='grc' dir='ltr'>διαϐόλου,</span> <span class='ocrx_word' id='word_1_471' title='bbox 1060 3578 1147 3632; x_wconf 85' lang='grc' dir='ltr'><strong>ἵνα</strong></span> <span class='ocrx_word' id='word_1_472' title='bbox 1199 3579 1286 3633; x_wconf 78' lang='grc' dir='ltr'>διὰ</span> <span class='ocrx_word' id='word_1_473' title='bbox 1334 3581 1608 3652; x_wconf 80' lang='grc' dir='ltr'>διαφόρων</span> <span class='ocrx_word' id='word_1_474' title='bbox 1659 3583 1892 3652; x_wconf 82' lang='grc' dir='ltr'>Γραφῶν</span> 
     </span>
    </p>
   </div>
   <div class='ocr_carea' id='block_1_66' title="bbox 299 3668 1890 3741">
    <p class='ocr_par' dir='ltr' id='par_1_66' title="bbox 299 3668 1890 3741">
     <span class='ocr_line' id='line_1_66' title="bbox 299 3668 1890 3741; baseline 0.003 -22"><span class='ocrx_word' id='word_1_475' title='bbox 299 3668 547 3740; x_wconf 79' lang='grc' dir='ltr'>δελεάσῃ</span> <span class='ocrx_word' id='word_1_476' title='bbox 591 3669 744 3731; x_wconf 81' lang='grc' dir='ltr'>τινάς</span> <span class='ocrx_word' id='word_1_477' title='bbox 794 3668 904 3721; x_wconf 89' lang='grc' dir='ltr'><strong>τῶν</strong></span> <span class='ocrx_word' id='word_1_478' title='bbox 951 3668 1044 3722; x_wconf 91' lang='grc' dir='ltr'><strong>τοῦ</strong></span> <span class='ocrx_word' id='word_1_479' title='bbox 1096 3669 1234 3722; x_wconf 86' lang='grc' dir='ltr'>Θεοῦ</span> <span class='ocrx_word' id='word_1_480' title='bbox 1277 3669 1514 3723; x_wconf 83' lang='grc' dir='ltr'>δούλων·</span> <span class='ocrx_word' id='word_1_481' title='bbox 1558 3672 1734 3735; x_wconf 84' lang='grc' dir='ltr'>ἄλλως</span> <span class='ocrx_word' id='word_1_482' title='bbox 1780 3674 1890 3741; x_wconf 79' lang='grc' dir='ltr'><strong>γὰρ</strong></span> 
     </span>
    </p>
   </div>
   <div class='ocr_carea' id='block_1_67' title="bbox 300 3759 1890 3832">
    <p class='ocr_par' dir='ltr' id='par_1_67' title="bbox 300 3759 1890 3832">
     <span class='ocr_line' id='line_1_67' title="bbox 300 3759 1890 3832; baseline 0.004 -22"><span class='ocrx_word' id='word_1_483' title='bbox 300 3759 698 3830; x_wconf 79' lang='grc' dir='ltr'>ἁποπλανῆσαί</span> <span class='ocrx_word' id='word_1_484' title='bbox 740 3777 912 3826; x_wconf 89' lang='grc' dir='ltr'>τινας,</span> <span class='ocrx_word' id='word_1_485' title='bbox 957 3762 1006 3813; x_wconf 89' lang='grc' dir='ltr'><strong>εί</strong></span> <span class='ocrx_word' id='word_1_486' title='bbox 1058 3761 1135 3831; x_wconf 81' lang='grc' dir='ltr'><strong>μὴ</strong></span> <span class='ocrx_word' id='word_1_487' title='bbox 1170 3759 1341 3814; x_wconf 84' lang='grc' dir='ltr'>ταῦτα</span> <span class='ocrx_word' id='word_1_488' title='bbox 1382 3761 1770 3832; x_wconf 79' lang='grc' dir='ltr'>προϐάλλεται,</span> <span class='ocrx_word' id='word_1_489' title='bbox 1825 3764 1890 3817; x_wconf 85' lang='grc' dir='ltr'><strong>ού</strong></span> 
     </span>
    </p>
   </div>
   <div class='ocr_carea' id='block_1_68' title="bbox 299 3865 563 3902">
    <p class='ocr_par' dir='ltr' id='par_1_68' title="bbox 299 3865 563 3902">
     <span class='ocr_line' id='line_1_68' title="bbox 299 3865 563 3902; baseline 0 0"><span class='ocrx_word' id='word_1_490' title='bbox 299 3865 563 3902; x_wconf 72' lang='grc' dir='ltr'>ονναται.</span> 
     </span>
    </p>
   </div>
   <div class='ocr_carea' id='block_1_69' title="bbox 384 4125 1886 4202">
    <p class='ocr_par' dir='ltr' id='par_1_69' title="bbox 384 4125 1886 4202">
     <span class='ocr_line' id='line_1_69' title="bbox 384 4125 1886 4202; baseline -0.003 -18"><span class='ocrx_word' id='word_1_491' title='bbox 384 4131 625 4194; x_wconf 80' lang='grc' dir='ltr'>Τούτους</span> <span class='ocrx_word' id='word_1_492' title='bbox 651 4132 806 4199; x_wconf 73' lang='grc' dir='ltr'>γοῦν,</span> <span class='ocrx_word' id='word_1_493' title='bbox 858 4130 953 4194; x_wconf 81' lang='grc' dir='ltr'>οὓς</span> <span class='ocrx_word' id='word_1_494' title='bbox 995 4125 1178 4199; x_wconf 74' lang='grc' dir='ltr'>εὖρον,</span> <span class='ocrx_word' id='word_1_495' title='bbox 1234 4131 1510 4202; x_wconf 80' lang='grc' dir='ltr'>τέσσαρας</span> <span class='ocrx_word' id='word_1_496' title='bbox 1563 4132 1777 4196; x_wconf 74' lang='grc' dir='ltr'>ἀσεϐεῖς</span> <span class='ocrx_word' id='word_1_497' title='bbox 1805 4133 1886 4186; x_wconf 75' lang='grc' dir='ltr'>διρ</span> 
     </span>
    </p>
   </div>
   <div class='ocr_carea' id='block_1_70' title="bbox 300 4227 1886 4299">
    <p class='ocr_par' dir='ltr' id='par_1_70' title="bbox 300 4227 1886 4299">
     <span class='ocr_line' id='line_1_70' title="bbox 300 4227 1886 4299; baseline -0.003 -15"><span class='ocrx_word' id='word_1_498' title='bbox 300 4229 616 4290; x_wconf 79' lang='grc' dir='ltr'>δασκάλους</span> <span class='ocrx_word' id='word_1_499' title='bbox 650 4232 706 4282; x_wconf 81' lang='grc' dir='ltr'>ἐν</span> <span class='ocrx_word' id='word_1_500' title='bbox 734 4231 798 4297; x_wconf 77' lang='grc' dir='ltr'><strong>τῇ</strong></span> <span class='ocrx_word' id='word_1_501' title='bbox 843 4227 1264 4299; x_wconf 72' lang='grc' dir='ltr'>προδηλωθείσῃ</span> <span class='ocrx_word' id='word_1_502' title='bbox 1288 4231 1424 4298; x_wconf 81' lang='grc' dir='ltr'>μονῇ</span> <span class='ocrx_word' id='word_1_503' title='bbox 1454 4229 1555 4294; x_wconf 83' lang='grc' dir='ltr'>τῆς</span> <span class='ocrx_word' id='word_1_504' title='bbox 1616 4229 1886 4296; x_wconf 83' lang='grc' dir='ltr'>Περιϐλέ-</span> 
     </span>
    </p>
   </div>
   <div class='ocr_carea' id='block_1_71' title="bbox 306 4321 1884 4392">
    <p class='ocr_par' dir='ltr' id='par_1_71' title="bbox 306 4321 1884 4392">
     <span class='ocr_line' id='line_1_71' title="bbox 306 4321 1884 4392; baseline 0.001 -18"><span class='ocrx_word' id='word_1_505' title='bbox 306 4339 450 4374; x_wconf 69' lang='lat' dir='ltr'><strong>mou</strong></span> <span class='ocrx_word' id='word_1_506' title='bbox 515 4323 864 4392; x_wconf 78' lang='grc' dir='ltr'>φανερώσας,</span> <span class='ocrx_word' id='word_1_507' title='bbox 907 4324 1002 4374; x_wconf 74' lang='grc' dir='ltr'><strong>καὶ</strong></span> <span class='ocrx_word' id='word_1_508' title='bbox 1058 4324 1431 4392; x_wconf 75' lang='grc' dir='ltr'>χωρισθέντας</span> <span class='ocrx_word' id='word_1_509' title='bbox 1463 4321 1560 4374; x_wconf 83' lang='grc' dir='ltr'>ἀπ’</span> <span class='ocrx_word' id='word_1_510' title='bbox 1613 4323 1884 4392; x_wconf 71' lang='grc' dir='ltr'>ἀλλήλων,</span> 
     </span>
    </p>
   </div>
   <div class='ocr_carea' id='block_1_72' title="bbox 307 4412 1884 4485">
    <p class='ocr_par' dir='ltr' id='par_1_72' title="bbox 307 4412 1884 4485">
     <span class='ocr_line' id='line_1_72' title="bbox 307 4412 1884 4485; baseline -0.003 -17"><span class='ocrx_word' id='word_1_511' title='bbox 307 4417 419 4485; x_wconf 69' lang='grc' dir='ltr'>ἰδίᾳ</span> <span class='ocrx_word' id='word_1_512' title='bbox 471 4415 704 4467; x_wconf 72' lang='grc' dir='ltr'>ἕκαστον</span> <span class='ocrx_word' id='word_1_513' title='bbox 762 4414 943 4465; x_wconf 65' lang='grc' dir='ltr'>αὐτῶν</span> <span class='ocrx_word' id='word_1_514' title='bbox 992 4412 1244 4481; x_wconf 79' lang='grc' dir='ltr'>φανερῶς</span> <span class='ocrx_word' id='word_1_515' title='bbox 1274 4414 1406 4482; x_wconf 79' lang='grc' dir='ltr'><strong>ἡμῖν</strong></span> <span class='ocrx_word' id='word_1_516' title='bbox 1435 4413 1675 4476; x_wconf 80' lang='grc' dir='ltr'>ἐξειπεῖν</span> <span class='ocrx_word' id='word_1_517' title='bbox 1714 4430 1884 4482; x_wconf 84' lang='grc' dir='ltr'>κατη-</span> 
     </span>
    </p>
   </div>
   <div class='ocr_carea' id='block_1_73' title="bbox 1996 3207 3582 3282">
    <p class='ocr_par' dir='ltr' id='par_1_73' title="bbox 1996 3207 3582 3282">
     <span class='ocr_line' id='line_1_73' title="bbox 1996 3207 3582 3282; baseline -0.004 -10"><span class='ocrx_word' id='word_1_518' title='bbox 1996 3217 2122 3272; x_wconf 78' lang='lat' dir='ltr'><strong>fassi</strong></span> <span class='ocrx_word' id='word_1_519' title='bbox 2154 3225 2300 3271; x_wconf 90' lang='lat' dir='ltr'><strong>sunt.</strong></span> <span class='ocrx_word' id='word_1_520' title='bbox 2349 3216 2562 3270; x_wconf 71' lang='lat' dir='ltr'><strong>Iitcnim</strong></span> <span class='ocrx_word' id='word_1_521' title='bbox 2595 3215 2647 3268; x_wconf 92' lang='lat' dir='ltr'><strong>in</strong></span> <span class='ocrx_word' id='word_1_522' title='bbox 2697 3215 2879 3267; x_wconf 67' lang='lat' dir='ltr'><strong>divina</strong></span> <span class='ocrx_word' id='word_1_523' title='bbox 2940 3211 3216 3282; x_wconf 85' lang='lat' dir='ltr'><strong>Scriptura</strong></span> <span class='ocrx_word' id='word_1_524' title='bbox 3251 3226 3360 3265; x_wconf 89' lang='lat' dir='ltr'><strong>non</strong></span> <span class='ocrx_word' id='word_1_525' title='bbox 3414 3207 3582 3265; x_wconf 79' lang='lat' dir='ltr'><strong>semel</strong></span> 
     </span>
    </p>
   </div>
   <div class='ocr_carea' id='block_1_74' title="bbox 1993 3302 3582 3377">
    <p class='ocr_par' dir='ltr' id='par_1_74' title="bbox 1993 3302 3582 3377">
     <span class='ocr_line' id='line_1_74' title="bbox 1993 3302 3582 3377; baseline -0.006 -13"><span class='ocrx_word' id='word_1_526' title='bbox 1993 3308 2284 3374; x_wconf 61' lang='lat' dir='ltr'><strong>invenitur,</strong></span> <span class='ocrx_word' id='word_1_527' title='bbox 2319 3309 2463 3377; x_wconf 81' lang='lat' dir='ltr'><strong>quoi</strong></span> <span class='ocrx_word' id='word_1_528' title='bbox 2510 3305 2740 3361; x_wconf 84' lang='lat' dir='ltr'><strong>Satanas</strong></span> <span class='ocrx_word' id='word_1_529' title='bbox 2769 3306 2823 3358; x_wconf 93' lang='lat' dir='ltr'><strong>in</strong></span> <span class='ocrx_word' id='word_1_530' title='bbox 2879 3321 3064 3358; x_wconf 71' lang='lat' dir='ltr'><strong>eremo</strong></span> <span class='ocrx_word' id='word_1_531' title='bbox 3125 3313 3342 3358; x_wconf 86' lang='lat' dir='ltr'><strong>teutans</strong></span> <span class='ocrx_word' id='word_1_532' title='bbox 3393 3302 3582 3356; x_wconf 86' lang='lat' dir='ltr'><strong>Domi-</strong></span> 
     </span>
    </p>
   </div>
   <div class='ocr_carea' id='block_1_75' title="bbox 1993 3395 3578 3465">
    <p class='ocr_par' dir='ltr' id='par_1_75' title="bbox 1993 3395 3578 3465">
     <span class='ocr_line' id='line_1_75' title="bbox 1993 3395 3578 3465; baseline -0.007 -10"><span class='ocrx_word' id='word_1_533' title='bbox 1993 3418 2126 3456; x_wconf 89' lang='lat' dir='ltr'><strong>num</strong></span> <span class='ocrx_word' id='word_1_534' title='bbox 2158 3412 2404 3456; x_wconf 88' lang='lat' dir='ltr'><strong>nostrum</strong></span> <span class='ocrx_word' id='word_1_535' title='bbox 2461 3403 2646 3458; x_wconf 81' lang='lat' dir='ltr'><strong>Jesum</strong></span> <span class='ocrx_word' id='word_1_536' title='bbox 2684 3398 2960 3453; x_wconf 85' lang='lat' dir='ltr'><strong>Christum</strong></span> <span class='ocrx_word' id='word_1_537' title='bbox 3026 3395 3428 3465; x_wconf 81' lang='lat' dir='ltr'><strong>scripturaliter</strong></span> <span class='ocrx_word' id='word_1_538' title='bbox 3457 3410 3578 3448; x_wconf 87' lang='lat' dir='ltr'><strong>cum</strong></span> 
     </span>
    </p>
   </div>
   <div class='ocr_carea' id='block_1_76' title="bbox 1993 3486 3577 3561">
    <p class='ocr_par' dir='ltr' id='par_1_76' title="bbox 1993 3486 3577 3561">
     <span class='ocr_line' id='line_1_76' title="bbox 1993 3486 3577 3561; baseline -0.006 -15"><span class='ocrx_word' id='word_1_539' title='bbox 1993 3507 2060 3546; x_wconf 92' lang='lat' dir='ltr'><strong>eo</strong></span> <span class='ocrx_word' id='word_1_540' title='bbox 2091 3491 2432 3561; x_wconf 87' lang='lat' dir='ltr'><strong>loquebatur,</strong></span> <span class='ocrx_word' id='word_1_541' title='bbox 2469 3499 2524 3544; x_wconf 90' lang='lat' dir='ltr'><strong>et</strong></span> <span class='ocrx_word' id='word_1_542' title='bbox 2547 3489 2601 3542; x_wconf 88' lang='lat' dir='ltr'><strong>in</strong></span> <span class='ocrx_word' id='word_1_543' title='bbox 2631 3489 2911 3542; x_wconf 78' lang='lat' dir='ltr'><strong>seniorum</strong></span> <span class='ocrx_word' id='word_1_544' title='bbox 2946 3487 3071 3541; x_wconf 80' lang='lat' dir='ltr'><strong>vitis</strong></span> <span class='ocrx_word' id='word_1_545' title='bbox 3103 3486 3390 3549; x_wconf 86' lang='lat' dir='ltr'><strong>scribitur,</strong></span> <span class='ocrx_word' id='word_1_546' title='bbox 3417 3501 3577 3539; x_wconf 80' lang='lat' dir='ltr'><strong>euin-</strong></span> 
     </span>
    </p>
   </div>
   <div class='ocr_carea' id='block_1_77' title="bbox 1993 3578 3580 3636">
    <p class='ocr_par' dir='ltr' id='par_1_77' title="bbox 1993 3578 3580 3636">
     <span class='ocr_line' id='line_1_77' title="bbox 1993 3578 3580 3636; baseline -0.005 0"><span class='ocrx_word' id='word_1_547' title='bbox 1993 3584 2114 3636; x_wconf 86' lang='lat' dir='ltr'><strong>dem</strong></span> <span class='ocrx_word' id='word_1_548' title='bbox 2134 3583 2384 3636; x_wconf 82' lang='lat' dir='ltr'><strong>monachi</strong></span> <span class='ocrx_word' id='word_1_549' title='bbox 2409 3582 2652 3636; x_wconf 83' lang='lat' dir='ltr'><strong>habitum</strong></span> <span class='ocrx_word' id='word_1_550' title='bbox 2680 3596 2800 3634; x_wconf 91' lang='lat' dir='ltr'><strong>cum</strong></span> <span class='ocrx_word' id='word_1_551' title='bbox 2832 3580 3088 3634; x_wconf 86' lang='lat' dir='ltr'><strong>Psalterio</strong></span> <span class='ocrx_word' id='word_1_552' title='bbox 3110 3578 3424 3632; x_wconf 88' lang='lat' dir='ltr'><strong>simulatum</strong></span> <span class='ocrx_word' id='word_1_553' title='bbox 3453 3590 3580 3629; x_wconf 86' lang='lat' dir='ltr'><strong>cum</strong></span> 
     </span>
    </p>
   </div>
   <div class='ocr_carea' id='block_1_78' title="bbox 1992 3666 3581 3745">
    <p class='ocr_par' dir='ltr' id='par_1_78' title="bbox 1992 3666 3581 3745">
     <span class='ocr_line' id='line_1_78' title="bbox 1992 3666 3581 3745; baseline -0.008 -18"><span class='ocrx_word' id='word_1_554' title='bbox 1992 3677 2315 3745; x_wconf 87' lang='lat' dir='ltr'><strong>quibusdam</strong></span> <span class='ocrx_word' id='word_1_555' title='bbox 2353 3690 2418 3728; x_wconf 82' lang='lat' dir='ltr'><strong>ex</strong></span> <span class='ocrx_word' id='word_1_556' title='bbox 2463 3672 2688 3728; x_wconf 67' lang='lat' dir='ltr'><strong>sanctis</strong></span> <span class='ocrx_word' id='word_1_557' title='bbox 2715 3671 2966 3724; x_wconf 82' lang='lat' dir='ltr'><strong>Patribus</strong></span> <span class='ocrx_word' id='word_1_558' title='bbox 3023 3666 3369 3723; x_wconf 85' lang='lat' dir='ltr'><strong>disseruisse.</strong></span> <span class='ocrx_word' id='word_1_559' title='bbox 3403 3667 3581 3733; x_wconf 77' lang='lat' dir='ltr'><strong>Atque</strong></span> 
     </span>
    </p>
   </div>
   <div class='ocr_carea' id='block_1_79' title="bbox 1996 3759 3579 3834">
    <p class='ocr_par' dir='ltr' id='par_1_79' title="bbox 1996 3759 3579 3834">
     <span class='ocr_line' id='line_1_79' title="bbox 1996 3759 3579 3834; baseline -0.005 -14"><span class='ocrx_word' id='word_1_560' title='bbox 1996 3771 2113 3820; x_wconf 70' lang='lat' dir='ltr'><strong>haec</strong></span> <span class='ocrx_word' id='word_1_561' title='bbox 2155 3778 2239 3821; x_wconf 92' lang='lat' dir='ltr'><strong>est</strong></span> <span class='ocrx_word' id='word_1_562' title='bbox 2271 3767 2431 3834; x_wconf 81' lang='lat' dir='ltr'><strong>plane</strong></span> <span class='ocrx_word' id='word_1_563' title='bbox 2477 3767 2675 3821; x_wconf 86' lang='lat' dir='ltr'><strong>diaboli</strong></span> <span class='ocrx_word' id='word_1_564' title='bbox 2713 3764 2998 3825; x_wconf 83' lang='lat' dir='ltr'><strong>calliditas,</strong></span> <span class='ocrx_word' id='word_1_565' title='bbox 3061 3774 3120 3815; x_wconf 90' lang='lat' dir='ltr'><strong>ut</strong></span> <span class='ocrx_word' id='word_1_566' title='bbox 3175 3777 3273 3830; x_wconf 89' lang='lat' dir='ltr'><strong>per</strong></span> <span class='ocrx_word' id='word_1_567' title='bbox 3334 3759 3579 3814; x_wconf 76' lang='lat' dir='ltr'><strong>diversas</strong></span> 
     </span>
    </p>
   </div>
   <div class='ocr_carea' id='block_1_80' title="bbox 1999 3851 3579 3926">
    <p class='ocr_par' dir='ltr' id='par_1_80' title="bbox 1999 3851 3579 3926">
     <span class='ocr_line' id='line_1_80' title="bbox 1999 3851 3579 3926; baseline -0.005 -14"><span class='ocrx_word' id='word_1_568' title='bbox 1999 3859 2330 3926; x_wconf 80' lang='lat' dir='ltr'><strong>Scripturas,</strong></span> <span class='ocrx_word' id='word_1_569' title='bbox 2369 3867 2624 3923; x_wconf 88' lang='lat' dir='ltr'><strong>tauquam</strong></span> <span class='ocrx_word' id='word_1_570' title='bbox 2648 3869 2822 3916; x_wconf 89' lang='lat' dir='ltr'><strong>escas,</strong></span> <span class='ocrx_word' id='word_1_571' title='bbox 2862 3851 3126 3920; x_wconf 85' lang='lat' dir='ltr'><strong>quosdam</strong></span> <span class='ocrx_word' id='word_1_572' title='bbox 3171 3869 3235 3906; x_wconf 82' lang='lat' dir='ltr'><strong>ex</strong></span> <span class='ocrx_word' id='word_1_573' title='bbox 3277 3851 3372 3905; x_wconf 87' lang='lat' dir='ltr'><strong>Dei</strong></span> <span class='ocrx_word' id='word_1_574' title='bbox 3404 3852 3579 3906; x_wconf 80' lang='lat' dir='ltr'><strong>servis</strong></span> 
     </span>
    </p>
   </div>
   <div class='ocr_carea' id='block_1_81' title="bbox 1997 3944 3589 4014">
    <p class='ocr_par' dir='ltr' id='par_1_81' title="bbox 1997 3944 3589 4014">
     <span class='ocr_line' id='line_1_81' title="bbox 1997 3944 3589 4014; baseline -0.003 -10"><span class='ocrx_word' id='word_1_575' title='bbox 1997 3951 2243 4012; x_wconf 83' lang='lat' dir='ltr'><strong>seducat,</strong></span> <span class='ocrx_word' id='word_1_576' title='bbox 2277 3947 2551 4002; x_wconf 87' lang='lat' dir='ltr'><strong>nemiuem</strong></span> <span class='ocrx_word' id='word_1_577' title='bbox 2596 3947 2764 4012; x_wconf 86' lang='lat' dir='ltr'><strong>enim,</strong></span> <span class='ocrx_word' id='word_1_578' title='bbox 2808 3945 2911 3999; x_wconf 87' lang='lat' dir='ltr'><strong>nisi</strong></span> <span class='ocrx_word' id='word_1_579' title='bbox 2949 3944 3063 3999; x_wconf 69' lang='lat' dir='ltr'><strong>haec</strong></span> <span class='ocrx_word' id='word_1_580' title='bbox 3092 3944 3345 4014; x_wconf 63' lang='lat' dir='ltr'><strong>praeferat</strong></span> <span class='ocrx_word' id='word_1_581' title='bbox 3375 3983 3391 4009; x_wconf 91' lang='lat'><strong>,</strong></span> <span class='ocrx_word' id='word_1_582' title='bbox 3436 3944 3589 3999; x_wconf 68' lang='lat' dir='ltr'><strong>valet</strong></span> 
     </span>
    </p>
   </div>
   <div class='ocr_carea' id='block_1_82' title="bbox 1992 4040 2269 4109">
    <p class='ocr_par' dir='ltr' id='par_1_82' title="bbox 1992 4040 2269 4109">
     <span class='ocr_line' id='line_1_82' title="bbox 1992 4040 2269 4109; baseline -0.018 -14"><span class='ocrx_word' id='word_1_583' title='bbox 1992 4040 2110 4095; x_wconf 79' lang='lat' dir='ltr'><strong>deci</strong></span> <span class='ocrx_word' id='word_1_584' title='bbox 2121 4055 2269 4109; x_wconf 86' lang='lat' dir='ltr'><strong>pere.-</strong></span> 
     </span>
    </p>
   </div>
   <div class='ocr_carea' id='block_1_83' title="bbox 2056 4127 3581 4199">
    <p class='ocr_par' dir='ltr' id='par_1_83' title="bbox 2056 4127 3581 4199">
     <span class='ocr_line' id='line_1_83' title="bbox 2056 4127 3581 4199; baseline -0.003 -13"><span class='ocrx_word' id='word_1_585' title='bbox 2056 4132 2190 4186; x_wconf 76' lang='lat' dir='ltr'><strong>Cum</strong></span> <span class='ocrx_word' id='word_1_586' title='bbox 2226 4132 2407 4198; x_wconf 75' lang='lat' dir='ltr'><strong>itaque</strong></span> <span class='ocrx_word' id='word_1_587' title='bbox 2441 4129 2539 4182; x_wconf 92' lang='lat' dir='ltr'><strong>hos</strong></span> <span class='ocrx_word' id='word_1_588' title='bbox 2562 4137 2793 4197; x_wconf 86' lang='lat' dir='ltr'><strong>quatuor</strong></span> <span class='ocrx_word' id='word_1_589' title='bbox 2829 4127 3024 4197; x_wconf 83' lang='lat' dir='ltr'><strong>impios</strong></span> <span class='ocrx_word' id='word_1_590' title='bbox 3059 4127 3370 4199; x_wconf 76' lang='lat' dir='ltr'><strong>magistros,</strong></span> <span class='ocrx_word' id='word_1_591' title='bbox 3443 4142 3581 4197; x_wconf 82' lang='lat' dir='ltr'><strong>quos</strong></span> 
     </span>
    </p>
   </div>
   <div class='ocr_carea' id='block_1_84' title="bbox 1989 4219 3579 4292">
    <p class='ocr_par' dir='ltr' id='par_1_84' title="bbox 1989 4219 3579 4292">
     <span class='ocr_line' id='line_1_84' title="bbox 1989 4219 3579 4292; baseline -0.003 -16"><span class='ocrx_word' id='word_1_592' title='bbox 1989 4223 2043 4277; x_wconf 91' lang='lat' dir='ltr'><strong>in</strong></span> <span class='ocrx_word' id='word_1_593' title='bbox 2094 4221 2318 4292; x_wconf 78' lang='lat' dir='ltr'><strong>praefato</strong></span> <span class='ocrx_word' id='word_1_594' title='bbox 2371 4221 2704 4274; x_wconf 81' lang='lat' dir='ltr'><strong>monasterio</strong></span> <span class='ocrx_word' id='word_1_595' title='bbox 2740 4219 3056 4289; x_wconf 67' lang='lat' dir='ltr'><strong>Pcriblepltl’.</strong></span> <span class='ocrx_word' id='word_1_596' title='bbox 3091 4219 3367 4280; x_wconf 86' lang='lat' dir='ltr'><strong>adinveni.</strong></span> <span class='ocrx_word' id='word_1_597' title='bbox 3425 4223 3579 4272; x_wconf 80' lang='lat' dir='ltr'><strong>dcte-</strong></span> 
     </span>
    </p>
   </div>
   <div class='ocr_carea' id='block_1_85' title="bbox 1989 4311 3574 4386">
    <p class='ocr_par' dir='ltr' id='par_1_85' title="bbox 1989 4311 3574 4386">
     <span class='ocr_line' id='line_1_85' title="bbox 1989 4311 3574 4386; baseline -0.004 -15"><span class='ocrx_word' id='word_1_598' title='bbox 1989 4317 2214 4386; x_wconf 77' lang='lat' dir='ltr'><strong>gissem,</strong></span> <span class='ocrx_word' id='word_1_599' title='bbox 2251 4325 2303 4370; x_wconf 86' lang='lat' dir='ltr'><strong>ct</strong></span> <span class='ocrx_word' id='word_1_600' title='bbox 2329 4316 2560 4368; x_wconf 87' lang='lat' dir='ltr'><strong>altermn</strong></span> <span class='ocrx_word' id='word_1_601' title='bbox 2603 4313 2672 4365; x_wconf 89' lang='lat' dir='ltr'><strong>ab</strong></span> <span class='ocrx_word' id='word_1_602' title='bbox 2705 4314 2876 4366; x_wconf 88' lang='lat' dir='ltr'><strong>altero</strong></span> <span class='ocrx_word' id='word_1_603' title='bbox 2907 4311 3293 4382; x_wconf 79' lang='lat' dir='ltr'><strong>sejunxissem,</strong></span> <span class='ocrx_word' id='word_1_604' title='bbox 3327 4325 3392 4366; x_wconf 82' lang='lat' dir='ltr'><strong>ea</strong></span> <span class='ocrx_word' id='word_1_605' title='bbox 3453 4326 3574 4380; x_wconf 71' lang='lat' dir='ltr'><strong>quae</strong></span> 
     </span>
    </p>
   </div>
   <div class='ocr_carea' id='block_1_86' title="bbox 1989 4399 3579 4473">
    <p class='ocr_par' dir='ltr' id='par_1_86' title="bbox 1989 4399 3579 4473">
     <span class='ocr_line' id='line_1_86' title="bbox 1989 4399 3579 4473; baseline -0.004 -13"><span class='ocrx_word' id='word_1_606' title='bbox 1989 4421 2176 4460; x_wconf 91' lang='lat' dir='ltr'><strong>eorum</strong></span> <span class='ocrx_word' id='word_1_607' title='bbox 2229 4405 2460 4473; x_wconf 78' lang='lat' dir='ltr'><strong>quisque</strong></span> <span class='ocrx_word' id='word_1_608' title='bbox 2505 4401 2796 4463; x_wconf 75' lang='lat' dir='ltr'><strong>sentiebat,</strong></span> <span class='ocrx_word' id='word_1_609' title='bbox 2858 4400 3136 4464; x_wconf 77' lang='lat' dir='ltr'><strong>seorsim,‘</strong></span> <span class='ocrx_word' id='word_1_610' title='bbox 3168 4415 3232 4455; x_wconf 91' lang='lat' dir='ltr'><strong>ac</strong></span> <span class='ocrx_word' id='word_1_611' title='bbox 3289 4399 3579 4454; x_wconf 83' lang='lat' dir='ltr'><strong>manifeste</strong></span> 
     </span>
    </p>
   </div>
   <div class='ocr_carea' id='block_1_87' title="bbox 303 4490 1884 4574">
    <p class='ocr_par' dir='ltr' id='par_1_87' title="bbox 303 4499 1884 4574">
     <span class='ocr_line' id='line_1_87' title="bbox 303 4499 1884 4574; baseline -0.001 -18"><span class='ocrx_word' id='word_1_612' title='bbox 303 4509 584 4572; x_wconf 80' lang='grc' dir='ltr'>νάγκασα.</span> <span class='ocrx_word' id='word_1_613' title='bbox 637 4501 693 4556; x_wconf 85' lang='grc' dir='ltr'><strong>Ὀ</strong></span> <span class='ocrx_word' id='word_1_614' title='bbox 729 4505 944 4574; x_wconf 79' lang='grc' dir='ltr'>πρῶτος</span> <span class='ocrx_word' id='word_1_615' title='bbox 993 4499 1088 4556; x_wconf 83' lang='grc' dir='ltr'><strong>οῦν</strong></span> <span class='ocrx_word' id='word_1_616' title='bbox 1152 4503 1330 4556; x_wconf 88' lang='grc' dir='ltr'>αύτῶν</span> <span class='ocrx_word' id='word_1_617' title='bbox 1365 4502 1666 4573; x_wconf 77' lang='grc' dir='ltr'>ἐρωτηθεὶς</span> <span class='ocrx_word' id='word_1_618' title='bbox 1719 4503 1884 4554; x_wconf 82' lang='grc' dir='ltr'>πόθεν</span> 
     </span>
    </p>
   </div>
   <div class='ocr_carea' id='block_1_88' title="bbox 1991 4490 3580 4574">
    <p class='ocr_par' dir='ltr' id='par_1_88' title="bbox 1996 4490 3580 4566">
     <span class='ocr_line' id='line_1_88' title="bbox 1996 4490 3580 4566; baseline -0.003 -14"><span class='ocrx_word' id='word_1_619' title='bbox 1996 4498 2128 4552; x_wconf 90' lang='lat' dir='ltr'><strong>mihi</strong></span> <span class='ocrx_word' id='word_1_620' title='bbox 2155 4497 2446 4550; x_wconf 76' lang='lat' dir='ltr'><strong>enuntiare</strong></span> <span class='ocrx_word' id='word_1_621' title='bbox 2481 4494 2661 4566; x_wconf 82' lang='lat' dir='ltr'><strong>coegi.</strong></span> <span class='ocrx_word' id='word_1_622' title='bbox 2701 4493 2915 4547; x_wconf 85' lang='lat' dir='ltr'><strong>Primus</strong></span> <span class='ocrx_word' id='word_1_623' title='bbox 2967 4491 3148 4560; x_wconf 88' lang='lat' dir='ltr'><strong>itaque</strong></span> <span class='ocrx_word' id='word_1_624' title='bbox 3189 4490 3404 4545; x_wconf 89' lang='lat' dir='ltr'><strong>illorum</strong></span> <span class='ocrx_word' id='word_1_625' title='bbox 3439 4508 3468 4546; x_wconf 89' lang='lat' dir='ltr'><strong>a</strong></span> <span class='ocrx_word' id='word_1_626' title='bbox 3492 4509 3580 4548; x_wconf 89' lang='lat' dir='ltr'><strong>me</strong></span> 
     </span>
    </p>
   </div>
   <div class='ocr_carea' id='block_1_89' title="bbox 303 4593 1881 4666">
    <p class='ocr_par' dir='ltr' id='par_1_89' title="bbox 303 4593 1881 4666">
     <span class='ocr_line' id='line_1_89' title="bbox 303 4593 1881 4666; baseline -0.003 -18"><span class='ocrx_word' id='word_1_627' title='bbox 303 4598 485 4665; x_wconf 82' lang='grc' dir='ltr'>τούτῳ</span> <span class='ocrx_word' id='word_1_628' title='bbox 519 4600 553 4666; x_wconf 77' lang='grc' dir='ltr'>ἡ</span> <span class='ocrx_word' id='word_1_629' title='bbox 582 4596 691 4648; x_wconf 90' lang='grc' dir='ltr'><strong>τῶν</strong></span> <span class='ocrx_word' id='word_1_630' title='bbox 730 4596 968 4666; x_wconf 77' lang='grc' dir='ltr'>Γραφῶν</span> <span class='ocrx_word' id='word_1_631' title='bbox 1001 4594 1261 4664; x_wconf 69' lang='grc' dir='ltr'>μάθησις.</span> <span class='ocrx_word' id='word_1_632' title='bbox 1299 4594 1396 4646; x_wconf 77' lang='grc' dir='ltr'><strong>καὶ</strong></span> <span class='ocrx_word' id='word_1_633' title='bbox 1424 4594 1540 4656; x_wconf 86' lang='grc' dir='ltr'><strong>πῶς</strong></span> <span class='ocrx_word' id='word_1_634' title='bbox 1563 4596 1646 4656; x_wconf 86' lang='grc' dir='ltr'><strong>είς</strong></span> <span class='ocrx_word' id='word_1_635' title='bbox 1691 4593 1881 4646; x_wconf 88' lang='grc' dir='ltr'>διδασ-</span> 
     </span>
    </p>
   </div>
   <div class='ocr_carea' id='block_1_90' title="bbox 308 4684 1884 4756">
    <p class='ocr_par' dir='ltr' id='par_1_90' title="bbox 308 4684 1884 4756">
     <span class='ocr_line' id='line_1_90' title="bbox 308 4684 1884 4756; baseline 0 -20"><span class='ocrx_word' id='word_1_636' title='bbox 308 4689 504 4740; x_wconf 73' lang='grc' dir='ltr'>καλίαν</span> <span class='ocrx_word' id='word_1_637' title='bbox 537 4688 909 4756; x_wconf 77' lang='grc' dir='ltr'>προϐάλλεται</span> <span class='ocrx_word' id='word_1_638' title='bbox 957 4687 992 4739; x_wconf 77' lang='grc' dir='ltr'>ἃ</span> <span class='ocrx_word' id='word_1_639' title='bbox 1044 4684 1272 4756; x_wconf 83' lang='grc' dir='ltr'>ὕστερον</span> <span class='ocrx_word' id='word_1_640' title='bbox 1311 4686 1386 4756; x_wconf 79' lang='grc' dir='ltr'><strong>μὴ</strong></span> <span class='ocrx_word' id='word_1_641' title='bbox 1436 4685 1718 4738; x_wconf 83' lang='grc' dir='ltr'>πιστεύειν</span> <span class='ocrx_word' id='word_1_642' title='bbox 1753 4701 1884 4753; x_wconf 84' lang='grc' dir='ltr'>προ-</span> 
     </span>
    </p>
   </div>
   <div class='ocr_carea' id='block_1_91' title="bbox 309 4779 1884 4852">
    <p class='ocr_par' dir='ltr' id='par_1_91' title="bbox 309 4779 1884 4852">
     <span class='ocr_line' id='line_1_91' title="bbox 309 4779 1884 4852; baseline 0.001 -23"><span class='ocrx_word' id='word_1_643' title='bbox 309 4782 572 4849; x_wconf 76' lang='grc' dir='ltr'>τρέπεται</span> <span class='ocrx_word' id='word_1_644' title='bbox 597 4781 721 4842; x_wconf 78' lang='grc' dir='ltr'>τοὺς</span> <span class='ocrx_word' id='word_1_645' title='bbox 762 4779 1010 4850; x_wconf 78' lang='grc' dir='ltr'><strong>μαθητὰς</strong></span> <span class='ocrx_word' id='word_1_646' title='bbox 1041 4780 1234 4845; x_wconf 80' lang='grc' dir='ltr'>αὐτοῦ,</span> <span class='ocrx_word' id='word_1_647' title='bbox 1273 4781 1378 4852; x_wconf 76' lang='grc' dir='ltr'><strong>ἔφη</strong></span> <span class='ocrx_word' id='word_1_648' title='bbox 1399 4796 1411 4809; x_wconf 92' lang='grc'><strong>·</strong></span> <span class='ocrx_word' id='word_1_649' title='bbox 1440 4781 1522 4834; x_wconf 81' lang='grc' dir='ltr'>ὅτι</span> <span class='ocrx_word' id='word_1_650' title='bbox 1549 4781 1729 4842; x_wconf 77' lang='grc' dir='ltr'>ἄλλως</span> <span class='ocrx_word' id='word_1_651' title='bbox 1760 4780 1884 4844; x_wconf 79' lang='grc' dir='ltr'>ἐξα·</span> 
     </span>
    </p>
   </div>
   <div class='ocr_carea' id='block_1_92' title="bbox 313 4871 1884 4944">
    <p class='ocr_par' dir='ltr' id='par_1_92' title="bbox 313 4871 1884 4944">
     <span class='ocr_line' id='line_1_92' title="bbox 313 4871 1884 4944; baseline 0.002 -23"><span class='ocrx_word' id='word_1_652' title='bbox 313 4871 553 4939; x_wconf 75' lang='grc' dir='ltr'>πατῆσαι</span> <span class='ocrx_word' id='word_1_653' title='bbox 589 4873 919 4940; x_wconf 80' lang='grc' dir='ltr'>Χριστιανὸν</span> <span class='ocrx_word' id='word_1_654' title='bbox 950 4874 1010 4925; x_wconf 89' lang='grc' dir='ltr'><strong>ού</strong></span> <span class='ocrx_word' id='word_1_655' title='bbox 1033 4873 1344 4942; x_wconf 68' lang='grc' dir='ltr'>δυνάμεθα,</span> <span class='ocrx_word' id='word_1_656' title='bbox 1364 4875 1412 4928; x_wconf 81' lang='grc' dir='ltr'><strong>εί</strong></span> <span class='ocrx_word' id='word_1_657' title='bbox 1446 4875 1520 4944; x_wconf 82' lang='grc' dir='ltr'><strong>μὴ</strong></span> <span class='ocrx_word' id='word_1_658' title='bbox 1551 4875 1611 4927; x_wconf 77' lang='grc' dir='ltr'>τὸ</span> <span class='ocrx_word' id='word_1_659' title='bbox 1659 4890 1884 4944; x_wconf 81' lang='grc' dir='ltr'>μοναχι-</span> 
     </span>
    </p>
   </div>
   <div class='ocr_carea' id='block_1_93' title="bbox 313 4964 1883 5037">
    <p class='ocr_par' dir='ltr' id='par_1_93' title="bbox 313 4964 1883 5037">
     <span class='ocr_line' id='line_1_93' title="bbox 313 4964 1883 5037; baseline 0.003 -23"><span class='ocrx_word' id='word_1_660' title='bbox 313 4965 405 5014; x_wconf 68' lang='grc' dir='ltr'>κον</span> <span class='ocrx_word' id='word_1_661' title='bbox 437 4965 620 5032; x_wconf 74' lang='grc' dir='ltr'>σχῆμα</span> <span class='ocrx_word' id='word_1_662' title='bbox 657 4964 1074 5034; x_wconf 81' lang='grc' dir='ltr'>ύποκριθῶμεν.</span> <span class='ocrx_word' id='word_1_663' title='bbox 1105 4969 1200 5020; x_wconf 75' lang='grc' dir='ltr'><strong>καὶ</strong></span> <span class='ocrx_word' id='word_1_664' title='bbox 1241 4967 1612 5037; x_wconf 78' lang='grc' dir='ltr'>Χριστιανοὺς</span> <span class='ocrx_word' id='word_1_665' title='bbox 1650 4966 1883 5026; x_wconf 76' lang='grc' dir='ltr'>ἑαυτοὺς</span> 
     </span>
    </p>
   </div>
   <div class='ocr_carea' id='block_1_94' title="bbox 313 5053 1883 5124">
    <p class='ocr_par' dir='ltr' id='par_1_94' title="bbox 313 5053 1883 5124">
     <span class='ocr_line' id='line_1_94' title="bbox 313 5053 1883 5124; baseline 0.002 -21"><span class='ocrx_word' id='word_1_666' title='bbox 313 5053 668 5121; x_wconf 65' lang='grc' dir='ltr'>ὀνομάσομεν,</span> <span class='ocrx_word' id='word_1_667' title='bbox 695 5057 793 5106; x_wconf 76' lang='grc' dir='ltr'><strong>καὶ</strong></span> <span class='ocrx_word' id='word_1_668' title='bbox 807 5057 875 5107; x_wconf 75' lang='grc' dir='ltr'><strong>τά</strong></span> <span class='ocrx_word' id='word_1_669' title='bbox 895 5056 1005 5107; x_wconf 87' lang='grc' dir='ltr'><strong>τῶν</strong></span> <span class='ocrx_word' id='word_1_670' title='bbox 1029 5057 1368 5124; x_wconf 74' lang='grc' dir='ltr'>Χριστιανῶν</span> <span class='ocrx_word' id='word_1_671' title='bbox 1398 5057 1577 5109; x_wconf 88' lang='grc' dir='ltr'>πάντα</span> <span class='ocrx_word' id='word_1_672' title='bbox 1600 5056 1883 5118; x_wconf 86' lang='grc' dir='ltr'>ποιοῦντες</span> 
     </span>
    </p>
   </div>
   <div class='ocr_carea' id='block_1_95' title="bbox 315 5144 1884 5215">
    <p class='ocr_par' dir='ltr' id='par_1_95' title="bbox 315 5144 1884 5215">
     <span class='ocr_line' id='line_1_95' title="bbox 315 5144 1884 5215; baseline 0.003 -23"><span class='ocrx_word' id='word_1_673' title='bbox 315 5144 639 5210; x_wconf 76' lang='grc' dir='ltr'>φαινόμεθα,</span> <span class='ocrx_word' id='word_1_674' title='bbox 672 5144 862 5198; x_wconf 82' lang='grc' dir='ltr'>καὶτά</span> <span class='ocrx_word' id='word_1_675' title='bbox 915 5145 1016 5213; x_wconf 79' lang='grc' dir='ltr'>τῆς</span> <span class='ocrx_word' id='word_1_676' title='bbox 1051 5145 1202 5206; x_wconf 82' lang='grc' dir='ltr'>Θείας</span> <span class='ocrx_word' id='word_1_677' title='bbox 1235 5146 1460 5215; x_wconf 86' lang='grc' dir='ltr'>Γραφῆς</span> <span class='ocrx_word' id='word_1_678' title='bbox 1514 5148 1595 5209; x_wconf 82' lang='grc' dir='ltr'><strong>εἰς</strong></span> <span class='ocrx_word' id='word_1_679' title='bbox 1629 5146 1884 5198; x_wconf 83' lang='grc' dir='ltr'>διδασκα-</span> 
     </span>
    </p>
   </div>
   <div class='ocr_carea' id='block_1_96' title="bbox 317 5234 1880 5308">
    <p class='ocr_par' dir='ltr' id='par_1_96' title="bbox 317 5234 1880 5308">
     <span class='ocr_line' id='line_1_96' title="bbox 317 5234 1880 5308; baseline 0.009 -26"><span class='ocrx_word' id='word_1_680' title='bbox 317 5234 427 5286; x_wconf 73' lang='grc' dir='ltr'>λίαν</span> <span class='ocrx_word' id='word_1_681' title='bbox 456 5235 772 5304; x_wconf 74' lang='grc' dir='ltr'>προθῶμεν.</span> <span class='ocrx_word' id='word_1_682' title='bbox 824 5236 948 5288; x_wconf 84' lang='grc' dir='ltr'>Ὀτι</span> <span class='ocrx_word' id='word_1_683' title='bbox 995 5235 1051 5288; x_wconf 85' lang='grc' dir='ltr'><strong>δὲ</strong></span> <span class='ocrx_word' id='word_1_684' title='bbox 1085 5239 1181 5289; x_wconf 74' lang='grc' dir='ltr'><strong>ἐπὶ</strong></span> <span class='ocrx_word' id='word_1_685' title='bbox 1221 5237 1490 5306; x_wconf 88' lang='grc' dir='ltr'>στόματος</span> <span class='ocrx_word' id='word_1_686' title='bbox 1525 5238 1624 5300; x_wconf 71' lang='grc' dir='ltr'>τὰς</span> <span class='ocrx_word' id='word_1_687' title='bbox 1659 5237 1880 5308; x_wconf 71' lang='grc' dir='ltr'>Γραφὰς</span> 
     </span>
    </p>
   </div>
   <div class='ocr_carea' id='block_1_97' title="bbox 316 5327 1880 5398">
    <p class='ocr_par' dir='ltr' id='par_1_97' title="bbox 316 5327 1880 5398">
     <span class='ocr_line' id='line_1_97' title="bbox 316 5327 1880 5398; baseline 0.002 -22"><span class='ocrx_word' id='word_1_688' title='bbox 316 5327 496 5394; x_wconf 72' lang='grc' dir='ltr'>φέρειν</span> <span class='ocrx_word' id='word_1_689' title='bbox 517 5327 821 5396; x_wconf 78' lang='grc' dir='ltr'>δυνάμεθα,</span> <span class='ocrx_word' id='word_1_690' title='bbox 845 5327 962 5380; x_wconf 83' lang='grc' dir='ltr'>ἔστι</span> <span class='ocrx_word' id='word_1_691' title='bbox 997 5329 1274 5398; x_wconf 82' lang='grc' dir='ltr'>συνεργῶν</span> <span class='ocrx_word' id='word_1_692' title='bbox 1303 5331 1436 5398; x_wconf 70' lang='grc' dir='ltr'>ἡμῖν</span> <span class='ocrx_word' id='word_1_693' title='bbox 1467 5329 1496 5380; x_wconf 87' lang='grc' dir='ltr'><strong>ὁ</strong></span> <span class='ocrx_word' id='word_1_694' title='bbox 1531 5329 1880 5381; x_wconf 82' lang='grc' dir='ltr'>ἀποστέλλων</span> 
     </span>
    </p>
   </div>
   <div class='ocr_carea' id='block_1_98' title="bbox 314 5420 1880 5491">
    <p class='ocr_par' dir='ltr' id='par_1_98' title="bbox 314 5420 1880 5491">
     <span class='ocr_line' id='line_1_98' title="bbox 314 5420 1880 5491; baseline 0.001 -22"><span class='ocrx_word' id='word_1_695' title='bbox 314 5420 393 5481; x_wconf 78' lang='grc' dir='ltr'><strong>είς</strong></span> <span class='ocrx_word' id='word_1_696' title='bbox 420 5422 484 5472; x_wconf 77' lang='grc' dir='ltr'><strong>τά</strong></span> <span class='ocrx_word' id='word_1_697' title='bbox 513 5421 681 5473; x_wconf 83' lang='grc' dir='ltr'>αὑτοῦ</span> <span class='ocrx_word' id='word_1_698' title='bbox 713 5421 1072 5491; x_wconf 83' lang='grc' dir='ltr'>κηρύγματα.</span> <span class='ocrx_word' id='word_1_699' title='bbox 1100 5421 1334 5491; x_wconf 77' lang='grc' dir='ltr'>Χριστὸν</span> <span class='ocrx_word' id='word_1_700' title='bbox 1358 5420 1414 5472; x_wconf 74' lang='grc' dir='ltr'>δὲ</span> <span class='ocrx_word' id='word_1_701' title='bbox 1440 5422 1488 5472; x_wconf 90' lang='grc' dir='ltr'><strong>οί</strong></span> <span class='ocrx_word' id='word_1_702' title='bbox 1520 5421 1739 5481; x_wconf 79' lang='grc' dir='ltr'>ἀσεϐεῖς</span> <span class='ocrx_word' id='word_1_703' title='bbox 1769 5422 1880 5472; x_wconf 81' lang='grc' dir='ltr'>ὀνο-</span> 
     </span>
    </p>
   </div>
   <div class='ocr_carea' id='block_1_99' title="bbox 318 5511 1876 5582">
    <p class='ocr_par' dir='ltr' id='par_1_99' title="bbox 318 5511 1876 5582">
     <span class='ocr_line' id='line_1_99' title="bbox 318 5511 1876 5582; baseline 0.002 -21"><span class='ocrx_word' id='word_1_704' title='bbox 318 5513 546 5578; x_wconf 78' lang='grc' dir='ltr'>μὰζουσι</span> <span class='ocrx_word' id='word_1_705' title='bbox 568 5513 657 5563; x_wconf 78' lang='grc' dir='ltr'><strong>τὸν</strong></span> <span class='ocrx_word' id='word_1_706' title='bbox 681 5511 922 5582; x_wconf 63' lang='grc' dir='ltr'>ἄρχοντα</span> <span class='ocrx_word' id='word_1_707' title='bbox 939 5513 1034 5564; x_wconf 88' lang='grc' dir='ltr'><strong>τοῦ</strong></span> <span class='ocrx_word' id='word_1_708' title='bbox 1058 5513 1288 5582; x_wconf 78' lang='grc' dir='ltr'>κόσμου,</span> <span class='ocrx_word' id='word_1_709' title='bbox 1315 5512 1370 5572; x_wconf 85' lang='grc' dir='ltr'><strong>ὃς</strong></span> <span class='ocrx_word' id='word_1_710' title='bbox 1393 5512 1540 5563; x_wconf 80' lang='grc' dir='ltr'>ἐστιν</span> <span class='ocrx_word' id='word_1_711' title='bbox 1562 5512 1590 5562; x_wconf 81' lang='grc' dir='ltr'>ὁ</span> <span class='ocrx_word' id='word_1_712' title='bbox 1613 5512 1876 5575; x_wconf 73' lang='grc' dir='ltr'>Σατανᾶς,</span> 
     </span>
    </p>
   </div>
   <div class='ocr_carea' id='block_1_100' title="bbox 313 5603 1878 5673">
    <p class='ocr_par' dir='ltr' id='par_1_100' title="bbox 313 5603 1878 5673">
     <span class='ocr_line' id='line_1_100' title="bbox 313 5603 1878 5673; baseline 0.001 -19"><span class='ocrx_word' id='word_1_713' title='bbox 313 5604 406 5654; x_wconf 78' lang='grc' dir='ltr'>καὶ</span> <span class='ocrx_word' id='word_1_714' title='bbox 429 5606 526 5672; x_wconf 79' lang='grc' dir='ltr'><strong>τὴν</strong></span> <span class='ocrx_word' id='word_1_715' title='bbox 556 5605 666 5656; x_wconf 86' lang='grc' dir='ltr'><strong>τῶν</strong></span> <span class='ocrx_word' id='word_1_716' title='bbox 695 5606 864 5672; x_wconf 78' lang='grc' dir='ltr'>ἁγίων</span> <span class='ocrx_word' id='word_1_717' title='bbox 898 5605 953 5658; x_wconf 81' lang='grc' dir='ltr'>δὲ</span> <span class='ocrx_word' id='word_1_718' title='bbox 985 5603 1332 5672; x_wconf 83' lang='grc' dir='ltr'>Εύαγγελίων</span> <span class='ocrx_word' id='word_1_719' title='bbox 1361 5603 1616 5673; x_wconf 80' lang='grc' dir='ltr'>δύναμιν,</span> <span class='ocrx_word' id='word_1_720' title='bbox 1652 5605 1746 5656; x_wconf 80' lang='grc' dir='ltr'><strong>καὶ</strong></span> <span class='ocrx_word' id='word_1_721' title='bbox 1778 5606 1878 5655; x_wconf 83' lang='grc' dir='ltr'><strong>ὅσα</strong></span> 
     </span>
    </p>
   </div>
   <div class='ocr_carea' id='block_1_101' title="bbox 316 5694 1876 5766">
    <p class='ocr_par' dir='ltr' id='par_1_101' title="bbox 316 5694 1876 5766">
     <span class='ocr_line' id='line_1_101' title="bbox 316 5694 1876 5766; baseline 0.003 -22"><span class='ocrx_word' id='word_1_722' title='bbox 316 5694 419 5744; x_wconf 78' lang='grc' dir='ltr'><strong>τῶν</strong></span> <span class='ocrx_word' id='word_1_723' title='bbox 456 5697 794 5748; x_wconf 78' lang='grc' dir='ltr'>Ἐπιστολῶν</span> <span class='ocrx_word' id='word_1_724' title='bbox 817 5699 897 5759; x_wconf 83' lang='grc' dir='ltr'><strong>είς</strong></span> <span class='ocrx_word' id='word_1_725' title='bbox 921 5697 1083 5749; x_wconf 78' lang='grc' dir='ltr'>αὑτὸν</span> <span class='ocrx_word' id='word_1_726' title='bbox 1120 5696 1515 5766; x_wconf 70' lang='grc' dir='ltr'>ἐπιγράφουσι,</span> <span class='ocrx_word' id='word_1_727' title='bbox 1556 5695 1740 5756; x_wconf 80' lang='grc' dir='ltr'>καθὼς</span> <span class='ocrx_word' id='word_1_728' title='bbox 1783 5696 1876 5748; x_wconf 79' lang='grc' dir='ltr'>καὶ</span> 
     </span>
    </p>
   </div>
   <div class='ocr_carea' id='block_1_102' title="bbox 319 5785 1876 5857">
    <p class='ocr_par' dir='ltr' id='par_1_102' title="bbox 319 5785 1876 5857">
     <span class='ocr_line' id='line_1_102' title="bbox 319 5785 1876 5857; baseline 0.002 -21"><span class='ocrx_word' id='word_1_729' title='bbox 319 5785 464 5838; x_wconf 65' lang='grc' dir='ltr'>αὐτοὶ</span> <span class='ocrx_word' id='word_1_730' title='bbox 487 5787 702 5856; x_wconf 51' lang='grc' dir='ltr'>ὡμολόγ</span> <span class='ocrx_word' id='word_1_731' title='bbox 727 5804 867 5857; x_wconf 80' lang='grc' dir='ltr'>,σαν,</span> <span class='ocrx_word' id='word_1_732' title='bbox 898 5789 986 5842; x_wconf 69' lang='grc' dir='ltr'><strong>καὶ</strong></span> <span class='ocrx_word' id='word_1_733' title='bbox 1013 5791 1038 5840; x_wconf 80' lang='grc' dir='ltr'><em>ὸ</em></span> <span class='ocrx_word' id='word_1_734' title='bbox 1063 5787 1466 5856; x_wconf 68' lang='grc' dir='ltr'>ἀποπλανηθεὶς</span> <span class='ocrx_word' id='word_1_735' title='bbox 1497 5787 1746 5856; x_wconf 73' lang='grc' dir='ltr'>μαθητής</span> <span class='ocrx_word' id='word_1_736' title='bbox 1774 5803 1876 5856; x_wconf 80' lang='grc' dir='ltr'>μου</span> 
     </span>
    </p>
   </div>
   <div class='ocr_carea' id='block_1_103' title="bbox 1989 4583 3576 4660">
    <p class='ocr_par' dir='ltr' id='par_1_103' title="bbox 1989 4583 3576 4660">
     <span class='ocr_line' id='line_1_103' title="bbox 1989 4583 3576 4660; baseline -0.004 -17"><span class='ocrx_word' id='word_1_737' title='bbox 1989 4591 2374 4660; x_wconf 78' lang='lat' dir='ltr'><strong>interrogatus,</strong></span> <span class='ocrx_word' id='word_1_738' title='bbox 2420 4588 2563 4642; x_wconf 87' lang='lat' dir='ltr'><strong>unde</strong></span> <span class='ocrx_word' id='word_1_739' title='bbox 2617 4595 2819 4639; x_wconf 87' lang='lat' dir='ltr'><strong>tantam</strong></span> <span class='ocrx_word' id='word_1_740' title='bbox 2883 4584 3109 4639; x_wconf 87' lang='lat' dir='ltr'><strong>haberet</strong></span> <span class='ocrx_word' id='word_1_741' title='bbox 3172 4583 3576 4652; x_wconf 81' lang='lat' dir='ltr'><strong>Scripturarum</strong></span> 
     </span>
    </p>
   </div>
   <div class='ocr_carea' id='block_1_104' title="bbox 1991 4675 3576 4749">
    <p class='ocr_par' dir='ltr' id='par_1_104' title="bbox 1991 4675 3576 4749">
     <span class='ocr_line' id='line_1_104' title="bbox 1991 4675 3576 4749; baseline -0.004 -15"><span class='ocrx_word' id='word_1_742' title='bbox 1991 4681 2380 4743; x_wconf 78' lang='lat' dir='ltr'><strong>scientiam,et</strong></span> <span class='ocrx_word' id='word_1_743' title='bbox 2405 4677 2678 4749; x_wconf 88' lang='lat' dir='ltr'><strong>quomodo</strong></span> <span class='ocrx_word' id='word_1_744' title='bbox 2737 4675 2999 4731; x_wconf 87' lang='lat' dir='ltr'><strong>discenda</strong></span> <span class='ocrx_word' id='word_1_745' title='bbox 3034 4684 3402 4744; x_wconf 71' lang='lat' dir='ltr'><strong>proponeret,</strong></span> <span class='ocrx_word' id='word_1_746' title='bbox 3453 4691 3576 4744; x_wconf 68' lang='lat' dir='ltr'><strong>qua-</strong></span> 
     </span>
    </p>
   </div>
   <div class='ocr_carea' id='block_1_105' title="bbox 1989 4767 3572 4842">
    <p class='ocr_par' dir='ltr' id='par_1_105' title="bbox 1989 4767 3572 4842">
     <span class='ocr_line' id='line_1_105' title="bbox 1989 4767 3572 4842; baseline -0.003 -16"><span class='ocrx_word' id='word_1_747' title='bbox 1989 4784 2175 4839; x_wconf 87' lang='lat' dir='ltr'><strong>postea</strong></span> <span class='ocrx_word' id='word_1_748' title='bbox 2205 4775 2323 4842; x_wconf 68' lang='lat' dir='ltr'><strong>ejus</strong></span> <span class='ocrx_word' id='word_1_749' title='bbox 2370 4770 2692 4838; x_wconf 83' lang='lat' dir='ltr'><strong>discipulos,</strong></span> <span class='ocrx_word' id='word_1_750' title='bbox 2728 4783 2797 4820; x_wconf 89' lang='lat' dir='ltr'><strong>ne</strong></span> <span class='ocrx_word' id='word_1_751' title='bbox 2825 4768 3133 4831; x_wconf 89' lang='lat' dir='ltr'><strong>crederent,</strong></span> <span class='ocrx_word' id='word_1_752' title='bbox 3163 4767 3572 4832; x_wconf 86' lang='lat' dir='ltr'><strong>cohortabatur,</strong></span> 
     </span>
    </p>
   </div>
   <div class='ocr_carea' id='block_1_106' title="bbox 1985 4859 3570 4934">
    <p class='ocr_par' dir='ltr' id='par_1_106' title="bbox 1985 4859 3570 4934">
     <span class='ocr_line' id='line_1_106' title="bbox 1985 4859 3570 4934; baseline -0.005 -14"><span class='ocrx_word' id='word_1_753' title='bbox 1985 4865 2207 4934; x_wconf 86' lang='lat' dir='ltr'><strong>inquit:</strong></span> <span class='ocrx_word' id='word_1_754' title='bbox 2289 4864 2424 4929; x_wconf 78' lang='lat' dir='ltr'><strong>Quia</strong></span> <span class='ocrx_word' id='word_1_755' title='bbox 2504 4860 2666 4914; x_wconf 88' lang='lat' dir='ltr'><strong>aliter</strong></span> <span class='ocrx_word' id='word_1_756' title='bbox 2723 4860 3093 4914; x_wconf 81' lang='lat' dir='ltr'><strong>Christianum</strong></span> <span class='ocrx_word' id='word_1_757' title='bbox 3148 4859 3411 4914; x_wconf 83' lang='lat' dir='ltr'><strong>seducere</strong></span> <span class='ocrx_word' id='word_1_758' title='bbox 3461 4877 3570 4915; x_wconf 91' lang='lat' dir='ltr'><strong>non</strong></span> 
     </span>
    </p>
   </div>
   <div class='ocr_carea' id='block_1_107' title="bbox 1987 4952 3569 5026">
    <p class='ocr_par' dir='ltr' id='par_1_107' title="bbox 1987 4952 3569 5026">
     <span class='ocr_line' id='line_1_107' title="bbox 1987 4952 3569 5026; baseline -0.003 -15"><span class='ocrx_word' id='word_1_759' title='bbox 1987 4973 2296 5026; x_wconf 86' lang='lat' dir='ltr'><strong>possumus,</strong></span> <span class='ocrx_word' id='word_1_760' title='bbox 2332 4955 2434 5008; x_wconf 71' lang='lat' dir='ltr'><strong>nisi</strong></span> <span class='ocrx_word' id='word_1_761' title='bbox 2499 4952 2860 5007; x_wconf 87' lang='lat' dir='ltr'><strong>monasticum</strong></span> <span class='ocrx_word' id='word_1_762' title='bbox 2925 4953 3167 5006; x_wconf 87' lang='lat' dir='ltr'><strong>habitqu</strong></span> <span class='ocrx_word' id='word_1_763' title='bbox 3222 4953 3569 5016; x_wconf 88' lang='lat' dir='ltr'><strong>simulemus,</strong></span> 
     </span>
    </p>
   </div>
   <div class='ocr_carea' id='block_1_108' title="bbox 1985 5045 3572 5113">
    <p class='ocr_par' dir='ltr' id='par_1_108' title="bbox 1985 5045 3572 5113">
     <span class='ocr_line' id='line_1_108' title="bbox 1985 5045 3572 5113; baseline -0.005 -8"><span class='ocrx_word' id='word_1_764' title='bbox 1985 5049 2404 5106; x_wconf 80' lang='lat' dir='ltr'><strong>etChristianos</strong></span> <span class='ocrx_word' id='word_1_765' title='bbox 2459 5047 2826 5113; x_wconf 87' lang='lat' dir='ltr'><strong>nosmetipsos</strong></span> <span class='ocrx_word' id='word_1_766' title='bbox 2876 5045 3240 5107; x_wconf 83' lang='lat' dir='ltr'><strong>nominemus,</strong></span> <span class='ocrx_word' id='word_1_767' title='bbox 3270 5055 3326 5100; x_wconf 89' lang='lat' dir='ltr'><strong>et</strong></span> <span class='ocrx_word' id='word_1_768' title='bbox 3393 5046 3572 5100; x_wconf 88' lang='lat' dir='ltr'><strong>onmia</strong></span> 
     </span>
    </p>
   </div>
   <div class='ocr_carea' id='block_1_109' title="bbox 1985 5139 3568 5212">
    <p class='ocr_par' dir='ltr' id='par_1_109' title="bbox 1985 5139 3568 5212">
     <span class='ocr_line' id='line_1_109' title="bbox 1985 5139 3568 5212; baseline -0.001 -20"><span class='ocrx_word' id='word_1_769' title='bbox 1985 5160 2104 5212; x_wconf 71' lang='lat' dir='ltr'><strong>qua:</strong></span> <span class='ocrx_word' id='word_1_770' title='bbox 2129 5141 2561 5196; x_wconf 82' lang='lat' dir='ltr'><strong>Christianorum</strong></span> <span class='ocrx_word' id='word_1_771' title='bbox 2577 5150 2704 5196; x_wconf 86' lang='lat' dir='ltr'><strong>sunt</strong></span> <span class='ocrx_word' id='word_1_772' title='bbox 2732 5141 2910 5195; x_wconf 73' lang='lat' dir='ltr'><strong>facere</strong></span> <span class='ocrx_word' id='word_1_773' title='bbox 2938 5139 3235 5201; x_wconf 77' lang='lat' dir='ltr'><strong>videamur,</strong></span> <span class='ocrx_word' id='word_1_774' title='bbox 3254 5156 3426 5210; x_wconf 73' lang='lat' dir='ltr'><strong>caque</strong></span> <span class='ocrx_word' id='word_1_775' title='bbox 3450 5157 3568 5209; x_wconf 67' lang='lat' dir='ltr'><strong>qua:</strong></span> 
     </span>
    </p>
   </div>
   <div class='ocr_carea' id='block_1_110' title="bbox 1985 5231 3554 5300">
    <p class='ocr_par' dir='ltr' id='par_1_110' title="bbox 1985 5231 3554 5300">
     <span class='ocr_line' id='line_1_110' title="bbox 1985 5231 3554 5300; baseline -0.003 -12"><span class='ocrx_word' id='word_1_776' title='bbox 1985 5233 2181 5288; x_wconf 66' lang='lat' dir='ltr'><strong>divinae</strong></span> <span class='ocrx_word' id='word_1_777' title='bbox 2211 5231 2505 5300; x_wconf 57' lang='lat' dir='ltr'><strong>Scriptura</strong></span> <span class='ocrx_word' id='word_1_778' title='bbox 2521 5231 2803 5286; x_wconf 66' lang='lat' dir='ltr'><strong>cmutincnt</strong></span> <span class='ocrx_word' id='word_1_779' title='bbox 2838 5231 3128 5285; x_wconf 87' lang='lat' dir='ltr'><strong>ediscenda</strong></span> <span class='ocrx_word' id='word_1_780' title='bbox 3169 5246 3554 5300; x_wconf 83' lang='lat' dir='ltr'><strong>proponamus.</strong></span> 
     </span>
    </p>
   </div>
   <div class='ocr_carea' id='block_1_111' title="bbox 1983 5323 3560 5393">
    <p class='ocr_par' dir='ltr' id='par_1_111' title="bbox 1983 5323 3560 5393">
     <span class='ocr_line' id='line_1_111' title="bbox 1983 5323 3560 5393; baseline -0.003 -14"><span class='ocrx_word' id='word_1_781' title='bbox 1983 5327 2134 5392; x_wconf 79' lang='lat' dir='ltr'><strong>Quod</strong></span> <span class='ocrx_word' id='word_1_782' title='bbox 2172 5334 2352 5379; x_wconf 73' lang='lat' dir='ltr'><strong>autem</strong></span> <span class='ocrx_word' id='word_1_783' title='bbox 2377 5323 2552 5379; x_wconf 85' lang='lat' dir='ltr'><strong>inore</strong></span> <span class='ocrx_word' id='word_1_784' title='bbox 2593 5325 2907 5393; x_wconf 56' lang='lat' dir='ltr'><strong>Script-u&#39;as</strong></span> <span class='ocrx_word' id='word_1_785' title='bbox 2940 5323 3084 5378; x_wconf 82' lang='lat' dir='ltr'><strong>ferre</strong></span> <span class='ocrx_word' id='word_1_786' title='bbox 3132 5323 3422 5392; x_wconf 86' lang='lat' dir='ltr'><strong>possimus,</strong></span> <span class='ocrx_word' id='word_1_787' title='bbox 3460 5338 3560 5376; x_wconf 92' lang='lat' dir='ltr'><strong>no-</strong></span> 
     </span>
    </p>
   </div>
   <div class='ocr_carea' id='block_1_112' title="bbox 1982 5415 3560 5487">
    <p class='ocr_par' dir='ltr' id='par_1_112' title="bbox 1982 5415 3560 5487">
     <span class='ocr_line' id='line_1_112' title="bbox 1982 5415 3560 5487; baseline -0.006 -13"><span class='ocrx_word' id='word_1_788' title='bbox 1982 5419 2064 5474; x_wconf 84' lang='lat' dir='ltr'><strong>bis</strong></span> <span class='ocrx_word' id='word_1_789' title='bbox 2095 5416 2404 5480; x_wconf 78' lang='lat' dir='ltr'><strong>auxiliatur,</strong></span> <span class='ocrx_word' id='word_1_790' title='bbox 2462 5417 2557 5487; x_wconf 89' lang='lat' dir='ltr'><strong>qui</strong></span> <span class='ocrx_word' id='word_1_791' title='bbox 2610 5417 2665 5472; x_wconf 91' lang='lat' dir='ltr'><strong>in</strong></span> <span class='ocrx_word' id='word_1_792' title='bbox 2689 5418 2771 5470; x_wconf 89' lang='lat' dir='ltr'><strong>sui</strong></span> <span class='ocrx_word' id='word_1_793' title='bbox 2825 5417 3154 5486; x_wconf 68' lang='lat' dir='ltr'><strong>praeconium</strong></span> <span class='ocrx_word' id='word_1_794' title='bbox 3213 5431 3311 5470; x_wconf 88' lang='lat' dir='ltr'><strong>nos</strong></span> <span class='ocrx_word' id='word_1_795' title='bbox 3373 5415 3560 5468; x_wconf 88' lang='lat' dir='ltr'><strong>mittit.</strong></span> 
     </span>
    </p>
   </div>
   <div class='ocr_carea' id='block_1_113' title="bbox 1981 5509 3564 5579">
    <p class='ocr_par' dir='ltr' id='par_1_113' title="bbox 1981 5509 3564 5579">
     <span class='ocr_line' id='line_1_113' title="bbox 1981 5509 3564 5579; baseline -0.004 -13"><span class='ocrx_word' id='word_1_796' title='bbox 1981 5511 2260 5566; x_wconf 87' lang='lat' dir='ltr'><strong>Christum</strong></span> <span class='ocrx_word' id='word_1_797' title='bbox 2292 5524 2421 5564; x_wconf 83' lang='lat' dir='ltr'><strong>vero</strong></span> <span class='ocrx_word' id='word_1_798' title='bbox 2446 5509 2595 5579; x_wconf 88' lang='lat' dir='ltr'><strong>impii</strong></span> <span class='ocrx_word' id='word_1_799' title='bbox 2626 5510 2702 5563; x_wconf 89' lang='lat' dir='ltr'><strong>illi</strong></span> <span class='ocrx_word' id='word_1_800' title='bbox 2738 5512 3024 5563; x_wconf 83' lang='lat' dir='ltr'><strong>nominant.</strong></span> <span class='ocrx_word' id='word_1_801' title='bbox 3052 5509 3357 5578; x_wconf 86' lang='lat' dir='ltr'><strong>principem</strong></span> <span class='ocrx_word' id='word_1_802' title='bbox 3401 5522 3564 5561; x_wconf 87' lang='lat' dir='ltr'><strong>mun-</strong></span> 
     </span>
    </p>
   </div>
   <div class='ocr_carea' id='block_1_114' title="bbox 1981 5598 3556 5673">
    <p class='ocr_par' dir='ltr' id='par_1_114' title="bbox 1981 5598 3556 5673">
     <span class='ocr_line' id='line_1_114' title="bbox 1981 5598 3556 5673; baseline -0.006 -14"><span class='ocrx_word' id='word_1_803' title='bbox 1981 5606 2059 5666; x_wconf 88' lang='lat' dir='ltr'><strong>di,</strong></span> <span class='ocrx_word' id='word_1_804' title='bbox 2096 5605 2308 5673; x_wconf 87' lang='lat' dir='ltr'><strong>quiest</strong></span> <span class='ocrx_word' id='word_1_805' title='bbox 2351 5604 2602 5664; x_wconf 83' lang='lat' dir='ltr'><strong>Satanas,</strong></span> <span class='ocrx_word' id='word_1_806' title='bbox 2657 5613 2713 5658; x_wconf 89' lang='lat' dir='ltr'><strong>et</strong></span> <span class='ocrx_word' id='word_1_807' title='bbox 2766 5614 3078 5657; x_wconf 81' lang='lat' dir='ltr'><strong>sanctorum</strong></span> <span class='ocrx_word' id='word_1_808' title='bbox 3142 5598 3556 5668; x_wconf 75' lang='lat' dir='ltr'><strong>Evangeliorum</strong></span> 
     </span>
    </p>
   </div>
   <div class='ocr_carea' id='block_1_115' title="bbox 1982 5691 3558 5767">
    <p class='ocr_par' dir='ltr' id='par_1_115' title="bbox 1982 5691 3558 5767">
     <span class='ocr_line' id='line_1_115' title="bbox 1982 5691 3558 5767; baseline -0.003 -17"><span class='ocrx_word' id='word_1_809' title='bbox 1982 5695 2308 5767; x_wconf 86' lang='lat' dir='ltr'><strong>potentiam,</strong></span> <span class='ocrx_word' id='word_1_810' title='bbox 2343 5706 2398 5750; x_wconf 89' lang='lat' dir='ltr'><strong>et</strong></span> <span class='ocrx_word' id='word_1_811' title='bbox 2430 5704 2697 5765; x_wconf 86' lang='lat' dir='ltr'><strong>quotquot</strong></span> <span class='ocrx_word' id='word_1_812' title='bbox 2756 5696 2810 5748; x_wconf 91' lang='lat' dir='ltr'><strong>in</strong></span> <span class='ocrx_word' id='word_1_813' title='bbox 2871 5693 3126 5764; x_wconf 87' lang='lat' dir='ltr'><strong>Epistolis</strong></span> <span class='ocrx_word' id='word_1_814' title='bbox 3179 5691 3436 5761; x_wconf 79' lang='lat' dir='ltr'><strong>leguntur</strong></span> <span class='ocrx_word' id='word_1_815' title='bbox 3499 5691 3558 5745; x_wconf 89' lang='lat' dir='ltr'><strong>in</strong></span> 
     </span>
    </p>
   </div>
   <div class='ocr_carea' id='block_1_116' title="bbox 1983 5785 3564 5860">
    <p class='ocr_par' dir='ltr' id='par_1_116' title="bbox 1983 5785 3564 5860">
     <span class='ocr_line' id='line_1_116' title="bbox 1983 5785 3564 5860; baseline -0.007 -13"><span class='ocrx_word' id='word_1_816' title='bbox 1983 5791 2143 5847; x_wconf 86' lang='lat' dir='ltr'><strong>illum</strong></span> <span class='ocrx_word' id='word_1_817' title='bbox 2173 5789 2440 5857; x_wconf 81' lang='lat' dir='ltr'><strong>referunt,</strong></span> <span class='ocrx_word' id='word_1_818' title='bbox 2469 5789 2924 5860; x_wconf 85' lang='lat' dir='ltr'><strong>quemadmodum</strong></span> <span class='ocrx_word' id='word_1_819' title='bbox 2976 5799 3028 5841; x_wconf 88' lang='lat' dir='ltr'><strong>et</strong></span> <span class='ocrx_word' id='word_1_820' title='bbox 3075 5785 3178 5856; x_wconf 85' lang='lat' dir='ltr'><strong>ipsi</strong></span> <span class='ocrx_word' id='word_1_821' title='bbox 3227 5785 3354 5841; x_wconf 80' lang='lat' dir='ltr'><strong>fassi</strong></span> <span class='ocrx_word' id='word_1_822' title='bbox 3415 5796 3564 5850; x_wconf 87' lang='lat' dir='ltr'><strong>sunt,</strong></span> 
     </span>
    </p>
   </div>
  </div>
