4006 6248
415 326 486 389 55
1632 328 2016 389 EUTHYBIII
2059 330 2421 389 ZlGABEXI
3596 334 3676 398 56

413 448 472 494 ct
504 438 765 510 deceptus
803 438 1105 512 discipulus
1156 443 1287 499 mihi
1343 440 1687 509 enuntiavit;
1733 452 1789 497 et
1843 458 1999 498 veros

2108 444 2290 509 ἐξεῖπέ
2330 461 2419 512 μοι
2448 458 2461 473 ο

415 531 760 587 Christianos
792 534 1004 604 seipsos
1033 544 1252 590 vocant.

486 623 597 694 Ego
630 641 756 678 vero
785 641 894 681 non
925 627 1121 689 audeo,
1178 627 1395 691 fratres,
1454 626 1837 698 hujuscemodi
1899 626 1997 680 im-

412 716 626 786 piorum
650 717 1038 788 blasphemiae,
1081 735 1216 787 quas
1252 730 1443 775 contra
1498 721 1790 790 pretiosam
1819 729 1875 774 et
1920 720 2001 774 vi-

415 808 628 862 vificam
666 826 908 873 crucem,
942 822 1290 881 sanctasque,
1329 821 1386 867 et
1407 813 1748 867 venerabiles
1810 811 1999 883 imagi-

417 915 534 965 nes,
570 909 623 955 et
655 912 843 955 contra
887 902 1064 971 ipsum
1100 903 1377 957 Christum
1439 904 1717 974 Deumque
1749 912 1996 958 nOstrum

411 991 639 1045 sceleste
674 992 977 1060 proferunt,
1014 995 1210 1050 litteris
1236 996 1473 1061 tradere,
1510 1011 1650 1066 quas
1697 1011 1879 1065 neque
1912 996 1997 1050 in-

412 1082 837 1138 ﬁdelesllebrmi
869 1086 1301 1151 audentdicere,
1357 1095 1415 1143 et
1470 1100 1653 1143 tamen
1714 1089 1890 1143 dolosi
1939 1089 1994 1143 in

411 1176 593 1230 medio
626 1187 875 1232 nostrum
920 1179 1284 1245 ambulantes,
1319 1188 1376 1234 et
1419 1190 1814 1236 conversantes
1871 1196 1995 1235 cum

411 1268 924 1337 liypocrisi,omnia
955 1271 1240 1327 nobiscum
1297 1272 1506 1327 sentire
1558 1273 1835 1328 videntur.
1889 1272 1990 1328 Ec-

410 1359 611 1416 i-lesias
642 1361 916 1417 aedificant
946 1363 1123 1432 impii,
1150 1364 1295 1418 sicut
1334 1365 1438 1435 ipsi
1496 1366 1615 1421 inec
1637 1367 1822 1420 omnia
1857 1381 1991 1421 con-

409 1448 541 1503 fessi
567 1461 715 1514 sunt,
758 1468 869 1505 non
892 1468 958 1506 ex
990 1453 1115 1519 fide,
1149 1455 1241 1510 sed
1281 1465 1338 1509 ut
1366 1471 1461 1510 eas
1496 1456 1749 1524 illudant,
1775 1467 1831 1512 et
1863 1474 1995 1511 eon-

410 1541 698 1606 taminent,
743 1559 867 1598 cum
897 1544 952 1599 in
992 1546 1108 1615 ipso
1143 1546 1298 1601 altari
1341 1547 1608 1603 obscenos
1654 1559 1830 1613 actus,
1878 1559 1998 1605 tur-

409 1648 617 1703 pesque
646 1634 830 1691 coitus
868 1637 1048 1692 facerc
1079 1653 1188 1692 non
1212 1640 1567 1694 abhorreant.
1599 1639 1837 1711 Pingunt
1867 1642 1997 1695 item

410 1722 698 1793 imagines,
734 1740 846 1779 non
872 1741 937 1780 ex
969 1726 1094 1790 fide,
1122 1729 1219 1783 sed
1274 1739 1334 1784 ut
1370 1745 1462 1784 eas
1510 1730 1709 1799 injuria
1762 1732 1996 1785 alliciant

409 1821 466 1865 ct
494 1811 807 1880 inquinent.
868 1814 1102 1871 Faciunt
1149 1834 1364 1885 cruces,
1394 1830 1453 1873 ut
1489 1836 1584 1875 eas
1640 1823 1996 1885 conculcent,

409 1911 467 1956 et
494 1902 726 1959 fmdent.
762 1907 1136 1964 Exseerabiles
1159 1927 1349 1965 eorum
1382 1912 1619 1967 infantes
1645 1914 1699 1967 in
1744 1915 1995 1969 ccclesiis

388 1994 706 2050 manifeste
737 1996 1064 2066 baptizant:
1110 2001 1333 2055 domum
1358 2012 1540 2056 autem
1608 2005 1812 2058 reversi
1856 2022 1996 2074 aqua

404 2099 792 2156 conspurcata,
824 2099 881 2143 et
907 2091 1084 2145 urinis
1114 2107 1207 2147 eos
1242 2093 1447 2158 lavant,
1483 2102 1539 2150 et
1565 2097 1791 2166 spongia
1816 2097 1997 2151 deter-

406 2190 563 2252 gunt,
635 2181 965 2236 diabolicum
1014 2198 1180 2252 super
1239 2184 1359 2238 illos
1408 2200 1628 2239 carmen
1683 2186 1993 2251 recitantes,

406 2286 613 2341 easque
644 2287 709 2326 ex
752 2273 1037 2328 ablutione
1067 2274 1261 2331 sordes
1307 2275 1363 2330 in
1421 2285 1635 2345 turpem
1685 2278 1997 2347 foedumque

408 2365 592 2418 laeum
644 2364 1027 2433 ellundnnt,a
1069 2367 1245 2422 sancti
1299 2368 1642 2437 baptismatis
1697 2370 1871 2440 gratia
1926 2372 1994 2424 ita

406 2472 503 2510 eos
530 2456 770 2512 alienare
804 2460 1132 2529 cogitantes.
1168 2459 1250 2514 Ad
1290 2459 1639 2515 immaculata
1700 2471 1756 2514 et
1786 2461 1996 2516 vivilica

406 2550 673 2618 mysteria
715 2552 980 2606 sumenda
1029 2567 1138 2605 non
1167 2552 1341 2620 jejuni
1373 2554 1641 2607 accedunt
1674 2574 1687 2607 :
1719 2569 1782 2607 ac
1811 2554 1852 2608 si
1903 2570 1997 2609 eos

405 2641 581 2697 latere
611 2644 911 2712 contingat,
966 2660 1092 2700 vere
1156 2644 1371 2699 scelesti
1404 2655 1593 2701 saneta
1623 2658 1918 2717 exspuunt,
1943 2658 1999 2703 et

406 2738 752 2802 conculcanl,
786 2752 847 2791 ea
880 2752 1076 2807 panem
1113 2738 1410 2808 vinumque
1469 2754 1814 2794 communem
1877 2740 1995 2793 exi-

406 2827 604 2882 stiman
614 2835 714 2882 tes.

478 2943 589 2997 Nec
627 2942 827 2997 foedam
860 2941 1003 2997 hanc
1033 2943 1368 3014 impietatem
1417 2943 1834 2998 exseeiabilium
1880 2958 1995 2996 ma-

408 3035 699 3105 gistrorum
731 3035 987 3104 discipuli
1017 3037 1203 3089 statim
1263 3051 1327 3089 ac
1365 3036 1515 3089 brevi
1572 3045 1781 3105 queunt
1840 3036 1997 3089 aditi-

2500 450 2593 494 zz‘.
2628 443 2912 513 ἀληθινοὺς
2946 443 3318 511 Χριστανοῦς
3348 446 3503 500 αότοὶ
3552 450 3679 503 tau-

2106 536 2233 597 τοὺς
2261 533 2639 602 ὀνομάζουσιν.

2177 625 2250 676 Οῦ
2279 623 2461 692 τολμῶ
2493 622 2572 685 δὲ,
2613 621 2856 692 ἀέε).φο“ι,
2894 622 2993 686 τὰς
3026 625 3134 677 τῶν
3161 627 3425 681 τοιούτων
3464 628 3679 683 ἀσεϐῶν

2108 716 2477 787 βλασφημίας,
2522 714 2586 778 ἃς
2635 717 2775 769 κατά
2828 715 2923 769 τοῦ
2993 717 3179 785 τιμίου
3258 722 3353 773 καὶ
3412 720 3677 784 ζωοποιοῦ

2107 810 2366 878 σταυροῦ,
2403 807 2492 860 καὶ
2522 808 2630 858 τῶν
2663 807 2859 876 ἁγίων,
2895 810 2990 861 καὶ
3027 811 3242 863 σεπτῶν
3296 812 3548 874 εἰκόνων,
3583 815 3679 868 καὶ

2108 908 2225 958 κατ’
2257 901 2422 956 αὐτοῦ
2454 901 2545 955 τοῦ
2578 903 2815 970 Χριστοῦ
2850 903 2944 955 καὶ
2974 903 3108 955 Θεοῦ
3135 904 3290 973 ἡμῶν
3318 905 3681 977 βλασφημοῦ-

2107 1013 2212 1059 σιν,
2239 998 2537 1066 ἐγγράφως
2563 998 2843 1063 ἐκθέσθαι,
2867 998 2933 1061 ἃς
2955 999 3075 1052 οὐδὲ
3099 1002 3147 1053 οἱ
3174 1001 3396 1054 ἄπιστοι
3437 1005 3678 1072 Ἑϐραῖοι

2104 1088 2380 1156 τολμῶσιν
2415 1091 2591 1144 εἰπεῖν
2621 1106 2634 1120 ⁸
2670 1091 2822 1159 ὅμως
2852 1093 2900 1143 οἱ
2935 1091 3097 1143 δόλιοι
3129 1094 3295 1160 μέσον
3358 1096 3517 1163 ἡμῶν
3569 1115 3674 1149 πε-

2107 1179 2484 1251 ριπατοῦντες,
2520 1184 2613 1235 καὶ
2654 1184 3230 1252 συναναστρεᾳόμενοι
3280 1189 3336 1237 ὲν
3378 1189 3674 1257 ὑποκρίσει

2106 1269 2388 1339 φαίνονται
2429 1272 2496 1325 τὰ
2521 1274 2781 1343 ἡμέτερα
2812 1272 2988 1325 πάντα
3016 1274 3359 1342 φρονοῦντες.
3388 1278 3679 1339 κτίζουσιν

2105 1364 2402 1434 ἐκκλησίας
2453 1365 2502 1418 οἱ
2543 1365 2781 1429 ἀσεϐεῖς,
2828 1364 3015 1428 καθὼς
3060 1367 3216 1418 αὐτοὶ
3269 1367 3442 1420 ταῦτα
3501 1373 3674 1426 πάντα

2103 1454 2489 1524 ὡμολόγησαν,
2531 1457 2592 1509 οὐ
2627 1455 2833 1518 πίστει,
2860 1456 2980 1509 ἀλλ’
3018 1458 3098 1518 είς
3132 1458 3193 1508 τὸ
3229 1459 3540 1525 ἐμπαίζειν,
3571 1462 3668 1514 καὶ

2107 1547 2345 1615 μιαίνειν
2377 1547 2571 1609 αὐτὰς,
2604 1548 2664 1600 ὲν
2700 1546 2857 1617 αῦτῷ
2894 1546 2971 1615 τῷ
2998 1546 3378 1620 θυσιαστηρίῳ
3420 1553 3516 1613 τὰς
3555 1570 3680 1621 μια-

2107 1635 2208 1704 ράς
2242 1635 2494 1707 πράξεις,
2525 1637 2619 1689 καὶ
2661 1637 2841 1706 μίξεις
2872 1637 3108 1706 αἰσχρὰς
3145 1641 3321 1691 ποιεῖν
3368 1641 3441 1710 μὴ
3475 1657 3678 1711 παραι-

2104 1729 2384 1796 τούμενοι.
2428 1728 2825 1800 Ζωγραφοῦσιν
2882 1730 3143 1793 εἰκόνας,
3201 1731 3263 1782 οὐ
3302 1732 3507 1798 πίστει,
3561 1732 3678 1787 ἀλλ’

2032 1812 2071 1865 Β
2102 1823 2179 1882 εἰς
2213 1820 2273 1872 τὸ
2326 1820 2598 1890 ὑϐρίζειν,
2625 1822 2720 1873 καὶ
2757 1820 2993 1888 μιαίνειν
3023 1820 3213 1882 αὐτάς.
3254 1822 3476 1875 Ποιοῦσι
3517 1841 3677 1876 σταυ-

2105 1913 2234 1982 ροὺς
2261 1916 2341 1975 εἰς
2372 1913 2434 1964 τὸ
2478 1914 2838 1976 καταπατεῖν,
2880 1912 2977 1964 καὶ
3012 1912 3253 1980 μιαίνειν
3308 1914 3507 1977 αὐτούς
3537 1930 3550 1943 ·
3581 1916 3679 1983 βα-

2106 2006 2360 2068 πτίζουσι
2387 2007 2452 2057 τά
2484 2004 2621 2058 ἄθεα
2666 2004 2845 2057 αὐτῶν
2882 2006 3055 2075 νήπια
3112 2007 3172 2057 ὲν
3212 2005 3537 2070 ἐκκλησίαις
3570 2026 3675 2071 (ρα-

2104 2100 2294 2168 νερώς,
2334 2097 2476 2150 οἴκοι
2510 2097 2567 2149 δὲ
2605 2095 2941 2159 ἀπελθόντες
2991 2096 3506 2165 ἀποσπογγίζουσιν
3535 2100 3678 2156 αῦτά

2103 2192 2433 2263 ἐξανάτριχα
2457 2191 2599 2259 μετά
2648 2191 3033 2261 μεμιασμένου
3089 2189 3306 2257 ὖδσεεος,
3333 2192 3429 2244 καὶ
3474 2190 3675 2263 οὔρων,

2104 2287 2650 2347 ὑπαναγινώσκοντες
2695 2284 2881 2347 αὐτοῖς
2951 2284 3266 2354 Σατανικὴν
3305 2286 3545 2355 ἐπῳδὴν,
3577 2288 3674 2340 καὶ

2103 2380 2163 2431 τὸ
2191 2378 2435 2431 τοιοῦτον
2456 2377 2751 2445 ἀπόλουμα
2777 2375 2999 2446 χέουσιν
3031 2379 3089 2430 ἐν
3159 2378 3375 2449 αἰσχρῷ
3401 2380 3548 2448 τόπῳ
3576 2379 3673 2433 καὶ

2108 2472 2311 2544 μιαρῷ,
2343 2469 2839 2541 ἁπαλλοτριοῦντες
2869 2470 3011 2523 αὐτά
3041 2470 3142 2541 τῆς
3159 2472 3385 2541 χάριτος
3407 2471 3500 2524 τοῦ
3518 2471 3670 2539 ἁγίου

2111 2563 2512 2636 βαπτίσματοςζ
2541 2561 2876 2616 Κοινωνοῦσι
2918 2562 3027 2616 τῶν
3074 2563 3361 2632 ἀχράντων
3423 2563 3518 2616 καὶ
3543 2563 3678 2628 ζωο-

2106 2659 2276 2712 ποιῶν
2301 2655 2637 2726 μυστηρίων,
2668 2655 2729 2707 οὐ
2756 2658 2975 2727 νήστεις
2993 2671 3008 2687 ·
3034 2658 3083 2708 εί
3100 2656 3157 2709 δὲ
3184 2658 3275 2710 καὶ
3296 2655 3484 2711 λαθεῖν
3513 2656 3675 2724 δυνηο

2105 2750 2261 2812 θῶσι,
2290 2745 2524 2799 πτύονσι
2551 2745 2620 2797 τά
2664 2744 2817 2811 ἅγια,
2849 2750 2943 2799 καὶ
2983 2746 3396 2800 καταπατοῦσιν
3437 2747 3488 2799 οἱ
3516 2763 3676 2817 παμ-

2108 2848 2318 2914 μίαροι,
2361 2839 2542 2893 κοινὸν
2582 2838 2747 2907 ἄρτον
2779 2839 2955 2892 ταῦτα
2975 2841 3071 2891 καὶ
3102 2833 3245 2890 οἶνον
3277 2839 3590 2908 ἡγούμενοι.

2176 2941 2283 2992 Καὶ
2312 2940 2434 2993 οὐδὲ
2468 2940 2622 2993 αὐτοὶ
2663 2940 2713 2990 oi
2749 2935 2899 3005 παρά
2932 2934 3042 2986 τῶν
3068 2932 3243 2985 ἀθέων
3298 2932 3681 3001 μαθητευὸμε-

2103 3050 2184 3086 νοι
2206 3032 2756 3100 δύνανταιισυντὸμως
2783 3028 2985 3095 ταύτην
3004 3027 3100 3097 τὴν
3129 3027 3331 3097 μιαρὰν
3350 3026 3678 3093 ὲπαιιοὴσαι

408 3146 582 3186 scere.
616 3126 907 3185 Tironibus
930 3126 1076 3183 enim
1099 3126 1382 3195 discipulis
1407 3126 1680 3181 intensuzn
1705 3126 1995 3195 jejunium,

2107 3126 2384 3178 ἀσέϐειαν.
2428 3124 2791 3188 Κανονίςουσι
2823 3124 2929 3191 γάρ
2980 3122 3109 3182 τοὺς
3144 3120 3447 3189 ἀρχχρῖους
3495 3118 3679 3169 αὺτςὶιν

407 3239 644 3278 necnon
678 3233 735 3276 ut
768 3239 865 3293 per
890 3231 1098 3292 septem
1132 3223 1270 3286 dies,
1307 3229 1363 3275 et
1391 3229 1601 3289 septem
1654 3230 1844 3272 noctes
1875 3234 1996 3286 prc-

2107 3215 2354 3286 μαθητάς
2389 3214 2796 3283 ἐπιτεταμένην
2823 3212 3103 3283 νηστείαν,
3127 3213 3221 3262 καὶ
3247 3209 3412 3277 εὐχὰς
3441 3208 3679 3270 ἐπτάκς

410 3332 501 3371 ωε
541 3316 794 3379 fundant,
825 3326 881 3369 ut
913 3331 1074 3368 unam
1110 3318 1352 3369 tunicam
1415 3321 1649 3383 gestent,
1704 3319 1760 3364 et
1814 3326 1844 3364 a
1900 3325 1997 3365 sua

410 3422 533 3463 sese
566 3422 737 3461 uxore
776 3406 1086 3461 abstineant
1114 3423 1178 3460 ex
1211 3405 1328 3474 lege
1363 3404 1751 3473 piazscnlmnt.
1793 3403 1866 3452 Ita
1906 3400 1999 3456 Dei

410 3499 591 3570 legem
645 3500 1035 3553 subvertentes
1094 3498 1265 3566 impii,
1329 3511 1452 3549 cum
1509 3510 1606 3547 eos
1680 3495 1734 3546 in
1798 3494 1995 3545 borum

410 3600 809 3662 praeceptormn
847 3591 1199 3647 observantia
1239 3589 1328 3641 diu
1388 3595 1809 3656 perseverantes
1843 3587 1996 3639 vide-

412 3685 542 3747 rint,
575 3694 706 3738 tunc
736 3692 791 3736 et
813 3682 1077 3750 baptisma
1102 3681 1182 3735 eis
1213 3677 1565 3748 pollicentur,
1593 3677 1767 3730 sancti
1801 3689 1999 3743 nempe

409 3774 757 3844 baptismatis
778 3774 1203 3832 abstersionem,
1232 3779 1288 3823 et
1320 3767 1734 3828 alienationem,
1785 3774 1841 3817 et
1884 3766 2000 3817 dia—

410 3868 575 3922 bolici
644 3868 908 3922 carminis
978 3866 1379 3927 recitationem,
1434 3876 1556 3930 qum
1608 3858 1794 3912 omnia
1849 3857 2001 3926 inpii

411 3958 745 4027 baptismum
768 3966 989 4010 vocant.
1011 3955 1215 4010 Verum
1243 3970 1312 4007 ne
1342 3962 1473 4007 tunc
1506 3952 1729 4021 quidem
1760 3949 2003 4015 scelesti,

412 4048 716 4118 impietatis
749 4063 941 4102 eorum
971 4045 1227 4115 mysteria
1257 4044 1487 4113 prodere
1542 4042 1852 4103 confidunt,
1905 4042 2003 4094 sed

410 4139 484 4193 ab
512 4140 581 4193 iis
611 4141 1099 4206 certajuramenta
1131 4135 1423 4204 diligenter
1449 4132 1757 4201 requirunt,
1789 4146 1860 4185 ne
1886 4133 2005 4185 vul-

413 4246 482 4300 go
520 4245 584 4285 ea
618 4244 736 4299 quae
768 4228 837 4282 ab
880 4228 1016 4298 ipsis
1042 4226 1379 4288 didicerunt,
1413 4224 1766 4278 manifestent
1804 4240 1818 4277 :
1874 4232 2004 4278 tunc

414 4337 545 4377 vero
581 4322 814 4374 multum
845 4329 1004 4374 caute
1070 4333 1240 4372 unum
1292 4326 1385 4369 aut
1411 4316 1640 4370 alterum
1693 4316 1802 4371 illis
1848 4330 2005 4371 reve-

414 4417 549 4470 lant.
590 4415 728 4469 Cum
794 4428 889 4469 eos
960 4411 1192 4467 viderint
1273 4409 1404 4463 illud
1469 4409 1626 4464 facile
1675 4408 2005 4478 suscepisse,

2100 3309 2200 3379 τῆς
2229 3308 2469 3378 ἡμέρας,
2503 3307 2600 3360 καὶ
2619 3306 2853 3367 ἑπτάκις
2883 3304 2983 3374 τῆς
3022 3303 3238 3367 νυκτὸς,
3274 3302 3334 3354 τὸ
3378 3302 3675 3372 μονοχίῖω⁶

2103 3416 2201 3462 νας
2233 3395 2394 3463 εἶναι,
2430 3398 2642 3467 ἀποχὴν
2696 3396 2934 3467 παντελῆ
2982 3396 3081 3466 τῆς
3121 3395 3259 3456 ίδίας
3299 3395 3581 3462 γυναικὸς,
3616 3394 3677 3444 ἐν

2101 3492 2276 3562 τούτῳ
2323 3493 2372 3543 οἱ
2403 3490 2622 3551 ἀσεϐεῖς
2664 3490 2754 3542 τὸν
2792 3488 2886 3541 τοῦ
2912 3487 3047 3541 Θεοῦ
3071 3488 3471 3557 ἀνατρέποντες
3487 3485 3677 3553 νόμον.

2100 3583 2209 3635 Καὶ
2238 3583 2326 3634 ὅτε
2360 3581 2723 3651 χρονίσαντας
2757 3578 2940 3632 ἴδωσιν
2977 3581 3056 3641 είς
3085 3580 3185 3648 τὴν
3217 3577 3479 3647 τοιαύτην
3528 3579 3683 3629 ἐντο-

2102 3673 2221 3743 λὴν,
2254 3674 2375 3726 τότε
2411 3674 2505 3727 καὶ
2536 3672 2598 3724 τὸ
2631 3673 2948 3742 βάπτισμα,
2976 3669 3393 3740 ὑπισχνοῦνται,
3448 3669 3545 3737 τὴν
3573 3667 3671 3720 τοῦ

2103 3769 2260 3835 ἁγίου
2295 3766 2672 3838 βαπτίσματος
2697 3763 3104 3831 ἀποσπὸγγισίν
3138 3779 3199 3815 τε
3247 3762 3342 3815 καὶ
3374 3762 3676 3831 ἀλλοτρίω-

2107 3878 2214 3928 σιν,
2248 3861 2463 3930 καὶτῆς
2493 3860 2799 3927 Σατανικῆς
2838 3855 3060 3925 ἐπῳδῆς
3084 3854 3185 3926 τὴν
3216 3856 3613 3921 ὲπανάγνωσιν,
3643 3851 3682 3906 ἆ

2100 3972 2226 4009 τινα
2248 3954 2299 4007 oi
2330 3954 2549 4016 ἀσεϐεῖς
2584 3955 2869 4025 βάπτισμα
2901 3948 3250 4017 ὀνομάζουσι.
3312 3948 3420 3999 Καὶ
3449 3946 3558 3999 οὐδ’
3580 3945 3673 3998 οὗ·

2102 4064 2214 4110 τως
2243 4050 2290 4101 οε
2324 4047 2546 4109 ἀσεϐεῖς
2572 4047 2641 4099 τὰ
2668 4045 2765 4114 τῆς
2797 4041 3053 4099 ἀσεϐείας
3083 4040 3261 4093 αὐτῶν
3291 4037 3555 4110 θαρροῦσι
3582 4056 3679 4108 μυ-

2107 4140 2327 4210 στήρια,
2352 4138 2470 4191 ἀλλ’
2486 4137 2777 4206 ἀσφαλέως
2800 4138 2894 4187 καὶ
2921 4135 3117 4203 ὅρκους
3142 4133 3335 4187 αὐτοὺς
3362 4130 3678 4192 ἀπαιτοῦσι,

2103 4231 2197 4283 τοῦ
2236 4232 2309 4299 μὴ
2338 4229 2476 4297 δῆλα
2508 4231 2620 4290 τοῖς
2651 4226 2870 4289 πολλοῖς
2918 4225 3142 4287 ποιῆσαι
3187 4226 3257 4274 τά
3317 4222 3448 4291 παρ’
3486 4222 3670 4274 αὐτῶν

2103 4322 2509 4392 διδασκόμενα·
2571 4320 2665 4373 καὶ
2714 4318 2866 4390 μόλις
2905 4321 3045 4389 μετά
3103 4316 3350 4385 σκέψεως
3381 4315 3682 4387 θαρροῦσιν

2108 4416 2264 4471 αὐτοὶ
2297 4414 2355 4467 ἓν
2388 4413 2483 4468 καὶ
2516 4414 2699 4484 μόνον.
2729 4412 2842 4465 Καὶ
2866 4412 2956 4464 ὅτε
3009 4411 3196 4463 ἴδωσιν
3226 4408 3464 4470 εὐκόλως
3499 4423 3682 4475 παρα-

413 4510 582 4564 etiam
617 4508 725 4562 alia
754 4507 836 4561 eis
865 4505 1057 4560 dicunt
1088 4512 1144 4558 et
1177 4505 1258 4574 ita:
1288 4501 1599 4572 paullatim,
1627 4509 1682 4555 et
1739 4516 1847 4554 non
1902 4501 1999 4554 nisi

2109 4508 2440 4580 δεξαμένους
2469 4507 2629 4560 τοῦτο
2681 4505 2905 4568 αὐτοὺς,
2953 4502 3174 4569 λέγουσι
3207 4505 3302 4554 καὶ
3344 4502 3510 4571 ἔτερα
3534 4515 3547 4527 ·
3577 4501 3681 4559 καὶ

414 4604 577 4672 longo
623 4600 889 4671 temporis
963 4614 1129 4653 cursu
1170 4597 1469 4666 discipulos
1523 4595 1854 4664 impietatem
1914 4595 2001 4650 vix

414 4700 632 4750 docent.
668 4690 823 4747 Tune
849 4691 1071 4747 demum
1136 4704 1230 4743 eos
1290 4690 1554 4752 educunt,
1610 4698 1672 4740 ut
1723 4685 2000 4741 diabolum

418 4788 768 4841 tenebrarum
799 4784 1102 4856 principem
1128 4782 1462 4837 sensibiliter
1495 4780 1749 4843 adorent,
1796 4793 1860 4833 ex
1894 4793 2004 4848 quo

418 4881 690 4951 magistri,
726 4890 782 4935 et
814 4893 925 4933 non
969 4876 1204 4946 amplius
1259 4874 1513 4944 discipuli
1569 4871 1863 4926 miserrimi
1921 4871 1996 4925 illi

419 4973 577 5024 fiunt.
638 4969 744 5035 Qui
818 4977 1001 5022 autem
1064 4965 1293 5019 adorant
1338 4962 1633 5026 diabolum,
1693 4961 1860 5016 veluti
1911 4975 2007 5031 per

421 5061 699 5117 somnium
737 5058 1007 5115 terribiles
1042 5070 1228 5111 rerum
1263 5055 1534 5125 imagines
1567 5054 1773 5108 vident.
1812 5051 1920 5108 Sed
1951 5061 2007 5107 et

422 5151 855 5224 subscriptiones
879 5163 1044 5204 manu
1071 5145 1291 5216 propria
1311 5144 1554 5215 signatas
1580 5143 1866 5213 requirunt
1888 5157 2008 5196 ma-

424 5248 603 5322 gistri,
630 5246 835 5316 quibus
865 5239 1120 5311 discipuli
1148 5252 1428 5308 nunquam
1476 5235 1715 5305 amplius
1751 5235 1818 5289 ad
1847 5234 2008 5289 Chri-

428 5343 733 5399 stianorum
766 5335 923 5391 ﬁdem
949 5326 1010 5390 se
1049 5343 1396 5387 rerversuros
1435 5326 1812 5398 polliceantur.

504 5434 571 5489 At
594 5445 712 5496 vos,
755 5428 972 5491 fratres,
1004 5438 1073 5478 ne
1100 5420 1220 5476 sitis
1253 5426 1445 5474 contra
1475 5416 1611 5472 tales
1649 5416 1849 5487 impios
1900 5424 2008 5469 tam

433 5531 580 5584 bono
607 5520 789 5581 affecti
829 5519 1013 5575 animo
1056 5524 1119 5569 ut
1161 5514 1243 5568 eis
1279 5510 1537 5577 credatis,
1598 5524 1722 5564 eum
1764 5509 2007 5576 Patrem,

430 5622 628 5677 Filium
681 5625 737 5673 et
778 5614 1049 5685 Spiritum
1089 5617 1339 5664 sanctum
1391 5600 1635 5660 credere
1669 5610 2007 5656 asseverant.

433 5713 639 5769 Omnes
669 5710 817 5766 enim
853 5707 1092 5760 bazreses
1122 5701 1224 5755 hoc
1250 5697 1598 5769 profitentur,
1628 5702 1684 5746 et
1714 5691 2010 5747 Pauliciani

435 5818 493 5864 et
529 5805 720 5875 reliqui
747 5818 940 5860 omnes
972 5799 1112 5855 idem
1148 5793 1353 5851 dicunt.
1382 5791 1452 5845 At
1502 5803 1633 5845 vero
1688 5787 1837 5856 impii
1903 5786 2010 5850 ist‘,

2105 4598 2279 4663 οὕτως
2312 4599 2455 4652 κατὰ
2483 4597 2677 4668 μικρὸν
2707 4595 2795 4648 διὰ
2816 4594 3013 4663 χρόνου
3050 4593 3205 4661 μόλις
3230 4591 3679 4644 άποκαλῦπτουσι

2106 4695 2218 4756 τοῖς
2249 4692 2522 4763 μαθηταῖς
2549 4691 2648 4758 τὴν
2680 4689 2956 4743 ἀσέϐειαν.
2995 4687 3106 4738 Καὶ
3132 4684 3319 4737 λοιπὸν
3340 4684 3460 4735 τότε
3486 4683 3689 4752 φέροοο

2109 4805 2194 4839 σιν
2221 4787 2441 4848 αὐτοὺς,
2467 4783 2563 4835 καὶ
2583 4779 2981 4852 προσκυνοῦσιν
2999 4776 3276 4846 αἰσθητῶς
3298 4776 3388 4828 τὸν
3408 4774 3678 4831 διάεοων,

2106 4882 2198 4935 τὸν
2225 4880 2463 4950 ἄρχοντα
2487 4874 2582 4928 τοῦ
2617 4874 2865 4935 σκότους,
2895 4873 2989 4924 καὶ
3016 4871 3260 4938 γίνονται
3294 4867 3600 4921 διδάσκαλοι
3628 4865 3682 4916 οἱ

2106 4971 2415 5037 πανάθλιοι,
2471 4969 2568 5023 καὶ
2614 4968 2675 5021 οὑ
2727 4966 2988 5037 μαθηταί.
3049 4964 3315 5016 Βλέπουσι
3371 4962 3428 5013 δὲ
3493 4960 3568 5022 ὡς
3619 4962 3683 5026 ἐξ

2109 5065 2280 5118 ὕπνου
2317 5062 2620 5134 φαντασίας
2656 5060 2894 5130 φοϐερὰς
2917 5058 2967 5109 οἱ
3005 5053 3450 5126 προσκυνοῦντες
3494 5054 3681 5104 αὐτόν·

2108 5150 2465 5212 ἀπαιτοῦνται
2489 5153 2546 5207 δὲ
2576 5154 2671 5206 καὶ
2700 5151 2958 5220 ἰδιόχειρα
2988 5147 3083 5200 τοῦ
3111 5153 3309 5217 μηκέτι
3327 5146 3682 5215 ἐπιστρέφειν

2110 5250 2190 5313 είς
2220 5247 2320 5320 τὴν
2352 5247 2462 5299 τῶν
2492 5242 2839 5313 Χριστιανῶν
2868 5242 3072 5293 πίστιν.

2187 5408 2279 5479 Μὴ
2330 5406 2516 5468 ἁπλῶς
2556 5403 2614 5458 δὲ
2676 5402 3010 5466 διακεῖσθαι,
3055 5399 3299 5469 ἀδελφοὶ,
3357 5398 3495 5469 πρὸς
3556 5398 3683 5459 τοῦς

2110 5501 2393 5563 τοιούτους
2445 5498 2682 5560 ἀσεϐεῖς.
2755 5495 3109 5558 πιστεύοντες
3177 5493 3375 5553 αὐτοὺς
3427 5493 3686 5558 λέγοντας

2114 5592 2354 5663 Πατέρα,
2398 5590 2548 5652 Υίὺν,
2583 5590 2678 5642 καὶ
2711 5588 2870 5656 ἅγιον
2904 5586 3129 5655 Πνεῦμα
3162 5584 3478 5636 πιστεύειν*
3512 5584 3686 5633 πᾶσαι

2110 5687 2225 5756 γὰρ
2250 5686 2306 5738 αἱ
2328 5684 2567 5754 αἱρέσεις
2597 5681 2659 5734 τὸ
2689 5680 2821 5733 αὐτὸ
2847 5678 3094 5745 λέγουσι,
3146 5678 3243 5728 καὶ
3304 5673 3681 5735 Παυλικιανοὶ,

2115 5783 2212 5835 καὶ
2237 5782 2288 5834 oi.
2345 5778 2568 5833 λοιποί·
2627 5776 2776 5845 ὅμως
2829 5766 2976 5825 οὗτοι
3007 5773 3058 5825 oi
3111 5768 3349 5837 ἀσεϐεῖς,
3388 5770 3481 5820 καὶ
3530 5764 3684 5821 ἄθεοι
