4006 6248
226 291 270 352 ﬁl
1279 291 1508 359 PETRI
1541 295 1837 362 POSSINI
1867 295 2294 364 DEDXCATIO.
3334 302 3406 362 6-2

224 405 436 472 dustrize
466 406 521 466 in
554 406 1032 469 elucubratione
1070 408 1280 487 operis
1310 410 1610 488 ingentis,
1658 412 1724 472 in
1781 430 1909 492 quo
1941 413 2241 474 decorum
2272 415 2530 476 istorum
2567 415 2846 476 omnium
2893 415 3158 491 insignia
3201 417 3406 493 speci-

224 507 353 566 mina
388 508 691 563 exstarent
723 523 738 561 :
771 503 1061 562 Historias
1086 503 1382 566 videlicet
1417 523 1622 566 rerum
1683 508 1871 584 longo
1923 511 2117 587 patris
2155 508 2251 568 sui
2304 511 2650 590 principatu
2701 512 3109 571 maximarum
3147 529 3215 572 ac
3249 511 3407 571 mire

223 599 475 659 variarum
508 601 664 656 terra
702 595 989 674 marique
1013 605 1140 658 tota
1176 597 1310 660 fere
1342 600 1483 660 Asia
1517 603 1895 680 Europaque
1929 612 2242 682 gestarum
2281 621 2294 664 :
2328 622 2482 683 quas
2517 607 2979 669 accuratissima
3011 608 3406 668 collectionis

221 693 509 768 diligentia,
548 708 665 752 nec
702 692 910 752 minus
941 694 1092 755 scita
1124 695 1551 774 descriptione
1581 696 1844 759 ordinis.
1878 706 2065 772 atque
2099 695 2538 774 explicationis
2566 706 2790 760 ornatu
2825 699 3178 777 complexa.
3219 699 3401 759 simul

223 789 469 871 praeclare
499 805 531 848 a
574 805 641 848 se
667 789 1026 850 consultum
1065 791 1319 852 rebatur
1345 792 1693 853 rationibus
1734 791 2002 870 publicis
2029 799 2214 854 tanta:
2246 791 2525 852 utilitatis
2592 794 2749 854 libro
2806 795 3165 871 vulgando;
3218 795 3400 856 simul

224 890 446 963 privatas
474 902 622 962 spes
653 885 840 946 fama)
872 903 945 947 ac
989 887 1310 948 memoria;
1341 889 1664 968 perennis,
1700 905 1856 966 quas
1903 887 2022 947 isto
2059 887 2306 966 pietatis
2338 887 2560 947 eodem
2617 888 3052 969 facultatisque
3088 908 3216 951 sua:
3248 908 3406 952 con-

225 986 473 1060 signasset
508 990 955 1055 munumento,
995 1001 1124 1044 non
1161 984 1324 1046 male
1356 986 1727 1048 constitutas
1771 983 2219 1060 gratulabatur.
2273 983 2573 1044 Caetcmm
2627 1003 2810 1062 quam
2854 1006 2997 1049 vere
3051 989 3202 1050 illud
3258 990 3406 1050 olim

231 1081 462 1156 scriptum
498 1096 535 1138 ιι
573 1079 853 1156 quodam
891 1081 971 1140 sit
1005 1101 1019 1138 :
1067 1076 1480 1156 Quantumvis
1514 1083 1695 1143 docta
1730 1081 2086 1158 diserta/lue
2117 1097 2328 1156 opera,
2383 1078 2595 1138 blattis
2618 1080 2814 1142 nihilo
2856 1085 3054 1143 secius
3102 1104 3170 1144 ac
3223 1085 3408 1145 tineis
3458 1089 3463 1094 ’

229 1174 385 1252 epulas
424 1175 679 1242 datura,
713 1177 844 1234 nisi
874 1179 1150 1253 potentis
1182 1188 1239 1237 et
1271 1177 1526 1256 benigni
1571 1179 1742 1257 genii
1777 1177 2012 1254 efﬁcaci
2046 1175 2446 1252 providentia
2478 1186 2778 1235 curentur
2816 1198 2835 1235 :
2869 1195 2993 1238 non
3026 1180 3151 1239 alio
3187 1178 3408 1240 melius

222 1272 475 1347 exemplo,
523 1286 714 1352 quam
750 1271 935 1351 hujus
960 1273 1099 1334 libri
1132 1275 1356 1336 misera
1391 1282 1451 1336 et
1481 1273 1864 1336 lamentabili
1906 1271 2153 1332 fortuna
2205 1272 2679 1349 comprobatum
2723 1279 2836 1333 est.
2875 1275 3020 1332 ’l‘am
3055 1283 3315 1335 venusto
3355 1275 3410 1334 is

216 1366 418 1443 quidem
444 1368 833 1430 elocutionis
865 1369 1018 1430 [lore
1049 1377 1341 1449 comptus
1385 1380 1526 1434 ortu
1559 1371 1698 1448 ipso
1740 1368 1942 1448 primo
1973 1366 2229 1447 prodiit,
2262 1373 2328 1427 ut
2367 1367 2416 1426 si
2451 1366 2708 1428 fabellas
2741 1375 2801 1427 et
2833 1386 3026 1446 nugas
3060 1387 3260 1430 meras
3293 1371 3406 1430 ista

213 1462 464 1537 elegantia
501 1464 1070 1538 garriretaniliter,
1107 1471 1332 1528 ornatu
1356 1467 1492 1529 solo
1537 1467 1834 1528 dictionis
1886 1463 2264 1525 honoratum
2306 1464 2471 1523 inter
2532 1463 2871 1542 scriptores
2929 1466 3169 1526 Atticos
3224 1466 3405 1543 primi

209 1557 436 1617 subsellii
475 1558 919 1620 eblanditurus
951 1560 1068 1620 sibi
1103 1561 1286 1623 facile
1321 1562 1527 1624 locum
1553 1562 1762 1622 fuerit.
1796 1561 2037 1622 Rursus
2067 1567 2190 1620 tam
2230 1575 2412 1636 grave
2437 1566 2687 1635 tamque
2743 1561 2901 1620 scitu
2961 1563 3408 1629 necessarium.

211 1651 735 1730 talidispositicnis
764 1662 920 1727 arte,
961 1663 1262 1736 tantaque
1298 1657 1902 1736 maturitatejudicii
1941 1666 2379 1733 argumentum
2416 1656 2686 1734 explicat
2733 1675 2803 1718 ac
2837 1658 3088 1734 digerit,
3126 1668 3189 1719 ut
3225 1659 3272 1720 si
3309 1659 3406 1720 lo-

207 1751 1013 1828 quereturinqttinatissime.
1053 1761 1261 1814 tamen
1287 1753 1628 1832 splendore
1658 1769 1954 1814 sensuum
1989 1752 2272 1812 illuviem
2310 1754 2668 1822 verborum,
2701 1761 2759 1813 et
2791 1751 3068 1814 historim
3106 1771 3229 1814 non
3261 1754 3405 1816 alibi

207 1853 419 1904 narrata)
460 1847 856 1924 praestantia,
890 1847 1092 1908 labem
1142 1848 1422 1910 barbarie
1452 1867 1522 1911 ac
1569 1850 1976 1910 balbutientis
2035 1849 2339 1909 orationis
2407 1856 2619 1926 posset
2680 1848 3016 1911 redimere.
3081 1853 3406 1910 Postremo

205 1947 336 2025 quod
375 1948 706 2008 mulierem
743 1951 1160 2030 eamdemque
1192 1953 1254 2013 in
1287 1969 1483 2029 regno
1518 1962 1722 2013 natam
1767 1966 1839 2013 ac
1873 1952 2167 2014 nutritam
2207 1951 2426 2030 Operis
2456 1951 2638 2028 spissi
2677 1950 3034 2028 prolixique
3067 1951 3260 2012 fuisse
3291 1969 3404 2012 au-

205 2050 390 2104 ctorem
423 2051 697 2116 constat,
727 2063 824 2105 res
844 2054 936 2106 est
959 2047 1246 2126 profecto
1283 2048 1595 2126 ejusmodi
1619 2065 1759 2126 qum
1790 2049 2118 2126 scriptioni
2157 2065 2271 2109 nec
2301 2048 2440 2125 styli
2467 2048 2699 2125 alioqui
2737 2065 2850 2109 nec
2879 2047 3152 2108 materiae
3176 2065 3404 2124 genere

204 2139 483 2214 tolerabili,
539 2142 790 2202 raritate
823 2143 958 2222 ipsa
993 2151 1052 2206 et
1083 2146 1566 2207 admirabilitate
1597 2145 1939 2224 scriptricis
1971 2145 2201 2222 regium
2240 2147 2506 2223 pretium
2541 2145 2704 2222 apud
2745 2161 2964 2222 aequos
2994 2145 3404 2206 mstimatores

204 2252 369 2296 rerum
401 2238 663 2298 abunde
697 2253 996 2315 magnum
1028 2243 1436 2303 conciliatura
1484 2243 1839 2315 videretur;
1898 2249 1966 2303 ut
2018 2259 2144 2302 non
2202 2242 2347 2302 ferri
2377 2242 2588 2318 solum
2623 2249 2683 2302 et
2725 2237 2876 2318 legi,
2937 2241 3046 2301 sed
3102 2241 3403 2304 celebrari

203 2329 345 2391 etiam
370 2341 564 2412 atque
605 2336 817 2413 eXpeti
850 2333 996 2414 jure
1034 2336 1316 2398 deberet.
1348 2337 1420 2398 Et
1445 2348 1654 2399 tamen
1689 2356 1702 2398 :
1736 2355 1774 2398 ο
1807 2329 1936 2398 rem
1958 2340 2262 2398 miramne
2296 2338 2491 2414 magis
2514 2338 2712 2398 dicam
2734 2353 2810 2398 an
2837 2336 3124 2396 miseram
3156 2331 3168 2397 ι
3199 2344 3402 2396 tamen

203 2425 278 2485 ille
304 2433 383 2487 tot
415 2429 790 2491 nominibus
817 2432 894 2491 art
935 2432 1159 2493 famam
1190 2440 1378 2512 atque
1413 2434 1488 2495 ad
1526 2433 1952 2495 celebritatem
2004 2435 2480 2495 commendatus
2538 2434 3052 2510 liber,-spretus,
3105 2432 3402 2516 abjectus.

206 2522 442 2598 neglectu
475 2525 772 2585 omnium
797 2527 1060 2588 obrutus
1089 2530 1278 2590 annis
1307 2530 1669 2608 quingentis
1699 2530 1760 2590 in
1791 2530 1912 2590 situ
1945 2547 2016 2591 ac
2052 2532 2330 2590 tenebris
2351 2531 2551 2608 jacuit
2586 2547 2598 2588 :
2634 2547 2704 2590 ac
2737 2547 2880 2590 cum
2923 2528 3072 2589 olim
3124 2537 3214 2588 tot
3269 2527 3400 2589 alim

205 2619 332 2678 nulla
358 2619 500 2682 huic
532 2638 608 2681 ex
645 2630 817 2700 parte
851 2625 1294 2702 comparandae
1325 2628 1708 2693 Graecorum,
1744 2627 2004 2695 ultimae,
2054 2627 2299 2698 mediae,
2354 2627 2584 2687 citimte
2649 2625 2974 2686 vetustatis
3016 2625 3400 2685 lucubratio-

203 2729 303 2787 nes,
333 2719 414 2777 vel
447 2736 483 2779 a
521 2718 1012 2782 Venetiensibus
1061 2721 1197 2782 Aldi
1247 2723 1440 2802 typis,
1483 2723 1574 2782 vel
1627 2739 1658 2783 a
1702 2721 2163 2783 Basileensibus
2213 2723 2527 2794 Frobenii,
2565 2723 2654 2782 vel
2703 2723 2780 2783 ab
2816 2721 2952 2782 aliis
3000 2720 3141 2780 alibi
3203 2720 3400 2780 lucem

201 2815 521 2891 acoeperint
554 2832 570 2887 ;
615 2821 674 2875 et
706 2831 847 2876 cum
879 2817 1054 2877 multi
1089 2817 1439 2878 exstiterint
1469 2826 1733 2896 utraque
1757 2818 1925 2879 docti
1958 2818 2163 2893 lingua
2195 2815 2484 2878 homines
2515 2818 2619 2896 qui
2663 2819 2870 2877 Latine
2894 2818 3400 2895 interpretandos

203 2907 437 2970 CGI‘EBCO
479 2909 682 2970 libros
713 2912 1047 2973 ambitiose
1091 2913 1560 2990 conquirerent,
1596 2930 1716 2974 una
1765 2912 1964 2976 ferme
2010 2915 2289 2976 omnium
2340 2918 2533 2974 Annae
2587 2914 2831 2974 Alexias
2876 2913 2994 2973 fuit
3045 2927 3230 2990 quam
3291 2929 3399 2973 sua

201 3005 438 3079 qua-dam
486 3007 886 3068 incredibilis
915 3009 1248 3070 infelicitas
1289 3009 1708 3088 prohibuerit,
1741 3027 1819 3072 ne
1858 3013 1922 3072 in
1953 3011 2147 3072 ullum
2179 3028 2455 3088 unquam
2487 3014 2770 3072 Graecum
2801 3007 3298 3088 typographum,
3333 3009 3395 3068 in

202 3100 437 3166 Latinum
497 3106 914 3185 interpretem
971 3101 1168 3170 ullum
1227 3109 1556 3172 incideret.
1617 3105 1766 3171 Nam
1840 3105 2924 3184 Hceschelianorum'excerptorum
2984 3110 3398 3182 Augus'anam

200 3197 568 3262 emissionem
613 3202 781 3262 illam
815 3219 1002 3264 nemo
1033 3220 1255 3282 tequus
1283 3205 1514 3284 opinor
1545 3207 1742 3283 magis
1789 3204 2217 3284 gratulandam
2250 3203 2602 3263 Cmsarisste
2651 3202 2958 3282 putaverit
2993 3219 3180 3280 quam
3218 3219 3396 3280 puere

201 3308 329 3366 perte
359 3298 658 3358 aliorsum
693 3315 890 3376 passae
924 3297 1237 3361 infelicem
1265 3300 1636 3379 ejectionem
1664 3301 1826 3363 fetus
1855 3309 2210 3362 monstrose
2244 3300 2442 3361 mutili
2473 3307 2530 3360 et
2563 3299 2814 3360 mortui.
2843 3299 2978 3358 Fuit
3011 3307 3216 3360 tamen
3256 3315 3398 3360 cum

200 3391 510 3466 respexisse
544 3397 784 3456 Annam
825 3394 1052 3457 melior
1072 3394 1322 3457 fortuna
1355 3397 1476 3458 visa
1507 3406 1622 3459 est.
1649 3399 1921 3460 Jacobus
1949 3397 2366 3475 Cujacius,vir
2394 3399 2580 3472 longe
2610 3395 2891 3456 omnium
2928 3395 3212 3472 ingenio,
3238 3394 3397 3472 juris

199 3484 434 3560 scientia,
474 3489 837 3566 linguarum
872 3492 1094 3552 notitia
1121 3491 1524 3566 clarissimus,
1559 3494 1866 3556 Alex-iadis
1887 3494 2171 3555 codicem
2209 3500 2450 3556 nactus.
2487 3491 2660 3570 legit,
2687 3492 2990 3570 suSpexit,
3017 3491 3396 3570 praedicavit.

199 3575 458 3660 Denique,
509 3603 642 3664 quo
679 3587 831 3647 nihil
861 3591 1080 3659 Annae,
1108 3586 1261 3648 nihil
1297 3589 1386 3650 rei
1424 3588 1739 3651 litteraria)
1774 3589 2106 3652 consulere
2144 3589 2565 3668 opportunius
2609 3587 2832 3668 potuit,
2861 3587 3176 3647 viroillam
3209 3602 3396 3647 orna.

199 3675 398 3742 tissime
430 3684 1000 3763 eruditissimoque
1038 3685 1505 3746 commendavit
1533 3685 1715 3748 Petro
1761 3687 1980 3758 Fabro,
2023 3703 2055 3747 a
2089 3703 2218 3764 quo
2273 3685 2638 3747 editionem.
2674 3700 2814 3744 cum
2877 3683 3395 3760 interpretatione

200 3773 376 3840 Latina
402 3781 812 3859 conjunctam
843 3799 1098 3861 sperare
1133 3783 1332 3862 ipsam
1373 3792 1713 3862 Oporteret.
1751 3787 1848 3856 At,
1901 3799 1939 3842 ο
1989 3781 2272 3843 fallacem
2308 3780 2724 3842 reconciliataa
2753 3794 2896 3838 cum
2925 3784 3094 3838 sorte
3137 3777 3393 3836 adversa

197 3874 370 3943 gratiae
401 3876 589 3937 ﬁdem
619 3873 633 3939 ι
680 3878 998 3938 recruduit
1031 3879 1202 3940 brevi
1257 3879 1532 3940 atrocior
1559 3895 1746 3958 quam
1777 3886 1958 3940 antea
2002 3877 2268 3938 fatorum
2307 3877 2368 3935 in
2399 3879 2636 3934 Annam
2695 3873 2864 3948 rigor
2897 3889 2909 3931 :
2943 3887 3396 3952 nunquamque

196 3965 629 4045 desperavimus
662 3974 743 4033 de
771 3973 1118 4051 illajustius
1149 3990 1338 4052 quam
1368 3974 1472 4034 ubi
1499 3973 1784 4052 proxime
1814 3990 1992 4052 spem
2022 3988 2416 4033 veneramus.
2441 3967 2842 4030 Subtrahitur
2879 3968 3068 4029 rebus
3103 3969 3394 4031 humanis

198 4077 248 4121 re
278 4065 490 4128 inlecta
528 4069 753 4130 Faber.
790 4069 1123 4148 Exemplar
1152 4069 1408 4130 unicum
1442 4067 1759 4129 Alexiadis
1807 4086 1882 4128 ex
1916 4069 2052 4148 ejus
2075 4067 2322 4130 scriniis
2352 4064 2509 4127 clam
2545 4081 2831 4126 aversum
2865 4063 2924 4122 in
2957 4063 3171 4124 nescio
3218 4061 3388 4142 quod

198 4156 520 4223 barathrum
545 4181 778 4242 quasve
811 4164 1098 4225 latumias
1121 4165 1519 4227 contruditur
1540 4165 1942 4226 inexorabilis
1968 4164 2269 4225 CUSlOditB
2302 4179 2315 4222 :
2349 4162 2465 4223 nisi
2496 4161 2706 4241 potius
2740 4159 2932 4239 (quod
2963 4160 3388 4222 verisimiliter

196 4254 276 4313 alii
311 4261 538 4335 rentur)
573 4277 723 4322 casu
754 4262 1030 4339 quodam
1062 4261 1292 4323 infesto
1325 4263 1725 4340 absumptum
1764 4269 1858 4322 est
1887 4260 2192 4322 funditus.
2222 4261 2334 4321 Hic
2369 4267 2469 4322 tua
2509 4266 2819 4336 quaedam,
2858 4259 2948 4318 vir
2976 4258 3383 4336 amplissime,

198 4367 370 4414 rerum
415 4355 921 4438 fatoprudentia
956 4358 1155 4435 major
1184 4358 1338 4418 etin
1378 4375 1510 4419 rem
1574 4357 1934 4418 litterariam
1993 4357 2180 4418 nullis
2240 4355 2612 4417 deterrenda
2667 4353 3151 4424 difﬁcultatibus,
3211 4354 3395 4414 nullis

198 4453 513 4511 coercenda
543 4452 772 4513 ﬁnibus
818 4453 1197 4529 benignitas,
1229 4455 1396 4513 velut
1431 4470 1466 4514 e
1505 4452 1793 4514 machina
1826 4455 2012 4526 Deus,
2054 4449 2276 4516 adfuit.
2316 4452 2599 4529 Capessis
2653 4446 2814 4511 hanc
2865 4467 3102 4522 curam,
3134 4450 3395 4511 adhibes

197 4541 466 4616 animum,
504 4546 752 4608 lustrari
779 4544 1195 4608 bibliothecas
1217 4545 1428 4626 jubes,
1467 4564 1698 4619 versas,
1738 4550 2026 4626 inquiris,
2061 4566 2183 4627 qua
2215 4547 2379 4608 vales
2425 4555 2683 4626 prOplet‘
2715 4561 3022 4605 summam
3052 4545 3394 4605 auctoritaa

201 4645 298 4699 tem
333 4651 637 4720 potestate
676 4644 891 4721 longe,
954 4660 1178 4721 prope,
1209 4644 1275 4704 in
1308 4650 1608 4716 nostrate,
1641 4644 1706 4702 in
1742 4651 1959 4706 extero
1989 4646 2150 4716 solo,
2193 4645 2458 4714 moliris,
2517 4642 2801 4717 indagas,
2842 4642 3098 4719 retegis.
3159 4642 3392 4718 satagis

201 4737 453 4812 plurima.
495 4743 834 4821 Postquam
857 4742 1008 4803 satis
1043 4742 1324 4802 constitit
1355 4741 1508 4802 nihil
1543 4741 1608 4801 in
1643 4738 1864 4810 Gallia,
1899 4737 2052 4799 nihil
2079 4739 2140 4799 in
2175 4737 2530 4807 Germania,
2572 4733 2722 4795 nihil
2775 4733 3016 4811 uspiam
3049 4732 3394 4812 Cisalpina.

201 4851 314 4894 rum
347 4839 610 4913 gentium
634 4839 774 4918 spei
807 4845 916 4900 aut
947 4838 1217 4916 praesidii
1251 4837 1332 4899 ad
1363 4842 1609 4899 Annam
1643 4854 1808 4908 esse,
1838 4835 1904 4896 in
1945 4834 2183 4895 Italiam
2218 4831 2586 4901 transvolas,
2620 4831 2838 4891 Romae
2888 4847 3017 4890 rem
3060 4847 3262 4901 curas,
3299 4847 3393 4892 ac.

199 4932 466 4994 cersitum
497 4935 645 4997 inde
709 4935 998 4997 codicem
1035 4933 1434 4996 hibliothecm
1469 4934 1825 4995 Barberinae
1856 4947 1985 4994 non
2017 4930 2320 5008 Optimum
2355 4934 2459 4988 aut
2496 4925 2968 5003 integerrimum
3031 4925 3204 4986 illum
3249 4927 3392 5004 qui.

202 5026 340 5093 item.
374 5037 574 5092 tamen
603 5030 915 5110 ejusmodi
951 5048 1078 5108 quo
1111 5031 1424 5108 interpres
1456 5047 1584 5090 non
1617 5025 1836 5098 hebes,
1891 5043 2008 5088 nec
2042 5027 2227 5104 plane
2269 5023 2602 5102 imperitus
2642 5021 2954 5084 consolari
3012 5021 3392 5082 desiderium

202 5123 450 5186 melioris
483 5136 716 5206 posset,
750 5143 892 5188 cum
929 5126 1231 5188 nonnulla
1264 5127 1490 5186 ﬁducia
1524 5143 1737 5204 Operm
1765 5120 2102 5191 navandae;
2151 5119 2428 5186 allatum.
2458 5118 2737 5196 inquam,
2771 5115 2846 5176 ad
2881 5123 2937 5175 te
2970 5116 3168 5176 Roma
3207 5118 3393 5175 Lute-

204 5217 324 5278 liam
353 5224 655 5299 ejusmodi
687 5224 974 5285 codicem
1003 5223 1079 5283 ad
1113 5239 1212 5283 me
1239 5223 1530 5283 Tolosam
1565 5220 1774 5280 mittis.
1810 5216 2026 5277 Aﬂixis
2063 5215 2530 5293 implicituSque
2572 5222 2700 5274 tum
2737 5230 2904 5273 eram
2935 5213 3102 5272 curis
3135 5218 3290 5283 toto,
3329 5217 3393 5271 ut

202 5311 266 5370 ita
293 5316 504 5381 dicam,
537 5319 696 5381 caelo
726 5319 1028 5389 diversis;
1063 5335 1271 5395 neque
1304 5317 1378 5378 iis
1411 5325 1513 5377 aut
1539 5330 1802 5386 numero
1842 5312 2083 5390 paucis,
2139 5319 2244 5373 aut
2290 5328 2520 5387 genere
2583 5309 2845 5370 levibus.
2909 5308 3068 5367 Hinc
3126 5309 3392 5378 Marcus,

203 5405 520 5490 Lucasque,
550 5413 842 5475 Matthteo
872 5413 999 5491 jam
1035 5412 1314 5492 perfecto
1347 5411 1722 5490 promissam
1766 5409 2185 5488 reposcebant
2215 5424 2494 5485 Operam.
2546 5404 2814 5466 Aliunde
2868 5403 3092 5464 divinae
3149 5403 3391 5461 Littera:

207 5506 594 5580 professorem
619 5529 802 5571 suum
831 5510 968 5588 jure
1001 5527 1190 5571 manu
1213 5514 1574 5570 consertum
1603 5507 1908 5569 tenebant
1943 5525 2021 5566 ne
2066 5507 2143 5565 ad
2179 5505 2468 5564 humanae
2498 5500 2777 5562 hlSlOl‘lfB
2809 5496 3390 5577 interpretationem

207 5601 649 5668 descenderem.
680 5607 967 5683 Denique
997 5613 1182 5684 cepta
1213 5604 1369 5664 varii
1406 5602 1654 5680 generis
1685 5603 2010 5680 complura
2039 5599 2384 5662 clausulam
2414 5597 2971 5675 colophonemque
3009 5592 3390 5694 ﬂagitabant.

207 5695 338 5767 Quid
367 5707 660 5774 agerem?
717 5713 822 5768 tua
853 5706 1160 5766 Met-tenus
1191 5699 1356 5764 haud
1391 5699 1600 5762 mollia
1621 5699 1820 5778 jutsa.
1857 5698 2133 5761 lndueiis
2173 5703 2492 5776 utcunque
2535 5692 2918 5772 impetratis;
2981 5695 3041 5750 et
3089 5687 3266 5766 quasi
3314 5687 3390 5788 ab
