4006 6248
504 320 573 375 ﬁt
1615 310 1838 371 PETRI
1884 308 2173 367 POSSIXI
2240 308 2651 372 PILEFATIO.
2801 261 2805 264 ν
3662 308 3738 371 64

499 425 970 505 urgentioribus
999 425 1378 489 creditorum
1402 440 1575 486 mora
1604 421 1936 483 solutionis
1971 428 2244 493 exorata,
2272 428 2468 481 totum
2493 425 2682 482 Annia
2716 436 2815 481 me
2837 418 3050 493 tribui,
3081 424 3280 479 totum
3308 416 3590 496 impendi
3628 434 3642 479 :
3673 431 3739 485 et

500 529 699 581 totum
732 524 811 580 ita
846 538 940 580 res
974 521 1267 597 poscebat
1300 526 1364 580 ut
1397 536 1509 579 nec
1544 524 1708 576 totus
1730 515 2105 576 sumcerem.
2136 518 2204 575 In
2236 517 2575 596 scriptione
2605 516 2827 594 passim
2848 514 3087 575 incerta
3111 513 3488 593 exemplaris
3504 519 3739 577 tumut-

500 618 695 676 tuaria
717 616 807 676 col
822 616 1048 675 latione
1067 616 1420 676 concinnati
1437 613 1795 689 conjectura
1818 620 1877 671 et
1899 611 2255 689 ευδρὶεἰοηρ
2271 613 2569 673 utendum
2596 612 2955 691 plurimum.
2976 613 3237 672 Lacunze
3253 610 3739 673 divinationibus

503 710 897 785 supplendae.
931 711 1282 771 Cavendum
1316 727 1389 770 ne.
1426 707 1607 783 longe
1641 705 2034 766 ornatissima
2066 707 2398 785 Comnenre
2430 708 2628 768 oratio
2661 706 2845 766 nimis
2870 704 3167 782 inaequali
3199 705 3473 766 versioni
3508 707 3738 766 Latium

500 824 793 884 compara
833 814 1001 879 etur;
1039 825 1164 867 non
1200 804 1425 866 minori
1454 803 1701 863 fastidio
1723 802 2124 879 convitioque
2156 802 2506 874 oculorum,
2541 819 2729 881 quam
2773 802 2822 863 si
2861 800 3255 861 holosericus
3285 801 3414 860 viva
3450 820 3732 880 purpura

464 900 715 977 “lucens
750 921 991 978 pannus
1030 920 1213 964 sacco
1243 899 1496 961 cilicino
1526 907 1631 961 aut
1677 898 1850 979 pullo
1885 899 2140 959 centoni
2185 906 2568 960 assueretur.
2608 896 2966 958 Veiendum
3002 914 3077 956 ne.
3120 894 3312 973 (quod
3366 914 3582 971 parum
3644 900 3733 955 vi—

504 1006 660 1057 tasse
693 997 940 1075 aliquos
993 995 1246 1075 querela
1302 995 1640 1055 nultorum
1698 992 1823 1069 est)
1883 993 2466 1069 interpretationem
2533 993 2809 1053 Latinam
2859 992 3129 1052 facerem
3190 992 3451 1051 similem
3503 994 3733 1053 Selacvi

498 1093 762 1159 cribelli.
805 1095 970 1171 quod
1009 1092 1386 1154 meissmin
1420 1091 1745 1153 corniculo
1779 1089 1996 1153 farinae
2044 1090 2263 1151 florem
2308 1088 2515 1167 ipsum
2573 1104 2643 1148 ac
2695 1103 2918 1163 pnium
2987 1086 3285 1164 pollinem
3347 1091 3733 1157 transmittit,

494 1188 771 1249 furfures
801 1206 870 1249 ac
900 1188 1116 1249 sordes
1150 1206 1351 1248 meras
1382 1187 1607 1249 retinet
1632 1194 1692 1247 et
1726 1186 2019 1247 exhibet.
2054 1185 2146 1246 Ad
2184 1183 2317 1244 haec
2354 1183 2650 1261 quoniam
2684 1182 2744 1241 in
2771 1181 3110 1241 Cmsarissae
3140 1182 3432 1241 familiam
3472 1186 3734 1243 nomine

494 1290 682 1361 atque
718 1291 1193 1344 auctoramento
1252 1282 1609 1360 interpretis
1646 1281 2151 1349 transcribebar;
2198 1278 2469 1339 tenenda
2504 1277 2593 1337 vis
2624 1275 2809 1355 hujus
2845 1273 3054 1342 oﬁicii,
3090 1277 3259 1352 quod
3292 1296 3378 1353 qu
3426 1278 3483 1337 le
3514 1279 3615 1347 sit,
3651 1297 3729 1338 ex

494 1379 724 1438 muniis
778 1377 1054 1455 ejusdem
1084 1379 1356 1452 generis,
1392 1376 1835 1455 principalium
1870 1376 2215 1436 scribarum
2251 1380 2309 1433 et
2345 1372 2762 1451 palatinorum
2797 1371 3460 1431 commentariensium
3522 1382 3727 1451 potest

494 1471 781 1547 intelligi.
820 1471 902 1530 lis
939 1489 1119 1549 reges
1159 1472 1522 1550 reginaeque
1554 1472 1637 1532 uti
1673 1472 1879 1533 solent
1927 1469 2003 1531 ad
2037 1467 2401 1529 scribendas
2444 1484 2601 1546 quas
2651 1483 3163 1545 quoquoversum
3202 1468 3511 1527 missitant
3558 1470 3726 1528 litte-

494 1578 616 1631 ras,
652 1580 914 1640 quarum
955 1563 1329 1624 sententiam
1368 1564 1473 1624 ubi
1508 1563 1699 1623 verbo
1733 1568 1838 1622 aut
1868 1570 2020 1623 nutu
2052 1563 2438 1634 indicarunt,
2477 1563 2738 1623 istorum
2787 1562 2919 1639 jam
2953 1561 3272 1636 negotium
3314 1569 3428 1632 est,
3473 1580 3585 1640 pro
3615 1581 3728 1622 sua

493 1657 800 1735 cujusque
831 1657 1151 1729 facultate,
1204 1666 1478 1718 mentem
1511 1657 1924 1736 subscripturi
1980 1657 2209 1718 deinde
2249 1658 2579 1737 principis,
2615 1675 2692 1718 ex
2723 1658 2856 1735 ejus
2888 1658 3189 1735 dignitate
3235 1658 3451 1734 reique
3502 1659 3732 1718 merito

490 1769 679 1829 quam
717 1752 1033 1830 aptissime
1065 1770 1378 1831 quamque
1412 1753 1814 1813 disertissime
1845 1753 2175 1814 disserere.
2201 1754 2526 1814 Postremo
2556 1754 2919 1814 conandum
2949 1760 3013 1812 ut
3056 1753 3249 1813 Graeci
3283 1772 3470 1829 quem
3509 1756 3727 1833 expri-

490 1846 786 1907 mendum
819 1865 1218 1926 susceperam
1254 1846 1580 1927 archetypi
1618 1863 1743 1907 non
1775 1849 2263 1927 superﬁciariam
2296 1849 2501 1910 solum
2531 1849 2794 1910 formam
2818 1855 2920 1909 aut
2945 1849 3174 1910 extima
3205 1851 3507 1910 duntaxat
3533 1850 3734 1912 linea-

492 1957 704 2009 menta
749 1950 991 2027 (qualia
1031 1950 1372 2011 viventium
1415 1950 1480 2010 in
1537 1959 1785 2011 mortuo
1826 1957 2058 2009 restant
2106 1950 2444 2030 cadavere)
2497 1949 2662 2027 stylo
2713 1957 3035 2026 utcunque
3084 1950 3443 2011 assimulata
3508 1952 3733 2011 redde-

492 2062 626 2106 rem
671 2062 935 2107 :verum
971 2048 1151 2107 illum
1206 2048 1470 2125 insuper
1525 2047 1834 2123 vigentem
1888 2064 1960 2107 ac
2013 2053 2404 2123 vegetantem
2463 2047 2654 2119 intus,
2701 2046 3097 2124 subinde-que
3151 2047 3305 2106 vivis
3364 2064 3439 2107 ex
3492 2064 3728 2109 arcano

491 2142 989 2202 evibratio:.ibus
1026 2144 1358 2203 micantem
1394 2145 1623 2202 Latinae
1659 2159 1917 2216 quoque
1968 2142 2345 2220 espositioni
2379 2144 2631 2221 penitus
2689 2143 2968 2203 inderem
3026 2149 3213 2220 atque
3264 2142 3299 2201 i1
3333 2141 3632 2215 halarem,
3672 2143 3724 2202 si

455 2253 770 2311 .possem,
803 2238 1117 2315 Spiritum,
1163 2237 1331 2299 velut
1363 2239 1598 2315 ignem,
1640 2238 1836 2307 aiunt,
1889 2237 2160 2298 tetherea
2206 2237 2581 2298 subductum
2632 2238 2822 2298 domo
2879 2236 3050 2299 luteo
3086 2239 3499 2300 Prometheus
3543 2240 3722 2314 Operi

494 2331 767 2403 miscuit,
798 2332 950 2392 nihil
977 2333 1210 2411 alioqui
1245 2350 1430 2394 supra
1461 2336 1722 2393 maesam
1757 2331 1940 2391 vilem
1974 2333 2314 2394 madefacti
2346 2335 2626 2413 pulveris
2648 2335 2880 2396 futuro.
2913 2337 3025 2397 His
3047 2354 3163 2414 ego
3190 2344 3277 2397 tot
3300 2338 3717 2406 cautionibus,

496 2431 587 2486 tot
618 2426 1315 2504 circumspectionibus.
1350 2445 1420 2489 ac
1468 2426 1998 2487 destinationibus
2036 2435 2157 2491 tam
2188 2432 2373 2492 variis
2428 2433 2888 2511 prmmiinitam.
2945 2433 3070 2494 imo
3128 2434 3330 2493 deﬁxe
3385 2434 3715 2503 intentam.

491 2529 681 2599 atque
713 2523 898 2584 anxie
926 2523 1258 2584 sollicitam
1299 2532 1572 2584 mentem
1609 2522 1795 2584 habui
1823 2531 1951 2583 tota
1989 2524 2050 2583 in
2082 2524 2408 2586 functione
2469 2528 2827 2588 demandati
2873 2527 3059 2605 hujus
3089 2546 3119 2589 a
3153 2536 3211 2589 te
3246 2528 3396 2588 mihi
3438 2531 3721 2589 muneris

488 2616 1001 2684 luculentissima;
1032 2621 1309 2683 bistoriaa
1340 2622 1569 2683 Latinis
1609 2621 1872 2682 edendae
1904 2621 2148 2682 litteris.
2195 2624 2558 2698 Quanquam
2592 2639 2755 2682 mere
2778 2639 2875 2683 me
2904 2623 3347 2684 imbecillitatis
3386 2625 3719 2684 conscien-

489 2716 574 2776 tia
615 2717 870 2778 nimium
905 2718 1122 2779 timere
1154 2718 1345 2796 cogit,
1390 2736 1516 2780 non
1550 2718 1742 2779 modo
1781 2734 1861 2779 ne
1893 2717 2062 2797 quod
2094 2719 2407 2796 sequebar
2437 2734 2563 2778 non
2602 2729 2924 2778 assecutus
2965 2719 3107 2789 sim,
3160 2736 3373 2778 verum
3418 2718 3603 2777 etiam
3637 2736 3718 2779 ne

485 2807 553 2870 in
584 2812 736 2873 alias
766 2814 989 2874 diversi
1034 2816 1281 2893 generis
1312 2814 1841 2895 reprehensiones
1873 2813 2274 2876 incurrerim.
2322 2813 2463 2873 Scio
2511 2813 2806 2873 nimirum
2858 2813 3012 2883 scio,
3079 2814 3206 2874 haec
3259 2814 3334 2874 de
3379 2831 3497 2892 qua
3558 2814 3714 2879 dixi,

489 2922 674 2973 Quam
713 2909 1030 2986 proﬁteor,
1056 2911 1243 2971 libere
1279 2911 1595 2989 politeque
1627 2909 2261 2988 interpretandisecta
2282 2915 2342 2969 et
2368 2910 2543 2979 ratio,
2567 2909 2662 2969 cui
2689 2918 3127 2986 quanlmquam
3158 2908 3491 2968 offensioni
3520 2925 3719 2987 eXpo-

489 3006 608 3062 sita
652 3006 728 3063 sil
765 3007 1032 3065 tristium
1063 3024 1493 3068 ccnsurarum.
1532 3008 1686 3066 Sunt
1724 3005 1831 3085 qui
1872 3023 2053 3066 nares
2093 3012 2452 3079 corrugent,
2506 3004 2612 3082 qui
2658 3004 3074 3083 superciliose
3134 3012 3398 3064 renuant
3460 3005 3716 3082 quoties

493 3099 765 3159 occurrit
812 3102 1016 3161 Latina
1056 3104 1254 3163 oratio
1292 3088 1483 3181 super
1503 3104 1733 3164 Graeca)
1769 3101 2064 3174 modum;
2112 3099 2361 3180 quoties
2393 3099 2659 3160 vicissim
2696 3101 2992 3159 fluentem
3030 3099 3193 3159 velut
3225 3100 3428 3160 sinum
3464 3100 3711 3160 Asiatici

482 3193 788 3270 Syrmatis
832 3197 1127 3257 Romante
1158 3198 1476 3258 munditia)
1500 3198 1785 3259 breviore
1825 3197 2218 3257 succinctum
2256 3196 2424 3257 nodo
2465 3202 2719 3272 cogunt.
2753 3195 2900 3268 Quis
2936 3211 3157 3255 omnes
3194 3205 3520 3256 enumeret
3557 3196 3717 3255 deli-

488 3288 615 3347 cias
652 3288 1062 3360 fasti-librum,
1097 3309 1363 3369 quarum
1396 3292 1458 3352 in
1507 3310 1765 3353 censum
1805 3292 2061 3352 veniunt
2096 3290 2500 3351 oscitationes
2527 3290 2688 3351 male
2731 3290 3095 3351 fet-iatorum
3136 3291 3361 3369 supina
3397 3291 3711 3352 interdum

489 3390 550 3442 et
588 3385 949 3446 semisomni
981 3386 1245 3448 lectione
1292 3386 1441 3447 nihil
1478 3388 1592 3448 nisi
1633 3405 1818 3449 ansas
1850 3384 2180 3448 vellicandi
2229 3384 2634 3463 captantium.
2674 3384 2795 3444 Hic
2855 3384 3185 3455 enimvero,
3250 3384 3444 3455 aiunt,
3504 3386 3719 3446 Graia!

490 3498 743 3539 acumen
775 3483 1037 3557 argutiw
1062 3485 1354 3561 pinguem
1387 3484 1787 3561 interpretem
1819 3482 1984 3542 haud
2009 3481 2299 3559 pupugit.
2347 3478 2510 3539 Alias
2559 3478 2941 3539 subsannant
2973 3497 2984 3537 :
3020 3480 3150 3539 Hui
3203 3499 3383 3559 quam
3429 3481 3718 3558 patulum

488 3578 654 3634 circa
685 3575 889 3635 orbem
921 3587 1089 3637 errat
1120 3578 1141 3636 Ι
1177 3585 1268 3638 est
1297 3578 1399 3638 ubi
1433 3578 1747 3656 ﬂagitium
1777 3579 1797 3637 .'
1833 3578 2188 3656 increpant,
2221 3575 2385 3655 quod
2402 3574 2645 3653 judicio
2685 3575 2965 3653 ipsorum
2998 3574 3469 3653 strangulentur
3497 3586 3718 3635 aucto-

481 3671 574 3729 ris
619 3690 820 3746 sensa,
886 3673 1049 3753 quod
1104 3681 1417 3733 mutrntur
1482 3692 1673 3734 aurea
1702 3673 2028 3753 plumbeis.
2070 3672 2249 3748 Quod
2276 3671 2483 3731 stricti
2534 3669 2696 3730 sales
2739 3671 3183 3747 intemperanti
3234 3672 3464 3731 Latina:
3519 3674 3718 3749 copia:

485 3768 922 3845 superfusione
954 3768 1300 3848 liqueﬁunt.
1340 3770 1625 3850 Denique
1656 3770 1907 3832 interim
1940 3770 2129 3831 bilem
2162 3771 2502 3845 erumpunt
2556 3766 2958 3842 indignantes
2992 3788 3006 3826 :
3052 3767 3383 3827 Exurdato
3418 3766 3715 3829 barbarie

479 3862 698 3939 palato
741 3884 866 3923 non
902 3867 1180 3942 sapuisse
1210 3866 1468 3927 salivam
1505 3868 1799 3928 Atticam.
1846 3869 1990 3928 Haec
2020 3871 2081 3926 et
2116 3864 2248 3942 ejus
2277 3862 2526 3940 generis
2559 3870 2784 3923 caetera
2821 3870 3172 3941 praeterque
3206 3864 3484 3940 longum,
3517 3865 3714 3926 etiam

485 3973 602 4017 nec
633 3957 783 4017 mihi
826 3969 1203 4037 promptum,
1246 3969 1306 4021 et
1336 3963 1573 4039 alioqui
1603 3966 1775 4024 exitu
1806 3980 2039 4041 anceps
2060 3961 2247 4023 fuerit
2276 3959 2436 4021 velle
2482 3961 2811 4036 purgando
2844 3977 2913 4020 ac
2949 3975 3061 4036 pro
3121 3976 3220 4020 mc
3283 3961 3553 4020 dicendo
3605 3978 3711 4021 re-

480 4049 722 4112 fellere.
757 4053 1085 4128 Nunquam
1117 4054 1408 4130 equidem
1438 4055 1613 4115 soleo
1649 4055 1801 4113 mihi
1831 4057 2015 4116 nimis
2037 4058 2337 4117 tribuere.
2364 4056 2521 4129 Quin
2547 4058 2705 4117 adeo
2741 4055 3109 4133 plerumque
3144 4059 3277 4134 ipse
3309 4056 3458 4116 mihi
3486 4075 3710 4135 parum

480 4163 700 4223 aequus
731 4163 907 4213 sum;
950 4147 1187 4224 quippe
1236 4147 1472 4223 ingenii
1506 4165 1576 4206 ac
1614 4147 1924 4209 facultatis
1956 4157 2191 4226 quanta
2226 4150 2305 4210 sit
2335 4150 2607 4210 tenuitas
2665 4151 2956 4212 conscius
3013 4151 3284 4222 animus,
3325 4152 3560 4229 judicia
3600 4169 3711 4213 re-

478 4241 1009 4320 prehendentium
1042 4242 1130 4301 vel
1164 4242 1398 4319 excipit
1425 4257 1685 4302 assensu
1711 4240 1905 4313 facili,
1939 4242 2031 4303 vel
2068 4242 2229 4303 ultro
2272 4242 2718 4304 consciscenda
2762 4260 3025 4305 censura
3077 4254 3491 4323 praeoccupat.
3528 4248 3713 4309 Nunc

477 4353 629 4398 vero
658 4337 841 4397 etiam
879 4336 1209 4415 plusquam
1244 4336 1394 4397 alias
1426 4335 1587 4398 male
1623 4345 1861 4411 metuo,
1902 4354 1980 4399 ne
2015 4337 2161 4399 alibi
2198 4337 2312 4408 vis,
2354 4337 2499 4399 alibi
2532 4355 2656 4411 ars,
2701 4339 2844 4399 alibi
2874 4339 3139 4401 felicitas
3193 4342 3491 4418 satagenti
3562 4343 3717 4405 licet

475 4431 633 4493 mihi
671 4430 1027 4510 frustraque
1053 4431 1335 4492 molienti
1364 4430 1655 4492 defuerit.
1687 4433 2101 4504 Quamobrem
2130 4433 2372 4509 singula
2403 4433 2643 4511 objecta
2687 4434 2737 4495 si
2799 4452 3165 4514 persequar,
3207 4438 3491 4513 quaedam
3542 4439 3714 4500 forte

474 4529 599 4590 sint
628 4528 857 4608 quibus
886 4527 1200 4589 diluendis
1232 4544 1346 4590 nec
1379 4544 1651 4600 coronae,
1688 4545 1803 4589 nec
1825 4528 2148 4607 judicibus
2183 4528 2580 4602 satisfaciam,
2616 4530 2916 4591 nonnulla
2957 4532 3139 4592 etiam
3172 4532 3233 4591 in
3267 4533 3495 4608 quibus
3523 4552 3716 4595 aecu-

470 4631 662 4692 satori
697 4644 855 4691 reus:
872 4635 1098 4706 sponte
1123 4625 1433 4687 conﬁtens
1462 4626 1664 4704 palam
1696 4625 1838 4686 dem
1870 4641 2115 4687 manus.
2149 4627 2538 4690 Innocentius
2566 4644 2719 4690 meae
2744 4636 2949 4690 tamen
2985 4637 3045 4691 et
3076 4631 3218 4692 ﬁdei
3247 4630 3369 4693 hoc
3405 4632 3469 4693 in
3501 4651 3711 4713 nego-

469 4727 564 4791 tio
598 4726 850 4805 Optimae
871 4739 1000 4786 non
1031 4739 1064 4785 a
1103 4720 1647 4783 criminationibus
1674 4721 1871 4800 magis
1902 4722 2123 4783 alienis
2163 4737 2349 4799 quam
2387 4723 2465 4783 ab
2492 4723 2691 4801 ipsius
2721 4722 2843 4783 mei
2893 4725 3255 4787 morositate
3274 4727 3495 4805 judicii
3529 4732 3706 4807 peri-

471 4822 766 4889 clitantis,
802 4837 880 4881 ne
905 4818 1154 4899 penitus
1189 4834 1437 4880 causam
1481 4817 1784 4888 deseram,
1818 4819 2240 4895 proﬁtendum
2285 4818 2387 4880 hic
2429 4826 2544 4891 est,
2601 4835 2703 4878 me
2753 4828 2908 4881 nutu
2937 4837 3009 4882 ac
3055 4821 3233 4898 jussu
3269 4829 3377 4882 tuo
3409 4833 3707 4901 suscepta

476 4912 800 4992 provincia
831 4927 1018 4990 quam
1052 4909 1312 4969 minime
1333 4907 1495 4969 male
1528 4907 1786 4985 defungi
1817 4909 2149 4983 studuisse,
2182 4912 2247 4972 in
2280 4929 2356 4973 eo
2389 4929 2507 4974 nec
2536 4914 2805 4991 tempori
2845 4932 2960 4975 nec
3008 4913 3226 4979 labori,
3278 4931 3396 4976 nec
3429 4926 3660 4977 conten
3684 4951 3705 4960 ε

472 5008 632 5070 tioni
671 5005 1030 5085 pepercisse
1069 5018 1373 5080 unquam.
1406 5002 1747 5063 Successus
1777 5004 1918 5081 quis
1944 5007 2194 5067 tandem
2227 5009 2476 5069 conatui
2525 5008 2947 5087 responderit,
2994 5018 3061 5069 ut
3108 5011 3533 5088 producenda;
3580 5032 3701 5073 ue-

473 5102 815 5180 quidquam
848 5098 1058 5158 multis
1087 5094 1436 5174 clepsydris
1465 5095 1773 5175 apologiaa
1804 5101 2245 5179 compendium
2311 5121 2438 5165 uno
2474 5104 2663 5165 verbo
2693 5103 2935 5176 faciam,
2971 5105 3079 5176 tui,
3122 5106 3214 5164 vir
3250 5106 3542 5180 maxime,
3586 5110 3701 5186 ju-—

474 5197 648 5269 dicii,
680 5196 769 5258 tui
806 5193 1043 5275 arbitrii
1081 5210 1180 5253 res
1209 5198 1367 5255 esto.
1401 5194 1599 5254 Nemo
1630 5194 1746 5255 erit
1772 5196 2052 5256 omnium
2096 5199 2217 5276 (sat
2252 5200 2416 5278 scio)
2452 5209 2569 5260 tam
2618 5200 2907 5277 pervicax
2936 5200 3044 5278 qui
3087 5200 3137 5260 si
3185 5202 3393 5262 minus
3436 5212 3703 5282 prepter

470 5292 926 5372 amplissimum
959 5288 1405 5365 magistratum,
1437 5304 1563 5365 quo
1577 5288 1739 5366 juris
1782 5296 1842 5350 et
1875 5293 2035 5369 aequi
2068 5293 2476 5362 moderamen
2505 5295 2611 5355 tibi
2636 5313 2950 5357 summum
2980 5296 3342 5359 attributum
3368 5311 3486 5370 est,
3518 5310 3700 5363 certe

471 5396 734 5473 prapter
779 5383 1169 5447 notissimam
1202 5381 1518 5454 omnibus,
1552 5389 1613 5443 et
1655 5384 1815 5445 ultra
1842 5385 2029 5448 etiam
2053 5405 2241 5465 quam
2272 5389 2521 5468 imperii
2559 5390 2716 5451 ﬁnes
2743 5390 2959 5452 Gallici
2995 5392 3332 5469 pertinent,
3373 5394 3697 5459 celebrem

466 5506 541 5552 ac
572 5481 994 5550 venerabilem
1030 5481 1407 5556 aequitatem,
1440 5477 1727 5540 doctrina
1757 5481 1925 5542 varia
1956 5483 2294 5561 omnisque
2329 5485 2577 5560 generis
2598 5485 2909 5564 sapientia
2943 5486 3372 5565 conjunctam,
3402 5505 3535 5551 non
3564 5500 3698 5555 tum

467 5587 754 5649 standum
798 5575 1154 5643 deﬁnitioni
1184 5579 1359 5653 putet
1391 5592 1408 5633 :
1446 5588 1549 5634 me
1585 5574 1842 5652 quidem
1876 5577 2034 5655 ipso,
2085 5594 2473 5657 quocunque
2529 5579 2663 5641 alea
2704 5580 2975 5649 verterit,
3040 5583 3198 5642 adeo
3262 5582 3411 5644 nihil
3466 5598 3700 5653 contra

467 5688 815 5761 exceptura
845 5674 935 5739 vel
974 5673 1412 5751 provocatum,
1452 5674 1519 5731 ut
1547 5671 2039 5751 subscriptorem
2071 5672 2671 5753 astipulatoremque
2722 5676 3155 5756 cujuscunque
3185 5696 3405 5741 sensus
3442 5688 3528 5743 tui
3556 5684 3694 5762 jam
