4006 6248
503 333 575 397 67
1630 334 1854 393 PETRI
1892 333 2085 394 POSSI

2165 333 2182 391 ἰ
2221 329 2616 391 I‘REFATIO
3680 306 3747 374 (τε

505 462 717 518 manu,
760 461 870 504 nec
915 453 1222 522 integrum
1269 466 1286 505 :
1329 441 1437 503 sed
1483 444 1654 503 Luca
1699 443 2012 504 IIolstenii
2051 443 2174 502 viri
2218 441 2586 510 doctissimi,
2634 435 2993 498 Barbcrinre
3039 427 3420 491 bibliotheca
3440 429 3750 487 curatoris

507 540 839 618 diligentia
881 541 1076 600 solers
1130 539 1413 617 fecerat,
1467 549 1537 600 ut
1591 541 1735 601 usui
1792 559 1916 599 esse
1962 557 2117 618 pene
2177 556 2294 616 pro
2339 539 2584 614 integro
2625 541 2855 613 posset.
2919 533 2984 590 Is
3026 527 3298 590 codicem
3345 525 3507 585 hunc
3545 522 3752 584 multis

504 636 655 696 locis
699 635 981 696 mutilum
1023 653 1160 697 cum
1202 634 1328 698 alio
1368 643 1723 716 pervetusto
1765 638 1828 696 in
1872 633 2269 704 membranis,
2317 632 2674 710 imperfecto
2720 635 2775 688 et
2817 628 2952 706 ipso
2997 623 3355 702 lacunisque
3380 620 3748 698 deformato,

503 749 680 808 quem
724 739 866 792 ante
906 731 1014 792 hos
1049 749 1287 810 paucos
1327 750 1558 798 menses
1601 733 1668 792 in
1711 729 2083 791 bibliotheca
2128 729 2411 789 Medicea
2459 725 2788 786 Florentia
2825 723 2982 794 vidi,
3027 718 3496 782 accuratissime
3527 725 3747 776 contu-

505 825 666 886 lerat
710 847 730 886 :
773 845 844 887 ac
887 828 1035 906 quia
1073 844 1202 888 non
1243 828 1376 904 fere
1421 827 1638 888 iisdem
1682 825 1828 887 locis
1875 825 2052 884 ambo
2099 821 2383 902 exempla
2427 821 2808 900 deﬁciebant,
2854 819 3040 878 unius
3083 813 3362 876 hiatibus
3424 831 3500 872 ex
3559 811 3750 872 altera

505 921 850 1000 explendis,
896 941 1022 982 non
1065 924 1293 1001 exiguo
1337 939 1448 982 nec.
1488 939 1713 1000 parum
1753 922 1934 982 nobis
1975 919 2376 1000 pradieando
2422 917 2633 978 labore
2677 935 2789 976 suo
2832 914 3117 994 proxime
3141 911 3568 990 integritatem
3605 927 3750 986 per.

505 1017 771 1076 duxerat
811 1017 1225 1077 Barberinum
1267 1019 1579 1084 codicem.-
1625 1037 1802 1096 quem
1845 1017 2308 1078 illustrissimus
2345 1013 2756 1075 cancellarius
2797 1011 2880 1073 ad
2921 1031 2984 1071 se
3031 1011 3227 1071 Roma
3272 1005 3584 1087 perlatum
3613 1054 3628 1079 ,
3657 1006 3756 1066 cui

503 1115 868 1175 vertendum
899 1117 1117 1178 Latine
1150 1117 1449 1186 traderet,
1481 1133 1606 1176 non
1639 1115 1748 1176 diu
1780 1115 2046 1194 quasiit.
2085 1113 2465 1187 Magnarum
2497 1118 2583 1169 est
2615 1119 2669 1168 et
2700 1107 2990 1186 regendis
3023 1107 3212 1170 terris
3243 1124 3279 1163 a
3310 1102 3456 1163 calo
3489 1113 3754 1182 parata.-

439 1266 441 1270 Α
502 1228 641 1269 rum
677 1213 998 1283 mentium,
1031 1209 1197 1270 nihil
1226 1213 1504 1292 quamvis
1535 1211 1860 1271 obscurum
1889 1221 2070 1290 atque
2103 1206 2331 1268 humile
2361 1206 2620 1266 nescire.
2647 1205 2856 1282 Igitur
2885 1203 3007 1266 mei
3041 1219 3281 1281 quoque
3311 1199 3578 1260 πονηίηίε
3599 1217 3754 1277 ’μίαν

505 1305 646 1364 dam
677 1325 866 1384 usque
897 1305 979 1366 ad
1008 1307 1195 1366 istum
1233 1308 1466 1385 apicem
1513 1307 1680 1386 forte
1711 1305 1976 1384 appulsa
2006 1305 2315 1363 mentione
2351 1319 2364 1374 ;
2401 1319 2538 1361 cum
2565 1310 2865 1378 praterea
2904 1305 3354 1359 memoraretur
3379 1313 3474 1354 me
3505 1313 3752 1374 operam

503 1401 650 1462 olim
683 1403 954 1482 aliquam
993 1405 1060 1463 in
1099 1404 1424 1483 quarendo
1457 1405 1740 1482 posuisse
1781 1401 2086 1462 Tolosano
2119 1400 2314 1462 Fabri
2359 1399 2610 1468 codice;
2657 1399 3159 1476 voluntatemque
3208 1394 3554 1456 ostendisse
3613 1393 3752 1456 Ale-

499 1502 728 1562 xiados
759 1503 1266 1579 interpretanda,
1302 1504 1616 1580 negotium
1646 1503 1856 1561 statim
1895 1500 2109 1560 datum
2131 1509 2218 1560 est
2250 1498 2502 1558 honesto
2522 1497 2589 1558 in
2609 1496 2836 1575 primis
2860 1494 2998 1554 viro
3021 1493 3398 1555 Sebastiano
3429 1490 3748 1567 Cramoisy

503 1598 774 1674 ofﬁcinis
805 1596 1233 1675 typographia
1263 1598 1449 1676 regia
1481 1599 1795 1675 pra/ecta,
1822 1596 2113 1658 mittendi
2141 1595 2594 1676 quamprimum
2625 1591 2708 1653 ad
2725 1610 2817 1650 me
2843 1608 3056 1652 recens
3077 1589 3257 1649 allati
3279 1589 3470 1648 Roma
3487 1587 3752 1654 codicis:

502 1691 668 1769 quod
701 1691 803 1752 ille
833 1693 953 1768 ﬁde
983 1711 1241 1759 summa.
1271 1711 1446 1752 mora
1477 1692 1652 1752 nulla
1693 1693 1995 1772 prastitit
2021 1739 2036 1765 ,
2091 1691 2404 1776 adjunctis
2461 1691 2692 1751 litteris
2733 1687 2955 1768 quibus
3009 1683 3408 1766 signiﬁcabat
3436 1732 3451 1752 .
3510 1695 3756 1762 gratum

499 1806 618 1860 me,
657 1789 1036 1866 amplissimo
1067 1789 1440 1850 cancellario
1474 1791 1816 1868 facturum,
1850 1791 1927 1861 si,
1960 1788 2123 1869 quod
2145 1789 2415 1866 primum
2441 1792 2795 1865 suppeteret
2826 1784 3023 1844 otium
3048 1830 3063 1856 ,
3117 1781 3185 1842 in
3231 1782 3577 1842 versionem
3618 1779 3759 1840 Ale-

499 1883 714 1944 xiadis
743 1886 1120 1963 conferrem.
1157 1887 1354 1946 Eram
1388 1904 1495 1964 ego
1528 1895 1655 1946 tum
1687 1886 1854 1948 haud
1877 1905 2105 1966 parum
2134 1883 2399 1946 diversis
2425 1898 2751 1943 sacrarum
2811 1880 3192 1940 Litterarum
3233 1876 3462 1937 studiis
3509 1878 3753 1935 immer-

500 1997 604 2038 sus
634 2001 654 2038 :
681 1981 1040 2060 primusque
1073 1979 1202 2041 illic
1233 2001 1305 2042 ac
1325 1982 1630 2062 juvenilis
1659 1986 1855 2043 ardor
1890 2001 2088 2062 opera
2115 1979 2418 2041 novanda
2462 1979 2528 2038 in
2566 1977 2796 2042 Gracis
2832 1973 3320 2053 interpretandis
3343 2021 3357 2045 ,
3393 1981 3448 2032 et
3487 1981 3755 2049 tempore

502 2074 635 2148 ipso
674 2085 1103 2148 consenuerat,
1139 2085 1196 2137 et
1227 2078 1612 2156 experientia
1643 2079 1935 2140 molestia
1961 2093 2346 2158 nequaquam
2371 2074 2520 2153 pari
2547 2074 2764 2151 fruetu
2795 2079 3200 2149 compensata
3231 2087 3360 2148 qua
3403 2068 3751 2146 pertricosa

501 2170 609 2229 isti
633 2172 882 2248 negotio
920 2172 1100 2245 inest,
1133 2174 1479 2250 refrixerat
1506 2193 1660 2234 sane
1689 2174 2051 2253 plurimum.
2099 2175 2322 2233 Tamen
2349 2168 2700 2230 reverentia
2719 2165 3063 2227 venerandi
3090 2165 3362 2225 neminis
3393 2165 3748 2238 instinctus,

499 2261 764 2324 sublatis
798 2275 1048 2344 repente
1077 2285 1147 2326 ac
1181 2269 1470 2345 sepositis
1499 2287 1632 2347 qua
1655 2269 1721 2329 in
1757 2269 2044 2329 manibus
2073 2278 2252 2328 erant
2287 2267 2550 2336 cunctis,
2585 2274 2750 2326 totus
2777 2264 2861 2326 ad
2891 2263 3388 2324 exhauriendum
3415 2271 3602 2322 tanta
3629 2281 3744 2320 au-

501 2360 818 2420 ctoritatis
847 2361 1210 2422 mandatum
1243 2362 1522 2425 incubui.
1552 2363 1640 2424 Ac
1666 2366 1987 2444 principio
2038 2365 2127 2424 sic
2156 2363 2600 2428 constitueram
2640 2380 2660 2420 :
2691 2359 2812 2420 duo
2866 2379 2992 2420 esse
3035 2361 3354 2438 pracipua
3406 2361 3473 2417 in
3527 2355 3748 2436 quibus

503 2452 823 2515 elaborare
866 2474 958 2516 me
989 2467 1324 2534 oporteret.
1359 2459 1519 2522 Nam
1550 2469 1605 2520 et
1633 2461 1990 2539 faciendum
2023 2478 2172 2532 esse,
2204 2469 2270 2520 ut
2307 2459 2583 2520 Gracum
2626 2455 2941 2534 exemplar
2968 2474 3151 2534 quam
3187 2455 3746 2515 emendatissimum

502 2550 723 2619 exiret,
759 2560 887 2611 tum
917 2554 1326 2615 adnitendum
1352 2566 1591 2634 postea,
1626 2568 1691 2616 ut
1722 2575 1852 2636 qua
1875 2577 1951 2616 ex
1981 2575 2048 2616 eo
2083 2555 2540 2634 exprimeretur
2579 2551 2801 2612 Latina
2832 2555 3058 2624 versio,
3079 2570 3288 2612 veram
3303 2552 3577 2611 auctoris
3607 2569 3749 2610 sen.

500 2647 758 2716 tentiam
786 2651 1126 2711 rectissime
1160 2662 1613 2730 assequentur,
1645 2654 2125 2732 planissimeque
2157 2649 2466 2710 redderet.
2509 2647 2792 2721 Quarum
2845 2665 3050 2707 rerum
3105 2664 3240 2706 cum
3289 2647 3340 2706 is
3395 2644 3547 2710 ordo
3594 2664 3752 2706 com.-

495 2755 762 2820 paratus
804 2755 1035 2807 natura
1063 2751 1167 2812 sit.
1198 2758 1268 2809 ut
1299 2748 1476 2810 illam
1519 2749 1661 2810 huic
1689 2753 1981 2828 pra'verti
2009 2751 2091 2810 sit
2125 2764 2302 2825 opus,
2336 2743 2688 2822 appellenti
2715 2743 2871 2804 mihi
2902 2742 2984 2803 ad
3011 2743 3285 2820 priorem
3309 2743 3606 2814 animum,
3641 2761 3748 2802 ex-

497 2841 885 2920 perientique
929 2861 1201 2920 operam.
1234 2847 1448 2923 gravis
1481 2864 1614 2904 ecce
1645 2847 1850 2922 primo
1889 2843 2291 2923 difficultatis
2323 2841 2540 2902 oborta
2571 2841 2824 2928 species,
2851 2838 3041 2920 paulo
3073 2840 3255 2899 etiam
3281 2847 3420 2916 post
3454 2837 3748 2914 despero.

501 2933 735 2993 tionem
776 2935 995 3014 injecit
1025 2936 1184 3013 cepti
1209 2937 1638 3014 perpetrandi.
1677 2938 1889 2999 Codex
1919 2939 2027 3018 qui
2053 2937 2135 2998 ad
2164 2957 2415 2999 manum
2449 2947 2580 2998 erat
2617 2939 2838 2997 unicus
2869 2933 3274 2996 tumultuarie
3302 2981 3317 3004 ,
3348 2944 3418 2994 ut
3463 2931 3604 2994 dixi
3628 2976 3640 2996 .
3677 2952 3753 2994 ex

500 3025 740 3088 duobus
771 3029 1008 3090 mutilis
1045 3041 1371 3108 congestus
1415 3042 1827 3112 consutusque
1862 3035 2097 3111 passim
2128 3035 2401 3104 incerta,
2446 3031 2771 3112 palamque
2821 3032 3072 3092 interim
3132 3031 3434 3091 mendosa
3469 3029 3752 3095 lectionis

496 3121 752 3182 vocibus
784 3124 1096 3194 scatebat;
1135 3125 1379 3186 lacunis
1411 3127 1493 3187 ad
1526 3128 1650 3188 hac
1682 3128 1894 3189 hiabat
1925 3139 2051 3190 toto
2081 3131 2320 3208 sparsis
2349 3131 2556 3208 operis
2585 3145 2878 3206 corpore,
2910 3127 3086 3204 cujus
3119 3134 3304 3204 caput
3351 3126 3554 3202 ipsum
3581 3172 3594 3196 ,
3637 3123 3750 3184 hoc

502 3227 590 3277 est
617 3217 1078 3296 elegantissima
1107 3229 1165 3280 et
1195 3221 1357 3282 libro
1384 3223 1753 3301 dignissima
1783 3226 2084 3302 Prafatio
2115 3227 2306 3285 Anna
2345 3223 2822 3286 desiderabatur
2853 3233 3017 3290 tota:
3045 3240 3228 3302 quam
3258 3240 3336 3282 ex
3363 3221 3751 3299 Augustanis

507 3314 863 3392 Excerptis,
893 3325 1081 3394 prout
1111 3316 1317 3390 licuit,
1351 3319 1792 3398 supplevimus.
1836 3319 2133 3382 Clausula
2159 3339 2352 3398 porro
2383 3322 2703 3392 Historia,
2749 3330 3059 3400 postrema
3109 3318 3342 3379 scilicet
3384 3319 3592 3398 quinti
3635 3317 3747 3379 de-

497 3409 646 3470 cimi
670 3428 819 3488 pars
858 3411 1035 3486 libri,
1069 3413 1461 3475 creberrimis
1504 3415 1804 3494 fatiscens
1845 3417 2065 3489 rimis,
2134 3419 2378 3496 pertusi
2456 3418 2693 3496 passim
2758 3423 3001 3477 vetusta
3057 3415 3223 3475 carie
3272 3414 3589 3485 centonis,
3640 3422 3751 3474 aut

498 3507 964 3572 eollabascentis
993 3513 1382 3592 ruinosaque
1418 3515 1699 3573 maceria
1729 3515 1992 3592 speciem
2025 3513 2228 3574 habet.
2267 3512 2434 3588 Quid
2468 3512 2567 3572 hic
2611 3512 2904 3572 auderem
2948 3527 3333 3589 speraremce
3356 3511 3385 3568 ?
3429 3507 3750 3590 Aggrede-

497 3619 604 3663 rer
629 3601 710 3664 ad
741 3604 1225 3667 emendationem
1253 3606 1576 3685 archetypi
1609 3618 1936 3668 contextus
1959 3610 1988 3668 ?
2027 3628 2210 3688 quam
2239 3627 2366 3668 non
2391 3609 2518 3668 nisi
2570 3607 2948 3688 canjecturis
2992 3615 3050 3667 et
3079 3603 3594 3677 divinationibus,
3623 3614 3752 3664 tam

496 3698 702 3759 multa
731 3703 1168 3774 contentionis,
1216 3722 1397 3782 quam
1440 3702 1672 3764 nullius
1700 3706 2127 3776 auctoritatis,
2161 3706 2229 3764 in
2263 3702 2710 3782 exemplarium
2744 3702 2990 3780 defectu
3019 3701 3369 3772 meliorum,
3409 3715 3752 3778 reprasen-

499 3804 634 3854 tare
663 3813 755 3855 me
783 3806 1071 3874 putarem
1096 3815 1277 3874 posse
1300 3799 1330 3857 ?
1354 3797 1450 3858 An
1473 3797 1914 3878 desponderem
1942 3800 2236 3860 continuo
2261 3801 2559 3869 animum,
2585 3799 2998 3873 editionisque
3036 3795 3363 3856 consilium
3385 3794 3756 3875 abjieerem?

497 3909 571 3950 ac
603 3910 740 3950 cum
777 3892 1006 3953 Davidi
1047 3893 1387 3956 Haschelio
1423 3915 1536 3955 sua
1569 3895 1739 3956 viros
1776 3895 1942 3974 apud
1979 3895 2192 3956 doctos
2227 3897 2440 3974 gratia
2488 3894 2844 3956 constiterit
2875 3937 2890 3964 ,
2927 3891 3091 3970 quod
3135 3893 3188 3951 is
3234 3907 3361 3950 non
3409 3889 3754 3950 dubitasset

498 3987 792 4047 mendosa
826 3989 1284 4050 incredibiliter
1313 4001 1370 4050 et
1401 3991 1606 4051 lacera
1649 3995 1951 4054 Historia
1986 3993 2180 4054 Anna
2209 3997 2590 4072 fragmenta,
2626 4009 2852 4071 pauca,
2898 3999 3120 4050 temere
3163 3997 3552 4060 coacervata,
3581 4005 3754 4068 pra—

501 4081 627 4159 fixo
661 4081 986 4144 Alexiadis
1026 4083 1209 4144 titulo
1256 4085 1464 4152 edere:
1510 4103 1618 4162 ego
1653 4095 1815 4146 totos
1848 4089 2200 4166 quindecim
2251 4091 2383 4168 ejus
2429 4089 2639 4165 operis
2683 4086 2878 4147 libros
2929 4094 3171 4159 nactus,
3232 4091 3495 4162 propter
3541 4083 3753 4150 nescio

500 4192 651 4252 quos
681 4194 882 4236 navos
910 4179 1112 4254 magis
1155 4177 1662 4256 interpellaturos
1705 4181 1773 4240 in
1818 4180 2044 4242 lectore
2071 4199 2312 4242 sensum
2344 4181 2658 4260 elegantia
2692 4228 2708 4253 ,
2739 4199 2920 4259 quam
2961 4197 3173 4241 rerum
3237 4181 3585 4258 cognitioni
3639 4197 3750 4257 ge-

499 4279 758 4342 starum,
806 4282 918 4332 aut
959 4274 1260 4334 Historia
1303 4276 1655 4353 integritati
1697 4276 2130 4338 subtracturos
2173 4273 2511 4358 quidquam
2541 4321 2557 4351 ,
2601 4275 2872 4356 publicis
2913 4273 3284 4336 invidendas
3319 4274 3652 4335 desideriis
3692 4285 3752 4336 et

499 4380 868 4430 aternarum
915 4391 1136 4434 rursus
1179 4373 1554 4435 addicendos
1597 4375 1994 4438 tenebrarum
2051 4379 2364 4457 ergastulo
2407 4380 2766 4445 censerem?
2804 4379 3112 4440 Neutrum
3157 4377 3383 4456 opinor
3423 4378 3757 4459 quisquam

500 4483 707 4545 (equus
740 4466 1092 4528 eruditusve
1121 4471 1461 4537 suasisset:
1495 4489 1570 4531 ne
1596 4470 1920 4550 probasset
1964 4475 2230 4554 quidem.
2275 4475 2396 4537 Illa
2441 4477 2640 4555 igitur
2663 4475 2819 4537 mihi
2857 4477 3166 4536 sententia
3195 4477 3542 4536 necessario
3587 4476 3754 4538 reli-

501 4578 622 4638 qua
663 4561 834 4639 facta
880 4575 992 4638 est,
1027 4583 1148 4643 qua
1175 4564 1560 4625 decernerem
1588 4576 1944 4630 contextum
1975 4571 2217 4650 quidem
2243 4573 2521 4633 Graeum
2543 4572 2726 4650 plane
2749 4572 3055 4632 intactum
3095 4570 3468 4650 relinquere,
3498 4588 3576 4630 ne
3611 4591 3757 4630 ma-

500 4657 751 4729 nifestis
781 4659 1028 4739 quidem
1054 4659 1473 4722 sollicitandis
1495 4662 1754 4737 mendis,
1787 4663 2065 4742 quandiu
2105 4687 2264 4730 vera
2306 4669 2589 4730 lectionis
2638 4669 2906 4746 fundum
2965 4681 3091 4726 non
3153 4665 3434 4726 haberem
3487 4668 3760 4747 majoris

499 4755 896 4834 antiquitatis
924 4765 982 4817 et
1009 4758 1406 4818 auctoritatis
1446 4759 1738 4822 codicem.
1792 4762 2010 4822 Totam
2041 4783 2184 4824 vero
2249 4765 2629 4825 industriam
2671 4766 2740 4824 in
2771 4763 3195 4824 elaboratione
3243 4763 3476 4823 Latina
3503 4765 3758 4824 versio-

498 4851 598 4909 nis
635 4869 1010 4930 expromere,
1044 4855 1444 4934 quajudicio,
1475 4857 1532 4916 si
1559 4858 1723 4936 quod
1765 4868 1956 4932 esset,
1993 4879 2065 4921 ac
2113 4860 2444 4938 diligentia
2485 4861 2552 4920 in
2593 4860 3017 4922 subsidiorum
3069 4857 3486 4936 deﬁcientium
3544 4860 3757 4920 locum

500 4945 939 5025 subrogandis,
981 4951 1300 5029 expiandis
1318 4951 1614 5026 hiatibus,
1639 4956 2029 5034 corrigendis
2052 4977 2130 5019 ex
2159 4959 2516 5037 conjectura
2545 4957 2793 5018 vitiosis
2823 4955 3000 5027 locis,
3023 4954 3224 5015 modis
3247 4953 3508 5034 denique
3540 4960 3756 5018 omni-

505 5037 615 5098 bus
645 5046 890 5121 assequi
922 5063 1203 5116 conarer,
1237 5053 1306 5106 ut
1338 5049 1511 5106 nitor
1536 5049 1949 5128 primigenius
1995 5053 2188 5131 Operi
2216 5053 2658 5133 pulcherrimo,
2695 5051 2901 5132 quoad
2925 5067 3042 5130 per
3063 5051 3332 5128 quinque
3373 5050 3755 5111 saculorum

502 5137 875 5214 squalorem,
929 5147 984 5198 et
1027 5139 1378 5201 exitiabiles
1418 5142 1964 5216 infestissimorum
2011 5150 2209 5210 omnis
2252 5151 2496 5230 generis
2548 5168 2801 5219 casuum
2854 5147 3127 5228 injurias
3174 5145 3407 5218 liceret,
3439 5147 3758 5210 hodierna

503 5231 774 5325 editione
805 5235 1192 5300 redderetur.
1225 5238 1329 5297 En
1359 5237 1510 5316 quid
1545 5238 1872 5317 voluerim,
1924 5264 2042 5324 quo
2087 5246 2362 5306 studium
2411 5254 2467 5306 et
2515 5254 2804 5305 conatum
2859 5242 3258 5304 intenderim.
3313 5243 3473 5312 Nam
3532 5246 3757 5324 reipsa

503 5328 656 5408 quid
683 5329 1073 5407 perfecerim,
1131 5349 1256 5392 non
1293 5351 1436 5392 mea
1467 5336 1922 5414 professionis,
1959 5349 2076 5400 tua
2103 5390 2118 5414 ,
2153 5341 2348 5402 lector
2371 5390 2386 5416 ,
2416 5343 2736 5407 sententia
2778 5340 3061 5418 definitio
3093 5347 3203 5406 est.
3245 5339 3438 5420 Cujus
3493 5349 3562 5400 ut
3615 5361 3757 5401 non

503 5426 819 5488 eblandiri
845 5430 1055 5506 gratia
1101 5433 1408 5508 favorem,
1468 5433 1558 5492 ita
1615 5451 1726 5493 nec
1760 5434 2085 5512 deprecari
2111 5436 2354 5518 abjecta
2405 5438 2768 5502 demissione
2799 5437 3188 5496 severitatem
3233 5454 3254 5493 :
3301 5435 3493 5498 multo
3533 5448 3758 5498 autem

500 5525 705 5594 minus
735 5527 1084 5586 contumaci
1121 5527 1476 5604 pervicacia
1504 5527 1828 5606 refragari
1857 5549 2128 5592 censura
2154 5531 2354 5592 relim.
2407 5533 2586 5594 Utere
2617 5543 2682 5592 ut
2721 5531 2869 5592 libet
2887 5533 3036 5610 jure
3065 5537 3246 5609 atque
3273 5531 3542 5592 arbitrio
3571 5537 3759 5613 quod

507 5619 624 5683 tibi
653 5639 786 5700 ego,
825 5620 919 5681 vel
945 5623 999 5682 si
1028 5641 1155 5682 non
1201 5640 1316 5700 per
1340 5641 1402 5682 se
1432 5631 1805 5700 suppeteret,
1850 5627 2020 5688 ultro
2056 5628 2350 5706 largirer,
2387 5628 2701 5707 probandi
2753 5626 3366 5706 reprehendendique
3397 5630 3564 5707 quod
3633 5632 3756 5692 di-

501 5730 689 5800 gnum
727 5716 1005 5787 duxeris.
1039 5721 1336 5782 Paratum
1381 5738 1512 5794 ecce
1550 5739 1639 5791 me
1679 5721 1741 5780 iu
1772 5727 2076 5786 utrumvis
2109 5725 2317 5799 habes,
2371 5737 2423 5784 et
2455 5743 2829 5801 quocumque
2873 5723 3010 5784 alea
3047 5723 3323 5798 verterit,
3349 5728 3602 5804 proviso
3643 5749 3762 5792 rc-
