4006 6248
234 226 334 288 ’69
1364 220 1436 284 ’1)
1500 225 1816 287 ΙΠΕἿΖΙῘΕ

1997 214 2420 296 samnito.
3442 235 3514 294 7η

248 346 436 419 cepta
470 337 852 419 quieturum.
890 339 1251 417 Gratiﬁcari
1269 340 1522 419 publico
1547 342 1738 416 volui,
1773 346 2007 405 servire
2043 350 2281 419 amicis,
2329 349 2581 429 obsequi
2635 350 2791 410 viris
2820 351 3063 429 magnis
3120 371 3141 413 :
3190 351 3512 414 voluntate

248 456 323 497 ac
350 434 480 515 ﬁde
526 437 763 513 optima
802 436 869 495 in
901 438 1147 514 negotio
1180 447 1460 497 versatus
1521 457 1677 497 sum.
1717 440 1833 499 llic
1856 461 2112 519 semper,
2172 454 2481 525 utcunque
2513 445 2635 505 alia
2680 447 3036 518 ceciderint,
3070 451 3514 509 conscientiam

246 531 635 595 sustentabit
670 533 943 610 fructus.
978 534 1122 594 Peto
1158 542 1386 603 tamen,
1416 534 1483 594 id
1511 534 1677 613 quod
1716 539 2028 615 ccquitatis
2060 549 2145 597 cst
2178 548 2316 609 luce,
2349 560 2422 597 ne
2450 542 2803 618 pracipitcs
2861 550 3068 603 atrum
3099 541 3403 602 calculum
3431 545 3514 604 ad

247 631 536 711 quamvis
579 648 645 689 se
685 631 959 707 primum
1013 630 1373 710 offerentem
1435 632 1697 709 speciem
1756 633 1966 711 culpae.
2017 634 2168 694 Fere
2211 652 2334 693 non
2383 636 2642 715 primas,
2708 654 2778 694 ac
2819 653 2894 694 ne
2926 636 3225 697 secundas
3262 640 3513 717 quidem

247 746 437 804 saepe,
466 743 618 805 quas
652 722 840 802 vulgo
871 724 1131 784 laudant
1166 771 1182 799 ,
1230 727 1640 804 cogitationes
1699 727 1931 788 charm
1984 727 2158 788 illcvi
2196 750 2213 796 ;
2262 739 2324 789 at
2365 748 2809 808 nonnunquam
2855 739 3112 811 quartas
3162 734 3509 811 quintasve.
3552 744 3559 757 ‘

258 826 447 884 Fieri
474 831 661 899 potest
707 832 775 882 ut
805 823 971 902 quod
998 822 1115 882 tibi
1137 824 1410 900 primum
1441 824 1794 884 advertenti
1819 826 2092 884 animum
2120 827 2179 883 in
2210 833 2471 883 mentem
2502 827 2772 897 venerit,
2804 809 3002 884 ne°me
3034 809 3282 904 quidem
3309 829 3513 907 ipsum

265 920 539 997 fugerit:
573 927 864 980 cmterum
898 938 1004 995 ego
1039 917 1196 978 illud
1240 917 1426 980 alteri
1453 920 1727 982 nondum
1758 920 1874 980 tibi
1901 921 2330 980 animadverso
2372 919 2870 997 posthabuerim;
2912 928 2967 981 te
3015 924 3202 998 paria
3249 924 3506 999 [acturo

271 1015 331 1073 si
356 1014 438 1071 ibi
474 1032 653 1085 esses,
689 1011 1042 1091 probaturo
1090 1015 1240 1092 quin
1276 1015 1460 1074 etiam
1496 1014 1604 1075 ubi
1633 1017 2018 1091 cognoveris.
2068 1018 2449 1092 Cognoscere
2473 1016 2932 1093 autempoteris
2962 1017 3239 1092 quadam
3266 1018 3508 1096 quidem

271 1130 299 1167 e
337 1108 678 1177 Glossario,
714 1107 896 1185 longe
925 1106 1113 1185 plura
1157 1128 1185 1165 e
1229 1108 1447 1176 Notis;
1498 1126 1758 1187 quorum
1788 1109 1943 1169 illud
1984 1130 2147 1169 nunc
2179 1111 2434 1177 (lamus;
2475 1111 2586 1169 has
2627 1112 2896 1170 retinere
2935 1110 3134 1170 adhuc
3178 1113 3458 1189 cogimur
3489 1160 3505 1187 ,

248 1206 440 1283 paulo
472 1213 616 1284 post
644 1224 778 1264 cum
819 1204 938 1265 tibi
977 1215 1158 1282 grato
1194 1205 1553 1285 publiceque
1586 1206 1732 1265 utili
1790 1209 2072 1268 auctario
2112 1207 2483 1267 reddendas.
2530 1205 2791 1283 Quando
2834 1206 3130 1266 nimirum
3173 1207 3367 1267 Annce
3402 1226 3515 1269 no-

248 1317 417 1375 stne,
468 1321 650 1381 quam
693 1301 873 1361 modo
913 1300 1106 1361 solam
1150 1303 1483 1364 emittimus
1513 1321 1626 1361 sua
1673 1306 1858 1363 unius
1903 1311 2187 1366 ornatam
2231 1304 2575 1381 majestate,
2621 1303 2981 1361 comitatum
3024 1302 3322 1361 addemus
3361 1321 3512 1380 pro~

242 1417 490 1476 prtum.
523 1401 703 1478 justo
754 1398 925 1458 brevi
970 1397 1201 1458 edendo
1249 1397 1582 1470 volumine,
1616 1417 1732 1478 quo
1781 1401 2125 1460 Cwsarissre
2171 1400 2440 1476 primum
2483 1399 2612 1457 vita
2649 1398 2848 1475 ipsius
2901 1416 2929 1455 e
2976 1396 3288 1457 veteribus
3330 1397 3514 1457 colle-

245 1508 351 1556 cta
382 1496 801 1555 monumentis
829 1494 1239 1554 exhibebitur.
1275 1494 1486 1554 Alexii
1516 1495 1734 1555 deinde
1764 1496 2032 1574 Augusti
2062 1497 2508 1575 Panegyricus,
2542 1496 2666 1573 ipsi
2709 1512 2918 1553 coram
2962 1515 2999 1552 α
3049 1495 3505 1573 Theophylacto

247 1593 483 1661 dictus.
519 1591 850 1652 Alexiadis
903 1591 1094 1655 totius
1163 1588 1406 1670 elegans
1473 1591 1897 1668 compendium
1928 1640 1943 1666 ,
1985 1592 2271 1652 addetar.
2329 1591 2715 1670 Subjicictur
2744 1590 2987 1650 Abacus
3032 1591 3509 1670 chronologicus

243 1697 418 1747 certo
467 1688 763 1767 digerens
794 1687 1013 1747 ordine
1051 1706 1150 1746 res
1183 1705 1389 1746 omnes
1428 1687 1778 1765 quindecim
1806 1686 2150 1747 Alexiados
2183 1685 2364 1746 libris
2410 1687 2741 1762 expositas.
2792 1687 3110 1744 Postremo
3158 1685 3343 1745 iidem
3384 1687 3509 1764 ipsi

245 1784 406 1845 libri
435 1784 815 1864 quindecim,
843 1786 1079 1862 partim
1123 1786 1400 1843 universi
1440 1783 1922 1843 recensebantur
1952 1799 2060 1857 ope
2096 1778 2324 1840 codicis
2356 1779 2600 1855 optimi,
2646 1779 2821 1857 cujus
2858 1781 3275 1839 recentissime
3326 1779 3507 1840 nobis

246 1880 587 1957 inopinata
617 1888 927 1939 ostentata
959 1897 1095 1957 spes
1127 1888 1217 1939 est
1246 1897 1265 1936 :
1292 1879 1526 1956 partim
1567 1878 1630 1937 in
1656 1877 1807 1939 locis
1838 1875 2324 1939 obscurioribus.
2362 1873 2690 1934 collatione
2770 1873 3039 1934 aliorum
3092 1877 3508 1953 scriptorum.

244 1983 302 2033 et
337 1984 567 2035 cratera
598 1976 730 2055 ejus
762 1976 1009 2058 generis
1049 1975 1467 2044 accuratione,
1504 1990 1622 2051 pro
1653 1983 1869 2051 captus
1898 1995 1969 2034 ac
2000 1972 2324 2037 tenuitatis
2353 1982 2579 2031 nostra
2606 1969 2851 2032 modulo
2884 1969 3392 2040 illustrubuntur.

1199 2356 1406 2417 VIRlS
1454 2359 1857 2420 NOBILIBUS
1886 2360 1979 2418 ET
2024 2353 2525 2418 ILLUSTRIBUS

236 2492 479 2553 Maneo
509 2487 822 2559 Versum,
853 2500 1046 2546 sacras
1071 2485 1222 2545 Caes.
1254 2486 1333 2545 M.
1365 2500 1400 2545 a
1431 2484 1739 2556 Consiliis,
1770 2486 1997 2544 losum
2023 2484 2258 2543 Jacono
2280 2484 2654 2553 Rcueowo,
2695 2484 2851 2556 Aug.
2873 2478 3120 2540 Vinztel.
3146 2479 3507 2542 Duumviris

502 2608 824 2683 Praefect,
878 2605 1466 2685 Septemvirumque
1504 2604 1805 2682 Collegio,
1838 2602 2114 2665 Dominis
2147 2620 2217 2664 ac
2252 2602 2535 2666 Petronis
2573 2602 2655 2683 pl.
2691 2601 3099 2665 observandis
3129 2605 3190 2664 S.
3223 2602 3291 2667 P.

332 2802 520 2873 Quod
549 2795 939 2861 Democritus
969 2792 1294 2856 Abderites
1324 2790 1668 2871 aptandum
1700 2789 1968 2863 censuit,
2003 2803 2094 2849 em
2143 2793 2213 2848 ut
2243 2787 2552 2864 imagines
2595 2784 2924 2846 hominum
2973 2786 3103 2846 sive
3137 2785 3338 2847 oculis
3369 2787 3506 2849 sim

233 2897 492 2962 animis
519 2896 1032 2960 obversarentur,
1072 2904 1214 2968 quae
1274 2887 1519 2948 virtutis
1571 2893 1633 2948 et
1666 2883 1979 2948 commodi
2040 2882 2252 2961 potius
2281 2882 2570 2960 alicujus,
2605 2898 2790 2958 quam
2827 2880 2957 2940 vitii
3018 2888 3206 2958 atque
3263 2882 3505 2943 incom~

236 2993 435 3056 modi
482 2989 862 3053 administrm
910 2982 1065 3065 ipsis
1103 2989 1334 3055 essent,
1392 2982 1454 3042 in
1523 2998 1599 3043 eo
1636 2980 1965 3042 ridiculum
2013 2986 2079 3039 et
2108 2977 2607 3057 superstitiosum
2640 2976 2817 3038 illum
2847 2975 3066 3048 fuisse,
3126 2976 3504 3056 noninjuria

236 3091 462 3152 dicas.
495 3087 583 3151 Ad
622 3087 760 3146 vita;
808 3081 975 3145 enim
1030 3080 1334 3139 rationem
1360 3093 1802 3156 quamcunque
1840 3074 2231 3136 laudabiliter
2260 3073 2626 3146 ineundam,
2661 3071 2815 3132 nihil
2872 3071 3055 3132 nobis
3087 3088 3248 3149 opus
3306 3079 3398 3134 est
3427 3085 3494 3150 τῇ

237 3183 390 3237 κατ’
428 3179 644 3233 εἴδωλον
667 3175 939 3247 φαντασίᾳ
979 3171 1417 3241 Democr-Mica,
1455 3186 1597 3230 cum
1651 3184 1819 3229 exem

1921 3186 1938 3231 ι
1983 3177 2129 3230 ante
2175 3169 2396 3233 oculos
2469 3168 2602 3228 viva
2675 3166 2966 3245 quotidie
3023 3175 3375 3240 versentur,
3425 3184 3503 3239 ex

228 3268 719 3352 iucundissima
776 3269 965 3329 etiam
999 3266 1402 3331 historiarum
1442 3266 1711 3328 lectione
1748 3281 1933 3342 quam
1966 3265 2238 3344 plurima
2285 3263 2408 3342 peti
2455 3262 2699 3342 possint
2732 3278 2746 3321 :
2778 3262 2947 3328 unde
2987 3261 3140 3339 quid
3175 3262 3499 3336 decorum,

234 3367 423 3447 quid
452 3365 848 3438 indecorum,
899 3363 1053 3445 quid
1075 3363 1302 3431 honori
1333 3370 1526 3442 atque
1575 3360 2028 3433 emolumento,
2069 3360 2220 3439 quid
2270 3358 2635 3437 ignominiaa
2669 3374 2742 3422 ac
2773 3357 3157 3427 detrimento
3193 3355 3498 3429 futurum,

238 3463 710 3545 perspicialur.

1186 3597 1312 3657 Φεῦ.
1359 3597 1482 3664 φεῦ,
1515 3597 1567 3647 τι
1596 3596 1788 3649 τθύτου
1827 3595 2018 3664 χάρμα
2054 3593 2242 3660 μεῖζον
2277 3592 2341 3645 ἂν
2388 3590 2614 3657 λάϐοιςς

1179 3685 1320 3754 Πρὸς
1348 3684 1729 3754 ἐπανόρθωσιν
1751 3683 1899 3753 ὴοῶν
1945 3680 2303 3749 ἐνεργότερον
2328 3696 2342 3745 ;

232 3836 323 3894 ut
362 3820 788 3908 phil050phus
824 3817 1261 3882 Cbmronensis
1318 3814 1579 3895 pulchre
1633 3819 1969 3874 asseverat.
2024 3813 2112 3872 Ne
2163 3811 2464 3877 abeamus
2511 3807 2785 3908 longius,
2837 3804 2930 3908 vel
2979 3803 3063 3908 in.
3104 3802 3205 3864 bis
3256 3800 3504 3865 Alexia-

235 3898 387 3993 dos
439 3923 581 3984 VIII
620 3898 815 3992 libris,
846 3917 1033 3982 modo
1062 3917 1126 3978 in
1162 3916 1365 3977 lucem
1399 3929 1561 3992 quos
1604 3910 1871 3982 edimus,
1922 3912 2077 3984 quot
2107 3910 2448 3969 occurrunt
2479 3900 2745 3974 virtutis,
2778 3905 2935 3979 quot
2960 3898 3250 3967 vitiorum
3282 3913 3503 3969 exenia

235 4020 419 4107 plal
468 4020 605 4079 Hos
642 4023 865 4084 autem,
904 4013 1015 4074 viri
1063 4008 1467 4080 nobilissimi,
1501 4011 1568 4069 A.
1601 4007 1669 4066 V.
1704 4022 1818 4069 cur
1871 4000 2191 4072 dedioem,
2251 3999 2404 4063 satis
2459 4011 2663 4107 causa)
2699 3994 2815 4107 .ve'l
2874 3994 2997 4057 hoc
3030 4010 3180 4107 esse.
3207 3993 3504 4101 arbitror,

232 4089 449 4201 Egnati
483 4114 560 4176 ab
586 4113 759 4174 annis
827 4107 1286 4189 quinquaginta
1315 4105 1568 4201 illorum
1631 4099 1825 4201 editio
1890 4097 2149 4201 aliunde
2206 4100 2589 4201 exspectata"
2622 4091 2744 4201 iuit
2766 4092 3019 4201 frustm,
3080 4107 3112 4157 a
3144 4089 3344 4201 (locus
3373 4105 3504 4161 non

232 4185 466 4280 s-emel
493 4209 757 4287 expetita
790 4223 804 4266 :
840 4185 1091 4267 nunc—e
1131 4210 1337 4264 vestra
1404 4195 1790 4261 bibliotheca
1847 4194 2005 4260 eruti
2042 4191 2159 4265 illi,
2212 4190 2372 4271 juris
2423 4187 2659 4267 publici
2710 4187 2890 4287 ﬁunt.
2946 4188 3019 4253 In
3069 4185 3301 4287 quibus
3353 4201 3501 4287 par-

234 4279 379 4373 tim
414 4279 647 4368 menoa
674 4301 911 4365 librarii
951 4299 1259 4369 tollendo,
1290 4297 1514 4377 partim
1574 4294 1827 4357 lacunas
1888 4288 2227 4371 eXplendo,
2286 4300 2734 4362 nonnusquam
2792 4283 2979 4344 etiam
3025 4282 3187 4377 notis
3216 4279 3504 4377 quaedam

231 4401 660 4473 iilustrando,
695 4404 1000 4485 quantum
1053 4375 1306 4473 ingenii
1342 4390 1618 4452 tenuitas
1686 4395 1779 4449 est
1820 4400 2028 4485 passa,
2082 4380 2528 4485 temporisque
2601 4377 2916 4485 angustia,
2994 4376 3047 4483 si
3075 4375 3275 4485 .quod.
3295 4390 3510 4485 Operm

240 4499 541 4582 pretium
596 4469 863 4557 canuide
898 4469 1269 4570 judicaturis
1325 4487 1585 4548 videbor
1642 4484 1890 4554 fecisse,
1950 4479 2180 4541 laboris
2242 4494 2368 4538 non
2424 4476 2664 4581 absque
2707 4473 2917 4549 magni
2975 4472 3087 4532 viri
3136 4469 3512 4582 auctoritate:

238 4563 544 4672 suscepti
573 4591 784 4653 minus
843 4563 945 4653 m-e
980 4585 1314 4666 pmoitebit
1342 4599 1357 4658 ;
1416 4589 1475 4643 et
1504 4579 1579 4641 ad
1619 4580 1775 4643 alios
1812 4576 2150 4655 scriptores
2196 4571 2873 4672 veluintegrius-atque
2927 4566 3350 4672 emendati-us,

237 4660 685 4753 etiam-novos
716 4702 794 4746 ex
833 4660 1052 4747 eadem
1086 4689 1284 4743 vestra
1323 4679 1512 4740 illust.
1542 4675 1695 4737 bibl.
1738 4671 2155 4754 publicandos
2193 4667 2438 4733 facilius
2467 4665 2800 4731 invitabor.
2832 4664 2997 4723 Deus
3029 4663 3170 4739 Opt.
3203 4662 3281 4720 M.
3328 4663 3389 4721 A.
3415 4660 3503 4754 AV,

233 4787 456 4865 cujus
505 4783 791 4863 auspicio
823 4786 885 4842 et
921 4779 1285 4841 liberalitate
1319 4775 1648 4837 laboribus
1689 4752 1753 4837 id
1818 4785 2018 4855 genus
2068 4778 2287 4827 vacare
2343 4777 2625 4849 possum,
2686 4760 3015 4828 ﬂorentem
3047 4763 3233 4845 atque
3265 4752 3506 4826 incolu-

228 4899 438 4949 mem
477 4898 664 4961 quam
693 4877 1046 4945 diutissime
1076 4880 1431 4939 conservet.

513 5045 800 5118 Augusta),
830 5034 1021 5105 Vind.
1054 5029 1252 5115 pridie
1285 5030 1443 5088 Non.
1486 5022 1835 5126 Septembr,

829 5157 898 5219 Δ.
929 5153 990 5213 S.
1027 5153 1096 5212 N.
1126 5149 1351 5211 MDCX.

2568 5235 2634 5289 Δ.
2724 5228 2790 5289 ν.
2881 5228 2949 5287 Ο.

2376 5327 2570 5387 Dum
2630 5326 3087 5386 lloascumuus.
3134 5327 3200 5393 Λ,
