4006 6248
518 242 588 310 τι
1702 237 2162 300 LATINORUM
2193 234 2662 297 TESTIMONIA

530 389 3726 419 MM

1381 591 1414 630 ο
1711 551 1857 639 AD
1941 548 2618 640 LECTOREM.

615 898 714 956 Ea-
741 894 1094 975 quindecim
1124 893 1318 956 Anna:
1359 894 1680 955 Comnenae
1709 891 2320 970 Porphyrogenneta:
2349 886 2676 949 Alexiadis
2709 884 2914 959 libris,
2956 905 3107 966 quos
3159 885 3503 948 illustrium
3539 889 3774 953 biblio-

532 1005 852 1052 tnecarum
877 989 1166 1068 Catalogi
1209 989 1444 1050 dudum
1485 990 1760 1069 jactont,
1807 997 1940 1048 octo
1989 987 2086 1048 hic
2123 985 2341 1045 damus
2378 993 2676 1062 perpetuo
2713 983 2845 1060 fere
2878 980 3203 1043 lacunatos
3235 1001 3256 1041 :
3295 995 3443 1062 quot
3470 997 3526 1045 et
3559 991 3778 1066 quotes

528 1089 830 1148 nimirum
871 1106 948 1146 ex
979 1088 1346 1164 Augustano
1391 1083 1787 1162 autographo
1825 1091 2273 1161 repra’sentare
2306 1079 2507 1140 licuit.
2557 1079 2774 1140 Satius
2804 1078 2964 1137 enim
2993 1079 3189 1137 visum
3220 1097 3350 1138 rem
3389 1083 3780 1144 litterariam

529 1183 710 1243 nobis
742 1183 902 1242 hunc
941 1183 1250 1241 semissem
1281 1199 1447 1238 nunc
1478 1181 1724 1259 quidem
1757 1177 1997 1244 debere.
2028 1195 2211 1258 quam
2246 1184 2374 1234 toto
2403 1182 2700 1234 ceternum
2730 1191 2964 1233 carere.
2997 1175 3427 1252 Integriorum
3471 1188 3527 1237 et
3566 1179 3780 1240 melio-

529 1297 669 1339 rum
705 1277 1151 1355 exemplarium
1180 1277 1440 1346 domini,
1481 1277 1726 1334 utinam
1759 1273 2065 1333 invidiam
2099 1290 2226 1332 non
2267 1271 2502 1350 ferant,
2536 1278 2593 1329 et
2643 1270 2984 1332 luminibus
3029 1274 3263 1332 nostris
3312 1279 3776 1353 quamprimum

533 1374 885 1434 obstruunt.
928 1374 1517 1434 Pra’stantissimum
1551 1370 1816 1431 Fabrum
1843 1369 2102 1446 Regium
2139 1365 2370 1428 Tolosa?
2392 1375 2741 1426 senatorem
2766 1367 3134 1428 nominatim
3165 1367 3574 1446 appellamus,
3607 1375 3774 1452 apud

533 1491 709 1550 quem
746 1471 958 1546 magni
988 1469 1236 1547 Cujacii
1267 1467 1541 1528 codicem
1571 1476 1816 1526 exstare
1849 1466 2050 1527 aiunt.
3667 1509 3672 1515 .

611 1569 809 1628 Porro
845 1567 1038 1625 Anna:
1070 1565 1219 1642 ﬁdei
1252 1563 1600 1642 periculum
1631 1564 1698 1623 in
1729 1581 1820 1622 me
1849 1580 1977 1621 non
2004 1562 2264 1640 recipio.
2297 1559 2562 1620 Memini
2587 1557 2755 1638 apud
2796 1561 3125 1638 Vopiscum
3185 1561 3414 1640 legere,
3449 1567 3775 1630 neminem

533 1662 938 1738 scriptorum,
969 1668 1270 1738 quantum
1304 1659 1378 1720 ad
1409 1659 1726 1720 historiam
1761 1658 2060 1737 pertinet,
2093 1672 2222 1716 non
2257 1657 2492 1735 aliquid
2532 1672 2667 1716 esse
2701 1657 3028 1716 mentitum
3059 1674 3075 1730 ;
3111 1675 3246 1718 cum
3271 1665 3778 1726 contentionibus

533 1757 849 1816 incaluere
901 1757 1120 1828 animi,
1166 1753 1428 1834 difﬁcile
1471 1756 1790 1814 ceritatem
1839 1762 2006 1813 recto
2052 1751 2227 1812 oculo
2253 1762 2530 1824 tuentur,
2577 1759 2634 1810 et
2677 1752 2790 1810 vix
2830 1759 2917 1810 est
2953 1753 3108 1831 quin
3151 1753 3396 1834 aliquid
3430 1760 3656 1834 patria:
3715 1769 3777 1820 et

525 1853 928 1928 propinquis.
975 1854 1142 1911 inter
1172 1869 1324 1930 quos
1354 1856 1536 1928 pater
1572 1851 1780 1928 primo
1818 1847 1976 1919 loco,
2019 1847 2380 1919 concedant,
2420 1851 2476 1908 si
2511 1847 2859 1927 prorsertim
2911 1847 3161 1925 femina:
3203 1868 3417 1911 manus
3463 1853 3774 1916 calamum

532 1946 739 2007 ducat.
766 1949 886 2008 llic
917 1957 1004 2008 est
1036 1948 1519 2025 foedissimorum
1547 1946 1970 2007 conviciorum
1997 1947 2166 2024 fons,
2186 1941 2408 2023 quibus
2435 1944 2617 2002 Anna
2643 1943 2957 2003 interdum
2979 1943 3366 2005 muliebriter
3391 1949 3455 2006 in
3487 1949 3766 2024 Latinos,

526 2045 884 2122 pontiﬁcem
914 2044 1192 2122 aliosque
1223 2043 1543 2120 principes
1579 2041 1884 2120 indulget.
1927 2040 2237 2104 Cordatus
2271 2037 2464 2097 lector
2492 2036 2822 2096 historiam
2849 2037 2979 2097 suis
3019 2045 3363 2112 momentis,
3393 2061 3514 2101 non
3542 2055 3763 2105 aucto-

530 2157 671 2197 rum
705 2138 1033 2217 a/fectibus
1074 2139 1420 2216 panderet:
1465 2139 1744 2196 Tacitum
1782 2147 1838 2196 et
1869 2137 2232 2197 Suetonium
2275 2133 2573 2193 adversus
2604 2131 2924 2195 Christum
2962 2144 3016 2194 et
3075 2135 3468 2198 Christianos
3501 2141 3767 2218 injurias

532 2231 819 2292 manibus
868 2241 1073 2291 tamen
1133 2232 1343 2290 excuti
1393 2249 1520 2289 non
1560 2234 1862 2307 patimur.
1897 2232 2032 2306 Quo
2064 2229 2282 2290 ordine
2312 2229 2482 2306 apud
2517 2230 2894 2306 posteriores
2940 2230 3184 2292 ereos
3222 2234 3490 2294 Romani
3537 2254 3768 2310 omnes,

532 2327 791 2393 scimus;
823 2329 1000 2385 Anna
1029 2337 1330 2403 prccterea
1362 2327 1656 2402 proprias
1677 2346 1738 2385 se
1772 2327 1904 2386 odii
1945 2345 2166 2386 causas
2184 2325 2408 2387 habere
2439 2324 2864 2397 existimabat,
2897 2328 3066 2406 quod
3095 2329 3438 2407 Gregorius
3473 2334 3776 2411 pontifex

534 2426 904 2482 acerrimum
945 2421 1152 2480 Alexii
1185 2421 1417 2480 hostem
1448 2421 1779 2480 Robertum
1821 2421 2257 2489 Guiscardum,
2280 2431 2523 2498 patrem
2547 2419 2914 2492 Boemundi,
2959 2440 3133 2500 quem
3158 2423 3267 2483 illa
3295 2427 3477 2485 etiam
3508 2430 3776 2507 miriﬁce

533 2519 881 2579 insectatur
930 2529 990 2580 et
1039 2521 1348 2598 exagitat,
1383 2521 1451 2581 in
1498 2521 1841 2580 amicitiam
1875 2528 2214 2597 receperat.
2261 2516 2592 2577 Bertoldus
2625 2517 3148 2589 Constantiensis,
3198 2539 3364 2581 anno
3403 2522 3580 2600 108h,
3645 2527 3779 2589 hac

536 2612 764 2674 habet:
799 2616 910 2676 His
953 2616 1348 2694 temporibus
1390 2617 2116 2690 Constantinmaolitanus
2147 2615 2476 2676 maximam
2535 2617 2870 2694 pecuniam
2923 2618 3221 2682 Heinrico
3253 2623 3572 2699 quondam
3635 2629 3779 2704 regi

536 2712 900 2783 transmisit,
945 2721 1011 2772 ut
1047 2712 1485 2773 Ruodbertum
1545 2713 1955 2782 Wiscarttum,
1991 2711 2216 2772 ducem
2262 2712 2560 2772 Calabria;
2612 2721 2670 2773 et
2726 2713 2992 2791 Apulim,
3048 2717 3443 2794 conjuralum
3500 2720 3780 2786 militem

533 2805 771 2868 domini
825 2825 1024 2886 papm,
1068 2809 1132 2868 in
1187 2809 1490 2868 ultionem
1537 2808 1818 2886 ejusdem
1865 2808 2030 2886 regis
2078 2806 2246 2869 bello
2292 2814 2641 2887 appeteret.
2705 2811 2859 2871 Nam
2931 2811 3334 2874 ltuodbertus
3392 2815 3783 2894 jamdudum

535 2901 692 2962 ﬁnes
727 2904 1562 2982 Constantinepolitanorum
1624 2905 1870 2970 invasit,
1904 2904 2262 2981 iterumque
2293 2903 2442 2964 illul
2471 2903 2942 2983 expeditionem
2975 2924 3228 2969 movere
3260 2909 3570 2987 diSpOSUll
3605 2933 3620 2975 :
3653 2917 3779 2978 sed

537 2995 874 3059 Heinricus
901 3006 1224 3076 acceptam
1287 2999 1639 3073 pecuniam,
1683 3015 1810 3060 non
1855 2999 1918 3059 in
1971 2997 2370 3076 procinctum
2423 3008 2644 3061 contra
2689 3001 3148 3075 Ruodbertum,
3203 3007 3370 3084 quod
3404 3019 3788 3081 juramento

534 3092 845 3169 promisit,
879 3094 989 3154 sed
1028 3094 1104 3155 ad
1135 3094 1600 3157 conciliandum
1626 3093 1744 3154 sibi
1784 3094 2004 3171 vulgus
2035 3095 2464 3156 Romanorum
2509 3095 2839 3176 impendit.
2880 3096 3035 3158 Cum
3077 3097 3328 3160 Urbano
3361 3101 3584 3164 deinde
3607 3123 3790 3184 pon-

531 3187 694 3264 tiﬁce
738 3187 996 3249 Alexim
1048 3190 1116 3250 in
1143 3191 1414 3266 gratiam
1441 3190 1630 3250 rediit
1673 3208 1838 3250 anno
1881 3189 2056 3262 108‘),
2091 3199 2159 3251 ut
2199 3189 2360 3250 idem
2406 3190 2738 3250 Bertoldus
2783 3191 2990 3252 habet.
3025 3192 3327 3256 Dominus
3385 3213 3546 3276 papa
3595 3203 3783 3265 Con—

533 3279 1168 3360 stantinOpolitanum
1208 3283 1288 3342 ab
1337 3285 1988 3347 excommunicatione
2044 3303 2159 3366 per
2209 3285 2450 3363 legatos
2495 3304 2649 3348 suos
2689 3286 2955 3349 absolvit
3001 3308 3017 3350 :
3083 3291 3254 3365 Quin
3308 3309 3385 3352 ex
3441 3293 3792 3362 Casinensi

535 3373 768 3436 Chron.
801 3393 889 3448 ιν,
932 3395 984 3436 c.
1020 3376 1117 3449 48,
1151 3377 1524 3456 colligimus,
1559 3398 1693 3439 eum
1725 3381 2118 3458 postmodum
2149 3381 2506 3444 Occidentis
2536 3386 2862 3462 imperium
2894 3405 2932 3445 α
2965 3386 3260 3448 Paschali
3303 3401 3478 3466 pont.
3513 3410 3794 3467 sperare

532 3488 771 3531 ausum.
806 3473 1059 3534 Alexius
1094 3474 1438 3552 imperator
1466 3475 1936 3538 strenuissimos
1965 3495 2041 3538 ex
2062 3493 2178 3538 suo
2208 3477 2476 3557 imperio
2513 3480 2676 3541 viros
2704 3481 2965 3543 Romam
2993 3500 3135 3544 cum
3168 3483 3296 3546 suis
3329 3487 3545 3548 litteris
3575 3491 3793 3568 misit,

533 3568 770 3643 quibus
809 3587 876 3628 se
909 3570 1204 3648 injuriam
1237 3571 1316 3631 ab
1367 3572 1751 3650 imperatore
1783 3573 2013 3634 illatam
2058 3575 2337 3652 pontiﬁci
2386 3583 2575 3652 atque
2611 3577 2933 3647 Romanis,
2969 3579 3257 3640 dolenter
3289 3581 3541 3644 audisse
3575 3586 3799 3662 signi-

533 3665 752 3731 ticans,
785 3667 1009 3742 agebat
1038 3668 1442 3745 postmodum
1495 3670 1745 3745 gratias,
1773 3686 2023 3747 eosque
2043 3668 2331 3730 laudabat
2378 3671 2548 3748 quod
2584 3673 2844 3736 viriliter
2873 3675 2962 3735 illi
2996 3676 3407 3738 obstitissent.
3447 3684 3651 3758 Atque
3701 3685 3798 3746 ob

529 3758 618 3829 id,
644 3759 694 3818 si
728 3759 981 3821 illorum
1019 3763 1268 3824 animos
1303 3771 1554 3842 paratos
1584 3774 2042 3843 promptosque
2087 3767 2387 3826 sensisset
2427 3769 2515 3845 (ut
2559 3768 2676 3828 sibi
2720 3770 3090 3846 jamdudum
3159 3775 3504 3835 nuntiatum
3539 3775 3796 3858 fuerat)

539 3855 698 3912 velle
744 3856 838 3913 vel
873 3875 964 3924 se,
1007 3860 1102 3916 vel
1135 3861 1440 3920 Joannem
1475 3877 1680 3926 suum.
1719 3860 1895 3939 juxta
1933 3877 2170 3922 morem
2204 3861 2558 3939 priscorum
2609 3864 2887 3925 ﬁdelium
2941 3867 3417 3945 imperatorum,
3449 3887 3480 3929 a
3519 3855 3798 3938 summo

535 3947 836 4022 pontifice
879 3951 1095 4010 Romm
1125 3969 1422 4012 coronam
1470 3955 1717 4031 imperii
1765 3974 2039 4016 sumere.
2085 3957 2306 4017 l'erum
2357 3976 2424 4017 eo
2450 3959 2810 4028 redeamus;
2858 3971 2926 4020 ut
2982 3964 3176 4023 Annae
3203 3965 3381 4042 ﬁdem
3431 3967 3495 4025 in
3527 3967 3610 4026 iis
3644 3987 3799 4048 qua:

533 4051 756 4099 contra
811 4052 1060 4103 nostros
1114 4046 1355 4122 scripta
1407 4047 1686 4124 reliquit,
1725 4060 2022 4124 prwstare
2073 4068 2195 4108 non
2237 4051 2425 4118 lubet.
2481 4056 2570 4114 ita
2633 4071 2690 4115 et
2740 4076 2950 4116 eorum
3021 4077 3153 4138 quae
3212 4063 3414 4120 nostri
3468 4046 3794 4126 adversus

530 4133 824 4196 Alexium
859 4137 1043 4214 pleno
1074 4138 1296 4199 horreo
1323 4143 1590 4199 remensi
1618 4151 1786 4208 sunt,
1827 4145 2261 4204 auctoritatem
2314 4149 2668 4227 (le/agimus
2705 4172 2725 4210 :
2769 4171 2910 4212 nam
2943 4133 3203 4232 largiter
3237 4156 3394 4216 hanc
3445 4159 3798 4224 (.‘omnenc

533 4237 803 4290 retulere
829 4234 1124 4310 gratiam,
1163 4235 1328 4313 quod
1350 4238 1673 4314 sequentia
1703 4237 1944 4318 aliquot
1964 4236 2100 4298 loca
2131 4239 2436 4300 docebunt
2463 4264 2483 4311 ;
2516 4243 2768 4324 longum
2809 4249 3006 4308 visum
3039 4252 3246 4310 omnia
3275 4254 3658 4316 exscribtre.

629 4468 3560 4506 ..ρ-Μῃ-

3596 4497 3749 4513 Ἢ...

1481 4664 1750 4754 LATI
1775 4662 2195 4756 NORUM
2270 4667 2451 4756 AL!
2482 4671 2812 4777 QUOT

1273 4863 1387 4928 DE
1472 4862 1827 4922 ALEXIO
1915 4866 2360 4930 COMNENO
2458 4871 3064 4938 TESTIMONIA.

614 5176 982 5242 Guilielmus
1023 5182 1248 5259 Tyrius
1281 5181 1362 5241 De
1404 5179 1556 5242 bello
1585 5202 1760 5244 sacro
1814 5183 1925 5245 lib.
1961 5201 2032 5260 It,
2065 5203 2208 5264 cap.
2243 5182 2276 5244 5
2335 5185 2602 5248 Prmerat
2638 5193 2845 5251 autem
2881 5209 2994 5270 per
3022 5191 3079 5252 id
3115 5201 3368 5267 tempus
3403 5196 3799 5269 Graecorum

529 5270 798 5352 imperio
829 5275 920 5336 vir
954 5293 1222 5356 nequam
1272 5284 1333 5338 et
1363 5278 1688 5349 subdolus,
1728 5281 1980 5344 Alexius
2005 5284 2296 5354 nomine,
2347 5287 2731 5362 cognomine
2773 5290 3062 5351 Comutio
3095 5291 3492 5374 (Comnenus)
3535 5299 3800 5370 dictus.
3873 5295 3908 5329 3'

530 5371 812 5443 Quicum
848 5381 1014 5435 esset
1051 5374 1114 5434 in
1147 5374 1457 5452 imperiali
1493 5376 1724 5456 palatio
1749 5395 1782 5438 a
1809 5377 2068 5442 domino
2111 5381 2492 5458 Nicephoro,
2527 5397 2949 5463 cognomento
2982 5391 3353 5454 Bothomath
3389 5371 3803 5486 (Bolaniate)
3871 5402 3886 5486 ξ

531 5469 638 5547 qui
675 5479 822 5532 tunc
855 5471 916 5531 in
952 5473 1218 5552 sceptris
1260 5489 1455 5550 agens
1487 5474 1984 5553 principabatur,
2023 5475 2357 5554 plurimum
2396 5477 2767 5554 honoratus,
2806 5492 2866 5545 et
2912 5469 3428 5562 megadomesﬁci
3462 5469 3802 5570 dignitati;

533 5569 748 5648 (.juom
781 5583 896 5631 nos
934 5569 1234 5650 majorem
1265 5569 1685 5632 senescallum
1725 5572 2046 5653 appellare
2093 5579 2561 5660 consuevimus)
2591 5579 2962 5659 fungeretur
2997 5587 3226 5656 officio.
3259 5592 3339 5653 ah
3387 5594 3804 5665 imperatore
