4006 6248
255 241 328 304 73
1462 231 1558 292 DE
1601 229 1888 292 ALEXIO
1913 225 2312 296 ICOMNENO.
3431 231 3463 292 7
3471 233 3506 294 4

258 350 608 426 secundus,
639 357 858 414 contra
887 349 1211 412 dominum
1263 355 1326 411 et
1355 348 1826 411 benefactorem
1858 363 2044 409 suum
2092 343 2408 406 malitiose
2441 341 2869 417 recalcitrans,
2917 341 3141 422 quinto
3178 340 3273 402 vel
3329 349 3506 406 sexto

254 471 428 516 anno
461 460 804 529 antequam
842 446 1118 528 pOpulus
1150 452 1365 508 noster
1396 446 1751 517 accederet,
1787 440 2057 523 depulso
2091 438 2353 500 domino
2390 439 2726 518 imperium
2774 438 3109 512 invaserat,
3143 444 3204 499 et
3235 439 3508 502 retinere

256 549 686 633 praesumebat
717 545 889 624 quod
934 543 1239 605 violenter
1267 548 1706 621 occupaverat.
1741 575 1814 585 -ο
1845 543 1990 606 CAP.
2029 540 2126 600 10.
2161 540 2318 600 Dum
2349 556 2497 601 vero
2527 539 2666 602 haec
2695 538 2760 599 in
2790 539 3009 601 castris
3039 545 3334 617 aguntur,
3360 557 3508 603 ecce

253 648 519 710 domino
559 639 903 705 Boamundi
930 640 1185 701 nuntius
1217 655 1496 718 praesens
1531 643 1678 698 ante
1709 638 1936 700 ducem
1967 639 2179 711 astitit,
2215 638 2498 718 praedicti
2567 639 2875 719 principis
2923 639 3161 701 litteras
3209 639 3508 704 deferens

252 746 315 808 in
344 744 490 804 haec
521 741 715 802 verba
751 757 766 800 :
799 736 1082 807 Noveris,
1113 736 1389 796 virorum
1419 734 1684 813 Optime,
1719 738 1891 812 quod
1933 736 2044 797 tibi
2078 745 2296 797 contra
2333 735 2535 797 feram
2583 737 2921 814 pessimam
2963 742 3023 798 et
3071 754 3214 799 cum
3246 736 3506 800 homine

260 855 528 920 nequam
566 831 838 915 (Alexio)
872 831 1179 894 incumbit
1211 830 1532 908 negotium
1576 847 1590 889 :
1635 831 1816 910 cujus
1847 833 2249 910 propositum
2292 839 2388 894 est
2425 848 2680 911 semper
2712 831 2960 905 fallere,
2995 839 3058 892 et
3105 849 3360 894 omnem
3399 837 3510 895 La-

269 945 530 1004 tinorum
571 936 895 998 nationem
931 931 1253 1011 usquead
1302 937 1572 990 mortem
1605 930 1811 992 modis
1847 931 2146 993 omnibus
2185 932 2486 1012 persequi
2524 954 2538 994 :
2589 939 2649 993 et
2699 933 2870 1010 quod
2921 932 3000 993 de
3035 949 3112 994 eo
3152 941 3322 995 recte
3369 953 3511 996 sen-

274 1039 429 1104 tiam,
464 1041 579 1092 tuo
615 1026 960 1108 aliquando
991 1023 1445 1103 approbabitur
1473 1022 1742 1100 judicio,
1777 1024 1918 1085 novi
1966 1027 2134 1088 enim
2165 1029 2530 1089 Grmcorum
2560 1027 2887 1097 malitiam.
2926 1035 2989 1088 et
3024 1028 3240 1090 odium
3271 1030 3498 1091 adver-

263 1149 358 1194 sus
417 1129 790 1190 Latinorum
856 1137 1092 1183 nomen
1154 1119 1445 1198 pertinax
1491 1130 1555 1182 et
1585 1119 1989 1182 obstinatum.
2048 1157 2114 1167 —
2167 1125 2312 1184 CAP.
2378 1122 2472 1184 13,
2520 1124 2965 1184 verumtamen
3019 1123 3180 1186 sicut
3227 1126 3318 1186 vir
3375 1134 3508 1188 erat

259 1226 566 1310 (Alea-ius)
599 1221 928 1291 subdolus,
963 1225 1190 1298 potens
1218 1215 1516 1278 simulare
1541 1225 1604 1278 et
1635 1215 2034 1278 dissimulare
2074 1219 2496 1297 propositum,
2537 1217 2747 1278 missis
2779 1218 3157 1297 quibusdam
3190 1220 3508 1284 nobilibus

254 1344 328 1388 ex
358 1325 502 1388 suis
531 1316 897 1382 domesticis
925 1316 1002 1377 ad
1036 1313 1331 1376 eumdem
1381 1313 1582 1373 virum
1616 1313 1964 1389 egregium,
2013 1313 2220 1374 verbis
2250 1314 2530 1392 paciﬁcis
2551 1314 2607 1374 ei
2647 1312 2898 1375 locutus
2933 1314 3117 1376 estin
3160 1314 3331 1389 dolo,
3363 1323 3505 1378 ten-

250 1433 392 1485 tans
423 1420 476 1482 si
503 1431 772 1498 quoquo
801 1411 994 1474 modo
1034 1428 1181 1473 eum
1221 1416 1439 1490 posset
1468 1408 1790 1487 decipere.
1823 1442 1900 1454 —-
1931 1411 2077 1470 CAP.
2122 1408 2218 1471 14.
2252 1410 2368 1472 Hic
2407 1397 2661 1472 demum
2706 1410 2960 1488 plenius
2994 1411 3294 1487 innotuit,
3335 1415 3503 1492 quod

249 1517 573 1600 quidquid
609 1513 700 1574 eis
731 1511 1077 1589 imperator
1120 1505 1426 1584 (Alexim)
1460 1505 1863 1582 loquebatur,
1896 1507 2069 1567 fraus
2103 1513 2236 1567 erat
2271 1514 2332 1568 et
2367 1507 2844 1570 circumventio.
2873 1541 2949 1551 -—
2982 1508 3124 1568 CAP.
3162 1508 3257 1570 19.
3291 1511 3506 1582 Quod-

248 1633 379 1695 que
411 1609 816 1693 principibus
854 1603 1199 1668 liberaliter
1227 1602 1582 1665 contulerat
1616 1600 1920 1680 (Alexim)
1946 1619 2064 1663 nec
2102 1601 2496 1665 liberalitatis
2525 1611 2660 1664 erat
2687 1619 2804 1664 nec
2836 1604 3074 1680 gratim,
3122 1606 3228 1667 sed
3263 1607 3508 1670 timoris

246 1707 606 1790 desperati,
658 1712 719 1766 et
755 1700 1178 1764 fraudulentm
1219 1698 1536 1759 versutim.
1571 1698 1812 1758 Nostris
1864 1703 2073 1760 autem
2112 1698 2176 1758 in
2230 1697 2633 1777 simplicitate
2677 1699 2938 1776 spiritus
2985 1709 3043 1762 et
3092 1703 3339 1765 sincera
3385 1703 3508 1766 ﬁde

241 1803 739 1874 incedentibus,
781 1801 883 1860 vix
915 1796 1282 1879 persuaderi
1318 1801 1568 1876 poterat
1597 1796 1957 1856 Grmcorum
1991 1793 2250 1867 malitia,
2278 1802 2332 1856 et
2369 1811 2646 1874 nequam
2692 1795 2949 1856 illorum
2997 1798 3306 1877 principis
3334 1800 3508 1862 fraus

243 1914 309 1969 et
339 1898 811 1968 circumventio
846 1895 1160 1976 pertinax,
1194 1893 1467 1955 maxime
1503 1909 1647 1954 cum
1679 1908 1828 1970 erga
1859 1906 1972 1952 eos
1999 1897 2170 1951 tanta
2213 1889 2587 1952 liberalitate
2627 1899 2690 1952 et
2719 1890 3010 1954 simulata
3052 1894 3247 1970 gratia
3275 1894 3506 1956 redun-

241 2003 454 2066 daret.
489 2001 634 2059 Car.
669 1994 768 2056 20.
799 1995 1028 2073 Sicque
1057 1989 1341 2070 quotidie
1365 1987 1561 2065 magis
1587 1993 1650 2049 et
1675 1987 1871 2064 magis
1902 1987 2265 2048 Graecorum
2293 1985 2500 2061 dolus,
2531 1993 2593 2047 et
2619 1985 2792 2048 fraus
2819 1987 3222 2066 imperatoris
3245 1989 3501 2068 (Alexit')

245 2095 694 2175 detegebatur,
730 2091 813 2152 ita
855 2097 920 2150 ut
942 2089 1070 2167 jam
1105 2101 1293 2147 nemo
1327 2093 1492 2148 esset
1525 2083 1604 2145 de
1641 2083 2043 2163 principibus
2081 2082 2182 2144 cui
2212 2099 2343 2144 non
2373 2089 2540 2144 esset
2583 2081 3014 2158 manifestum,
3049 2091 3110 2145 et
3140 2082 3280 2147 luce
3316 2087 3506 2147 meri-

243 2193 448 2256 diana
498 2189 753 2262 clarius,
805 2191 1042 2265 quanto
1073 2181 1222 2243 odio
1271 2181 1779 2260 prosequebatur
1823 2181 2133 2260 pOpulum
2179 2190 2490 2257 nostrum,
2535 2190 2600 2245 et
2649 2199 2839 2246 omne
2888 2200 3090 2263 genus
3142 2184 3506 2249 Latinorum

241 2287 517 2350 haberet
537 2285 918 2347 invisum.—
948 2281 1092 2340 Car.
1117 2276 1217 2339 21.
1249 2275 1560 2355 Quidquid
1592 2282 1800 2337 autem
1835 2275 2216 2356 loquebatur
2243 2277 2550 2358 (Alexim)
2577 2279 2762 2342 dolus
2781 2287 2914 2342 erat
2941 2286 3002 2342 et
3023 2280 3500 2345 circumventio.

241 2418 326 2430 —
362 2385 499 2445 Lm.
535 2398 642 2454 vu,
678 2376 925 2441 ων.20.
959 2373 1233 2436 Fraudes
1263 2373 1431 2434 enim
1468 2371 1874 2451 imperatoris
1909 2373 2170 2452 (Alezii)
2207 2382 2268 2438 et
2297 2375 2436 2456 ejus
2467 2377 2760 2447 versutia,
2802 2392 2958 2454 quas
2985 2377 3220 2456 smpius
3262 2383 3506 2458 experti

239 2482 533 2550 fuerunt,
560 2476 880 2541 declinare
917 2471 1284 2552 judicabant
1315 2469 1734 2540 commodius,
1769 2485 1849 2531 ne
1886 2470 2021 2549 ejus
2060 2471 2437 2550 Iabyrinthis
2491 2479 2553 2534 et
2609 2471 2977 2550 ambagibus
3032 2476 3261 2536 iterum
3292 2490 3361 2536 se
3391 2474 3509 2540 .in-

242 2580 580 2641 volverent
611 2591 645 2636 a
667 2571 897 2652 quibus
931 2585 1058 2630 non
1092 2567 1240 2629 satis
1268 2565 1452 2628 facile
1486 2563 1889 2642 postmodum
1918 2575 2182 2646 possent
2211 2567 2521 2644 expediri.
2558 2601 2631 2614 —
2668 2569 2802 2629 Lm.
2834 2585 2904 2641 x,
2944 2584 3084 2628 CAP.
3120 2565 3216 2630 12.
3254 2572 3329 2630 At
3356 2586 3504 2632 vero

247 2675 424 2737 idem
461 2668 768 2750 (Alexim)
806 2667 1171 2745 imperator,
1207 2670 1448 2724 vetusto
1493 2663 1857 2724 Grmcorum
1885 2679 2064 2726 more
2098 2670 2457 2726 nostrorum
2492 2665 2894 2726 successibus
2926 2663 3244 2738 invidens,
3277 2681 3502 2744 quam-

255 2772 346 2832 vis
386 2786 524 2842 eos,
565 2774 634 2829 ut
662 2763 1092 2846 prmdiximus,
1145 2761 1310 2840 apud
1342 2776 1410 2821 se
1447 2760 1597 2822 satis
1648 2760 1924 2837 benigne
1984 2759 2330 2834 habuisset,
2399 2760 2646 2823 occulte
2699 2759 2850 2822 inde
2907 2776 3024 2838 per
3083 2759 3507 2826 internuntios

254 2869 631 2946 frequentes
659 2865 724 2925 in
755 2879 976 2925 eorum
1011 2859 1360 2940 perniciem
1392 2857 1608 2921 hostes
1637 2858 2040 2932 sollicitabat,
2076 2864 2138 2919 et
2164 2857 2244 2921 ab
2275 2873 2501 2920 eorum
2532 2856 2808 2920 adventu
2845 2856 3084 2920 crebris
3131 2858 3412 2937 epistolis
3440 2871 3504 2922 et

256 2963 630 3026 nuntiorum
698 2956 1090 3020 discursibus
1140 2955 1442 3017 reddebat
1480 2955 1941 3029 instructiores,
1987 2972 2098 3017 eos
2151 2970 2579 3034 praemonens,
2624 2971 2704 3016 ne
2755 2960 2997 3016 tantum
3041 2955 3351 3034 papulum
3385 2975 3503 3022 suo

255 3058 547 3138 periculo
579 3056 780 3118 libere
816 3053 1084 3114 transire
1136 3051 1474 3132 patiantur.
1510 3051 1732 3114 Vicem
1789 3052 2146 3132 scorpionis
2187 3067 2405 3128 agens,
2441 3051 2722 3132 quicum
2753 3067 2882 3112 non
2920 3051 3000 3112 sit
3032 3051 3099 3112 in
3142 3051 3303 3115 facie
3331 3055 3505 3133 quod

255 3154 583 3226 formides,
621 3150 967 3232 prudenter
1000 3146 1228 3209 feceris
1269 3146 1317 3208 si
1352 3147 1569 3209 caudae
1615 3147 1982 3226 posterioris
2012 3147 2329 3209 declinare
2375 3147 2609 3226 poteris
2657 3146 3060 3209 maleﬁcium.
3098 3182 3174 3192 —-
3211 3150 3339 3210 Lm.
3372 3166 3490 3224 xu,

256 3269 391 3313 car.
429 3250 488 3310 5.
553 3249 673 3311 Per
717 3245 886 3307 idem
919 3250 1167 3323 tempus
1218 3242 1411 3323 (anno
1463 3241 1635 3321 1118)
1689 3241 2433 3322 Constantinopolitanus
2470 3242 2818 3322 imperator
2850 3240 3107 3308 Alexius
3137 3244 3501 3309 Latinorum

257 3346 570 3409 maximus
598 3347 990 3423 persecutor,
1031 3340 1217 3400 rebus
1250 3337 1541 3399 humanis
1576 3343 1907 3417 exemptus
1939 3345 2055 3401 est.

331 3441 649 3504 Robertus
678 3437 1038 3507 monachus,
1075 3436 1161 3496 De
1190 3435 1696 3498 Christianorum
1729 3434 2094 3514 principum
2116 3435 2511 3514 profectione
2535 3437 2604 3496 in
2631 3435 2908 3512 Syriam,
2939 3435 3050 3500 lib.
3085 3453 3154 3500 ll.
3186 3438 3504 3500 Subdolus

254 3541 468 3619 itaque
507 3538 856 3616 imperator
888 3532 1192 3611 (Alexim)
1228 3531 1448 3594 videns
1473 3548 1760 3594 crescere
1791 3537 1993 3593 castra
2024 3531 2157 3603 Dei,
2204 3538 2266 3592 et
2297 3531 2376 3593 de
2407 3531 2510 3593 die
2539 3532 2604 3592 in
2662 3531 2830 3593 diem
2861 3534 3278 3610 augmentari,
3313 3533 3508 3611 inaps'

253 3635 472 3705 animi,
511 3649 738 3713 expers
806 3647 1053 3703 sensus,
1105 3644 1347 3708 pauper
1395 3627 1666 3702 consilii,
1700 3628 1791 3689 ira
1851 3626 2212 3689 vehementi
2269 3627 2462 3705 coapit
2507 3627 2773 3689 anxiari.
2821 3629 2998 3687 Mens
3051 3627 3218 3688 enim
3279 3629 3500 3690 fraude

256 3731 447 3810 plena
488 3745 746 3807 semper
783 3725 1072 3787 anxiatur
1105 3731 1168 3785 et
1200 3729 1292 3786 est
1323 3721 1616 3797 sollicita,
1665 3731 1728 3784 et
1778 3724 1951 3803 quod
2004 3722 2400 3784 machinatur
2435 3722 2613 3782 alteri
2644 3722 3032 3800 pertimescit
3075 3721 3195 3782 sibi
3249 3739 3502 3801 semper

255 3825 632 3888 machinari.
665 3826 736 3885 In
773 3829 984 3884 mente
1016 3819 1416 3901 imperatoris
1445 3835 1696 3898 semper
1745 3819 1973 3882 mansit
1996 3817 2404 3879 fraudulenta
2457 3817 2648 3877 ﬁctio.
2695 3816 3005 3894 Quidquid
3044 3817 3267 3896 iuravit
3299 3826 3498 3882 totum

259 3922 630 3994 exinanivit,
658 3920 803 3999 quia
838 3918 1346 3998 perjuriipoxam
1380 3915 1703 3978 incurrere
1752 3915 1994 3989 maluit,
2029 3931 2216 3993 quam
2274 3919 2526 3992 gentem
2572 3915 2954 3976 Francorum
2998 3931 3034 3976 a
3089 3915 3220 3977 suis
3271 3914 3499 3979 ﬁnibus

257 4037 381 4080 non
416 4017 724 4095 elongari.

332 4114 672 4176 Conradus
708 4111 898 4172 abba:
937 4108 1376 4188 Urspergensis
1407 4107 1642 4170 Chron.
1681 4126 1845 4168 anno
1889 4106 2063 4171 1101.
2112 4109 2272 4172 Ecce
2300 4108 2508 4171 subito
2559 4125 2844 4171 murmur
2877 4109 3176 4181 exoritur,
3231 4111 3499 4174 invisum

254 4212 709 4291 imperatorem
744 4207 1073 4289 (Alexium)
1105 4207 1453 4268 Turcorum
1508 4204 1718 4284 potius
1761 4222 1950 4283 quam
1980 4204 2474 4267 Christianorum
2525 4205 2687 4285 parti
2730 4204 2974 4281 favere,
3031 4206 3500 4289 exploratisque

251 4327 398 4388 qua;
433 4309 601 4371 circa
633 4323 747 4368 nos
778 4311 979 4377 erant,
1009 4302 1447 4382 frequentibus
1481 4301 1626 4363 illos
1664 4309 1882 4364 contra
1919 4318 2037 4364 nos
2075 4300 2316 4362 nuntiis
2352 4300 2656 4363 animare.
2696 4301 2812 4364 Hic
2842 4308 2959 4376 est,
2997 4301 3317 4382 inquiunt,
3350 4322 3498 4384 per-

250 4407 419 4468 ﬁdus
445 4405 558 4466 ille
588 4402 860 4472 Alexius,
888 4401 996 4480 qui
1027 4399 1287 4461 domino
1315 4414 1432 4460 suo
1455 4397 1838 4478 Nicephoro,
1868 4415 1983 4477 per
2011 4399 2430 4477 quorumdam
2453 4396 2938 4460 Alamannorum
2969 4399 3500 4462 conductitiorum

247 4502 565 4563 auxilium
619 4497 922 4576 depulso,
974 4494 1306 4574 imperium
1345 4494 1478 4573 ejus
1529 4493 1874 4572 usurpavit,
1926 4496 2229 4574 ipsosque
2276 4493 2373 4554 sui
2428 4493 2686 4556 sceleris
2735 4503 3220 4574 cooPeratores,
3280 4497 3500 4559 exsilio

248 4598 590 4658 damnatos
618 4591 827 4654 necari
861 4590 1008 4652 fecit
1044 4607 1057 4650 :
1097 4605 1391 4668 nuncque
1425 4604 1494 4650 se
1521 4588 1674 4650 tanti
1706 4588 1860 4649 dixit
1891 4587 2098 4650 facere
2135 4589 2406 4651 Francos
2437 4605 2580 4650 cum
2609 4589 2828 4651 Turcis
2865 4589 3251 4668 prmliantes,
3282 4584 3504 4670 quanti

249 4709 445 4752 canes
483 4707 556 4751 se
587 4687 852 4749 invicem
884 4684 1274 4746 mordentes.
1308 4686 1460 4746 Cum
1488 4691 1695 4746 autem
1731 4683 1975 4762 navigia
2005 4684 2338 4764 quisquam
2370 4683 2731 4745 conducere
2777 4691 3068 4754 tentaret,
3099 4685 3335 4747 audivit
3363 4687 3502 4748 Ca3-

243 4803 456 4848 sarem
491 4784 752 4845 insidias
785 4780 1134 4861 peregrinis
1163 4780 1348 4842 etiam
1381 4780 1444 4842 in
1487 4779 1639 4842 mari
1671 4779 1961 4859 posuisse
1985 4827 2000 4854 ,
2041 4779 2395 4859 multasque
2435 4779 2674 4841 dudum
2729 4780 2953 4842 eodem
3003 4780 3282 4846 facinore
3315 4801 3504 4846 naves

243 4899 398 4943 eum
451 4879 896 4942 submersisse.
928 4880 1322 4956 QuaprOpter
1343 4892 1564 4937 omnes
1592 4892 1736 4938 eum
1775 4875 2232 4938 maledicebant
2285 4885 2348 4938 et
2398 4874 3031 4952 anathematizabant,
3073 4895 3297 4942 omnes
3325 4881 3504 4944 illurn

236 4979 488 5055 lingua:
520 4990 648 5035 non
681 4973 1148 5052 imperatorem,
1176 4971 1285 5033 sed
1311 4970 1672 5032 traditorem
1700 4971 2128 5050 appellabant.
2159 4975 2341 5034 ANNO
2371 4969 2544 5046 1106,
2575 4971 2822 5034 invidus
2847 4980 2908 5035 et
2937 4977 3220 5038 occultus
3243 4981 3505 5040 eatenus

235 5073 554 5134 Ecclesia
597 5075 964 5153 persecutor
993 5066 1242 5153 Alexius
1265 5110 1282 5138 ,
1316 5066 1422 5127 diu
1456 5072 1682 5128 tectam
1731 5085 1859 5129 sum
1902 5069 2182 5148 perﬁdiae
2213 5069 2552 5132 toxicatam
2599 5069 2836 5131 rabiem
2880 5071 3165 5149 evaginat
3197 5089 3209 5132 :
3243 5074 3464 5136 Turcis
3486 5123 3500 5144 ,

233 5170 484 5245 quibus
513 5169 641 5247 jam
674 5167 843 5228 nulla
891 5165 985 5227 vel
1017 5179 1152 5226 rara
1180 5163 1246 5224 in
1275 5163 1526 5225 Oriente
1579 5163 1885 5241 regnandi
1930 5182 2074 5244 spes
2109 5169 2533 5238 remanserat,
2565 5181 2632 5226 se
2667 5165 2972 5228 tutissime
3022 5167 3332 5241 conciliat,
3373 5176 3433 5231 et
3465 5189 3504 5230 ο

231 5266 690 5348 turpissimum
727 5259 1008 5326 facinus!
1044 5261 1338 5333 Nicaeam,
1376 5276 1563 5338 quam
1615 5261 1765 5321 olim
1805 5261 1950 5322 ﬁdei
2001 5268 2234 5322 nostrm
2271 5261 2515 5330 turrim,
2567 5259 2935 5341 dudumque
2969 5263 3166 5326 multo
3200 5263 3500 5328 Christia-

227 5380 478 5425 norum
513 5360 820 5438 sanguine
850 5366 1271 5438 comparatam
1303 5355 1838 5436 praiscripsimus,
1870 5357 2218 5418 Solimanni
2251 5355 2498 5434 tyranni
2547 5355 2690 5418 ﬁliis
2731 5356 3001 5421 reddidit
3023 5375 3056 5418 τ
3082 5359 3396 5422 custodias
3423 5363 3498 5421 ad

226 5458 722 5529 prohibendum
753 5455 1078 5518 transitum
1112 5453 1460 5532 peregrinis
1493 5458 1656 5512 terra
1687 5452 1970 5532 marique
1995 5454 2338 5515 constituit.
2361 5455 2547 5534 Cujus
2570 5453 2804 5516 classes
2825 5462 3042 5517 contra
3068 5455 3500 5520 Antiochenos

226 5557 547 5628 directas,
597 5554 723 5635 ipsi
762 5553 930 5616 bello
980 5560 1323 5632 ceperunt,
1372 5557 1434 5612 et
1488 5551 1549 5611 in
1583 5548 2024 5617 confusionem
2076 5550 2315 5624 Alexii,
2370 5551 2535 5614 nasis
2579 5555 2768 5630 atque
2821 5549 3155 5614 pollicibus
3208 5551 3500 5616 omnibus

575 5658 849 5716 Pnaon.
888 5656 998 5715 Gn.
1039 5652 1299 5714 CXXXI.
1639 5735 1645 5740 ι
1682 5669 1698 5740 ἰ
1729 5667 1806 5740 ,λέ
1907 5732 1912 5736 _
2000 5714 2004 5719 ,
2129 5706 2132 5708 ν

1907 5714 2004 5736 ,η
3154 5652 3185 5711 3

1690 5725 1786 5740 ..ι-α
