2003 3124
224 146 271 177 ’ἷῦ
773 142 951 174 ELOGIUM
968 143 1015 172 AN

1053 141 1080 172 ΑΞ.
1097 140 1299 172 (ἸΟΜΝΕΝΕ.
1324 144 1331 149 ⁷
1810 143 1844 174 τε

235 200 398 236 abscissis,
415 207 508 230 unam
534 199 571 229 de
587 197 711 238 scaphis
738 197 813 229 inde
837 200 1017 234 oncrantes,
1043 195 1223 236 huiusmodi
1250 194 1446 235 pulmentum
1471 192 1574 224 eidem
1596 201 1651 225 reo
1678 193 1846 227 multorum

233 249 366 280 millium
383 246 563 283 homicidia,
575 245 823 276 transmiserunt.
837 262 873 268 ~—
886 246 1032 276 Albertus
1044 243 1207 275 Siadensis
1222 243 1325 273 eadem
1337 242 1403 281 fere
1414 241 1455 271 ad
1466 241 1590 271 verbum
1604 241 1706 271 habet.
1725 259 1762 264 ——
1775 243 1847 274 Otto

235 294 462 335 Frisingensis,
481 294 626 326 Chronic.
646 293 699 323 lib.
716 302 772 330 vn,
791 303 858 333 cap.
878 293 925 324 10.
944 294 1070 324 Alexius
1085 292 1255 331 imperator
1271 290 1506 330 perlidissimus,
1522 289 1642 328 jamdiu
1662 295 1848 330 conceptam

234 345 330 376 corde
346 343 493 374 malitiam
513 342 614 373 celare
629 342 765 380 amplius
777 350 839 372 non
855 341 971 376 valens,
988 349 1058 371 cum
1070 339 1190 376 Turcis,
1205 338 1330 378 quijam
1347 345 1430 377 pene
1442 337 1598 376 desperati
1614 340 1714 374 erant,
1727 340 1847 378 turpis-

232 393 311 423 sime
327 391 512 426 l'tederatur,
525 390 639 429 eisque
656 390 803 426 Nieaiam,
824 389 922 418 multo
942 392 1118 418 nostrorum
1131 387 1283 425 sanguine
1301 385 1496 425 acquisitam,
1508 385 1694 424 impiissime
1709 387 1849 418 tradidit.

262 440 440 479 ﬂat/ridae
459 437 672 475 Viterbienais,
690 438 835 469 Chronic.
852 443 941 476 parte
961 437 1067 466 XVIII.
1088 433 1393 473 Constantinopolim
1409 437 1630 473 pervenerunt,
1647 434 1700 464 ubi
1716 435 1850 466 multum

232 488 338 518 dolum
364 491 395 518 et
416 487 679 526 impedimentum
695 495 712 517 a
729 494 802 524 rege
828 486 936 516 Alexio
961 484 1114 525 perpessi.
1135 485 1222 514 Tunc
1245 482 1374 513 Alexius
1398 491 1453 513 rex
1470 482 1850 521 Conslantinopolitanus,

230 535 409 567 Christianas
432 535 648 575 prosperitatis
671 534 882 573 adversarius,
909 535 1027 564 Turcos
1053 534 1085 563 in
1112 531 1366 570 desperationem
1380 529 1445 569 jam
1461 530 1581 569 positos
1595 553 1602 566 ,
1622 530 1654 560 in
1680 531 1850 562 amicitiam

229 594 317 616 suam
332 586 567 622 cont‘oederavit,
582 586 692 623 eisque
706 586 816 616 turrim
834 586 982 620 Nicteam,
1008 583 1254 614 Christianorum
1269 581 1421 620 sanguine
1441 581 1662 619 conquisitam.
1678 582 1847 612 concossit.

230 650 267 655 —
284 633 452 663 Mattheus
468 634 560 664 Paris
576 633 608 664 in
627 634 770 664 Historia
784 634 908 671 majori,
926 641 1008 662 anno
1031 631 1117 662 1096.
1134 632 1259 662 Alexius
1282 634 1385 661 autem
1405 630 1577 669 imperator
1591 631 1784 667 Graecorum,
1803 632 1850 662 vir

230 690 364 721 nequam
383 685 413 712 et
427 681 592 716 subdolus.
608 689 681 712 cum
708 678 791 711 esset
811 681 844 711 in
863 681 980 720 palatio
1010 678 1179 717 Nicephori
1202 678 1380 710 decessoris
1404 678 1452 708 sui
1467 685 1621 713 summus,
1648 680 1679 708 et
1700 678 1849 718 princeps

230 729 361 766 militiae,
387 733 496 760 contra
521 729 683 759 dominum
699 737 790 759 suum
815 728 968 759 malitiose
988 728 1206 765 recalcitrans,
1224 727 1336 767 quinto
1357 726 1404 758 vel
1428 732 1518 757 sexto
1532 730 1604 757 ante
1620 726 1701 758 hanc
1715 729 1848 767 expedi-

230 779 349 808 tionem
374 785 470 814 anno,
500 776 630 808 domino
646 777 780 817 depulso
807 777 978 816 imperium
1002 776 1174 811 invaserat,
1198 779 1229 806 et
1253 775 1396 805 invasum
1422 774 1570 812 nequiter
1594 774 1764 805 detinebat.
1790 776 1849 806 Hic

230 833 356 864 semper
372 825 569 864 prepositum
586 824 706 854 habens
722 824 861 860 fallendi,
880 832 965 864 Sthe
981 832 1052 855 cum
1066 823 1240 863 peregrinis
1254 823 1348 853 verba
1363 822 1491 861 paciﬁca
1509 822 1698 861 loquebatur
1712 823 1745 853 in
1758 824 1847 859 dolo.

223 876 408 911 suspectam
419 872 537 911 jugiter
558 871 679 901 habens
694 871 929 901 multitudinem
949 880 1044 903 cruce
1068 872 1274 911 signatorum,
1293 874 1323 901 et
1339 870 1460 901 militias
1483 870 1682 909 probitatem.
1707 871 1797 901 Unde
1819 871 1847 901 si

230 921 422 960 quandoque
449 927 565 950 nocere
592 920 737 956 cessavit,
767 928 830 950 nun
857 919 918 950 hoc
946 920 1068 951 virtutis
1097 919 1230 956 exstitit,
1257 918 1312 949 sed
1338 918 1470 948 timoris.
1486 934 1524 939 —
1543 919 1633 947 ANNO
1655 916 1740 948 1108.
1757 919 1846 950 Tunc

229 968 401 1007 imperator
421 967 557 1002 Alexius.
576 970 607 997 et
625 967 769 1007 proditor
787 967 1011 1006 nequissimus,
1029 971 1207 999 nostrorum
1226 967 1370 997 invidens
1390 966 1598 1002 successibus,
1613 966 1719 997 Turcis
1733 966 1845 997 inﬁde-

230 1015 323 1051 libus,
341 1023 399 1054 per
414 1023 550 1053 quorum
566 1018 666 1045 terras
682 1015 843 1054 peregrini
858 1015 1017 1046 transituri
1032 1018 1131 1051 erant,
1151 1015 1278 1046 crebras
1305 1014 1475 1044 transmisit
1489 1013 1638 1053 epistolas
1650 1036 1658 1050 ,
1675 1013 1843 1045 exhortans

229 1063 388 1098 attentius,
412 1070 451 1092 ne
466 1065 586 1092 tantum
603 1062 848 1093 Christianorum
865 1063 1020 1102 populum
1037 1063 1135 1094 libere
1156 1062 1287 1093 transire
1302 1062 1334 1093 in
1352 1070 1440 1093 suam
1460 1062 1634 1101 perniciem
1651 1065 1840 1101 paterentur.

270 1109 415 1140 Matthwi
448 1109 803 1146 Westmonastrriensis,
828 1109 936 1140 Floras
962 1110 1073 1141 histor.
1098 1119 1180 1141 anno
1206 1110 1293 1140 1095.
1321 1110 1447 1140 Alexius
1470 1113 1545 1140 tunc
1565 1109 1717 1149 temporis
1732 1110 1847 1141 Grtecis

229 1157 416 1196 imperabat,
432 1156 478 1186 vir
497 1157 625 1196 quidem
642 1156 806 1193 subdolus,
822 1160 853 1188 et
867 1158 1057 1188 nostratibus
1071 1166 1196 1198 semper
1212 1166 1327 1197 parans
1340 1165 1413 1188 cum
1427 1157 1552 1188 insidiis
1566 1161 1806 1188 nocumentum.

269 1206 367 1245 Atque
384 1205 446 1236 hac
460 1205 497 1235 de
513 1204 620 1235 Alexii
632 1205 772 1236 moribus
788 1205 877 1244 vulgo
892 1205 978 1245 apud
994 1206 1122 1236 Latinos
1138 1206 1244 1244 opinio
1261 1205 1397 1236 obtinuit
1413 1215 1423 1235 :
1438 1214 1519 1235 unus
1535 1214 1623 1244 quem
1648 1214 1703 1244 ego
1720 1205 1849 1244 legerim

231 1252 377 1283 Albanus
396 1253 566 1283 canonica:
592 1252 757 1293 Aquensis,
780 1263 799 1283 a
826 1254 989 1284 Reineccio
1013 1253 1106 1284 titulo
1131 1253 1273 1284 chronici
1290 1253 1588 1292 Hierosolymitani,
1613 1254 1680 1284 sine
1708 1254 1848 1284 auctoris

228 1301 353 1331 nomine
376 1300 490 1335 edin»,
508 1301 698 1332 commodius
717 1301 754 1331 de
778 1301 833 1332 illo
848 1311 912 1332 non
929 1311 992 1332 uno
1013 1301 1079 1332 loco
1096 1302 1204 1332 sensit.
1221 1302 1273 1333 Sic
1292 1307 1326 1332 ut
1340 1301 1458 1332 alicubi
1480 1302 1546 1341 ejus
1567 1301 1756 1340 apolegetem
1779 1301 1849 1340 fere

230 1358 271 1379 ea:
284 1350 423 1390 professo
447 1349 563 1388 egerit,
583 1358 645 1380 LIB.
667 1358 734 1387 vui,
750 1358 818 1380 cn.
840 1349 886 1380 46.
908 1350 992 1381 Fecit
1019 1349 1103 1380 enim
1127 1349 1208 1380 fama
1229 1349 1263 1380 in
1285 1349 1405 1389 populo
1431 1349 1608 1385 catholico,
1634 1349 1720 1388 quod
1748 1349 1850 1388 ipsius

228 1397 430 1436 imperatoris
449 1396 571 1436 (Alexii)
582 1397 715 1429 occultis
727 1401 758 1429 et
771 1398 901 1437 perﬁdis
912 1397 1064 1434 consiliis,
1076 1406 1094 1429 a
1106 1398 1221 1429 comite
1236 1398 1425 1437 Reymuudo
1440 1401 1470 1428 et
1484 1397 1636 1428 militibus
1648 1397 1849 1435 Turcopolis,

228 1445 384 1476 deductus
398 1445 438 1475 sit
453 1445 609 1475 exercitus
625 1445 903 1484 Langobardorum
921 1454 978 1485 per
993 1445 1116 1477 deserta
1135 1450 1166 1477 et
1182 1446 1264 1477 invia
1286 1450 1317 1477 et
1333 1446 1522 1477 solitudines
1547 1445 1715 1484 Flaganite,
1733 1450 1768 1475 ut
1782 1446 1851 1477 illic

230 1501 249 1523 a
262 1494 370 1524 Turcis
385 1492 476 1524 facile
504 1501 569 1533 prae
583 1493 667 1524 fame
683 1498 714 1525 et
729 1494 780 1524 siti
795 1493 982 1530 exhaustus,
1005 1498 1171 1533 superatus
1193 1494 1401 1525 occideretur.
1424 1494 1539 1525 Verum
1559 1499 1594 1524 ut
1615 1503 1632 1525 a
1648 1494 1793 1524 veridicis
1820 1497 1850 1524 et

230 1541 391 1571 nobilibus
406 1541 480 1571 viris
504 1541 635 1572 relatum
651 1544 711 1577 est,
728 1549 929 1581 nequaquam
955 1541 1015 1572 hoc
1029 1541 1167 1572 nefando
1192 1541 1312 1572 scelere
1336 1541 1511 1581 culpandus
1528 1547 1605 1572 erat.
1631 1542 1708 1572 Nam
1730 1541 1853 1580 saepius

233 1588 404 1619 exercitum
425 1588 625 1628 prtemonuit,
643 1593 675 1618 et
688 1588 816 1619 edocuit
836 1588 1024 1619 solitudines
1039 1593 1070 1620 et
1084 1589 1289 1626 defectiones,
1315 1593 1345 1620 et
1362 1591 1534 1620 Turcorum
1558 1589 1687 1620 insidias
1706 1589 1738 1619 in
1756 1589 1852 1619 inviis

232 1636 398 1675 Flaganiae,
420 1640 450 1666 et
466 1636 538 1667 ideo
555 1644 610 1667 eos
624 1644 688 1667 non
702 1645 813 1668 secure
829 1640 861 1667 et
874 1640 959 1667 tutos
980 1645 1036 1676 per
1049 1637 1130 1668 hanc
1146 1637 1224 1667 viam
1240 1645 1333 1676 posse
1356 1636 1516 1668 incedere.
1532 1653 1570 1659 —
1590 1638 1660 1667 CAP.
1678 1636 1725 1666 47.
1744 1637 1853 1676 Impe-

232 1688 316 1714 rator
332 1684 479 1724 (Alexius)
506 1685 684 1715 universam
703 1685 888 1725 petitionem
906 1685 998 1723 regis,
1024 1693 1095 1715 cum
1111 1684 1297 1715 muneribus
1317 1683 1378 1714 sibi
1399 1684 1608 1723 prmsentatis,
1634 1684 1665 1714 in
1688 1684 1773 1714 bono
1791 1692 1851 1714 ac-

228 1731 329 1771 cepit,
343 1734 373 1762 et
389 1731 428 1762 de
443 1731 529 1762 omni
540 1732 723 1771 suspicione
739 1732 826 1762 necis
838 1731 1130 1771 Longobardorum,
1148 1741 1242 1771 quam
1254 1731 1403 1762 adversus
1418 1739 1490 1761 eum
1500 1731 1664 1762 Christiani
1676 1730 1850 1767 habebant.

230 1779 445 1819 jusjurandum
460 1779 491 1809 in
511 1779 565 1809 Dei
583 1780 711 1810 nomine
727 1778 858 1815 faciens,
874 1788 907 1810 se
923 1779 1092 1816 excusavit,
1109 1780 1295 1818 promittens
1312 1787 1346 1809 se
1364 1778 1478 1809 deinde
1495 1779 1643 1809 omnibus
1666 1778 1852 1808 misericor-

232 1829 304 1858 dem
320 1827 397 1863 ticri,
413 1835 519 1866 regem
532 1826 746 1857 Baldewinum
762 1835 797 1857 se
813 1827 892 1857 velle
908 1827 1064 1858 honorare
1080 1831 1110 1857 et
1124 1835 1242 1858 amare.
1260 1828 1293 1857 In
1304 1826 1415 1857 eadem
1427 1826 1584 1864 legatione
1600 1826 1639 1856 ab
1656 1826 1852 1864 imperatore

232 1876 394 1906 decretum
411 1878 468 1912 est,
487 1878 518 1905 ut
537 1874 707 1914 episcopus
726 1874 765 1905 de
786 1874 963 1905 Barcinona
981 1883 1054 1905 eum
1070 1875 1153 1914 apud
1176 1876 1351 1906 Romanum
1368 1877 1457 1913 pont.
1489 1873 1669 1905 Paschalem
1692 1873 1731 1904 de
1750 1874 1853 1905 tradi-

234 1924 320 1953 tione
344 1923 403 1953 sibi
425 1923 573 1962 imposita
601 1925 775 1953 excusaret.
805 1922 869 1953 Sed
892 1922 1093 1961 prmoniuisse
1120 1923 1330 1962 suspiciones,
1361 1931 1399 1952 ex
1421 1922 1618 1961 sequentibus
1644 1926 1786 1961 apparet.
1812 1939 1853 1944 —

224 1973 306 2002 Car.
324 1971 372 2001 48.
401 1971 594 2010 Engelradus
618 1975 723 2002 autem
751 1972 841 2002 miles
868 1971 997 2011 quidam
1029 1972 1062 2002 in
1087 1972 1259 2004 Jerusalem
1287 1975 1441 2009 repertus,
1469 1971 1651 2001 muneribus
1674 1970 1794 2008 magnis
1808 1970 1852 2001 ab

234 2020 424 2058 imperatore
440 2019 624 2055 honoratus,
642 2019 726 2049 bona
741 2020 853 2049 nuntia
869 2020 1050 2058 reportavit,
1069 2024 1099 2050 et
1115 2020 1283 2050 amicitiam
1299 2023 1330 2048 et
1348 2018 1440 2049 ﬁdem
1464 2019 1529 2058 regi
1551 2018 1726 2049 Baldewino
1744 2020 1851 2057 impe-

227 2070 369 2098 ratorem
385 2065 464 2096 velle
488 2066 670 2101 observare,
696 2069 726 2095 et
742 2065 926 2105 peregrinos
941 2068 1013 2104 Lnon
1034 2066 1114 2097 ultra
1138 2067 1311 2098 otfendere.
1334 2066 1395 2097 Sed
1424 2066 1594 2107 episcOpus
1616 2065 1851 2105 aliquantulum

228 2113 357 2144 renisus
372 2117 419 2143 est
439 2113 633 2152 imperatori,
652 2118 783 2153 propter
797 2114 1108 2153 inﬁdelitatemerga
1122 2114 1227 2145 Gallos
1238 2137 1245 2150 ,
1261 2121 1355 2153 quam
1372 2114 1411 2144 ab
1435 2122 1473 2144 eo
1489 2115 1630 2144 extorsit.
1650 2115 1852 2152 Quapropter

228 2162 265 2191 in
281 2161 489 2192 amaritudine
509 2161 606 2192 animi
623 2163 754 2192 Romam
769 2162 917 2197 tendens,
940 2163 1045 2202 ipsum
1058 2163 1281 2202 imperatorem
1299 2161 1481 2192 criminatus
1497 2165 1545 2191 est
1558 2161 1589 2191 in
1606 2161 1736 2192 ecclesia
1749 2162 1852 2192 Bene-

229 2212 379 2246 rventana,
391 2212 422 2239 et
435 2208 507 2239 ideo
519 2209 687 2248 assumptis
702 2209 815 2240 litteris
830 2209 931 2249 ipsius
940 2210 1121 2250 apostolici,
1139 2209 1339 2250 querimonia
1351 2209 1451 2248 gravis
1467 2208 1552 2249 apud
1562 2217 1674 2239 omnes
1685 2208 1851 2249 principes

219 2257 339 2287 (tollite
359 2266 455 2297 super
470 2257 540 2297 ipso
556 2257 747 2296 imperatore
767 2257 849 2289 facta
862 2260 921 2289 est.

245 2346 1836 2354 ——~_—___———_————_———————————————————.

605 2420 878 2471 ELDGIUM
915 2425 1094 2469 ANNJE
1144 2425 1472 2480 COMNENE,

664 2521 813 2543 BEROIIUE
848 2519 1107 2543 INCOIPARABILIS
1128 2520 1166 2542 AC
1196 2520 1435 2550 ειυυιπεδιωε,

234 2585 284 2615 Ea:
294 2584 331 2614 R.
349 2584 385 2614 Α.
406 2584 443 2613 P.
463 2583 611 2614 Ludovici
623 2583 747 2614 Jacoba
758 2584 792 2615 S.
803 2584 1168 2622 Carolo..Cabilonensis,
1185 2585 1368 2623 Carmelitw,
1385 2586 1560 2617 consiliarii
1574 2590 1602 2616 et
1611 2585 1848 2625 eleemosynarii

271 2631 429 2662 ordinarii
447 2632 528 2670 regii
548 2641 557 2661 :
579 2640 699 2661 necnon
727 2631 932 2662 illustrissimi
955 2642 991 2662 ac
1016 2633 1266 2664 reverendissimi
1288 2634 1326 2664 D.
1349 2635 1383 2664 υ.
1406 2634 1539 2664 Joannis
1562 2633 1655 2664 Pauli
1681 2634 1848 2665 Iv‘rancisci

271 2678 643 2716 Gondii,Corinthiorum
659 2679 887 2719 archiepiscopi
902 2685 930 2710 et
942 2680 1139 2720 coadjutoris
1157 2681 1358 2718 Parisiensis,
1377 2680 1624 2715 Bibliothecarii.
1651 2681 1847 2712 Bibliotheca

271 2726 441 2758 illustrium
455 2726 643 2766 feminarum
663 2736 729 2767 (μιαν
743 2728 871 2767 scriptis
886 2728 1065 2760 claruerunt
1083 2729 1288 2769 desumptum.

270 2777 359 2806 Anna
375 2775 545 2811 Comnena,
562 2775 681 2812 Graeca,
710 2776 810 2806 Alcxii
828 2777 1008 2808 Graecorum
1025 2777 1222 2816 imperatoris
1240 2780 1270 2808 et
1287 2778 1394 2808 lrenes
1415 2776 1476 2808 tilia
1489 2800 1496 2814 ,
1521 2785 1558 2808 ac
1583 2775 1751 2817 Nicephorl
1775 2778 1842 2807 Me-

226 2821 338 2852 lisseni
353 2822 469 2862 coniux
486 2822 719 2861 augustissima.
737 2823 900 2863 Multiplici
919 2833 994 2855 sane
1013 2825 1103 2856 laude
1124 2833 1240 2857 nomen
1259 2834 1350 2856 suum
1376 2828 1466 2856 Anna
1489 2823 1665 2858 immortale
1691 2830 1840 2858 reddidit.
