2003 3124
139 156 177 187 ’Π
703 157 878 189 ELOGIUM
898 159 930 189 Al

970 158 1008 190 [1E
1024 158 1227 190 COM'NEN/E.
1726 159 1761 190 ’18

140 215 221 245 Nam
239 214 324 245 varia
340 214 517 246 eruditione
541 216 571 245 et
592 213 705 254 judicii
721 215 867 246 acumine
887 214 1086 246 doctissimas
1100 215 1182 247 inter
1205 215 1252 246 sui
1271 214 1328 246 lBVi
1342 214 1476 246 feminas
1500 214 1658 246 inclaruit.
1687 215 1761 247 Haec

139 262 275 293 heroina
292 262 547 302 incomparablis
564 271 628 293 non
644 263 746 294 solum
762 263 795 293 in
809 263 924 301 linguis
938 262 1055 293 Griecis
1070 262 1278 293 eruditissima
1294 262 1423 301 exstitit,
1435 262 1489 292 sed
1505 262 1596 292 etiam
1614 270 1647 292 in
1667 262 1761 293 rebus

138 310 303 340 historicis
323 309 508 340 domesticis
524 310 744 348 versatissima,
760 314 792 342 et
806 319 878 349 quin
898 310 1012 341 studiis
1029 312 1121 350 (teste
1135 312 1257 342 Joanne
1276 310 1405 350 Znnara)
1426 315 1492 341 erat
1504 311 1644 348 addicta,
1661 316 1689 341 et
1706 316 1762 341 ex:

138 359 257 398 quisitc
286 357 484 387 atticissabat
504 363 531 388 et
559 358 738 389 acutissimo
763 364 830 388 erat
857 358 982 397 ingenio
1007 360 1049 390 ad
1072 358 1320 389 abstrusissimas
1332 369 1466 399 quasque
1478 359 1762 398 contemplationes.

140 407 276 446 Scripsit
294 407 403 437 Graece
420 406 481 437 hoc
502 407 615 446 ingens
638 408 795 438 Musarum
817 407 1041 446 Chalitumque
1065 407 1226 438 delicium.
1250 408 1293 437 De
1313 407 1403 437 rebus
1425 407 1532 437 Alrxii
1548 407 1690 446 parentis
1714 406 1765 437 sui

143 457 244 494 gestis
256 455 351 485 libros
366 455 433 492 XV,
452 464 528 495 quos
554 454 709 486 Alewiada
737 455 871 485 vocavit.
891 455 958 486 Hoc
986 459 1033 486 est
1056 456 1230 486 Historiam
1246 455 1393 493 Ecclesiw
1409 454 1765 494 Constantinopolitanae

147 509 179 533 et
201 503 484 533 controversiarum
506 502 673 542 religionis
700 503 733 534 in
760 502 973 538 Orientalibus
1003 503 1139 533 ecclesiis
1163 507 1315 534 ortarum.
1341 503 1471 533 Exstant
1493 504 1566 539 Mss.
1597 503 1707 533 Romae
1731 502 1764 532 in

146 551 350 582 celeberrima
373 550 565 581 bibliotheca
581 550 822 581 eminentissimi
838 550 990 590 principis
1002 551 1157 581 Francisci
1177 550 1337 581 Barberini
1352 551 1384 581 S.
1399 552 1436 581 R.
1453 551 1488 581 E.
1505 551 1682 587 cardinalis,
1699 552 1763 580 Au-

141 603 242 637 gustae
254 598 488 628 Vindelicorum
500 598 531 627 in
543 598 733 629 bibliotheca
746 598 882 636 publica,
900 598 1067 629 Florentia:
1083 599 1113 629 in
1128 598 1434 636 San-Laurentiana;
1450 602 1479 629 et
1499 599 1591 629 etiam
1612 599 1644 629 in
1670 598 1764 628 variis

143 646 245 676 Italia)
266 645 476 676 bibliothecis.
494 645 582 676 Libri
594 647 691 685 primi
706 650 773 675 acto
789 646 985 685 prodierunt,
1005 648 1147 683 Augustin
1162 646 1410 682 Vindelicorum,
1432 645 1520 682 1618,
1536 646 1567 677 in
1583 645 1697 683 4°,cum
1709 653 1765 675 nos

137 693 181 723 tis
197 693 322 723 Davidis
340 692 531 723 Hoeschelii.
551 693 666 723 Omnes
696 701 769 723 vero
793 702 876 724 nunc
894 692 1083 732 prodeunte
1103 692 1293 724 bibliotheca
1317 693 1493 730 Barberina,
1524 693 1652 723 Lutetia)
1677 693 1763 723 Pari-

137 740 277 775 siorum,
295 740 377 777 typis
395 740 501 778 regiis,
515 740 603 777 1651,
624 741 657 771 in
672 740 761 778 folio,
776 749 848 771 cum
863 740 997 779 eleganti
1014 740 1157 770 versione
1178 741 1296 777 Latina,
1315 741 1487 775 Glossario,
1513 749 1548 771 ac
1577 740 1764 771 Priel‘atione

138 789 179 817 Β.
199 789 234 817 P.
252 789 333 818 Petri
351 789 486 826 Possini,
512 790 669 819 societatis
682 790 768 824 Jesu,
792 789 931 826 theologi
965 788 1069 825 magni
1088 787 1236 817 nominis.
1261 788 1364 818 Multa
1381 798 1453 818 vero
1473 788 1586 828 (inquit
1608 788 1764 818 Gcrardus

137 836 283 866 Joannes
308 836 448 873 Vossius,
479 836 560 866 libro
585 836 726 867 secundo
755 837 798 865 De
819 836 978 865 historicis
993 835 1121 871 Graecis,
1139 843 1208 874 cap.
1226 834 1274 874 27)
1292 835 1328 865 de
1343 840 1473 874 parente
1488 845 1543 865 suo
1562 835 1651 874 longe
1670 834 1765 865 aliter

138 888 268 919 narrat,
301 893 394 923 quam
424 884 530 913 Latini
558 883 657 913 solent
683 893 693 911 :
722 884 776 923 qui
805 892 907 912 omnes
937 892 1046 922 prope,
1077 883 1105 912 si
1127 892 1224 912 unum
1260 884 1401 921 excipias
1433 882 1606 919 Albertum,
1632 883 1762 918 canoni-

141 940 210 960 cum
237 933 420 970 Aqucnscm,
444 932 595 961 Cirsarem
616 940 684 961 eum
706 931 898 967 describunt,
924 934 1071 970 tan‘quam
1092 929 1246 960 hominem
1268 930 1504 969 fraudulentum
1544 939 1579 959 ac
1596 931 1761 969 perﬁdum.

141 980 204 1009 Sed
220 981 298 1009 satis
314 979 481 1009 verisimile
499 985 553 1015 cst,
569 983 634 1009 tum
657 979 786 1010 Latinos
799 989 854 1010 suo
874 988 948 1018 erga
971 979 1110 1010 ercum
1132 979 1351 1018 imperatorem
1372 978 1457 1013 odio,
1481 981 1544 1007 tum
1563 976 1660 1015 ﬁliam
1675 978 1763 1007 Con.-

142 1037 255 1057 nenam
272 1028 374 1057 umori
387 1036 459 1065 erga
469 1032 590 1066 patrem
604 1036 672 1063 suo,
689 1026 849 1066 aliquanto
868 1027 1002 1065 amplius
1017 1028 1194 1064 indulsisse,
1216 1037 1307 1067 quam
1322 1036 1379 1066 per
1391 1027 1470 1066 leges
1485 1027 1623 1057 historia:
1642 1026 1761 1057 liceret.

141 1076 232 1105 Hanc
262 1075 445 1105 Aleriadem
476 1074 667 1105 cominuavit
705 1075 844 1105 Joannes
860 1074 1039 1111 Sinnamus,
1065 1075 1170 1114 regius
1194 1075 1425 1113 grammaticus,
1453 1082 1524 1113 quin
1552 1083 1635 1105 nunc
1661 1074 1762 1105 lucem

144 1123 267 1162 aspexit
290 1131 306 1153 e
323 1123 433 1153 codice
449 1123 598 1153 Vaticano
615 1121 684 1159 319,
705 1131 776 1153 cum
793 1121 940 1152 versione
957 1125 988 1152 et
1011 1123 1094 1153 notis
1111 1123 1142 1152 P.
1173 1121 1310 1153 Possini.

185 1173 303 1204 Claruit
318 1173 399 1203 circa
418 1181 536 1203 annum
555 1172 784 1209 Incarnatlonis
800 1171 971 1205 Dominicie
995 1169 1081 1201 1130.

185 1221 229 1251 De
247 1224 345 1251 Annae
360 1221 528 1251 Comnenac
547 1220 692 1250 laudibus
712 1224 742 1250 et
757 1219 884 1259 scriptis
909 1218 1059 1258 prmelara
1077 1217 1214 1248 reddunt
1239 1216 1432 1252 testimonia,
1454 1217 1592 1247 Joannes
1615 1217 1762 1252 Zonaras,

142 1269 321 1299 monachus
345 1270 481 1305 Graecus,
515 1273 600 1299 tomo
619 1268 663 1298 ΠΙ
693 1267 843 1298 Historiae
859 1265 1034 1302 Catholica},
1051 1274 1124 1305 pag.
1142 1265 1218 1295 mihi
1240 1264 1319 1309 242;
1344 1281 1380 1286 —
1403 1263 1565 1295 Comedus
1592 1265 1761 1300 Gesnerus,

141 1318 315 1356 Tigurinus
346 1317 497 1353 medicus,
514 1317 546 1347 in
562 1315 759 1347 Bibliotheca
769 1314 960 1349 universali;
976 1330 1013 1342 -_—.-
1030 1314 1186 1345 Antonius
1210 1313 1413 1349 Passerinus,
1429 1313 1629 1349 Mantuanus,
1649 1319 1715 1343 soc.
1732 1312 1763 1343 J.

142 1365 175 1395 in
194 1366 362 1404 Apparatu
376 1374 482 1398 sacro;
505 1381 540 1386 ——
566 1364 701 1395 Iacobus
716 1365 890 1399 Gretserus,
907 1370 972 1393 soc.
989 1362 1062 1392 Jcsu
1078 1361 1111 1391 in
1136 1361 1339 1399 Refutatione
1356 1360 1541 1399 Alogiurum
1557 1360 1654 1389 Annae
1670 1360 1761 1391 Com-

140 1423 230 1444 nemz
255 1414 291 1444 in
317 1412 470 1444 Alesiade
492 1417 601 1443 contra
622 1412 808 1451 Gregorium
837 1411 895 1442 γιι
922 1411 1011 1441 Rom.
1033 1410 1114 1440 Pont
1127 1420 1137 1443 ;
1156 1425 1194 1430 —
1217 1409 1373 1440 Gerardus
1396 1410 1534 1440 Joannes
1555 1408 1692 1444 Vossius,
1717 1409 1761 1438 Dc

142 1467 281 1502 quatuor
295 1460 438 1499 artibus,
457 1464 488 1492 et
512 1460 566 1499 lib.
589 1461 632 1498 De
660 1459 819 1491 historicis
846 1458 981 1497 Graecis,-
996 1474 1035 1487 -.—
1053 1459 1114 1490 Leo
1140 1457 1284 1494 Allatius,
1309 1457 1415 1494 Chius,
1438 1456 1494 1488 lib.
1518 1457 1562 1486 De
1593 1455 1706 1486 Pselli:
1732 1460 1762 1486 et

142 1518 252 1540 eorum
285 1510 430 1549 scriptis;
451 1514 479 1539 et
510 1509 591 1540 libro
616 1509 652 1540 de
677 1508 825 1539 Ecclesiae
857 1506 1016 1539 Occiderit.
1042 1510 1067 1535 et
1091 1505 1212 1536 Orient.
1232 1510 1383 1544 perpetua
1403 1505 1619 1538 consensione;
1635 1520 1673 1526 —-
1694 1504 1760 1534 Gil-

141 1557 252 1588 bertus
269 1557 455 1594 Gauminus,
470 1556 665 1593 Moliuensis,
680 1556 858 1587 libellorum
876 1554 1054 1594 supplicum
1070 1554 1227 1593 magister,
1241 1554 1273 1584 in
1289 1554 1370 1585 notis
1379 1553 1416 1584 ad
1435 1552 1596 1584 Michaelis
1611 1552 1703 1583 Pselli
1719 1553 1762 1583 De

143 1605 329 1644 operatione
340 1604 511 1640 amasium
526 1603 710 1643 Dialogues,-
731 1620 769 1626 —
787 1602 972 1639 Franciscus
986 1602 1194 1637 BalduinusJ.
1214 1603 1246 1633 C.
1260 1603 1303 1632 De
1325 1603 1523 1638 institutione
1540 1601 1677 1632 historia:
1687 1603 1760 1632 uni-

144 1651 292 1687 uersalis:
310 1669 345 1673 —
357 1652 493 1685 Jacobus
504 1652 699 1690 Gaﬁarellus.
712 1651 926 1692 provincialis,
944 1650 1023 1685 libro
1032 1651 1215 1691 pet-erudito
1229 1652 1273 1683 De
1288 1649 1522 1687 curiositatibus
1539 1650 1712 1684 inauditis;
1726 1666 1762 1671 —

145 1700 225 1730 Elias
246 1699 441 1739 Ehingerus,
465 1702 674 1741 Augustanus,
694 1700 727 1730 in
751 1699 946 1731 Bibliotheca
963 1699 1166 1740 Augustam;
1183 1716 1218 1721 -——
1236 1698 1429 1738 Augustinus
1454 1697 1642 1734 Mascardus,
1666 1699 1760 1732 Trac-

143 1751 206 1779 tatu
220 1757 245 1778 n
257 1748 302 1778 De
319 1752 386 1779 arte
404 1747 545 1787 poetica,-
562 1765 597 1769 —
612 1748 726 1786 Paulus
740 1746 932 1784 Bolduanus.
945 1746 978 1780 in
993 1746 1366 1786 Bibliothecamistorica;
1382 1763 1418 1768 -
1432 1746 1539 1777 Simon
1555 1745 1714 1781 Scardius,
1731 1747 1760 1782 J,

144 1797 175 1825 C.
195 1796 384 1831 Germanus,
402 1795 435 1826 in
455 1795 645 1833 Prin/alioue
660 1795 702 1831 ad
715 1796 753 1825 IV
770 1796 941 1834 scriptores
954 1795 1143 1830 Germanos,-
1158 1813 1194 1817 —
1209 1795 1377 1829 Remaclus
1398 1795 1487 1831 Mosi,
1516 1796 1548 1825 in
1575 1795 1691 1825 Musa’o
1710 1794 1760 1823 hi-

145 1842 285 1880 storiali,
302 1842 411 1874 Leodii
428 1842 503 1878 1610
518 1843 551 1878 in
568 1843 596 1880 ξ’
611 1843 712 1880 edito;
729 1859 765 1866 ——-
784 1843 939 1878 Aubertus
952 1843 1085 1880 Miratus,
1099 1844 1132 1874 in
1148 1843 1350 1878 Bibliotheca
1367 1843 1581 1874 ecclesiastica:
1591 1842 1741 1874 Auctario
1751 1853 1762 1875 .-

145 1907 181 1913 —
199 1890 388 1923 Franciscus
404 1890 597 1929 Augustinus
610 1890 649 1922 ab
666 1890 815 1926 Ecclesia,
833 1890 1019 1923 Salutiarum
1032 1892 1213 1931 episcopus,
1234 1892 1267 1922 in
1287 1892 1418 1921 Theatra
1438 1890 1608 1921 illustrium
1619 1889 1763 1920 doctrina

144 1938 328 1973 mulierum;
344 1954 382 1960 -—
395 1939 534 1970 Joannes
550 1939 714 1975 Meursius,
732 1939 766 1971 in
783 1938 944 1969 Glossario
963 1938 1227 1969 Gnaeo-Barbara
1238 1959 1246 1973 ,
1271 1942 1302 1968 et
1328 1939 1361 1968 in
1377 1938 1465 1968 Notis
1482 1937 1522 1968 ad
1537 1937 1762 1976 Empositiones

147 1988 180 2017 in
210 1987 381 2018 Canticum
409 1988 604 2023 canticorum
635 1987 741 2023 Pselli,
775 1995 847 2026 pag.
884 1985 958 2022 1'14;
996 2002 1033 2007 ——
1063 1985 1229 2025 Philippus
1257 1986 1429 2022 Glasserus,
1457 1985 1706 2025 Argentinensis,
1729 1984 1762 2014 in

148 2036 385 2075 Syngrammatc
402 2035 572 2070 historico;
591 2053 625 2058 —
649 2035 799 2066 Martinus
818 2034 954 2071 Crusius,
974 2033 1006 2063 in
1034 2033 1266 2072 Prolegomcnis
1280 2033 1321 2063 ad
1343 2035 1621 2067 Commentationes
1642 2035 1677 2064 in
1690 2036 1761 2073 pri-

149 2092 227 2113 mum
243 2084 361 2113 librum
375 2083 495 2116 Iliados
506 2084 654 2117 Homeri;
677 2100 712 2105 -—
733 2083 874 2114 Joannes
894 2082 1060 2117 Seldenus,
1087 2081 1216 2119 Anglus,
1246 2082 1277 2112 in
1307 2082 1536 2112 Commentario
1562 2083 1596 2113 in
1612 2081 1762 2120 Eutychii

149 2130 312 2170 Origines;
336 2148 373 2153 —-
397 2130 553 2170 Iosephus
576 2130 670 2161 Maria
694 2131 868 2166 Suaresius,
897 2129 1136 2165 Avenionensis,
1163 2130 1277 2168 praesul
1309 2130 1524 2167 Vasionensis,
1553 2131 1587 2161 in
1615 2129 1762 2160 Diatriba

147 2181 247 2217 prima
263 2179 301 2209 de
323 2179 512 2209 universalis
528 2179 667 2209 historia:
681 2179 810 2216 syntaxi
818 2188 828 2212 ;
849 2194 883 2200 -—
902 2177 1025 2208 Gabriel
1046 2178 1212 2214 Naudaeus,
1229 2178 1401 2214 Parisinus,
1418 2178 1450 2208 in
1467 2178 1598 2217 Dialogo
1611 2177 1740 2216 politico
1750 2188 1761 2211 .-

149 2243 185 2250 —-
200 2228 235 2258 P.
256 2227 423 2267 Philippus
437 2227 553 2263 Labbe,
568 2227 785 2263 Bituricencis,
801 2234 868 2257 soc.
886 2227 971 2262 Jesn,
986 2225 1017 2256 in
1030 2226 1226 2265 Protrcptico
1240 2229 1270 2256 et
1279 2225 1492 2256 Delineatione
1505 2226 1685 2265 Apparatus
1695 2225 1759 2263 By-

148 2276 280 2305 zantina
292 2275 461 2310 Historiae;
477 2292 513 2298 ——
531 2275 667 2306 Jacobus
684 2275 838 2314 Cujacius,
855 2273 995 2310 Tolosas,
1010 2274 1042 2303 in
1067 2273 1221 2313 Operibus
1238 2274 1344 2314 juris;
1359 2290 1396 2296 ——
1412 2274 1536 2305 Nicetes
1557 2273 1762 2304 Aeominatus

150 2323 317 2355 lihoniates
338 2324 372 2355 in
387 2324 533 2355 Historia
549 2324 672 2357 Greca:
693 2339 729 2345 -—
743 2327 853 2353 auctor
876 2330 1054 2360 anonymus
1078 2323 1228 2362 Synopsis
1250 2323 1322 2353 vita:
1342 2322 1439 2352 Annae
1464 2322 1637 2358 Comnemz,
1666 2327 1761 2359 quam

152 2370 236 2401 brevi
249 2376 480 2411 exspectamus,
496 2380 570 2403 cura
587 2375 618 2401 et
635 2370 739 2402 studio
759 2371 797 2402 Β.
813 2371 848 2401 P.
867 2370 951 2401 Petri
968 2369 1100 2401 Possini.
