4006 6248
449 345 521 406 83
1755 346 1981 407 ANNA!
2026 349 2411 415 COMNEN/E
3620 350 3690 415 84

459 460 580 515 viro
608 477 622 514 :
653 458 737 513 sin
770 466 960 514 contra
994 473 1082 514 res
1116 459 1231 529 ipsa
1263 460 1501 527 coegerit
1534 467 1591 513 ut
1634 462 1819 516 minus
1860 466 2003 518 inter

2136 469 2301 538 φύσιν
2324 470 2540 525 δέδοικα
2582 471 2742 524 πάλιν
2788 470 2913 534 τοὺς
2964 466 3458 539 φιλοσκώμμονας,
3492 467 3566 538 μή
3605 486 3695 540 μοι

452 552 581 605 dum
626 550 845 619 probari
870 550 1091 618 dignum
1126 558 1423 604 memorem
1454 551 1757 621 quidpiam,
1794 568 1903 609 non
1931 556 2026 610 de;

453 643 524 695 sit
556 656 621 696 ex
657 640 776 695 istls
801 641 869 695 ad
899 639 1330 695 maledicendum
1362 640 1553 710 pronis
1579 641 1672 711 qui
1699 638 1895 698 Chlml
1930 650 2026 700 es-

449 733 863 802 emplumillius
882 736 1119 802 paterna
1142 732 1454 803 ignominia:
1475 733 1830 801 tt'arluctoris,
1848 750 2025 806 usque

449 827 518 879 ab
569 825 680 880 Noe
741 826 1030 894 repetitum
1081 825 1133 877 in
1175 836 1262 880 me
1311 827 1593 895 impingat.
1642 827 1746 881 Per
1780 827 1880 881 bas
1915 844 2019 899 ego

451 916 729 986 utrimque
759 918 967 984 positas
1006 915 1242 971 insidias
1277 918 1361 972 sic
1395 929 1585 987 parato
1634 933 1854 988 pergam
1889 920 2013 975 anl-

450 1020 559 1069 nto,
597 1015 655 1060 ut
708 1007 984 1077 susdeque
1018 1008 1199 1061 habita
1234 1007 1552 1077 impotentia
1611 1025 1876 1065 caecarum
1953 1012 2020 1067 ad

454 1097 589 1150 recti
626 1098 891 1167 pravique
918 1098 1370 1167 dijudicotionem
1401 1102 1662 1155 mentium
1685 1141 1701 1163 .
1732 1116 1854 1172 quae
1883 1103 2024 1157 invi-

448 1190 537 1243 dia
579 1192 830 1260 maleque
861 1191 1079 1245 dicendi
1117 1191 1347 1245 libidine
1400 1193 1708 1261 procipites
1758 1208 1824 1249 ex
1866 1207 2023 1262 atquo

451 1284 504 1336 in
544 1286 724 1339 omnia
754 1284 1081 1349 incurrunt;
1110 1284 1391 1353 culpaeque
1417 1283 1499 1355 (ut
1524 1281 1791 1340 Homerus
1830 1286 2021 1356 habet)

449 1375 694 1443 expertia
730 1384 949 1443 pectora
981 1376 1243 1443 culpant,
1283 1376 1518 1430 ollicium
1572 1376 1848 1431 historica:
1894 1392 2022 1447 pro-

449 1464 704 1522 fusionis
729 1468 916 1535 utique
947 1476 1182 1533 teneam,
1215 1467 1357 1535 quod
1390 1467 1575 1521 favore
1607 1468 1815 1536 pariter
1841 1476 2016 1537 atque

449 1555 578 1609 odio
620 1557 899 1610 interdicit
927 1557 977 1611 ei
1016 1559 1109 1626 qui
1146 1557 1213 1611 ad
1246 1559 1565 1612 memoriam
1609 1570 1886 1629 gestarum
1932 1576 2023 1615 re-

451 1662 574 1699 rum
614 1648 815 1703 litteris
854 1648 1169 1703 tradendam
1218 1664 1439 1718 operam
1475 1650 1768 1719 profitetur
1817 1664 2018 1719 suam;

2130 561 2223 613 τὸν
2291 562 2386 614 τοῦ
2458 562 2580 616 Νῶε
2647 562 2777 631 Χάμ
2844 560 3192 629 ἐπενέγκοιεν
3252 575 3267 591 ·
3306 550 3471 623 ¹ἐποζ
3534 552 3698 628 αλμοι

2127 642 2372 715 ἅπαντες
2400 653 2533 721 πρὸς
2566 654 2837 718 ἅπαντας,
2858 652 2954 706 καὶ
2974 651 3037 705 οὐ
3067 651 3412 723 καθορῶντες
3432 650 3492 704 τὸ
3516 651 3698 716 καλῶς

2126 740 2251 809 ἔχον
2287 741 2416 812 [ὑπὸ
2442 741 2767 814 βασκανίας]
2806 744 2900 796 καὶ
2925 742 3145 812 φθόνου,
3201 742 3296 796 καὶ
3334 742 3426 795 τὸν
3454 743 3698 796 ἀναίτιον

2127 831 2279 905 (καθ’
2305 833 2553 903 Ὅμηρον
2584 832 2725 905 [5°]l
2773 835 3102 887 αἰτιόωνται.
3147 830 3317 887 ὀταν
3366 832 3474 903 γὰρ
3520 834 3600 895 είς
3636 833 3700 887 τὺ

2128 926 2225 994 τῆς
2258 921 2366 996 [τις
2396 914 2477 997 τὸ]
2513 910 2755 995 ἱστορίας
2778 920 2909 995 ἦθος
2930 922 3308 996 ἀναλαμϐάνῃ,
3342 922 3700 978 ἐπιλαθέσθαι

2132 1018 2240 1087 Χρὴ
2276 1018 2490 1080 εὐνοίας
2516 1018 2611 1071 καὶ
2644 1017 2869 1087 μίσους·
2900 1018 2996 1071 καὶ
3022 1016 3286 1078 πολλάκις
3313 1020 3542 1086 κοσμεῖν
3568 1017 3699 1080 τοὺς

2127 1107 2356 1178 ἐχθροὺς
2389 1109 2503 1170 τοῖς
2538 1108 2823 1176 μεγίστοις
2863 1108 3109 1170 ἐπαίνοις
3139 1148 3154 1171 ,
3189 1100 3319 1161 όταν
3366 1107 3422 1161 αι
3464 1106 3699 1176 πράξεις

2126 1197 2402 1252 ἀπαιτῶσι
2430 1196 2616 1250 τοῦτο’
2660 1197 2923 1260 πολλάκις
2973 1196 3019 1249 δ’
3057 1196 3309 1266 ἐλέγχειν
3350 1196 3476 1257 τοὺς
3526 1197 3700 1262 ἀναγ-

2128 1290 2470 1353 καιοτάτους,
2501 1289 2630 1342 ὅταν
2672 1289 2729 1342 αἱ
2781 1288 2889 1342 τῶν
2921 1287 3373 1359 ἐπιτηδευμάτων
3419 1284 3692 1355 ἁμαρτίαι

2125 1381 2219 1435 τοῦ
2250 1382 2373 1435 καθ’
2405 1381 2802 1435 ὑποδεικνύωσι
2826 1380 3000 1453 [τοῦθ’
3027 1378 3464 1451 ὑποδεικνύωσι].
3493 1379 3697 1447 Διόπερ

2125 1466 2249 1519 οὔτε
2289 1467 2399 1520 τῶν
2432 1468 2601 1535 φίλων
2656 1467 3059 1531 καθάπτεσθαι,
3123 1465 3245 1519 οὔτε
3295 1467 3423 1529 τοὺς
3464 1466 3696 1535 ἐχθροὺς

2124 1560 2371 1612 ἐπαινεῖν
2420 1560 2697 1629 ὀκνητέον.
2739 1559 2882 1625 Ἐγὼ
2910 1558 2968 1611 δέ
2998 1560 3089 1612 καὶ
3121 1559 3345 1622 τούτους
3377 1560 3693 1623 κάκείνους,

2124 1650 2219 1703 καὶ
2250 1651 2376 1711 τοὺς
2408 1650 2814 1720 πληττομένους
2846 1650 2937 1719 ὑφ’
2970 1650 3146 1719 ἡμῶν,
3192 1650 3288 1702 καὶ
3329 1651 3453 1711 τοὺς
3493 1648 3691 1703 ἀποδε-

444 1738 709 1809 jubetque
743 1755 806 1795 ex
833 1756 990 1809 aequo
1016 1740 1336 1811 dispensare
1360 1743 1788 1812 vituperationes
1812 1758 1874 1797 ac
1906 1744 2016 1797 lau-

2124 1740 2388 1808 χομένους
2411 1739 2581 1808 ἡμᾶς,
2616 1740 3124 1809 παραμυθησαίμην
3156 1740 3223 1793 ἂν
3250 1739 3359 1793 άπὸ
3374 1739 3485 1791 τῶν
3508 1754 3696 1808 πραγ-

448 1792 463 1807 .
560 1792 563 1793 ν
612 1792 633 1809 τ
692 1792 703 1793 κ
752 1792 766 1795 τ
796 1792 803 1793 κ
1024 1792 1333 1811 τηρ-ψη
1374 1792 1785 1812 η-ητντ-έ-νηη
1814 1792 1872 1797 η
1906 1792 1992 1797 -——

448 1830 544 1881 des
578 1830 741 1883 etiam
793 1832 1060 1886 maximas
1115 1832 1167 1885 in
1220 1848 1315 1887 eos
1368 1831 1458 1899 qui
1521 1841 1833 1898 merentur;
1874 1835 2016 1890 nullo

2125 1792 2318 1901 μάτων
2350 1792 2581 1892 statim:
2603 1792 2712 1885 κοιλ.Ι
2898 1792 3221 1900 ἑωρακότων
3251 1792 3319 1883 τὰ
3356 1792 3658 1899 πράγματα

449 1920 700 1975 αιιιὶεἰ.ἰιε
732 1923 1218 1977 necessitudinisve
1272 1923 1591 1979 hostilitatis
1657 1925 2016 1982 simultatisve

2127 1923 2326 1987 αὐτούς
2352 1941 2411 1977 τε
2444 1923 2539 1977 καὶ
2564 1924 2632 1978 τὰ
2660 1924 2966 1994 πράγματα
3013 1922 3457 1992 μαρτυρουμένη.
3506 1920 3697 1973 Ἐνίων

449 2009 582 2066 disci
600 2011 786 2068 lmine.
818 2015 1004 2084 Itaque
1023 2021 1077 2068 et
1100 2029 1323 2082 sperare
1351 2015 1538 2070 hostes
1562 2022 1619 2070 et
1650 2015 1842 2070 timere
1869 2017 2016 2073 cives

2125 2017 2234 2086 τὰρ
2257 2017 2365 2071 τῶν
2392 2018 2484 2069 νῦν
2506 2018 2677 2071 ὄντων
2705 2017 3005 2088 ἀνθρώπων
3056 2018 3105 2069 ol
3143 2016 3243 2085 μὲν
3282 2014 3541 2085 πατέρες,
3562 2014 3611 2066 οι
3638 2012 3698 2065 δέ

450 2114 613 2169 atque
665 2103 874 2159 amicos
905 2106 1099 2171 jubeo,
1157 2106 1474 2160 auditurum
1527 2121 1556 2157 a
1611 2120 1698 2160 tne
1748 2120 2016 2176 quemque

2129 2108 2349 2162 πάπποι
2372 2108 2641 2175 ἐγένοντο,
2672 2108 2722 2159 oi
2752 2107 2961 2159 τούτων
2990 2105 3325 2174 συνίστορες.

452 2194 690 2265 pollicita
724 2207 885 2266 prout
916 2198 1033 2252 suis
1075 2206 1225 2252 recte
1257 2214 1486 2254 secusve
1522 2199 1792 2255 consultis
1834 2214 1900 2255 ac
1932 2201 2091 2256 factis
2126 2203 2460 2270 promeritus
2489 2201 2617 2256 erit.
2693 2200 2973 2268 Utrosque
3038 2205 3243 2260 autem,
3306 2200 3501 2264 nempe
3556 2207 3697 2262 quos

461 2287 890 2357 reprehensione
917 2288 1258 2359 praestrictus
1282 2287 1585 2353 offendero,
1615 2304 1864 2359 quosque
1892 2289 2029 2345 forte
2071 2292 2384 2345 laudatione
2421 2291 2678 2346 delinitos
2706 2288 2841 2342 mihi
2880 2287 3246 2343 conciliavero
3271 2324 3286 2349 ,
3355 2288 3546 2338 moneo
3624 2295 3695 2335 ne

450 2385 631 2453 potius
669 2400 732 2440 ex
770 2401 891 2440 meo
930 2385 1159 2455 judicio,
1206 2400 1370 2455 quam
1418 2400 1481 2439 ex
1517 2386 1745 2441 veritate
1795 2402 1861 2441 ac
1911 2386 2015 2442 ﬁde
2051 2403 2232 2442 rerum
2260 2377 2505 2457 ipsarum
2566 2386 2840 2458 gaudendi
2905 2399 3099 2440 causas
3124 2382 3408 2438 dolendive
3435 2380 3688 2447 capiant;

450 2492 550 2532 nec
590 2480 720 2532 mihi
775 2480 1007 2548 public-.e
1046 2481 1338 2544 memoria:
1381 2480 1693 2552 interpreti,
1738 2491 1903 2552 atque
1955 2482 2012 2537 in
2047 2484 2387 2539 conscientia
2421 2484 2766 2537 oculatorunt
2800 2482 3046 2543 testium,
3079 2479 3172 2548 qui
3231 2480 3427 2548 partim
3496 2475 3689 2530 hodie"

447 2585 556 2640 que
589 2573 799 2637 vivunt,
830 2576 1023 2642 partim
1066 2576 1229 2631 hodie
1262 2577 1555 2632 viventium
1585 2587 1771 2646 patres
1799 2588 1895 2633 aut
1923 2579 2010 2633 avi
2053 2579 2295 2641 fuerunt.
2322 2579 2701 2635 aliirmationis
2733 2593 2867 2635 mete
2920 2585 3197 2647 receptum
3244 2589 3307 2630 ac
3379 2575 3691 2628 ﬁrmamen-

448 2672 564 2717 tum
606 2676 856 2734 paratum
900 2667 1145 2734 habenti,
1180 2669 1562 2738 imputandum
1593 2680 1807 2741 putent,
1836 2684 2225 2741 quamcunque
2267 2674 2324 2727 in
2358 2685 2565 2743 partem
2596 2672 2840 2727 narratio
2901 2684 3020 2724 mea
3095 2668 3470 2739 propenderit,
3541 2668 3687 2721 veri-

445 2762 542 2815 tati
580 2769 823 2816 actorum
856 2774 1046 2819 exacte
1079 2764 1443 2833 respondens.

515 2848 671 2905 Nunc
696 2867 821 2920 quae
846 2854 975 2908 mihi
1010 2857 1234 2911 occasio
1263 2858 1680 2926 exquisitiorem
1714 2872 1897 2914 rerum
1928 2874 2016 2931 ge-

2190 2858 2442 2913 Μάλιστα
2506 2857 2564 2912 δι
2617 2858 2699 2920 είς
2741 2856 2842 2926 τὴν
2896 2853 3143 2925 ἱστορίαν
3164 2850 3399 2923 ἐλήλυθα
3440 2850 3549 2904 τῶν
3591 2847 3688 2903 τοῦ

444 2944 865 3012 διανοίη-ραιτὴ
900 2946 1002 2999 mei
1034 2948 1398 3015 cognitionem
1433 2949 1708 3016 paraverit
1736 2964 2016 3018 exponen-

2121 2951 2329 3019 πατρὸς
2376 2950 2630 3021 πράξεων
2682 2951 2748 3002 ἐκ
2788 2947 3003 3002 τοιᾶσδε
3065 2945 3267 3008 αἰτίας.
3332 2942 3492 3013 Ἐμοὶ
3545 2941 3687 3012 ἀνὴρ

443 3033 577 3087 dum
617 3041 724 3088 est.
757 3034 985 3089 Maritus
1026 3037 1158 3091 mihi
1212 3039 1316 3093 fuit
1347 3039 1588 3108 legitimo
1633 3040 1741 3093 ritu
1778 3042 2016 3111 conjun-

2121 3043 2334 3111 ἐγένετο
2359 3042 2502 3095 κατά
2534 3040 2730 3110 νόμους
2787 3038 3085 3107 συναφθεὶς
3115 3038 3143 3089 ό
3179 3037 3404 3105 Καῖσαρ
3447 3032 3692 3103 Νικηφό-

443 3135 571 3180 ctus
595 3125 937 3195 Nicephorus
956 3129 1165 3191 Caesar,
1193 3134 1408 3200 generis
1434 3133 1632 3187 seriem
1664 3133 1731 3187 ad
1756 3131 2016 3204 Bryenios

2121 3151 2212 3205 ρος
2240 3135 2341 3204 (6),
2370 3134 2452 3198 είς
2474 3133 2577 3204 τὴν
2604 3133 2712 3185 τῶν
2747 3131 3059 3202 Βρυεννίων
3091 3128 3278 3197 σειρὰν
3310 3125 3649 3194 ἀναγόμενος
3669 3138 3683 3153 ο

442 3216 710 3282 referens,
729 3218 814 3273 vir
834 3229 889 3273 et
915 3218 1101 3274 formae
1123 3222 1437 3288 praestantia
1466 3233 1519 3276 et
1539 3224 2015 3278 consummatione

2121 3225 2261 3297 ἀνὴρ
2310 3227 2403 3280 καί⁵
2444 3224 2675 3289 κάλλους
2719 3223 3016 3292 ὑπερϐολῇ,
3064 3221 3156 3273 καὶ
3196 3219 3465 3280 συνέσεως
3522 3214 3692 3285 ἀκρό-

446 3309 775 3378 prudentiae,
814 3319 870 3364 et
922 3309 1259 3379 perfectione
1297 3312 1561 3367 doctrina:
1587 3350 1603 3376 ,
1650 3314 1809 3384 longe
1848 3329 2015 3384 supra

2121 3336 2263 3388 τητι.
2326 3319 2421 3372 καὶ
2466 3314 2643 3386 λόγων
2688 3315 2942 3387 ἀκριϐείᾳ
2976 3313 3173 3384 μακρῷ
3202 3314 3328 3375 τοὺς
3373 3310 3496 3363 κατ’
3525 3308 3693 3361 αὑτὸν

445 3416 634 3457 omnes
656 3403 902 3472 quiltunc
930 3412 1111 3468 erant,
1130 3404 1489 3459 antecellens.
1516 3405 1838 3460 Miraculum
1863 3420 2015 3475 pror-

442 3508 537 3547 sus
580 3495 759 3549 oculis
813 3494 1113 3548 videntium
1167 3496 1507 3565 auribusque
1571 3497 2011 3551 auscultantium

441 3584 696 3639 offerens.
735 3585 839 3640 Sed
874 3600 940 3640 ne
974 3586 1042 3640 de
1073 3586 1162 3640 via
1195 3601 1469 3642 excursus
1517 3603 1603 3641 tne
1637 3587 1855 3655 quidam
1884 3587 2018 3643 etl'e-

445 3686 548 3734 rat.
588 3693 687 3748 age
718 3678 861 3746 quud
899 3693 1044 3733 nunc
1076 3694 1213 3748 opus
1256 3690 1340 3733 est
1381 3680 1693 3735 reddamus.
1740 3679 1839 3732 llic
1876 3680 2020 3735 inter

442 3786 633 3825 omnes
665 3770 1076 3827 illustrissimus
1105 3787 1228 3825 cum
1262 3772 1548 3826 militarem
1576 3785 1794 3841 operam
1818 3770 2015 3825 Joanui

439 3864 683 3931 Augusto
739 3871 963 3918 navaret
1030 3862 1184 3918 fratri
1255 3878 1397 3924 meo.
1457 3872 1567 3917 tum
1603 3863 1727 3918 aliis
1753 3862 2018 3917 adversus

440 3953 710 4008 Barbaros
752 3954 944 4019 bellis,
997 3965 1111 4009 tum
1155 3956 1249 4009 illo
1286 3954 1434 4024 quod
1473 3956 1527 4011 in
1582 3970 1675 4010 eos
1721 3955 1890 4025 gessit
1926 3955 2016 4024 qui

439 4044 784 4097 Antiochiam
833 4046 1172 4110 obtinebant,
1209 4061 1277 4099 ne
1308 4046 1452 4099 inter
1492 4047 1643 4113 ipsos
1671 4047 1893 4112 quidetn
1920 4062 2017 4099 ex-

442 4133 735 4198 peditionis
784 4134 996 4188 labores
1046 4150 1235 4189 carere
1283 4136 1481 4189 litteris
1531 4137 1837 4200 sustinens,
1872 4150 2019 4187 com-

447 4220 725 4275 menlandi
751 4224 899 4277 vices
931 4230 1091 4292 prout
1123 4238 1213 4278 res
1243 4224 1484 4277 sinerent
1527 4225 1868 4293 negotiorum
1902 4232 2016 4277 tur-

445 4312 527 4366 bis
567 4312 865 4368 inserebat.
899 4314 1015 4380 Qua
1046 4315 1327 4386 diligentia
1351 4332 1475 4371 cum
1511 4316 1614 4370 alia
1639 4315 1864 4385 pet-fecit
1897 4315 2017 4370 luce

443 4403 710 4471 laudeque
753 4403 937 4473 digna,
972 4414 1084 4460 tum
1127 4408 1470 4477 potissimum
1508 4408 1758 4462 incubuit
1791 4410 1843 4459 in
1877 4422 2015 4476 opus

442 4496 585 4562 quod
614 4497 1070 4565 complecteretur
1102 4500 1231 4554 Acta
1265 4500 1608 4569 imperatoris
1628 4500 2007 4553 Romanorum

441 4678 669 4745 Quoties
699 4681 863 4749 igitur
892 4682 1182 4735 laxamenti
1217 4682 1422 4753 aliquid
1460 4697 1523 4736 ac
1549 4682 1712 4751 spatii
1741 4680 1895 4733 labor
1929 4679 2007 4733 illi

444 4770 698 4826 militaris
741 4772 926 4838 dabat,
954 4780 1127 4826 totum
1175 4772 1305 4827 illud
1338 4788 1523 4826 rarum
1559 4773 1728 4827 otium
1758 4770 2014 4826 subseci-

443 4875 631 4915 vorum
676 4870 976 4933 temporum
1015 4879 1082 4919 ex
1114 4866 1416 4921 intervallis
1443 4863 1717 4920 constanti
1753 4880 2009 4935 perseve-

443 4952 627 5006 rantia»
654 4954 869 5008 dicabat
913 4956 1302 5011 elucubrandis
1330 4957 1515 5020 libris,
1551 4957 1753 5026 quibus
1794 4971 1885 5011 res
1939 4955 2009 5009 ab

443 5041 655 5107 Alexio,
702 5047 1007 5112 praesertim
1043 5046 1153 5111 iam
1188 5048 1514 5117 imperante.
1562 5058 1749 5115 gestas
1788 5047 1851 5099 ad
1894 5060 2011 5099 me-

446 5132 677 5187 moriam
729 5147 1060 5203 exponeret,
1124 5136 1283 5191 initio
1350 5137 1668 5205 scriptionis
1719 5152 1895 5206 uSque
1945 5136 2013 5188 al)

449 5225 681 5279 Romani
738 5225 995 5296 Diogenis
1047 5235 1204 5281 aetate
1253 5228 1485 5297 repetito
1532 5231 1719 5295 (prout
1778 5228 1846 5281 ab
1894 5226 2015 5293 ipso

444 5314 639 5372 eadem
681 5326 873 5370 auctor
908 5316 1066 5372 istius
1106 5317 1323 5373 consilii
1380 5317 1604 5371 domina
1661 5324 1847 5371 nostra
1881 5332 2017 5371 con-

450 5412 758 5483 tenderet);
810 5411 937 5466 inde
980 5410 1224 5466 secundo
1271 5409 1419 5464 fluxu
1452 5420 1754 5479 temporum
1782 5424 1895 5465 rem
1950 5411 2014 5465 ad

2118 3408 2497 3479 ὑπερϐάλλων.
2521 3410 2719 3479 Θαῦμα
2754 3409 2864 3477 γὰρ
2888 3400 2956 3477 ἦν
2978 3407 3236 3475 ἄντικρυς
3260 3403 3354 3455 καὶ
3384 3401 3691 3469 ὁρώμενος,

2119 3500 2213 3552 καὶ
2245 3496 2618 3568 ἀκροώμενος.
2648 3499 2758 3550 Καὶ
2789 3498 2880 3550 ἵνα
2918 3495 2993 3565 μὴ
3034 3495 3062 3548 ὁ
3094 3494 3249 3562 λόγος
3280 3492 3376 3562 τῆς
3406 3490 3691 3559 λεωφόρου

2119 3589 2437 3658 ἐκτρέποιτο
2466 3589 2526 3641 τὸ
2550 3587 2872 3657 Rapitur-63v
2899 3584 3093 3655 ἐφεξῆς
3128 3583 3405 3654 ἐχώμεθα.
3436 3574 3544 3633 Ἦν
3589 3581 3695 3649 μὲν

2118 3673 2212 3731 οὖν
2269 3680 2329 3731 ἐν
2388 3678 2556 3731 πᾶσιν
2620 3677 3089 3746 ἐπιφανέστατος,
3158 3673 3592 3743 συνεστράτευσε
3648 3670 3698 3721 δ’

2131 3766 2357 3840 Ἰωάννῃ
2412 3768 2489 3837 τῷ
2539 3768 2901 3838 αὐτοκράτορι
2944 3767 3063 3836 ἐμῷ
3115 3764 3365 3833 ἀδελφῷ,
3417 3762 3513 3816 καὶ
3566 3760 3699 3815 κατ’

2120 3860 2297 3925 ἄλλων
2343 3860 2441 3930 μὲν
2475 3859 2775 3929 Βαρϐάρων
2829 3859 3007 3927 ἐχοντι
3053 3856 3152 3924 τὴν
3184 3856 3458 3925 Ἀντιόχου
3508 3854 3695 3908 πόλιν.

2131 3948 2269 4003 Ἀλλ’
2298 3949 2325 4004 ὃ
2359 3967 2422 4019 γε
2446 3952 2689 4018 Καῖσαρ,
2716 3949 2818 4004 οὐκ
2842 3948 2999 4011 εἰδὼς
3030 3948 3255 4017 ἀμελεῖν
3280 3947 3372 4000 τοῦ
3400 3946 3560 4012 λόγου
3593 3945 3697 3998 καὶ

2116 4043 2176 4093 ἐν
2207 4044 2394 4106 κόποις
2444 4044 2538 4096 καὶ
2585 4043 2791 4107 πόνοις,
2838 4043 3147 4111 συνέγραφε
3186 4042 3285 4111 μὲν
3318 4040 3573 4094 καὶᾶλλα
3619 4039 3695 4091 τὰ

2127 4134 2535 4203 συγγράμματα
2568 4134 2710 4205 [τινὰ
2742 4133 2893 4204 συγ.]
2939 4134 3160 4205 μνήμης
3186 4136 3280 4187 καὶ
3315 4134 3476 4201 λόγου
3509 4134 3639 4199 ἀξια
3674 4147 3691 4162 '

2118 4223 2399 4291 προείλετο
2457 4223 2512 4276 δέ
2563 4224 2799 4291 μάλιστα
2844 4224 2913 4277 τὰ
2956 4225 3097 4278 κατὰ
3150 4225 3243 4277 τὸν
3288 4223 3544 4288 Ἀλέξων,
3596 4223 3695 4277 τὸν

2119 4312 2498 4381 αὐτοκράτορα
2535 4312 2847 4380 Ῥωμαίων,
2879 4315 2976 4365 καὶ
3011 4314 3143 4380 ἐμὸν
3188 4315 3400 4382 πατέρα
3436 4314 3695 4381 συγγρά-

2118 4403 2216 4473 ψαι
2275 4402 2335 4469 ἐξ
2391 4406 2658 4474 ἐπιταγῆς
2721 4405 2823 4473 τῆς
2863 4404 3167 4473 βασιλίδοςο
3223 4410 3317 4459 καὶ
3363 4408 3422 4457 ἐν
3474 4406 3690 4476 βίϐλοις

2120 4497 2361 4552 ἐνθεῖναι
2389 4496 2487 4560 τὰς
2516 4496 2741 4567 πράξεις
2776 4498 2875 4566 τῆς
2906 4497 3180 4563 βασιλείας
3208 4497 3396 4560 αὑτοῦ,
3452 4499 3509 4549 ἐν
3533 4490 3692 4566 ᾧπερ

346 4650 353 4655 1
441 4586 611 4640 Alexii
645 4591 812 4657 patris
853 4589 996 4655 mei,
1047 4590 1098 4644 id
1141 4591 1209 4645 ab
1258 4607 1320 4647 eo
1361 4592 1604 4661 Augusta
1654 4590 2006 4659 elllagitante.

2121 4592 2144 4643 ὑ
2178 4588 2369 4657 καιρὸς
2396 4589 2567 4642 ἐδίδου
2593 4588 2792 4657 τούτῳ,
2833 4587 2943 4639 τῶν
2969 4587 3152 4640 ὃπλων
3186 4589 3279 4638 καὶ
3316 4586 3409 4639 τοῦ
3439 4580 3719 4653 πολέμου

2118 4681 2225 4751 βρά
2268 4698 2320 4733 τι
2351 4679 2552 4751 [βραχὺ
2603 4678 2681 4750 τι]
2732 4677 3146 4744 ἀπαλλαγέντι,
3194 4677 3485 4745 ἐπιϐλέψαι
3549 4677 3693 4747 πρὸς

2119 4772 2448 4843 συγγραφάς
2500 4773 2595 4822 καὶ
2622 4769 2875 4837 λογικούς
2915 4786 3071 4830 τινας
3100 4767 3316 4830 πόνους.
3361 4767 3469 4819 Καὶ
3498 4765 3562 4834 δὴ
3591 4766 3692 4818 καὶ

2112 4865 2323 4935 ἦρξατο
2347 4866 2446 4933 τῆς
2465 4863 2811 4931 συγγραφῆς,
2829 4863 2909 4923 είς
2931 4862 3058 4922 τοὺς
3084 4862 3352 4913 ἀνέκαθεν
3386 4858 3690 4925 ἀνενέγκας

2111 4952 2339 5023 χρόνους
2384 4952 2476 5005 τὸν
2518 4950 2693 5017 λόγον,
2736 4950 2814 5018 τῷ
2861 4953 2960 5021 τῆς
3020 4950 3309 5019 δεσποίνης
3364 4946 3523 5019 ἡμῶν
3574 4950 3683 5001 κάν

2114 5046 2287 5117 τούτῳ
2314 5045 2557 5098 ὑπείκων
2603 5044 3013 5113 προστάγματι.
3061 5043 3191 5096 Ἀπὸ
3234 5044 3332 5094 διο.
3389 5044 3482 5094 τοῦ
3532 5044 3688 5095 αὐτο-

2113 5140 2379 5208 κράτορος
2420 5134 2747 5205 Ῥωμαίων,
2802 5135 3135 5204 ἀρξάμενος,
3186 5136 3284 5188 καὶ
3330 5133 3685 5186 καταϐαίνων

2112 5234 2193 5292 είς
2222 5230 2388 5284 αὐτὸν
2415 5230 2647 5291 ἐκείνοις
2691 5227 2970 5298 Ιὲκεῖνον],
3028 5229 3158 5295 περὶ
3189 5220 3251 5279 οὗ
3282 5224 3380 5293 τὴν
3411 5227 3681 5292 πρότασιν

2115 5322 2433 5391 ἐποιήσατο.
2461 5322 2594 5373 Τότε
2628 5321 2736 5389 γὰρ
2766 5319 2863 5373 καὶ
2905 5318 3101 5373 ἀνθοῦν
3132 5314 3277 5387 εῖχεν
3308 5320 3334 5370 ό
3366 5318 3558 5387 χρόνος
3588 5317 3683 5370 τὶν

2115 5412 2247 5481 ἐμὸν
2277 5412 2492 5482 πατέρα
2523 5412 2807 5484 μειράκιον
2835 5406 3308 5482 παραγγείλαντα.
3338 5410 3412 5463 Τὸ
3441 5410 3550 5481 γάρ
3573 5407 3682 5479 πρὸ

1541 5552 1680 5613 Car.
1716 5538 2025 5614 Dufresnii
2050 5555 2140 5616 Du
2170 5553 2381 5632 Cangii
2412 5560 2601 5616 notos.

521 5697 624 5761 (5‘)
653 5699 817 5755 Iliad.
852 5720 905 5763 α,
933 5716 983 5753 v.
1008 5701 1131 5754 655.

519 5770 592 5839 (6)
628 5770 690 5823 '0
713 5772 940 5840 Καῖσαρ
965 5771 1337 5839 Νικηφόρος,
1368 5769 1433 5825 de
1465 5783 1573 5841 quo
1604 5767 1861 5823 nonnulla
1892 5769 2020 5820 atti-

2112 5701 2290 5769 gimus
2316 5698 2369 5769 in
2391 5705 2674 5752 stemmate
2694 5695 3052 5769 Comnentco.
3079 5696 3095 5769 (_
3114 5694 3238 5749 Vide
3256 5698 3307 5751 in
3322 5694 3527 5749 Joanne
3558 5692 3683 5748 Cia-

2104 5764 2290 5835 ‘namo,
2328 5766 2645 5837 Patrologt'at
2678 5777 2715 5821 ι.
2754 5764 3103 5836 CXXXIII.)
