4006 6248
436 345 509 411 87
1703 335 1925 400 ΑΝΝίΒ
1967 335 2018 395 Ct

2077 334 2344 397 ΗΝΕΝιΕ
3588 333 3659 398 88

439 457 789 514 meditatione
819 455 1175 513 scientiarum
1214 451 1556 520 lectioneque
1593 464 1655 505 ac
1684 448 1996 504 eruditione

2101 449 2197 503 καὶ
2228 448 2451 521 χάριτος
2499 448 2897 521 ὲπιτρεχοῦσης
2940 448 3054 513 τοῖς
3087 448 3295 519 μέλεσι,
3334 447 3432 503 καὶ
3484 449 3660 514 εἴδους

428 551 602 615 varia,
645 549 763 603 sive
795 555 1073 603 externam
1099 546 1213 600 sive
1240 550 1542 598 nostratem
1588 540 1773 603 malis,
1799 540 1989 595 eodem

2093 541 2194 594 οὐκ
2228 541 2380 606 ἀξίου
2412 541 2729 613 τυραννίδος
2757 541 2853 611 (ὥς
2893 558 3040 603 τινες
3069 540 3322 607 λέγουσιν
3352 540 3462 609 (8))
3521 539 3659 594 ἀλλὰ

430 642 531 695 hoc
561 642 923 697 instructior?
944 638 1060 694 Jam
1080 637 1202 708 quis
1219 634 1407 708 gratim
1438 635 1586 706 lepos
1611 649 1677 688 ex
1700 641 1812 688 tota
1845 632 1994 687 cillo-

2095 635 2193 688 καὶ
2250 634 2530 706 θειοτέρας
2584 635 2680 689 καὶ
2738 634 3079 705 κρείττονοςί
3142 633 3351 701 Ἔγωγ’
3416 632 3512 686 οὖν
3563 635 3660 686 καὶ

426 746 653 787 rescens
709 747 909 802 perque
956 740 1124 785 totam
1195 729 1400 785 eli'usus
1457 740 1769 797 compagem
1822 740 1993 779 mem-

2095 727 2308 791 πολλοῖς
2348 728 2530 791 ἄλλοις
2567 727 3014 798 προσωμιλήκειν
3040 724 3234 785 δεινοῖς
3263 722 3361 793 (9),
3380 724 3445 776 ὲκ
3477 724 3656 791 μέσων

428 822 677 889 brorum,
724 824 906 895 specie
950 836 1013 876 ac
1064 820 1239 877 forma
1291 835 1399 875 non
1454 819 1653 882 solum,
1691 817 1838 887 quod
1882 816 1988 870 dici

2090 819 2203 873 τῶν
2236 818 2580 890 πορφυρόθεν
2632 818 2984 889 σπαργάνων,
3008 815 3084 879 ὡς
3131 814 3302 877 οὕτως
3335 816 3530 878 εἰπεῖν,
3560 815 3658 868 καὶ

425 914 583 981 Solet,
618 915 780 985 digna
816 915 1068 983 imperio,
1114 913 1209 969 sed
1255 912 1496 967 divinam
1531 910 1843 982 quampiam
1874 908 1991 979 spi-

2089 913 2289 984 τύχαις
2337 911 2661 984 ἐχρησάμην
2708 913 2808 964 οὑκ
2840 910 3107 979 ἀγαθαῖς·
3158 908 3208 961 εί
3264 908 3338 977 μή
3384 923 3469 971 τις
3510 906 3658 960 θεῖτο

422 1015 576 1060 raute
606 1005 995 1074 majestatem?
1032 1004 1293 1075 Equidem
1340 1004 1528 1074 ignara
1569 1002 1833 1056 malorum
1880 1016 1987 1057 non

2091 1006 2262 1075 τύχην
2325 1006 2428 1061 οὐκ
2480 1003 2691 1076 ἀγαθὴν
2727 1005 2821 1057 καὶ
2852 999 3292 1072 προσμειδιῶσάν
3321 1016 3413 1069 μοι
3450 998 3553 1070 τήν
3590 1014 3658 1051 τε

421 1112 567 1160 sum,
621 1095 742 1152 aliis
789 1098 991 1166 passim
1047 1112 1076 1151 a
1106 1096 1340 1166 pueritia
1390 1094 1649 1166 gravibus
1694 1103 1751 1149 et
1799 1095 1987 1151 multis

2089 1097 2421 1168 γειναμένην
2482 1097 2654 1167 αὐτὴν
2730 1095 2823 1150 καὶ
2870 1094 2961 1149 τὸν
3007 1092 3238 1148 τεκόντα
3298 1091 3425 1155 τοὺς
3489 1092 3659 1146 αὑτο-

421 1187 657 1242 exercita
690 1187 933 1242 casibus.
955 1186 1057 1243 Ubi
1083 1189 1229 1243 enim
1256 1188 1382 1260 quis
1411 1187 1695 1258 exceperit
1724 1186 1984 1242 nascendi

2088 1188 2387 1260 κράτορας,
2442 1189 2538 1242 καὶ
2584 1188 2683 1260 τὴν
2730 1188 3017 1259 πορφύραν
3077 1186 3164 1255 ἐφ’
3192 1181 3260 1256 ἦς
3301 1183 3655 1254 ξδλάστησαο

425 1277 767 1345 felicitatem,
822 1289 1088 1348 augustos
1136 1289 1413 1348 parentes,
1470 1288 1525 1334 et
1574 1294 1871 1349 purpuram
1928 1278 1983 1332 in

2085 1282 2154 1336 τὰ
2191 1282 2300 1353 γὰρ
2339 1282 2495 1345 ἄλλα,
2530 1281 2631 1351 φεῦ
2658 1282 2769 1335 τῶν
2799 1280 3093 1351 κυμάτωνί
3146 1277 3246 1347 φεῦ
3291 1277 3402 1329 τῶν
3450 1278 3659 1330 ἐπανα-

419 1386 527 1438 qua
576 1378 791 1440 reptare
840 1372 973 1425 milii
1006 1372 1255 1442 contigit,
1287 1381 1483 1427 czrtera
1526 1370 1743 1441 quidem
1795 1379 1984 1427 nostra

2088 1376 2364 1432 στάσεωνί
2418 1376 2650 1447 Ὀρφεὺς
2685 1374 2787 1443 μὲν
2816 1371 2910 1428 οὖν
2942 1373 3084 1445 ᾄδων
3129 1373 3224 1425 καὶ
3271 1370 3455 1433 λίθους
3484 1369 3655 1423 ἐκίνει

418 1454 466 1518 si
498 1464 795 1518 attenderit
851 1465 1010 1519 facile
1040 1474 1353 1533 agnoscet:
1396 1465 1669 1519 fortunam
1718 1464 1899 1521 statim
1952 1478 1983 1519 a

2085 1468 2184 1524 καὶ
2231 1467 2388 1533 ξύλα,
2437 1468 2532 1522 καὶ
2590 1466 2690 1538 τὴν
2728 1466 2931 1536 ἄψυχον
2985 1464 3170 1526 ἁπλῶς
3227 1463 3389 1532 φύσιν
3428 1477 3444 1494 ο
3478 1462 3653 1530 Τιμό-

418 1555 583 1625 regiis
619 1557 755 1623 illis,
785 1572 924 1627 quas
952 1558 1085 1621 dixi.
1116 1557 1275 1614 cunis
1304 1572 1368 1613 ac
1415 1556 1622 1623 fasciis,
1659 1558 1815 1627 quasi
1865 1565 1985 1627 post

2086 1561 2209 1625 θεος
2248 1560 2359 1633 (l0)
2395 1562 2453 1615 δὲ
2476 1562 2504 1614 6
2532 1559 2774 1629 αὑλητὴς
2796 1559 2888 1611 τὸν
2924 1557 3104 1628 δρθιόν
3130 1572 3259 1609 ποτε
3318 1554 3656 1622 Ἀλεξάνδρῳ

419 1647 693 1702 modicum
729 1658 783 1703 et
814 1648 1081 1718 perﬁdum
1117 1644 1377 1714 arrisum,
1407 1658 1631 1717 repente
1662 1648 1983 1703 obnubilato

2086 1654 2353 1725 αὐλήσας,
2412 1654 2495 1717 είς
2550 1652 2619 1706 τά
2656 1650 2798 1705 ὅπλα
2850 1648 3195 1720 παραχρῆμα
3248 1645 3344 1700 καὶ
3401 1645 3465 1697 τὸ
3500 1643 3657 1712 ξίφος

420 1742 570 1795 vultu
605 1742 659 1795 in
688 1741 855 1795 vitam
906 1741 1108 1797 deinde
1141 1757 1314 1797 meam
1379 1742 1645 1811 reliquam
1686 1741 1821 1795 nihil
1874 1740 1979 1795 nisi

2086 1746 2253 1798 ἐκίνει
2278 1743 2369 1798 τδν
2391 1743 2699 1798 Μακεδόνα.
2722 1743 2804 1796 Τά
2826 1742 2883 1795 δέ
2916 1757 2979 1811 γε
3015 1739 3137 1794 κατ’
3174 1738 3275 1807 ἐμὲ
3333 1737 3655 1805 διηγήματα

911 1791 1107 1797 ___-___

416 1832 637 1887 nimbos
668 1841 722 1889 et
746 1833 1017 1901 procellas
1047 1833 1367 1887 immisisse.
1400 1832 1612 1897 Quibus
1656 1831 1825 1896 enim,
1878 1831 1980 1885 heu

2087 1838 2147 1890 οὐ
2180 1836 2417 1906 τοπικήν
2443 1852 2565 1888 τινα
2598 1834 2834 1904 κίνησιν,
2857 1791 2978 1887 οὐδὲ
3000 1830 3135 1902 πρὸς
3161 1791 3301 1883 ὅπλα
3330 1791 3654 1898 καίῑμιάχην,

417 1924 537 1975 mei
573 1925 909 1994 quantisque
953 1924 1159 1993 jactata
1213 1922 1492 1987 ﬂuetibus,
1526 1939 1688 1992 quant
1727 1922 1886 1977 szevis
1923 1926 1985 1976 ac

2087 1929 2203 1982 ἀλλ’
2235 1930 2292 1991 eq
2320 1914 2533 1997 δάκρύα
2576 1927 2669 1980 τὸν
2709 1925 2985 1995 ἀκροατὴν
3018 1922 3369 1991 συγκινήσειε
3392 1938 3407 1953 ·
3432 1921 3526 1974 καὶ
3555 1922 3657 1974 οὐκ

414 2014 833 2077 vehementibus
880 2016 1197 2071 incursibus
1236 2015 1682 2084 impulsibusque
1711 2026 1981 2068 concussa

2089 2017 2423 2089 αἰσθητικὴν
2449 2017 2632 2087 μόνον,
2660 2016 2796 2070 ἀλλὰ
2820 2016 2917 2069 καὶ
2941 2014 3149 2085 ἄψυχον
3183 2012 3348 2081 φύσιν
3380 2013 3459 2071 είς
3485 2012 3657 2074 πάθος

413 2121 532 2159 sum
559 2109 571 2160 l
603 2107 877 2177 Orpheum
929 2110 1113 2163 ferunt
1169 2109 1297 2163 dum
1332 2118 1556 2163 caneret
1592 2107 1905 2162 concitasse
1927 2106 1983 2160 in

2085 2113 2495 2183 καταναγκάτῃ.
2530 2109 2603 2162 Τὸ
2644 2109 2827 2179 μέντοι
2871 2107 3043 2169 πάθος
3073 2107 3134 2160 τὸ
3186 2107 3317 2176 περὶ
3368 2104 3461 2158 τὸν
3512 2103 3654 2157 Καί-

402 2184 625 2254 ιιιοιιιιη
678 2214 843 2270 rupes
888 2216 953 2255 ac
1028 2202 1215 2265 silvas,
1269 2213 1636 2269 cmteramque
1723 2210 1980 2254 naturam

2087 2220 2251 2273 σαρα,
2284 2203 2377 2255 καὶ
2408 2202 2437 2254 6
2465 2199 2585 2253 κατ’
2617 2199 2779 2253 αὑτὸν
2816 2199 3141 2260 ἀνέλπιστος
3192 2196 3444 2260 θάνατος,
3480 2197 3651 2265 αὐτῆς

413 2306 614 2346 sensus
664 2302 969 2361 expertem.
1024 2280 1395 2346 Timotheum
1431 2306 1651 2361 quoque
1702 2292 1979 2347 tibicinem

2086 2311 2189 2363 μου
2218 2293 2476 2347 καθίκετο
2504 2292 2603 2362 τῆς
2650 2292 2852 2361 ψυχῆς,
2883 2294 2981 2345 καὶ
3033 2294 3089 2354 ὲς
3121 2291 3285 2361 βάθος
3330 2290 3388 2343 τὸ
3424 2289 3645 2360 τραῦμα

412 2382 503 2436 ubi
534 2397 776 2448 Carmen,
836 2384 981 2453 quod
1019 2381 1271 2438 Orthium
1330 2393 1548 2445 vocant,
1602 2398 1788 2438 coram
1833 2394 1984 2440 esset

2080 2386 2403 2457 είργάσατο.
2461 2387 2574 2440 Καὶ
2603 2385 2845 2456 ἡγοῦμαι
2872 2385 2973 2448 τὰς
3009 2383 3404 2456 προειληφυίας
3435 2399 3643 2452 συμφο-

410 2474 722 2529 Alexandro
748 2474 1086 2541 modulatus,
1115 2477 1185 2529 ita
1206 2475 1332 2530 imis
1357 2475 1616 2531 sensibus
1644 2477 1981 2545 permovisse

2083 2479 2183 2549 ράς
2242 2478 2379 2549 πρὸς
2418 2476 2622 2548 ταύτην
2651 2477 2751 2549 τὴν
2780 2477 3058 2546 ἄπληστον
3107 2475 3394 2546 συμφορὰν
3434 2473 3645 2543 ψεκάδο.

411 2564 784 2630 Macedonem,
836 2576 894 2620 ut
952 2567 998 2622 is
1033 2568 1098 2620 ad
1156 2582 1309 2621 arma
1346 2577 1569 2638 repente
1623 2583 1687 2622 ac
1740 2568 1975 2639 gladium

2079 2572 2154 2635 ὡς
2180 2570 2337 2633 ὄντας
2374 2571 2587 2642 (ὅντως)
2623 2571 2760 2640 πρὸς
2810 2571 2932 2624 ὅλον
2973 2570 3324 2624 Ἀτλαντικὸν
3387 2568 3642 2634 πέλαγος,

411 2666 614 2711 rueret.
640 2657 751 2727 Ego
778 2658 824 2712 si
854 2672 999 2714 meas
1022 2659 1365 2715 calamitates
1393 2660 1669 2729 explicare
1694 2676 1974 2731 pergerem

2079 2665 2111 2735 ἢ
2146 2663 2241 2717 τοῦ
2280 2662 2626 2734 Ἀδριατικοῦ
2654 2664 2928 2732 πελάγους
2955 2663 3024 2716 τά
3055 2660 3299 2732 κύματα.
3325 2660 3540 2714 Μᾶλλον
3561 2658 3641 2723 δὲ,

411 2750 709 2815 narrando,
742 2766 852 2805 non
879 2752 1131 2822 equidem
1167 2753 1233 2806 ad
1255 2752 1696 2823 progressionem
1734 2761 1826 2806 aut
1852 2769 1978 2808 cur-

2078 2755 2156 2819 ὡς
2197 2756 2409 2820 ἔοικεν,
2448 2751 2590 2827 ἦσαν
2624 2757 2834 2810 ἐκεῖναι
2864 2754 3070 2807 τούτων
3106 2754 3406 2823 προοίμιαθ
3439 2750 3536 2804 καί
3577 2765 3644 2820 με

408 2861 555 2911 sum,
588 2861 771 2915 neque
800 2848 864 2901 ad
910 2864 1060 2903 arma
1095 2860 1422 2919 pugn‘amve,
1472 2848 1567 2904 sed
1598 2858 1747 2904 certe
1797 2851 1864 2903 ad
1897 2851 1974 2903 la-

2082 2846 2609 2917 προκατελάμδανεν
2652 2848 2680 2901 6
2715 2844 2923 2911 καπνὸς
2959 2846 3056 2900 τοῦ
3090 2844 3409 2915 καμινιαίου
3448 2842 3642 2896 τούτου

405 2954 624 3009 crytnas
658 2942 998 3009 speraverim
1056 2956 1142 2996 me
1194 2950 1594 2996 commoturum
1650 2943 1972 2997 auditorem.

2079 2942 2252 3012 πυρὸς
2275 2980 2292 3003 ,
2327 2942 2420 2995 καὶ
2452 2943 2480 2994 6
2516 2939 2738 2995 καύσων
2782 2942 2992 3003 ἐκεῖνος
3020 2941 3119 3009 τῆς
3151 2938 3391 3009 ἀῤῥήτου
3437 2935 3644 3003 ταύτης

405 3029 723 3086 Auditorem
754 3031 919 3086 dico?
951 3032 1113 3087 etiam
1149 3034 1350 3087 animal
1394 3033 1649 3102 quedvis,
1688 3035 1851 3089 etiam
1887 3051 1974 3091 res

2079 3032 2426 3105 φλογὼσεως,
2478 3033 2575 3087 καὶ
2600 3035 2669 3087 τὰ
2695 3032 2820 3086 καθ’
2860 3032 3075 3102 ἡμέραν
3102 3031 3275 3099 πυρὸς
3300 3030 3399 3098 τῆς
3433 3029 3640 3097 ἀφάτου

405 3121 605 3177 anima:
639 3138 703 3176 ac
743 3138 940 3178 sensus
967 3132 1221 3193 expertes
1248 3140 1333 3180 me
1388 3125 1441 3179 in
1475 3126 1973 3181 commiserationis

2078 3127 2378 3196 πυρκαϊᾶς.
2432 3126 2497 3178 Ὢ
2563 3126 2732 3197 πυρδς
2787 3127 2919 3181 ἄνευ
2974 3125 3106 3195 ὕλης
3167 3120 3640 3194 άποτεφροῦντοςῖ

406 3225 629 3267 sensum
669 3211 760 3265 tali
795 3212 1044 3267 oratione
1076 3214 1389 3270 adacturam
1420 3216 1725 3271 crederem.
1746 3216 1971 3271 Verum-

2077 3219 2250 3289 πυρὸς
2277 3221 2335 3272 ὲν
2371 3220 2709 3290 ἀπορρήτοις
2756 3217 3189 3289 δᾳδουχουμένω.)
3214 3217 3227 3270 ί
3257 3218 3351 3270 καὶ
3392 3216 3643 3279 καίοντος

406 3312 588 3357 tamen
626 3318 752 3356 cum
786 3303 877 3357 illa
919 3312 1072 3360 tanta
1108 3311 1327 3376 tamque
1358 3307 1510 3361 varia
1544 3307 1656 3362 sint
1684 3324 1804 3378 qua:
1850 3324 1970 3363 smn

2080 3310 2197 3380 μὲν,
2240 3310 2314 3381 μὴ
2339 3310 2782 3379 καταφλέγοντος
2811 3310 2869 3363 δέ
2894 3325 2909 3339 ⁸
2945 3310 3039 3363 καὶ
3068 3308 3168 3379 τὴν
3230 3308 3455 3378 καρδίαν
3494 3304 3643 3378 [μὲν]

406 3392 462 3446 in
513 3393 623 3448 rita
658 3409 940 3463 perpessa,
1003 3403 1116 3450 tum
1171 3396 1318 3451 inter
1378 3397 1468 3453 illa
1531 3405 1715 3453 tamen
1762 3409 1970 3455 tantum

2080 3401 2550 3471 περιφρύγοντος,
2593 3400 2748 3464 δόξαν
2805 3400 2859 3453 δὲ
2892 3401 3248 3471 παρέχοντος,
3304 3400 3385 3452 ὅτι
3418 3400 3478 3451 οὐ
3521 3414 3646 3450 συν-

396 3480 612 3557 eminct
662 3482 1103 3551 inepinatissima
1160 3500 1309 3541 mors
1344 3488 1445 3541 mei
1492 3487 1748 3550 Caesaris,
1791 3489 1975 3559 itaque

2076 3494 2399 3563 εφρύγημεν
2453 3508 2467 3522 ⁶
2499 3492 2684 3546 καίτοι
2724 3492 2918 3563 μέχρις
2969 3491 3202 3555 ὀστέων,
3255 3491 3350 3544 καὶ
3408 3489 3644 3559 μυελῶν,

406 3573 542 3627 mihi
579 3573 799 3644 penitus
851 3576 906 3631 in
942 3576 1210 3633 medullas
1270 3579 1438 3633 animi
1467 3582 1710 3651 pervasit
1748 3582 1801 3637 id
1856 3584 1974 3638 vul-

2076 3587 2172 3641 καὶ
2209 3586 2481 3658 μερισμοῦ
2514 3586 2697 3656 ψυχῆς
2748 3586 2851 3650 τὰς
2903 3584 3290 3657 πυρακτώσεις
3338 3583 3644 3653 δεξάμενοι.

406 3681 535 3730 nus,
575 3673 635 3721 ut
683 3668 822 3721 mala
857 3668 1040 3737 priora
1070 3671 1253 3724 omnia
1277 3670 1345 3726 ad
1379 3686 1504 3726 eum
1542 3673 1741 3729 collata
1783 3689 1973 3730 casum

2089 3678 2253 3733 Ἀλλὰ
2303 3678 2414 3749 γὰρ
2453 3678 2700 3748 ἐμαυτῆς
2751 3678 3102 3748 αἰσθάνομαι.
3140 3678 3231 3730 διὰ
3278 3676 3451 3731 ταῦτα
3500 3691 3646 3745 παρ-

403 3766 570 3826 guttae
628 3759 803 3815 instar
829 3776 893 3814 ac
931 3761 1091 3815 stilla:
1138 3761 1339 3818 habere
1379 3762 1585 3818 soleam
1631 3766 1696 3818 ad
1749 3765 1974 3836 pelagus

2076 3766 2444 3842 ενηνεγμένης
2486 3770 2579 3823 τοῦ
2633 3771 3016 3840 προκειμένου.
3057 3771 3166 3823 Καὶ
3212 3770 3239 3821 6
3281 3769 3496 3838 Καῖσάρ
3553 3784 3646 3838 μοι

403 3851 737 3907 Atlanticum
766 3851 1037 3910 ﬂuctusve
1068 3853 1380 3910 Adriaticos
1424 3864 1771 3926 comparatae.
1802 3856 1974 3911 Nimi-

2077 3864 2328 3927 ἐπιστάς,
2387 3863 2483 3917 καὶ
2537 3865 2604 3934 τῇ
2650 3862 2743 3916 τοῦ
2793 3861 2877 3934 [τὸ
2926 3861 3045 3933 τοῦ]
3097 3862 3376 3933 Καίσαρος
3424 3862 3642 3927 πένθος,

406 3957 526 3994 rum
587 3943 679 3997 illa
750 3946 1128 4012 praeludebant
1194 3953 1346 4001 tanto
1414 3949 1609 4018 majori
1675 3964 1739 4006 ac
1801 3950 1975 4005 multo

2076 3954 2274 4017 πένθος
2308 3972 2397 4024 μοι
2428 3954 2697 4018 ὲπέσταξε
2733 3953 3040 4022 διωλύγιον.
3072 3954 3432 4022 Ἀποψήσασα
3463 3952 3557 4006 οὖν
3584 3954 3646 4003 τὸ

406 4034 657 4089 maxima:
687 4034 825 4089 cladi
851 4038 1116 4105 prooemia
1151 4038 1573 4108 rudimentaque
1601 4043 1972 4109 miseriarum,

2075 4044 2312 4114 δάκρυον
2340 4044 2449 4097 τῶν
2499 4046 2788 4114 ὀμμάτων,
2830 4045 2923 4097 καὶ
2970 4043 3219 4114 ἐμαυτὴν
3265 4042 3641 4112 ἀναλεξαμένη

404 4122 592 4179 fumus
628 4124 718 4179 illa
752 4125 919 4194 ltujus
966 4125 1109 4196 ignis
1161 4125 1402 4190 fuerant,
1447 4141 1643 4196 meque
1684 4136 1798 4182 tum
1849 4145 1973 4184 cum

2082 4134 2178 4187 τοῦ
2212 4135 2459 4201 πάθους,
2505 4136 2616 4189 τῶν
2675 4136 2802 4205 ἑξῆς
2847 4134 3068 4206 ἕξομαι,
3128 4135 3291 4189 διπλᾶ
3326 4136 3490 4207 (κατὰ
3545 4136 3644 4204 τὴν

406 4214 498 4269 illa
530 4225 746 4285 paterer
776 4216 1015 4285 praevius
1046 4214 1314 4270 duntaxat
1339 4225 1393 4271 et
1420 4217 1727 4272 tolerabilis
1757 4217 1975 4275 alllabat

2076 4224 2385 4293 τραγῳδίαν
2452 4221 2601 4296 [11])
2647 4226 3012 4296 κερδαίνουσα
3075 4225 3310 4296 δάκρυα,
3378 4219 3493 4277 οἷον
3552 4225 3644 4276 ἐπὶ

405 4320 579 4375 vapor
634 4306 889 4362 immensi
947 4306 1126 4361 adhuc
1174 4307 1434 4362 distantis
1484 4309 1770 4373 incendii,
1814 4311 1973 4381 cujus

2079 4317 2335 4386 συμφορᾷ
2369 4317 2651 4386 συμφορᾶς
2679 4318 3005 4387 μεμνημένη
3028 4334 3044 4350 ο
3100 4316 3162 4369 τὸ
3217 4317 3326 4385 γὰρ
3355 4317 3436 4378 είς
3476 4314 3644 4385 μέσον

406 4413 553 4452 nunc
607 4413 691 4452 me
745 4398 961 4453 demum
1014 4412 1254 4468 praesens
1304 4398 1516 4454 ﬂamma
1576 4402 1874 4457 consumit.
1927 4403 1972 4457 Ο

2078 4406 2358 4477 προθεῖναι
2382 4407 2626 4461 τοιούτου
2654 4408 2921 4478 βασιλέως
2942 4408 3221 4471 ὑπόθεσιν,
3254 4409 3349 4461 καὶ
3381 4407 3643 4460 τοσούτου

405 4486 585 4554 ignem
621 4486 739 4541 sine
789 4453 1399 4557 materia'ilagranteml
1451 4491 1628 4558 ignem
1682 4492 1975 4560 penetrali-

2076 4453 2212 4571 πρὸς
2247 4499 2448 4570 ἀρετὴν
2468 4539 2483 4564 ,
2534 4453 2843 4571 ἀνάμνησίς
2878 4453 2995 4552 ἐστι
3031 4502 3124 4553 καὶ
3150 4453 3261 4552 τᾶἒν
3289 4500 3411 4553 κατ’
3437 4501 3645 4552 ἐκεῖνον

404 4575 510 4630 bus
539 4575 707 4631 animi
748 4577 1140 4634 secretissimis
1169 4593 1365 4633 arcana
1415 4577 1533 4633 face
1570 4579 1881 4635 subdituml
1920 4590 1978 4636 et

2073 4590 2406 4660 θαυμάτωνο
2468 4590 2612 4661 ᾇπερ
2662 4592 2812 4661 κάμὲ
2864 4592 3004 4660 πρὸς
3064 4591 3279 4660 δάκρυα
3327 4590 3643 4659 θερμότατα

402 4677 651 4725 urentem
686 4670 931 4740 quidem,
962 4686 1073 4726 non
1102 4679 1516 4730 eonsumentem
1538 4681 1715 4727 tamen
1741 4674 1753 4726 !
1792 4674 1973 4742 ignem

2072 4682 2414 4751 καταφέρει,
2453 4682 2595 4752 μετὰ
2628 4683 2811 4751 πάσης
2860 4683 2959 4751 τῆς
2995 4682 3328 4753 οἰκουμένης
3366 4681 3642 4749 δακρύου-

400 4761 494 4828 qui
529 4776 625 4816 cor
666 4763 741 4817 ita
774 4772 1115 4831 concremat,
1168 4772 1229 4818 ut
1277 4764 1515 4833 speciem
1572 4765 1847 4836 relinquat
1890 4768 1973 4821 vi-

2073 4788 2194 4825 σαν.
2222 4772 2295 4825 Τὸ
2320 4772 2431 4841 γάρ
2459 4773 2667 4825 ἐκείνου
2695 4771 3033 4841 μεμνῆσθαι,
3080 4772 3175 4825 κα)⁸
3207 4771 3304 4842 τὴν
3337 4772 3502 4825 αὑτοῦ
3545 4772 3644 4841 βα-

400 4854 583 4908 ventis
618 4855 739 4924 ejus
788 4856 967 4911 adhuc
1014 4865 1069 4911 et
1103 4854 1357 4925 vigentis,
1403 4866 1514 4911 tum
1566 4858 1801 4911 maxime
1844 4872 1967 4912 cum

2074 4863 2282 4916 σιλείαν
2316 4865 2397 4924 είς
2434 4862 2599 4931 μέσον
2631 4863 2809 4932 ἄγειν,
2843 4864 2967 4933 ἐμοὶ
2995 4865 3092 4934 μὲν
3123 4864 3336 4934 θρήνων
3363 4864 3638 4928 ὑπόθεσις,

404 4961 580 5015 usque
609 4947 678 5000 ad
719 4961 844 5003 ossa
880 4948 1279 5017 medullasque,
1311 4963 1434 5003 cum
1480 4964 1654 5017 usque
1715 4948 1782 5002 ad
1831 4948 1969 5003 divi-

2071 4956 2184 5016 τοῖς
2219 4953 2402 5017 ἄλλοις
2434 4953 2492 5006 δὲ
2544 4953 2750 5024 ζημίας
2777 4955 3108 5025 ἀνάμνησις.
3157 4957 3419 5025 ’Δρκτέον
3457 4957 3638 5008 τοίνυν

380 5038 615 5092 sionem
649 5039 845 5092 animae
870 5053 936 5092 ac
974 5039 1206 5108 spiritus
1243 5039 1327 5093 vis
1360 5040 1483 5107 ejus
1529 5040 1762 5093 ﬂamma:
1805 5056 1962 5108 pene-

2074 5047 2283 5101 ἐνθένδε
2302 5047 2402 5114 τῆς
2428 5047 2666 5118 ἱστορίας
2686 5047 2780 5102 τοῦ
2804 5047 2929 5117 ’μοῦ
2962 5048 3186 5119 πατρὸς.
3210 5048 3332 5101 ὅθεν
3358 5048 3453 5101 καὶ
3473 5048 3640 5117 ἆρχε-

404 5129 663 5181 traverit!
700 5129 806 5183 Sed
837 5130 946 5196 jam
998 5143 1087 5183 me
1132 5129 1310 5184 sentio
1348 5130 1759 5198 perturbatione
1806 5131 1965 5186 fami-

2073 5136 2198 5191 σθαι
2242 5138 2498 5207 ἄμεινον·
2534 5139 2758 5207 ἄμεινον
2799 5136 2857 5189 δὲ
2909 5136 3034 5190 ὅθεν
3070 5137 3402 5209 σαφέστερός
3442 5154 3501 5191 τε
3546 5138 3640 5191 καὶ

404 5220 527 5275 iiari
552 5220 746 5276 elatam
775 5222 830 5277 in
880 5230 1108 5294 questus
1133 5222 1343 5277 alienos
1389 5236 1418 5276 a
1463 5224 1761 5293 proposito.
1817 5224 1970 5281 Fecit

1495 5224 1761 5293 imposito.
1817 5224 1970 5281 Fecit
2077 5228 2491 5300 ἱστορικὼτερος
2521 5231 2549 5283 6
2579 5228 2735 5297 λόγος
2764 5230 3077 5300 γενήσεται.

1497 5411 1627 5472 Car.
1659 5412 1971 5475 Dutresnn
2002 5416 2095 5478 Du
2116 5417 2327 5495 Cangii
2358 5423 2548 5479 notae.

481 5552 559 5626 (8)
608 5548 875 5626 Porphyr.
938 5550 1075 5626 Περὶ
1113 5549 1299 5626 ⁵εἴδους
1347 5548 1593 5606 Stobaeus
1661 5550 1804 5620 λόγῳ
1859 5550 1959 5620 ξγ’.

2141 5555 2255 5625 (l0)
2291 5559 2588 5625 Τιμόθεος.
2634 5557 2906 5626 Timothei
2952 5556 3258 5612 Citiiarmdi
3312 5554 3631 5626 praclarum

407 5619 689 5697 Atlt‘enLI.
718 5619 814 5697 :xut
844 5636 911 5675 ex
940 5619 1218 5697 Euripide.
1362 5688 1385 5697 _
1518 5688 1544 5697 _
1634 5690 1645 5697 _
1778 5619 1784 5620 ⁷
1876 5691 1889 5697 _
2080 5619 2258 5697 exstat
2282 5619 2680 5697 elogiumépud
2712 5625 3014 5697 Himerium
3045 5619 3383 5697 Sophistatn.

480 5690 556 5758 (9)
591 5692 828 5756 Ἀλλοις
845 5689 1327 5769 προσωμιαζῂἢκειν
1351 5688 1592 5769 δεινοῖς.
1618 5690 1789 5745 Attum
1809 5691 1957 5746 cala-

1351 5688 1592 5769 6erreic.
1618 5690 1789 5745 Annae
1809 5691 1957 5746 cala-
2138 5695 2250 5765 (il)
2287 5688 2473 5767 Eurip.
2514 5688 2712 5751 Hécub.
2739 5713 2794 5754 ν.
2829 5696 2932 5752 518

411 5762 628 5815 mitates
659 5776 720 5815 cx
748 5757 898 5830 parte
930 5768 1114 5817 narrat
1141 5758 1354 5815 Nicetes
1397 5758 1448 5814 in
1480 5757 1636 5814 Joan.
