4006 6248
231 340 302 404 93
1533 351 1797 411 ALEXU

1905 350 1953 412 ξε
1986 352 2140 416 LIB.
2183 353 2236 420 ι.
3433 347 3504 424 at

229 451 603 517 παντοδαποῦ,
637 454 810 524 ραρὺς
842 450 912 526 ἦν
937 453 1167 512 αὐτόθεν
1187 460 1472 530 τύραννος,
1503 459 1712 524 πολλὰς
1755 462 1797 515 δι

1922 465 2234 520 temnendis
2273 465 2472 536 copiis,
2506 467 2705 537 partim
2731 483 2795 524 ex
2848 483 2911 525 ea
2963 477 3146 537 gente,
3201 471 3344 528 unde
3387 473 3507 542 ipse

231 545 627 610 ταλαντεύσεις
662 546 937 617 λαϐούσης
970 549 1071 619 τῆς
1099 550 1210 605 τῶν
1249 551 1546 619 Ῥωμαίων
1607 553 1797 624 ήγεμο

1925 555 2197 611 oriundus
2226 566 2367 623 erat,
2421 559 2620 627 pArtlm
2653 574 2719 614 ex
2748 561 2858 615 alio
2909 563 3106 631 quovis
3140 575 3342 633 genere
3387 562 3504 618 col-

225 639 340 702 νίας
366 640 462 694 καὶ
483 639 596 694 τῶν
615 641 878 712 Τούρκων
898 643 1502 718 καθυπερτερησάντων
1523 647 1627 717 τῆς
1651 646 1797 718 τύχηι

1926 648 2105 711 lectis,
2135 663 2236 718 pro
2269 665 2329 706 se
2360 653 2472 705 rem
2503 653 2752 722 gerebat,
2784 654 2916 709 nihil
2945 655 3234 725 principali
3285 654 3503 726 fastigio

234 729 554 801 Ῥωμαίων,
607 732 720 786 τῶν
767 733 827 787 δὲ
891 735 974 800 είς
1026 737 1088 790 τὸ
1160 739 1394 793 κατόπιν
1465 739 1797 809 ὑπαχθέντωε

1921 738 2187 796 humilius
2223 742 2464 810 spirans.
2518 744 2586 797 Et
2630 753 2749 800 erat
2798 746 3054 802 idoneum
3104 747 3504 802 constituendae

228 823 373 894 ὑπὲρ
393 823 628 894 ψάμμου
657 826 842 879 ποδῶν
883 826 1322 899 ὑποσπαθείσης.
1353 829 1670 902 Τηνικαῦτα
1723 847 1794 884 κα

1922 832 2196 901 tyrannidi
2239 839 2459 902 tempus
2513 845 2736 901 nactus,
2769 852 2879 907 quo
2911 837 3156 893 Romana
3211 855 3298 893 res
3356 838 3502 893 haud

226 908 388 980 οὗτος
420 918 486 986 τῇ
513 916 764 988 βασιλεία
799 917 1092 990 Ῥωμαίων
1114 922 1365 979 ἐπέθετο.

1917 925 2104 981 dubiis
2146 927 2602 987 inclinationibus
2636 933 2690 987 in
2723 948 2967 1005 praeceps
2994 949 3250 1005 vergens,
3289 935 3503 989 Turco-

229 1023 357 1062 rum
387 1009 585 1064 recenti
627 1011 860 1067 victoria
886 1013 1155 1071 ferociurn
1192 1015 1549 1074 incumbente
1583 1016 1830 1083 fortuna,
1870 1018 2035 1087 plane
2079 1030 2142 1076 ut
2193 1022 2442 1092 lapsante
2483 1025 2537 1079 in
2586 1041 2753 1080 arena
2799 1027 3033 1098 vestigio
3085 1027 3260 1098 pugil,
3330 1041 3499 1082 manu

228 1099 476 1169 insuper,
503 1108 554 1153 et
587 1101 793 1156 obnixo
822 1102 1089 1174 impulsus
1113 1105 1346 1176 impetu,
1374 1108 1464 1162 vix
1507 1122 1568 1163 se
1628 1122 1660 1161 a
1728 1119 1862 1161 casu
1905 1110 2238 1169 sustinebat.
2275 1114 2392 1169 Tali
2420 1116 2834 1186 perturbatione
2861 1133 3042 1173 rerum
3086 1120 3274 1174 innata
3325 1119 3506 1177 homi-

221 1192 309 1246 nis
357 1190 611 1259 ambitio,
656 1195 970 1251 occasionis
1025 1196 1351 1253 invitatione
1399 1201 1688 1270 proritata,
1752 1198 1804 1252 in
1846 1212 2090 1270 apertam
2134 1205 2443 1276 usurpandi
2476 1211 2628 1278 regni
2662 1210 2947 1265 audaciam
2974 1211 3176 1281 erupit.

288 1284 404 1337 Καὶ
449 1283 632 1346 ἄλλως
677 1285 778 1353 μὲν
811 1284 890 1338 ὢν
938 1289 1422 1359 τυραννικώτατος
1453 1291 1554 1362 τὴν
1605 1290 1808 1361 ψυχὴν,

216 1373 342 1426 τότε
370 1373 431 1427 δὲ
467 1375 807 1444 καὶιμᾶλλον
828 1377 1086 1447 ὲιξαφθεὶς
1123 1381 1262 1451 πρὸς
1297 1383 1552 1454 καθαρὰν
1604 1401 1812 1456 τυραν-

216 1463 336 1518 νίδα
357 1465 450 1518 διὰ
481 1467 548 1520 τὸ
594 1469 842 1538 κατηφὲς
870 1471 982 1524 τῶν
1014 1472 1114 1543 τῆς
1136 1473 1417 1544 βασιλείας
1442 1478 1810 1546 πραγμάτων,

212 1557 278 1609 τὰ
302 1558 414 1625 τῆς
460 1556 638 1629 Ἐῴας
662 1561 843 1615 πάντα
873 1564 1058 1634 σχεδὸν
1077 1568 1351 1638 ὲλητσατο.
1386 1571 1606 1624 Πολλῶν
1629 1572 1686 1625 δὲ
1723 1590 1815 1625 πι-

215 1644 562 1700 στευθέντων
586 1649 679 1702 τὶν
706 1651 827 1719 μετ’
859 1652 1026 1707 αὑτοῦ
1053 1656 1291 1728 πόλεμον
1313 1661 1404 1713 ἐπ’
1436 1661 1663 1734 ἀνδρείᾳ
1691 1662 1810 1716 δια·

211 1735 570 1806 ὼϐοημένωι
622 1742 720 1796 καὶ
761 1747 965 1816 πεῖραν
1029 1749 1502 1822 είσενεγκαμὲνων
1544 1755 1809 1827 πλείστην

1986 1295 2042 1368 ﬁ
2074 1295 2354 1354 Volitabat
2380 1311 2506 1354 cum
2542 1302 2807 1372 expedita
2843 1316 3006 1356 manu
3065 1301 3498 1372 praedabundus,

1912 1396 1970 1444 et
1998 1391 2202 1457 passim
2240 1371 2557 1457 imminens:
2590 1393 3000 1463 hostilibusque
3030 1394 3502 1452 iheursationibus
3539 1404 3558 1429 ‘

1912 1480 2221 1538 Or'entales
2281 1482 2393 1538 fere
2453 1484 2686 1540 infestas
2747 1485 2984 1540 habebat
3049 1488 3322 1558 regiones,
3391 1490 3500 1544 vim

1913 1574 2389 1642 quoquoversum,
2421 1581 2806 1645 terroremque
2838 1577 3258 1633 circumferens.
3286 1578 3499 1634 Adver-

1915 1680 2011 1720 sus
2042 1666 2188 1720 hunc
2221 1665 2373 1721 missi
2406 1667 2511 1721 viri
2560 1667 2722 1723 laude
2777 1669 2972 1724 bellica
3033 1671 3303 1737 celebres,
3365 1672 3502 1728 nihil

1917 1759 2023 1814 nisi
2077 1759 2466 1814 conﬁdentiam
2518 1761 2642 1831 ejus
2691 1763 2810 1819 suis
2863 1763 3114 1820 cladibus
3163 1773 3426 1820 auxerant
3482 1780 3500 1823 :

209 1829 458 1925 πολέμου
484 1833 583 1885 καὶ
615 1834 822 1906 μάχης,
847 1837 1012 1902 αὐτὸς
1043 1840 1364 1913 ὑπερπαίων
1408 1847 1661 1915 ἐφαίνετο
1712 1849 1797 1900 καλ

1915 1852 2118 1922 quippe
2143 1851 2284 1906 alios
2318 1852 2462 1920 ignei
2496 1829 2733 1910 turbinis
2765 1855 2872 1908 ritu
2901 1857 3199 1925 improvisa
3221 1855 3502 1911 celeritate

208 1920 308 1990 τὴν
336 1922 575 1976 ἐκείνων
602 1925 988 1998 πολυπειρίαν,
1023 1932 1100 2002 πῆ
1139 1933 1238 2003 μὲν
1260 1933 1425 1998 αὐτὸς
1446 1938 1809 2006 προσϐάλλων

208 2016 308 2069 καὶ
359 2016 607 2088 τρέπων,
668 2022 760 2073 καὶ
792 2021 1045 2095 καθάπερ
1086 2025 1344 2099 πρηστὴρ
1371 2029 1663 2100 ἐμπίπτων
1689 2035 1808 2096 τοῖς

206 2105 769 2177 ἑντικαθισταμένοις
821 2112 1014 2184 αὐτῷ,
1059 2115 1138 2185 πῆ
1189 2117 1249 2170 δὲ
1313 2121 1410 2171 καὶ
1465 2123 1793 2193 συμμαχίαν

205 2196 514 2266 λαμϐὲνων
543 2200 655 2253 ἀπὸ
690 2200 798 2255 τῶν
832 2203 1117 2275 Τούρκων,
1167 2209 1544 2276 ἀνυπόστατος
1573 2211 1641 2286 ἦν
1681 2217 1806 2278 ταῖς

203 2288 440 2355 ὁρμαῖς,
482 2287 625 2342 ὥστε
651 2291 882 2346 καὶτῶν
911 2293 1057 2348 πάνυ
1086 2296 1432 2366 μεγιστάνων
1455 2300 1606 2363 τινὰς
1636 2317 1808 2353 κατα·

211 2381 371 2448 σχεῖν
408 2381 507 2434 καὶ
529 2380 631 2443 τὰς
666 2384 897 2438 ἐκείνων
928 2386 1192 2458 κλονῆσαι
1225 2389 1515 2459 φάλαγγας
1544 2408 1559 2424 ·
1603 2394 1692 2446 ὅτε
1737 2393 1802 2464 δὴ

213 2470 312 2524 καὶ
344 2471 454 2524 ὑπὸ
486 2473 740 2544 τάδελφῷ
786 2477 1042 2532 ἐτάττετο
1095 2481 1124 2532 ὁ
1153 2482 1290 2550 ὲμδς
1321 2484 1504 2555 πατὴρ
1548 2483 1802 2549 Ἀλέξιος,

213 2562 312 2613 καὶ
341 2561 613 2632 ἄντικρυς
648 2563 1064 2638 ὑπεστρατήγει
1111 2571 1290 2644 τούτῳ
1317 2574 1384 2627 τὰ
1418 2575 1806 2646 στρατεύματα

206 2653 388 2706 πάντα
437 2650 618 2726 Ἕῲας
647 2656 738 2710 καὶ
773 2656 1064 2730 Ἐσπερίου
1093 2663 1298 2734 λήξεως
1316 2666 1803 2739 ἐγκεχειρισμένῳ.

215 2743 378 2797 ἐπεὶ
413 2745 479 2799 δὲ
514 2747 576 2799 ὲν
601 2749 910 2819 ἀμηχάνοις
941 2749 1011 2825 ἦν
1048 2754 1118 2807 τὰ
1153 2757 1460 2828 πράγματα
1498 2761 1806 2829 τηνικαῦτα

210 2837 522 2906 Ῥωμαίοις
556 2840 652 2895 τοῦ
684 2843 972 2917 Βαρϐάρου
998 2849 1192 2904 τούτου
1226 2852 1384 2924 δίκην
1423 2857 1684 2926 κεραινοῦ
1737 2858 1806 2914 τὰ

201 2925 386 2979 πάντα
423 2928 830 3000 ἐπερχομένου,
861 2933 942 2998 εἰς
981 2937 1290 3010 ἀξιόμαχον
1335 2943 1804 3004 ἅντικατάστασιν

203 3021 516 3076 ἐπινοεῖται
569 3026 597 3077 ὁ
625 3024 961 3096 ἀξιάγαστος
1004 3025 1163 3098 οὗτος
1231 3032 1496 3105 Ἀλίξιος,
1564 3056 1806 3113 στρατη-

200 3115 297 3183 γδς
311 3115 689 3190 αὐτοκράτωρ
714 3121 821 3177 ὑπὸ
842 3123 937 3178 τοῦ
961 3125 1229 3195 βασιλιως
1246 3130 1471 3203 Μιχαὴλ
1490 3133 1802 3205 ἁναδεδειγ·

202 3207 366 3277 μένος
400 3209 501 3273 ’ὃς
546 3211 613 3280 δὴ
652 3214 750 3268 καὶ
795 3217 979 3272 πᾶσαν
1033 3220 1378 3294 ἀνακινήσας
1429 3225 1692 3297 φρόνησιν
1742 3243 1801 3282 τε

201 3301 300 3354 καὶ
335 3302 733 3376 πολυπειρίαν,
778 3314 1162 3385 στρατηγικὴν
1209 3331 1269 3368 τε
1312 3317 1410 3371 καὶ
1472 3336 1800 3389 στρατιωτι-

207 3395 336 3466 κὴν,
366 3398 467 3451 καὶ
495 3398 674 3454 ταῦτα
711 3401 811 3456 οὐκ
846 3403 906 3456 ἐν
932 3406 1114 3477 πολλῷ
1147 3410 1326 3480 χρόνῳ
1372 3411 1580 3486 ταύτην
1611 3414 1801 3470 συλλε-

201 3487 469 3557 ξάμενος.
523 3491 694 3548 Ἀλλὰ
721 3495 831 3567 γὰρ
857 3496 947 3553 διὰ
978 3499 1042 3553 τὸ
1069 3503 1214 3556 πάνυ
1255 3504 1544 3574 φιλόπονον
1571 3506 1668 3562 τοῦ
1702 3509 1799 3563 dv-

400 3581 504 3634 καὶ
547 3586 894 3653 πανταχόθεν
937 3589 1249 3662 ἐγρηγορὸς
1286 3594 1368 3658 είς
1399 3595 1572 3667 ἄκρον
1603 3598 1796 3670 ἐληλυ-

202 3669 361 3762 ρέναι
412 3677 796 3746 στρατηγικῆς
843 3681 1138 3752 ἐμπειρίας
1195 3689 1308 3752 τοῖς
1350 3689 1462 3744 τῶν
1506 3669 1796 3762 Ῥωμαίων

198 3761 426 3830 λογάσιν
482 3764 684 3834 ἔδοξεν,
733 3764 846 3824 οἷον
891 3773 1143 3844 Αἰμίλιος
1176 3778 1381 3844 ἐκεῖνος
1427 3784 1455 3835 ὁ
1499 3761 1793 3855 Ῥωμαῖος,

198 3856 382 3919 ὁποῖος
403 3859 435 3910 ὸ
453 3859 738 3945 Σκηπίων,
754 3857 870 3927 οἷος
898 3865 1146 3933 Ἀννίϐας
1164 3870 1194 3923 ό
1227 3873 1615 3945 Καρχηδόνιος.
1641 3879 1797 3933 Νεῶ-

202 3962 364 4008 τατος
395 3946 510 4017 γὰρ
543 3943 632 4018 ἦν,
665 3952 762 4004 καὶ
787 3953 912 4023 ἄρτι
933 3957 1166 4028 πρώτως
1206 3943 1515 4032 ὑπηνήτης,
1553 3965 1581 4020 ὅ
1606 3985 1792 4035 φασιν,

203 4039 300 4092 τόν
324 4058 388 4092 τε
431 4042 736 4112 Οὖρσέλιον
776 4045 986 4102 ἐκείνοι)
1018 4045 1133 4105 εἷλε
1179 4052 1271 4107 τὸν
1298 4054 1470 4110 πολὺν
1514 4061 1658 4114 κατὰ
1685 4059 1794 4115 τῶν

214 4135 510 4205 Ῥωμαίων
547 4139 760 4206 ῥέοντα,
806 4140 898 4195 καὶ
937 4143 1008 4198 τὰ
1067 4147 1371 4219 πράγματα
1409 4152 1508 4224 τῆς
1539 4155 1654 4209 Ἕω
1691 4174 1792 4211 κα-

199 4229 474 4301 τέστησεν
526 4231 588 4284 οὐ
621 4231 835 4288 πολλῶν
869 4232 1082 4306 δεηθεὶς
1117 4243 1365 4314 ἡμερῶν.
1395 4237 1506 4300 Ἦν
1529 4249 1639 4320 γὰρ
1697 4254 1794 4308 καὶ

201 4321 324 4413 deis;
351 4325 614 4392 φωρᾶσαι
646 4325 704 4378 τὸ
726 4322 1026 4401 ξυμφέρον,
1052 4334 1147 4387 καὶ
1183 4335 1441 4408 ὀξύτερος
1493 4341 1791 4413 καταπρά-

205 4411 424 4478 ξασθαι.
456 4415 596 4471 Τίνα
624 4417 686 4472 δὲ
743 4421 839 4474 τὸν
883 4424 1085 4493 τρόπον
1153 4419 1300 4482 εἷλεν
1343 4432 1593 4499 ’ὲκεῖνον,
1641 4411 1794 4506 δηλοῖ

1915 1947 2138 2001 irruens
2203 1945 2538 2015 perculerat,
2592 1947 2754 2010 alios,
2815 1947 3040 2002 auxiliis
3089 1940 3190 2002 sibi
3246 1947 3499 2002 Turcicis

1910 2037 2208 2109 adiunctis,
2265 2039 2417 2108 justa
2446 2039 2560 2108 jam
2594 2041 2709 2096 acie
2739 2056 2908 2096 ausus
2938 2039 3199 2112 congredi
3237 2040 3452 2096 fuderat
3480 2059 3496 2098 :

1910 2131 2191 2186 nonnullis
2221 2147 2441 2202 quoque
2489 2132 2702 2203 captis;
2760 2149 2940 2202 neque
2997 2134 3148 2188 enim
3199 2133 3502 2204 phalanges

1910 2221 2322 2277 ineluctabilem
2394 2223 2542 2276 illam
2596 2239 2776 2288 suam,
2842 2229 2946 2278 isto
3003 2235 3198 2280 contra
3267 2227 3495 2290 nitente,

1910 2309 2047 2369 satis
2079 2322 2361 2383 praestare
2395 2314 2708 2368 firmitatem
2745 2322 3014 2383 poterant.
3052 2313 3157 2369 Per
3193 2316 3245 2370 id
3279 2324 3497 2384 tempus

1911 2405 2247 2463 exercitibus
2273 2415 2382 2461 tam
2413 2403 2735 2467 Orientalis,
2777 2420 2938 2475 quam
2987 2405 3216 2461 Occidui
3257 2407 3492 2464 limitum

1909 2501 2093 2571 patrui
2148 2500 2252 2555 mei
2285 2497 2624 2569 praefectura:
2675 2497 3041 2564 demandatis,
3084 2499 3310 2553 Alexius
3342 2509 3498 2569 pater

1911 2609 2088 2655 meus.
2118 2593 2306 2649 fratris
2329 2593 2592 2662 auspiciis
2633 2593 2918 2662 ductuque
2975 2589 3492 2646 militabat.Verum

1908 2688 2210 2759 imperator
2243 2687 2499 2750 Michael,
2533 2695 2659 2741 cum
2691 2686 2875 2740 omnia
2907 2701 3129 2755 pessum
3180 2701 3345 2740 ruere
3369 2701 3496 2740 cer-

1909 2789 2088 2845 neret,
2122 2780 2364 2836 Barbare
2401 2779 2508 2834 isto
2549 2787 2748 2834 cuncta
2781 2779 3110 2848 pernicitate
3151 2793 3216 2834 ac
3251 2779 3494 2848 pernicie

1909 2870 2172 2940 fulminea
2227 2871 2616 2941 pervolitante,
2671 2871 2891 2939 lateque
2942 2878 3214 2937 vastante,
3271 2870 3493 2941 proprio

1906 2963 2086 3034 ipsum
2142 2962 2406 3018 exercitui
2463 2979 2589 3020 cum
2645 2980 2860 3022 summa
2917 2973 3194 3034 potestate
3261 2979 3494 3032 prtresse

1903 3055 2094 3126 jussit,
2133 3064 2187 3112 et
2214 3058 2260 3111 si
2295 3069 2401 3126 qua
2437 3065 2645 3126 posset,
2696 3057 2971 3128 grassanti
3017 3058 3155 3126 pesti
3203 3057 3493 3116 obsistere.

1910 3149 2004 3205 llis
2028 3149 2201 3220 copiis
2225 3155 2280 3204 et
2310 3151 2584 3205 mandatis
2607 3151 2826 3207 Alexius
2855 3151 3095 3222 acceptis
3121 3151 3231 3204 vim
3274 3165 3492 3204 omnem

1905 3248 2070 3312 atque
2099 3241 2428 3296 industriam
2471 3239 2697 3297 solertis
2737 3243 2906 3297 animi
2960 3242 3230 3312 fortisque
3257 3241 3495 3311 pectoris

1903 3334 1969 3388 ad
2020 3349 2133 3388 rem
2192 3334 2333 3389 bene
2384 3333 2682 3405 gerendam
2735 3333 2972 3391 intendit
3015 3335 3495 3406 :praeferebatque

1898 3426 2011 3498 jam
2045 3427 2099 3480 in
2137 3426 2248 3482 illis
2281 3427 2473 3497 primis
2514 3429 2912 3496 experimentis
2961 3427 3264 3482 bellatricis
3309 3427 3494 3481 adole-

1902 3519 2148 3583 scentiae,
2172 3519 2259 3572 vix
2285 3517 2414 3573 dum
2444 3519 2686 3588 primore
2708 3517 2967 3588 lanugine
2994 3518 3167 3574 maias
3193 3518 3488 3588 signantis,

1901 3612 2044 3666 haud
2087 3609 2314 3665 dubium
2348 3611 2524 3664 instar
2572 3611 2983 3666 dilaudatorum
3037 3610 3256 3665 illorum
3309 3607 3491 3660 nomi-

1897 3717 2026 3756 num
2059 3699 2295 3764 IEmilii,
2327 3699 2713 3771 Seipionisque
2745 3701 3142 3764 Romanorum,
3174 3708 3227 3752 et
3258 3697 3490 3752 Cartha-

1896 3791 2143 3860 ginensis
2171 3791 2482 3852 Annibalis,
2510 3801 2744 3859 quorum
2771 3789 3128 3842 fortissimam
3160 3789 3479 3858 patientiam

1897 3882 2174 3946 laborum,
2228 3891 2284 3935 et
2331 3895 2606 3949 nusquam
2673 3879 3062 3934 conniventem
3128 3877 3487 3950 providentiae

1896 3973 2138 4041 vigiliam
2174 3971 2469 4027 aemulatus
2497 3979 2583 4026 est
2621 3979 2769 4026 tanta
2799 3970 3084 4035 felicitate,
3119 3980 3178 4025 ut
3205 3971 3482 4028 Urselium

1895 4074 2028 4121 tunc
2057 4064 2211 4120 illum
2249 4064 2483 4119 torrenti
2519 4065 2877 4120 victoriarum
2912 4079 3082 4122 cursu
3122 4065 3482 4135 prmcipitem,

1895 4168 2257 4228 ruente‘mque
2291 4172 2514 4229 pessum
2551 4160 2674 4229 eius
2704 4155 2948 4230 impulsu
3005 4159 3306 4214 Romanam
3345 4177 3484 4214 rem.

1898 4263 2199 4320 paucorum
2236 4261 2401 4318 Opera
2441 4249 2656 4304 dierum
2691 4265 2840 4306 unus
2878 4255 3044 4305 homo
3087 4251 3326 4306 sisteret.
3359 4253 3488 4305 Erat

1893 4343 2039 4398 etaim
2101 4349 2217 4394 tum
2264 4341 2403 4396 mire
2465 4342 2757 4412 perspicax
2815 4343 2882 4398 ad
2943 4343 3127 4399 statim
3189 4345 3486 4399 videndum

1893 4435 2025 4506 quid
2063 4439 2344 4504 oporteret
2401 4435 2540 4501 fieri,
2583 4445 2698 4490 tum
2755 4436 2819 4490 ad
2875 4437 3019 4492 idem
3073 4437 3485 4506 exsequendum

207 4508 305 4574 μὲν
331 4509 432 4562 καὶ
455 4511 680 4582 Καίσαρ
703 4514 762 4566 ὲν
788 4519 854 4586 τῇ
886 4515 1118 4591 δευτέρᾳ
1140 4523 1239 4592 τῆς
1267 4523 1389 4576 κατ’
1415 4525 1583 4580 αὑτὸν
1621 4525 1790 4580 Ἰστο-

1905 4528 2061 4583 etiam
2096 4529 2424 4596 promptior.
2460 4529 2578 4593 Qua
2633 4544 2765 4584 vero
2806 4531 3034 4585 Alexius
3084 4527 3358 4586 Urselimu
3398 4546 3484 4582 ra-

207 4600 328 4667 ρίας
369 4599 545 4672 βίϐλῳ
599 4606 939 4678 πλατύτερα,
992 4611 1309 4683 δηλώσομεν
1361 4615 1419 4669 δὲ
1483 4619 1577 4672 καὶ⁸
1630 4618 1794 4689 ἡμεῖς

204 4693 285 4760 ἐφ’
317 4694 447 4747 ὅσον
469 4697 566 4786 ,είς
600 4698 702 4752 τίον
736 4699 864 4754 καθ’
898 4704 1048 4774 ἡμᾶς
1083 4705 1330 4778 ἱστορίαν
1362 4712 1716 4782 συνήνεγκεν.

273 4873 438 4944 Ἀρτι
463 4875 576 4947 γὰρ
605 4874 703 4930 τοῦ
733 4876 1020 4951 Βαρϐἀρου
1055 4883 1275 4956 Τουτὰχ
1302 4887 1368 4939 ὲκ
1394 4886 1506 4941 τῶν
1556 4887 1792 4959 βαθυτέ-

209 4981 316 5032 ρων
347 4966 446 5034 τῆς
473 4965 773 5038 ’Δνατολῆς
812 4969 996 5042 μερῶν
1034 4975 1464 5044 κατεληλυθότος
1497 4979 1641 5048 μετὰ
1695 4979 1792 5050 βα-

220 5056 457 5122 ρυτάτου
526 5060 941 5130 στρατεύματος
998 5065 1086 5132 ἐφ’
1142 5059 1188 5134 ᾧ
1215 5071 1284 5122 τὰ
1340 5071 1450 5123 τῶν
1501 5071 1793 5145 Ῥωμαίων

207 5143 512 5214 ληῖζεσθαι,
540 5152 568 5202 ὀ
613 5151 933 5221 Οὐρσέλιος,
972 5156 1245 5236 πολλάκις
1285 5161 1390 5214 ὑπὸ
1417 5161 1513 5216 τοῦ
1565 5143 1794 5235 στρατοο

210 5241 484 5312 πεόἀρχου
544 5246 1089 5317 στενοχωρούμενος,
1144 5251 1240 5306 καὶ
1299 5254 1554 5310 enatus
1608 5257 1792 5323 ἄλλοις

209 5333 443 5404 φρούρια
501 5337 951 5409 ἀφαιρούμενος,
1011 5344 1192 5400 καίτοι
1267 5350 1530 5418 στρατιὰν
1587 5351 1791 5424 πολλὴν

211 5427 547 5498 ἑπαγόμενος
579 5432 678 5483 καὶ
707 5433 915 5498 πάντας
949 5433 1219 5508 λαμπρῶς
1255 5441 1351 5494 καὶ
1393 5445 1657 5510 γενναίως
1685 5463 1785 5500 κα-

210 5517 646 5589 θωπλισμένους,
692 5524 1003 5600 εὐμηχανίᾳ
1050 5531 1202 5600 παρὰ
1245 5532 1380 5586 πολὺ
1437 5535 1638 5604 ἡττᾶτο
1693 5536 1787 5591 τοῦ

216 5609 332 5678 μοῦ,
361 5613 575 5682 πατρὸς
603 5614 864 5680 Ἀλεξίου.
895 5615 1052 5682 Τέως
1079 5621 1128 5675 δ’
1160 5617 1254 5675 οὖν
1283 5623 1372 5677 ἐπ’
1409 5625 1588 5679 ἐκεῖνο
1618 5645 1789 5682 κατα-

215 5704 393 5767 φυγεῖν
420 5701 570 5768 εδοξε
616 5703 971 5760 τελευταῖονο
1015 5713 1132 5776 τοῖς
1187 5715 1354 5768 πᾶσιν
1398 5715 1784 5790 ἐξαπορούμε-

217 5808 296 5856 νος
327 5791 671 5864 ξυμμίγνυσι
695 5796 772 5869 τῷ
799 5799 1040 5874 Τουτὰχ,
1076 5805 1169 5859 καὶ
1202 5805 1362 5874 φίλον
1385 5809 1646 5880 ποιεῖται,
1691 5811 1785 5865 καὶ

1903 4616 2047 4670 tione
2081 4617 2307 4686 ceperit,
2336 4619 2563 4687 exponit
2588 4617 2770 4673 Caesar
2824 4621 2876 4674 in
2928 4623 3174 4674 secundo
3229 4618 3489 4673 Historiae

1901 4722 2014 4763 sme
2065 4707 2206 4762 libro
2240 4707 2420 4765 fusius
2467 4729 2481 4764 :
2530 4713 2882 4765 narrabimus
2927 4721 2984 4767 et
3033 4728 3156 4777 nos,
3213 4720 3483 4782 quatenus

1903 4797 1970 4852 ad
2003 4810 2250 4853 nostram
2287 4815 2508 4869 quoque
2537 4800 2826 4856 historiam
2867 4803 2918 4857 id
2959 4802 3196 4857 confert.

1969 4887 2209 4945 Moverat
2265 4906 2329 4945 ex
2384 4893 2778 4948 remotioribus
2822 4880 3063 4948 Orientis
3117 4893 3368 4962 partibus
3422 4893 3487 4948 in~

1900 4979 2345 5037 liotnanos'flnes
2377 4981 2575 5037 infesta
2616 4982 2772 5054 signa
2808 4983 3078 5038 Barbarus
3107 4984 3316 5039 Tuch
3355 5001 3477 5038 cum

1894 5073 2078 5129 valido
2121 5084 2175 5130 et
2236 5075 2431 5144 praedae
2473 5076 2676 5145 cupido
2727 5077 2977 5131 exercitu
3016 5093 3031 5130 :
3072 5093 3183 5147 quo
3232 5086 3480 5146 tempore

1894 5164 2193 5233 Urselium,
2227 5170 2442 5240 magnis
2467 5169 2596 5224 licet
2649 5180 2704 5224 et
2738 5172 2987 5240 speciose
3029 5171 3363 5241 robusteque
3391 5185 3493 5224 aro

1893 5262 2057 5317 matis
2095 5262 2426 5316 instructum
2487 5261 2687 5330 copiis,
2749 5261 2973 5318 Alexius
3025 5262 3297 5318 industria
3364 5277 3488 5316 non

1889 5354 2074 5408 minus
2114 5353 2359 5421 propria,
2419 5368 2584 5421 quam
2634 5352 2908 5422 legionum
2967 5369 3068 5408 suo
3111 5353 3299 5408 ductui
3353 5368 3484 5421 per-

1893 5447 2188 5500 missarum
2228 5443 2277 5498 vi
2307 5444 2559 5506 adortus,
2597 5444 2652 5498 in
2687 5461 2910 5514 magnas
2943 5445 3149 5500 sensim
3187 5445 3485 5513 angustias

1893 5536 2201 5606 redigebat,
2245 5535 2368 5589 aliis
2396 5535 2632 5590 subinde
2658 5537 2966 5606 atquealiis
2990 5544 3044 5590 et
3072 5535 3482 5591 munitionibus

1891 5625 2236 5692 auferendis,
2266 5642 2369 5681 nec
2400 5627 2513 5699 jam
2549 5625 2664 5683 fere
2691 5628 2924 5684 ulterius
2958 5626 3245 5682 recedendi
3286 5627 3480 5694 spatio

1892 5718 2113 5774 relicto.
2157 5717 2249 5773 Sic
2296 5717 2387 5772 ille
2432 5717 2838 5789 deprehensus,
2902 5718 3229 5787 consiliique
3282 5717 3470 5790 inops,

1893 5813 2112 5869 tandem
2143 5811 2212 5868 ad
2244 5810 2556 5870 Tutaebum
2589 5811 2705 5868 adit
2739 5829 2752 5867 :
2783 5813 2849 5870 ab
2896 5825 3074 5882 eoque
3117 5811 3366 5882 delinito,
3398 5827 3477 5869 ac
