4006 6248
311 336 413 401 ll3

1569 346 1987 406 ALEXIADIS
2022 348 2166 408 LIB.
2211 347 2261 407 Ι.

3442 341 3543 408 lii.

305 471 558 541 σφοδρῶς
607 470 666 524 δὲ
721 471 842 524 κατ’
912 470 1090 526 αὐτῶν
1143 472 1450 543 ἐξορμήσας
1517 477 1613 528 σὺν
1665 477 1778 536 τοῖς
1827 475 1893 540 ἓξ

2014 492 2115 530 2am
2155 491 2420 546 pugnans,
2458 477 2791 546 infestusque
2845 477 3153 543 ferebatur,
3196 479 3343 534 videt
3376 495 3568 548 quem-

309 561 676 632 στρατιώταις
740 561 836 624 οὓς
877 563 1085 616 ἄνωθεν
1120 564 1148 613 ὁ
1180 563 1338 630 λόγος
1391 564 1683 634 ἐδήλωσεν,
1733 582 1903 618 κατα-

305 652 495 705 ϐάλλει
539 652 638 720 μὲν
695 652 793 704 καὶ
856 654 951 706 τὸν
1003 654 1333 722 ἱπποκόμον,
1386 655 1532 724 αἱρεῖ
1582 657 1636 708 δὲ
1685 655 1902 708 καὶτὸν

308 741 594 810 βασιλικὸν
617 743 809 808 ἵππον,
841 749 1254 816 συναφαιρεῖται
1292 747 1348 799 δὲ
1387 751 1479 799 καὶ
1509 747 1604 812 τὰς
1632 749 1902 819 ῥομφαίας

305 834 404 886 καὶ
433 832 606 904 λάθρα
628 833 876 897 ὑπέξεισι
904 835 998 888 τοῦ
1021 837 1451 906 στρατεύματος.
1497 837 1585 890 Ἐν
1621 839 1696 906 τῷ
1752 840 1901 890 ἀκιν-

315 923 460 992 δύνῳ
475 925 528 974 δὲ
558 924 836 986 καταστὰς
860 924 951 976 τόν
973 942 1029 976 τε
1061 926 1470 996 χρυσῖφάλαρον
1497 927 1702 979 ἐκεῖνον
1735 925 1900 979 ἵπποι

315 1015 642 1082 ἐξέτεμψεν,
710 1017 806 1068 καὶ
861 1016 960 1078 τὰς
1007 1016 1136 1085 παρ’
1179 1019 1417 1087 ἑκάτερα
1458 1017 1552 1070 τοῦ
1611 1016 1897 1085 βασιλικοῦ

319 1107 570 1174 σώματος
598 1108 978 1177 στρεφομένας
1016 1108 1314 1178 ῥομφαίας,
1375 1110 1469 1162 καὶ
1530 1107 1752 1178 κήρυκὰ
1776 1127 1899 1162 τινα

313 1197 839 1264 μεγαλοφωνότατον
866 1198 1418 1268 παρακελευσάμενος
1460 1199 1776 1269 ἁπανταχοῦ
1802 1198 1896 1252 τού

314 1287 730 1357 στρατεύματος
764 1287 1051 1341 διαθέοντα
1098 1290 1228 1361 βοᾷν
1253 1291 1328 1354 ὼς
1364 1292 1392 1344 ὸ
1429 1292 1682 1360 Βρυένιος
1728 1294 1896 1344 ὲπεπ·

308 1377 481 1431 τὼκει
516 1379 652 1447 (52).
688 1378 860 1432 Τοῦτο
913 1382 1203 1449 γενόμενον
1244 1381 1473 1445 πολλοὺς
1535 1383 1642 1436 τῶν
1693 1385 1893 1436 σκεδα-

311 1469 556 1523 σθέντων
581 1470 676 1522 τοῦ
703 1471 1120 1542 στρατεύματος
1161 1472 1257 1526 τοῦ
1293 1475 1532 1542 μεγάλου
1558 1475 1893 1544 Δομεστίκου

307 1561 422 1612 τῶν
447 1561 658 1628 σχολῶν
681 1563 775 1614 καὶ⁵
817 1561 954 1630 ἐμοῦ
985 1564 1191 1632 πατρός
1233 1565 1615 1634 ἁπανταχόθεν
1643 1565 1890 1634 ξυνέλεγε

312 1653 408 1702 καὶ
463 1652 953 1722 παλιμπορεύτους
1012 1654 1210 1719 ἐποίει,
1269 1656 1398 1719 τοὺς
1454 1657 1509 1708 δὲ
1561 1657 1652 1708 καὶ
1677 1657 1892 1709 ἔπειθεν

313 1747 702 1811 ἐγκαρτερεῖ-ι,
729 1747 776 1796 οἱ
803 1745 859 1797 δὲ
884 1747 1184 1816 ἑστήκεσαν
1229 1748 1598 1817 ἀτρεμοῦντες
1642 1749 1728 1802 ἵνα
1759 1750 1874 1802 ἔκαε

317 1849 442 1895 στος
484 1835 782 1901 ἑτυχε,καὶ
807 1836 888 1898 είς
918 1836 1159 1890 τούπίσω
1201 1837 1301 1899 τὰς
1343 1837 1497 1907 ὄψεις
1554 1840 1886 1909 στρέψαντες

324 1925 722 1994 ὲξεπλήττιντο
762 1925 848 1995 ἐφ’
883 1921 960 1988 οἷς
991 1927 1118 1997 παρ’
1165 1927 1351 1982 ἐλπίδα
1408 1929 1618 2000 ἐώρων.
1676 1931 1785 1983 Καὶ
1838 1928 1907 2001 ἦν

319 2017 456 2070 ἰδεῖν
477 2019 566 2070 ἐπ’
583 2021 768 2081 αὐτοῖς
785 2019 972 2072 καινόν
1004 2037 1056 2071 τι
1079 2021 1371 2088 γενόμενον
1396 2020 1504 2072 τῶν
1539 2023 1722 2074 ἵππων
1740 2025 1797 2074 ὲν
1827 2016 1908 2084 οἷς

318 2108 636 2178 ἐπωχούντο
664 2107 760 2169 τὰς
793 2110 1033 2177 κεφαλὰς
1088 2113 1181 2164 ἐπὶ
1231 2111 1295 2163 τὸ
1340 2112 1529 2182 πρόσω
1573 2113 1804 2180 ὁρώσας,
1842 2113 1910 2167 τὰ

319 2201 581 2254 δἀὒτῶν
618 2202 886 2273 πρόσωπα
941 2205 1021 2265 είς
1076 2203 1320 2256 τούπίσω
1382 2206 1758 2274 ἐστραμμένα,
1817 2207 1909 2259 καὶ

328 2299 467 2361 μήτε
497 2294 682 2344 eum
705 2292 893 2361 πρόσω
948 2291 1291 2362 χωροῦντας,
1351 2294 1487 2362 μήτε
1546 2294 1625 2355 είς
1665 2295 1910 2346 τούπίσω

323 2383 716 2452 στρέψαιτοὺς
739 2384 989 2452 χαλινοὺς
1047 2383 1359 2448 ἐθέλοντας,
1416 2382 1532 2437 ἀλλ’
1597 2384 1911 2454 ἐκθάμϐους

321 2479 351 2528 δ
387 2495 482 2538 τις
506 2477 601 2528 καὶ
623 2474 1097 2544 ἐξαπορουμένους
1123 2472 1237 2529 οἷον
1263 2477 1357 2530 ἐπὶ
1389 2478 1498 2538 τοῖς
1519 2475 1909 2546 ξυμπεσοῦσιν.

327 2568 400 2616 θῖ
438 2583 496 2617 τε
525 2566 634 2633 γὰρ
662 2565 868 2617 Σκῦθαι
926 2565 1116 2618 νόστου
1197 2567 1537 2635 μνησάμενοι
1593 2567 1684 2619 καὶ
1730 2568 1912 2620 οἴκαδε

326 2656 585 2719 mam;
615 2657 717 2708 οὐκ
773 2655 998 2724 ἔμελλον
1035 2657 1116 2709 ἔτι
1174 2657 1508 2724 ἐπιδιώκειν,
1544 2658 1681 2713 ἀλλὰ
1720 2661 1912 2730 πόρῤω

332 2747 446 2798 τῶν
482 2747 909 2816 στρατευμάτων
930 2749 1132 2815 ἀμφοῖν
1175 2749 1458 2815 γεγονότες
1494 2749 1632 2817 μετὰ
1654 2754 1751 2820 τῆς
1766 2751 1913 2812 λείας

325 2837 494 2890 αὑτοῦ
536 2854 646 2890 που.
673 2837 1167 2907 περιπεπλανηντο,
1229 2839 1346 2890 τότε
1377 2838 1911 2910 διακηρυκευόμενον

332 2931 409 2989 ὡς
440 2929 548 2996 ἄρα
578 2928 607 2978 ὁ
650 2927 907 2995 Βρυένιος
951 2929 1098 2980 ἑάλω
1127 2930 1222 2982 καὶ
1266 2932 1636 2997 κατενήνεκτο
1687 2933 1915 3001 ὲθαρσο-

333 3018 480 3069 ποίει
510 3018 642 3080 τοὺς
667 3018 806 3079 τέως
835 3017 1043 3080 δειλοὺς
1071 3018 1163 3070 καὶ
1203 3018 1468 3086 φυγάδας,
1500 3019 1595 3072 καὶ
1624 3022 1685 3073 τὸ
1714 3038 1917 3092 κηρυτ-

2006 573 2128 622 dam
2149 583 2211 622 ex
2231 569 2553 637 agasonibus
2572 569 2784 640 Brycnii
2820 585 3019 638 equum
3058 571 3297 635 trahere,
3325 588 3565 642 purpura

2005 661 2320 724 iustratum,
2358 661 2638 730 frenoque,
2675 677 2738 716 ac
2781 662 3014 731 phaleris
3055 663 3321 731 insignem
3363 647 3565 720 aureis.

2004 746 2108 799 Sctl
2141 755 2194 800 et
2245 762 2348 800 non
2385 750 2571 816 procul
2614 757 2788 812 erant,
2839 751 2932 818 qui
2983 760 3262 820 portarent
3302 769 3419 817 cas,
3451 771 3572 823 qua:

2002 841 2250 908 proxime
2298 842 2504 908 stipare
2573 843 2919 910 imperatoris
2978 844 3210 914 (qualem
3265 862 3324 901 se
3365 848 3572 902 ferebat

2003 928 2285 999 Rryenins)
2340 930 2508 984 latera
2584 933 2878 1002 romphaea;
2939 935 3134 989 solent.
3192 935 3286 990 His
3345 937 3568 991 Alexius

2001 1024 2328 1088 conspectis,
2350 1022 2528 1076 statim
2554 1024 2800 1078 buccula:
2838 1024 3090 1092 loricula,
3118 1027 3172 1081 in
3199 1026 3574 1099 fronte’galeze
3629 1095 3634 1101 _

2000 1110 2287 1177 pendente,
2353 1113 2560 1164 vultum
2608 1112 2890 1170 obnubens
2927 1130 3138 1168 summa
3191 1115 3398 1170 vicum
3452 1131 3570 1177 sex,
3625 1112 3630 1116 ’

2001 1216 2139 1269 quos
2200 1201 2352 1265 dixi,
2413 1204 2704 1260 comitibus
2763 1206 2903 1260 istuc
2965 1216 3185 1275 repente
3254 1207 3572 1271 invehitur,

2004 1292 2268 1360 facileque
2308 1292 2518 1360 dejecto
2558 1309 2816 1361 agasone,
2862 1311 2968 1350 non
3011 1296 3186 1350 solum
3224 1313 3365 1366 equo
3400 1299 3574 1368 regio,

1997 1384 2089 1438 sed
2124 1383 2600 1451 etiamromphzeis
2623 1385 2854 1453 potitus,
2887 1385 3024 1438 clam
3055 1402 3113 1440 se
3145 1388 3260 1440 acie
3287 1387 3568 1442 subducit.

2000 1477 2231 1544 Moxque
2265 1474 2317 1528 in
2351 1484 2467 1529 tuto
2500 1476 2832 1541 consistens,
2866 1477 3017 1531 illum
3058 1493 3194 1532 auro
3226 1479 3574 1548 phaleratum

1998 1583 2216 1636 equum,
2248 1577 2303 1620 et
2327 1569 2653 1636 romphazas,
2686 1583 2806 1637 quae
2856 1569 3112 1638 utrinque
3154 1570 3298 1623 circa
3343 1569 3580 1637 impera-

1995 1658 2131 1710 toris
2161 1672 2361 1726 corpus
2393 1660 2600 1712 versari
2633 1661 2852 1714 assidue
2869 1672 3290 1722 consueverunt,
3317 1660 3463 1716 misit
3487 1652 3579 1729 qui

1993 1751 2100 1803 late
2132 1757 2470 1805 ostentarent
2499 1767 2513 1811 ;
2541 1764 2954 1819 prmeonemque
2985 1751 3146 1806 simul
3178 1751 3578 1807 vocalissimum

2007 1842 2207 1910 passim
2242 1841 2579 1910 proclamare
2625 1857 2722 1909 per
2751 1843 3044 1895 exercitum
3072 1843 3258 1911 jussit,
3286 1841 3578 1912 Bryeuimu

2010 1933 2296 1987 cecidisse.
2333 1931 2392 1986 Id
2451 1946 2648 2000 magno
2711 1931 3011 1986 domestico
3061 1933 3198 2001 patri
3251 1947 3404 1996 meo,
3461 1933 3582 2000 plus

2011 2037 2172 2092 quam
2206 2022 2352 2076 credi
2409 2031 2611 2091 posset,
2665 2021 2890 2090 profuit.
2951 2019 3084 2074 Nam
3142 2031 3195 2075 et
3245 2021 3337 2090 qui
3371 2037 3434 2075 ex
3461 2023 3580 2089 ejus

2011 2112 2253 2166 exercitu
2287 2113 2581 2182 palabundi
2612 2113 2891 2176 errabant,
2924 2113 3045 2181 fuga
3080 2112 3335 2181 dispersi,
3361 2113 3426 2164 ad
3461 2127 3578 2166 eam

2011 2218 2197 2257 vocem
2225 2204 2487 2265 revocati,
2517 2204 2850 2273 collectique
2885 2203 3080 2256 iterum
3115 2211 3311 2272 praesto
3340 2205 3580 2263 fuerunt,

2011 2301 2065 2344 ct
2102 2293 2193 2361 qui
2230 2301 2494 2346 steterant
2528 2292 2581 2344 in
2625 2291 2762 2352 acie,
2792 2291 2934 2344 haud
2967 2305 3156 2359 parum
3194 2292 3247 2345 in
3276 2291 3581 2345 constantia

2013 2384 2292 2451 pugnandi
2349 2383 2654 2436 confirmati
2713 2390 2860 2438 sunt.
2895 2382 3258 2452 Oblatumque
3320 2391 3450 2436 tunc
3485 2397 3585 2435 no-

2013 2490 2137 2528 vum
2181 2473 2554 2542 spectaculum
2593 2481 2675 2526 est
2714 2473 2959 2541 equitum
2989 2473 3161 2526 Alc-xii
3203 2472 3582 2543 pugnantium,

2013 2565 2104 2632 qui
2141 2561 2502 2615 admiratione
2533 2561 2729 2615 audita:
2763 2561 2834 2614 rei
2864 2577 2958 2614 ora
2988 2571 3282 2626 vertentes,
3308 2561 3583 2631 capitibus

2013 2671 2278 2723 equorum
2301 2654 2488 2708 hostes
2510 2653 2901 2722 spectantibus,
2927 2653 3025 2721 ipsi
3047 2663 3191 2706 retro
3211 2652 3583 2709 intuebantur,

2016 2748 2068 2801 in
2104 2761 2278 2814 eoque
2308 2746 2492 2799 habitu
2529 2745 2734 2798 diutius
2764 2744 3039 2797 haerebant
3078 2742 3368 2810 stupefacti
3405 2759 3416 2794 :
3448 2741 3586 2796 adeo

2016 2836 2354 2905 inopinatum
2413 2834 2549 2904 ipsis
2617 2834 2913 2897 acciderat,
2952 2831 3204 2901 Scythas,
3251 2844 3391 2898 quos
3425 2830 3588 2896 paulo

2017 2937 2140 2980 ante
2167 2925 2517 2979 imminentes
2577 2923 2817 2977 humeris
2865 2922 3007 2991 passi
3048 2929 3225 2983 erant,
3261 2921 3444 2975 videre
3472 2906 3596 2989 iam.

2019 3021 2126 3074 lato
2157 3019 2334 3088 spatio
2365 3019 2594 3081 divisos,
2634 3017 2885 3087 patriam,
2918 3015 3271 3085 domumque,
3305 3013 3408 3066 alia
3441 3022 3590 3067 certe

335 3106 563 3175 τόμενον
625 3107 856 3160 αὐτόθεν
915 3103 1030 3177 εἶχε
1087 3107 1146 3160 τὸ
1197 3108 1427 3161 πιθανὸν
1497 3110 1909 3180 ἐνδεικνυμένου

2017 3114 2217 3175 omnia,
2251 3127 2411 3181 quam
2446 3127 2680 3180 pugnam
2715 3111 3038 3180 cogitantes,
3067 3110 3223 3179 longe
3257 3110 3323 3163 ab
3356 3117 3589 3177 utroque

336 3199 634 3268 τανταχόθι
689 3201 828 3268 μετὰ
884 3201 994 3252 τῶν
1050 3199 1347 3269 βασιλικῶν
1419 3203 1762 3272 παρασήμων
1815 3205 1907 3258 τοῦ

338 3291 528 3353 ἶτπου,
560 3291 656 3344 καί
686 3291 796 3343 τῶν
823 3291 1108 3362 ρομφαιῶν
1142 3294 1425 3363 μονονουχὶ
1474 3294 1912 3361 διαγγελλουσῶν

331 3381 402 3440 ὡς
426 3382 454 3432 ό
487 3380 888 3449 φυλαττόμενο;
929 3380 1152 3444 ταύτας·
1191 3382 1443 3450 Βρυένιος
1505 3384 1685 3453 χειρὸς
1748 3387 1911 3438 πολε-

336 3475 461 3538 μίας
484 3474 712 3541 γέγονεν
743 3474 924 3544 ἔργον.

2017 3205 2256 3259 exercitu
2290 3204 2434 3257 circa
2490 3202 2725 3271 praedam
2760 3202 3027 3256 cursitare
3049 3241 3062 3262 .
3105 3215 3266 3269 quam
3317 3198 3475 3253 modo
3507 3197 3594 3262 fe:

2019 3303 2232 3348 cerant.
2271 3292 2377 3347 Sed
2412 3301 2466 3347 et
2501 3293 2770 3356 movebat,
2793 3292 2934 3362 quod
2962 3293 3234 3361 praeconio
3271 3289 3592 3346 verberabat

2021 3399 2201 3445 aures,
2233 3399 2458 3448 caasum,
2497 3384 2879 3452 sublatumque
2908 3381 3223 3453 Bryenium,
3255 3381 3411 3450 cujus
3442 3380 3588 3432 vocis

2027 3477 2158 3532 fides
2189 3475 2373 3546 specie
2430 3476 2681 3546 prmsenti
2716 3475 3066 3529 sanciebatur
3089 3475 3212 3542 equi
3241 3470 3588 3526 circumduct

334 3582 452 3619 cum
487 3568 854 3636 imperatoriis
902 3568 1242 3638 insignibus,
1278 3569 1568 3639 romphteis
1605 3570 1741 3641 ipsis
1768 3580 1977 3627 tantum
2018 3587 2126 3627 non
2166 3573 2537 3627 clamantibus
2601 3571 2799 3636 illum,
2861 3571 2950 3626 cui
3021 3570 3212 3639 utique
3260 3565 3362 3621 soli
3428 3579 3583 3619 com-

337 3667 534 3724 paratae
561 3659 920 3714 custodiendo
950 3671 1130 3726 erant,
1164 3659 1217 3713 ia
1246 3675 1440 3716 manus
1465 3652 1649 3716 secum
1676 3662 1892 3716 venisse
1935 3662 2196 3725 hostium,
2224 3664 2296 3717 ab
2329 3663 2510 3732 iisque
2536 3661 2873 3716 confectum.

406 3746 538 3802 Εἶτα
562 3751 595 3818 ἡ
631 3749 768 3818 τύχη
799 3749 1052 3814 ξυνέϐαλε
1080 3752 1173 3804 καί
1225 3771 1278 3804 τι
1313 3756 1569 3806 τοιοῦτον.
1611 3753 1916 3824 Ἀπόμοιρά

344 3857 423 3902 τις
453 3845 518 3894 ἐκ
549 3841 650 3905 τῆς
703 3842 1020 3911 συμμαχίας
1053 3842 1158 3894 τῶν
1193 3843 1456 3913 Τούρκων
1506 3845 1914 3914 καταλαμϐάνει

336 3934 422 3985 τδν
455 3932 782 4000 δομέστικον
817 3932 922 3985 τῶν
954 3933 1158 4002 σχολῶν
1205 3935 1463 4000 Ἀλέξιον,
1500 3937 1596 3987 καὶ
1615 3935 1688 3997 ὡς
1719 3937 1915 3988 καθει-

341 4027 526 4093 στήκει
554 4023 622 4076 τὰ
644 4023 739 4075 τοῦ
771 4023 1008 4092 πολέμου
1038 4025 1301 4092 μαθόντες
1337 4027 1429 4078 καὶ
1470 4029 1595 4087 τοὺς
1624 4028 1916 4096 πολεμίους

339 4117 468 4167 ὅπου
503 4117 600 4168 καὶ
625 4113 735 4167 εἷεν
763 4113 1214 4184 ὲπιζητήσαντες,
1246 4118 1340 4169 ἐπὶ
1378 4117 1542 4185 λόφου
1581 4117 1722 4179 τινὸς
1754 4134 1913 4169 συνε-

341 4206 630 4274 ληλυθότες
678 4205 756 4273 τῷ
803 4206 1070 4276 Κομνηνῷ
1141 4205 1363 4277 Ἀλεξίῳ
1427 4210 1520 4260 καὶ
1577 4208 1693 4278 ἐμῷ
1730 4211 1918 4279 πατρὶ,

342 4298 550 4349 ἐκείνου
579 4295 893 4357 δεικνύντος
920 4300 982 4366 τῇ
1015 4300 1156 4368 χειρὶ
1200 4301 1298 4367 τὴν
1362 4300 1648 4366 στρατιὰν,
1691 4301 1923 4354 ἐθεῶντο

341 4388 561 4451 τούτους
589 4386 781 4458 ὥσπερ
812 4388 920 4439 ἀπό
947 4405 1092 4449 τινος
1143 4392 1396 4450 σκοπιᾶς.
1455 4387 1577 4458 Εἶχε
1604 4393 1659 4443 δὲ
1690 4393 1792 4445 ωδε
1847 4395 1915 4446 τὰ

2089 3754 2206 3808 Jam
2242 3757 2331 3810 hic
2359 3770 2524 3810 casus
2557 3770 2783 3824 quoque
2817 3754 3035 3820 quidam
3069 3752 3134 3805 ad
3181 3749 3592 3820 propagandam.

2014 3845 2438 3913 prosperitatem
2483 3853 2789 3910 coeptorum
2815 3841 3066 3894 tionnihil
3099 3841 3351 3894 contulit.
3379 3838 3590 3892 Cohors

2020 3935 2264 4001 qua'dam
2313 3934 2659 3987 auxiliarium
2693 3933 3000 3987 Turcorum
3031 3932 3170 3986 forte
3201 3930 3441 3985 occurrit
3472 3944 3588 3983 meo

2021 4026 2186 4095 patri,
2227 4038 2340 4080 tttm
2375 4026 2731 4080 commodum
2763 4041 2889 4078 cum
2925 4027 3040 4094 ipse
3078 4023 3356 4077 fortunam
3395 4038 3590 4091 pugna:

2024 4119 2393 4173 restituerat:
2439 4119 2587 4188 quod
2638 4119 2818 4188 ipsum
2873 4133 2998 4171 cum
3028 4112 3354 4172 didicisSent
3388 4114 3456 4167 ab
3499 4128 3584 4176 eo,

2027 4210 2325 4279 hostesque
2383 4211 2473 4264 ubi
2515 4220 2727 4276 essent,
2781 4209 3146 4275 requirerent,
3207 4205 3312 4277 υ,
3352 4205 3465 4273 ipse
3521 4204 3588 4257 iis

2024 4316 2212 4356 secum
2276 4301 2326 4354 in
2391 4300 2686 4370 quemdam
2747 4300 3018 4352 tumulttm
3096 4295 3586 4359 convenientibus,

2026 4409 2187 4446 manu
2224 4393 2478 4447 hostilem
2511 4391 2817 4445 exercitum
2878 4391 3028 4444 velut
3075 4403 3104 4441 e
3153 4386 3373 4456 specula
3427 4390 3624 4438 tuon-'

344 4480 462 4531 κατ’
507 4478 728 4540 αὐτούς.
760 4479 1165 4548 Συγκεχυμένοι
1200 4498 1256 4532 τε
1302 4481 1412 4548 γὰρ
1431 4477 1568 4549 ἦσαν
1600 4484 1763 4552 μήπω
1794 4503 1909 4537 συν·

2022 4486 2254 4539 strabat.
2287 4484 2594 4553 Apparebat
2629 4497 2791 4551 porro
2815 4481 2931 4550 ipsa
2962 4495 3025 4534 ex
3053 4478 3359 4548 spccicuon
3385 4477 3592 4544 optimo

343 4573 602 4636 τάξαντες
657 4572 906 4632 ἑαυτοὺς.
955 4574 1046 4624 καὶ
1080 4572 1152 4635 ὠς
1187 4575 1285 4640 τὴν
1319 4573 1475 4642 νίκην
1503 4574 1600 4643 ήδη
1651 4575 1919 4644 ἀράμενοι

344 4660 832 4730 καταφρονητικῶς
866 4654 1035 4729 εἶχον,
1065 4662 1160 4713 καὶ
1203 4663 1310 4726 ἐξω
1369 4663 1630 4716 κινδύνων
1685 4665 1914 4719 ἑαυτοὺς

345 4750 530 4817 ᾤοντο.
565 4749 817 4803 Μάλιστα
860 4750 917 4803 δὲ
966 4752 1459 4805 ἀναπεπτώκεισαν
1513 4753 1624 4805 τῶν
1680 4753 1759 4823 τῷ
1803 4755 1919 4824 ὲμῷ

350 4841 513 4912 πιτρὶ
559 4841 942 4911 ξυνεπομένων
967 4844 1232 4912 Φράγγων
1277 4847 1815 4915 προσκεχωρηκότων
1843 4844 1921 4912 τῷ

355 4935 590 5002 ιξρυενὶῳ
617 4933 706 4984 διὰ
762 4932 858 5003 τὴν
886 4935 1368 5004 προγεγενημένην
1400 4937 1628 5006 τροπήν,
1670 4937 1778 4987 Καὶ
1813 4937 1922 5004 γὰρ

2022 4592 2108 4631 res
2141 4577 2264 4630 loco
2295 4575 2439 4646 apud
2476 4575 2664 4628 hostes
2697 4589 2839 4627 esse.
2881 4571 3108 4625 Confusi
3169 4577 3324 4624 erant
3359 4575 3592 4621 temere-

2019 4677 2122 4729 que
2179 4663 2466 4732 permisti,
2529 4662 2774 4715 nondum
2833 4659 3106 4714 restitutis
3155 4657 3482 4718 ordinibus,
3535 4655 3589 4707 in

2019 4766 2233 4806 summa
2294 4753 2623 4814 securitate,
2681 4751 2845 4820 quasi
2900 4750 3137 4804 victores
3191 4764 3219 4802 e
3269 4747 3447 4816 primo
3502 4745 3592 4800 illo

2024 4856 2283 4914 successu
2319 4857 2576 4912 magnum
2606 4843 2848 4895 hostium
2876 4850 3272 4910 contemptum,
3305 4839 3501 4906 suique
3533 4838 3593 4890 li-

2023 4933 2240 4987 duciam
2292 4935 2466 4999 nacti,
2517 4935 2683 4989 veluti
2725 4935 2836 5000 jam
2891 4934 3052 5002 plane
3108 4933 3160 4986 in
3220 4941 3335 4983 luto
3384 4938 3588 4984 essent.

1412 5063 1552 5123 Car.
1593 5063 1916 5122 Dulresnii
1960 5063 2050 5122 Du
2085 5061 2306 5139 Cangii
2342 5071 2532 5124 nota}.

354 5182 765 5252 ἰιαραπέτασμα
817 5191 974 5235 vocat
1011 5201 1025 5236 :
1052 5183 1317 5251 Βακχῖνος
1365 5184 1460 5250 μὲν
1479 5183 1556 5252 τῷ
1580 5182 1789 5250 βασιλεῖ
1815 5182 1915 5250 τῆς

355 5252 604 5322 σιαγόνος,
626 5251 690 5322 το
721 5251 877 5322 ξίφος
916 5253 1265 5318 κατενεγκὼν
1294 5251 1551 5320 ἔπληξεν,
1582 5253 1644 5304 ού
1680 5252 1787 5322 μὴν
1819 5257 1916 5304 καὶ

353 5320 620 5391 διελᾷνγτὺ
661 5321 725 5372 ὲκ
755 5319 851 5372 τοῦ
873 5321 1124 5391 κράνους
1160 5323 1254 5374 ἐπὶ
1301 5327 1398 5386 τὰς
1426 5319 1577 5391 ὄψεις
1606 5319 1920 5391 ἠρτημένον

354 5390 601 5460 ἠδυνήθη
657 5390 1094 5460 παραπέτασμα.
1147 5391 1348 5445 Verum
1403 5390 1508 5444 non
1571 5392 1772 5444 desunt
1824 5390 1918 5460 qui

357 5467 544 5526 putant
582 5458 914 5530 θωρακιδίου
976 5458 1240 5514 vocabulo
1305 5462 1530 5530 intelligi
1581 5458 1920 5521 lemniscum.

357 5544 450 5582 seu
512 5528 694 5581 velum
761 5531 904 5596 quod
964 5531 1166 5584 cassitli
1228 5528 1566 5595 imminebat,
1616 5530 1922 5596 cujusmodi

357 5597 554 5668 passim
578 5596 835 5668 exhibent
863 5597 1037 5668 sigilla
1071 5611 1311 5654 veterum
1339 5602 1593 5654 militutu.
1617 5600 1924 5665 Φλάμουλιιν

358 5665 412 5716 et
450 5665 878 5736 φλαμουλίσκιον
909 5665 1110 5722 dicitur
1163 5669 1438 5732 Mauritio,
1467 5671 1560 5723 lib.
1599 5686 1636 5726 ι.
1673 5669 1909 5736 S:raleg.

362 5732 478 5804 up.
506 5732 575 5802 '2,
591 5743 642 5790 et
674 5732 837 5789 Leoni
866 5737 918 5791 in
954 5736 1100 5794 Τίιει.
1128 5755 1244 5810 cap.
1276 5740 1376 5811 ἥδ
1408 5741 1457 5796 5.
1489 5741 1748 5792 Κεσεὲδια
1772 5732 1912 5809 ελον-

2014 5200 2080 5254 τα
2105 5183 2300 5250 τούςρια
2348 5185 2541 5254 μικρὰ,
2589 5185 2680 5238 καὶ
2716 5183 3006 5253 φλάμουλα
3041 5184 3182 5237 κατὰ
3232 5184 3340 5234 τῶν
3386 5181 3587 5254 μήλων.

2025 5251 2188 5324 Υειυε
2221 5250 2376 5324 βοειρ
2415 5250 2742 5309 vernaculus
2809 5250 2861 5307 iit
2913 5269 3092 5324 poem.
3138 5254 3225 5308 cui
3286 5253 3498 5314 titulus,
3525 5250 3592 5303 Le

2020 5322 2220 5376 Roman
2242 5324 2306 5374 de
2336 5321 2594 5378 Guiteclin
2631 5338 2650 5375 :

2095 5392 2154 5444 Li
2178 5393 2442 5460 gonfunon
2475 5397 2538 5446 de
2565 5395 2672 5447 soie
2695 5410 2783 5446 sor
2807 5393 3018 5446 Itiaume
3060 5391 3098 5444 li
3126 5391 3346 5445 cautela.

2023 5464 2126 5517 Sed
2159 5465 2336 5531 potior
2367 5465 2583 5517 videtur
2615 5465 2828 5517 Possint
2860 5465 3150 5517 sententia.

2095 5529 2207 5601 (32)
2253 5533 2349 5597 Ὠς
2410 5537 2442 5586 ὀ
2525 5535 2810 5601 Βρυὲνιος
2892 5531 3237 5585 ἐπεπτώκει.
3315 5529 3589 5596 Ejusmodi

2025 5603 2391 5673 στρατήγημα
2433 5609 2675 5670 tempore
2711 5601 3289 5673 praliiusurpandum
3353 5601 3604 5669 prmcipit.

2027 5669 2133 5730 Leu
2159 5669 2375 5744 Adgfitt
2421 5669 2570 5726 Tuct.
2603 5669 2723 5740 cap.
2770 5673 2850 5733 Li,
2947 5669 3032 5723 Ill.
