4006 6248
335 333 439 397 tu

1597 334 2019 397 ALEXlADiS
2064 333 2209 394 LiB.
2263 332 2309 392 ί.

3488 328 3587 392 118

329 461 466 499 των.
513 444 783 499 Ἐνταῦθα
811 445 869 499 δὲ
912 446 987 518 μὴ
1030 446 1355 515 ἀντιστῆναι
1391 447 1693 517 δυνάμενον
1719 447 1779 499 τὸ
1824 444 1919 500 τοῦ

2028 445 2255 507 mulata,
2288 443 2549 513 paulatim
2590 443 2871 498 trahentes
2903 444 3136 508 hostem,
3181 441 3359 511 quoad
3405 442 3463 495 in
3497 441 3588 494 in-

332 536 600 606 Bpusviou
651 538 989 609 στράτευμα,
1049 538 1149 608 ἤδη
1203 540 1311 610 γάρ
1361 541 1468 600 πᾶς
1512 540 1913 609 κατετέτρωτο,

331 631 432 681 καὶ
461 628 629 691 ἵππος
683 631 776 683 καὶ
825 630 1111 700 ἅνθρωπος
1161 632 1321 702 (πρὸς
1372 634 1579 703 τροπὴν
1631 631 1913 702 ἀπέκλινε)

328 722 435 791 τὴν
464 722 717 790 σημαίαν
762 722 857 775 καὶ
905 723 998 775 τὸν
1049 724 1220 776 νῶτον
1267 726 1452 778 παίειν
1503 726 1745 795 παρέσχε
1804 729 1917 787 τοῖς

332 815 629 877 ἐναντίοις.
680 814 824 867 Ἀλλ’
859 816 887 867 ὃ
916 832 979 882 γε
1010 817 1265 886 Βρυένιος
1297 819 1483 872 καίτοι
1528 819 1701 872 πολλὰ
1751 819 1919 890 βαρυ-

335 907 567 976 νόμενος
616 906 722 959 ὑπὸ
764 906 860 961 τοῦ
907 908 1146 977 πολέμου
1195 912 1288 963 καὶ
1310 912 1407 964 σὺν
1447 911 1537 982 βίᾳ
1572 911 1912 978 ὠθούμενος,

341 1000 551 1052 ἐδείκνυ
584 999 647 1051 τὸ
673 1000 922 1069 ἀνδρεῖον
945 1000 1039 1052 καὶ
1069 1000 1315 1071 ἔμψυχον
1376 1004 1491 1055 ἀεὶε
1528 1003 1628 1073 μὲν
1665 1005 1920 1071 ἐπιστρο-

342 1090 515 1156 φάδην
546 1090 765 1145 τύπτων
812 1091 904 1145 τὸν
955 1092 1200 1155 ἐπιόντα.
1253 1094 1419 1148 ἀεὶδὲ
1477 1093 1546 1148 τὰ
1587 1095 1684 1162 τῆς
1739 1094 1918 1163 φυγῆς

338 1184 522 1246 καλῶς
569 1185 666 1237 καὶ
703 1183 967 1254 ἀνδρείως
1005 1184 1540 1256 διοικονομούμενος.
1608 1186 1918 1254 Συνήραντο

332 1277 394 1328 δὲ
429 1276 734 1347 τούτῳζκαὶ
762 1280 788 1331 6
818 1278 1049 1342 ἀδελφὸς
1084 1277 1142 1343 ἐξ
1170 1279 1440 1342 ἑκατέρου
1497 1280 1701 1349 μέρους
1748 1280 1842 1332 καὶ
1892 1283 1921 1329 6

331 1368 480 1430 υίὸς,
513 1368 613 1422 καὶ
645 1372 768 1423 κατ’
797 1371 977 1423 ἐκεῖνο
1010 1371 1206 1441 καιροῦ
1250 1370 1437 1441 θαῦμα
1486 1375 1603 1435 τοῖς
1642 1373 1921 1442 πολεμίοις

328 1458 660 1528 ἐδείχθησαν
688 1462 947 1530 ἡρωῐκῶς
1007 1462 1538 1530 ἀνταγωνισάμενοι.
1571 1464 1711 1532 Ἤδη
1735 1464 1792 1517 δὲ
1823 1464 1920 1518 τοῦ

328 1551 510 1602 ἵππου
559 1552 856 1620 καμόντος,
888 1555 983 1607 καὶ
1034 1553 1109 1623 μὴ
1148 1553 1451 1624 δυναμένου
1491 1554 1716 1624 φεύγειν
1756 1554 1789 1625 ἢ
1827 1557 1922 1609 καὶ

326 1640 562 1695 διώκειν
596 1655 614 1676 ⁶
648 1644 818 1711 ἐγγὺς
867 1645 976 1715 γὰρ
1022 1640 1092 1716 ἦν
1134 1644 1230 1699 τοῦ
1290 1646 1781 1700 ἀποπεπνευκέναι
1832 1647 1921 1700 διὰ

326 1728 478 1823 ἰοὺς-
516 1729 862 1823 ἐπαλλήλους
908 1733 1147 1803 δρόμους
1174 1750 1189 1765 ’
1239 1736 1615 1807 ἀνασειράσας
1656 1737 1849 1791 τοῦτον
1888 1737 1918 1789 6
1955 1770 1995 1823 Β

330 1818 620 1888 Βρυένιος,
639 1822 888 1896 καθάπερ
904 1842 987 1887 τις
1006 1825 1242 1897 ἀθλητὴς
1258 1833 1502 1897 γενναῖος
1526 1831 1765 1901 εἱστήκει
1785 1832 1924 1903 πρὸς

327 1908 434 1971 τὰς
487 1909 662 1973 λαϐὰς
715 1912 848 1981 (35),
903 1916 1041 1985 πρὸς
1097 1917 1289 1972 ἑαυτὸν
1350 1919 1447 1973 δύο
1500 1921 1607 1975 τῶν
1661 1922 1923 1991 Τούρκων

331 1998 628 2063 γενναίους
659 1999 1042 2070 ἐξεκαλέσατο,
1060 1997 1136 2059 ὦν
1155 2008 1183 2062 6
1214 2008 1317 2076 μὲν
1335 2004 1416 2072 είς
1440 2011 1593 2065 παίει
1612 2013 1689 2082 τῷ
1711 2014 1920 2080 δόρατι,

331 2088 462 2141 ἀλλ’
493 2091 595 2145 οὐκ
615 2092 752 2162 ἔφθη
781 2094 964 2148 δοῦναι
998 2095 1224 2168 βαρεῖαν
1254 2099 1495 2173 πληγὴν,
1529 2103 1622 2156 καὶ
1653 2103 1922 2175 λαμϐάνει

330 2181 449 2233 ἀπὸ
503 2182 604 2250 τῆς
661 2184 843 2252 δεξιᾶς
893 2188 1117 2259 τάνδρὸς
1165 2191 1515 2264 βαρυτέραν·
1566 2196 1761 2266 φθάνει
1813 2201 1923 2268 γὰρ

333 2273 628 2341 ἀποκόψας
658 2276 851 2329 τούτου
886 2278 983 2349 τὴν
1020 2283 1182 2351 χεῖρα
1239 2284 1267 2334 6
1317 2284 1572 2352 Βρυένιος
1619 2287 1698 2359 τῷ
1750 2291 1919 2357 ξίφει,

330 2365 371 2454 ᾗ
437 2366 716 2454 μετὰ-τοῦ
798 2369 1027 2439 δόρατος
1075 2374 1209 2441 πρὸς
1262 2375 1529 2441 τοῦδαφος
1575 2379 1918 2454 ἐξεκυλίσθη.

339 2449 544 2519 ἅτερος
593 2452 651 2505 δὲ
693 2455 900 2510 τούτων
940 2458 1036 2511 τοῦ
1090 2461 1220 2514 ἰδίου
1274 2464 1444 2518 ἵππου
1490 2449 1915 2543 καταπηδήσας,

335 2543 603 2636 καθάπερ
643 2564 730 2612 τις
784 2550 1053 2620 πάρδαλις
1103 2554 1306 2625 ἤλλατο
1360 2560 1451 2613 ἐπὶ
1476 2562 1572 2615 τοῦ
1635 2565 1921 2636 Βρυενίου,

335 2635 659 2729 ἔναρμόσας
686 2640 879 2694 ἑαυτὸν
917 2645 1009 2697 ἐπὶ
1035 2645 1129 2713 τῆς
1157 2647 1331 2717 όσφύο
1387 2665 1402 2679 ⁸
1441 2653 1535 2706 καὶ
1564 2654 1592 2707 6
1614 2635 1714 2725 μὲν
1744 2657 1923 2729 είχετο

332 2726 539 2781 πύξου
563 2730 752 2801 ἀπρὶξ,
790 2733 885 2787 καὶ
920 2737 1221 2793 ἐπιϐαίνειν
1267 2744 1524 2813 ἐπειρᾶτο
1556 2747 1653 2800 τοῦ
1700 2726 1872 2804 νώτου
1904 2768 1918 2782 ’

332 2820 369 2872 6
398 2821 487 2887 δέ,
513 2823 764 2897 καθάπερ
795 2827 987 2898 θηρίον
1011 2832 1348 2904 ἐπιστρέψας
1383 2838 1597 2906 ἑαυτὸν,
1643 2842 1921 2897 ὲκκεντεῖν

333 2913 430 3007 διά
447 2914 542 3007 τοῦ
569 2917 754 2985 ξίφους
773 2921 1043 2987 ἐϐούλετο,
1078 2927 1138 2979 ού
1165 2931 1264 2984 μέν
1295 2946 1375 2982 τοι
1401 2933 1541 2987 κατὰ
1569 2934 1694 2989 νοῦν
1721 2936 1921 3007 ἐχώρει

335 3006 499 3076 αύτῷ
524 3008 591 3062 τά
623 3012 945 3082 πράγματα,
973 3017 1059 3069 ἀεί
1078 3036 1159 3072 τοι
1182 3020 1275 3073 τοῦ
1306 3022 1449 3076 κατά
1477 3026 1644 3078 νῶτον
1675 3006 1920 3098 Τούρκου

2022 536 2287 593 sidiarum
2325 538 2502 590 locum
2537 537 2918 607 perducerent.
2952 534 3053 590 Ubi
3086 538 3230 602 jvero
3267 535 3333 589 ad
3386 534 3587 596 luctum,

2021 628 2074 683 in
2108 643 2216 698 quo
2258 628 2493 698 primum
2544 643 2734 700 agmen
2781 628 3124 692 subsederat,
3173 635 3395 683 ventum
3450 633 3535 681 est
3572 666 3587 688 ,

2020 737 2146 777 ecce
2176 719 2396 792 fugaces
2440 730 2662 791 repente
2692 738 2849 776 versa
2914 722 3053 777 facie
3108 721 3438 792 sequacibus
3489 719 3591 772 ob-

2022 814 2249 879 sistunt,
2283 826 2336 869 et
2365 815 2738 879 insidiatores,
2777 816 2938 885 signo
2989 814 3224 885 quodam
3266 815 3416 878 dato,
3467 828 3592 869 cra-

2020 906 2253 962 bronum
2286 908 2413 971 ritu,
2447 908 2587 962 alius
2618 908 2841 961 aliunde
2870 909 3061 962 hostes
3097 908 3402 976 inequitant
3443 910 3594 961 voci-

2024 998 2291 1055 feratione
2323 1001 2611 1065 immensa,
2645 1011 2699 1056 et
2742 999 3078 1068 iaculatione
3115 1009 3392 1071 perpetua,
3434 1010 3492 1055 ut
3542 1009 3596 1053 et

2023 1091 2459 1161 Bryenianornm
2493 1109 2657 1148 aures
2686 1094 2912 1148 assiduo
2943 1094 3183 1148 clamore
3219 1093 3595 1147 oblunderen-

2027 1192 2137 1243 tur,
2195 1188 2247 1234 et
2302 1180 2617 1250 jaculornm
2654 1182 2858 1237 nimbis
2900 1198 3129 1252 corpora
3181 1182 3594 1236 umbrarentur.

2025 1269 2122 1325 Hie
2157 1272 2458 1326 necessitas
2499 1274 2569 1326 iis
2613 1272 2865 1327 incubuit
2915 1273 3295 1328 retrocedendi
3327 1289 3451 1327 cum
3480 1273 3593 1343 jam

2025 1364 2290 1417 resistere
2339 1365 2632 1433 nequirent
2672 1366 2929 1434 amplius,
2972 1367 3130 1435 equis
3163 1366 3317 1437 juxta
3355 1365 3597 1433 virisque

2025 1470 2223 1524 magno
2266 1457 2408 1511 maio
2436 1457 2644 1512 coactis
2672 1459 2875 1513 tutiora
2898 1460 3195 1528 respicere.
3231 1458 3398 1528 Signo
3433 1458 3596 1528 igitur

2025 1552 2079 1602 in
2113 1547 2293 1615 fugam
2319 1559 2597 1617 praeeunte
2624 1549 2867 1619 universi
2902 1558 3052 1622 terga
3081 1552 3213 1606 dant
3238 1551 3593 1606 adversariis.

2024 1637 2095 1691 At
2124 1636 2415 1708 Bryenius.
2465 1653 2779 1707 quanquam
2826 1640 3182 1695 vehementer
3221 1628 3447 1695 adversa
3500 1656 3601 1709 pit--

2027 1742 2132 1795 gna
2186 1725 2479 1796 fatigatus.
2535 1742 2860 1796 summaque
2909 1728 2962 1782 vi
3016 1729 3333 1799 compulsus
3383 1729 3594 1791 cedere,

2027 1834 2188 1888 quam
2227 1829 2514 1886 praesente.
2548 1826 2604 1872 et
2644 1835 2921 1887 generoso
2949 1829 3096 1875 esset
3141 1822 3348 1888 animo,
3407 1838 3598 1876 mons-

2028 1910 2213 1971 travit,
2254 1908 2494 1961 subinde
2535 1917 2879 1976 respectans,
2915 1910 3132 1978 sibique
3169 1910 3467 1964 instantem
3516 1909 3595 1962 fe-

2026 1999 2195 2063 riens,
2244 2014 2573 2068 semperque
2606 2000 2978 2054 necessarium
3030 2016 3308 2056 recessum
3343 2001 3597 2064 honeste,

2026 2107 2089 2148 ac
2124 2106 2392 2162 generose
2420 2108 2487 2145 ex
2516 2092 2839 2160 prresrripto
2863 2092 2997 2146 antis
3027 2092 3236 2148 bellicae
3264 2093 3594 2163 gubernans.

2028 2183 2087 2238 In
2126 2199 2236 2254 quo
2274 2181 2562 2252 adjutores
2601 2192 2861 2240 strenuos
2890 2184 3169 2253 utrimque
3219 2186 3433 2250 habuit,
3490 2185 3592 2239 fra.

2028 2285 2187 2342 trem,
2232 2287 2285 2332 et
2314 2276 2507 2343 filium,
2554 2291 2790 2346 quorum
2829 2277 3075 2332 omnium
3122 2277 3339 2332 heroica
3378 2293 3602 2348 prorsus

2028 2368 2123 2421 illo
2162 2367 2250 2423 die
2277 2367 2526 2423 facinora
2556 2370 2723 2424 etiam
2766 2370 3026 2424 hostibus
3054 2370 3321 2425 miraculo
3351 2370 3594 2424 fuerunt.

2026 2459 2129 2516 Sed
2156 2477 2282 2516 cum
2310 2476 2489 2533 equus
2513 2462 2627 2533 jam
2677 2462 2940 2518 deficeret
2980 2462 3227 2535 Bryeuii.
3276 2471 3331 2519 et
3377 2472 3600 2533 propter

2026 2554 2399 2624 reciprocatos
2430 2557 2757 2627 longissimo
2785 2566 3026 2626 tempore
3057 2572 3274 2612 onmem
3303 2556 3360 2609 in
3392 2565 3597 2623 partem

2026 2660 2243 2709 cursus,
2274 2645 2534 2715 fugiendo
2563 2647 2742 2718 juxta,
2785 2647 3174 2718 sequendoque
3202 2648 3377 2719 impar
3407 2664 3599 2717 parum

2028 2739 2097 2794 ab
2121 2740 2460 2809 exspirando
2478 2741 2672 2797 abesse
2696 2741 3003 2803 videretur,
3031 2742 3296 2799 desiliens
3332 2758 3601 2812 generose

2026 2830 2318 2903 Bryenius,
2360 2840 2645 2903 stansque.
2676 2836 2948 2904 correptis
2982 2836 3236 2901 habenis,
3288 2838 3423 2891 duos
3454 2836 3601 2890 inse-

2025 2924 2312 2994 quentium
2350 2923 2661 2981 Turcorum
2694 2926 2995 2984 ferociores
3043 2928 3188 2983 ultro
3237 2928 3598 2997 provocavit:

2027 3031 2262 3085 quorum
2292 3018 2446 3072 illum
2485 3034 2632 3075 unus
2684 3036 2810 3075 cum
2868 3021 3023 3076 hasta
3069 3020 3363 3089 pulsasset,
3412 3019 3598 3088 prius-

304 3104 317 3109 “
335 3100 700 3171 λογιζομένου
739 3107 836 3159 καὶ
869 3110 967 3171 τὰς
991 3111 1225 3179 τρώσεις
1252 3115 1639 3183 ὲκφεύγοντος.
1686 3120 1837 3174 Ἐπεὶ
1864 3124 1920 3177 δὲ

2028 3130 2192 3185 quam
2221 3114 2490 3184 perferret
2523 3116 2692 3170 ictum
2723 3116 2969 3185 gravius,
3003 3114 3073 3168 ab
3114 3112 3208 3166 illo
3240 3116 3599 3181 repercussus

335 3192 443 3248 καὶ
490 3195 525 3262 ή
585 3195 738 3261 δεξιά
787 3198 937 3269 αύτῷ
986 3202 1283 3272 ἀπειρήκει
1346 3209 1763 3277 κενεμϐατοῦσα
1827 3217 1923 3268 καλ⁵

336 3286 584 3341 ἀπεῖπεν
606 3289 637 3340 6
666 3288 928 3361 ἀθλητὴς,
958 3295 1193 3349 ἐνταῦθα
1224 3298 1363 3368 πρὸς
1393 3301 1610 3354 ἃπασαν
1643 3306 1801 3375 χεῖρα
1829 3324 1925 3359 που

336 3378 552 3448 λεμίων
578 3380 869 3437 ὲνδέδωκεν
896 3386 1109 3442 ἑαυτόν.
1141 3389 1216 3442 Οἳ
1245 3391 1341 3444 καὶ
1366 3392 1760 3465 συλλαϐόμενοι
1795 3398 1922 3451 τοῦ·

334 3486 435 3521 τον
498 3471 593 3522 καὶ
631 3470 826 3542 ὥσπερ
881 3475 1025 3543 μέγα
1057 3477 1222 3542 κῦδος
1272 3481 1541 3553 ἀράμενοι
1604 3484 1924 3555 κομίζουσιν

348 3562 584 3634 Ἀλεξίῳ
614 3565 691 3629 τῷ
732 3568 1025 3640 Κομνηνῷ,
1068 3570 1129 3623 οὐ
1152 3573 1297 3627 πάνυ
1347 3576 1533 3642 μέντοι
1581 3581 1920 3652 πορρωτέρω

337 3654 719 3724 καθεστηκότι
753 3659 852 3727 τῆς
885 3658 982 3712 τοῦ
1009 3661 1272 3730 Βρυενίου
1302 3664 1579 3732 ἁλώσεως,
1604 3671 1922 3727 ὲκτάττοντι

335 3747 398 3797 δὲ
434 3748 537 3811 τάς
564 3765 623 3801 τε
654 3749 765 3804 τῶν
792 3751 1095 3823 Βαρϐάρων
1120 3756 1215 3809 καὶ
1241 3755 1342 3821 τὰς
1380 3760 1579 3816 ἑαυτοῦ
1611 3765 1919 3834 φάλαγγας.

336 3838 459 3892 Καὶ
492 3840 762 3910 πρότερον
792 3843 894 3907 μὲν
920 3846 1007 3899 διά
1032 3862 1197 3901 τινων
1257 3852 1517 3921 κηρύκων
1565 3855 1665 3924 τὴν
1723 3857 1924 3910 ἅλωσιν

335 3929 439 3983 τοῦ
476 3931 671 4001 ἀνδρὸς
703 3933 1060 4005 διεπέμψατο.
1116 3940 1351 3993 Ἔπειτα
1398 3942 1457 3995 δὲ
1500 3945 1595 3996 καὶ
1626 3946 1790 3999 αὐτὸν
1820 3965 1924 4000 πα-

339 4022 582 4095 ριστῶσι
640 4024 721 4095 τῷ
776 4029 1090 4099 στρατηγῷ,
1146 4030 1326 4101 θέαμα
1368 4033 1534 4097 6.7m;
1559 4035 1787 4108 φοϐερὸν
1831 4040 1925 4092 καὶ

338 4114 696 4183 πολεμοῦντα
755 4119 851 4170 καὶ
893 4119 1277 4190 ἁλισκόμενον.
1331 4122 1487 4177 Οὕτω
1549 4126 1648 4195 μὲν
1691 4128 1784 4181 οὖν
1834 4130 1924 4184 τὸν

339 4207 611 4276 Βρυένιον
635 4211 718 4270 εἰς
755 4213 951 4281 χεῖρας
982 4213 1123 4283 ἔχων
1150 4218 1178 4270 6
1212 4218 1497 4287 Κομνηνὸς
1556 4220 1793 4286 Ἀλέξιος
1840 4223 1929 4276 δο-

336 4296 719 4369 ρύκτητοντῷ
769 4299 985 4368 βασιλεῖ
1023 4305 1304 4375 ἐκπέμπει
1356 4308 1712 4383 Βοτανειάτῃ,
1761 4315 1925 4383 μηδὲν

2028 3214 2134 3272 est,
2173 3216 2477 3275 oceupanle
2518 3221 2628 3260 uno
2682 3207 2791 3260 ictu
2830 3204 3156 3259 abscindere
3190 3217 3409 3256 manum
3457 3201 3600 3268 ejus,

2026 3314 2151 3367 quae
2183 3299 2347 3354 telum
2380 3299 2690 3366 complexa,
2720 3297 2837 3352 solo
2863 3295 3109 3351 subsedit
3133 3295 3185 3349 in
3220 3294 3348 3348 imo.
3377 3292 3600 3347 interim

2030 3389 2339 3446 Turcorum
2370 3391 2510 3444 alter
2546 3391 2787 3461 agillimo
2825 3388 2969 3444 saltu
3001 3403 3067 3443 ex
3106 3401 3249 3456 equo
3285 3383 3508 3456 proprio
3548 3383 3600 3436 in

2027 3497 2228 3552 equum
2279 3481 2499 3554 Bryenii
2537 3481 2822 3546 transiliit,
2858 3479 3224 3551 ephippioque
3262 3478 3438 3547 ipsius
3477 3483 3601 3544 apte

2028 3576 2254 3632 insedit.
2286 3575 2408 3646 Ipse
2440 3575 2806 3629 nihilominus
2831 3573 3079 3628 habenas
3126 3571 3325 3630 tenuit.
3361 3576 3600 3637 tergum-

2028 3683 2137 3737 que
2174 3667 2502 3723 inseendere
2525 3681 2738 3721 summa
2768 3680 2868 3735 0pc
2899 3650 3157 3718 adnit‘ens
3205 3661 3411 3713 frustra
3462 3668 3598 3721 erat,

2029 3758 2287 3815 flectente
2321 3775 2381 3815 se
2412 3759 2607 3829 anguis
2631 3758 2828 3817 instar,
2863 3770 2926 3809 ac
2947 3753 3297 3821 resnpinante
3320 3748 3558 3803 Barbaro
3584 3765 3598 3802 :

2028 3868 2193 3920 quem
2229 3866 2351 3913 nec,
2388 3857 2600 3903 mutato
2630 3845 2886 3907 consilio,
2935 3859 3068 3898 ense
3101 3839 3398 3896 confodere
3437 3854 3598 3894 cona-

2031 3951 2141 4007 tus,
2196 3943 2369 3995 libare
2427 3954 2667 4009 unquam
2725 3936 2921 4006 potuit,
2952 3935 3173 3990 assidue
3219 3932 3601 3986 vitabundum.

2032 4030 2276 4101 Denique
2299 4029 2498 4086 lassata
2520 4027 2796 4100 jactandis
2825 4027 2879 4081 in
2909 4041 3104 4080 vanum
3135 4024 3333 4079 ictibus
3353 4023 3599 4085 dextera,

2032 4121 2182 4175 hunc
2215 4134 2378 4190 posse
2407 4118 2613 4175 caedere
2645 4119 2971 4187 desperans,
3008 4114 3246 4169 mediam
3282 4129 3339 4169 se
3374 4113 3427 4167 in
3476 4112 3605 4166 hos-

2034 4214 2170 4268 tium
2200 4211 2681 4267 circumstantium
2716 4209 2927 4263 turbam
2961 4207 3171 4274 injecit,
3214 4206 3305 4276 qui
3351 4217 3605 4271 compre-

2036 4305 2268 4357 hensum
2296 4302 2494 4365 virum,
2522 4315 2635 4354 rem
2669 4313 2726 4353 se
2752 4296 2947 4351 afferre
2976 4310 3225 4365 magnam
3260 4293 3451 4347 merito
3476 4291 3601 4354 rati,

339 4387 545 4492 μέντρι
564 4389 952 4462 λυμηνάμενος
1004 4397 1073 4449 τὰ
1123 4396 1351 4465 ὄμματα
1394 4402 1532 4465 ὅλως
1576 4405 1604 4456 6
1646 4407 1806 4473 ἀνήρ.
1845 4408 1919 4460 Οὐ

2035 4395 2101 4449 ad
2140 4392 2394 4448 Alexium
2446 4393 2746 4454 duxerunt,
2773 4404 2882 4443 non
2928 4388 3087 4459 longe
3116 4388 3240 4441 hinc
3275 4390 3599 4454 oceupatmn

336 4478 547 4552 γὰρῆν
574 4483 815 4548 τοιοῦτος
845 4488 874 4538 6
905 4489 1210 4558 Κομνηνὸς,
1253 4491 1394 4545 ὥστε
1430 4495 1566 4561 μετὰ
1593 4496 1691 4564 τὴν
1720 4495 1923 4552 ἅλωσιν

339 4571 744 4641 ὲπεξὲρχεσθαι
789 4577 902 4638 τοῖς
943 4578 1031 4629 ἐπ’
1066 4578 1227 4631 αὑτὸν
1270 4585 1630 4646 καταστᾶσιν,
1682 4583 1798 4638 ἀλλ’
1844 4588 1926 4649 είς

340 4665 627 4732 τιμωρίαν
652 4667 904 4737 αύτάρκη
929 4669 1151 4739 ἐνόμιζε
1175 4673 1279 4742 τὴν
1299 4673 1395 4726 τοῦ
1417 4673 1678 4744 πολεμίου
1701 4676 1926 4732 ἅλωσιν.

344 4756 431 4807 Ti
459 4757 504 4809 δ’
531 4756 788 4810 ἐντεῦθεν
816 4758 1223 4829 φιλανθρωπίαι
1259 4780 1320 4815 τε
1355 4766 1450 4817 καὶ
1509 4766 1926 4836 φιλοφροσύναι,

348 4849 445 4901 καὶ
473 4848 757 4918 φιλοτιμία
790 4850 987 4921 πολλὴ,
1015 4853 1152 4924 ὅπερ
1197 4853 1301 4907 κάν
1322 4856 1401 4926 τῷ
1447 4857 1688 4928 Βρυενίῳ
1726 4857 1928 4910 ἐνεδεί-

351 4943 502 5007 ξατο.
534 4943 645 4997 Καὶ
676 4945 788 5013 γὰρ
818 4946 1008 4999 ἱκανὸν
1040 4946 1191 5016 αὐτῷ
1220 4950 1359 5019 μετά
1391 4949 1491 5022 τὴν
1536 4951 1739 5006 ἆλωσιν
1784 4969 1924 5021 συμ-

353 5034 647 5104 πορευθεὶς
694 5035 994 5103 διάστημα,
1049 5040 1187 5093 ἐπὰν
1236 5041 1349 5095 τὸν.
1394 5082 1409 5098 .
1454 5082 1470 5098 .
1518 5081 1531 5094 .
1577 5082 1590 5096 .
1632 5042 1775 5096 οὕτω
1822 5061 1925 5095 κα-

351 5120 618 5191 λούμενον
649 5122 821 5176 τόπον
850 5125 1170 5191 κατέλαϐεν,
1197 5130 1610 5201 ἀνακτήσασθαι
1636 5132 1734 5201 τῆς
1750 5130 1930 5201 λύπης

352 5217 635 5280 χρησταῖς
668 5214 851 5267 ἐλπίσι
897 5216 988 5268 τδν
1034 5219 1199 5286 ἄνδρα
1252 5221 1558 5291 βουληθεὶς,
1600 5222 1735 5291 πρὸς
1765 5222 1928 5275 αὑτὸν

354 5302 459 5370 ἔφη
500 5321 515 5335 ·
559 5303 895 5357 ’Λποϐἀντες
940 5303 1051 5355 τῶν
1101 5306 1283 5359 ἵππων
1317 5308 1683 5378 καθεζώμεθα
1734 5307 1930 5379 μικρὸν

355 5399 584 5465 ἑαυτοὺς
615 5401 1104 5467 διαναπαύσοντες.
1149 5400 1209 5454 '0
1234 5400 1313 5467 δὲ,
1345 5400 1437 5455 τὸν
1474 5401 1603 5470 περὶ
1629 5400 1807 5471 ψυχῆς
1831 5401 1919 5453 δε·-

2036 4487 2176 4548 suis,
2228 4485 2646 4553 Turcorumque
2702 4480 3068 4550 phalangibus
3117 4479 3182 4533 ad
3246 4473 3600 4546 pugnandum

2037 4593 2304 4649 generose
2353 4575 2737 4646 perurgendis.
2771 4573 2948 4642 Atque
2982 4572 3056 4624 illi
3086 4570 3323 4639 primum
3361 4566 3602 4621 victoriae

2034 4686 2149 4726 suae
2180 4668 2468 4726 iudicium,
2511 4667 2682 4720 misso
2723 4664 2937 4724 nuntio.
2991 4662 3095 4732 16
3133 4659 3423 4714 dederunt.
3477 4655 3601 4710 Mox

2035 4760 2139 4832 ipsi
2176 4758 2470 4812 adfuerunt
2500 4772 2623 4810 cum
2662 4754 2865 4808 illustri
2896 4755 3327 4829 captivo._qnem
3357 4756 3413 4803 ut
3441 4748 3603 4818 paulo

2037 4858 2166 4904 ante
2204 4855 2560 4918 pugnantem.
2590 4844 2663 4897 ita
2691 4853 2822 4897 tunc
2850 4856 3071 4911 quoque
3102 4841 3345 4895 vinctum
3378 4854 3604 4894 cernere

2039 4940 2285 4995 terribile
2318 4935 2695 5007 spectaculum
2718 4942 2858 4988 erat.
2890 4931 3008 4985 Tali
3036 4946 3162 4986 casu
3189 4939 3407 5000 captum
3436 4928 3603 5000 Brye.

2041 5035 2191 5088 nium
2230 5030 2450 5083 Alexins
2477 5028 2542 5083 ad
2578 5028 2963 5096 imperatorem
3008 5024 3176 5078 mittit
3230 5023 3599 5083 Botaniatem.

2037 5124 2172 5179 nihil
2200 5121 2323 5190 ejus
2354 5135 2560 5173 nocens
2590 5119 2784 5170 oculis.
2822 5118 2981 5171 Absit
3023 5117 3125 5171 hoc
3163 5115 3231 5169 ab
3259 5116 3599 5184 eoquidem.

2038 5217 2132 5271 Sic
2177 5214 2323 5267 enim
2376 5222 2493 5265 erat
2552 5222 2736 5272 natus,
2788 5210 3077 5277 factusque
3126 5217 3282 5279 pater
3323 5223 3498 5270 meus,
3545 5218 3598 5258 ut

2040 5306 2201 5363 irasci
2236 5314 2359 5377 post
2394 5304 2638 5375 pra'littm
2673 5301 2925 5356 hostibus
2952 5304 3189 5354 nesciret
3214 5318 3229 5368 ;
3257 5300 3359 5354 Sed
3387 5300 3603 5353 abundo

2034 5399 2112 5455 illi
2138 5397 2204 5452 ad
2240 5411 2458 5452 omnem
2491 5394 2755 5448 ultionem
2788 5393 3076 5448 calamitas
3105 5399 3387 5459 captorum
3432 5398 3615 5441 esset-

1431 5577 1572 5639 Car.
1606 5575 1940 5640 Dufresnii
1970 5577 2067 5637 Du
2102 5574 2322 5655 Cangii
2356 5581 2543 5637 notae.

425 5702 535 5759 43?)
597 5700 877 5763 Εἰι-τήκει
908 5700 1058 5766 πρὲς
1107 5701 1212 5764 τὰς
1243 5697 1452 5767 λαϐάς.
1493 5696 1772 5759 Plutarch.
1808 5699 1861 5757 in
1907 5697 1921 5752 I

2028 5698 2092 5767 io,
2120 5700 2332 5753 Ὢσπεο
2356 5695 2594 5767 ἀθλητὴς
2622 5696 2795 5765 λαϐὴν
2818 5693 3016 5768 ζητῶν.
3050 5691 3159 5745 Nos
3182 5686 3323 5747 Galli
3347 5687 3633 5754 dicimus;

360 5772 471 5835 (ιιι,
496 5786 814 5842 υιιῷηρνιξεβ,
1006 5798 1015 5805 ι
