  <div class='ocr_page' id='page_1' title='image "/cluster/home/n/w/nwhite01/storage/ocr_20150623/131/hvd.32044073502379/076.png"; bbox 0 0 4006 6248; ppageno 0'>
   <div class='ocr_carea' id='block_1_1' title="bbox 245 292 3494 365">
    <p class='ocr_par' dir='ltr' id='par_1_1' title="bbox 245 292 3494 365">
     <span class='ocr_line' id='line_1_1' title="bbox 245 292 3494 365; baseline 0.005 -18"><span class='ocrx_word' id='word_1_1' title='bbox 245 296 356 362; x_wconf 73' lang='lat'><strong>129</strong></span> <span class='ocrx_word' id='word_1_2' title='bbox 1525 295 1562 348; x_wconf 77' lang='grc' dir='ltr'><strong>Α</strong></span> <span class='ocrx_word' id='word_1_3' title='bbox 1578 292 1938 354; x_wconf 75' lang='lat' dir='ltr'><strong>LEXIADIS</strong></span> <span class='ocrx_word' id='word_1_4' title='bbox 1984 295 2134 356; x_wconf 83' lang='lat' dir='ltr'><strong>LIB.</strong></span> <span class='ocrx_word' id='word_1_5' title='bbox 2179 295 2228 354; x_wconf 87' lang='grc' dir='ltr'>Ι.</span> <span class='ocrx_word' id='word_1_6' title='bbox 3395 301 3494 365; x_wconf 75' lang='lat'><strong>13)</strong></span> 
     </span>
    </p>
   </div>
   <div class='ocr_carea' id='block_1_2' title="bbox 245 396 1858 478">
    <p class='ocr_par' dir='ltr' id='par_1_2' title="bbox 245 396 1838 472">
     <span class='ocr_line' id='line_1_2' title="bbox 245 396 1838 472; baseline -0.005 -15"><span class='ocrx_word' id='word_1_7' title='bbox 245 405 346 458; x_wconf 76' lang='grc' dir='ltr'>τοῦ</span> <span class='ocrx_word' id='word_1_8' title='bbox 376 397 707 454; x_wconf 71' lang='grc' dir='ltr'>Βασιλακίου</span> <span class='ocrx_word' id='word_1_9' title='bbox 745 397 1134 468; x_wconf 78' lang='grc' dir='ltr'>φαλαγγάρχαι</span> <span class='ocrx_word' id='word_1_10' title='bbox 1187 396 1443 450; x_wconf 79' lang='grc' dir='ltr'><strong>ἔσπευδον</strong></span> <span class='ocrx_word' id='word_1_11' title='bbox 1494 397 1590 468; x_wconf 70' lang='grc' dir='ltr'>ὅλῃ</span> <span class='ocrx_word' id='word_1_12' title='bbox 1639 397 1838 472; x_wconf 79' lang='grc' dir='ltr'>γνώμῃ</span> 
     </span>
    </p>
   </div>
   <div class='ocr_carea' id='block_1_3' title="bbox 1961 396 3508 478">
    <p class='ocr_par' dir='ltr' id='par_1_3' title="bbox 1961 401 3508 478">
     <span class='ocr_line' id='line_1_3' title="bbox 1961 401 3508 478; baseline 0.007 -24"><span class='ocrx_word' id='word_1_13' title='bbox 1961 401 2205 456; x_wconf 75' lang='lat' dir='ltr'><strong>silaeiani</strong></span> <span class='ocrx_word' id='word_1_14' title='bbox 2244 413 2354 456; x_wconf 91' lang='lat' dir='ltr'><strong>toto</strong></span> <span class='ocrx_word' id='word_1_15' title='bbox 2379 403 2563 457; x_wconf 84' lang='lat' dir='ltr'><strong>animo</strong></span> <span class='ocrx_word' id='word_1_16' title='bbox 2594 405 2939 460; x_wconf 71' lang='lat' dir='ltr'><strong>conabantur</strong></span> <span class='ocrx_word' id='word_1_17' title='bbox 2987 421 3116 462; x_wconf 90' lang='lat' dir='ltr'><strong>suos</strong></span> <span class='ocrx_word' id='word_1_18' title='bbox 3173 406 3228 461; x_wconf 91' lang='lat' dir='ltr'><strong>in</strong></span> <span class='ocrx_word' id='word_1_19' title='bbox 3271 411 3508 478; x_wconf 75' lang='lat' dir='ltr'><strong>przedam</strong></span> 
     </span>
    </p>
   </div>
   <div class='ocr_carea' id='block_1_4' title="bbox 249 488 1831 558">
    <p class='ocr_par' dir='ltr' id='par_1_4' title="bbox 249 488 1831 558">
     <span class='ocr_line' id='line_1_4' title="bbox 249 488 1831 558; baseline -0.003 -12"><span class='ocrx_word' id='word_1_20' title='bbox 249 491 636 556; x_wconf 73' lang='grc' dir='ltr'>ἐπισυλλέγειν</span> <span class='ocrx_word' id='word_1_21' title='bbox 659 488 939 558; x_wconf 62' lang='grc' dir='ltr'>τοὺςιπερὶ</span> <span class='ocrx_word' id='word_1_22' title='bbox 977 488 1075 557; x_wconf 73' lang='grc' dir='ltr'>τὴν</span> <span class='ocrx_word' id='word_1_23' title='bbox 1104 488 1254 540; x_wconf 87' lang='grc' dir='ltr'>λείαν</span> <span class='ocrx_word' id='word_1_24' title='bbox 1286 488 1696 550; x_wconf 80' lang='grc' dir='ltr'><strong>ἐσπουδακότας</strong></span> <span class='ocrx_word' id='word_1_25' title='bbox 1735 490 1831 541; x_wconf 74' lang='grc' dir='ltr'><strong>καὶ</strong></span> 
     </span>
    </p>
   </div>
   <div class='ocr_carea' id='block_1_5' title="bbox 247 578 1831 648">
    <p class='ocr_par' dir='ltr' id='par_1_5' title="bbox 247 578 1831 648">
     <span class='ocr_line' id='line_1_5' title="bbox 247 578 1831 648; baseline -0.003 -12"><span class='ocrx_word' id='word_1_26' title='bbox 247 581 809 648; x_wconf 78' lang='grc' dir='ltr'>ἀπολειφθένταςτῆς</span> <span class='ocrx_word' id='word_1_27' title='bbox 857 579 1058 648; x_wconf 81' lang='grc' dir='ltr'><strong>μάχης.</strong></span> <span class='ocrx_word' id='word_1_28' title='bbox 1105 578 1164 631; x_wconf 84' lang='lat'><strong>&#39;0</strong></span> <span class='ocrx_word' id='word_1_29' title='bbox 1188 579 1244 631; x_wconf 78' lang='grc' dir='ltr'><strong>δὲ</strong></span> <span class='ocrx_word' id='word_1_30' title='bbox 1280 579 1455 648; x_wconf 82' lang='grc' dir='ltr'><strong>μέγας</strong></span> <span class='ocrx_word' id='word_1_31' title='bbox 1487 579 1831 648; x_wconf 83' lang='grc' dir='ltr'>δομέστικος,</span> 
     </span>
    </p>
   </div>
   <div class='ocr_carea' id='block_1_6' title="bbox 248 671 1836 740">
    <p class='ocr_par' dir='ltr' id='par_1_6' title="bbox 248 671 1836 740">
     <span class='ocr_line' id='line_1_6' title="bbox 248 671 1836 740; baseline -0.001 -14"><span class='ocrx_word' id='word_1_32' title='bbox 248 675 311 727; x_wconf 80' lang='grc' dir='ltr'><strong>τδ</strong></span> <span class='ocrx_word' id='word_1_33' title='bbox 339 674 478 725; x_wconf 79' lang='grc' dir='ltr'>ἴδιον</span> <span class='ocrx_word' id='word_1_34' title='bbox 516 672 875 740; x_wconf 77' lang='grc' dir='ltr'>καταστήσας</span> <span class='ocrx_word' id='word_1_35' title='bbox 912 673 1260 740; x_wconf 77' lang='grc' dir='ltr'>στράτευμα,</span> <span class='ocrx_word' id='word_1_36' title='bbox 1293 671 1433 722; x_wconf 82' lang='grc' dir='ltr'><strong>κατά</strong></span> <span class='ocrx_word' id='word_1_37' title='bbox 1463 671 1555 723; x_wconf 78' lang='grc' dir='ltr'>τοῦ</span> <span class='ocrx_word' id='word_1_38' title='bbox 1605 671 1836 724; x_wconf 61' lang='lat' dir='ltr'><strong>Baeti:-</strong></span> 
     </span>
    </p>
   </div>
   <div class='ocr_carea' id='block_1_7' title="bbox 253 763 1834 832">
    <p class='ocr_par' dir='ltr' id='par_1_7' title="bbox 253 763 1834 832">
     <span class='ocr_line' id='line_1_7' title="bbox 253 763 1834 832; baseline -0.001 -14"><span class='ocrx_word' id='word_1_39' title='bbox 253 768 379 818; x_wconf 74' lang='lat' dir='ltr'><strong>xisu</strong></span> <span class='ocrx_word' id='word_1_40' title='bbox 428 763 587 825; x_wconf 79' lang='grc' dir='ltr'>αὖθις</span> <span class='ocrx_word' id='word_1_41' title='bbox 647 766 782 815; x_wconf 70' lang='grc' dir='ltr'>ἵετο.</span> <span class='ocrx_word' id='word_1_42' title='bbox 828 763 1119 832; x_wconf 74' lang='grc' dir='ltr'>Πόρρωθεν</span> <span class='ocrx_word' id='word_1_43' title='bbox 1170 763 1224 814; x_wconf 81' lang='grc' dir='ltr'>δέ</span> <span class='ocrx_word' id='word_1_44' title='bbox 1259 780 1414 825; x_wconf 86' lang='grc' dir='ltr'>τινας</span> <span class='ocrx_word' id='word_1_45' title='bbox 1444 764 1698 816; x_wconf 79' lang='grc' dir='ltr'>αὐτῶνοὶ</span> <span class='ocrx_word' id='word_1_46' title='bbox 1741 766 1834 816; x_wconf 79' lang='grc' dir='ltr'>τοῦ</span> 
     </span>
    </p>
   </div>
   <div class='ocr_carea' id='block_1_8' title="bbox 254 854 1838 923">
    <p class='ocr_par' dir='ltr' id='par_1_8' title="bbox 254 854 1838 923">
     <span class='ocr_line' id='line_1_8' title="bbox 254 854 1838 923; baseline -0.002 -14"><span class='ocrx_word' id='word_1_47' title='bbox 254 857 591 923; x_wconf 75' lang='grc' dir='ltr'>δομεστίκου</span> <span class='ocrx_word' id='word_1_48' title='bbox 649 854 982 921; x_wconf 63' lang='grc' dir='ltr'>θεασάμενοι</span> <span class='ocrx_word' id='word_1_49' title='bbox 1052 854 1142 904; x_wconf 73' lang='grc' dir='ltr'><strong>καὶ</strong></span> <span class='ocrx_word' id='word_1_50' title='bbox 1180 854 1302 905; x_wconf 83' lang='grc' dir='ltr'>κατ’</span> <span class='ocrx_word' id='word_1_51' title='bbox 1352 855 1532 907; x_wconf 75' lang='grc' dir='ltr'>αὐτῶν</span> <span class='ocrx_word' id='word_1_52' title='bbox 1592 855 1838 923; x_wconf 57' lang='grc' dir='ltr'>σφοδρῶς</span> 
     </span>
    </p>
   </div>
   <div class='ocr_carea' id='block_1_9' title="bbox 254 943 1839 1016">
    <p class='ocr_par' dir='ltr' id='par_1_9' title="bbox 254 943 1839 1016">
     <span class='ocr_line' id='line_1_9' title="bbox 254 943 1839 1016; baseline -0.003 -18"><span class='ocrx_word' id='word_1_53' title='bbox 254 947 662 1016; x_wconf 64' lang='grc' dir='ltr'><strong>ἐξορμήσαντες</strong></span> <span class='ocrx_word' id='word_1_54' title='bbox 693 944 1016 1016; x_wconf 70' lang='grc' dir='ltr'>ἐτρέψαντο,</span> <span class='ocrx_word' id='word_1_55' title='bbox 1073 943 1166 995; x_wconf 83' lang='grc' dir='ltr'><strong>καί</strong></span> <span class='ocrx_word' id='word_1_56' title='bbox 1212 961 1366 1005; x_wconf 79' lang='grc' dir='ltr'>τινας</span> <span class='ocrx_word' id='word_1_57' title='bbox 1421 943 1568 1011; x_wconf 66' lang='grc' dir='ltr'>αύτῷ</span> <span class='ocrx_word' id='word_1_58' title='bbox 1600 945 1643 1004; x_wconf 73' lang='grc' dir='ltr'><strong>ζ(</strong></span> <span class='ocrx_word' id='word_1_59' title='bbox 1677 962 1711 1012; x_wconf 86' lang='grc' dir='ltr'><strong>γ</strong></span> <span class='ocrx_word' id='word_1_60' title='bbox 1759 945 1839 996; x_wconf 64' lang='grc' dir='ltr'>ταν</span> 
     </span>
    </p>
   </div>
   <div class='ocr_carea' id='block_1_10' title="bbox 258 1035 1840 1104">
    <p class='ocr_par' dir='ltr' id='par_1_10' title="bbox 258 1035 1840 1104">
     <span class='ocr_line' id='line_1_10' title="bbox 258 1035 1840 1104; baseline -0.003 -14"><span class='ocrx_word' id='word_1_61' title='bbox 258 1037 736 1104; x_wconf 70' lang='grc' dir='ltr'>ὲπανεληλυθίτες</span> <span class='ocrx_word' id='word_1_62' title='bbox 801 1035 1099 1104; x_wconf 69' lang='grc' dir='ltr'>προσῆγον.</span> <span class='ocrx_word' id='word_1_63' title='bbox 1170 1035 1226 1086; x_wconf 86' lang='lat'><strong>&#39;0</strong></span> <span class='ocrx_word' id='word_1_64' title='bbox 1264 1035 1318 1087; x_wconf 85' lang='grc' dir='ltr'>δὲ</span> <span class='ocrx_word' id='word_1_65' title='bbox 1367 1035 1458 1086; x_wconf 60' lang='grc' dir='ltr'>τοῦ</span> <span class='ocrx_word' id='word_1_66' title='bbox 1513 1035 1840 1086; x_wconf 70' lang='grc' dir='ltr'>Βασίλακίου</span> 
     </span>
    </p>
   </div>
   <div class='ocr_carea' id='block_1_11' title="bbox 259 1124 1843 1196">
    <p class='ocr_par' dir='ltr' id='par_1_11' title="bbox 259 1124 1843 1196">
     <span class='ocr_line' id='line_1_11' title="bbox 259 1124 1843 1196; baseline -0.003 -16"><span class='ocrx_word' id='word_1_67' title='bbox 259 1129 487 1196; x_wconf 72' lang='grc' dir='ltr'>ἁδελφὸς</span> <span class='ocrx_word' id='word_1_68' title='bbox 519 1125 777 1196; x_wconf 78' lang='grc' dir='ltr'>Μανουὴλ</span> <span class='ocrx_word' id='word_1_69' title='bbox 809 1127 899 1178; x_wconf 75' lang='grc' dir='ltr'>ἐπὶ</span> <span class='ocrx_word' id='word_1_70' title='bbox 917 1125 1079 1191; x_wconf 68' lang='grc' dir='ltr'>λόφου</span> <span class='ocrx_word' id='word_1_71' title='bbox 1104 1127 1252 1185; x_wconf 82' lang='grc' dir='ltr'>τινὸς</span> <span class='ocrx_word' id='word_1_72' title='bbox 1277 1124 1540 1189; x_wconf 82' lang='grc' dir='ltr'>ἀνελθὼν,</span> <span class='ocrx_word' id='word_1_73' title='bbox 1563 1127 1843 1196; x_wconf 52' lang='grc' dir='ltr'>ἑτερέων-</span> 
     </span>
    </p>
   </div>
   <div class='ocr_carea' id='block_1_12' title="bbox 255 1210 1843 1286">
    <p class='ocr_par' dir='ltr' id='par_1_12' title="bbox 255 1210 1843 1286">
     <span class='ocr_line' id='line_1_12' title="bbox 255 1210 1843 1286; baseline 0.001 -15"><span class='ocrx_word' id='word_1_74' title='bbox 255 1236 350 1271; x_wconf 87' lang='grc' dir='ltr'><strong>νυε</strong></span> <span class='ocrx_word' id='word_1_75' title='bbox 383 1219 441 1271; x_wconf 79' lang='grc' dir='ltr'><strong>τὸ</strong></span> <span class='ocrx_word' id='word_1_76' title='bbox 461 1217 781 1286; x_wconf 73' lang='grc' dir='ltr'>στράτευμα</span> <span class='ocrx_word' id='word_1_77' title='bbox 802 1215 1142 1284; x_wconf 68' lang='grc' dir='ltr'>μεγαφώνως</span> <span class='ocrx_word' id='word_1_78' title='bbox 1171 1210 1293 1267; x_wconf 80' lang='grc' dir='ltr'>ὦδε·</span> <span class='ocrx_word' id='word_1_79' title='bbox 1329 1216 1439 1269; x_wconf 85' lang='grc' dir='ltr'><strong>Τοῦ</strong></span> <span class='ocrx_word' id='word_1_80' title='bbox 1468 1218 1843 1272; x_wconf 74' lang='grc' dir='ltr'>Βασιλακίίυ</span> 
     </span>
    </p>
   </div>
   <div class='ocr_carea' id='block_1_13' title="bbox 255 1302 1844 1377">
    <p class='ocr_par' dir='ltr' id='par_1_13' title="bbox 255 1302 1844 1377">
     <span class='ocr_line' id='line_1_13' title="bbox 255 1302 1844 1377; baseline -0.004 -15"><span class='ocrx_word' id='word_1_81' title='bbox 255 1313 292 1374; x_wconf 75' lang='grc' dir='ltr'>ἡ</span> <span class='ocrx_word' id='word_1_82' title='bbox 332 1312 610 1377; x_wconf 72' lang='grc' dir='ltr'>σήμερόν</span> <span class='ocrx_word' id='word_1_83' title='bbox 636 1314 813 1361; x_wconf 80' lang='grc' dir='ltr'>ἐστιν</span> <span class='ocrx_word' id='word_1_84' title='bbox 839 1309 1026 1377; x_wconf 69' lang='grc' dir='ltr'>ἡμέρα</span> <span class='ocrx_word' id='word_1_85' title='bbox 1057 1307 1154 1360; x_wconf 79' lang='grc' dir='ltr'>καὶ</span> <span class='ocrx_word' id='word_1_86' title='bbox 1178 1309 1340 1375; x_wconf 81' lang='grc' dir='ltr'>νίκη.</span> <span class='ocrx_word' id='word_1_87' title='bbox 1378 1302 1470 1371; x_wconf 83' lang='grc' dir='ltr'><strong>Εἷς</strong></span> <span class='ocrx_word' id='word_1_88' title='bbox 1510 1309 1565 1361; x_wconf 83' lang='grc' dir='ltr'><em>δέ</em></span> <span class='ocrx_word' id='word_1_89' title='bbox 1605 1326 1684 1371; x_wconf 91' lang='grc' dir='ltr'><strong>τις</strong></span> <span class='ocrx_word' id='word_1_90' title='bbox 1736 1310 1844 1361; x_wconf 75' lang='lat' dir='ltr'><strong>B1-</strong></span> 
     </span>
    </p>
   </div>
   <div class='ocr_carea' id='block_1_14' title="bbox 258 1400 1843 1474">
    <p class='ocr_par' dir='ltr' id='par_1_14' title="bbox 258 1400 1843 1474">
     <span class='ocr_line' id='line_1_14' title="bbox 258 1400 1843 1474; baseline 0.001 -19"><span class='ocrx_word' id='word_1_91' title='bbox 258 1405 465 1467; x_wconf 75' lang='grc' dir='ltr'>ςίλειος</span> <span class='ocrx_word' id='word_1_92' title='bbox 525 1402 626 1472; x_wconf 76' lang='grc' dir='ltr'>τὴν</span> <span class='ocrx_word' id='word_1_93' title='bbox 697 1403 912 1471; x_wconf 78' lang='grc' dir='ltr'><strong>κλῆσιν,</strong></span> <span class='ocrx_word' id='word_1_94' title='bbox 969 1400 1296 1470; x_wconf 83' lang='grc' dir='ltr'>Κουρτίκιος</span> <span class='ocrx_word' id='word_1_95' title='bbox 1345 1404 1443 1472; x_wconf 79' lang='grc' dir='ltr'><strong>τὴν</strong></span> <span class='ocrx_word' id='word_1_96' title='bbox 1500 1404 1843 1474; x_wconf 80' lang='grc' dir='ltr'>ἐπωνυμίαν,</span> 
     </span>
    </p>
   </div>
   <div class='ocr_carea' id='block_1_15' title="bbox 255 1497 1844 1569">
    <p class='ocr_par' dir='ltr' id='par_1_15' title="bbox 255 1497 1844 1569">
     <span class='ocr_line' id='line_1_15' title="bbox 255 1497 1844 1569; baseline 0.001 -18"><span class='ocrx_word' id='word_1_97' title='bbox 255 1500 506 1564; x_wconf 67' lang='grc' dir='ltr'>γνωστὸς</span> <span class='ocrx_word' id='word_1_98' title='bbox 528 1499 623 1550; x_wconf 70' lang='grc' dir='ltr'><strong>καὶ</strong></span> <span class='ocrx_word' id='word_1_99' title='bbox 647 1497 888 1567; x_wconf 81' lang='grc' dir='ltr'>συνήθης</span> <span class='ocrx_word' id='word_1_100' title='bbox 914 1498 1007 1550; x_wconf 79' lang='grc' dir='ltr'><strong>τοῦ</strong></span> <span class='ocrx_word' id='word_1_101' title='bbox 1032 1497 1292 1568; x_wconf 88' lang='grc' dir='ltr'>Βρυενίου</span> <span class='ocrx_word' id='word_1_102' title='bbox 1322 1499 1534 1551; x_wconf 77' lang='grc' dir='ltr'>ἐκείνου</span> <span class='ocrx_word' id='word_1_103' title='bbox 1592 1500 1844 1569; x_wconf 65' lang='grc' dir='ltr'>Νικηφό-</span> 
     </span>
    </p>
   </div>
   <div class='ocr_carea' id='block_1_16' title="bbox 256 1585 1844 1664">
    <p class='ocr_par' dir='ltr' id='par_1_16' title="bbox 256 1585 1844 1664">
     <span class='ocr_line' id='line_1_16' title="bbox 256 1585 1844 1664; baseline 0.001 -20"><span class='ocrx_word' id='word_1_104' title='bbox 256 1609 380 1662; x_wconf 84' lang='grc' dir='ltr'>ρου,</span> <span class='ocrx_word' id='word_1_105' title='bbox 418 1592 552 1662; x_wconf 67' lang='grc' dir='ltr'>περὶ</span> <span class='ocrx_word' id='word_1_106' title='bbox 573 1585 633 1644; x_wconf 78' lang='grc' dir='ltr'>οὗ</span> <span class='ocrx_word' id='word_1_107' title='bbox 660 1593 688 1643; x_wconf 98' lang='lat'><strong>6</strong></span> <span class='ocrx_word' id='word_1_108' title='bbox 716 1589 872 1657; x_wconf 86' lang='grc' dir='ltr'>λόγος</span> <span class='ocrx_word' id='word_1_109' title='bbox 905 1590 1174 1661; x_wconf 73' lang='grc' dir='ltr'>ἐμνήσθη.</span> <span class='ocrx_word' id='word_1_110' title='bbox 1212 1592 1399 1644; x_wconf 75' lang='grc' dir='ltr'>καὶτὰ</span> <span class='ocrx_word' id='word_1_111' title='bbox 1435 1595 1515 1655; x_wconf 77' lang='grc' dir='ltr'><strong>είς</strong></span> <span class='ocrx_word' id='word_1_112' title='bbox 1566 1595 1844 1664; x_wconf 79' lang='grc' dir='ltr'>πολέμους</span> 
     </span>
    </p>
   </div>
   <div class='ocr_carea' id='block_1_17' title="bbox 255 1677 1848 1751">
    <p class='ocr_par' dir='ltr' id='par_1_17' title="bbox 255 1677 1848 1751">
     <span class='ocr_line' id='line_1_17' title="bbox 255 1677 1848 1751; baseline -0.002 -16"><span class='ocrx_word' id='word_1_113' title='bbox 255 1683 596 1746; x_wconf 75' lang='grc' dir='ltr'><strong>ἀκάθεκτος,</strong></span> <span class='ocrx_word' id='word_1_114' title='bbox 627 1679 874 1749; x_wconf 79' lang='grc' dir='ltr'>προθέων</span> <span class='ocrx_word' id='word_1_115' title='bbox 901 1679 997 1750; x_wconf 79' lang='grc' dir='ltr'>τῆς</span> <span class='ocrx_word' id='word_1_116' title='bbox 1035 1677 1130 1731; x_wconf 77' lang='grc' dir='ltr'>τοῦ</span> <span class='ocrx_word' id='word_1_117' title='bbox 1165 1678 1450 1749; x_wconf 68' lang='grc' dir='ltr'>Κομνηνοῦ</span> <span class='ocrx_word' id='word_1_118' title='bbox 1483 1681 1848 1751; x_wconf 78' lang='grc' dir='ltr'>παρατάξεως</span> 
     </span>
    </p>
   </div>
   <div class='ocr_carea' id='block_1_18' title="bbox 1935 495 3506 573">
    <p class='ocr_par' dir='ltr' id='par_1_18' title="bbox 1935 495 3506 573">
     <span class='ocr_line' id='line_1_18' title="bbox 1935 495 3506 573; baseline 0.006 -24"><span class='ocrx_word' id='word_1_119' title='bbox 1935 496 2213 565; x_wconf 89' lang='lat' dir='ltr'><strong>dispersos</strong></span> <span class='ocrx_word' id='word_1_120' title='bbox 2255 495 2305 549; x_wconf 93' lang='lat' dir='ltr'><strong>in</strong></span> <span class='ocrx_word' id='word_1_121' title='bbox 2345 497 2591 551; x_wconf 80' lang='lat' dir='ltr'><strong>ordinem</strong></span> <span class='ocrx_word' id='word_1_122' title='bbox 2631 501 2822 552; x_wconf 85' lang='lat' dir='ltr'><strong>iterum</strong></span> <span class='ocrx_word' id='word_1_123' title='bbox 2871 509 3033 570; x_wconf 89' lang='lat' dir='ltr'><strong>atque</strong></span> <span class='ocrx_word' id='word_1_124' title='bbox 3085 502 3136 556; x_wconf 93' lang='lat' dir='ltr'><strong>in</strong></span> <span class='ocrx_word' id='word_1_125' title='bbox 3185 503 3506 573; x_wconf 76' lang='lat' dir='ltr'><strong>phalangem</strong></span> 
     </span>
    </p>
   </div>
   <div class='ocr_carea' id='block_1_19' title="bbox 1935 586 3510 658">
    <p class='ocr_par' dir='ltr' id='par_1_19' title="bbox 1935 586 3510 658">
     <span class='ocr_line' id='line_1_19' title="bbox 1935 586 3510 658; baseline 0.004 -15"><span class='ocrx_word' id='word_1_126' title='bbox 1935 604 2153 657; x_wconf 74' lang='lat' dir='ltr'><strong>cogere.</strong></span> <span class='ocrx_word' id='word_1_127' title='bbox 2212 586 2436 658; x_wconf 82' lang='lat' dir='ltr'><strong>Magnus</strong></span> <span class='ocrx_word' id='word_1_128' title='bbox 2471 604 2500 642; x_wconf 89' lang='lat' dir='ltr'><strong>e</strong></span> <span class='ocrx_word' id='word_1_129' title='bbox 2533 591 2812 645; x_wconf 90' lang='lat' dir='ltr'><strong>contrario</strong></span> <span class='ocrx_word' id='word_1_130' title='bbox 2863 592 3241 657; x_wconf 80' lang='lat' dir='ltr'><strong>domesticus,</strong></span> <span class='ocrx_word' id='word_1_131' title='bbox 3302 612 3398 650; x_wconf 92' lang='lat' dir='ltr'><strong>sua</strong></span> <span class='ocrx_word' id='word_1_132' title='bbox 3458 606 3510 650; x_wconf 89' lang='lat' dir='ltr'><strong>et</strong></span> 
     </span>
    </p>
   </div>
   <div class='ocr_carea' id='block_1_20' title="bbox 1939 680 3509 748">
    <p class='ocr_par' dir='ltr' id='par_1_20' title="bbox 1939 680 3509 748">
     <span class='ocr_line' id='line_1_20' title="bbox 1939 680 3509 748; baseline 0.005 -16"><span class='ocrx_word' id='word_1_133' title='bbox 1939 681 2056 748; x_wconf 86' lang='lat' dir='ltr'><strong>ipse</strong></span> <span class='ocrx_word' id='word_1_134' title='bbox 2085 680 2201 734; x_wconf 87' lang='lat' dir='ltr'><strong>acie</strong></span> <span class='ocrx_word' id='word_1_135' title='bbox 2232 680 2299 734; x_wconf 84' lang='lat' dir='ltr'><strong>de</strong></span> <span class='ocrx_word' id='word_1_136' title='bbox 2333 695 2475 734; x_wconf 83' lang='lat' dir='ltr'><strong>novo</strong></span> <span class='ocrx_word' id='word_1_137' title='bbox 2507 689 2710 735; x_wconf 61' lang='lat' dir='ltr'><strong>strui-ta</strong></span> <span class='ocrx_word' id='word_1_138' title='bbox 2745 722 2760 743; x_wconf 92' lang='lat'><strong>,</strong></span> <span class='ocrx_word' id='word_1_139' title='bbox 2818 698 3010 737; x_wconf 86' lang='lat' dir='ltr'><strong>rursus</strong></span> <span class='ocrx_word' id='word_1_140' title='bbox 3069 685 3122 737; x_wconf 93' lang='lat' dir='ltr'><strong>in</strong></span> <span class='ocrx_word' id='word_1_141' title='bbox 3189 685 3509 740; x_wconf 79' lang='lat' dir='ltr'><strong>Basilzu-ium</strong></span> 
     </span>
    </p>
   </div>
   <div class='ocr_carea' id='block_1_21' title="bbox 1940 770 3513 840">
    <p class='ocr_par' dir='ltr' id='par_1_21' title="bbox 1940 770 3513 840">
     <span class='ocr_line' id='line_1_21' title="bbox 1940 770 3513 840; baseline 0.003 -17"><span class='ocrx_word' id='word_1_142' title='bbox 1940 770 2173 826; x_wconf 88' lang='lat' dir='ltr'><strong>infestus</strong></span> <span class='ocrx_word' id='word_1_143' title='bbox 2209 770 2504 826; x_wconf 75' lang='lat' dir='ltr'><strong>ferebatur.</strong></span> <span class='ocrx_word' id='word_1_144' title='bbox 2540 777 2615 824; x_wconf 84' lang='lat' dir='ltr'><strong>Ac</strong></span> <span class='ocrx_word' id='word_1_145' title='bbox 2652 773 2871 840; x_wconf 85' lang='lat' dir='ltr'><strong>quidam</strong></span> <span class='ocrx_word' id='word_1_146' title='bbox 2905 788 2967 827; x_wconf 78' lang='lat' dir='ltr'><strong>ex</strong></span> <span class='ocrx_word' id='word_1_147' title='bbox 2996 774 3271 829; x_wconf 77' lang='lat' dir='ltr'><strong>Alexianis</strong></span> <span class='ocrx_word' id='word_1_148' title='bbox 3308 775 3513 828; x_wconf 64' lang='lat' dir='ltr'><strong>Basilu-</strong></span> 
     </span>
    </p>
   </div>
   <div class='ocr_carea' id='block_1_22' title="bbox 1940 862 3516 931">
    <p class='ocr_par' dir='ltr' id='par_1_22' title="bbox 1940 862 3516 931">
     <span class='ocr_line' id='line_1_22' title="bbox 1940 862 3516 931; baseline 0.004 -17"><span class='ocrx_word' id='word_1_149' title='bbox 1940 862 2128 915; x_wconf 91' lang='lat' dir='ltr'><strong>cianos</strong></span> <span class='ocrx_word' id='word_1_150' title='bbox 2173 863 2328 931; x_wconf 80' lang='lat' dir='ltr'><strong>longe</strong></span> <span class='ocrx_word' id='word_1_151' title='bbox 2377 863 2717 931; x_wconf 77' lang='lat' dir='ltr'><strong>conspicati,</strong></span> <span class='ocrx_word' id='word_1_152' title='bbox 2773 864 3073 919; x_wconf 83' lang='lat' dir='ltr'><strong>vehementi</strong></span> <span class='ocrx_word' id='word_1_153' title='bbox 3130 865 3269 919; x_wconf 86' lang='lat' dir='ltr'><strong>facta</strong></span> <span class='ocrx_word' id='word_1_154' title='bbox 3331 866 3383 918; x_wconf 92' lang='lat' dir='ltr'><strong>in</strong></span> <span class='ocrx_word' id='word_1_155' title='bbox 3419 882 3516 921; x_wconf 88' lang='lat' dir='ltr'><strong>eos</strong></span> 
     </span>
    </p>
   </div>
   <div class='ocr_carea' id='block_1_23' title="bbox 1943 951 3515 1023">
    <p class='ocr_par' dir='ltr' id='par_1_23' title="bbox 1943 951 3515 1023">
     <span class='ocr_line' id='line_1_23' title="bbox 1943 951 3515 1023; baseline 0.003 -19"><span class='ocrx_word' id='word_1_156' title='bbox 1943 951 2301 1020; x_wconf 88' lang='lat' dir='ltr'><strong>impressione</strong></span> <span class='ocrx_word' id='word_1_157' title='bbox 2323 951 2574 1006; x_wconf 75' lang='lat' dir='ltr'><strong>fuderant</strong></span> <span class='ocrx_word' id='word_1_158' title='bbox 2605 954 2986 1023; x_wconf 74' lang='lat' dir='ltr'><strong>fugarantquc,</strong></span> <span class='ocrx_word' id='word_1_159' title='bbox 3023 957 3298 1009; x_wconf 88' lang='lat' dir='ltr'><strong>nonnullis</strong></span> <span class='ocrx_word' id='word_1_160' title='bbox 3318 957 3515 1023; x_wconf 86' lang='lat' dir='ltr'><strong>captis,</strong></span> 
     </span>
    </p>
   </div>
   <div class='ocr_carea' id='block_1_24' title="bbox 1942 1043 3514 1114">
    <p class='ocr_par' dir='ltr' id='par_1_24' title="bbox 1942 1043 3514 1114">
     <span class='ocr_line' id='line_1_24' title="bbox 1942 1043 3514 1114; baseline 0.004 -21"><span class='ocrx_word' id='word_1_161' title='bbox 1942 1057 2080 1110; x_wconf 82' lang='lat' dir='ltr'><strong>quos</strong></span> <span class='ocrx_word' id='word_1_162' title='bbox 2137 1043 2200 1096; x_wconf 87' lang='lat' dir='ltr'><strong>ad</strong></span> <span class='ocrx_word' id='word_1_163' title='bbox 2253 1059 2507 1114; x_wconf 80' lang='lat' dir='ltr'><strong>magnum</strong></span> <span class='ocrx_word' id='word_1_164' title='bbox 2559 1044 2918 1097; x_wconf 87' lang='lat' dir='ltr'><strong>domesticum</strong></span> <span class='ocrx_word' id='word_1_165' title='bbox 2981 1047 3178 1100; x_wconf 82' lang='lat' dir='ltr'><strong>reversi</strong></span> <span class='ocrx_word' id='word_1_166' title='bbox 3222 1047 3514 1100; x_wconf 86' lang='lat' dir='ltr'><strong>duxerunt.</strong></span> 
     </span>
    </p>
   </div>
   <div class='ocr_carea' id='block_1_25' title="bbox 1944 1133 3516 1194">
    <p class='ocr_par' dir='ltr' id='par_1_25' title="bbox 1944 1133 3516 1194">
     <span class='ocr_line' id='line_1_25' title="bbox 1944 1133 3516 1194; baseline 0.002 -7"><span class='ocrx_word' id='word_1_167' title='bbox 1944 1133 2168 1188; x_wconf 85' lang='lat' dir='ltr'><strong>Interim</strong></span> <span class='ocrx_word' id='word_1_168' title='bbox 2199 1151 2327 1190; x_wconf 80' lang='lat' dir='ltr'><strong>vero</strong></span> <span class='ocrx_word' id='word_1_169' title='bbox 2355 1135 2601 1191; x_wconf 89' lang='lat' dir='ltr'><strong>Basilacii</strong></span> <span class='ocrx_word' id='word_1_170' title='bbox 2623 1136 2789 1190; x_wconf 82' lang='lat' dir='ltr'><strong>frater</strong></span> <span class='ocrx_word' id='word_1_171' title='bbox 2814 1136 3024 1190; x_wconf 87' lang='lat' dir='ltr'><strong>Mauuel</strong></span> <span class='ocrx_word' id='word_1_172' title='bbox 3051 1139 3188 1193; x_wconf 92' lang='lat' dir='ltr'><strong>colle</strong></span> <span class='ocrx_word' id='word_1_173' title='bbox 3211 1155 3516 1194; x_wconf 61' lang='lat' dir='ltr'><strong>conscenso</strong></span> 
     </span>
    </p>
   </div>
   <div class='ocr_carea' id='block_1_26' title="bbox 1945 1227 3519 1296">
    <p class='ocr_par' dir='ltr' id='par_1_26' title="bbox 1945 1227 3519 1296">
     <span class='ocr_line' id='line_1_26' title="bbox 1945 1227 3519 1296; baseline 0.003 -17"><span class='ocrx_word' id='word_1_174' title='bbox 1945 1227 2177 1296; x_wconf 84' lang='lat' dir='ltr'><strong>quodam</strong></span> <span class='ocrx_word' id='word_1_175' title='bbox 2210 1242 2338 1282; x_wconf 87' lang='lat' dir='ltr'><strong>suos</strong></span> <span class='ocrx_word' id='word_1_176' title='bbox 2377 1243 2569 1296; x_wconf 76' lang='lat' dir='ltr'><strong>magna</strong></span> <span class='ocrx_word' id='word_1_177' title='bbox 2599 1244 2734 1283; x_wconf 82' lang='lat' dir='ltr'><strong>voce</strong></span> <span class='ocrx_word' id='word_1_178' title='bbox 2771 1229 3130 1282; x_wconf 82' lang='lat' dir='ltr'><strong>confirmabat</strong></span> <span class='ocrx_word' id='word_1_179' title='bbox 3219 1233 3519 1286; x_wconf 67' lang='lat' dir='ltr'><strong>inclamans</strong></span> 
     </span>
    </p>
   </div>
   <div class='ocr_carea' id='block_1_27' title="bbox 1947 1316 3521 1381">
    <p class='ocr_par' dir='ltr' id='par_1_27' title="bbox 1947 1316 3521 1381">
     <span class='ocr_line' id='line_1_27' title="bbox 1947 1316 3521 1381; baseline 0.004 -11"><span class='ocrx_word' id='word_1_180' title='bbox 1947 1316 2000 1370; x_wconf 89' lang='lat' dir='ltr'><strong>in</strong></span> <span class='ocrx_word' id='word_1_181' title='bbox 2028 1319 2171 1371; x_wconf 89' lang='lat' dir='ltr'><strong>hunc.</strong></span> <span class='ocrx_word' id='word_1_182' title='bbox 2203 1320 2421 1372; x_wconf 87' lang='lat' dir='ltr'><strong>modmn</strong></span> <span class='ocrx_word' id='word_1_183' title='bbox 2461 1336 2473 1372; x_wconf 90' lang='lat'><strong>:</strong></span> <span class='ocrx_word' id='word_1_184' title='bbox 2510 1319 2634 1374; x_wconf 75' lang='lat' dir='ltr'><strong>&quot;(cc</strong></span> <span class='ocrx_word' id='word_1_185' title='bbox 2667 1322 2778 1372; x_wconf 84' lang='lat' dir='ltr'><strong>dies</strong></span> <span class='ocrx_word' id='word_1_186' title='bbox 2814 1363 2827 1381; x_wconf 94' lang='lat'><strong>,</strong></span> <span class='ocrx_word' id='word_1_187' title='bbox 2859 1321 2968 1373; x_wconf 67' lang='lat' dir='ltr'><strong>hac</strong></span> <span class='ocrx_word' id='word_1_188' title='bbox 3015 1323 3231 1375; x_wconf 71' lang='lat' dir='ltr'><strong>victoria</strong></span> <span class='ocrx_word' id='word_1_189' title='bbox 3262 1323 3479 1376; x_wconf 82' lang='lat' dir='ltr'><strong>Basilac</strong></span> <span class='ocrx_word' id='word_1_190' title='bbox 3507 1326 3521 1376; x_wconf 86' lang='lat' dir='ltr'><strong>i</strong></span> 
     </span>
    </p>
   </div>
   <div class='ocr_carea' id='block_1_28' title="bbox 1947 1408 3523 1475">
    <p class='ocr_par' dir='ltr' id='par_1_28' title="bbox 1947 1408 3523 1475">
     <span class='ocr_line' id='line_1_28' title="bbox 1947 1408 3523 1475; baseline 0.003 -13"><span class='ocrx_word' id='word_1_191' title='bbox 1947 1419 2044 1462; x_wconf 78' lang='lat' dir='ltr'><strong>est.</strong></span> <span class='ocrx_word' id='word_1_192' title='bbox 2087 1408 2316 1474; x_wconf 79' lang='lat' dir='ltr'><strong>Quidam</strong></span> <span class='ocrx_word' id='word_1_193' title='bbox 2375 1419 2553 1462; x_wconf 88' lang='lat' dir='ltr'><strong>autem</strong></span> <span class='ocrx_word' id='word_1_194' title='bbox 2607 1410 2842 1466; x_wconf 83' lang='lat' dir='ltr'><strong>Basilius</strong></span> <span class='ocrx_word' id='word_1_195' title='bbox 2894 1415 3112 1465; x_wconf 87' lang='lat' dir='ltr'><strong>nomine</strong></span> <span class='ocrx_word' id='word_1_196' title='bbox 3144 1451 3159 1475; x_wconf 95' lang='lat'><strong>,</strong></span> <span class='ocrx_word' id='word_1_197' title='bbox 3214 1414 3523 1468; x_wconf 84' lang='lat' dir='ltr'><strong>Cnrtrieius</strong></span> 
     </span>
    </p>
   </div>
   <div class='ocr_carea' id='block_1_29' title="bbox 1949 1500 3522 1574">
    <p class='ocr_par' dir='ltr' id='par_1_29' title="bbox 1949 1500 3522 1574">
     <span class='ocr_line' id='line_1_29' title="bbox 1949 1500 3522 1574; baseline 0.006 -26"><span class='ocrx_word' id='word_1_198' title='bbox 1949 1511 2308 1567; x_wconf 64' lang='lat' dir='ltr'><strong>cognomento</strong></span> <span class='ocrx_word' id='word_1_199' title='bbox 2338 1541 2352 1560; x_wconf 88' lang='lat'><strong>,</strong></span> <span class='ocrx_word' id='word_1_200' title='bbox 2384 1500 2670 1556; x_wconf 78' lang='lat' dir='ltr'><strong>familiaris</strong></span> <span class='ocrx_word' id='word_1_201' title='bbox 2716 1510 2768 1555; x_wconf 88' lang='lat' dir='ltr'><strong>et</strong></span> <span class='ocrx_word' id='word_1_202' title='bbox 2799 1518 2970 1571; x_wconf 80' lang='lat' dir='ltr'><strong>imper</strong></span> <span class='ocrx_word' id='word_1_203' title='bbox 2992 1519 3173 1557; x_wconf 82' lang='lat' dir='ltr'><strong>eomes</strong></span> <span class='ocrx_word' id='word_1_204' title='bbox 3208 1503 3422 1574; x_wconf 75' lang='lat' dir='ltr'><strong>Bryenii</strong></span> <span class='ocrx_word' id='word_1_205' title='bbox 3455 1505 3522 1557; x_wconf 65' lang='lat' dir='ltr'><strong>ilo</strong></span> 
     </span>
    </p>
   </div>
   <div class='ocr_carea' id='block_1_30' title="bbox 1953 1590 3527 1664">
    <p class='ocr_par' dir='ltr' id='par_1_30' title="bbox 1953 1590 3527 1664">
     <span class='ocr_line' id='line_1_30' title="bbox 1953 1590 3527 1664; baseline 0.005 -22"><span class='ocrx_word' id='word_1_206' title='bbox 1953 1591 2056 1644; x_wconf 88' lang='lat' dir='ltr'><strong>lius</strong></span> <span class='ocrx_word' id='word_1_207' title='bbox 2090 1590 2400 1658; x_wconf 79' lang='lat' dir='ltr'><strong>Nicephori,</strong></span> <span class='ocrx_word' id='word_1_208' title='bbox 2438 1593 2595 1662; x_wconf 83' lang='lat' dir='ltr'><strong>cujus</strong></span> <span class='ocrx_word' id='word_1_209' title='bbox 2638 1595 2798 1664; x_wconf 87' lang='lat' dir='ltr'><strong>paulo</strong></span> <span class='ocrx_word' id='word_1_210' title='bbox 2828 1607 2949 1648; x_wconf 85' lang='lat' dir='ltr'><strong>ante</strong></span> <span class='ocrx_word' id='word_1_211' title='bbox 3004 1595 3391 1660; x_wconf 85' lang='lat' dir='ltr'><strong>meminimus,</strong></span> <span class='ocrx_word' id='word_1_212' title='bbox 3443 1599 3527 1650; x_wconf 83' lang='lat' dir='ltr'><strong>vir</strong></span> 
     </span>
    </p>
   </div>
   <div class='ocr_carea' id='block_1_31' title="bbox 1955 1683 3524 1753">
    <p class='ocr_par' dir='ltr' id='par_1_31' title="bbox 1955 1683 3524 1753">
     <span class='ocr_line' id='line_1_31' title="bbox 1955 1683 3524 1753; baseline 0.004 -17"><span class='ocrx_word' id='word_1_213' title='bbox 1955 1683 2110 1736; x_wconf 72' lang='lat' dir='ltr'><strong>fortis</strong></span> <span class='ocrx_word' id='word_1_214' title='bbox 2144 1692 2197 1736; x_wconf 88' lang='lat' dir='ltr'><strong>et</strong></span> <span class='ocrx_word' id='word_1_215' title='bbox 2224 1683 2625 1752; x_wconf 76' lang='lat' dir='ltr'><strong>imperterritus</strong></span> <span class='ocrx_word' id='word_1_216' title='bbox 2647 1688 2698 1738; x_wconf 93' lang='lat' dir='ltr'><strong>in</strong></span> <span class='ocrx_word' id='word_1_217' title='bbox 2723 1688 2997 1753; x_wconf 85' lang='lat' dir='ltr'><strong>audendo,</strong></span> <span class='ocrx_word' id='word_1_218' title='bbox 3025 1705 3087 1742; x_wconf 79' lang='lat' dir='ltr'><strong>ex</strong></span> <span class='ocrx_word' id='word_1_219' title='bbox 3113 1691 3228 1742; x_wconf 81' lang='lat' dir='ltr'><strong>acie</strong></span> <span class='ocrx_word' id='word_1_220' title='bbox 3260 1690 3524 1743; x_wconf 79' lang='lat' dir='ltr'><strong>Comneni</strong></span> 
     </span>
    </p>
   </div>
   <div class='ocr_carea' id='block_1_32' title="bbox 253 1756 1858 1844">
    <p class='ocr_par' dir='ltr' id='par_1_32' title="bbox 253 1771 1838 1843">
     <span class='ocr_line' id='line_1_32' title="bbox 253 1771 1838 1843; baseline -0.004 -17"><span class='ocrx_word' id='word_1_221' title='bbox 253 1775 436 1828; x_wconf 78' lang='grc' dir='ltr'>ἄνεισι</span> <span class='ocrx_word' id='word_1_222' title='bbox 472 1773 608 1843; x_wconf 80' lang='grc' dir='ltr'>πρὸς</span> <span class='ocrx_word' id='word_1_223' title='bbox 635 1773 725 1823; x_wconf 72' lang='grc' dir='ltr'>τὸν</span> <span class='ocrx_word' id='word_1_224' title='bbox 757 1771 942 1840; x_wconf 70' lang='grc' dir='ltr'>λόφον.</span> <span class='ocrx_word' id='word_1_225' title='bbox 985 1771 1043 1823; x_wconf 83' lang='grc' dir='ltr'>Ὀ</span> <span class='ocrx_word' id='word_1_226' title='bbox 1077 1771 1132 1823; x_wconf 81' lang='grc' dir='ltr'>δὲ</span> <span class='ocrx_word' id='word_1_227' title='bbox 1172 1771 1503 1835; x_wconf 82' lang='grc' dir='ltr'>Βασιλὰκιος</span> <span class='ocrx_word' id='word_1_228' title='bbox 1559 1774 1838 1843; x_wconf 67' lang='grc' dir='ltr'>ὶΙανουὴλ,</span> 
     </span>
    </p>
   </div>
   <div class='ocr_carea' id='block_1_33' title="bbox 1961 1756 3527 1844">
    <p class='ocr_par' dir='ltr' id='par_1_33' title="bbox 1961 1777 3527 1844">
     <span class='ocr_line' id='line_1_33' title="bbox 1961 1777 3527 1844; baseline 0.006 -20"><span class='ocrx_word' id='word_1_229' title='bbox 1961 1791 2285 1844; x_wconf 82' lang='lat' dir='ltr'><strong>procurrens</strong></span> <span class='ocrx_word' id='word_1_230' title='bbox 2313 1778 2504 1830; x_wconf 84' lang='lat' dir='ltr'><strong>collem</strong></span> <span class='ocrx_word' id='word_1_231' title='bbox 2534 1777 2802 1832; x_wconf 83' lang='lat' dir='ltr'><strong>ascendit.</strong></span> <span class='ocrx_word' id='word_1_232' title='bbox 2843 1780 3114 1833; x_wconf 77' lang='lat' dir='ltr'><strong>Adversus</strong></span> <span class='ocrx_word' id='word_1_233' title='bbox 3149 1797 3273 1832; x_wconf 86' lang='lat' dir='ltr'><strong>cum</strong></span> <span class='ocrx_word' id='word_1_234' title='bbox 3322 1781 3527 1834; x_wconf 86' lang='lat' dir='ltr'><strong>Basila-</strong></span> 
     </span>
    </p>
   </div>
   <div class='ocr_carea' id='block_1_34' title="bbox 253 1863 1858 1940">
    <p class='ocr_par' dir='ltr' id='par_1_34' title="bbox 253 1863 1844 1933">
     <span class='ocr_line' id='line_1_34' title="bbox 253 1863 1844 1933; baseline -0.001 -19"><span class='ocrx_word' id='word_1_235' title='bbox 253 1863 358 1916; x_wconf 77' lang='grc' dir='ltr'><strong>τοῦ</strong></span> <span class='ocrx_word' id='word_1_236' title='bbox 395 1863 589 1916; x_wconf 77' lang='grc' dir='ltr'>κολεοῦ</span> <span class='ocrx_word' id='word_1_237' title='bbox 617 1864 679 1915; x_wconf 72' lang='grc' dir='ltr'>τὸ</span> <span class='ocrx_word' id='word_1_238' title='bbox 718 1863 868 1930; x_wconf 59' lang='grc' dir='ltr'>ξίφος</span> <span class='ocrx_word' id='word_1_239' title='bbox 897 1863 1268 1930; x_wconf 65' lang='grc' dir='ltr'>σπεισάμενος,</span> <span class='ocrx_word' id='word_1_240' title='bbox 1313 1864 1441 1925; x_wconf 84' lang='grc' dir='ltr'>ὅλας</span> <span class='ocrx_word' id='word_1_241' title='bbox 1487 1863 1644 1933; x_wconf 72' lang='grc' dir='ltr'>ἡνίας</span> <span class='ocrx_word' id='word_1_242' title='bbox 1677 1864 1844 1933; x_wconf 69' lang='grc' dir='ltr'>χαλά-</span> 
     </span>
    </p>
   </div>
   <div class='ocr_carea' id='block_1_35' title="bbox 1961 1863 3525 1940">
    <p class='ocr_par' dir='ltr' id='par_1_35' title="bbox 1961 1868 3525 1940">
     <span class='ocr_line' id='line_1_35' title="bbox 1961 1868 3525 1940; baseline 0 -17"><span class='ocrx_word' id='word_1_243' title='bbox 1961 1872 2074 1923; x_wconf 85' lang='lat' dir='ltr'><strong>cins</strong></span> <span class='ocrx_word' id='word_1_244' title='bbox 2106 1868 2341 1928; x_wconf 84' lang='lat' dir='ltr'><strong>Manuel,</strong></span> <span class='ocrx_word' id='word_1_245' title='bbox 2382 1869 2560 1938; x_wconf 79' lang='lat' dir='ltr'><strong>gladio</strong></span> <span class='ocrx_word' id='word_1_246' title='bbox 2589 1871 2806 1931; x_wconf 80' lang='lat' dir='ltr'><strong>stricto,</strong></span> <span class='ocrx_word' id='word_1_247' title='bbox 2832 1873 2959 1924; x_wconf 89' lang='lat' dir='ltr'><strong>totis</strong></span> <span class='ocrx_word' id='word_1_248' title='bbox 2999 1871 3225 1924; x_wconf 85' lang='lat' dir='ltr'><strong>habenis</strong></span> <span class='ocrx_word' id='word_1_249' title='bbox 3256 1888 3398 1940; x_wconf 77' lang='lat' dir='ltr'><strong>equo</strong></span> <span class='ocrx_word' id='word_1_250' title='bbox 3430 1873 3525 1924; x_wconf 90' lang='lat' dir='ltr'><strong>ad-</strong></span> 
     </span>
    </p>
   </div>
   <div class='ocr_carea' id='block_1_36' title="bbox 254 1953 1858 2022">
    <p class='ocr_par' dir='ltr' id='par_1_36' title="bbox 254 1953 1848 2022">
     <span class='ocr_line' id='line_1_36' title="bbox 254 1953 1848 2022; baseline 0 -17"><span class='ocrx_word' id='word_1_251' title='bbox 254 1971 367 2016; x_wconf 80' lang='grc' dir='ltr'><strong>σας</strong></span> <span class='ocrx_word' id='word_1_252' title='bbox 399 1954 650 2022; x_wconf 71' lang='grc' dir='ltr'>σφοδρῶς</span> <span class='ocrx_word' id='word_1_253' title='bbox 680 1954 801 2006; x_wconf 86' lang='grc' dir='ltr'>κατ’</span> <span class='ocrx_word' id='word_1_254' title='bbox 837 1953 1001 2004; x_wconf 76' lang='grc' dir='ltr'>αὐτοῦ</span> <span class='ocrx_word' id='word_1_255' title='bbox 1031 1953 1161 2004; x_wconf 79' lang='grc' dir='ltr'>ἵετο·</span> <span class='ocrx_word' id='word_1_256' title='bbox 1186 1954 1213 2004; x_wconf 90' lang='lat'><strong>6</strong></span> <span class='ocrx_word' id='word_1_257' title='bbox 1235 1953 1292 2005; x_wconf 82' lang='grc' dir='ltr'>δὲ</span> <span class='ocrx_word' id='word_1_258' title='bbox 1322 1953 1647 2022; x_wconf 84' lang='grc' dir='ltr'>Κουρτίκιος</span> <span class='ocrx_word' id='word_1_259' title='bbox 1675 1954 1734 2005; x_wconf 82' lang='grc' dir='ltr'><strong>οὐ</strong></span> <span class='ocrx_word' id='word_1_260' title='bbox 1760 1953 1787 2004; x_wconf 87' lang='grc' dir='ltr'><strong>δ</strong></span> <span class='ocrx_word' id='word_1_261' title='bbox 1813 1953 1848 2006; x_wconf 83' lang='grc' dir='ltr'>ὰ</span> 
     </span>
    </p>
   </div>
   <div class='ocr_carea' id='block_1_37' title="bbox 1961 1953 3526 2022">
    <p class='ocr_par' dir='ltr' id='par_1_37' title="bbox 1961 1959 3526 2022">
     <span class='ocr_line' id='line_1_37' title="bbox 1961 1959 3526 2022; baseline 0.004 -12"><span class='ocrx_word' id='word_1_262' title='bbox 1961 1960 2146 2022; x_wconf 90' lang='lat' dir='ltr'><strong>misso,</strong></span> <span class='ocrx_word' id='word_1_263' title='bbox 2186 1959 2336 2012; x_wconf 83' lang='lat' dir='ltr'><strong>ferox</strong></span> <span class='ocrx_word' id='word_1_264' title='bbox 2389 1961 2518 2014; x_wconf 87' lang='lat' dir='ltr'><strong>ruit.</strong></span> <span class='ocrx_word' id='word_1_265' title='bbox 2553 1963 2618 2012; x_wconf 84' lang='lat' dir='ltr'><strong>At</strong></span> <span class='ocrx_word' id='word_1_266' title='bbox 2674 1961 2823 2014; x_wconf 91' lang='lat' dir='ltr'><strong>illum</strong></span> <span class='ocrx_word' id='word_1_267' title='bbox 2879 1962 3184 2016; x_wconf 87' lang='lat' dir='ltr'><strong>Curtricius</strong></span> <span class='ocrx_word' id='word_1_268' title='bbox 3231 1980 3338 2017; x_wconf 86' lang='lat' dir='ltr'><strong>non</strong></span> <span class='ocrx_word' id='word_1_269' title='bbox 3391 1979 3526 2017; x_wconf 75' lang='lat' dir='ltr'><strong>ense</strong></span> 
     </span>
    </p>
   </div>
   <div class='ocr_carea' id='block_1_38' title="bbox 245 2044 1858 2118">
    <p class='ocr_par' dir='ltr' id='par_1_38' title="bbox 245 2044 1847 2116">
     <span class='ocr_line' id='line_1_38' title="bbox 245 2044 1847 2116; baseline 0 -19"><span class='ocrx_word' id='word_1_270' title='bbox 245 2047 484 2113; x_wconf 62' lang='grc' dir='ltr'>ξίφους,</span> <span class='ocrx_word' id='word_1_271' title='bbox 514 2044 650 2097; x_wconf 77' lang='grc' dir='ltr'>ἀλλὰ</span> <span class='ocrx_word' id='word_1_272' title='bbox 681 2045 779 2114; x_wconf 82' lang='grc' dir='ltr'><strong>τὴν</strong></span> <span class='ocrx_word' id='word_1_273' title='bbox 814 2045 1228 2116; x_wconf 79' lang='grc' dir='ltr'>ἀπῃωρημένην</span> <span class='ocrx_word' id='word_1_274' title='bbox 1253 2047 1320 2114; x_wconf 85' lang='grc' dir='ltr'>τῇ</span> <span class='ocrx_word' id='word_1_275' title='bbox 1352 2047 1446 2113; x_wconf 80' lang='grc' dir='ltr'><strong>ὲφε</strong></span> <span class='ocrx_word' id='word_1_276' title='bbox 1459 2044 1628 2114; x_wconf 86' lang='grc' dir='ltr'>στρίδι</span> <span class='ocrx_word' id='word_1_277' title='bbox 1652 2045 1847 2115; x_wconf 73' lang='grc' dir='ltr'>ῥάϐδον</span> 
     </span>
    </p>
   </div>
   <div class='ocr_carea' id='block_1_39' title="bbox 1961 2044 3528 2118">
    <p class='ocr_par' dir='ltr' id='par_1_39' title="bbox 1961 2048 3528 2118">
     <span class='ocr_line' id='line_1_39' title="bbox 1961 2048 3528 2118; baseline 0.003 -16"><span class='ocrx_word' id='word_1_278' title='bbox 1961 2048 2048 2102; x_wconf 77' lang='lat' dir='ltr'><strong>Bcd</strong></span> <span class='ocrx_word' id='word_1_279' title='bbox 2078 2064 2344 2117; x_wconf 76' lang='lat' dir='ltr'><strong>suspenso</strong></span> <span class='ocrx_word' id='word_1_280' title='bbox 2392 2065 2455 2102; x_wconf 80' lang='lat' dir='ltr'><strong>ex</strong></span> <span class='ocrx_word' id='word_1_281' title='bbox 2492 2051 2764 2118; x_wconf 78' lang='lat' dir='ltr'><strong>ephippiis</strong></span> <span class='ocrx_word' id='word_1_282' title='bbox 2826 2051 3020 2104; x_wconf 87' lang='lat' dir='ltr'><strong>baculo</strong></span> <span class='ocrx_word' id='word_1_283' title='bbox 3071 2053 3416 2106; x_wconf 77' lang='lat' dir='ltr'><strong>vehementer</strong></span> <span class='ocrx_word' id='word_1_284' title='bbox 3474 2054 3528 2106; x_wconf 91' lang='lat' dir='ltr'><strong>in</strong></span> 
     </span>
    </p>
   </div>
   <div class='ocr_carea' id='block_1_40' title="bbox 259 2136 1858 2213">
    <p class='ocr_par' dir='ltr' id='par_1_40' title="bbox 259 2136 1850 2207">
     <span class='ocr_line' id='line_1_40' title="bbox 259 2136 1850 2207; baseline -0.001 -17"><span class='ocrx_word' id='word_1_285' title='bbox 259 2137 585 2206; x_wconf 69' lang='grc' dir='ltr'>ἐφελκύσας</span> <span class='ocrx_word' id='word_1_286' title='bbox 620 2137 774 2190; x_wconf 83' lang='grc' dir='ltr'>παίει</span> <span class='ocrx_word' id='word_1_287' title='bbox 813 2137 1005 2190; x_wconf 75' lang='grc' dir='ltr'>τοῦτον</span> <span class='ocrx_word' id='word_1_288' title='bbox 1054 2137 1198 2190; x_wconf 84' lang='grc' dir='ltr'><strong>κατά</strong></span> <span class='ocrx_word' id='word_1_289' title='bbox 1228 2136 1322 2188; x_wconf 81' lang='grc' dir='ltr'><strong>τοῦ</strong></span> <span class='ocrx_word' id='word_1_290' title='bbox 1353 2137 1584 2207; x_wconf 76' lang='grc' dir='ltr'>κράνους</span> <span class='ocrx_word' id='word_1_291' title='bbox 1617 2136 1712 2188; x_wconf 70' lang='grc' dir='ltr'><strong>καὶ</strong></span> <span class='ocrx_word' id='word_1_292' title='bbox 1746 2154 1850 2189; x_wconf 85' lang='grc' dir='ltr'>πα-</span> 
     </span>
    </p>
   </div>
   <div class='ocr_carea' id='block_1_41' title="bbox 1961 2136 3533 2213">
    <p class='ocr_par' dir='ltr' id='par_1_41' title="bbox 1961 2141 3533 2213">
     <span class='ocr_line' id='line_1_41' title="bbox 1961 2141 3533 2213; baseline 0.004 -20"><span class='ocrx_word' id='word_1_293' title='bbox 1961 2141 2160 2194; x_wconf 84' lang='lat' dir='ltr'><strong>vertice</strong></span> <span class='ocrx_word' id='word_1_294' title='bbox 2201 2141 2500 2209; x_wconf 83' lang='lat' dir='ltr'><strong>pulsatum,</strong></span> <span class='ocrx_word' id='word_1_295' title='bbox 2531 2144 2714 2194; x_wconf 86' lang='lat' dir='ltr'><strong>statim</strong></span> <span class='ocrx_word' id='word_1_296' title='bbox 2745 2159 2806 2193; x_wconf 74' lang='lat' dir='ltr'><strong>ex</strong></span> <span class='ocrx_word' id='word_1_297' title='bbox 2842 2160 2982 2211; x_wconf 90' lang='lat' dir='ltr'><strong>equo</strong></span> <span class='ocrx_word' id='word_1_298' title='bbox 3023 2143 3206 2212; x_wconf 75' lang='lat' dir='ltr'><strong>dejirit</strong></span> <span class='ocrx_word' id='word_1_299' title='bbox 3236 2186 3248 2205; x_wconf 92' lang='lat'><strong>,</strong></span> <span class='ocrx_word' id='word_1_300' title='bbox 3278 2154 3329 2196; x_wconf 88' lang='lat' dir='ltr'><strong>et</strong></span> <span class='ocrx_word' id='word_1_301' title='bbox 3360 2146 3533 2213; x_wconf 77' lang='lat' dir='ltr'><strong>capti-</strong></span> 
     </span>
    </p>
   </div>
   <div class='ocr_carea' id='block_1_42' title="bbox 253 2227 1858 2301">
    <p class='ocr_par' dir='ltr' id='par_1_42' title="bbox 253 2227 1850 2300">
     <span class='ocr_line' id='line_1_42' title="bbox 253 2227 1850 2300; baseline -0.003 -17"><span class='ocrx_word' id='word_1_302' title='bbox 253 2231 538 2300; x_wconf 59' lang='lat' dir='ltr'><strong>paxpﬁpa</strong></span> <span class='ocrx_word' id='word_1_303' title='bbox 610 2229 945 2283; x_wconf 81' lang='grc' dir='ltr'>καταϐάλλει</span> <span class='ocrx_word' id='word_1_304' title='bbox 994 2228 1090 2281; x_wconf 81' lang='grc' dir='ltr'>τοῦ</span> <span class='ocrx_word' id='word_1_305' title='bbox 1155 2229 1346 2291; x_wconf 84' lang='grc' dir='ltr'>ἵππου,</span> <span class='ocrx_word' id='word_1_306' title='bbox 1409 2230 1502 2280; x_wconf 73' lang='grc' dir='ltr'><strong>καὶ</strong></span> <span class='ocrx_word' id='word_1_307' title='bbox 1564 2227 1850 2297; x_wconf 71' lang='grc' dir='ltr'>δεσμώτην</span> 
     </span>
    </p>
   </div>
   <div class='ocr_carea' id='block_1_43' title="bbox 1961 2227 3523 2301">
    <p class='ocr_par' dir='ltr' id='par_1_43' title="bbox 1961 2231 3523 2301">
     <span class='ocr_line' id='line_1_43' title="bbox 1961 2231 3523 2301; baseline 0.004 -17"><span class='ocrx_word' id='word_1_308' title='bbox 1961 2245 2082 2284; x_wconf 89' lang='lat' dir='ltr'><strong>vum</strong></span> <span class='ocrx_word' id='word_1_309' title='bbox 2119 2231 2360 2294; x_wconf 87' lang='lat' dir='ltr'><strong>trahens,</strong></span> <span class='ocrx_word' id='word_1_310' title='bbox 2403 2232 2551 2285; x_wconf 89' lang='lat' dir='ltr'><strong>velut</strong></span> <span class='ocrx_word' id='word_1_311' title='bbox 2578 2233 2836 2300; x_wconf 87' lang='lat' dir='ltr'><strong>spolium,</strong></span> <span class='ocrx_word' id='word_1_312' title='bbox 2866 2235 3003 2301; x_wconf 87' lang='lat' dir='ltr'><strong>patri</strong></span> <span class='ocrx_word' id='word_1_313' title='bbox 3039 2249 3156 2287; x_wconf 87' lang='lat' dir='ltr'><strong>meo</strong></span> <span class='ocrx_word' id='word_1_314' title='bbox 3184 2234 3352 2290; x_wconf 90' lang='lat' dir='ltr'><strong>sistit.</strong></span> <span class='ocrx_word' id='word_1_315' title='bbox 3384 2234 3523 2290; x_wconf 87' lang='lat' dir='ltr'><strong>Tum</strong></span> 
     </span>
    </p>
   </div>
   <div class='ocr_carea' id='block_1_44' title="bbox 260 2319 1858 2394">
    <p class='ocr_par' dir='ltr' id='par_1_44' title="bbox 260 2319 1850 2391">
     <span class='ocr_line' id='line_1_44' title="bbox 260 2319 1850 2391; baseline -0.001 -20"><span class='ocrx_word' id='word_1_316' title='bbox 260 2319 465 2373; x_wconf 73' lang='grc' dir='ltr'>τοῦτον</span> <span class='ocrx_word' id='word_1_317' title='bbox 527 2322 930 2391; x_wconf 70' lang='grc' dir='ltr'>ἐπισυρόμενος</span> <span class='ocrx_word' id='word_1_318' title='bbox 986 2320 1238 2390; x_wconf 81' lang='grc' dir='ltr'>καθάπερ</span> <span class='ocrx_word' id='word_1_319' title='bbox 1264 2338 1316 2371; x_wconf 88' lang='grc' dir='ltr'><strong>τι</strong></span> <span class='ocrx_word' id='word_1_320' title='bbox 1370 2320 1616 2389; x_wconf 70' lang='grc' dir='ltr'>λάφυρον</span> <span class='ocrx_word' id='word_1_321' title='bbox 1678 2320 1850 2388; x_wconf 68' lang='grc' dir='ltr'><strong>τώμῷ</strong></span> 
     </span>
    </p>
   </div>
   <div class='ocr_carea' id='block_1_45' title="bbox 1961 2319 3532 2394">
    <p class='ocr_par' dir='ltr' id='par_1_45' title="bbox 1961 2321 3532 2394">
     <span class='ocr_line' id='line_1_45' title="bbox 1961 2321 3532 2394; baseline 0.003 -20"><span class='ocrx_word' id='word_1_322' title='bbox 1961 2337 2109 2385; x_wconf 86' lang='lat' dir='ltr'><strong>vero,</strong></span> <span class='ocrx_word' id='word_1_323' title='bbox 2138 2321 2283 2389; x_wconf 88' lang='lat' dir='ltr'><strong>quod</strong></span> <span class='ocrx_word' id='word_1_324' title='bbox 2331 2333 2449 2377; x_wconf 88' lang='lat' dir='ltr'><strong>erat</strong></span> <span class='ocrx_word' id='word_1_325' title='bbox 2490 2323 2754 2392; x_wconf 89' lang='lat' dir='ltr'><strong>reliquum</strong></span> <span class='ocrx_word' id='word_1_326' title='bbox 2809 2323 3058 2378; x_wconf 85' lang='lat' dir='ltr'><strong>Basilacii</strong></span> <span class='ocrx_word' id='word_1_327' title='bbox 3112 2342 3304 2392; x_wconf 72' lang='lat' dir='ltr'><strong>agmen</strong></span> <span class='ocrx_word' id='word_1_328' title='bbox 3337 2366 3351 2390; x_wconf 89' lang='lat'><strong>,</strong></span> <span class='ocrx_word' id='word_1_329' title='bbox 3409 2336 3532 2394; x_wconf 87' lang='lat' dir='ltr'><strong>post</strong></span> 
     </span>
    </p>
   </div>
   <div class='ocr_carea' id='block_1_46' title="bbox 263 2411 1858 2487">
    <p class='ocr_par' dir='ltr' id='par_1_46' title="bbox 263 2411 1851 2482">
     <span class='ocr_line' id='line_1_46' title="bbox 263 2411 1851 2482; baseline -0.001 -17"><span class='ocrx_word' id='word_1_330' title='bbox 263 2413 448 2481; x_wconf 73' lang='grc' dir='ltr'>πατρῖ</span> <span class='ocrx_word' id='word_1_331' title='bbox 479 2411 775 2480; x_wconf 76' lang='grc' dir='ltr'>προσῆγεν.</span> <span class='ocrx_word' id='word_1_332' title='bbox 833 2411 923 2466; x_wconf 82' lang='grc' dir='ltr'>Ἐν</span> <span class='ocrx_word' id='word_1_333' title='bbox 956 2411 1196 2482; x_wconf 75' lang='grc' dir='ltr'>τοσούτῳ</span> <span class='ocrx_word' id='word_1_334' title='bbox 1218 2411 1274 2464; x_wconf 83' lang='grc' dir='ltr'><strong>δὲ</strong></span> <span class='ocrx_word' id='word_1_335' title='bbox 1307 2413 1400 2464; x_wconf 79' lang='grc' dir='ltr'><strong>καί</strong></span> <span class='ocrx_word' id='word_1_336' title='bbox 1434 2412 1522 2463; x_wconf 73' lang='grc' dir='ltr'><strong>τόν</strong></span> <span class='ocrx_word' id='word_1_337' title='bbox 1565 2413 1851 2480; x_wconf 70' lang='grc' dir='ltr'>Κομνηνὸν</span> 
     </span>
    </p>
   </div>
   <div class='ocr_carea' id='block_1_47' title="bbox 1961 2411 3532 2487">
    <p class='ocr_par' dir='ltr' id='par_1_47' title="bbox 1961 2415 3532 2487">
     <span class='ocr_line' id='line_1_47' title="bbox 1961 2415 3532 2487; baseline 0.002 -21"><span class='ocrx_word' id='word_1_338' title='bbox 1961 2415 2326 2469; x_wconf 86' lang='lat' dir='ltr'><strong>constantiam</strong></span> <span class='ocrx_word' id='word_1_339' title='bbox 2366 2416 2581 2470; x_wconf 88' lang='lat' dir='ltr'><strong>brevem</strong></span> <span class='ocrx_word' id='word_1_340' title='bbox 2638 2428 2786 2484; x_wconf 76' lang='lat' dir='ltr'><strong>terga</strong></span> <span class='ocrx_word' id='word_1_341' title='bbox 2839 2419 3040 2477; x_wconf 78' lang='lat' dir='ltr'><strong>vertit,</strong></span> <span class='ocrx_word' id='word_1_342' title='bbox 3087 2417 3352 2471; x_wconf 72' lang='lat' dir='ltr'><strong>Basilacio</strong></span> <span class='ocrx_word' id='word_1_343' title='bbox 3409 2421 3532 2487; x_wconf 78' lang='lat' dir='ltr'><strong>ipso</strong></span> 
     </span>
    </p>
   </div>
   <div class='ocr_carea' id='block_1_48' title="bbox 267 2503 1858 2577">
    <p class='ocr_par' dir='ltr' id='par_1_48' title="bbox 267 2503 1849 2573">
     <span class='ocr_line' id='line_1_48' title="bbox 267 2503 1849 2573; baseline 0.001 -20"><span class='ocrx_word' id='word_1_344' title='bbox 267 2506 421 2573; x_wconf 73' lang='grc' dir='ltr'>μετὰ</span> <span class='ocrx_word' id='word_1_345' title='bbox 450 2503 557 2553; x_wconf 75' lang='grc' dir='ltr'><strong>τῶν</strong></span> <span class='ocrx_word' id='word_1_346' title='bbox 591 2503 733 2554; x_wconf 85' lang='grc' dir='ltr'>ίδίων</span> <span class='ocrx_word' id='word_1_347' title='bbox 767 2503 1110 2572; x_wconf 77' lang='grc' dir='ltr'>ἁναφανέντα</span> <span class='ocrx_word' id='word_1_348' title='bbox 1166 2503 1463 2572; x_wconf 76' lang='grc' dir='ltr'><strong>ταγμάτων</strong></span> <span class='ocrx_word' id='word_1_349' title='bbox 1498 2503 1557 2555; x_wconf 84' lang='grc' dir='ltr'><strong>τδ</strong></span> <span class='ocrx_word' id='word_1_350' title='bbox 1595 2503 1849 2555; x_wconf 81' lang='grc' dir='ltr'>ἐκλειπό-</span> 
     </span>
    </p>
   </div>
   <div class='ocr_carea' id='block_1_49' title="bbox 1961 2503 3533 2577">
    <p class='ocr_par' dir='ltr' id='par_1_49' title="bbox 1963 2507 3533 2577">
     <span class='ocr_line' id='line_1_49' title="bbox 1963 2507 3533 2577; baseline 0.003 -17"><span class='ocrx_word' id='word_1_351' title='bbox 1963 2509 2103 2577; x_wconf 63' lang='lat' dir='ltr'><strong>fugae</strong></span> <span class='ocrx_word' id='word_1_352' title='bbox 2138 2508 2297 2562; x_wconf 90' lang='lat' dir='ltr'><strong>duce.</strong></span> <span class='ocrx_word' id='word_1_353' title='bbox 2332 2507 2480 2573; x_wconf 86' lang='lat' dir='ltr'><strong>Quos</strong></span> <span class='ocrx_word' id='word_1_354' title='bbox 2513 2511 2640 2562; x_wconf 91' lang='lat' dir='ltr'><strong>dum</strong></span> <span class='ocrx_word' id='word_1_355' title='bbox 2674 2509 2989 2563; x_wconf 79' lang='lat' dir='ltr'><strong>Conincnus</strong></span> <span class='ocrx_word' id='word_1_356' title='bbox 3020 2510 3240 2564; x_wconf 72' lang='lat' dir='ltr'><strong>Alesius</strong></span> <span class='ocrx_word' id='word_1_357' title='bbox 3290 2509 3533 2564; x_wconf 81' lang='lat' dir='ltr'><strong>Thessa-</strong></span> 
     </span>
    </p>
   </div>
   <div class='ocr_carea' id='block_1_50' title="bbox 267 2596 1858 2669">
    <p class='ocr_par' dir='ltr' id='par_1_50' title="bbox 267 2596 1852 2668">
     <span class='ocr_line' id='line_1_50' title="bbox 267 2596 1852 2668; baseline 0.002 -20"><span class='ocrx_word' id='word_1_358' title='bbox 267 2614 445 2668; x_wconf 85' lang='grc' dir='ltr'>μενον</span> <span class='ocrx_word' id='word_1_359' title='bbox 479 2597 572 2650; x_wconf 79' lang='grc' dir='ltr'>τοῦ</span> <span class='ocrx_word' id='word_1_360' title='bbox 589 2596 921 2650; x_wconf 87' lang='grc' dir='ltr'>Βασιλακίου</span> <span class='ocrx_word' id='word_1_361' title='bbox 950 2597 1265 2668; x_wconf 78' lang='grc' dir='ltr'>στράτευμα</span> <span class='ocrx_word' id='word_1_362' title='bbox 1292 2596 1628 2668; x_wconf 85' lang='grc' dir='ltr'>θεασάμενον</span> <span class='ocrx_word' id='word_1_363' title='bbox 1656 2600 1852 2666; x_wconf 59' lang='grc' dir='ltr'>μικρὸν</span> 
     </span>
    </p>
   </div>
   <div class='ocr_carea' id='block_1_51' title="bbox 1961 2596 3532 2669">
    <p class='ocr_par' dir='ltr' id='par_1_51' title="bbox 1962 2598 3532 2669">
     <span class='ocr_line' id='line_1_51' title="bbox 1962 2598 3532 2669; baseline 0.003 -17"><span class='ocrx_word' id='word_1_364' title='bbox 1962 2598 2197 2653; x_wconf 86' lang='lat' dir='ltr'><strong>Ionicatn</strong></span> <span class='ocrx_word' id='word_1_365' title='bbox 2233 2615 2410 2669; x_wconf 91' lang='lat' dir='ltr'><strong>usque</strong></span> <span class='ocrx_word' id='word_1_366' title='bbox 2443 2603 2811 2669; x_wconf 82' lang='lat' dir='ltr'><strong>persequitur,</strong></span> <span class='ocrx_word' id='word_1_367' title='bbox 2841 2600 3363 2654; x_wconf 79' lang='lat' dir='ltr'><strong>Tliessaloniccnses</strong></span> <span class='ocrx_word' id='word_1_368' title='bbox 3391 2642 3404 2662; x_wconf 92' lang='lat'><strong>,</strong></span> <span class='ocrx_word' id='word_1_369' title='bbox 3433 2601 3532 2656; x_wconf 70' lang='lat' dir='ltr'><strong>lia-</strong></span> 
     </span>
    </p>
   </div>
   <div class='ocr_carea' id='block_1_52' title="bbox 263 2686 1858 2759">
    <p class='ocr_par' dir='ltr' id='par_1_52' title="bbox 263 2686 1854 2759">
     <span class='ocr_line' id='line_1_52' title="bbox 263 2686 1854 2759; baseline 0.002 -19"><span class='ocrx_word' id='word_1_370' title='bbox 263 2686 536 2757; x_wconf 74' lang='grc' dir='ltr'>ἀντισχδν</span> <span class='ocrx_word' id='word_1_371' title='bbox 589 2689 668 2750; x_wconf 80' lang='grc' dir='ltr'>εἰς</span> <span class='ocrx_word' id='word_1_372' title='bbox 698 2688 876 2759; x_wconf 77' lang='grc' dir='ltr'>φυγὴν</span> <span class='ocrx_word' id='word_1_373' title='bbox 918 2687 1231 2759; x_wconf 75' lang='grc' dir='ltr'>ἐξώρμησε.</span> <span class='ocrx_word' id='word_1_374' title='bbox 1293 2689 1400 2741; x_wconf 71' lang='grc' dir='ltr'>Καὶ</span> <span class='ocrx_word' id='word_1_375' title='bbox 1429 2690 1458 2742; x_wconf 90' lang='lat'><strong>6</strong></span> <span class='ocrx_word' id='word_1_376' title='bbox 1485 2688 1584 2758; x_wconf 77' lang='grc' dir='ltr'><strong>μὲν</strong></span> <span class='ocrx_word' id='word_1_377' title='bbox 1619 2690 1854 2743; x_wconf 56' lang='lat' dir='ltr'><strong>Basilii-</strong></span> 
     </span>
    </p>
   </div>
   <div class='ocr_carea' id='block_1_53' title="bbox 1961 2686 3534 2759">
    <p class='ocr_par' dir='ltr' id='par_1_53' title="bbox 1963 2689 3534 2757">
     <span class='ocr_line' id='line_1_53' title="bbox 1963 2689 3534 2757; baseline -0.002 -13"><span class='ocrx_word' id='word_1_378' title='bbox 1963 2689 2154 2744; x_wconf 88' lang='lat' dir='ltr'><strong>silacio</strong></span> <span class='ocrx_word' id='word_1_379' title='bbox 2194 2689 2474 2752; x_wconf 86' lang='lat' dir='ltr'><strong>admisso,</strong></span> <span class='ocrx_word' id='word_1_380' title='bbox 2518 2699 2703 2757; x_wconf 86' lang='lat' dir='ltr'><strong>portas</strong></span> <span class='ocrx_word' id='word_1_381' title='bbox 2757 2689 2946 2742; x_wconf 78' lang='lat' dir='ltr'><strong>Alexio</strong></span> <span class='ocrx_word' id='word_1_382' title='bbox 2997 2689 3276 2742; x_wconf 86' lang='lat' dir='ltr'><strong>claudunt.</strong></span> <span class='ocrx_word' id='word_1_383' title='bbox 3319 2689 3391 2741; x_wconf 85' lang='lat' dir='ltr'><strong>Ea</strong></span> <span class='ocrx_word' id='word_1_384' title='bbox 3446 2706 3534 2742; x_wconf 60' lang='lat' dir='ltr'><strong>res</strong></span> 
     </span>
    </p>
   </div>
   <div class='ocr_carea' id='block_1_54' title="bbox 269 2777 1858 2850">
    <p class='ocr_par' dir='ltr' id='par_1_54' title="bbox 269 2779 1856 2850">
     <span class='ocr_line' id='line_1_54' title="bbox 269 2779 1856 2850; baseline 0 -18"><span class='ocrx_word' id='word_1_385' title='bbox 269 2797 400 2842; x_wconf 84' lang='grc' dir='ltr'>κιος</span> <span class='ocrx_word' id='word_1_386' title='bbox 466 2780 704 2850; x_wconf 77' lang='grc' dir='ltr'>πρόσθεν</span> <span class='ocrx_word' id='word_1_387' title='bbox 778 2781 1032 2849; x_wconf 77' lang='grc' dir='ltr'>ἔφευγεν,</span> <span class='ocrx_word' id='word_1_388' title='bbox 1088 2780 1192 2834; x_wconf 82' lang='grc' dir='ltr'>ὁδὲ</span> <span class='ocrx_word' id='word_1_389' title='bbox 1265 2779 1549 2850; x_wconf 85' lang='grc' dir='ltr'>Κομνηνδς</span> <span class='ocrx_word' id='word_1_390' title='bbox 1616 2779 1856 2844; x_wconf 75' lang='grc' dir='ltr'>Ἀλέξιος</span> 
     </span>
    </p>
   </div>
   <div class='ocr_carea' id='block_1_55' title="bbox 1961 2777 3531 2850">
    <p class='ocr_par' dir='ltr' id='par_1_55' title="bbox 1966 2777 3531 2848">
     <span class='ocr_line' id='line_1_55' title="bbox 1966 2777 3531 2848; baseline 0.001 -20"><span class='ocrx_word' id='word_1_391' title='bbox 1966 2778 2134 2848; x_wconf 90' lang='lat' dir='ltr'><strong>patris</strong></span> <span class='ocrx_word' id='word_1_392' title='bbox 2165 2779 2264 2831; x_wconf 90' lang='lat' dir='ltr'><strong>mei</strong></span> <span class='ocrx_word' id='word_1_393' title='bbox 2303 2794 2408 2831; x_wconf 92' lang='lat' dir='ltr'><strong>non</strong></span> <span class='ocrx_word' id='word_1_394' title='bbox 2452 2777 2668 2847; x_wconf 73' lang='lat' dir='ltr'><strong>illfl‘Pgit</strong></span> <span class='ocrx_word' id='word_1_395' title='bbox 2702 2779 2937 2831; x_wconf 87' lang='lat' dir='ltr'><strong>animum</strong></span> <span class='ocrx_word' id='word_1_396' title='bbox 2979 2795 2991 2831; x_wconf 92' lang='lat'><strong>:</strong></span> <span class='ocrx_word' id='word_1_397' title='bbox 3033 2779 3163 2846; x_wconf 90' lang='lat' dir='ltr'><strong>quin</strong></span> <span class='ocrx_word' id='word_1_398' title='bbox 3190 2780 3531 2832; x_wconf 85' lang='lat' dir='ltr'><strong>necloricam</strong></span> 
     </span>
    </p>
   </div>
   <div class='ocr_carea' id='block_1_56' title="bbox 263 2869 1858 2940">
    <p class='ocr_par' dir='ltr' id='par_1_56' title="bbox 263 2870 1855 2940">
     <span class='ocr_line' id='line_1_56' title="bbox 263 2870 1855 2940; baseline -0.001 -15"><span class='ocrx_word' id='word_1_399' title='bbox 263 2872 502 2926; x_wconf 73' lang='grc' dir='ltr'>ἐδίωκε.</span> <span class='ocrx_word' id='word_1_400' title='bbox 537 2870 974 2926; x_wconf 84' lang='grc' dir='ltr'>Καταλαϐόντων</span> <span class='ocrx_word' id='word_1_401' title='bbox 1005 2872 1061 2924; x_wconf 82' lang='grc' dir='ltr'>δὲ</span> <span class='ocrx_word' id='word_1_402' title='bbox 1091 2874 1170 2934; x_wconf 88' lang='grc' dir='ltr'>εἰς</span> <span class='ocrx_word' id='word_1_403' title='bbox 1202 2871 1633 2940; x_wconf 80' lang='grc' dir='ltr'>Θεσσαλονίκην,</span> <span class='ocrx_word' id='word_1_404' title='bbox 1693 2870 1855 2935; x_wconf 78' lang='grc' dir='ltr'>εὐθὺς</span> 
     </span>
    </p>
   </div>
   <div class='ocr_carea' id='block_1_57' title="bbox 1961 2869 3535 2940">
    <p class='ocr_par' dir='ltr' id='par_1_57' title="bbox 1965 2869 3535 2940">
     <span class='ocr_line' id='line_1_57' title="bbox 1965 2869 3535 2940; baseline -0.002 -15"><span class='ocrx_word' id='word_1_405' title='bbox 1965 2870 2136 2934; x_wconf 80' lang='lat' dir='ltr'><strong>exuit,</strong></span> <span class='ocrx_word' id='word_1_406' title='bbox 2184 2886 2283 2924; x_wconf 90' lang='lat' dir='ltr'><strong>nec</strong></span> <span class='ocrx_word' id='word_1_407' title='bbox 2314 2871 2523 2940; x_wconf 80' lang='lat' dir='ltr'><strong>galeam</strong></span> <span class='ocrx_word' id='word_1_408' title='bbox 2559 2871 2664 2938; x_wconf 78' lang='lat'><strong>22</strong></span> <span class='ocrx_word' id='word_1_409' title='bbox 2703 2871 2902 2939; x_wconf 86' lang='lat' dir='ltr'><strong>posuit,</strong></span> <span class='ocrx_word' id='word_1_410' title='bbox 2945 2885 3041 2925; x_wconf 81' lang='lat' dir='ltr'><strong>nec</strong></span> <span class='ocrx_word' id='word_1_411' title='bbox 3071 2869 3328 2925; x_wconf 86' lang='lat' dir='ltr'><strong>humeros</strong></span> <span class='ocrx_word' id='word_1_412' title='bbox 3347 2873 3535 2940; x_wconf 61' lang='lat' dir='ltr'><strong>clypeo</strong></span> 
     </span>
    </p>
   </div>
   <div class='ocr_carea' id='block_1_58' title="bbox 268 2961 1858 3032">
    <p class='ocr_par' dir='ltr' id='par_1_58' title="bbox 268 2961 1858 3032">
     <span class='ocr_line' id='line_1_58' title="bbox 268 2961 1858 3032; baseline -0.001 -16"><span class='ocrx_word' id='word_1_413' title='bbox 268 2965 326 3016; x_wconf 85' lang='grc' dir='ltr'>οἱ</span> <span class='ocrx_word' id='word_1_414' title='bbox 360 2962 782 3025; x_wconf 83' lang='grc' dir='ltr'>Θεσσαλονικεῖς</span> <span class='ocrx_word' id='word_1_415' title='bbox 811 2964 900 3016; x_wconf 82' lang='grc' dir='ltr'><strong>τὸν</strong></span> <span class='ocrx_word' id='word_1_416' title='bbox 927 2962 1252 3016; x_wconf 72' lang='grc' dir='ltr'>Ιῖασιλάκιον</span> <span class='ocrx_word' id='word_1_417' title='bbox 1285 2961 1557 3026; x_wconf 78' lang='grc' dir='ltr'>ἐδέξαντο,</span> <span class='ocrx_word' id='word_1_418' title='bbox 1589 2961 1666 3032; x_wconf 77' lang='grc' dir='ltr'>τῷ</span> <span class='ocrx_word' id='word_1_419' title='bbox 1692 2979 1858 3032; x_wconf 77' lang='grc' dir='ltr'>στρα-</span> 
     </span>
    </p>
   </div>
   <div class='ocr_carea' id='block_1_59' title="bbox 1961 2961 3539 3032">
    <p class='ocr_par' dir='ltr' id='par_1_59' title="bbox 1966 2963 3539 3030">
     <span class='ocr_line' id='line_1_59' title="bbox 1966 2963 3539 3030; baseline -0.002 -13"><span class='ocrx_word' id='word_1_420' title='bbox 1966 2963 2212 3028; x_wconf 83' lang='lat' dir='ltr'><strong>nudavit,</strong></span> <span class='ocrx_word' id='word_1_421' title='bbox 2242 2979 2341 3015; x_wconf 91' lang='lat' dir='ltr'><strong>nec</strong></span> <span class='ocrx_word' id='word_1_422' title='bbox 2383 2979 2566 3015; x_wconf 80' lang='lat' dir='ltr'><strong>ensem</strong></span> <span class='ocrx_word' id='word_1_423' title='bbox 2609 2963 2830 3030; x_wconf 74' lang='lat' dir='ltr'><strong>abiecit,</strong></span> <span class='ocrx_word' id='word_1_424' title='bbox 2865 2963 2956 3015; x_wconf 78' lang='lat' dir='ltr'><strong>sed</strong></span> <span class='ocrx_word' id='word_1_425' title='bbox 3000 2973 3176 3016; x_wconf 88' lang='lat' dir='ltr'><strong>castra</strong></span> <span class='ocrx_word' id='word_1_426' title='bbox 3214 2965 3396 3016; x_wconf 84' lang='lat' dir='ltr'><strong>statim</strong></span> <span class='ocrx_word' id='word_1_427' title='bbox 3425 2978 3539 3014; x_wconf 88' lang='lat' dir='ltr'><strong>me-</strong></span> 
     </span>
    </p>
   </div>
   <div class='ocr_carea' id='block_1_60' title="bbox 267 3050 1858 3125">
    <p class='ocr_par' dir='ltr' id='par_1_60' title="bbox 267 3054 1854 3125">
     <span class='ocr_line' id='line_1_60' title="bbox 267 3054 1854 3125; baseline -0.01 -2"><span class='ocrx_word' id='word_1_428' title='bbox 267 3055 439 3125; x_wconf 65' lang='grc' dir='ltr'>’πηγῷ</span> <span class='ocrx_word' id='word_1_429' title='bbox 483 3055 930 3123; x_wconf 72' lang='grc' dir='ltr'>ἐπιξυγώσαντες</span> <span class='ocrx_word' id='word_1_430' title='bbox 959 3054 1302 3125; x_wconf 83' lang='grc' dir='ltr'>παραχρῆμα</span> <span class='ocrx_word' id='word_1_431' title='bbox 1330 3055 1429 3118; x_wconf 76' lang='grc' dir='ltr'><strong>τὰς</strong></span> <span class='ocrx_word' id='word_1_432' title='bbox 1477 3054 1672 3118; x_wconf 83' lang='grc' dir='ltr'>πύλας.</span> <span class='ocrx_word' id='word_1_433' title='bbox 1721 3057 1854 3107; x_wconf 79' lang='grc' dir='ltr'>Ἀλλ’</span> 
     </span>
    </p>
   </div>
   <div class='ocr_carea' id='block_1_61' title="bbox 1961 3050 3534 3125">
    <p class='ocr_par' dir='ltr' id='par_1_61' title="bbox 1970 3050 3534 3121">
     <span class='ocr_line' id='line_1_61' title="bbox 1970 3050 3534 3121; baseline -0.005 -15"><span class='ocrx_word' id='word_1_434' title='bbox 1970 3065 2110 3107; x_wconf 89' lang='lat' dir='ltr'><strong>tatus</strong></span> <span class='ocrx_word' id='word_1_435' title='bbox 2144 3052 2600 3121; x_wconf 81' lang='lat' dir='ltr'><strong>Oppugnationem</strong></span> <span class='ocrx_word' id='word_1_436' title='bbox 2632 3060 2685 3104; x_wconf 90' lang='lat' dir='ltr'><strong>et</strong></span> <span class='ocrx_word' id='word_1_437' title='bbox 2725 3051 3085 3120; x_wconf 86' lang='lat' dir='ltr'><strong>direptionem</strong></span> <span class='ocrx_word' id='word_1_438' title='bbox 3131 3051 3248 3101; x_wconf 89' lang='lat' dir='ltr'><strong>urhi</strong></span> <span class='ocrx_word' id='word_1_439' title='bbox 3294 3050 3480 3100; x_wconf 73' lang='lat' dir='ltr'><strong>minati</strong></span> <span class='ocrx_word' id='word_1_440' title='bbox 3508 3065 3534 3104; x_wconf 86' lang='lat' dir='ltr'><strong>s</strong></span> 
     </span>
    </p>
   </div>
   <div class='ocr_carea' id='block_1_62' title="bbox 269 3143 1858 3217">
    <p class='ocr_par' dir='ltr' id='par_1_62' title="bbox 269 3146 1858 3217">
     <span class='ocr_line' id='line_1_62' title="bbox 269 3146 1858 3217; baseline -0.001 -16"><span class='ocrx_word' id='word_1_441' title='bbox 269 3149 396 3201; x_wconf 74' lang='grc' dir='ltr'>οὐδ’</span> <span class='ocrx_word' id='word_1_442' title='bbox 425 3146 503 3210; x_wconf 76' lang='grc' dir='ltr'>ὣς</span> <span class='ocrx_word' id='word_1_443' title='bbox 533 3147 737 3217; x_wconf 79' lang='grc' dir='ltr'>ἀνῆκεν</span> <span class='ocrx_word' id='word_1_444' title='bbox 763 3149 789 3200; x_wconf 89' lang='lat'><strong>6</strong></span> <span class='ocrx_word' id='word_1_445' title='bbox 817 3149 951 3214; x_wconf 76' lang='grc' dir='ltr'><strong>ἐμὸς</strong></span> <span class='ocrx_word' id='word_1_446' title='bbox 979 3147 1188 3216; x_wconf 80' lang='grc' dir='ltr'>πατὴρ,</span> <span class='ocrx_word' id='word_1_447' title='bbox 1227 3146 1336 3198; x_wconf 75' lang='grc' dir='ltr'>οὐδ’</span> <span class='ocrx_word' id='word_1_448' title='bbox 1393 3146 1702 3199; x_wconf 81' lang='grc' dir='ltr'>ἀπεδύσατο</span> <span class='ocrx_word' id='word_1_449' title='bbox 1752 3146 1858 3199; x_wconf 86' lang='grc' dir='ltr'><strong>θὼ-</strong></span> 
     </span>
    </p>
   </div>
   <div class='ocr_carea' id='block_1_63' title="bbox 1961 3143 3532 3217">
    <p class='ocr_par' dir='ltr' id='par_1_63' title="bbox 1962 3143 3532 3210">
     <span class='ocr_line' id='line_1_63' title="bbox 1962 3143 3532 3210; baseline -0.003 -12"><span class='ocrx_word' id='word_1_450' title='bbox 1962 3153 2066 3199; x_wconf 87' lang='lat' dir='ltr'><strong>est.</strong></span> <span class='ocrx_word' id='word_1_451' title='bbox 2101 3143 2238 3210; x_wconf 87' lang='lat' dir='ltr'><strong>Quia</strong></span> <span class='ocrx_word' id='word_1_452' title='bbox 2270 3160 2398 3198; x_wconf 86' lang='lat' dir='ltr'><strong>vero</strong></span> <span class='ocrx_word' id='word_1_453' title='bbox 2429 3159 2666 3210; x_wconf 85' lang='lat' dir='ltr'><strong>servare,</strong></span> <span class='ocrx_word' id='word_1_454' title='bbox 2701 3159 2763 3196; x_wconf 84' lang='lat' dir='ltr'><strong>ac</strong></span> <span class='ocrx_word' id='word_1_455' title='bbox 2784 3145 2962 3196; x_wconf 85' lang='lat' dir='ltr'><strong>vivum</strong></span> <span class='ocrx_word' id='word_1_456' title='bbox 2990 3158 3182 3210; x_wconf 67' lang='lat' dir='ltr'><strong>carem-</strong></span> <span class='ocrx_word' id='word_1_457' title='bbox 3210 3143 3532 3196; x_wconf 74' lang='lat' dir='ltr'><strong>Bas&#39;lacinm</strong></span> 
     </span>
    </p>
   </div>
   <div class='ocr_carea' id='block_1_64' title="bbox 273 3233 1858 3312">
    <p class='ocr_par' dir='ltr' id='par_1_64' title="bbox 273 3238 1858 3312">
     <span class='ocr_line' id='line_1_64' title="bbox 273 3238 1858 3312; baseline -0.001 -18"><span class='ocrx_word' id='word_1_458' title='bbox 273 3254 458 3312; x_wconf 76' lang='grc' dir='ltr'>ρακα,</span> <span class='ocrx_word' id='word_1_459' title='bbox 524 3240 743 3294; x_wconf 73' lang='grc' dir='ltr'>οὐδὲτὸ</span> <span class='ocrx_word' id='word_1_460' title='bbox 783 3241 983 3310; x_wconf 73' lang='grc' dir='ltr'>κράνος</span> <span class='ocrx_word' id='word_1_461' title='bbox 1038 3240 1299 3304; x_wconf 76' lang='grc' dir='ltr'>ἀπέθετο,</span> <span class='ocrx_word' id='word_1_462' title='bbox 1337 3238 1457 3292; x_wconf 77' lang='grc' dir='ltr'>οὐδὲ</span> <span class='ocrx_word' id='word_1_463' title='bbox 1511 3238 1612 3308; x_wconf 84' lang='grc' dir='ltr'><strong>τὴν</strong></span> <span class='ocrx_word' id='word_1_464' title='bbox 1659 3240 1858 3293; x_wconf 73' lang='grc' dir='ltr'>ἀσπίδα</span> 
     </span>
    </p>
   </div>
   <div class='ocr_carea' id='block_1_65' title="bbox 1961 3233 3538 3312">
    <p class='ocr_par' dir='ltr' id='par_1_65' title="bbox 1965 3233 3538 3306">
     <span class='ocr_line' id='line_1_65' title="bbox 1965 3233 3538 3306; baseline -0.003 -16"><span class='ocrx_word' id='word_1_465' title='bbox 1965 3237 2216 3298; x_wconf 86' lang='lat' dir='ltr'><strong>malebat,</strong></span> <span class='ocrx_word' id='word_1_466' title='bbox 2250 3252 2345 3306; x_wconf 90' lang='lat' dir='ltr'><strong>per</strong></span> <span class='ocrx_word' id='word_1_467' title='bbox 2378 3236 2704 3289; x_wconf 88' lang='lat' dir='ltr'><strong>monachum</strong></span> <span class='ocrx_word' id='word_1_468' title='bbox 2740 3233 3082 3288; x_wconf 84' lang='lat' dir='ltr'><strong>Joannicium</strong></span> <span class='ocrx_word' id='word_1_469' title='bbox 3137 3245 3394 3303; x_wconf 65' lang='lat' dir='ltr'><strong>spectata:</strong></span> <span class='ocrx_word' id='word_1_470' title='bbox 3429 3235 3538 3287; x_wconf 89' lang='lat' dir='ltr'><strong>vir-</strong></span> 
     </span>
    </p>
   </div>
   <div class='ocr_carea' id='block_1_66' title="bbox 272 3326 1858 3402">
    <p class='ocr_par' dir='ltr' id='par_1_66' title="bbox 272 3331 1858 3402">
     <span class='ocr_line' id='line_1_66' title="bbox 272 3331 1858 3402; baseline 0.001 -18"><span class='ocrx_word' id='word_1_471' title='bbox 272 3334 394 3384; x_wconf 78' lang='grc' dir='ltr'>τῶν</span> <span class='ocrx_word' id='word_1_472' title='bbox 425 3331 594 3402; x_wconf 77' lang='grc' dir='ltr'>ὤμων</span> <span class='ocrx_word' id='word_1_473' title='bbox 627 3335 850 3401; x_wconf 83' lang='grc' dir='ltr'>παρεῖτο</span> <span class='ocrx_word' id='word_1_474' title='bbox 886 3331 1006 3384; x_wconf 78' lang='grc' dir='ltr'>οὐδὲ</span> <span class='ocrx_word' id='word_1_475' title='bbox 1042 3331 1102 3383; x_wconf 67' lang='grc' dir='ltr'><strong>τό</strong></span> <span class='ocrx_word' id='word_1_476' title='bbox 1144 3332 1297 3399; x_wconf 74' lang='grc' dir='ltr'>ξίφος</span> <span class='ocrx_word' id='word_1_477' title='bbox 1346 3331 1673 3402; x_wconf 76' lang='grc' dir='ltr'>ἀπέρριψεν,</span> <span class='ocrx_word' id='word_1_478' title='bbox 1725 3333 1858 3386; x_wconf 72' lang='grc' dir='ltr'>ἀλλά</span> 
     </span>
    </p>
   </div>
   <div class='ocr_carea' id='block_1_67' title="bbox 1961 3326 3538 3402">
    <p class='ocr_par' dir='ltr' id='par_1_67' title="bbox 1967 3326 3538 3397">
     <span class='ocr_line' id='line_1_67' title="bbox 1967 3326 3538 3397; baseline -0.003 -15"><span class='ocrx_word' id='word_1_479' title='bbox 1967 3330 2096 3383; x_wconf 92' lang='lat' dir='ltr'><strong>tutis</strong></span> <span class='ocrx_word' id='word_1_480' title='bbox 2133 3329 2304 3380; x_wconf 81' lang='lat' dir='ltr'><strong>virum</strong></span> <span class='ocrx_word' id='word_1_481' title='bbox 2343 3343 2502 3397; x_wconf 84' lang='lat' dir='ltr'><strong>agere</strong></span> <span class='ocrx_word' id='word_1_482' title='bbox 2524 3342 2648 3382; x_wconf 93' lang='lat' dir='ltr'><strong>cum</strong></span> <span class='ocrx_word' id='word_1_483' title='bbox 2691 3342 2754 3381; x_wconf 87' lang='lat' dir='ltr'><strong>eo</strong></span> <span class='ocrx_word' id='word_1_484' title='bbox 2793 3327 2859 3380; x_wconf 87' lang='lat' dir='ltr'><strong>de</strong></span> <span class='ocrx_word' id='word_1_485' title='bbox 2895 3342 3026 3396; x_wconf 88' lang='lat' dir='ltr'><strong>pace</strong></span> <span class='ocrx_word' id='word_1_486' title='bbox 3106 3328 3325 3392; x_wconf 81' lang='lat' dir='ltr'><strong>inStitit,</strong></span> <span class='ocrx_word' id='word_1_487' title='bbox 3381 3326 3538 3380; x_wconf 84' lang='lat' dir='ltr'><strong>l‘ntem</strong></span> 
     </span>
    </p>
   </div>
   <div class='ocr_carea' id='block_1_68' title="bbox 279 3419 1858 3492">
    <p class='ocr_par' dir='ltr' id='par_1_68' title="bbox 279 3421 1858 3492">
     <span class='ocr_line' id='line_1_68' title="bbox 279 3421 1858 3492; baseline -0.001 -17"><span class='ocrx_word' id='word_1_488' title='bbox 279 3421 766 3491; x_wconf 73' lang='grc' dir='ltr'>στρατοπεδεύσας</span> <span class='ocrx_word' id='word_1_489' title='bbox 817 3422 1033 3491; x_wconf 72' lang='grc' dir='ltr'>ἠπείλει</span> <span class='ocrx_word' id='word_1_490' title='bbox 1087 3421 1446 3491; x_wconf 73' lang='grc' dir='ltr'>τειχομαχίας</span> <span class='ocrx_word' id='word_1_491' title='bbox 1476 3423 1544 3492; x_wconf 78' lang='grc' dir='ltr'>τῇ</span> <span class='ocrx_word' id='word_1_492' title='bbox 1579 3422 1730 3473; x_wconf 82' lang='grc' dir='ltr'>πόλει</span> <span class='ocrx_word' id='word_1_493' title='bbox 1767 3426 1858 3474; x_wconf 71' lang='grc' dir='ltr'><strong>καὶ</strong></span> 
     </span>
    </p>
   </div>
   <div class='ocr_carea' id='block_1_69' title="bbox 1961 3419 3535 3492">
    <p class='ocr_par' dir='ltr' id='par_1_69' title="bbox 1963 3419 3535 3482">
     <span class='ocr_line' id='line_1_69' title="bbox 1963 3419 3535 3482; baseline -0.003 -8"><span class='ocrx_word' id='word_1_494' title='bbox 1963 3421 2137 3482; x_wconf 85' lang='lat' dir='ltr'><strong>dans.</strong></span> <span class='ocrx_word' id='word_1_495' title='bbox 2180 3420 2223 3474; x_wconf 92' lang='lat' dir='ltr'><strong>si</strong></span> <span class='ocrx_word' id='word_1_496' title='bbox 2277 3433 2336 3474; x_wconf 91' lang='lat' dir='ltr'><strong>se</strong></span> <span class='ocrx_word' id='word_1_497' title='bbox 2368 3420 2442 3472; x_wconf 93' lang='lat' dir='ltr'><strong>illi</strong></span> <span class='ocrx_word' id='word_1_498' title='bbox 2486 3434 2608 3472; x_wconf 90' lang='lat' dir='ltr'><strong>cum</strong></span> <span class='ocrx_word' id='word_1_499' title='bbox 2661 3419 2888 3472; x_wconf 83' lang='lat' dir='ltr'><strong>civitate</strong></span> <span class='ocrx_word' id='word_1_500' title='bbox 2917 3419 3173 3480; x_wconf 80' lang='lat' dir='ltr'><strong>dederet,</strong></span> <span class='ocrx_word' id='word_1_501' title='bbox 3220 3419 3353 3471; x_wconf 88' lang='lat' dir='ltr'><strong>nihil</strong></span> <span class='ocrx_word' id='word_1_502' title='bbox 3389 3419 3535 3471; x_wconf 90' lang='lat' dir='ltr'><strong>illum</strong></span> 
     </span>
    </p>
   </div>
   <div class='ocr_carea' id='block_1_70' title="bbox 280 3510 1858 3584">
    <p class='ocr_par' dir='ltr' id='par_1_70' title="bbox 280 3513 1858 3584">
     <span class='ocr_line' id='line_1_70' title="bbox 280 3513 1858 3584; baseline 0.001 -19"><span class='ocrx_word' id='word_1_503' title='bbox 280 3515 560 3583; x_wconf 72' lang='grc' dir='ltr'>πόρθησιν</span> <span class='ocrx_word' id='word_1_504' title='bbox 588 3515 868 3583; x_wconf 85' lang='grc' dir='ltr'>ἄντικρυς,</span> <span class='ocrx_word' id='word_1_505' title='bbox 909 3513 1004 3566; x_wconf 71' lang='grc' dir='ltr'>καὶ</span> <span class='ocrx_word' id='word_1_506' title='bbox 1028 3513 1226 3565; x_wconf 69' lang='grc' dir='ltr'>ἐθέλων</span> <span class='ocrx_word' id='word_1_507' title='bbox 1246 3514 1510 3566; x_wconf 82' lang='grc' dir='ltr'>διασῶσαι</span> <span class='ocrx_word' id='word_1_508' title='bbox 1543 3513 1633 3566; x_wconf 80' lang='grc' dir='ltr'><strong>τὸν</strong></span> <span class='ocrx_word' id='word_1_509' title='bbox 1668 3515 1858 3584; x_wconf 85' lang='grc' dir='ltr'>ἄνδρα,</span> 
     </span>
    </p>
   </div>
   <div class='ocr_carea' id='block_1_71' title="bbox 1961 3510 3542 3584">
    <p class='ocr_par' dir='ltr' id='par_1_71' title="bbox 1964 3510 3542 3582">
     <span class='ocr_line' id='line_1_71' title="bbox 1964 3510 3542 3582; baseline -0.004 -15"><span class='ocrx_word' id='word_1_510' title='bbox 1964 3513 2295 3567; x_wconf 87' lang='lat' dir='ltr'><strong>incommodi</strong></span> <span class='ocrx_word' id='word_1_511' title='bbox 2326 3528 2640 3582; x_wconf 87' lang='lat' dir='ltr'><strong>passurum.</strong></span> <span class='ocrx_word' id='word_1_512' title='bbox 2677 3511 2755 3565; x_wconf 87' lang='lat' dir='ltr'><strong>Ad</strong></span> <span class='ocrx_word' id='word_1_513' title='bbox 2796 3512 2910 3566; x_wconf 55' lang='lat' dir='ltr'><strong>hac</strong></span> <span class='ocrx_word' id='word_1_514' title='bbox 2936 3511 3360 3566; x_wconf 67' lang='lat' dir='ltr'><strong>obsurdcserute</strong></span> <span class='ocrx_word' id='word_1_515' title='bbox 3392 3510 3542 3562; x_wconf 85' lang='lat' dir='ltr'><strong>Basi-</strong></span> 
     </span>
    </p>
   </div>
   <div class='ocr_carea' id='block_1_72' title="bbox 271 3599 1858 3676">
    <p class='ocr_par' dir='ltr' id='par_1_72' title="bbox 271 3603 1858 3676">
     <span class='ocr_line' id='line_1_72' title="bbox 271 3603 1858 3676; baseline 0 -18"><span class='ocrx_word' id='word_1_516' title='bbox 271 3608 370 3658; x_wconf 73' lang='grc' dir='ltr'>ὖιὰ</span> <span class='ocrx_word' id='word_1_517' title='bbox 403 3609 500 3658; x_wconf 69' lang='grc' dir='ltr'>τοῦ</span> <span class='ocrx_word' id='word_1_518' title='bbox 532 3606 974 3676; x_wconf 77' lang='grc' dir='ltr'>συνεφεπομένου</span> <span class='ocrx_word' id='word_1_519' title='bbox 1024 3604 1172 3671; x_wconf 83' lang='grc' dir='ltr'>αύτῷ</span> <span class='ocrx_word' id='word_1_520' title='bbox 1224 3605 1458 3676; x_wconf 83' lang='grc' dir='ltr'>μοναχοῦ</span> <span class='ocrx_word' id='word_1_521' title='bbox 1531 3603 1858 3659; x_wconf 78' lang='grc' dir='ltr'>Ἰωαννικίου</span> 
     </span>
    </p>
   </div>
   <div class='ocr_carea' id='block_1_73' title="bbox 1961 3599 3541 3676">
    <p class='ocr_par' dir='ltr' id='par_1_73' title="bbox 1966 3599 3541 3671">
     <span class='ocr_line' id='line_1_73' title="bbox 1966 3599 3541 3671; baseline -0.006 -12"><span class='ocrx_word' id='word_1_522' title='bbox 1966 3605 2111 3660; x_wconf 73' lang='grc' dir='ltr'>ιιιιτίο</span> <span class='ocrx_word' id='word_1_523' title='bbox 2139 3646 2152 3671; x_wconf 93' lang='grc'><strong>,</strong></span> <span class='ocrx_word' id='word_1_524' title='bbox 2186 3605 2714 3660; x_wconf 71' lang='grc' dir='ltr'>Τιιθεειιιοηίοθιιεθε</span> <span class='ocrx_word' id='word_1_525' title='bbox 2772 3618 2868 3656; x_wconf 89' lang='lat' dir='ltr'><strong>sua</strong></span> <span class='ocrx_word' id='word_1_526' title='bbox 2922 3610 3182 3655; x_wconf 87' lang='lat' dir='ltr'><strong>curantes</strong></span> <span class='ocrx_word' id='word_1_527' title='bbox 3213 3639 3229 3664; x_wconf 87' lang='lat'><strong>,</strong></span> <span class='ocrx_word' id='word_1_528' title='bbox 3277 3599 3541 3666; x_wconf 85' lang='lat' dir='ltr'><strong>veritique</strong></span> 
     </span>
    </p>
   </div>
   <div class='ocr_carea' id='block_1_74' title="bbox 275 3689 1858 3768">
    <p class='ocr_par' dir='ltr' id='par_1_74' title="bbox 275 3691 1858 3768">
     <span class='ocr_line' id='line_1_74' title="bbox 275 3691 1858 3768; baseline -0.001 -19"><span class='ocrx_word' id='word_1_529' title='bbox 275 3699 448 3767; x_wconf 69' lang='grc' dir='ltr'>(ἀνὴρ</span> <span class='ocrx_word' id='word_1_530' title='bbox 483 3697 539 3749; x_wconf 77' lang='grc' dir='ltr'>δὲ</span> <span class='ocrx_word' id='word_1_531' title='bbox 571 3691 723 3760; x_wconf 71' lang='grc' dir='ltr'>οὗτος</span> <span class='ocrx_word' id='word_1_532' title='bbox 761 3697 849 3750; x_wconf 80' lang='grc' dir='ltr'><strong>ἐπ’</strong></span> <span class='ocrx_word' id='word_1_533' title='bbox 885 3697 1052 3766; x_wconf 77' lang='grc' dir='ltr'>ἀρετῇ</span> <span class='ocrx_word' id='word_1_534' title='bbox 1086 3695 1392 3766; x_wconf 82' lang='grc' dir='ltr'>διαϐόητος)</span> <span class='ocrx_word' id='word_1_535' title='bbox 1426 3697 1493 3750; x_wconf 71' lang='grc' dir='ltr'><strong>τὰ</strong></span> <span class='ocrx_word' id='word_1_536' title='bbox 1540 3699 1669 3768; x_wconf 73' lang='grc' dir='ltr'>περὶ</span> <span class='ocrx_word' id='word_1_537' title='bbox 1699 3699 1858 3768; x_wconf 74' lang='grc' dir='ltr'>εἰρή-</span> 
     </span>
    </p>
   </div>
   <div class='ocr_carea' id='block_1_75' title="bbox 1961 3689 3542 3768">
    <p class='ocr_par' dir='ltr' id='par_1_75' title="bbox 1966 3689 3542 3766">
     <span class='ocr_line' id='line_1_75' title="bbox 1966 3689 3542 3766; baseline -0.009 -14"><span class='ocrx_word' id='word_1_538' title='bbox 1966 3697 2325 3766; x_wconf 88' lang='lat' dir='ltr'><strong>direptionem</strong></span> <span class='ocrx_word' id='word_1_539' title='bbox 2377 3693 2655 3758; x_wconf 88' lang='lat' dir='ltr'><strong>civitatis,</strong></span> <span class='ocrx_word' id='word_1_540' title='bbox 2719 3694 2840 3760; x_wconf 86' lang='lat' dir='ltr'><strong>ejus</strong></span> <span class='ocrx_word' id='word_1_541' title='bbox 2897 3693 3200 3757; x_wconf 74' lang='lat' dir='ltr'><strong>ingressum</strong></span> <span class='ocrx_word' id='word_1_542' title='bbox 3261 3689 3542 3741; x_wconf 79' lang='lat' dir='ltr'><strong>Comneno</strong></span> 
     </span>
    </p>
   </div>
   <div class='ocr_carea' id='block_1_76' title="bbox 1885 3105 1930 3167">
    <p class='ocr_par' dir='ltr' id='par_1_76' title="bbox 1885 3105 1930 3167">
     <span class='ocr_line' id='line_1_76' title="bbox 1885 3105 1930 3167; baseline 0 0"><span class='ocrx_word' id='word_1_543' title='bbox 1885 3105 1930 3167; x_wconf 88' lang='lat' dir='ltr'><strong>C</strong></span> 
     </span>
    </p>
   </div>
   <div class='ocr_carea' id='block_1_77' title="bbox 279 3785 1865 3862">
    <p class='ocr_par' dir='ltr' id='par_1_77' title="bbox 279 3785 1865 3862">
     <span class='ocr_line' id='line_1_77' title="bbox 279 3785 1865 3862; baseline -0.003 -19"><span class='ocrx_word' id='word_1_544' title='bbox 279 3810 382 3862; x_wconf 75' lang='grc' dir='ltr'>νης</span> <span class='ocrx_word' id='word_1_545' title='bbox 415 3790 559 3857; x_wconf 70' lang='grc' dir='ltr'>πρὸς</span> <span class='ocrx_word' id='word_1_546' title='bbox 590 3789 684 3840; x_wconf 85' lang='grc' dir='ltr'><strong>τδν</strong></span> <span class='ocrx_word' id='word_1_547' title='bbox 715 3789 1047 3841; x_wconf 74' lang='grc' dir='ltr'>Βασιλάκιον</span> <span class='ocrx_word' id='word_1_548' title='bbox 1082 3785 1297 3858; x_wconf 79' lang='grc' dir='ltr'>ἠρώτα,</span> <span class='ocrx_word' id='word_1_549' title='bbox 1333 3787 1474 3840; x_wconf 82' lang='grc' dir='ltr'>ὥστε</span> <span class='ocrx_word' id='word_1_550' title='bbox 1506 3789 1603 3850; x_wconf 85' lang='grc' dir='ltr'>τὰς</span> <span class='ocrx_word' id='word_1_551' title='bbox 1651 3789 1865 3852; x_wconf 81' lang='grc' dir='ltr'>πίστεις</span> 
     </span>
    </p>
   </div>
   <div class='ocr_carea' id='block_1_78' title="bbox 278 3876 1866 3949">
    <p class='ocr_par' dir='ltr' id='par_1_78' title="bbox 278 3876 1866 3949">
     <span class='ocr_line' id='line_1_78' title="bbox 278 3876 1866 3949; baseline -0.002 -18"><span class='ocrx_word' id='word_1_552' title='bbox 278 3880 523 3934; x_wconf 86' lang='grc' dir='ltr'>λαϐόντα</span> <span class='ocrx_word' id='word_1_553' title='bbox 557 3879 726 3949; x_wconf 76' lang='grc' dir='ltr'>μηδὲν</span> <span class='ocrx_word' id='word_1_554' title='bbox 768 3876 938 3930; x_wconf 72' lang='grc' dir='ltr'>δεινὸν</span> <span class='ocrx_word' id='word_1_555' title='bbox 997 3878 1306 3940; x_wconf 86' lang='grc' dir='ltr'>πείσεσθαι,</span> <span class='ocrx_word' id='word_1_556' title='bbox 1334 3876 1663 3946; x_wconf 78' lang='grc' dir='ltr'>ἐγχειρίζειν</span> <span class='ocrx_word' id='word_1_557' title='bbox 1717 3876 1866 3947; x_wconf 84' lang='grc' dir='ltr'>αύτῷ</span> 
     </span>
    </p>
   </div>
   <div class='ocr_carea' id='block_1_79' title="bbox 280 3969 1868 4041">
    <p class='ocr_par' dir='ltr' id='par_1_79' title="bbox 280 3969 1868 4041">
     <span class='ocr_line' id='line_1_79' title="bbox 280 3969 1868 4041; baseline -0.004 -13"><span class='ocrx_word' id='word_1_558' title='bbox 280 3973 480 4028; x_wconf 75' lang='grc' dir='ltr'>ἑαυτόν</span> <span class='ocrx_word' id='word_1_559' title='bbox 508 3989 571 4024; x_wconf 88' lang='grc' dir='ltr'><strong>τε</strong></span> <span class='ocrx_word' id='word_1_560' title='bbox 607 3971 744 4038; x_wconf 65' lang='grc' dir='ltr'>ὁμοῦ</span> <span class='ocrx_word' id='word_1_561' title='bbox 797 3972 888 4024; x_wconf 72' lang='grc' dir='ltr'><strong>καὶ</strong></span> <span class='ocrx_word' id='word_1_562' title='bbox 915 3971 1012 4041; x_wconf 84' lang='grc' dir='ltr'>τὴν</span> <span class='ocrx_word' id='word_1_563' title='bbox 1048 3971 1223 4024; x_wconf 83' lang='grc' dir='ltr'>πόλιν.</span> <span class='ocrx_word' id='word_1_564' title='bbox 1273 3971 1383 4022; x_wconf 72' lang='grc' dir='ltr'><strong>Καὶ</strong></span> <span class='ocrx_word' id='word_1_565' title='bbox 1413 3970 1441 4021; x_wconf 90' lang='lat'><strong>6</strong></span> <span class='ocrx_word' id='word_1_566' title='bbox 1476 3969 1575 4038; x_wconf 80' lang='grc' dir='ltr'><strong>μὲν</strong></span> <span class='ocrx_word' id='word_1_567' title='bbox 1630 3969 1868 4022; x_wconf 80' lang='grc' dir='ltr'>Βασιλά·</span> 
     </span>
    </p>
   </div>
   <div class='ocr_carea' id='block_1_80' title="bbox 281 4055 1868 4130">
    <p class='ocr_par' dir='ltr' id='par_1_80' title="bbox 281 4055 1868 4130">
     <span class='ocr_line' id='line_1_80' title="bbox 281 4055 1868 4130; baseline -0.007 -12"><span class='ocrx_word' id='word_1_568' title='bbox 281 4082 403 4126; x_wconf 56' lang='lat' dir='ltr'><strong>suo;</strong></span> <span class='ocrx_word' id='word_1_569' title='bbox 440 4061 677 4130; x_wconf 77' lang='grc' dir='ltr'>ἀπειθὴς</span> <span class='ocrx_word' id='word_1_570' title='bbox 729 4055 820 4128; x_wconf 76' lang='grc' dir='ltr'>ἦν.</span> <span class='ocrx_word' id='word_1_571' title='bbox 877 4060 929 4112; x_wconf 79' lang='lat' dir='ltr'><strong>oi</strong></span> <span class='ocrx_word' id='word_1_572' title='bbox 956 4059 1010 4112; x_wconf 84' lang='grc' dir='ltr'>δὲ</span> <span class='ocrx_word' id='word_1_573' title='bbox 1039 4057 1455 4120; x_wconf 83' lang='grc' dir='ltr'>Θεσσαλονικεῖς</span> <span class='ocrx_word' id='word_1_574' title='bbox 1503 4056 1613 4111; x_wconf 84' lang='grc' dir='ltr'>δέει</span> <span class='ocrx_word' id='word_1_575' title='bbox 1645 4055 1736 4110; x_wconf 82' lang='grc' dir='ltr'><strong>τοῦ</strong></span> <span class='ocrx_word' id='word_1_576' title='bbox 1792 4057 1868 4128; x_wconf 76' lang='grc' dir='ltr'><strong>μὴ</strong></span> 
     </span>
    </p>
   </div>
   <div class='ocr_carea' id='block_1_81' title="bbox 281 4148 1867 4226">
    <p class='ocr_par' dir='ltr' id='par_1_81' title="bbox 281 4148 1867 4226">
     <span class='ocr_line' id='line_1_81' title="bbox 281 4148 1867 4226; baseline -0.001 -17"><span class='ocrx_word' id='word_1_577' title='bbox 281 4148 493 4210; x_wconf 69' lang='grc' dir='ltr'>ἁλῶναι</span> <span class='ocrx_word' id='word_1_578' title='bbox 515 4155 614 4226; x_wconf 79' lang='grc' dir='ltr'><strong>τὴν</strong></span> <span class='ocrx_word' id='word_1_579' title='bbox 645 4155 797 4206; x_wconf 82' lang='grc' dir='ltr'>πόλιν</span> <span class='ocrx_word' id='word_1_580' title='bbox 828 4156 923 4208; x_wconf 71' lang='grc' dir='ltr'><strong>καὶ</strong></span> <span class='ocrx_word' id='word_1_581' title='bbox 953 4153 1123 4206; x_wconf 71' lang='grc' dir='ltr'>δεινίν</span> <span class='ocrx_word' id='word_1_582' title='bbox 1171 4173 1223 4206; x_wconf 91' lang='grc' dir='ltr'><strong>τι</strong></span> <span class='ocrx_word' id='word_1_583' title='bbox 1260 4153 1478 4220; x_wconf 80' lang='grc' dir='ltr'>παθεῖν,</span> <span class='ocrx_word' id='word_1_584' title='bbox 1510 4155 1867 4224; x_wconf 83' lang='grc' dir='ltr'>παρεχώρουν</span> 
     </span>
    </p>
   </div>
   <div class='ocr_carea' id='block_1_82' title="bbox 281 4245 1870 4318">
    <p class='ocr_par' dir='ltr' id='par_1_82' title="bbox 281 4245 1870 4318">
     <span class='ocr_line' id='line_1_82' title="bbox 281 4245 1870 4318; baseline 0 -20"><span class='ocrx_word' id='word_1_585' title='bbox 281 4249 360 4318; x_wconf 80' lang='grc' dir='ltr'>τῷ</span> <span class='ocrx_word' id='word_1_586' title='bbox 394 4246 672 4317; x_wconf 78' lang='grc' dir='ltr'><strong>Κομνηνῷ</strong></span> <span class='ocrx_word' id='word_1_587' title='bbox 705 4245 807 4315; x_wconf 78' lang='grc' dir='ltr'><strong>τῆς</strong></span> <span class='ocrx_word' id='word_1_588' title='bbox 829 4246 1056 4298; x_wconf 76' lang='grc' dir='ltr'>εἰσόδου.</span> <span class='ocrx_word' id='word_1_589' title='bbox 1107 4246 1246 4298; x_wconf 78' lang='grc' dir='ltr'>Ἀλλ’</span> <span class='ocrx_word' id='word_1_590' title='bbox 1269 4247 1296 4299; x_wconf 91' lang='lat'><strong>6</strong></span> <span class='ocrx_word' id='word_1_591' title='bbox 1329 4245 1659 4308; x_wconf 84' lang='grc' dir='ltr'>Βασιλάκιος</span> <span class='ocrx_word' id='word_1_592' title='bbox 1685 4246 1870 4298; x_wconf 83' lang='grc' dir='ltr'>αἰσθό-</span> 
     </span>
    </p>
   </div>
   <div class='ocr_carea' id='block_1_83' title="bbox 287 4334 1869 4411">
    <p class='ocr_par' dir='ltr' id='par_1_83' title="bbox 287 4334 1869 4411">
     <span class='ocr_line' id='line_1_83' title="bbox 287 4334 1869 4411; baseline -0.003 -19"><span class='ocrx_word' id='word_1_593' title='bbox 287 4355 453 4411; x_wconf 83' lang='grc' dir='ltr'>μενος</span> <span class='ocrx_word' id='word_1_594' title='bbox 484 4336 582 4390; x_wconf 80' lang='grc' dir='ltr'>τοῦ</span> <span class='ocrx_word' id='word_1_595' title='bbox 616 4337 904 4405; x_wconf 83' lang='grc' dir='ltr'>γινομένου</span> <span class='ocrx_word' id='word_1_596' title='bbox 934 4336 1041 4389; x_wconf 76' lang='grc' dir='ltr'><strong>ἀπὸ</strong></span> <span class='ocrx_word' id='word_1_597' title='bbox 1070 4335 1164 4388; x_wconf 83' lang='grc' dir='ltr'><strong>τοῦ</strong></span> <span class='ocrx_word' id='word_1_598' title='bbox 1194 4334 1430 4405; x_wconf 80' lang='grc' dir='ltr'>πλήθους</span> <span class='ocrx_word' id='word_1_599' title='bbox 1465 4338 1555 4388; x_wconf 77' lang='grc' dir='ltr'>ἐπὶ</span> <span class='ocrx_word' id='word_1_600' title='bbox 1579 4337 1676 4407; x_wconf 83' lang='grc' dir='ltr'><strong>τὴν</strong></span> <span class='ocrx_word' id='word_1_601' title='bbox 1699 4335 1869 4404; x_wconf 84' lang='grc' dir='ltr'>ἀκρό-</span> 
     </span>
    </p>
   </div>
   <div class='ocr_carea' id='block_1_84' title="bbox 1969 3777 3543 3859">
    <p class='ocr_par' dir='ltr' id='par_1_84' title="bbox 1969 3777 3543 3859">
     <span class='ocr_line' id='line_1_84' title="bbox 1969 3777 3543 3859; baseline -0.009 -17"><span class='ocrx_word' id='word_1_602' title='bbox 1969 3788 2355 3859; x_wconf 88' lang='lat' dir='ltr'><strong>permiseruut.</strong></span> <span class='ocrx_word' id='word_1_603' title='bbox 2399 3785 2518 3850; x_wconf 88' lang='lat' dir='ltr'><strong>Quo</strong></span> <span class='ocrx_word' id='word_1_604' title='bbox 2550 3782 2927 3836; x_wconf 81' lang='lat' dir='ltr'><strong>animadverso</strong></span> <span class='ocrx_word' id='word_1_605' title='bbox 2958 3777 3260 3832; x_wconf 86' lang='lat' dir='ltr'><strong>Basilacius</strong></span> <span class='ocrx_word' id='word_1_606' title='bbox 3309 3793 3374 3829; x_wconf 80' lang='lat' dir='ltr'><strong>cx</strong></span> <span class='ocrx_word' id='word_1_607' title='bbox 3407 3777 3543 3828; x_wconf 83' lang='lat' dir='ltr'><strong>urbe</strong></span> 
     </span>
    </p>
   </div>
   <div class='ocr_carea' id='block_1_85' title="bbox 1969 3866 3540 3931">
    <p class='ocr_par' dir='ltr' id='par_1_85' title="bbox 1969 3866 3540 3931">
     <span class='ocr_line' id='line_1_85' title="bbox 1969 3866 3540 3931; baseline -0.01 0"><span class='ocrx_word' id='word_1_608' title='bbox 1969 3879 2023 3931; x_wconf 92' lang='lat' dir='ltr'><strong>in</strong></span> <span class='ocrx_word' id='word_1_609' title='bbox 2060 3891 2240 3929; x_wconf 87' lang='lat' dir='ltr'><strong>arcem</strong></span> <span class='ocrx_word' id='word_1_610' title='bbox 2276 3874 2500 3927; x_wconf 87' lang='lat' dir='ltr'><strong>evadit:</strong></span> <span class='ocrx_word' id='word_1_611' title='bbox 2535 3871 2627 3924; x_wconf 91' lang='lat' dir='ltr'><strong>ubi</strong></span> <span class='ocrx_word' id='word_1_612' title='bbox 2663 3884 2860 3922; x_wconf 90' lang='lat' dir='ltr'><strong>rursus</strong></span> <span class='ocrx_word' id='word_1_613' title='bbox 2897 3867 3087 3920; x_wconf 89' lang='lat' dir='ltr'><strong>iisdem</strong></span> <span class='ocrx_word' id='word_1_614' title='bbox 3117 3866 3540 3929; x_wconf 55' lang='lat' dir='ltr'><strong>conditionibus,</strong></span> 
     </span>
    </p>
   </div>
   <div class='ocr_carea' id='block_1_86' title="bbox 1970 3958 3544 4028">
    <p class='ocr_par' dir='ltr' id='par_1_86' title="bbox 1970 3958 3544 4028">
     <span class='ocr_line' id='line_1_86' title="bbox 1970 3958 3544 4028; baseline -0.01 -6"><span class='ocrx_word' id='word_1_615' title='bbox 1970 3968 2174 4023; x_wconf 89' lang='lat' dir='ltr'><strong>nullius</strong></span> <span class='ocrx_word' id='word_1_616' title='bbox 2202 3963 2564 4028; x_wconf 84' lang='lat' dir='ltr'><strong>incommodi,</strong></span> <span class='ocrx_word' id='word_1_617' title='bbox 2600 3963 2643 4017; x_wconf 89' lang='lat' dir='ltr'><strong>si</strong></span> <span class='ocrx_word' id='word_1_618' title='bbox 2682 3977 2739 4016; x_wconf 90' lang='lat' dir='ltr'><strong>se</strong></span> <span class='ocrx_word' id='word_1_619' title='bbox 2764 3960 3007 4022; x_wconf 88' lang='lat' dir='ltr'><strong>dederet,</strong></span> <span class='ocrx_word' id='word_1_620' title='bbox 3038 3958 3309 4014; x_wconf 86' lang='lat' dir='ltr'><strong>subeundi</strong></span> <span class='ocrx_word' id='word_1_621' title='bbox 3366 3972 3393 4010; x_wconf 92' lang='lat' dir='ltr'><strong>a</strong></span> <span class='ocrx_word' id='word_1_622' title='bbox 3430 3973 3544 4010; x_wconf 84' lang='lat' dir='ltr'><strong>m:-.-</strong></span> 
     </span>
    </p>
   </div>
   <div class='ocr_carea' id='block_1_87' title="bbox 1969 4049 3541 4130">
    <p class='ocr_par' dir='ltr' id='par_1_87' title="bbox 1969 4049 3541 4130">
     <span class='ocr_line' id='line_1_87' title="bbox 1969 4049 3541 4130; baseline -0.006 -17"><span class='ocrx_word' id='word_1_623' title='bbox 1969 4075 2077 4130; x_wconf 79' lang='lat' dir='ltr'><strong>gno</strong></span> <span class='ocrx_word' id='word_1_624' title='bbox 2134 4055 2434 4111; x_wconf 89' lang='lat' dir='ltr'><strong>domestico</strong></span> <span class='ocrx_word' id='word_1_625' title='bbox 2500 4063 2743 4108; x_wconf 72' lang='lat' dir='ltr'><strong>tentatus</strong></span> <span class='ocrx_word' id='word_1_626' title='bbox 2804 4050 3083 4119; x_wconf 84' lang='lat' dir='ltr'><strong>respondit</strong></span> <span class='ocrx_word' id='word_1_627' title='bbox 3132 4049 3308 4118; x_wconf 85' lang='lat' dir='ltr'><strong>pacati</strong></span> <span class='ocrx_word' id='word_1_628' title='bbox 3363 4050 3541 4104; x_wconf 89' lang='lat' dir='ltr'><strong>nihil:</strong></span> 
     </span>
    </p>
   </div>
   <div class='ocr_carea' id='block_1_88' title="bbox 1969 4141 3544 4220">
    <p class='ocr_par' dir='ltr' id='par_1_88' title="bbox 1969 4141 3544 4220">
     <span class='ocr_line' id='line_1_88' title="bbox 1969 4141 3544 4220; baseline -0.007 -16"><span class='ocrx_word' id='word_1_629' title='bbox 1969 4151 2099 4220; x_wconf 91' lang='lat' dir='ltr'><strong>quin</strong></span> <span class='ocrx_word' id='word_1_630' title='bbox 2128 4149 2446 4218; x_wconf 90' lang='lat' dir='ltr'><strong>eruptiones</strong></span> <span class='ocrx_word' id='word_1_631' title='bbox 2470 4161 2532 4200; x_wconf 89' lang='lat' dir='ltr'><strong>ac</strong></span> <span class='ocrx_word' id='word_1_632' title='bbox 2563 4160 2772 4216; x_wconf 84' lang='lat' dir='ltr'><strong>pugnas</strong></span> <span class='ocrx_word' id='word_1_633' title='bbox 2797 4143 3184 4204; x_wconf 88' lang='lat' dir='ltr'><strong>meditabatur,</strong></span> <span class='ocrx_word' id='word_1_634' title='bbox 3226 4141 3359 4195; x_wconf 90' lang='lat' dir='ltr'><strong>nihil</strong></span> <span class='ocrx_word' id='word_1_635' title='bbox 3384 4144 3544 4211; x_wconf 87' lang='lat' dir='ltr'><strong>plane</strong></span> 
     </span>
    </p>
   </div>
   <div class='ocr_carea' id='block_1_89' title="bbox 1970 4231 3545 4310">
    <p class='ocr_par' dir='ltr' id='par_1_89' title="bbox 1970 4231 3545 4310">
     <span class='ocr_line' id='line_1_89' title="bbox 1970 4231 3545 4310; baseline -0.008 -14"><span class='ocrx_word' id='word_1_636' title='bbox 1970 4241 2258 4310; x_wconf 83' lang='lat' dir='ltr'><strong>iniquitate</strong></span> <span class='ocrx_word' id='word_1_637' title='bbox 2290 4238 2392 4292; x_wconf 87' lang='lat' dir='ltr'><strong>loci</strong></span> <span class='ocrx_word' id='word_1_638' title='bbox 2434 4252 2500 4291; x_wconf 84' lang='lat' dir='ltr'><strong>ac</strong></span> <span class='ocrx_word' id='word_1_639' title='bbox 2531 4238 2762 4290; x_wconf 69' lang='lat' dir='ltr'><strong>fortuna!</strong></span> <span class='ocrx_word' id='word_1_640' title='bbox 2823 4235 2890 4288; x_wconf 87' lang='lat' dir='ltr'><strong>de</strong></span> <span class='ocrx_word' id='word_1_641' title='bbox 2930 4242 3068 4288; x_wconf 90' lang='lat' dir='ltr'><strong>statu</strong></span> <span class='ocrx_word' id='word_1_642' title='bbox 3119 4241 3313 4287; x_wconf 68' lang='lat' dir='ltr'><strong>erecta:</strong></span> <span class='ocrx_word' id='word_1_643' title='bbox 3348 4231 3545 4285; x_wconf 82' lang='lat' dir='ltr'><strong>men&#39;is</strong></span> 
     </span>
    </p>
   </div>
   <div class='ocr_carea' id='block_1_90' title="bbox 1971 4325 3544 4398">
    <p class='ocr_par' dir='ltr' id='par_1_90' title="bbox 1971 4325 3544 4398">
     <span class='ocr_line' id='line_1_90' title="bbox 1971 4325 3544 4398; baseline -0.008 -10"><span class='ocrx_word' id='word_1_644' title='bbox 1971 4349 2034 4388; x_wconf 86' lang='lat' dir='ltr'><strong>ac</strong></span> <span class='ocrx_word' id='word_1_645' title='bbox 2071 4332 2197 4388; x_wconf 90' lang='lat' dir='ltr'><strong>forti</strong></span> <span class='ocrx_word' id='word_1_646' title='bbox 2229 4330 2462 4387; x_wconf 90' lang='lat' dir='ltr'><strong>consilio</strong></span> <span class='ocrx_word' id='word_1_647' title='bbox 2504 4327 2763 4398; x_wconf 88' lang='lat' dir='ltr'><strong>intrepidi</strong></span> <span class='ocrx_word' id='word_1_648' title='bbox 2789 4327 3026 4396; x_wconf 86' lang='lat' dir='ltr'><strong>peetoris</strong></span> <span class='ocrx_word' id='word_1_649' title='bbox 3063 4326 3341 4378; x_wconf 85' lang='lat' dir='ltr'><strong>remittens</strong></span> <span class='ocrx_word' id='word_1_650' title='bbox 3385 4341 3399 4377; x_wconf 89' lang='lat'><strong>:</strong></span> <span class='ocrx_word' id='word_1_651' title='bbox 3441 4325 3544 4376; x_wconf 82' lang='lat' dir='ltr'><strong>dn-</strong></span> 
     </span>
    </p>
   </div>
   <div class='ocr_carea' id='block_1_91' title="bbox 285 4413 1858 4501">
    <p class='ocr_par' dir='ltr' id='par_1_91' title="bbox 285 4427 1858 4501">
     <span class='ocr_line' id='line_1_91' title="bbox 285 4427 1858 4501; baseline -0.006 -15"><span class='ocrx_word' id='word_1_652' title='bbox 285 4433 448 4486; x_wconf 87' lang='grc' dir='ltr'>πολιν</span> <span class='ocrx_word' id='word_1_653' title='bbox 480 4430 822 4501; x_wconf 73' lang='grc' dir='ltr'>μεταϐαίνει,</span> <span class='ocrx_word' id='word_1_654' title='bbox 851 4429 945 4481; x_wconf 74' lang='grc' dir='ltr'>καὶ</span> <span class='ocrx_word' id='word_1_655' title='bbox 973 4428 1082 4482; x_wconf 66' lang='grc' dir='ltr'><strong>ἀπο</strong></span> <span class='ocrx_word' id='word_1_656' title='bbox 1115 4427 1318 4497; x_wconf 82' lang='grc' dir='ltr'>ταύτης</span> <span class='ocrx_word' id='word_1_657' title='bbox 1340 4429 1419 4491; x_wconf 79' lang='grc' dir='ltr'><strong>είς</strong></span> <span class='ocrx_word' id='word_1_658' title='bbox 1449 4429 1666 4499; x_wconf 82' lang='grc' dir='ltr'>ἐκείνην</span> <span class='ocrx_word' id='word_1_659' title='bbox 1700 4428 1858 4498; x_wconf 74' lang='grc' dir='ltr'>ἐφάλ-</span> 
     </span>
    </p>
   </div>
   <div class='ocr_carea' id='block_1_92' title="bbox 1961 4413 3546 4501">
    <p class='ocr_par' dir='ltr' id='par_1_92' title="bbox 1972 4413 3546 4488">
     <span class='ocr_line' id='line_1_92' title="bbox 1972 4413 3546 4488; baseline -0.008 -11"><span class='ocrx_word' id='word_1_660' title='bbox 1972 4438 2072 4477; x_wconf 88' lang='lat' dir='ltr'><strong>ncc</strong></span> <span class='ocrx_word' id='word_1_661' title='bbox 2105 4437 2229 4476; x_wconf 91' lang='lat' dir='ltr'><strong>cum</strong></span> <span class='ocrx_word' id='word_1_662' title='bbox 2264 4419 2406 4474; x_wconf 89' lang='lat' dir='ltr'><strong>arcis</strong></span> <span class='ocrx_word' id='word_1_663' title='bbox 2451 4419 2695 4488; x_wconf 83' lang='lat' dir='ltr'><strong>ejusdem</strong></span> <span class='ocrx_word' id='word_1_664' title='bbox 2748 4419 2896 4471; x_wconf 87' lang='lat' dir='ltr'><strong>illius</strong></span> <span class='ocrx_word' id='word_1_665' title='bbox 2948 4415 3140 4468; x_wconf 72' lang='lat' dir='ltr'><strong>incnlre</strong></span> <span class='ocrx_word' id='word_1_666' title='bbox 3176 4429 3240 4468; x_wconf 84' lang='lat' dir='ltr'><strong>ac</strong></span> <span class='ocrx_word' id='word_1_667' title='bbox 3291 4413 3546 4467; x_wconf 65' lang='lat' dir='ltr'><strong>custodes</strong></span> 
     </span>
    </p>
   </div>
   <div class='ocr_carea' id='block_1_93' title="bbox 285 4519 1869 4589">
    <p class='ocr_par' dir='ltr' id='par_1_93' title="bbox 285 4519 1869 4589">
     <span class='ocr_line' id='line_1_93' title="bbox 285 4519 1869 4589; baseline -0.004 -13"><span class='ocrx_word' id='word_1_668' title='bbox 285 4527 472 4588; x_wconf 83' lang='grc' dir='ltr'>λεται,</span> <span class='ocrx_word' id='word_1_669' title='bbox 513 4525 608 4576; x_wconf 80' lang='grc' dir='ltr'>καὶ</span> <span class='ocrx_word' id='word_1_670' title='bbox 669 4522 778 4574; x_wconf 79' lang='grc' dir='ltr'>οὐδ’</span> <span class='ocrx_word' id='word_1_671' title='bbox 833 4519 909 4583; x_wconf 77' lang='grc' dir='ltr'>ὣς</span> <span class='ocrx_word' id='word_1_672' title='bbox 984 4519 1414 4572; x_wconf 77' lang='grc' dir='ltr'>ἐπιλανθάνεται</span> <span class='ocrx_word' id='word_1_673' title='bbox 1471 4521 1708 4589; x_wconf 84' lang='grc' dir='ltr'>πολέμου</span> <span class='ocrx_word' id='word_1_674' title='bbox 1774 4519 1869 4571; x_wconf 74' lang='grc' dir='ltr'>καὶ</span> 
     </span>
    </p>
   </div>
   <div class='ocr_carea' id='block_1_94' title="bbox 290 4609 1871 4684">
    <p class='ocr_par' dir='ltr' id='par_1_94' title="bbox 290 4609 1871 4684">
     <span class='ocr_line' id='line_1_94' title="bbox 290 4609 1871 4684; baseline -0.005 -16"><span class='ocrx_word' id='word_1_675' title='bbox 290 4617 500 4684; x_wconf 74' lang='grc' dir='ltr'>μάχης,</span> <span class='ocrx_word' id='word_1_676' title='bbox 559 4614 738 4666; x_wconf 78' lang='grc' dir='ltr'>καίτοι</span> <span class='ocrx_word' id='word_1_677' title='bbox 770 4610 863 4664; x_wconf 76' lang='grc' dir='ltr'>τοῦ</span> <span class='ocrx_word' id='word_1_678' title='bbox 918 4610 1239 4679; x_wconf 83' lang='grc' dir='ltr'>δομεστίκου</span> <span class='ocrx_word' id='word_1_679' title='bbox 1278 4609 1489 4672; x_wconf 87' lang='grc' dir='ltr'>πίστεις</span> <span class='ocrx_word' id='word_1_680' title='bbox 1525 4609 1671 4678; x_wconf 74' lang='grc' dir='ltr'>αὐτῷ</span> <span class='ocrx_word' id='word_1_681' title='bbox 1708 4610 1871 4661; x_wconf 81' lang='grc' dir='ltr'>διδόν-</span> 
     </span>
    </p>
   </div>
   <div class='ocr_carea' id='block_1_95' title="bbox 288 4701 1865 4775">
    <p class='ocr_par' dir='ltr' id='par_1_95' title="bbox 288 4701 1865 4775">
     <span class='ocr_line' id='line_1_95' title="bbox 288 4701 1865 4775; baseline -0.001 -18"><span class='ocrx_word' id='word_1_682' title='bbox 288 4725 378 4768; x_wconf 80' lang='grc' dir='ltr'><strong>τος</strong></span> <span class='ocrx_word' id='word_1_683' title='bbox 411 4706 581 4775; x_wconf 72' lang='grc' dir='ltr'>μηδὲν</span> <span class='ocrx_word' id='word_1_684' title='bbox 616 4721 668 4756; x_wconf 88' lang='grc' dir='ltr'><strong>τι</strong></span> <span class='ocrx_word' id='word_1_685' title='bbox 716 4702 906 4755; x_wconf 87' lang='grc' dir='ltr'>παθεῖν</span> <span class='ocrx_word' id='word_1_686' title='bbox 956 4703 1282 4772; x_wconf 80' lang='grc' dir='ltr'>ἀνήκεστον.</span> <span class='ocrx_word' id='word_1_687' title='bbox 1327 4701 1468 4755; x_wconf 76' lang='grc' dir='ltr'>Ἀλλ’</span> <span class='ocrx_word' id='word_1_688' title='bbox 1501 4702 1711 4770; x_wconf 82' lang='grc' dir='ltr'>ἑωρᾶτό</span> <span class='ocrx_word' id='word_1_689' title='bbox 1746 4718 1808 4768; x_wconf 81' lang='grc' dir='ltr'><strong>γε</strong></span> <span class='ocrx_word' id='word_1_690' title='bbox 1843 4702 1865 4755; x_wconf 80' lang='lat' dir='ltr'><strong>t&#39;</strong></span> 
     </span>
    </p>
   </div>
   <div class='ocr_carea' id='block_1_96' title="bbox 293 4787 1872 4858">
    <p class='ocr_par' dir='ltr' id='par_1_96' title="bbox 293 4787 1872 4858">
     <span class='ocr_line' id='line_1_96' title="bbox 293 4787 1872 4858; baseline -0.005 -8"><span class='ocrx_word' id='word_1_691' title='bbox 293 4797 624 4858; x_wconf 81' lang='grc' dir='ltr'>Βασιλὰκιος</span> <span class='ocrx_word' id='word_1_692' title='bbox 650 4794 744 4847; x_wconf 74' lang='grc' dir='ltr'>καὶ</span> <span class='ocrx_word' id='word_1_693' title='bbox 783 4796 841 4846; x_wconf 81' lang='grc' dir='ltr'>ὲν</span> <span class='ocrx_word' id='word_1_694' title='bbox 870 4796 984 4856; x_wconf 78' lang='grc' dir='ltr'>τοῖς</span> <span class='ocrx_word' id='word_1_695' title='bbox 1011 4793 1227 4856; x_wconf 81' lang='grc' dir='ltr'>δεινοῖς,</span> <span class='ocrx_word' id='word_1_696' title='bbox 1263 4793 1356 4846; x_wconf 83' lang='grc' dir='ltr'>καὶ</span> <span class='ocrx_word' id='word_1_697' title='bbox 1385 4794 1442 4844; x_wconf 85' lang='grc' dir='ltr'>ὲν</span> <span class='ocrx_word' id='word_1_698' title='bbox 1464 4787 1544 4854; x_wconf 74' lang='grc' dir='ltr'><strong>οἷς</strong></span> <span class='ocrx_word' id='word_1_699' title='bbox 1577 4794 1872 4858; x_wconf 79' lang='grc' dir='ltr'>ἐστενοχω-</span> 
     </span>
    </p>
   </div>
   <div class='ocr_carea' id='block_1_97' title="bbox 298 4880 1871 4957">
    <p class='ocr_par' dir='ltr' id='par_1_97' title="bbox 298 4880 1871 4957">
     <span class='ocr_line' id='line_1_97' title="bbox 298 4880 1871 4957; baseline -0.005 -18"><span class='ocrx_word' id='word_1_700' title='bbox 298 4890 445 4957; x_wconf 82' lang='grc' dir='ltr'>ρείτο</span> <span class='ocrx_word' id='word_1_701' title='bbox 471 4887 594 4940; x_wconf 81' lang='grc' dir='ltr'>λίαν</span> <span class='ocrx_word' id='word_1_702' title='bbox 621 4885 783 4955; x_wconf 66' lang='grc' dir='ltr'>ἀνὴρ,</span> <span class='ocrx_word' id='word_1_703' title='bbox 836 4885 956 4936; x_wconf 73' lang='grc' dir='ltr'>οὐδὲ</span> <span class='ocrx_word' id='word_1_704' title='bbox 985 4884 1094 4952; x_wconf 78' lang='grc' dir='ltr'>γὰρ</span> <span class='ocrx_word' id='word_1_705' title='bbox 1123 4883 1339 4950; x_wconf 65' lang='grc' dir='ltr'>ὑφεῖναι</span> <span class='ocrx_word' id='word_1_706' title='bbox 1361 4901 1413 4935; x_wconf 87' lang='grc' dir='ltr'><strong>τι</strong></span> <span class='ocrx_word' id='word_1_707' title='bbox 1447 4881 1541 4934; x_wconf 77' lang='grc' dir='ltr'>τοῦ</span> <span class='ocrx_word' id='word_1_708' title='bbox 1568 4880 1871 4950; x_wconf 75' lang='grc' dir='ltr'>ἀνδρώδους</span> 
     </span>
    </p>
   </div>
   <div class='ocr_carea' id='block_1_98' title="bbox 295 4971 1871 5045">
    <p class='ocr_par' dir='ltr' id='par_1_98' title="bbox 295 4971 1871 5045">
     <span class='ocr_line' id='line_1_98' title="bbox 295 4971 1871 5045; baseline -0.01 -13"><span class='ocrx_word' id='word_1_709' title='bbox 295 4982 390 5032; x_wconf 78' lang='grc' dir='ltr'><strong>καί</strong></span> <span class='ocrx_word' id='word_1_710' title='bbox 421 4978 517 5031; x_wconf 77' lang='grc' dir='ltr'>τοῦ</span> <span class='ocrx_word' id='word_1_711' title='bbox 553 4977 812 5045; x_wconf 77' lang='grc' dir='ltr'>γενναίου</span> <span class='ocrx_word' id='word_1_712' title='bbox 839 4974 1121 5044; x_wconf 64' lang='grc' dir='ltr'>ἠϐούλετο,</span> <span class='ocrx_word' id='word_1_713' title='bbox 1153 4974 1256 5034; x_wconf 74' lang='grc' dir='ltr'>ἕως</span> <span class='ocrx_word' id='word_1_714' title='bbox 1280 4971 1492 5025; x_wconf 79' lang='grc' dir='ltr'>ἐκεῖθεν</span> <span class='ocrx_word' id='word_1_715' title='bbox 1521 4971 1686 5024; x_wconf 70' lang='grc' dir='ltr'>αὐτόν</span> <span class='ocrx_word' id='word_1_716' title='bbox 1708 4972 1871 5037; x_wconf 54' lang='lat' dir='ltr'><strong>olm-7;;</strong></span> 
     </span>
    </p>
   </div>
   <div class='ocr_carea' id='block_1_99' title="bbox 299 5061 1869 5142">
    <p class='ocr_par' dir='ltr' id='par_1_99' title="bbox 299 5061 1869 5142">
     <span class='ocr_line' id='line_1_99' title="bbox 299 5061 1869 5142; baseline -0.008 -17"><span class='ocrx_word' id='word_1_717' title='bbox 299 5071 652 5142; x_wconf 78' lang='grc' dir='ltr'>ἀκροπόλεως</span> <span class='ocrx_word' id='word_1_718' title='bbox 725 5070 1012 5137; x_wconf 80' lang='grc' dir='ltr'>οἰκήτορες</span> <span class='ocrx_word' id='word_1_719' title='bbox 1081 5065 1176 5118; x_wconf 76' lang='grc' dir='ltr'><strong>καὶ</strong></span> <span class='ocrx_word' id='word_1_720' title='bbox 1221 5063 1460 5132; x_wconf 78' lang='grc' dir='ltr'>φύλακες</span> <span class='ocrx_word' id='word_1_721' title='bbox 1515 5061 1869 5126; x_wconf 73' lang='grc' dir='ltr'>ἐξελάσαντες</span> 
     </span>
    </p>
   </div>
   <div class='ocr_carea' id='block_1_100' title="bbox 300 5151 1872 5228">
    <p class='ocr_par' dir='ltr' id='par_1_100' title="bbox 300 5151 1872 5228">
     <span class='ocr_line' id='line_1_100' title="bbox 300 5151 1872 5228; baseline -0.01 -12"><span class='ocrx_word' id='word_1_722' title='bbox 300 5163 532 5224; x_wconf 74' lang='grc' dir='ltr'>ἅπαντες</span> <span class='ocrx_word' id='word_1_723' title='bbox 553 5162 757 5214; x_wconf 71' lang='grc' dir='ltr'>ἄκοντα</span> <span class='ocrx_word' id='word_1_724' title='bbox 784 5159 876 5212; x_wconf 74' lang='grc' dir='ltr'>καὶ</span> <span class='ocrx_word' id='word_1_725' title='bbox 893 5159 986 5228; x_wconf 77' lang='grc' dir='ltr'><strong>βίᾳ</strong></span> <span class='ocrx_word' id='word_1_726' title='bbox 1007 5155 1194 5210; x_wconf 71' lang='grc' dir='ltr'>τοῦτον</span> <span class='ocrx_word' id='word_1_727' title='bbox 1210 5154 1287 5224; x_wconf 81' lang='grc' dir='ltr'>τῷ</span> <span class='ocrx_word' id='word_1_728' title='bbox 1318 5154 1538 5223; x_wconf 82' lang='grc' dir='ltr'>μεγάλῳ</span> <span class='ocrx_word' id='word_1_729' title='bbox 1564 5151 1872 5221; x_wconf 84' lang='grc' dir='ltr'>δομεστίκῳ</span> 
     </span>
    </p>
   </div>
   <div class='ocr_carea' id='block_1_101' title="bbox 301 5244 1871 5326">
    <p class='ocr_par' dir='ltr' id='par_1_101' title="bbox 301 5244 1871 5326">
     <span class='ocr_line' id='line_1_101' title="bbox 301 5244 1871 5326; baseline -0.01 -19"><span class='ocrx_word' id='word_1_730' title='bbox 301 5254 647 5326; x_wconf 74' lang='grc' dir='ltr'>παρέδωκαν.</span> <span class='ocrx_word' id='word_1_731' title='bbox 678 5249 855 5314; x_wconf 74' lang='grc' dir='ltr'>Εὐθὺς</span> <span class='ocrx_word' id='word_1_732' title='bbox 887 5250 946 5303; x_wconf 73' lang='grc' dir='ltr'>δὲ</span> <span class='ocrx_word' id='word_1_733' title='bbox 980 5249 1116 5319; x_wconf 68' lang='grc' dir='ltr'>πρὸς</span> <span class='ocrx_word' id='word_1_734' title='bbox 1142 5247 1234 5300; x_wconf 77' lang='grc' dir='ltr'><strong>τὸν</strong></span> <span class='ocrx_word' id='word_1_735' title='bbox 1283 5245 1507 5315; x_wconf 80' lang='grc' dir='ltr'>βασιλέα</span> <span class='ocrx_word' id='word_1_736' title='bbox 1540 5245 1638 5313; x_wconf 80' lang='grc' dir='ltr'>τὴν</span> <span class='ocrx_word' id='word_1_737' title='bbox 1676 5244 1871 5294; x_wconf 85' lang='grc' dir='ltr'>τούτου</span> 
     </span>
    </p>
   </div>
   <div class='ocr_carea' id='block_1_102' title="bbox 303 5333 1876 5414">
    <p class='ocr_par' dir='ltr' id='par_1_102' title="bbox 303 5333 1876 5414">
     <span class='ocr_line' id='line_1_102' title="bbox 303 5333 1876 5414; baseline -0.01 -15"><span class='ocrx_word' id='word_1_738' title='bbox 303 5347 500 5399; x_wconf 77' lang='grc' dir='ltr'>ἆλωσιν</span> <span class='ocrx_word' id='word_1_739' title='bbox 523 5343 975 5414; x_wconf 76' lang='grc' dir='ltr'>διαμεμηνυκὼς,</span> <span class='ocrx_word' id='word_1_740' title='bbox 1007 5339 1171 5400; x_wconf 77' lang='grc' dir='ltr'>αὐτὸς</span> <span class='ocrx_word' id='word_1_741' title='bbox 1203 5338 1288 5390; x_wconf 78' lang='grc' dir='ltr'><strong>ἐπ’</strong></span> <span class='ocrx_word' id='word_1_742' title='bbox 1312 5336 1492 5403; x_wconf 82' lang='grc' dir='ltr'>ὀλίγον</span> <span class='ocrx_word' id='word_1_743' title='bbox 1521 5337 1586 5404; x_wconf 85' lang='grc' dir='ltr'>τῇ</span> <span class='ocrx_word' id='word_1_744' title='bbox 1605 5333 1876 5385; x_wconf 79' lang='grc' dir='ltr'>Θεσσαλο-</span> 
     </span>
    </p>
   </div>
   <div class='ocr_carea' id='block_1_103' title="bbox 304 5424 1877 5509">
    <p class='ocr_par' dir='ltr' id='par_1_103' title="bbox 304 5424 1877 5509">
     <span class='ocr_line' id='line_1_103' title="bbox 304 5424 1877 5509; baseline -0.01 -20"><span class='ocrx_word' id='word_1_745' title='bbox 304 5439 425 5509; x_wconf 76' lang='grc' dir='ltr'>νίκῃ</span> <span class='ocrx_word' id='word_1_746' title='bbox 454 5438 900 5503; x_wconf 78' lang='grc' dir='ltr'>ὲγκαρτερησας,</span> <span class='ocrx_word' id='word_1_747' title='bbox 936 5431 1033 5485; x_wconf 80' lang='grc' dir='ltr'>καὶ</span> <span class='ocrx_word' id='word_1_748' title='bbox 1055 5431 1124 5482; x_wconf 72' lang='grc' dir='ltr'>τὰ</span> <span class='ocrx_word' id='word_1_749' title='bbox 1169 5432 1228 5480; x_wconf 83' lang='grc' dir='ltr'>ὲν</span> <span class='ocrx_word' id='word_1_750' title='bbox 1267 5429 1404 5496; x_wconf 75' lang='grc' dir='ltr'>αὐτῇ</span> <span class='ocrx_word' id='word_1_751' title='bbox 1447 5424 1877 5493; x_wconf 72' lang='grc' dir='ltr'>καταστησάμε-</span> 
     </span>
    </p>
   </div>
   <div class='ocr_carea' id='block_1_104' title="bbox 306 5513 1874 5596">
    <p class='ocr_par' dir='ltr' id='par_1_104' title="bbox 306 5513 1874 5596">
     <span class='ocr_line' id='line_1_104' title="bbox 306 5513 1874 5596; baseline -0.009 -16"><span class='ocrx_word' id='word_1_752' title='bbox 306 5545 408 5593; x_wconf 77' lang='grc' dir='ltr'>νος,</span> <span class='ocrx_word' id='word_1_753' title='bbox 449 5525 711 5596; x_wconf 71' lang='grc' dir='ltr'>λαμπρὸς</span> <span class='ocrx_word' id='word_1_754' title='bbox 741 5522 1068 5590; x_wconf 75' lang='grc' dir='ltr'>στεφανίτης</span> <span class='ocrx_word' id='word_1_755' title='bbox 1093 5519 1337 5590; x_wconf 75' lang='grc' dir='ltr'>ἐπανῄει.</span> <span class='ocrx_word' id='word_1_756' title='bbox 1393 5519 1454 5570; x_wconf 81' lang='grc' dir='ltr'><strong>Οἱ</strong></span> <span class='ocrx_word' id='word_1_757' title='bbox 1501 5516 1558 5569; x_wconf 78' lang='grc' dir='ltr'>δὲ</span> <span class='ocrx_word' id='word_1_758' title='bbox 1613 5516 1750 5586; x_wconf 72' lang='grc' dir='ltr'>πρὸς</span> <span class='ocrx_word' id='word_1_759' title='bbox 1782 5513 1874 5568; x_wconf 73' lang='grc' dir='ltr'>τοῦ</span> 
     </span>
    </p>
   </div>
   <div class='ocr_carea' id='block_1_105' title="bbox 307 5606 1877 5685">
    <p class='ocr_par' dir='ltr' id='par_1_105' title="bbox 307 5606 1877 5685">
     <span class='ocr_line' id='line_1_105' title="bbox 307 5606 1877 5685; baseline -0.01 -15"><span class='ocrx_word' id='word_1_760' title='bbox 307 5617 568 5685; x_wconf 71' lang='grc' dir='ltr'>βασιλέως</span> <span class='ocrx_word' id='word_1_761' title='bbox 599 5614 976 5684; x_wconf 79' lang='grc' dir='ltr'>πεμφθέντες,</span> <span class='ocrx_word' id='word_1_762' title='bbox 1018 5609 1219 5682; x_wconf 82' lang='grc' dir='ltr'>μεταξὺ</span> <span class='ocrx_word' id='word_1_763' title='bbox 1248 5609 1529 5662; x_wconf 82' lang='grc' dir='ltr'>Φιλίππων</span> <span class='ocrx_word' id='word_1_764' title='bbox 1558 5607 1651 5658; x_wconf 68' lang='grc' dir='ltr'>καὶ</span> <span class='ocrx_word' id='word_1_765' title='bbox 1685 5606 1877 5673; x_wconf 75' lang='grc' dir='ltr'>Ἄμφι-</span> 
     </span>
    </p>
   </div>
   <div class='ocr_carea' id='block_1_106' title="bbox 310 5694 1874 5782">
    <p class='ocr_par' dir='ltr' id='par_1_106' title="bbox 310 5694 1874 5782">
     <span class='ocr_line' id='line_1_106' title="bbox 310 5694 1874 5782; baseline -0.007 -23"><span class='ocrx_word' id='word_1_766' title='bbox 310 5710 508 5772; x_wconf 81' lang='grc' dir='ltr'>πόλεως</span> <span class='ocrx_word' id='word_1_767' title='bbox 530 5713 620 5782; x_wconf 69' lang='grc' dir='ltr'>τιῖί</span> <span class='ocrx_word' id='word_1_768' title='bbox 640 5707 727 5777; x_wconf 81' lang='grc' dir='ltr'>μῴ</span> <span class='ocrx_word' id='word_1_769' title='bbox 761 5709 930 5775; x_wconf 78' lang='grc' dir='ltr'>πατρὶ</span> <span class='ocrx_word' id='word_1_770' title='bbox 950 5705 1404 5772; x_wconf 66' lang='grc' dir='ltr'>συναντήσει-ντες,</span> <span class='ocrx_word' id='word_1_771' title='bbox 1431 5700 1526 5762; x_wconf 78' lang='grc' dir='ltr'>τὰς</span> <span class='ocrx_word' id='word_1_772' title='bbox 1555 5716 1620 5752; x_wconf 85' lang='grc' dir='ltr'><strong>πε</strong></span> <span class='ocrx_word' id='word_1_773' title='bbox 1631 5698 1683 5768; x_wconf 69' lang='lat' dir='ltr'><strong>pi</strong></span> <span class='ocrx_word' id='word_1_774' title='bbox 1710 5694 1874 5750; x_wconf 80' lang='grc' dir='ltr'>αὐτοῦ</span> 
     </span>
    </p>
   </div>
   <div class='ocr_carea' id='block_1_107' title="bbox 1971 4501 3543 4580">
    <p class='ocr_par' dir='ltr' id='par_1_107' title="bbox 1971 4501 3543 4580">
     <span class='ocr_line' id='line_1_107' title="bbox 1971 4501 3543 4580; baseline -0.01 -11"><span class='ocrx_word' id='word_1_775' title='bbox 1971 4512 2355 4580; x_wconf 85' lang='lat' dir='ltr'><strong>conspirantes</strong></span> <span class='ocrx_word' id='word_1_776' title='bbox 2403 4524 2592 4564; x_wconf 86' lang='lat' dir='ltr'><strong>omnes</strong></span> <span class='ocrx_word' id='word_1_777' title='bbox 2625 4509 2672 4561; x_wconf 90' lang='lat' dir='ltr'><strong>vi</strong></span> <span class='ocrx_word' id='word_1_778' title='bbox 2723 4507 2964 4560; x_wconf 88' lang='lat' dir='ltr'><strong>adhibita</strong></span> <span class='ocrx_word' id='word_1_779' title='bbox 3020 4505 3288 4572; x_wconf 79' lang='lat' dir='ltr'><strong>ejectum,</strong></span> <span class='ocrx_word' id='word_1_780' title='bbox 3339 4501 3543 4554; x_wconf 77' lang='lat' dir='ltr'><strong>frustra</strong></span> 
     </span>
    </p>
   </div>
   <div class='ocr_carea' id='block_1_108' title="bbox 1971 4592 3544 4670">
    <p class='ocr_par' dir='ltr' id='par_1_108' title="bbox 1971 4592 3544 4670">
     <span class='ocr_line' id='line_1_108' title="bbox 1971 4592 3544 4670; baseline -0.009 -11"><span class='ocrx_word' id='word_1_781' title='bbox 1971 4606 2328 4661; x_wconf 87' lang='lat' dir='ltr'><strong>reluctantem</strong></span> <span class='ocrx_word' id='word_1_782' title='bbox 2380 4617 2576 4670; x_wconf 81' lang='lat' dir='ltr'><strong>rrtagno</strong></span> <span class='ocrx_word' id='word_1_783' title='bbox 2617 4597 2921 4652; x_wconf 85' lang='lat' dir='ltr'><strong>domestico</strong></span> <span class='ocrx_word' id='word_1_784' title='bbox 2974 4595 3317 4648; x_wconf 87' lang='lat' dir='ltr'><strong>dediderunt.</strong></span> <span class='ocrx_word' id='word_1_785' title='bbox 3373 4592 3544 4661; x_wconf 62' lang='lat' dir='ltr'><strong>Cujus</strong></span> 
     </span>
    </p>
   </div>
   <div class='ocr_carea' id='block_1_109' title="bbox 1969 4683 3541 4750">
    <p class='ocr_par' dir='ltr' id='par_1_109' title="bbox 1969 4683 3541 4750">
     <span class='ocr_line' id='line_1_109' title="bbox 1969 4683 3541 4750; baseline -0.011 0"><span class='ocrx_word' id='word_1_786' title='bbox 1969 4709 2262 4750; x_wconf 89' lang='lat' dir='ltr'><strong>successus</strong></span> <span class='ocrx_word' id='word_1_787' title='bbox 2315 4692 2509 4744; x_wconf 91' lang='lat' dir='ltr'><strong>nuntio</strong></span> <span class='ocrx_word' id='word_1_788' title='bbox 2550 4689 2774 4741; x_wconf 71' lang='lat' dir='ltr'><strong>Alexius</strong></span> <span class='ocrx_word' id='word_1_789' title='bbox 2811 4687 2994 4739; x_wconf 90' lang='lat' dir='ltr'><strong>statim</strong></span> <span class='ocrx_word' id='word_1_790' title='bbox 3037 4683 3102 4736; x_wconf 88' lang='lat' dir='ltr'><strong>ad</strong></span> <span class='ocrx_word' id='word_1_791' title='bbox 3160 4683 3541 4750; x_wconf 84' lang='lat' dir='ltr'><strong>imperatorem</strong></span> 
     </span>
    </p>
   </div>
   <div class='ocr_carea' id='block_1_110' title="bbox 1971 4771 3540 4852">
    <p class='ocr_par' dir='ltr' id='par_1_110' title="bbox 1971 4771 3540 4852">
     <span class='ocr_line' id='line_1_110' title="bbox 1971 4771 3540 4852; baseline -0.011 -12"><span class='ocrx_word' id='word_1_792' title='bbox 1971 4786 2266 4847; x_wconf 87' lang='lat' dir='ltr'><strong>destinato,</strong></span> <span class='ocrx_word' id='word_1_793' title='bbox 2308 4784 2425 4852; x_wconf 90' lang='lat' dir='ltr'><strong>ipse</strong></span> <span class='ocrx_word' id='word_1_794' title='bbox 2452 4778 2856 4835; x_wconf 68' lang='lat' dir='ltr'><strong>Thessalonica:</strong></span> <span class='ocrx_word' id='word_1_795' title='bbox 2890 4782 3140 4829; x_wconf 89' lang='lat' dir='ltr'><strong>moratus</strong></span> <span class='ocrx_word' id='word_1_796' title='bbox 3175 4771 3490 4841; x_wconf 83' lang='lat' dir='ltr'><strong>aliquandiu</strong></span> <span class='ocrx_word' id='word_1_797' title='bbox 3525 4809 3540 4834; x_wconf 91' lang='lat'><strong>,</strong></span> 
     </span>
    </p>
   </div>
   <div class='ocr_carea' id='block_1_111' title="bbox 1973 4864 3545 4940">
    <p class='ocr_par' dir='ltr' id='par_1_111' title="bbox 1973 4864 3545 4940">
     <span class='ocr_line' id='line_1_111' title="bbox 1973 4864 3545 4940; baseline -0.01 -9"><span class='ocrx_word' id='word_1_798' title='bbox 1973 4876 2402 4940; x_wconf 79' lang='lat' dir='ltr'><strong>constitutisque</strong></span> <span class='ocrx_word' id='word_1_799' title='bbox 2443 4872 2553 4925; x_wconf 92' lang='lat' dir='ltr'><strong>illic</strong></span> <span class='ocrx_word' id='word_1_800' title='bbox 2599 4869 2899 4926; x_wconf 87' lang='lat' dir='ltr'><strong>omnibus,</strong></span> <span class='ocrx_word' id='word_1_801' title='bbox 2946 4865 3245 4934; x_wconf 76' lang='lat' dir='ltr'><strong>splendida:</strong></span> <span class='ocrx_word' id='word_1_802' title='bbox 3299 4864 3545 4916; x_wconf 78' lang='lat' dir='ltr'><strong>victoria:</strong></span> 
     </span>
    </p>
   </div>
   <div class='ocr_carea' id='block_1_112' title="bbox 1975 4954 3544 5036">
    <p class='ocr_par' dir='ltr' id='par_1_112' title="bbox 1975 4954 3544 5036">
     <span class='ocr_line' id='line_1_112' title="bbox 1975 4954 3544 5036; baseline -0.008 -15"><span class='ocrx_word' id='word_1_803' title='bbox 1975 4981 2199 5036; x_wconf 88' lang='lat' dir='ltr'><strong>compos</strong></span> <span class='ocrx_word' id='word_1_804' title='bbox 2231 4978 2482 5018; x_wconf 75' lang='lat' dir='ltr'><strong>reversus</strong></span> <span class='ocrx_word' id='word_1_805' title='bbox 2522 4962 2574 5015; x_wconf 95' lang='lat' dir='ltr'><strong>in</strong></span> <span class='ocrx_word' id='word_1_806' title='bbox 2611 4960 2798 5013; x_wconf 87' lang='lat' dir='ltr'><strong>urbem</strong></span> <span class='ocrx_word' id='word_1_807' title='bbox 2837 4967 2942 5012; x_wconf 90' lang='lat' dir='ltr'><strong>est.</strong></span> <span class='ocrx_word' id='word_1_808' title='bbox 2985 4955 3139 5009; x_wconf 86' lang='lat' dir='ltr'><strong>Unde</strong></span> <span class='ocrx_word' id='word_1_809' title='bbox 3176 4956 3267 5024; x_wconf 92' lang='lat' dir='ltr'><strong>qui</strong></span> <span class='ocrx_word' id='word_1_810' title='bbox 3317 4954 3392 5008; x_wconf 90' lang='lat' dir='ltr'><strong>illi</strong></span> <span class='ocrx_word' id='word_1_811' title='bbox 3439 4955 3544 5008; x_wconf 81' lang='lat' dir='ltr'><strong>ob-</strong></span> 
     </span>
    </p>
   </div>
   <div class='ocr_carea' id='block_1_113' title="bbox 1977 5045 3542 5124">
    <p class='ocr_par' dir='ltr' id='par_1_113' title="bbox 1977 5045 3542 5124">
     <span class='ocr_line' id='line_1_113' title="bbox 1977 5045 3542 5124; baseline -0.012 -12"><span class='ocrx_word' id='word_1_812' title='bbox 1977 5058 2115 5113; x_wconf 88' lang='lat' dir='ltr'><strong>viam</strong></span> <span class='ocrx_word' id='word_1_813' title='bbox 2157 5055 2502 5124; x_wconf 88' lang='lat' dir='ltr'><strong>imperatoris</strong></span> <span class='ocrx_word' id='word_1_814' title='bbox 2529 5053 2687 5119; x_wconf 87' lang='lat' dir='ltr'><strong>jussu</strong></span> <span class='ocrx_word' id='word_1_815' title='bbox 2717 5055 3114 5119; x_wconf 86' lang='lat' dir='ltr'><strong>processerant,</strong></span> <span class='ocrx_word' id='word_1_816' title='bbox 3151 5061 3274 5100; x_wconf 92' lang='lat' dir='ltr'><strong>cum</strong></span> <span class='ocrx_word' id='word_1_817' title='bbox 3332 5045 3542 5112; x_wconf 89' lang='lat' dir='ltr'><strong>Philip-</strong></span> 
     </span>
    </p>
   </div>
   <div class='ocr_carea' id='block_1_114' title="bbox 1978 5137 3540 5220">
    <p class='ocr_par' dir='ltr' id='par_1_114' title="bbox 1978 5137 3540 5220">
     <span class='ocr_line' id='line_1_114' title="bbox 1978 5137 3540 5220; baseline -0.01 -16"><span class='ocrx_word' id='word_1_818' title='bbox 1978 5164 2076 5220; x_wconf 90' lang='lat' dir='ltr'><strong>pos</strong></span> <span class='ocrx_word' id='word_1_819' title='bbox 2115 5149 2256 5202; x_wconf 90' lang='lat' dir='ltr'><strong>inter</strong></span> <span class='ocrx_word' id='word_1_820' title='bbox 2286 5154 2339 5200; x_wconf 91' lang='lat' dir='ltr'><strong>et</strong></span> <span class='ocrx_word' id='word_1_821' title='bbox 2363 5144 2732 5214; x_wconf 77' lang='lat' dir='ltr'><strong>Amphipolim</strong></span> <span class='ocrx_word' id='word_1_822' title='bbox 2764 5140 3160 5202; x_wconf 89' lang='lat' dir='ltr'><strong>occurrissent,</strong></span> <span class='ocrx_word' id='word_1_823' title='bbox 3191 5137 3408 5206; x_wconf 84' lang='lat' dir='ltr'><strong>scriptis</strong></span> <span class='ocrx_word' id='word_1_824' title='bbox 3439 5137 3540 5203; x_wconf 89' lang='lat' dir='ltr'><strong>ipsi</strong></span> 
     </span>
    </p>
   </div>
   <div class='ocr_carea' id='block_1_115' title="bbox 1976 5228 3545 5308">
    <p class='ocr_par' dir='ltr' id='par_1_115' title="bbox 1976 5228 3545 5308">
     <span class='ocr_line' id='line_1_115' title="bbox 1976 5228 3545 5308; baseline -0.01 -12"><span class='ocrx_word' id='word_1_825' title='bbox 1976 5240 2249 5296; x_wconf 85' lang='lat' dir='ltr'><strong>mandatis</strong></span> <span class='ocrx_word' id='word_1_826' title='bbox 2284 5237 2545 5308; x_wconf 88' lang='lat' dir='ltr'><strong>prlncipis</strong></span> <span class='ocrx_word' id='word_1_827' title='bbox 2579 5233 2790 5286; x_wconf 88' lang='lat' dir='ltr'><strong>traditis</strong></span> <span class='ocrx_word' id='word_1_828' title='bbox 2817 5233 2872 5285; x_wconf 90' lang='lat' dir='ltr'><strong>in</strong></span> <span class='ocrx_word' id='word_1_829' title='bbox 2904 5247 3098 5285; x_wconf 85' lang='lat' dir='ltr'><strong>manus</strong></span> <span class='ocrx_word' id='word_1_830' title='bbox 3129 5269 3145 5290; x_wconf 88' lang='lat'><strong>,</strong></span> <span class='ocrx_word' id='word_1_831' title='bbox 3181 5231 3413 5293; x_wconf 78' lang='lat' dir='ltr'><strong>indeque</strong></span> <span class='ocrx_word' id='word_1_832' title='bbox 3444 5228 3545 5280; x_wconf 85' lang='lat' dir='ltr'><strong>Ba-</strong></span> 
     </span>
    </p>
   </div>
   <div class='ocr_carea' id='block_1_116' title="bbox 1977 5319 3543 5403">
    <p class='ocr_par' dir='ltr' id='par_1_116' title="bbox 1977 5319 3543 5403">
     <span class='ocr_line' id='line_1_116' title="bbox 1977 5319 3543 5403; baseline -0.015 -11"><span class='ocrx_word' id='word_1_833' title='bbox 1977 5336 2192 5400; x_wconf 90' lang='lat' dir='ltr'><strong>silacio,</strong></span> <span class='ocrx_word' id='word_1_834' title='bbox 2235 5339 2395 5403; x_wconf 89' lang='lat' dir='ltr'><strong>prout</strong></span> <span class='ocrx_word' id='word_1_835' title='bbox 2425 5331 2479 5382; x_wconf 92' lang='lat' dir='ltr'><strong>in</strong></span> <span class='ocrx_word' id='word_1_836' title='bbox 2513 5326 2914 5398; x_wconf 82' lang='lat' dir='ltr'><strong>iisjubebatur,</strong></span> <span class='ocrx_word' id='word_1_837' title='bbox 2947 5324 3015 5376; x_wconf 87' lang='lat' dir='ltr'><strong>ab</strong></span> <span class='ocrx_word' id='word_1_838' title='bbox 3048 5338 3113 5378; x_wconf 90' lang='lat' dir='ltr'><strong>eo</strong></span> <span class='ocrx_word' id='word_1_839' title='bbox 3134 5329 3372 5389; x_wconf 89' lang='lat' dir='ltr'><strong>recepto,</strong></span> <span class='ocrx_word' id='word_1_840' title='bbox 3395 5319 3543 5371; x_wconf 86' lang='lat' dir='ltr'><strong>circa</strong></span> 
     </span>
    </p>
   </div>
   <div class='ocr_carea' id='block_1_117' title="bbox 1978 5415 3544 5493">
    <p class='ocr_par' dir='ltr' id='par_1_117' title="bbox 1978 5415 3544 5493">
     <span class='ocr_line' id='line_1_117' title="bbox 1978 5415 3544 5493; baseline -0.013 -11"><span class='ocrx_word' id='word_1_841' title='bbox 1978 5430 2158 5483; x_wconf 89' lang='lat' dir='ltr'><strong>locum</strong></span> <span class='ocrx_word' id='word_1_842' title='bbox 2187 5423 2500 5493; x_wconf 87' lang='lat' dir='ltr'><strong>quempiam</strong></span> <span class='ocrx_word' id='word_1_843' title='bbox 2533 5419 2910 5484; x_wconf 81' lang='lat' dir='ltr'><strong>Chlempinam</strong></span> <span class='ocrx_word' id='word_1_844' title='bbox 2960 5415 3208 5475; x_wconf 87' lang='lat' dir='ltr'><strong>dictum,</strong></span> <span class='ocrx_word' id='word_1_845' title='bbox 3253 5427 3316 5466; x_wconf 86' lang='lat' dir='ltr'><strong>ac</strong></span> <span class='ocrx_word' id='word_1_846' title='bbox 3375 5423 3544 5478; x_wconf 86' lang='lat' dir='ltr'><strong>prope</strong></span> 
     </span>
    </p>
   </div>
   <div class='ocr_carea' id='block_1_118' title="bbox 1980 5503 3545 5582">
    <p class='ocr_par' dir='ltr' id='par_1_118' title="bbox 1980 5503 3545 5582">
     <span class='ocr_line' id='line_1_118' title="bbox 1980 5503 3545 5582; baseline -0.014 -11"><span class='ocrx_word' id='word_1_847' title='bbox 1980 5518 2204 5579; x_wconf 82' lang='lat' dir='ltr'><strong>fontem,</strong></span> <span class='ocrx_word' id='word_1_848' title='bbox 2237 5514 2329 5582; x_wconf 89' lang='lat' dir='ltr'><strong>qui</strong></span> <span class='ocrx_word' id='word_1_849' title='bbox 2358 5514 2410 5565; x_wconf 94' lang='lat' dir='ltr'><strong>in</strong></span> <span class='ocrx_word' id='word_1_850' title='bbox 2448 5513 2572 5580; x_wconf 88' lang='lat' dir='ltr'><strong>ipso</strong></span> <span class='ocrx_word' id='word_1_851' title='bbox 2599 5519 2701 5571; x_wconf 86' lang='lat' dir='ltr'><strong>est,</strong></span> <span class='ocrx_word' id='word_1_852' title='bbox 2745 5507 2934 5562; x_wconf 90' lang='lat' dir='ltr'><strong>oculos</strong></span> <span class='ocrx_word' id='word_1_853' title='bbox 2985 5507 3032 5558; x_wconf 87' lang='lat' dir='ltr'><strong>ei</strong></span> <span class='ocrx_word' id='word_1_854' title='bbox 3085 5503 3427 5561; x_wconf 83' lang='lat' dir='ltr'><strong>eﬂ‘oderunt;</strong></span> <span class='ocrx_word' id='word_1_855' title='bbox 3476 5513 3545 5551; x_wconf 72' lang='lat' dir='ltr'><strong>ex</strong></span> 
     </span>
    </p>
   </div>
   <div class='ocr_carea' id='block_1_119' title="bbox 1979 5590 3545 5678">
    <p class='ocr_par' dir='ltr' id='par_1_119' title="bbox 1979 5590 3545 5678">
     <span class='ocr_line' id='line_1_119' title="bbox 1979 5590 3545 5678; baseline -0.015 -16"><span class='ocrx_word' id='word_1_856' title='bbox 1979 5624 2089 5678; x_wconf 89' lang='lat' dir='ltr'><strong>quo</strong></span> <span class='ocrx_word' id='word_1_857' title='bbox 2119 5607 2385 5660; x_wconf 88' lang='lat' dir='ltr'><strong>hactenus</strong></span> <span class='ocrx_word' id='word_1_858' title='bbox 2422 5601 2674 5664; x_wconf 87' lang='lat' dir='ltr'><strong>invaluit,</strong></span> <span class='ocrx_word' id='word_1_859' title='bbox 2711 5607 2769 5652; x_wconf 91' lang='lat' dir='ltr'><strong>ut</strong></span> <span class='ocrx_word' id='word_1_860' title='bbox 2811 5597 2934 5650; x_wconf 91' lang='lat' dir='ltr'><strong>fons</strong></span> <span class='ocrx_word' id='word_1_861' title='bbox 2965 5595 3056 5648; x_wconf 90' lang='lat' dir='ltr'><strong>ille</strong></span> <span class='ocrx_word' id='word_1_862' title='bbox 3081 5590 3325 5645; x_wconf 87' lang='lat' dir='ltr'><strong>Basilacii</strong></span> <span class='ocrx_word' id='word_1_863' title='bbox 3384 5602 3545 5640; x_wconf 86' lang='lat' dir='ltr'><strong>voca-</strong></span> 
     </span>
    </p>
   </div>
   <div class='ocr_carea' id='block_1_120' title="bbox 1982 5679 3588 5768">
    <p class='ocr_par' dir='ltr' id='par_1_120' title="bbox 1982 5679 3588 5768">
     <span class='ocr_line' id='line_1_120' title="bbox 1982 5679 3588 5768; baseline -0.014 -14"><span class='ocrx_word' id='word_1_864' title='bbox 1982 5711 2155 5754; x_wconf 85' lang='lat' dir='ltr'><strong>retur.</strong></span> <span class='ocrx_word' id='word_1_865' title='bbox 2183 5696 2404 5753; x_wconf 84' lang='lat' dir='ltr'><strong>Tertius</strong></span> <span class='ocrx_word' id='word_1_866' title='bbox 2431 5694 2518 5748; x_wconf 86' lang='lat' dir='ltr'><strong>hic</strong></span> <span class='ocrx_word' id='word_1_867' title='bbox 2555 5693 2657 5746; x_wconf 88' lang='lat' dir='ltr'><strong>fuit</strong></span> <span class='ocrx_word' id='word_1_868' title='bbox 2685 5690 2842 5745; x_wconf 85' lang='lat' dir='ltr'><strong>labor</strong></span> <span class='ocrx_word' id='word_1_869' title='bbox 2869 5695 2994 5743; x_wconf 84' lang='lat' dir='ltr'><strong>ante</strong></span> <span class='ocrx_word' id='word_1_870' title='bbox 3025 5682 3309 5750; x_wconf 88' lang='lat' dir='ltr'><strong>imperium</strong></span> <span class='ocrx_word' id='word_1_871' title='bbox 3332 5721 3346 5745; x_wconf 88' lang='lat'><strong>,</strong></span> <span class='ocrx_word' id='word_1_872' title='bbox 3402 5679 3547 5736; x_wconf 86' lang='lat' dir='ltr'><strong>velut</strong></span> <span class='ocrx_word' id='word_1_873' title='bbox 3579 5756 3588 5768; x_wconf 69' lang='lat'><strong>_</strong></span> 
     </span>
    </p>
   </div>
  </div>
