4006 6248
305 343 411 407 Hi

1560 350 1978 415 ALEXIADIS
2018 353 2165 418 LIB.
2205 355 2253 414 I.

3485 353 3584 414 142

254 465 267 474 ’
297 454 572 510 επλέκετό
619 472 680 508 τε
739 457 836 510 καὶ
885 451 1032 511 εἷλκε
1084 457 1179 510 καὶ
1209 457 1424 512 εἵλκετο
1459 460 1554 513 καὶ
1606 459 1888 512 ἒκυλίοντο

2003 461 2182 514 lcbant
2211 459 2264 513 in
2295 457 2509 514 insidiis
2529 458 2628 512 viri
2661 467 2917 529 quatuor,
2951 466 3298 530 emergentes
3324 476 3353 516 e
3382 463 3584 532 palude

295 549 473 617 ἄμφω
533 547 679 601 κατὰ
711 547 808 601 τοῦ
867 549 1131 620 πρανοῦς.
1178 549 1415 614 Τούτους
1454 549 1510 604 δὲ
1541 551 1592 604 oi
1620 549 1890 620 λοχῶντες

294 631 573 711 τέσσαρες
601 643 799 694 ἐκεῖνοι
831 641 1027 713 ἄνδρες
1055 641 1408 714 θεασάμενοι,
1445 643 1745 708 ἀναδύντες
1794 638 1891 695 τοῦ

295 736 459 798 ἕλους
489 735 802 805 ἐπέδραμον
827 735 926 806 ἤδη
956 734 1032 806 τῷ
1073 736 1377 808 Γελιὲλμῳ,
1405 739 1499 790 καὶ
1530 738 1894 808 ξυνδήσαντες

297 826 684 896 ἁπανταχόθεν
710 828 1002 898 ἀνέτρεχον
1026 829 1100 892 ὡς
1126 829 1264 900 πρὸς
1300 830 1425 893 τοὺς
1457 833 1536 895 είς
1574 834 1672 901 τὴν
1701 832 1896 902 ἑτέραν

296 923 617 994 ἀκρώρειαν
657 923 986 993 ἱσταμένους
1026 923 1216 986 ἱππεῖς
1263 924 1357 976 τοῦ
1403 925 1743 996 Ῥομπέρτου
1793 926 1895 996 ἤδη

299 1017 400 1067 καὶ
425 1014 609 1068 αὐτῶν
645 1014 1141 1078 ὑποκολπαςόντων
1169 1014 1311 1068 κατὰ
1342 1015 1439 1068 τοῦ
1469 1013 1709 1086 πρανοῦς
1742 1015 1882 1085 πρὸς

306 1107 531 1170 αὐτούς’
590 1106 820 1159 δπισθεν
858 1105 913 1160 δὲ
938 1105 1162 1160 ἐδίωκον
1212 1107 1262 1159 οἱ
1315 1107 1410 1159 τοῦ
1466 1106 1784 1178 Ιέλιέλμου.
1839 1107 1897 1162 '0

299 1201 357 1254 δέ
382 1218 442 1267 γε
460 1200 804 1271 Ῥομπέρτος
833 1199 1029 1262 ἐπιϐάς
1050 1199 1142 1253 τοῦ
1165 1200 1334 1253 ἵππου
1357 1200 1559 1272 κράνος
1576 1217 1635 1252 τε
1661 1201 1753 1254 καὶ
1769 1200 1897 1272 δόρυ

296 1293 484 1348 λαὸὼν
508 1296 604 1348 καὶ
624 1294 843 1364 γοργῶς
873 1293 1396 1362 ἐναγκαλισάμενος,
1440 1295 1534 1346 καὶ
1560 1294 1751 1347 ἀσπίδι
1805 1312 1902 1348 πε-

297 1386 576 1458 ριφράξας
598 1387 788 1438 ἑαυτὸν
815 1387 1173 1456 ἐπιστραφεὶς
1204 1385 1429 1454 πλήττει
1449 1385 1546 1440 ἕνα
1567 1386 1675 1438 τῶν
1692 1385 1788 1439 τοῦ
1807 1385 1904 1438 Γε-

291 1477 412 1529 λιὲλ
423 1493 530 1543 μου
569 1474 658 1529 διὰ
678 1476 925 1545 δόρατος·
952 1477 978 1528 ό
995 1476 1039 1528 δ’
1061 1478 1177 1546 ἅμα
1194 1478 1262 1546 τῇ
1287 1476 1470 1549 πληγῇ
1490 1478 1584 1531 καὶ
1603 1477 1702 1548 τὴν
1723 1475 1902 1548 ψυχὴν

297 1568 691 1638 συναφῄρητο.
752 1568 841 1621 Ἐν
870 1568 1112 1638 τοσούτῳ
1144 1568 1244 1639 τὴν
1273 1569 1448 1640 φορὰν
1478 1569 1589 1622 τῶν
1627 1569 1772 1640 ἀμφὶ
1802 1569 1895 1622 τὸν

295 1661 572 1731 πενθερὸν
602 1660 815 1713 ἱππέων
844 1659 1212 1730 ἀναχαιτίσας
1267 1661 1363 1712 καὶ
1414 1660 1516 1729 τὴν
1548 1660 1656 1714 άπὸ
1686 1661 1893 1714 τούτων

293 1753 569 1823 βοήθειαν
600 1751 882 1820 ἀνακόψας
912 1751 985 1821 (οἱ
1011 1750 1067 1804 δέ
1099 1768 1161 1820 γε
1209 1751 1392 1804 λοιπώ⁸
1431 1751 1561 1814 τοὺς
1615 1753 1756 1822 ὑπὲρ
1806 1769 1900 1805 κε-

1999 559 2223 606 strenne
2252 559 2554 605 accurrunt
2577 552 2838 608 adversus
2863 551 3211 608 Gnillelmum
3239 570 3401 622 quem
3428 555 3586 611 facile

1998 644 2239 698 vinctum
2265 644 2618 700 attrahebant
2653 646 2718 699 ad
2748 647 2962 716 equites
2992 645 3212 701 Roberti
3244 647 3501 713 alterum,
3530 659 3590 701 ut

1998 737 2263 801 diximus,
2309 736 2613 792 insidentes
2642 738 2836 792 collem
2870 757 2884 794 :
2921 739 3012 808 qui
3049 750 3103 794 et
3146 739 3265 809 ipse
3305 755 3362 794 re
3394 740 3589 810 procul

2001 829 2289 884 observata
2333 845 2427 898 per
2457 845 2678 898 pronam
2701 830 2818 901 jugi
2850 839 3059 886 costam
3095 831 3356 887 festinare
3388 831 3454 888 ad
3489 847 3586 887 eos

2000 930 2281 990 ceperant.
2335 921 2553 975 Interim
2591 938 2714 977 sero
2743 923 3124 977 animadversa
3151 921 3340 978 fraude
3360 921 3589 978 comites

2002 1011 2300 1076 Guillelmi,
2327 1013 2484 1082 quasi
2516 1013 2846 1068 vindicatnri
2876 1013 3158 1067 dominum
3195 1027 3223 1066 a
3253 1021 3408 1085 tergo
3442 1013 3592 1069 inse-

2001 1107 2328 1178 quebantur.
2386 1107 2452 1160 At
2505 1105 2777 1162 Roberttts
2839 1121 2983 1176 equo
3023 1121 3351 1170 conscenso,
3402 1107 3590 1162 induta

2003 1199 2156 1269 galea
2182 1238 2195 1262 ,
2245 1207 2463 1266 sumpta
2495 1209 2547 1251 et
2580 1200 2789 1253 vibrata
2825 1198 3085 1254 ferociter
3117 1199 3294 1263 hasta,
3337 1197 3590 1269 objecta.

2003 1307 2109 1362 que
2141 1292 2194 1345 in
2228 1291 2311 1345 sui
2346 1291 2625 1344 munimen
2655 1290 2846 1360 clypeo
2877 1305 3181 1346 conversus
3215 1307 3384 1345 unum
3410 1306 3476 1347 ex
3508 1294 3590 1348 eis

2006 1385 2164 1437 hasta
2196 1383 2698 1438 transverberatum
2732 1382 2988 1437 interficit
3026 1402 3039 1438 :
3073 1398 3182 1452 quo
3223 1383 3468 1440 facinore
3495 1400 3586 1440 re-

2005 1476 2288 1544 frigeravit
2310 1475 2568 1543 impetum
2597 1475 3152 1544 Guillielmianorum,
3170 1491 3434 1547 spemque
3458 1477 3593 1548 ipsis

2005 1569 2253 1623 excussit
2286 1569 2372 1624 sui
2414 1568 2686 1638 principis
2722 1568 3098 1638 recuperandi.
3127 1567 3272 1639 Ergo
3315 1567 3593 1638 extemplo

2009 1661 2229 1731 reliqui,
2263 1660 2369 1715 alia
2404 1660 2629 1730 insuper
2681 1662 2865 1730 specie
2913 1661 3156 1730 perculsi
3203 1661 3588 1730 apparentium

2005 1753 2118 1822 jam
2171 1755 2420 1824 equitum
2477 1752 2702 1808 Rolierti
2735 1754 2898 1822 inque
2949 1755 3098 1824 ipsus
3147 1753 3365 1808 infestis
3418 1753 3596 1808 hastis

288 1845 471 1913 φαλῆς
497 1843 681 1896 αὐτῶν
707 1840 1136 1904 καταϐαίνοντας
1160 1843 1394 1904 ἱππότας
1420 1841 1515 1895 τοῦ
1545 1840 1888 1913 Ῥομπὲρτου

2006 1847 2523 1918 pcrgentium,terga
2554 1857 2857 1901 verterunt.
2891 1845 3120 1900 Ducitur
3149 1847 3332 1914 itaque
3366 1847 3591 1914 impune

287 1939 372 2000 ὡς
397 1939 494 1990 καὶ
524 1937 638 1989 ἀπὸ
695 1935 788 1988 τοῦ
840 1935 1008 1988 τόπου
1063 1933 1475 2005 βοηθουμένους
1534 1933 1893 2003 θεασάμενοι,

289 2031 652 2100 παραχρῆμα
681 2028 749 2082 τὰ
777 2027 924 2082 νῶτα
947 2027 1230 2097 διδόασιν),
1260 2025 1403 2079 οὕτω
1433 2025 1565 2097 γοῦν
1592 2028 1692 2098 τὴν
1721 2027 1894 2098 φορὰν

281 2122 406 2176 τῶν
437 2122 535 2175 τοῦ
565 2119 906 2191 Μασκαῆἐλη
931 2118 1146 2172 ἱππέων
1171 2116 1548 2186 ἀνακόψαντος
1585 2116 1683 2171 τοῦ
1724 2118 1893 2188 Ῥομ-

282 2215 522 2284 πέρτου,
540 2213 736 2281 ἄγεται
757 2210 1060 2281 τηνικαῦτα
1090 2211 1117 2262 ὁ
1145 2208 1518 2279 Μασκαῦἐλης
1541 2207 1765 2278 δέσμιος
1798 2211 1895 2263 καὶ

283 2306 736 2375 αἱχμάλωτοςεξς
750 2303 888 2372 ὅπερ
903 2302 1133 2354 δέδωκεν
1151 2299 1301 2369 αὑτῴ
1315 2300 1395 2363 εἰς
1411 2303 1607 2370 προῖκα
1625 2301 1906 2372 φρούριον,

280 2400 385 2452 ὅτε
402 2397 506 2468 τὴν
530 2398 806 2467 θυγατέρα
834 2393 1006 2464 τούτῳ
1032 2395 1484 2462 κατηγγυήσατο,
1513 2393 1608 2446 καὶ
1629 2388 1776 2464 εἶχεν
1795 2396 1905 2466 ἄρα

277 2490 417 2542 τότε
438 2488 532 2540 τὸν
547 2487 747 2540 οἰκεῖον
767 2485 1083 2554 δεσπότηνὴ
1109 2482 1264 2546 πόλις
1288 2484 1619 2554 ἔμφρουρον,
1639 2485 1901 2556 φρούριον

281 2581 555 2635 ἐντεῦθεν
580 2576 811 2642 εἰκότως
840 2575 1392 2649 προσαγορευομένη.
1421 2577 1589 2630 Οὐδὲν
1619 2577 1676 2631 δὲ
1703 2581 1892 2648 χεῖρον

279 2673 389 2727 καὶ
439 2671 539 2742 τὴν
597 2671 858 2741 ὠμότητα
937 2667 1032 2721 τοῦ
1095 2666 1441 2737 Ῥομπέρτου
1499 2667 1892 2737 διηγήσασθαι.

292 2764 536 2834 Ἐπειδὴ
561 2765 672 2834 γὰρ
713 2761 864 2825 ἅπαξ
896 2759 1173 2833 ἐγκρατὴς
1221 2759 1471 2827 ἐγεγόνει
1509 2759 1605 2812 τοῦ
1653 2761 1892 2814 Μασκα-

280 2858 456 2928 6ὲλη,
484 2856 553 2910 τὰ
600 2856 796 2925 πρῶτα
856 2855 954 2924 μὲν
1003 2851 1113 2905 τῶν
1151 2852 1384 2906 ὀδόντων
1439 2850 1700 2906 ἁπάντων
1751 2855 1892 2906 ἁπο-

280 2951 489 3018 στερεῖ
539 2944 891 3015 ἐφ”ὲκάστῳ
929 2945 1141 2998 τούτων
1191 2942 1592 3014 προσαπαιτῶν
1646 2943 1894 3001 πολυτά-

2003 1943 2252 2010 captivus
2290 1941 2620 2011 vinctusque
2653 1939 3008 2003 Mascabelcs,
3041 1945 3092 1992 et
3127 1939 3180 1992 in
3215 1938 3392 2008 ipsam
3423 1954 3593 2008 quam

2004 2032 2058 2085 in
2093 2030 2212 2085 lilia:
2251 2031 2434 2086 dotem
2469 2032 2685 2102 egregio
2717 2045 2922 2101 genere
2957 2029 3127 2084 miser
3158 2028 3466 2084 donaverat
3502 2045 3593 2083 ar-

2001 2137 2119 2176 cem
2155 2122 2479 2177 includitur.
2542 2121 2856 2192 Habuitque
2911 2131 3028 2175 tum
3085 2119 3179 2175 illa
3237 2112 3440 2177 civitas
3491 2121 3595 2176 sub

2003 2214 2240 2284 prmsidii
2289 2216 2541 2271 custodia
2587 2215 2875 2286 proprium
2906 2214 3189 2269 dominum
3225 2213 3428 2269 merito
3462 2229 3594 2283 pro-

2017 2316 2200 2376 pterea
2230 2307 2511 2375 Frurium,
2541 2310 2645 2364 hoc
2671 2319 2755 2364 est
2786 2309 3102 2379 praesidium
3137 2307 3256 2363 sive
3285 2321 3383 2362 arx
3416 2305 3586 2363 dicta.
3676 2296 3677 2299 “

2009 2397 2154 2453 Nihil
2187 2407 2367 2456 autem
2404 2409 2551 2456 vetat
2580 2401 2843 2470 reliquam
2883 2408 3168 2470 pertexere
3197 2398 3423 2453 Roberti
3453 2414 3585 2454 cru-

2007 2491 2307 2546 delitatem.
2343 2492 2450 2561 27
2486 2491 2666 2547 Semel
2702 2492 2846 2546 enim
2899 2506 3092 2546 SOCH‘O
3133 2491 3342 2560 potitus
3396 2491 3590 2545 dentes

2006 2581 2111 2651 ipsi
2145 2584 2424 2653 sigillatim
2451 2598 2643 2638 omnes
2684 2583 2914 2648 excutit,
2940 2583 3264 2638 immensam
3296 2583 3592 2653 quamdam

2003 2691 2358 2730 nummorum
2401 2692 2672 2731 summam
2712 2676 2766 2730 in
2809 2676 3061 2746 singulos
3093 2678 3496 2746 pronuntians,
3539 2685 3597 2730 et

2009 2766 2099 2821 ubi
2126 2767 2271 2822 dicta
2327 2783 2541 2823 summa
2574 2767 2805 2838 reperiri
2857 2776 3044 2839 posset
3077 2768 3321 2824 indicare
3368 2783 3594 2838 cogens.

2006 2859 2087 2912 Ad
2136 2870 2445 2915 extremum
2484 2861 2750 2916 exhausta
2781 2861 3014 2931 pecunia
3051 2875 3176 2916 cum
3210 2861 3490 2928 dentibus,
3533 2859 3589 2915 in

2003 2953 2193 3008 oculos
2237 2953 2443 3009 involat
2475 2953 2772 3019 Guillelmi,
2803 2969 2942 3022 quos
2983 2954 3130 3008 eruit
3174 2953 3591 3008 crudelissime.

275 3045 491 3097 λαντον
548 3041 716 3111 ὁλκὴν
764 3038 1144 3108 νομισμάτων,
1213 3037 1306 3088 καὶ
1355 3035 1768 3105 πυνθανόμενος
1826 3032 1888 3090 οὗ
1921 3041 2096 3096 ταῦτα
2126 3044 2449 3104 ἐναπέθετο.
2506 3045 2660 3098 Ἐπεὶ
2729 3044 2785 3098 δὲ
2826 3045 2929 3097 οὐκ
2991 3044 3186 3112 ἔληγεν
3249 3041 3594 3113 άπαράσσων

281 3136 405 3203 εστ*
436 3133 510 3188 ἂν
543 3135 759 3187 ἅπαντα
790 3129 974 3195 ἔλαϐε,
1009 3130 1104 3183 uati.
1131 3128 1250 3199 ἅμα.
1303 3129 1359 3182 οἵ
1389 3146 1447 3181 τε
1511 3130 1724 3195 ὀδόντες
1780 3132 2030 3201 ἐξέλιπον
2093 3142 2187 3194 καὶ
2248 3141 2318 3194 τὰ
2347 3143 2630 3212 χρήματα,
2666 3141 2758 3195 ἐπὶ
2821 3142 2948 3204 τοὺς
2982 3139 3298 3210 ὀφθαλμοὺς
3377 3135 3595 3192 Γελιέλ-

285 3245 404 3298 μου
437 3225 730 3280 meme:
779 3223 908 3286 τοὺς
957 3222 1328 3292 ὀφθαλμοὺςό
1377 3220 1738 3293 Ῥομπέρτος,
1787 3227 1884 3278 καὶ
1922 3227 2201 3304 φθονήσας
2261 3235 2439 3304 τούτῳ
2525 3236 2633 3287 τῶν
2693 3233 2891 3304 ὄψεων,
2948 3233 3249 3304 ἀποστερεῖ
3294 3229 3406 3285 τῶν
3486 3231 3593 3300 ὀμ·-

287 3319 519 3390 μάτων.

371 3414 602 3466 Πάντων
646 3404 740 3463 οὖν
780 3408 1056 3480 ἐγκρατὴς
1095 3407 1390 3476 γενόμενος
1440 3406 1703 3477 ηὑξάνετό
1733 3426 1788 3462 τε
1827 3409 1889 3463 τὸ
1917 3415 1961 3474 C

280 3505 555 3560 ἐντεῦθεν
590 3503 866 3573 ὁσημέραι
901 3504 995 3555 καὶ
1042 3504 1122 3564 εἰς
1149 3501 1210 3553 τὸ
1240 3498 1712 3571 τυραννικώτερον
1747 3503 1886 3556 ἀπο-

279 3601 500 3655 κλίνων
528 3599 649 3661 ταῖς
680 3597 872 3650 πόλεσί
910 3612 970 3648 τε
1011 3594 1374 3664 προσετίθετο
1428 3591 1613 3657 πόλεις
1647 3595 1741 3647 καὶ
1780 3599 1892 3659 τοῖς

281 3691 548 3762 χρήμασι
577 3688 858 3759 χρήματα.
896 3689 1004 3741 Καὶ
1033 3690 1091 3741 ὲν
1114 3687 1306 3758 βραχεῖ
1337 3691 1470 3760 πρὸς
1507 3689 1604 3760 τὴν
1633 3691 1892 3762 δουκικὴν

284 3779 591 3851 περιωπὴν
605 3776 1111 3848 άναὸεὸτ,κὼς,δοὺξ
1125 3780 1368 3848 Λογγιὸα
1379 3782 1525 3852 ρδίας
1539 3782 1653 3853 (58)
1673 3784 1894 3852 ἀπάσης

284 3873 639 3946 ὠνομάζετο,
699 3870 980 3925 Ἐντεῦθεν
1029 3872 1123 3944 ορν
1163 3873 1402 3936 ἅπαντες
1447 3875 1584 3944 πρὸς
1635 3875 1726 3927 τὸν
1769 3875 1890 3928 κατ’

286 3967 465 4021 αὺτοῦ
513 3966 710 4035 φθόνον
743 3965 1060 4037 ἠρεθίζοντο
1123 3966 1182 4020 '0
1215 3967 1270 4019 δὲ
1302 3968 1582 4037 φρενήρης
1627 3967 1704 4019 ὢν
1749 3966 1890 4038 ἀνὴρ

285 4054 428 4113 ὅπου
469 4058 571 4127 μὲν
599 4055 865 4118 θωπείαις
891 4058 1240 4126 χρησάμενος
1272 4057 1408 4130 πρὸς
1439 4057 1569 4120 τοὺς
1615 4059 1884 4112 ἀντικαθ-

291 4150 631 4220 ισταμὲνους
653 4145 824 4214 αύτῷ,
856 4147 991 4200 ὅπου
1012 4147 1068 4200 δὲ
1093 4147 1186 4200 καὶ
1213 4147 1504 4218 δωρήμασι
1527 4149 1656 4212 τοὺς
1681 4149 1887 4218 μεταξὺ

285 4241 390 4297 τοῦ
431 4241 674 4312 πλῆθους
726 4238 990 4307 θορύϐους
1039 4238 1418 4309 ἐξωμαλίσατο
1477 4243 1572 4296 καὶ
1627 4243 1718 4294 τὸν
1769 4242 1892 4296 κατ’

287 4334 463 4388 αὑτοῦ
493 4335 689 4402 ςθόνον
713 4332 822 4384 τῶν
853 4332 1199 4402 μεγιστάνων
1226 4335 1552 4405 εὐμηχάνως
1597 4337 1888 4390 κατέστει-

286 4429 410 4492 λεν,
469 4427 591 4480 ἐστι
621 4426 668 4479 δ’
705 4419 768 4480 οὗ
801 4426 896 4478 καὶ
927 4427 1118 4489 ὅπλοις
1173 4429 1590 4497 χειρωσάμενος
1649 4428 1798 4484 ἅπαν
1825 4431 1888 4483 τὸ

288 4525 506 4591 κράτος
544 4516 956 4587 Λογγιδαρδίας
987 4534 1046 4570 τε
1082 4519 1180 4573 καὶ
1215 4520 1314 4590 τῆς
1346 4521 1663 4593 ὁμορούσης
1703 4523 1890 4593 χώρας

291 4621 373 4676 εἰς
401 4615 604 4668 ἐαυτδν
642 4613 966 4681 ἀνεδήσατο.
1011 4615 1127 4667 Ἀεὶ
1158 4613 1292 4667 δέτι
1328 4616 1712 4689 όῬομπέρτος
1729 4611 1886 4680 οὗτος

291 4707 536 4760 ἐπινοῶν
577 4709 1061 4778 τυραννικώτερον
1093 4708 1189 4760 καὶ
1213 4708 1620 4778 φανταζόμενος
1651 4709 1750 4778 τὴν
1787 4709 1886 4777 βα-

2070 3411 2179 3467 llac
2207 3414 2386 3483 praeda
2419 3415 2783 3484 lorupletatns
2808 3413 3112 3484 majoribus
3138 3411 3334 3469 deinde
3363 3412 3418 3467 in
3469 3412 3591 3468 dies

2018 3507 2326 3577 augmentis
2364 3508 2523 3562 [lebat
2559 3509 2742 3576 seipso
2774 3507 3051 3578 potentior
3087 3524 3100 3562 :
3138 3506 3301 3562 urbes
3332 3505 3587 3569 utbibus,

2004 3595 2268 3665 pecunias
2309 3598 2562 3667 pecuniis
2603 3597 2908 3669 adiungens
2961 3598 3136 3652 donec
3192 3597 3342 3651 brevi
3393 3595 3589 3650 dueale

2001 3688 2279 3759 fastigium
2315 3689 2567 3758 adeptus,
2602 3689 2714 3743 dux
2745 3687 3145 3758 Longobardiaz
3175 3677 3450 3740 nniverSm
3483 3700 3584 3739 no-

2002 3765 2196 3833 minari
2227 3789 2440 3848 emptus
2479 3793 2563 3832 est
2603 3797 2616 3832 :
2656 3780 2800 3832 unde
2841 3779 3084 3830 omnium
3127 3777 3337 3830 irritata
3383 3774 3589 3830 invidia

1997 3883 2101 3931 est,
2136 3885 2298 3937 quam
2329 3869 2445 3937 ipse
2478 3883 2574 3939 pro
2597 3867 2757 3922 solita
2789 3876 2954 3935 atque
2980 3865 3168 3918 innata
3204 3863 3308 3919 sibi
3343 3863 3590 3934 pruden-

1997 3961 2071 4014 tia
2115 3960 2273 4014 facile
2316 3960 2597 4030 placavit;
2634 3959 2830 4029 partim
2881 3957 3297 4012 adnlationibus
3341 3967 3397 4012 et
3443 3955 3589 4013 ﬁctis

1997 4051 2281 4123 obsequiis
2302 4052 2578 4106 deliniens
2616 4052 2956 4120 potentiores
2985 4049 3400 4104 adversantium
3437 4048 3541 4105 sibi
3570 4067 3584 4113 ;

1998 4149 2196 4217 partim
2233 4147 2474 4216 plebeios
2507 4145 2744 4198 maxime
2791 4143 3043 4200 homines
3080 4143 3134 4197 in
3185 4159 3244 4199 se
3275 4143 3588 4199 coorientes

1997 4239 2155 4295 donis
2186 4255 2250 4293 ac
2284 4238 2666 4308 largitionibus
2695 4252 2986 4292 exarmans
3017 4255 3030 4291 :
3066 4236 3344 4291 interdum
3374 4236 3467 4292 ubi
3493 4251 3585 4292 ars

1997 4351 2104 4389 non
2145 4331 2446 4396 sufﬁceret,
2484 4332 2590 4386 vim
2639 4331 2928 4396 adhibens,
2963 4345 3028 4384 ac
3074 4345 3198 4385 cum
3253 4330 3479 4386 armatis
3508 4328 3587 4384 ir-

1998 4441 2281 4496 rumpens.
2323 4424 2563 4494 denique
2601 4437 2818 4476 onmem
2849 4436 2956 4490 qua
3003 4436 3168 4475 manu
3205 4437 3314 4491 qua
3349 4420 3585 4477 consilio

1998 4529 2106 4568 non
2155 4512 2590 4584 Longobardiam
2651 4511 2872 4575 solum,
2911 4509 3006 4565 sed
3071 4509 3306 4564 vicinam
3359 4523 3582 4580 quoque

1990 4607 2419 4675 circumquaque
2451 4605 2557 4660 sibi
2603 4603 2837 4670 subjecit
2883 4602 3228 4670 {irmavitquc
3264 4601 3573 4670 regionem.

1999 4697 2137 4752 llinc
2169 4697 2282 4766 jam
2322 4697 2488 4751 altius
2521 4711 2737 4765 semper
2790 4693 3001 4764 aliquid
3057 4693 3306 4763 regitans
3351 4701 3406 4746 et
3439 4708 3582 4762 pra:-

290 4794 508 4847 σιλείαν
533 4793 826 4864 Ῥωμαίων
855 4796 1208 4868 προφάσεως,
1231 4796 1305 4859 ὡς
1325 4797 1486 4866 ἔφην,
1517 4797 1612 4867 τῆς
1634 4798 1771 4868 πρὸς
1798 4799 1890 4851 τὸν

2003 4801 2208 4849 sentem
2243 4790 2677 4860 magnitudinem
2721 4805 2823 4859 pro
2857 4788 3032 4858 gradu
3064 4787 3132 4842 ad
3165 4795 3438 4856 speratam
3487 4786 3584 4840 lia-

291 4886 687 4958 αὐτοκράτορα
721 4887 944 4959 Μιχαὴλ
999 4887 1407 4957 συμπενθερίας
1453 4888 1884 4960 ὲπιδραξάμενος

289 4978 390 5030 τὸν
416 4978 556 5047 πρὸς
597 4979 907 5050 Ῥωμαίους
937 4980 1264 5051 ἀνεῤῥίπιζε
1301 4980 1562 5050 πόλεμον.
1599 4982 1885 5050 Ἐφθημεν

290 5072 412 5140 γὰρ
436 5071 748 5143 εἰρηκότες,
802 5073 885 5126 ὅτι
931 5071 1154 5143 Μιχαὴλ
1192 5074 1220 5125 ό
1262 5073 1622 5142 αὐτοκράτωρ
1651 5073 1752 5125 οὐκ
1789 5066 1886 5124 οἷδ’

291 5163 452 5224 ὅπως
482 5162 581 5232 τὴν
609 5160 706 5215 τοῦ
736 5162 1007 5234 τυράννου
1043 5161 1238 5216 τούτου
1270 5163 1548 5234 θυγατέρα
1574 5161 1798 5232 (Ἑλένη
1832 5162 1888 5214 δὲ

1995 4887 2174 4949 bens,
2229 4898 2425 4938 ausum
2483 4884 2648 4937 etiam
2716 4890 2801 4937 est.
2851 4882 2918 4936 ad
2981 4882 3277 4950 imperium
3333 4880 3582 4949 aspirare

1996 4976 2392 5039 Romanorum,
2442 4974 2737 5028 occasione
2769 4980 2935 5028 tanta:
2990 4973 3068 5027 rei
3119 4969 3394 5026 tentanda:
3435 4969 3582 5024 unde

1997 5071 2112 5126 dixi
2149 5080 2366 5138 smupta
2409 5085 2424 5121 :
2457 5067 2713 5122 videlicet
2744 5082 2808 5120 ex
2843 5064 3107 5121 afﬁnitate
3134 5080 3300 5135 quam
3350 5062 3582 5118 Michael

1998 5163 2320 5234 imperator,
2365 5161 2554 5217 nescio
2609 5174 2720 5229 quo
2777 5174 2914 5215 usus
2967 5157 3225 5224 consilio,
3271 5171 3396 5212 cuin
3454 5155 3576 5225 ipso

1374 5301 1516 5362 Car.
1549 5299 1881 5361 Dufresnii
1910 5299 2005 5360 Du
2040 5295 2261 5375 Cangii
2316 5302 2505 5357 υοιω.

379 5455 490 5525 (58)
513 5456 668 5520 Δοὺξ
693 5454 1146 5524 Λογγιϐαρδίας.
1190 5453 1441 5525 Obtinnit
1468 5468 1493 5505 a
1524 5449 1752 5525 Nicolao
1781 5447 1886 5525 PP.

297 5521 481 5582 ducis
520 5530 747 5581 titulum
789 5521 1281 5582 'Robe'rtns'anno
1326 5523 1456 5579 Cltr.
1523 5521 1686 5585 l060,
1745 5524 1892 5590 quod

300 5607 585 5651 testantur
640 5598 958 5668 Gregorius
1000 5596 1116 5663 γη,
1174 5595 1437 5668 Pl’alib.
1477 5609 1540 5654 tt,
1602 5594 1764 5668 epist.

300 5669 564 5738 Ιὶιικνιιι,
599 5661 782 5738 epist:
808 5670 830 5722 l
860 5686 878 5734 ;
915 5661 1230 5738 Malaterra.
1264 5665 1436 5738 Πῦρ,
1479 5679 1603 5738 cap.
1630 5661 1703 5716 ‘25
1731 5671 1780 5738 et
1811 5661 1901 5738 56_,

410 5736 516 5793 Leo
551 5732 709 5795 70st.
766 5732 977 5805 lib.'tn,
1018 5733 1140 5810 cap.
1199 5737 1307 5802 45;
1368 5734 1694 5790 Guillelmns
1745 5732 1902 5803 Apul.

328 5850 346 5858 -
395 5844 410 5859 .
438 5823 496 5859 ιι.

301 5806 410 5861 lib.
438 5823 496 5862 ιι.

2139 5445 2325 5498 Finita
2363 5443 2586 5515 synodo,
2623 5446 2913 5500 multorum
2959 5443 3110 5512 Papa
3139 5453 3330 5511 rogatu

2139 5513 2425 5570 liobertuiit
2459 5517 2619 5568 donat
2652 5515 2912 5570 Nicolauo
2945 5520 3141 5567 honore
3176 5513 3382 5565 ducali.

2146 5585 2250 5640 Hic
2278 5587 2528 5640 comitum
2564 5587 2708 5640 solus
2739 5602 2983 5649 concesso
3006 5587 3120 5652 iure
3150 5586 3377 5652 ducatus

2003 5657 2164 5728 233
2204 5657 2302 5712 Est
2331 5656 2504 5728 Papia
2524 5659 2693 5726 {actus
2717 5659 2953 5726 juramlo
2975 5651 3092 5721 jure
3120 5651 3302 5728 ﬁdelis
3321 5666 3343 5705 .'

2155 5728 2304 5782 Unde
2334 5729 2432 5780 sibi
2466 5724 2696 5782 Calaber
2718 5724 3022 5789 concessus,
3056 5735 3103 5777 ct
3132 5724 3368 5791 Appulus
3407 5725 3581 5779 omni:

2156 5799 2250 5853 Est
2283 5802 2452 5865 locus,
2489 5808 2536 5852 et
2582 5798 2734 5854 Latio
2773 5800 2965 5870 patria?
3010 5796 3304 5849 deminutio
3326 5797 3514 5866 gentis.
