4006 6248
377 344 476 422 ῌἹ

1672 345 1896 408 ΔΝΝίΕ
1933 349 2312 413 COMNEN/E

3538 344 3640 414 148

373 474 484 531 que
522 457 669 514 aliud
706 456 812 514 nisi
873 456 1103 514 artiﬁcis
1144 457 1326 514 seelus
1383 457 1606 513 Boberti
1639 459 1837 530 ipsius,
1875 459 1954 515 fe~

2068 467 2393 542 Βιαπεράσαι
2424 472 2504 537 είς
2541 471 2912 544 προσκύνησιν
2935 469 3029 526 τοῦ
3055 468 3163 524 νεὼ
3191 470 3298 524 τῶν
3321 470 3640 540 κορυφαίων

374 548 700 606 cundissimi
742 547 810 603 ad
841 547 1066 604 fraudes
1105 548 1330 620 ingenii.
1358 546 1626 603 Nimirum
1665 549 1711 605 is
1741 551 1946 605 dudum

373 648 640 710 concepta
711 640 1014 710 cupiditate
1070 637 1306 694 Romani
1362 639 1580 710 imperii
1644 640 1749 696 sibi
1811 641 1954 695 bello

373 732 627 803 parandi,
667 733 1024 803 apparatibus
1072 731 1150 786 rei
1185 740 1350 788 tautae
1384 732 1520 802 jam,
1579 742 1636 786 ut
1679 732 1783 790 sibi
1836 740 1956 787 erat

373 823 655 889 conscius,
681 823 936 889 maturis,
984 823 1328 894 parturiebat
1371 825 1644 894 impotens
1673 823 1863 889 animi,
1897 829 1953 878 et

372 931 628 985 rumpere
662 914 900 968 consilio
937 915 1144 970 exitum
1175 915 1324 971 omni
1355 926 1558 970 conatu
1593 915 1951 970 moliebatur.

369 1014 439 1064 At
471 1010 772 1066 obstabant
802 1009 1073 1079 praecipiti
1113 1010 1336 1080 incepto
1372 1011 1568 1080 injusti
1603 1010 1728 1064 belli
1759 1009 1954 1063 adver-

369 1115 468 1156 sus
499 1102 843 1158 Christianos
864 1101 1204 1172 suscipiendi
1237 1111 1350 1156 tum
1374 1101 1620 1172 plerique
1640 1101 1952 1172 principum

369 1192 464 1260 qui
505 1193 556 1247 ei
584 1193 834 1255 aderant,
867 1202 983 1248 tum
1033 1195 1151 1262 ipsa
1201 1193 1324 1262 ejus
1376 1194 1578 1263 conjux
1627 1193 1808 1258 Gaita,
1859 1194 1952 1261 qui

370 1285 588 1354 quaties
641 1285 802 1340 istam
839 1285 1181 1356 pruriginem
1218 1285 1527 1342 lacessendi
1561 1286 1799 1341 Romani
1849 1301 1949 1341 no-

370 1375 539 1431 minis
573 1375 849 1432 Robertus
889 1377 1226 1438 ostenderet.
1275 1377 1479 1432 nullam
1533 1379 1699 1434 finem
1740 1379 1957 1434 dissua-

367 1467 534 1523 dendi
581 1467 880 1524 faciebant.
918 1467 1028 1524 Eos
1070 1469 1241 1540 igitur
1291 1469 1357 1524 ad
1410 1483 1564 1525 suam
1617 1470 1952 1525 sententiam

368 1559 625 1614 trahendi
665 1561 828 1615 talem
857 1561 1002 1616 viam
1036 1561 1180 1616 iniit.
1230 1561 1398 1616 Mittit
1458 1571 1641 1618 certos
1701 1562 1954 1617 homines

367 1651 668 1705 Crotonem
734 1667 953 1707 arcanae
1013 1652 1216 1708 mentis
1273 1668 1390 1708 sua:
1449 1652 1704 1708 conscios
1757 1653 1950 1708 :clam

2061 567 2157 618 καί¹
2192 565 2498 637 πολιούχων
2552 567 2650 636 τῆς
2691 565 2911 635 Ῥώμης
2964 565 3305 624 ἀποστόλων,
3358 565 3414 630 ἐξ
3465 564 3639 633 αὐτῆς

2057 657 2238 728 ὅψεως
2302 657 2375 727 μὴ
2425 657 2564 711 πάνυ
2622 656 2683 709 τὸ
2728 656 2988 725 δυσγενὲς
3051 655 3390 727 ἐμφαίνοντα
3451 655 3640 708 τοῦτον

2058 751 2315 818 ἀσμένως
2342 748 2811 816 ὲναγκαλίσασθαι
2857 749 2952 802 καὶ
2999 748 3466 817 οίκειωσαμένους
3502 750 3640 819 πρὸς

2057 844 2221 896 αὐτὸν
2264 844 2514 912 ἀγαγεῖν,
2564 844 2687 896 ἐπεὶ
2732 843 2789 897 δὲ
2838 843 2930 896 τὸν
2962 843 3364 912 προειρημένον
3404 840 3639 911 ἐφεῦρον

2067 935 2386 1006 Ῥαίκτορα,
2417 936 2587 1005 ἄνδρα
2624 936 2872 990 ποικίλον
2901 953 2961 988 τε
2991 937 3089 988 καὶ
3122 935 3261 1004 πρὸς
3285 933 3632 1005 πανουργίαν

2057 1027 2438 1098 ἁπαράμιλλον
2467 1028 2688 1095 δηλοῦσι
2739 1027 2817 1096 τῷ
2865 1028 3198 1098 Ῥομπέρτῳ
3250 1027 3338 1080 διὰ
3368 1027 3638 1097 γραμμά-

2057 1135 2166 1170 των
2215 1119 2356 1171 κατὰ
2391 1119 2452 1171 τὺ
2483 1118 2790 1188 Σαλερηνδν
2821 1117 3178 1187 διατρίϐοντι,
3207 1119 3288 1171 ὅτι
3334 1135 3439 1187 περ
3480 1119 3508 1170 ὁ
3548 1117 3641 1178 σὸς

2057 1209 2325 1280 κηδεστὴς
2351 1211 2568 1280 Μιχαὴλ
2593 1213 2620 1263 ὁ
2648 1211 2746 1279 τῆς
2775 1210 3052 1278 βασιλείας
3075 1209 3329 1273 ὲξεωθεὶς
3363 1207 3637 1262 κατέλαϐε

2055 1303 2155 1372 τὴν
2213 1302 2322 1357 ἀπὸ
2394 1302 2489 1355 σοῦ
2551 1302 2938 1368 ἐξαιτούμενος
2993 1302 3271 1372 βοήθειαν.
3319 1301 3478 1356 Οῦτω
3528 1301 3639 1371 γὰρ

2057 1393 2243 1457 αὐτοῖς
2270 1394 2299 1446 ὁ
2342 1391 2678 1463 Ῥομπέρτος
2725 1391 2958 1447 ὑπέθετο
3012 1393 3112 1455 τὰς
3171 1395 3309 1463 πρὸς
3348 1393 3515 1446 αὑτὸν
3550 1394 3643 1444 ὲκ-

2059 1486 2240 1539 θεῖναι
2271 1485 2515 1555 γραφάς.
2554 1483 2618 1538 'O
2648 1484 2705 1539 δὲ
2741 1485 2798 1536 ὲν
2827 1485 2989 1555 χερσὶ
3032 1487 3239 1548 ταύτας
3263 1484 3464 1546 λαϐὼν,
3499 1500 3642 1554 παρ-

2056 1579 2219 1643 ευθῦς
2251 1580 2350 1650 μὲν
2379 1582 2445 1651 τῇ
2474 1579 2784 1648 ὁμευνέτιδι
2815 1577 3293 1645 ὑπαναγινὼσκει,
3358 1573 3479 1630 εῐτα
3512 1595 3643 1630 συν-

2056 1670 2279 1738 αγαγὼν
2326 1671 2452 1734 τοὺς
2512 1671 2761 1740 κόμητας
2804 1669 2914 1739 (67)
2979 1671 3226 1731 ἅπαντας
3286 1669 3642 1722 ὑποδείκνυσι

367 1755 566 1810 nempe
591 1741 644 1795 in
684 1757 872 1798 aurem
905 1743 1147 1799 monitos
1185 1752 1242 1798 ut
1275 1745 1318 1799 si
1351 1760 1514 1813 quem
1549 1744 1623 1800 ibi
1651 1747 1957 1815 reperirent

2068 1760 2158 1814 καὶ
2211 1760 2427 1822 τούτοις
2485 1762 2556 1815 τὰ
2604 1763 2914 1832 γράμματα
2966 1761 3040 1824 ὡς
3095 1762 3295 1832 μηκέτι
3330 1761 3645 1815 κωλύεεθαι

368 1831 702 1884 monachqu
741 1847 771 1886 e
800 1831 1008 1888 Graecia
1045 1833 1237 1888 limina
1287 1835 1662 1904 apostolorum
1709 1835 1958 1905 cogitan-

2068 1855 2200 1924 παρ’
2237 1818 2421 1909 αὐτῶν
2460 1818 2684 1923 εὐλόγου
2721 1818 2867 1924 τάχα
2909 1818 3480 1924 αἰτίαςιδραξάμενος.
3513 1855 3656 1921 Συνοη

365 1929 503 1983 tem,
539 1936 700 1992 quem
734 1934 964 1992 aspectu
996 1932 1049 1980 et
1076 1941 1376 1997 congressu
1413 1942 1520 1982 non
1548 1928 1862 1983 inidonentn
1889 1928 1955 1982 ad

349 2030 484 2076 rem
534 2031 659 2086 quae
694 2019 996 2087 parabatur
1024 2018 1366 2089 judicarent,
1407 2021 1727 2092 exciperent
1779 2020 1958 2076 homi-

369 2123 499 2164 nem
546 2109 1196 2182 comprebenderentque
1253 2111 1471 2179 ciliciis,
1522 2114 1857 2182 omninoque
1891 2113 1958 2168 ad

369 2216 432 2257 se
474 2202 835 2257 adducerent.
877 2203 1134 2259 Occurrit
1172 2205 1295 2260 istis
1330 2205 1567 2260 Crotone
1610 2205 1956 2259 commodum

369 2295 420 2350 is
459 2311 620 2364 quem
649 2296 765 2350 dixi
794 2295 1013 2351 Racctor
1045 2299 1214 2352 homo
1265 2307 1531 2354 versutus
1569 2308 1624 2353 et
1655 2297 1957 2355 simulandi

371 2386 593 2455 quidvis
623 2386 1125 2457 dissimulandique
1187 2404 1442 2445 summus
1492 2391 1714 2446 artifex.
1761 2391 1958 2460 Aptius

373 2479 514 2534 nihil
549 2481 728 2534 visum
763 2480 832 2533 ad
875 2477 1101 2533 lloberti
1135 2480 1500 2550 propositum.
1549 2480 1786 2537 Litteras
1829 2497 1960 2550 ergo

372 2571 442 2626 ad
485 2571 668 2643 ipsum
723 2571 1016 2627 Salernum
1069 2573 1302 2627 mittunt
1363 2574 1416 2627 in
1475 2589 1597 2628 cant
1665 2573 1958 2628 formulam

371 2667 610 2735 scriptas
645 2680 810 2737 quam
853 2668 973 2739 ipse
1003 2667 1416 2740 praescripserat
1454 2683 1468 2720 :
1502 2668 1702 2738 quibus
1746 2667 1959 2738 signifi-

371 2757 616 2824 cabant,
684 2775 1055 2818 consocerum
1111 2761 1288 2832 ipsius
1340 2759 1663 2815 Micllaelem
1729 2761 1962 2830 imperio

367 2853 588 2922 pulsum
618 2851 1022 2924 profugumque
1054 2855 1110 2910 in
1139 2855 1354 2910 Italiam
1385 2855 1628 2911 Crotone
1657 2870 1800 2918 esse,
1837 2871 1962 2909 mox

368 2947 437 3002 ad
467 2948 643 3018 ipsum
667 2950 1122 3005 transmissurum
1154 2950 1341 3004 auxilii
1374 2950 1597 3019 rogandi
1633 2965 1821 3003 causa.
1857 2949 1964 3003 llas

368 3039 588 3096 litteras
615 3050 842 3109 repente
880 3039 1157 3096 Robertus
1187 3050 1246 3093 ιιι
1289 3039 1472 3095 adhuc
1505 3041 1740 3110 primum
1771 3049 1964 3108 paten-

2061 1948 2302 2001 τίθενται
2344 1948 2591 2009 ἅπαντες
2654 1948 3006 2016 παραχρῆμα
3052 1948 3116 2014 τῇ
3164 1945 3261 1998 τοῦ
3300 1945 3645 2014 Ῥομπέρτου

2065 2041 2272 2111 βουλῇ,
2340 2040 2436 2093 καὶ
2490 2039 2667 2101 οὕτως
2720 2037 3045 2107 προσήκατὸ
3105 2053 3166 2088 τε
3213 2035 3374 2090 αὑτὸν
3425 2035 3518 2088 καὶ
3564 2038 3648 2099 είς

2062 2131 2281 2202 ὁμιλίαν
2307 2129 2589 2199 ἐλήλυθεν.
2611 2128 2895 2182 Ἐντεῦθεν
2919 2129 2988 2181 τὰ
3015 2129 3199 2180 πάντα
3229 2129 3646 2198 δραματουργεί

2063 2224 2161 2276 καὶ
2193 2223 2402 2292 σκηνὴν
2439 2222 2794 2291 περιτίθησιν
2823 2220 2900 2283 ὡς
2955 2223 2982 2274 ὁ
3016 2220 3271 2290 βασιλεὺς
3304 2219 3387 2290 είη
3420 2220 3646 2289 Μιχαὴλ

2062 2315 2091 2367 ὁ
2127 2313 2362 2384 μοναχδς
2403 2315 2611 2375 ἐκεῖνος
2651 2312 2727 2374 ὡς
2764 2310 3122 2380 καθαιρεθείη
3160 2309 3269 2362 τῶν
3313 2309 3540 2379 θρόνων,
3568 2307 3650 2372 ὡς

2064 2406 2162 2477 τὴν
2193 2407 2428 2474 γυναῖκα
2458 2404 2555 2457 καὶ
2587 2406 2678 2457 τὸν
2709 2403 2876 2456 παῖδα
2921 2403 3015 2457 και)⁸
3070 2403 3238 2456 τᾶλλα
3274 2403 3451 2456 πάντα
3505 2401 3648 2472 πρὸς

2065 2498 2157 2552 τοῦ
2194 2499 2552 2550 Βοτανειάτου
2602 2495 2930 2567 ἀφαιρεθείη
2963 2496 3256 2564 τυράννου,
3288 2497 3383 2549 καὶ
3413 2495 3489 2558 ὡς
3517 2493 3649 2547 τοῦ·

2065 2609 2156 2644 τον
2187 2591 2389 2652 ἀδίκως
2415 2590 2512 2642 καὶ
2533 2588 2686 2658 παρὰ
2706 2589 2885 2642 πάντα
2903 2588 3111 2641 δίκαιον
3135 2587 3293 2656 λόγον
3313 2587 3412 2650 τῆς
3429 2587 3648 2648 ταινίας

2065 2700 2125 2736 τε
2184 2681 2280 2735 καὶ
2336 2681 2430 2733 τοῦ
2491 2679 2824 2750 διαδήματος
2873 2681 2935 2733 τὸ
2992 2681 3288 2750 μοναχικδν
3331 2679 3652 2748 περιέθεντο

2069 2775 2278 2846 σχῆμα,
2341 2774 2436 2827 καὶ
2497 2773 2592 2827 νῦν
2641 2775 2834 2842 ἱκέτης
2892 2767 3017 2843 ἧκε,
3056 2773 3224 2842 φησὶ,
3289 2771 3426 2842 πρὸς
3474 2771 3648 2839 ἡμᾶς.

2068 2865 2255 2920 Ταῦτα
2286 2867 2365 2928 είς
2401 2869 2599 2936 μέσους
2637 2865 2970 2936 ἐδημηγόρει
3009 2866 3037 2916 ὁ
3074 2863 3431 2932 Ῥομπέρτος,
3457 2860 3558 2930 τήν
3588 2874 3652 2910 τε

2071 2959 2349 3029 βασιλείαν
2387 2957 2538 3026 αύτῷ
2589 2958 2679 3010 διὰ
2737 2958 2799 3009 τὸ
2840 2957 3003 3027 κῆδος
3050 2953 3476 3020 ἔπανασωθῆναι
3510 2967 3653 3020 πρε-

2069 3052 2304 3117 σϐεύων,
2345 3052 2438 3104 καὶ
2499 3049 2666 3116 ἀξιῶν
2711 3049 2950 3117 ἑκάστης
2981 3047 3200 3116 ἡμέρας
3252 3045 3342 3098 τὸν
3410 3041 3652 3112 μοναχὸν

372 3141 456 3188 tes
488 3132 542 3186 in
586 3146 751 3187 manu
793 3132 1049 3192 habebat.
1095 3133 1313 3204 conjugi
1368 3134 1605 3204 primum
1659 3135 1814 3205 It'gil,
1847 3145 1958 3188 tum

2071 3143 2276 3196 ἐκεῖνον
2305 3140 2379 3201 ὡς
2409 3138 2570 3206 δῆθεν
2604 3137 2695 3191 τὸν
2728 3137 2954 3208 βασιλέα
2987 3135 3207 3206 Μιχαὴλ
3231 3136 3325 3188 καὶ
3349 3131 3652 3202 προεδρίας

372 3224 674 3280 comitatus
721 3225 808 3278 sui
846 3225 994 3280 viros
1031 3225 1274 3280 illusnes
1326 3241 1388 3280 ac
1439 3225 1719 3294 principes
1759 3240 1962 3280 convo-

373 3331 534 3382 cans.
582 3317 714 3387 quid
752 3318 931 3372 nuntii
964 3317 1303 3388 perferretur
1344 3319 1524 3374 docet.
1561 3322 1640 3374 llli
1680 3335 1874 3374 omnes
1906 3335 1964 3373 re

373 3409 542 3465 facile
604 3409 852 3473 credita,
918 3427 1270 3482 nequaquam
1334 3412 1717 3484 negligendum
1785 3411 1964 3466 amnis

372 3501 647 3572 principis
675 3516 868 3558 casum
921 3501 1166 3558 Rnberto
1215 3511 1597 3558 assenserunt.
1651 3503 1756 3570 Qui
1810 3519 1964 3558 mora

371 3594 528 3649 nttlla
565 3594 708 3649 facta
745 3595 989 3651 accersit
1035 3595 1342 3660 hominem.
1385 3597 1540 3650 cultu
1587 3606 1643 3651 et
1699 3597 1963 3652 comitatu

373 3688 666 3745 ambitiose
706 3702 961 3744 ornatum
990 3704 1281 3761 personam
1335 3689 1550 3745 decenti
1583 3705 1746 3760 quam
1813 3706 1966 3746 men-

374 3783 635 3838 tiebatur.
673 3783 777 3839 lste
807 3793 992 3838 autem
1029 3792 1187 3838 actor
1239 3783 1588 3855 nequaquam
1622 3785 1825 3851 malus,
1866 3795 1964 3838 aut

373 3873 690 3940 immemor,
720 3875 1051 3944 tragmdiam
1084 3874 1232 3945 apud
1267 3891 1462 3931 omnes
1488 3887 1657 3930 totam
1693 3877 1964 3946 plausibi-

374 3965 504 4019 liter
536 3967 735 4036 agebat
778 3985 793 4020 :
833 3975 1015 4036 gestu,
1049 3970 1230 4033 vultu,
1279 3969 1470 4034 verbo,
1510 3969 1725 4034 habitu,
1773 3978 1964 4023 extur-

375 4058 567 4112 batum
606 4073 664 4112 se
697 4059 920 4119 throno.
943 4073 1119 4114 uxore
1138 4075 1202 4114 ac
1224 4058 1334 4112 filio
1359 4061 1632 4129 privatum
1667 4077 1694 4112 a
1727 4069 1964 4130 tyranno

377 4151 668 4206 Botaniate
710 4152 899 4206 ferens
932 4169 944 4205 :
983 4153 1117 4222 quin
1163 4153 1328 4207 etiam
1363 4153 1433 4206 ab
1463 4152 1654 4207 eodem
1710 4154 1966 4224 injustis-

377 4243 519 4296 sime
579 4241 740 4296 taenia
805 4250 1033 4296 exutum
1097 4258 1162 4298 ac
1227 4243 1578 4308 diademate,
1637 4246 1965 4307 monachica

379 4341 537 4389 veste
629 4334 1036 4389 circumdatum
1131 4353 1144 4389 :
1221 4335 1423 4405 quibus
1502 4336 1672 4391 tantis
1750 4337 1966 4406 injuriis

380 4426 640 4483 adactum
689 4426 948 4482 advenire
992 4443 1052 4483 se
1096 4428 1427 4497 supplicem.
1477 4427 1602 4485 Περ
1641 4445 1669 4483 a
1719 4427 1965 4484 Roberto

2066 3234 2160 3288 καὶ
2193 3233 2400 3302 θρόνων
2429 3229 2790 3302 ὑψηλοτέρων
2842 3230 2938 3284 καὶ
2970 3229 3140 3299 τιμῆς
3173 3223 3652 3297 ὑπερϐαλλούσης,

2066 3328 2162 3382 καὶ
2195 3327 2324 3382 ἄλλο
2345 3343 2402 3379 τε
2439 3325 2616 3384 άλλως
2645 3325 2744 3388 τὰς
2773 3322 3124 3394 δημηγορίας
3151 3320 3526 3389 πλαττόμενος
3549 3315 3654 3368 νῦν

2071 3419 2170 3490 μὲν
2208 3415 2721 3486 ὲλεινολογούμενος
2781 3409 2871 3468 οἷα
2926 3412 3201 3467 πέπονθεν
3249 3411 3340 3464 ἐπὶ
3387 3405 3650 3476 θυγατρὶ,

2067 3510 2162 3564 νῦν
2204 3510 2262 3563 δὲ
2311 3509 2406 3562 τοῦ
2462 3507 2851 3578 συμπενθέρου
2914 3505 3237 3574 φειδόμενος
3277 3501 3364 3571 ἐφ’
3400 3493 3480 3562 οἷς
3534 3514 3656 3552 τισι

2067 3605 2263 3666 κακοῖς
2318 3601 2772 3671 περιπέπτωκεν,
2805 3597 2901 3652 νῦν
2923 3599 2979 3651 δὲ
3008 3594 3438 3667 προπαροξύνων
3463 3609 3521 3645 τε
3553 3591 3658 3644 καὶ

2067 3693 2356 3764 διεγείρων
2388 3693 2526 3766 πρὸς
2569 3692 2805 3760 πόλεμον
2845 3690 2906 3742 το
2957 3689 3088 3758 περὶ
3139 3687 3306 3742 αὐτὸν
3346 3682 3654 3754 βάρϐαρον,

2069 3785 2333 3849 ποικίλως
2385 3783 2861 3852 ἐπαγγελλόμενος
2894 3781 3104 3844 τούτοις
3144 3777 3348 3851 χρυσοῦ
3385 3773 3657 3844 θημῶνας

2067 3878 2164 3940 οὒς
2184 3880 2248 3932 ὲκ
2277 3879 2376 3946 τῆς
2391 3877 2681 3946 Ῥωμαίων
2708 3875 2862 3945 ἔχειν
2891 3874 3110 3936 τούτοις
3139 3866 3654 3937 κατεπηγγέλλετο.

2081 3969 2366 4023 Ἐντεῦθεν
2426 3970 2636 4030 πάντας
2711 3967 3086 4034 ἑλκυσάμενος
3166 3963 3264 4030 τῆς
3339 3959 3484 4030 ῥινὸς
3550 3957 3658 4009 καὶ

2069 4058 2511 4130 πλουσιωτέρους
2548 4059 2643 4112 καὶ
2675 4057 3039 4126 πενεστέρους
3070 4054 3292 4124 ἀπάρας
3315 4050 3416 4117 τῆς
3448 4048 3660 4116 Λογγι-

2070 4147 2337 4217 ϐαρδίας,
2408 4150 2613 4216 μᾶλλον
2673 4148 2730 4202 δι
2789 4148 2974 4201 πᾶσαν
3041 4145 3214 4214 αὐτὴν
3273 4140 3658 4206 ἑλκυσάμενος

2072 4242 2486 4311 καταλαμϐάνει
2552 4240 2654 4303 τὴν
2729 4239 2998 4308 Σάλερνον
3065 4233 3404 4306 μητρόπολιν
3481 4228 3662 4282 οὖσαν

2069 4335 2297 4404 Μὲλφης
2345 4333 2482 4406 (68),
2524 4335 2584 4386 ὲν
2621 4327 2654 4406 ᾗ
2686 4332 2756 4385 τά
2787 4332 2929 4385 κατὰ
2979 4330 3078 4392 τὰς
3117 4328 3283 4390 άλλας
3343 4322 3661 4392 θυγατέρας

2072 4427 2239 4484 αὐτοῦ
2271 4427 2451 4481 πάντα
2482 4423 2848 4496 καταπράξας
2881 4422 3086 4487 καλῶς,
3123 4418 3380 4472 ἐντεῦθεν
3417 4414 3485 4468 τὰ
3513 4415 3664 4485 προς

1457 4567 1598 4630 Car.
1631 4565 1956 4630 Dufrosnii
1982 4569 2073 4630 Du
2105 4567 2327 4647 Cangii
2365 4572 2551 4627 notio.

452 4691 565 4756 (67)
606 4693 907 4761 Κόμητας.
948 4689 1087 4762 Cum
1140 4689 1446 4762 Nurmanni
1504 4692 1556 4746 in
1614 4692 1832 4762 Apulia,
1862 4694 1964 4744 im-
1998 4684 2041 4738 Β
2071 4695 2280 4760 sedem,
2309 4692 2403 4748 sed
2452 4693 2766 4762 Amalphim
2824 4692 2916 4746 hic
2980 4688 3237 4762 intelligit
3301 4688 3474 4762 Anna,
3507 4698 3664 4762 quae,

379 4762 616 4834 pellente
676 4777 740 4815 ac
813 4761 1133 4834 sitnulantei
1173 4761 1454 4834 llartloino
1539 4762 1960 4826 Mcdiolannnsi,

382 4833 569 4888 sedem
606 4834 790 4900 ligere.
829 4842 883 4886 et
919 4848 1044 4886 cum
1098 4833 1304 4887 Gracia
1353 4833 1641 4887 decertare
1689 4835 1963 4888 decrevis-

383 4912 529 4966 sent,
562 4905 836 4972 primores
860 4919 924 4958 ex
957 4903 1074 4958 suis
1113 4905 1196 4960 l2.
1235 4902 1437 4972 quibus
1467 4914 1746 4972 parerent,
1782 4903 1966 4973 elege-

383 4982 536 5034 runt,
578 4973 760 5043 lisque
789 4973 1050 5027 comitum
1095 4973 1415 5028 indiderunt
1467 4990 1668 5028 nomen
1705 4981 1757 5027 et
1790 4975 1968 5043 digni-

384 5050 576 5095 tatem.
619 5042 949 5096 Guillelmus
976 5045 1138 5112 Apul.
1173 5045 1266 5098 lib.
1297 5060 1333 5098 ι.

452 5114 752 5166 Normanni
780 5115 1022 5182 quamvis
1059 5114 1305 5168 Danaum
1332 5116 1525 5171 virtute
1548 5116 1719 5170 coacti

455 5183 668 5256 ᾼ-ρριιία
699 5199 828 5256 rura
862 5185 1013 5251 prius
1046 5185 1330 5250 dimittere,
1364 5202 1653 5256 rursusque
1679 5187 1828 5238 adire

453 5251 572 5324 Hoc
603 5254 914 5308 stimulante
935 5267 1155 5324 parant,
1178 5273 1398 5310 numero
1417 5274 1533 5310 cum
1558 5251 1757 5311 uiribus
1785 5266 1966 5322 aucto,

456 5323 652 5378 Omnes
686 5323 1020 5390 conveniunt,
1061 5337 1108 5379 et
1144 5326 1222 5380 bis
1258 5344 1349 5381 sex
1385 5329 1690 5390 nobiliores,

455 5395 602 5460 Quos
626 5410 789 5467 genus
823 5405 871 5449 et
901 5399 1138 5466 gravitas
1169 5415 1372 5450 morum
1398 5398 1707 5462 decorabat,
1737 5407 1788 5452 et
1811 5410 1964 5467 mtas,

458 5467 671 5536 Elegere
700 5465 882 5522 duces.
906 5465 1173 5533 provectis
1209 5470 1278 5521 ad
1301 5471 1611 5523 comitatum

452 5540 553 5594 llis
585 5537 681 5591 alii
714 5547 923 5608 parent.
946 5541 1233 5592 comitatus
1262 5557 1445 5594 nomen
1471 5539 1683 5593 honoris

459 5611 577 5681 Quo
601 5611 874 5662 donantur
904 5620 1040 5674 erat,
1067 5611 1122 5663 hi
1151 5621 1290 5664 totas
1319 5611 1550 5681 undique
1586 5621 1756 5665 terras

457 5680 688 5734 Divisere
720 5681 843 5744 sibi,
880 5689 988 5734 etc.

457 5750 568 5818 (68)
602 5754 988 5817 Μητρόπολιν
1034 5748 1236 5806 οὖσαν
1265 5751 1536 5819 Μέλςρης.
1567 5749 1686 5806 Non
1715 5751 1961 5818 Melfam,

382 5824 471 5878 νιι
524 5819 814 5892 Mclplmn,
864 5823 1099 5890 primum
1149 5820 1594 5877 Normannorum
1659 5822 1713 5876 in
1766 5824 1964 5894 Apulia

2071 4775 2130 4820 ut
2162 4775 2240 4820 est
2268 4755 2414 4832 apud
2445 4755 2690 4834 Tyrium,
2722 4763 2818 4817 lib.
2849 4778 3005 4825 xvnt,
3049 4755 3174 4834 cap.
3209 4758 3242 4811 ιι
3271 4776 3283 4811 :
3341 4757 3435 4834 Est
3467 4755 3666 4834 ciuitas

2070 4839 2205 4890 inter
2232 4825 2380 4888 mare
2421 4844 2468 4887 et
2493 4825 2730 4887 'montes
2767 4825 3211 4887 entinentissimos
3239 4829 3549 4884 constituta,
3597 4825 3670 4878 ab

2075 4907 2294 4978 Oriente
2354 4905 2549 4978 habens
2616 4905 2799 4978 urbem
2863 4903 3278 4978 munitissimam
3330 4897 3619 4978 Salernum
3653 4935 3671 4958 ,

2075 4979 2160 5033 ria:
2214 4977 2243 5026 7
2298 4976 2624 5030 milliaribus
2661 4976 2870 5028 marino
2913 4974 2977 5027 ab
3017 4990 3080 5028 ea
3120 4974 3410 5027 distantem
3445 4974 3671 5028 itinere,

2076 5050 2140 5101 ab
2187 5046 2468 5101 Occidente
2523 5063 2642 5100 rero
2674 5046 2993 5100 Surrentum
3041 5056 3090 5101 et
3142 5039 3443 5107 Neapolim.
3507 5034 3676 5107 Hanc

2075 5125 2419 5188 expugnarat
2473 5118 2645 5188 paulo?
2693 5126 2827 5188 ante
2870 5115 3211 5188 Guiscardus
3242 5105 3318 5188 C._
3355 5125 3448 5162 an.
3498 5105 3669 5162 H75.

2082 5181 2300 5242 Gisulfn
2367 5181 2583 5242 sororio
2617 5187 2969 5241 Salernitano
3006 5184 3254 5256 principe
3289 5181 3498 5256 frustra
3530 5192 3674 5244 pro-

2081 5270 2378 5331 pugnante,
2416 5259 2495 5331 uti
2529 5268 2759 5331 narrant
2791 5253 3127 5331 Quillelinus
3160 5253 3324 5331 Apul.
3357 5253 3451 5331 Iib_.
3488 5263 3571 5308 ιιι.
3610 5258 3671 5302 et

2077 5321 2387 5384 Cantretlus
2435 5329 2747 5388 Malaterra,
2791 5328 2881 5381 lib.
2937 5343 3018 5386 Ill.
3055 5342 3178 5394 cap.
3214 5326 3268 5389 5,
3299 5321 3453 5394 apud
3493 5334 3666 5394 quem

2078 5400 2250 5469 Μοίρι
2283 5409 2652 5468 nuncupatur.
2688 5399 2856 5452 Porro
2890 5399 3046 5451 Anna
3083 5389 3670 5469 Shlernurir_Mclphm,

2080 5487 2175 5525 scu
2197 5462 2518 5536 'Atnalpltis,
2571 5471 2918 5538 ntetrnpolitn
2962 5469 3223 5537 appellat.
3255 5462 3402 5538 quod
3428 5476 3490 5512 ea
3521 5469 3673 5510 tein-

2081 5551 2311 5608 pcstate,
2359 5548 2417 5591 ιιι
2449 5551 2502 5592 et
2556 5551 2768 5600 nostra,
2801 5541 3157 5608 circumjccta
3193 5537 3366 5602 regia,
3396 5539 3671 5608 ιυιυδςιυθ

2082 5599 2175 5680 qui
2216 5599 2465 5676 Atuafplti
2514 5610 2724 5677 atljacet
2760 5599 3091 5662 rmaritim'us
3142 5599 3384 5680 tracius.
3419 5602 3486 5653 ab
3555 5599 3671 5680 {Iac

2088 5677 2222 5736 urbe
2278 5681 2704 5750 appellationem
2779 5680 3110 5742 sortiretur;
3177 5677 3344 5750 qun_tl_
3383 5677 3668 5750 testatum:

2076 5737 2386 5824 alcxumle'r
2415 5752 2587 5824 abbas
2618 5751 2858 5824 ΟυΙιεεὶιι.
2889 5752 2982 5803 lib.
3019 5737 3246 5824 ιιιξοιιίι.
3278 5747 3370 5824 €25“.
3403 5737 3670 5824 .liitljhjd

2079 5819 2348 5878 Volattcrr.
2376 5833 2425 5879 et
2464 5821 2716 5877 Leander
2739 5822 2946 5876 Albcrt.
2976 5807 3092 5874 illis
3125 5807 3312 5874 autem
3340 5815 3442 5869 fuit
3473 5807 3667 5871 Mella,
