4006 6248
293 279 396 342 155

1560 287 1976 349 ALEXIADIS
2017 288 2164 352 LIB.
2209 290 2238 350 Ι

3431 281 3564 364 ’166

287 397 410 454 κατ’
457 400 650 464 αὐτὸν,
689 401 897 454 ἐκεῖνον
934 399 1038 472 γὰρ
1075 402 1203 456 ἰδεῖν
1237 421 1368 476 φησι
1421 407 1562 474 μετὰ
1610 408 1708 479 τὴν
1759 407 1862 463 ἀπὸ

1972 407 2164 469 sterio,
2216 404 2558 476 curiosisque
2605 409 2780 466 otiose
2828 417 3135 482 spectatum
3192 411 3369 468 oculis
3398 412 3567 483 plane

287 492 479 560 θρόνου
516 493 838 563 καθαίρεσιν
868 495 930 546 ἐν
955 496 1021 565 τῇ
1051 494 1286 564 βασιλίδι
1337 498 1487 551 πόλει
1536 501 1696 569 φαιὸν
1723 500 1872 553 ἑνδε-

283 581 517 650 δυμένον
561 585 873 652 τριϐώνιον.
924 585 1030 638 Καὶ
1091 586 1152 640 ὲν
1211 589 1561 660 μοναστηρίῳ
1612 592 1871 658 διάγοντα

285 674 547 737 ἐπιμελὲς
581 677 950 745 ποιησάμενος
992 677 1051 730 τὸ
1081 679 1274 743 αὐταῖς
1310 679 1468 748 ὄψεσι
1506 683 1596 734 τὶν
1629 683 1868 736 καταδε-

285 767 556 834 6).ημένον
622 767 848 835 βασιλέα
899 769 1217 824 θεάσασθαι.
1269 773 1503 827 Ἔπειτα
1559 775 1870 844 προσετίθει

283 861 379 910 καὶ
413 859 577 912 τοῦτο
601 861 628 913 6
652 865 745 914 καὶ
777 863 918 914 κατὰ
951 864 1046 932 τὴν
1075 864 1426 935 ὑποστροφὴν
1460 869 1866 934 συμπεπτωκὸς

282 954 514 1019 ἠκηκόει
545 971 558 983 ·
598 957 625 1006 ὁ
657 955 765 1023 γὰρ
799 955 930 1024 ἐμὸς
961 955 1138 1027 πατὴρ
1182 960 1281 1026 τῆς
1323 957 1601 1026 βασιλείας
1643 961 1868 1030 ἐπιδρα-

283 1045 538 1112 ξὰιιενος,
571 1046 646 1107 ὼ;
705 1045 934 1117 ὕστερον
981 1048 1342 1119 διηγήσομαι,
1370 1051 1460 1102 τὸν
1503 1051 1868 1122 Βοτανειάτην

279 1139 392 1188 τῶν
415 1137 711 1207 βασιλείων
743 1140 990 1210 ἐξήλασε,
1023 1143 1228 1195 καὶτὸν
1261 1143 1353 1195 τοῦ
1396 1146 1574 1198 Δούκα
1630 1146 1747 1197 υίὸν
1778 1146 1868 1198 τὸν

280 1236 756 1303 περιφανέστατον
805 1241 1215 1293 Κωνσταντῖνον
1254 1244 1459 1295 ἐκεῖνον
1512 1244 1570 1294 ὲν
1615 1246 1726 1304 τοῖς
1775 1241 1866 1309 ὑφ’

274 1320 430 1388 ἥλιον
471 1327 896 1395 προσηκάμενος
933 1329 1208 1398 μετεδίδου
1235 1327 1392 1393 αὖθις
1424 1330 1524 1401 τῆς
1560 1332 1863 1402 βασιλείας.

273 1411 448 1466 Τοῦτο
491 1418 637 1468 κατὰ
677 1418 776 1486 τὴν
819 1418 937 1471 ὁδὸν
981 1419 1237 1490 ἀκηκοὼς
1271 1421 1299 1473 6
1337 1419 1532 1475 Ῥαοὺλ
1567 1426 1648 1485 εἰς
1687 1423 1866 1476 πειθὼ

274 1507 368 1559 καὶ
399 1507 575 1560 ταῦτα
609 1511 876 1580 προσῆγε,
903 1512 1207 1581 παραλύειν
1247 1512 1594 1584 πειρώμενος
1631 1515 1730 1584 τὴν
1768 1513 1864 1568 τοῦ

272 1598 524 1666 πολέμου
553 1603 780 1670 σκευήν.
838 1603 957 1656 Τίνι
985 1604 1093 1674 γὰρ
1137 1605 1336 1675 δικαίῳ
1363 1607 1508 1677 λόγῳ
1543 1609 1678 1678 πρὸς
1713 1609 1867 1662 Ἀλέ-

271 1689 412 1756 ξιον,
437 1692 596 1758 φησὶ,
629 1692 1017 1765 πολεμήσομεν
1043 1696 1136 1750 τοῦ
1173 1698 1532 1753 Βοτανειὲιτου
1557 1700 1654 1763 τὰς
1689 1703 1866 1772 ἀρχὰς

270 1782 577 1846 δεδοικότος
608 1787 709 1855 τῆς
737 1786 976 1851 ἀδικίας,
1011 1788 1106 1842 καὶ
1153 1790 1250 1862 τὴν
1300 1791 1580 1861 θυγατέρα
1617 1792 1716 1864 τὴν
1767 1793 1866 1862 σὴν

279 1877 512 1948 Ἑλένην
533 1879 644 1933 τῶν
670 1880 994 1948 Ῥωμαῖκῶν
1029 1884 1326 1956 σκήπτρων
1353 1887 1863 1957 ἀποστερήσαντος;

269 1972 348 2025 Τὰ
387 1974 497 2043 γὰρ
530 1973 666 2044 παρ’
697 1973 875 2027 ἄλλων
912 1977 990 2037 είς
1022 1977 1174 2047 ἡμᾶς
1203 1979 1469 2048 γινόμενα
1497 1980 1598 2033 οὐκ
1644 1979 1709 2033 ἂν
1738 1979 1860 2032 ἑτέο

279 2084 402 2135 pos;
435 2069 557 2130 τοῖς
607 2068 687 2138 μὴ
749 2069 1221 2141 προσκεκρουκόσι
1283 2072 1426 2125 κατὰ
1463 2071 1619 2142 δίκην
1653 2071 1864 2141 ἐνέγκοι

267 2159 536 2228 πόλεμον.
572 2161 665 2231 Μὴ
699 2161 914 2230 ἔχοντος
949 2161 1006 2214 δὲ
1047 2161 1142 2215 τοῦ
1187 2162 1428 2232 πολέμου
1479 2164 1694 2218 δικαίαν
1729 2165 1864 2236 πρό·

266 2267 464 2318 φασιν,
497 2253 566 2306 τὰ
609 2251 900 2322 ξύμπαντα
943 2252 1152 2325 φροῦδα
1182 2254 1278 2307 καὶ
1304 2255 1432 2326 νῆες
1464 2255 1558 2309 καὶ
1589 2256 1730 2309 ὅπλα
1765 2257 1862 2310 καὶ

263 2341 467 2411 ἄνδρες
496 2343 592 2396 καὶ
645 2343 972 2415 παρασκευὴ
1010 2346 1161 2399 πᾶσα
1200 2346 1649 2418 πολεμιστήριος.
1676 2347 1862 2402 Ταῦτα

266 2433 515 2504 ρηθέντα
543 2434 844 2505 ὲξὼργισεν
877 2437 968 2489 ἐπὶ
1001 2437 1160 2492 πλέον
1204 2438 1564 2511 ⁹Ρομπέρτον,
1590 2441 1860 2512 ὲμεμήνει

265 2528 382 2596 γὰρ
409 2525 508 2580 καὶ
543 2527 740 2597 ἔμελλε
781 2529 857 2600 τῷ
887 2533 1036 2600 χεῖρε
1068 2530 1244 2601 τούτῳ
1279 2533 1590 2590 ἐπιϐαλεῖν.
1623 2536 1718 2588 Ἐκ
1757 2535 1856 2587 θα-

261 2621 430 2690 τέρου
483 2621 540 2673 δὲ
593 2623 689 2675 καὶ
736 2623 764 2674 6
824 2625 1213 2694 πεπλασμένος
1273 2625 1483 2689 ἐκεῖνος
1515 2625 1719 2690 δοῦκας
1763 2627 1861 2681 καὶ

265 2713 704 2784 ψευδοόασιλεὺς
739 2715 961 2786 Μιχαὴλ
992 2716 1051 2770 ὃν
1074 2717 1170 2770 καὶ
1215 2715 1524 2790 Ῥαίκτωρα
1563 2719 1859 2788 ὠνομάκα-

268 2823 372 2874 μεν
423 2806 747 2876 ἐσχετλίαζε
800 2825 859 2861 τε
901 2809 996 2862 καὶ
1056 2807 1367 2880 ἐδυσφόρει,
1417 2812 1513 2864 καὶ
1559 2812 1661 2864 οὐκ
1713 2807 1860 2883 εἶχεν

264 2897 415 2961 ὅπως
479 2899 749 2969 κατάσχοι
779 2899 880 2972 τὴν
927 2901 1101 2971 ὀργὴν
1137 2901 1282 2956 οὕτω
1329 2903 1518 2972 σαφῶς
1570 2904 1858 2975 ἐξελεγχό-

267 3008 432 3060 μενος
465 2991 543 3054 ὠς
583 2993 684 3045 οὐκ
717 2991 804 3063 εἴη
866 2993 1122 3063 βασιλεὺς
1152 2997 1361 3060 ἐκεῖνος
1399 2998 1427 3050 6
1455 2996 1678 3064 δοῦκας,
1719 2997 1859 3051 ἀλλὰ

1976 497 2314 564 comperisse
2372 497 2522 551 illum
2575 517 2697 558 esse
2744 503 2922 574 ipsum
2969 503 3063 574 qui
3091 518 3270 574 nuper
3301 517 3564 574 possessa

1976 589 2205 658 imperio
2275 593 2498 650 excidit.
2555 594 2759 650 Deinde
2808 597 3093 666 subjungit
3167 597 3218 650 id
3245 598 3389 666 quod
3439 607 3562 667 post

1974 698 2133 736 suum
2175 700 2238 738 ex
2291 685 2428 739 urbe
2477 686 2777 742 discessum
2816 690 2976 743 modo
3024 697 3238 760 gestum
3288 691 3560 752 audierat,

1974 777 2100 830 dum
2131 778 2183 832 in
2221 777 2412 834 itinere
2445 780 2511 834 ad
2541 781 2776 834 reditum
2815 789 3002 836 esset:
3064 781 3313 836 Alexium
3371 797 3564 852 nempe

1973 885 2277 940 oceupasse
2326 872 2617 941 imperium
2676 875 2852 942 rjecto
2891 874 3175 928 Botaniatc
3229 876 3416 942 (quod
3461 891 3564 932 nos

1972 975 2157 1034 postea
2220 967 2606 1037 narrabimus)
2653 965 3187 1034 Constantinutnque
3248 967 3562 1022 illustrissi-

1972 1071 2118 1109 mum
2149 1057 2294 1110 illnm
2327 1061 2568 1112 omnium
2595 1075 2733 1128 quos
2763 1061 2840 1112 sol
2877 1061 3067 1129 aspicit
3092 1061 3369 1116 Michaelis
3397 1062 3559 1117 Ducas

1975 1148 2142 1199 lilium
2182 1161 2434 1201 evectum
2468 1165 2533 1203 ex
2574 1153 2758 1218 priore
2800 1148 3017 1202 fortuna
3049 1152 3213 1220 regiis
3252 1152 3560 1223 insignibus

1971 1240 2152 1292 denuo
2193 1242 2611 1294 eohonestatnm
2650 1241 2879 1310 imperio
2934 1243 3265 1297 reddidisse.
3328 1245 3402 1298 Ex
3435 1245 3560 1314 qui-

1974 1331 2076 1386 bus
2108 1332 2188 1386 sic
2219 1332 2510 1402 colligebat
2539 1331 2712 1388 Baul:
2749 1334 2973 1390 Minime
3011 1336 3178 1390 rideri
3203 1339 3410 1407 justam
3439 1354 3562 1395 esse

1973 1421 2211 1478 Roberto
2238 1425 2361 1477 belli
2386 1441 2608 1480 causam
2641 1429 2692 1479 in
2719 1428 2968 1483 Alexium
2996 1429 3066 1482 ob
3102 1429 3359 1498 injuriatn
3395 1447 3560 1501 quam

1971 1513 2288 1570 Botauiates
2319 1518 2521 1571 intulit.
2555 1517 2859 1573 Botaniatis
2891 1521 3032 1573 enim
3065 1520 3314 1588 profecto
3346 1524 3562 1576 crimen

1973 1621 2096 1662 esse
2151 1607 2439 1676 impeditas
2470 1607 2694 1664 Helena:
2752 1611 2998 1679 nuptias,
3053 1620 3106 1665 et
3147 1613 3560 1668 abdicationem

1971 1700 2361 1755 Constantini:
2398 1718 2519 1771 quae
2543 1703 2820 1770 quomodo
2846 1704 2995 1772 juste
3029 1704 3290 1772 imputari
3328 1705 3562 1761 Contac-

1973 1805 2044 1846 no
2089 1802 2297 1860 queant
2331 1807 2523 1845 eorum
2568 1793 2732 1846 ultori
2758 1803 2813 1848 et
2866 1795 3198 1857 restitutori,
3232 1810 3340 1848 non
3385 1810 3559 1865 appa-

1971 1899 2114 1938 rere.
2151 1884 2324 1938 Porro
2356 1883 2403 1938 si
2429 1883 2574 1938 bello
2604 1897 2772 1938 causa
2802 1885 2950 1953 justa
2982 1899 3093 1939 non
3151 1885 3331 1939 subsit
3365 1900 3561 1955 parum

1971 1973 2214 2044 praesidii
2266 1989 2329 2028 ac
2374 1975 2490 2044 spei
2554 1976 2871 2045 ponendum
2924 1978 2976 2030 in
3039 1978 3299 2042 navibus,
3369 1978 3560 2042 armis,

1969 2067 2126 2132 viris,
2159 2074 2466 2136 caeteroque
2493 2067 2644 2120 omni
2675 2077 2939 2137 apparatu
2973 2069 3192 2124 bellico.-
3222 2069 3345 2124 Haec
3383 2070 3564 2125 disse-

1968 2160 2123 2213 rebat
2157 2158 2291 2212 flaui
2324 2168 2479 2214 tanto
2503 2160 2697 2214 dolore
2735 2161 2964 2214 Roberti
3001 2170 3060 2215 ut
3093 2162 3182 2216 vix
3218 2163 3461 2218 furorem
3492 2177 3558 2218 ac

1968 2265 2165 2306 manus
2193 2266 2224 2305 a
2265 2251 2446 2322 legato
2483 2252 2613 2306 dum
2656 2253 2863 2308 diceret
2906 2254 3184 2323 pulsando
3225 2255 3558 2309 contineret.

1966 2342 2103 2398 Cum
2138 2353 2321 2399 autem
2363 2352 2512 2400 esset
2555 2354 2820 2415 praeterea
2855 2345 3088 2400 fraterni
3118 2362 3340 2418 quoque
3373 2355 3560 2401 trans-

1966 2434 2102 2507 fugii
2139 2436 2362 2491 nomine
2413 2434 2652 2492 Roberto
2705 2447 2997 2507 suspectus
3043 2437 3228 2510 Raul(
3285 2454 3409 2493 nam
3436 2437 3558 2510 ejus

1965 2541 2264 2597 germanus
2313 2525 2586 2598 Rogerius
2629 2529 2771 2583 ultro
2797 2530 2864 2584 ad
2905 2531 3556 2601 Constantinopolitanos

1964 2618 2269 2672 indicatum
2300 2619 2367 2674 de
2412 2619 2541 2673 belli
2568 2620 2801 2675 consilio
2828 2630 2994 2691 atque
3026 2630 3290 2691 apparatu
3325 2621 3558 2676 transie-

1966 2709 2109 2780 rat),
2158 2710 2474 2765 collectain
2506 2727 2677 2765 unum
2707 2723 2924 2782 tempus
2977 2712 3181 2767 invidia
3229 2712 3554 2768 offensionis

1964 2803 2192 2869 geminae
2221 2809 2513 2872 tyrannum
2556 2802 2677 2871 plus
2735 2801 2910 2856 nimio
2961 2801 3280 2856 irritabilem
3325 2816 3391 2856 eo
3426 2817 3555 2871 per-

1969 2893 2110 2963 pulit
2144 2902 2201 2946 ut
2232 2892 2400 2947 etiam
2437 2907 2626 2948 necem
2662 2891 2820 2946 Rauli
2861 2893 3199 2946 minaretur:
3233 2908 3297 2947 ex
3325 2907 3436 2963 quo
3461 2892 3553 2946 ille

1967 2983 2258 3055 inteligens
2311 2993 2520 3054 quanto
2547 2984 2601 3038 in
2634 2983 2878 3053 periculo
2901 2994 3234 3048 versaretur,
3285 2984 3429 3041 haud
3463 3001 3554 3040 se-

263 3084 740 3151 ᾴευδεπίπλαστος
786 3085 1060 3156 βασιλεύς.
1109 3088 1203 3140 ’Ὼν
1246 3088 1304 3142 δὲ
1345 3089 1439 3142 καὶ
1473 3087 1652 3154 ἄλλως
1685 3087 1857 3160 ἐξωρ-

1968 3075 2055 3144 gni
2078 3073 2210 3145 fuga
2234 3089 2295 3130 se
2325 3075 2382 3128 in
2409 3073 2699 3129 Baimundi
2752 3074 3099 3139 comitatum,
3157 3073 3417 3128 idoneum
3455 3074 3554 3130 tali

264 3190 297 3242 γ
323 3174 527 3244 σμένος
566 3177 594 3228 6
621 3175 880 3244 τύραννος
920 3180 1064 3234 κατὰ
1113 3178 1208 3233 τοῦ
1243 3180 1440 3235 Ῥαοὺλ
1475 3183 1572 3236 τοῦ
1616 3181 1856 3253 ἀδελφοῦ

277 3266 512 3338 Ῥογέρη
596 3269 733 3340 πρὸς
816 3271 1128 3342 Ῥωμαίους
1187 3274 1702 3346 αὐτομολήσαντος,
1740 3277 1864 3330 ’καὶ

264 3359 748 3431 διαμεμηνυκότος
778 3361 994 3417 ἅπαντα
1027 3365 1095 3418 τὰ
1127 3367 1272 3420 κατὰ
1310 3368 1402 3420 τὸν
1433 3367 1854 3439 παρασκευαζό-

269 3470 430 3520 μενον
466 3453 722 3523 πὸλεμον,
748 3454 1026 3527 ἠϐουλήθη
1057 3457 1228 3511 κακόν
1249 3475 1300 3511 τι
1324 3458 1532 3529 δράσας
1552 3459 1629 3529 τῷ
1666 3459 1863 3515 Ῥαοὺλ

268 3546 355 3598 τὸν
399 3546 724 3614 παραυτίκα
755 3547 984 3602 θάνατον
1035 3548 1363 3621 ἀπειλήσας.
1404 3549 1465 3604 '0
1496 3551 1555 3605 δὲ
1607 3551 1862 3623 μηδόλως

268 3638 402 3705 πρὸς
440 3638 543 3709 τὴν
574 3638 755 3712 φυγὴν
782 3640 1194 3712 ἐρρᾳθυμηκὼς
1219 3643 1358 3714 πρὸς
1390 3643 1484 3698 τὸν
1515 3644 1857 3715 Βαῖμοῦντον

270 3728 677 3799 ἐδραπέτευσεν
701 3730 894 3802 ὥσπερ
919 3749 972 3786 τι
1019 3733 1406 3804 κρησφύγετον
1445 3736 1511 3789 ὲκ
1544 3735 1640 3789 τοῦ
1673 3734 1861 3806 σχεδὸν

273 3825 435 3877 αὑτὸν
480 3823 881 3894 ὲφευράμενος.
931 3825 1260 3898 Ἐτραγῴδει
1293 3828 1352 3882 δὲ
1381 3819 1493 3882 ’καὶ
1523 3830 1551 3882 6
1585 3827 1859 3899 Ῥαίκτωρ

272 3915 365 3978 τὰς
421 3915 912 3986 παλαμναιοτάτας
955 3916 1186 3982 ἀπειλὰς
1226 3917 1473 3989 τάδελφῷ
1517 3917 1612 3972 τοῦ
1667 3918 1862 3973 Ῥαούλ

274 4007 349 4075 τῷ
414 4008 550 4078 πρὸς
624 4007 932 4078 Ῥωμαίους
1000 4009 1439 4080 αὑτομολήσαντι
1515 4009 1732 4080 μεγάλα
1798 4027 1859 4064 τε

277 4103 564 4169 κεκραγὼς
623 4102 718 4154 καὶ
755 4102 846 4154 τὸν
901 4105 1078 4173 μηρὸν
1131 4107 1196 4176 τῇ
1252 4103 1405 4176 δεξιᾷ
1460 4103 1717 4175 πλήττων
1763 4104 1860 4158 καὶ

277 4193 659 4263 ἐξαιτούμενος
713 4193 806 4246 τὸν
861 4194 1202 4265 Ῥομπέρτον
1253 4196 1346 4249 καὶ
1401 4195 1578 4264 λέγων
1609 4193 1669 4248 ἐν
1699 4193 1860 4249 τοῦτο

279 4287 373 4338 aut
417 4287 575 4355 μόνον
613 4286 752 4338 αίτῶ
792 4285 868 4349 ὡς
920 4285 981 4339 Ei
1009 4287 1106 4357 τῆς
1139 4286 1425 4356 βασιλείας
1458 4285 1860 4358 ὲπιδραξοίμην

281 4381 375 4430 καὶ
405 4376 849 4449 ἁποκαταστλίην
884 4381 996 4441 τοῖς
1029 4378 1243 4450 Θρόνοις
1270 4377 1611 4450 παραδοῦναί
1643 4397 1736 4448 μοι
1766 4378 1858 4432 τὸν

1968 3175 2217 3237 tempore
2259 3166 2495 3237 asylum,
2563 3165 2855 3236 proripuit.
2901 3164 3376 3220 Pseudo—Michael
3422 3179 3554 3221 vero

1966 3257 2181 3313 Razctor
2213 3257 2522 3313 monachus
2552 3255 2874 3312 incredilule
2901 3266 2984 3310 est
3023 3265 3228 3326 quanta
3257 3271 3382 3311 cum
3406 3255 3554 3310 indi-

1965 3349 2224 3420 gnatione
2285 3348 2476 3402 tulerit
2550 3347 2726 3416 palam
2779 3347 3184 3415 deprehensum
3234 3346 3552 3402 testimonio

1963 3440 2158 3497 Baulis
2208 3439 2751 3511 impudentissimum
2782 3453 2942 3493 suum
2985 3438 3226 3509 plagium
3256 3455 3270 3492 :
3305 3439 3552 3494 instabat

1964 3548 2097 3605 ergo
2159 3532 2624 3604 impotentissime
2663 3529 2808 3599 apud
2895 3526 3223 3594 Robertnm,
3285 3527 3465 3582 oleum
3495 3526 3550 3579 in

1963 3628 2240 3683 ﬂammam
2283 3627 2530 3691 mittens,
2569 3623 2692 3694 ejus
2722 3622 2778 3676 in
2817 3619 3049 3676 Raulem
3087 3619 3386 3675 iracundiae
3415 3632 3552 3687 que-

1962 3722 2092 3779 relis
2122 3717 2594 3775 artiﬁciosissimis
2643 3714 2925 3787 augendae.
2979 3713 3040 3767 In
3092 3711 3385 3781 Rogerium
3418 3722 3550 3763 vero

1965 3813 2314 3882 transfugam
2365 3808 2666 3864 violentius
2699 3817 3032 3868 commoms,
3067 3801 3550 3874 perturbatissima

1964 3921 2101 3962 voce
2160 3902 2454 3968 clamabat,
2505 3901 2683 3954 femur
2735 3898 2898 3954 simul
2973 3895 3328 3967 percutiens,
3382 3895 3550 3949 etiam

1965 4011 2027 4053 se
2058 4005 2221 4066 atque
2247 3993 2413 4049 etiam
2456 3991 2510 4046 id
2553 4005 2724 4046 unum
2756 4005 2787 4044 a
2823 3989 3062 4045 Boberto
3101 3998 3304 4057 petere,
3339 3995 3398 4040 ut
3424 4000 3552 4040 cum

1962 4091 2202 4162 primum
2239 4088 2293 4142 in
2325 4103 2484 4143 suum
2516 4101 2572 4142 se
2611 4087 2870 4140 thronum
2915 4095 3078 4153 atque
3127 4079 3419 4150 imperium
3462 4094 3556 4136 re-

1965 4185 2227 4248 tituisset,
2253 4180 2478 4236 dederet
2499 4177 2602 4234 sibi
2630 4176 2951 4245 Rogerium,
2980 4182 3095 4228 tum
3121 4172 3266 4229 enim
3290 4171 3397 4226 nisi
3422 4185 3554 4226 eum-

1963 4274 2257 4332 confestim
2311 4274 2368 4327 in
2415 4271 2594 4326 media
2645 4268 3125 4338 Constantinopoli
3157 4267 3268 4321 alto
3302 4263 3554 4336 patibulo

1964 4368 2183 4423 allixum
2214 4366 2486 4420 horrenda
2524 4379 2660 4420 nece
2693 4361 3200 4423 contrucidandum
3236 4355 3412 4421 daret,
3453 4371 3551 4428 op-

300 4467 574 4538 Ῥογὲρην,
603 4467 696 4521 καὶ
726 4469 774 4520 sl
915 4447 1108 4521 τοῦτον
1133 4447 1390 4538 οίκτίστιρ
1421 4447 1654 4537 Θανάτῳί
1676 4485 1855 4539 παρα-

1968 4467 2084 4516 tare
2107 4475 2168 4515 se
2208 4459 2356 4514 ultro
2391 4457 2610 4528 quidvis
2639 4453 2910 4510 malorum
2948 4468 2978 4506 a
3012 4453 3120 4506 Deo
3151 4451 3385 4520 perpeti.
3418 4447 3552 4502 Mihi

289 4560 427 4628 δοίην
475 4562 673 4614 αὐτίκα
704 4563 761 4613 ὲν
794 4561 939 4633 μέσῃ
969 4563 1033 4631 τῇ
1076 4561 1227 4613 πόλει
1259 4561 1697 4630 ἀνασταυρώσας
1729 4561 1857 4614 τάδε

291 4654 381 4702 aut
436 4653 558 4706 τάδε
621 4654 884 4722 πείσομαι
917 4655 982 4704 ὲκ
1035 4651 1193 4708 Θεοῦ.
1263 4652 1427 4705 Ἀλλὰ
1493 4652 1698 4722 μεταξὺ
1751 4653 1857 4706 τῶν

294 4743 584 4814 διηγήσεων
625 4745 835 4798 τούτων
889 4746 1054 4817 γελᾷν
1109 4744 1294 4798 ἔπεισί
1350 4762 1441 4815 μοι
1491 4745 1619 4808 τοὺς
1657 4746 1858 4817 ἄνδρας

296 4838 502 4895 τούτους
560 4839 653 4890 καὶ
709 4837 810 4907 τῆς
861 4838 1123 4899 ἀπονοίας
1181 4838 1276 4890 καὶ
1334 4839 1431 4907 τῆς
1493 4837 1854 4909 κουφότητος,

309 4929 487 4992 μᾶλλον
517 4931 572 4983 δὲ
604 4932 701 4996 τῆς
734 4931 854 4983 κατ’
889 4929 1137 5008 ἀλλήλοιν
1166 4929 1506 4994 ἀλαζονείας.
1532 4931 1592 4983 Ὀ
1622 4930 1720 5000 μὲν
1750 4930 1861 5002 γάρ

305 5034 376 5068 τοι
407 5020 737 5090 Ῥομπέρτος
772 5019 1048 5090 πρόφασιν
1079 5011 1195 5088 εἶχε
1241 5019 1334 5071 τὸν
1391 5018 1690 5073 ἀπατεῶνα
1732 5020 1860 5073 τοῦ·

309 5128 384 5162 τον
424 5117 511 5164 καὶ
554 5113 750 5182 δέλεαρ
789 5113 884 5165 καὶ
927 5106 1040 5165 οἷόν
1065 5128 1118 5164 τι
1148 5111 1447 5181 πρόσχημα
1476 5111 1571 5165 τοῦ
1614 5127 1862 5183 συμπεν-

311 5201 469 5271 ὃὲριυ,
523 5205 616 5258 x1".
664 5203 968 5274 βασιλέως,
1017 5207 1115 5256 καὶ
1172 5202 1435 5257 διεδείκνυ
1490 5203 1681 5258 τοῦτον
1739 5207 1861 5266 ταῖς

307 5295 494 5359 πόλεσι,
531 5296 630 5350 καὶ
683 5296 820 5366 πρὸς
878 5293 1222 5348 ἀποστασίαν
1283 5295 1490 5366 ἐπῆρεν
1545 5296 1632 5364 ἐφ’
1666 5294 1760 5360 οὒς
1795 5295 1862 5351 ἂν

307 5389 645 5454 παραγένοιτο
697 5388 796 5439 καὶ
845 5385 1171 5454 συμπείθειν
1224 5384 1483 5454 ἠδύνατο,
1519 5384 1578 5436 ἐν
1611 5383 1688 5455 νῷ
1719 5383 1860 5452 ἔχων

306 5479 469 5549 ἐπειδὴ
523 5480 670 5533 κατὰ
726 5477 854 5550 ῥοῦν
888 5477 1038 5549 αὐτῷ
1090 5481 1158 5531 τὰ
1198 5476 1294 5531 τοῦ
1337 5477 1577 5547 πολέμου
1628 5478 1725 5530 καὶ
1763 5477 1863 5549 τῆς

305 5575 450 5644 τύχης
481 5573 728 5636 ἐπέλθοι,
765 5573 856 5624 ἐπὶ
884 5571 978 5626 τοῦ
1004 5571 1281 5643 τραχήλου
1320 5569 1562 5636 ῥαπίσας
1606 5569 1864 5638 ἀποπέμ-

304 5665 384 5732 ψαι
418 5670 509 5720 σὺν
549 5665 750 5734 γέλωτι
778 5679 793 5694 θ
833 5663 971 5733 μετὰ
1001 5663 1110 5732 γὰρ
1157 5661 1255 5734 τὴν
1287 5662 1460 5733 θήραν
1491 5660 1862 5726 καταγελᾶται

307 5760 353 5810 τὸ
387 5761 595 5832 δέλεαρ.
650 5759 710 5811 ’0
743 5757 800 5811 δὲ
846 5759 938 5811 καὶ
989 5756 1153 5821 αὐτος
1205 5756 1422 5811 ἐλπίσιν
1471 5757 1862 5826 ἡπατημέναις

1965 4565 2095 4606 vero
2148 4548 2265 4604 haec
2311 4546 2420 4618 37
2457 4549 2604 4602 serio
2660 4543 2909 4600 narranti
2963 4542 3341 4610 scribentique
3402 4540 3556 4593 risus

1965 4643 2236 4700 oboritur.
2277 4641 2364 4695 An
2412 4639 2557 4695 enim
2590 4653 2782 4707 parum
2835 4635 2982 4689 salsa
3024 4649 3114 4688 res
3140 4631 3356 4686 videtur
3386 4631 3552 4685 levis-

1965 4735 2091 4793 simi
2138 4734 2424 4804 utriusque
2456 4732 2652 4802 capitis
2708 4731 3001 4786 vaferrima
3060 4728 3114 4780 in
3156 4724 3258 4780 sibi
3315 4721 3550 4778 invicem

1964 4825 2238 4883 illudende
2305 4823 2668 4880 constantia?
2718 4831 2783 4878 ut
2824 4835 2947 4875 cum
3002 4817 3280 4872 Robcrtus
3329 4812 3551 4883 quidem

1966 4919 2229 4991 praeclare
2278 4915 2445 4972 sciret
2469 4915 2662 4985 quanti
2694 4915 2916 4970 demum
2937 4910 3164 4966 deberet
3214 4922 3343 4963 esse
3373 4907 3544 4975 impe-

1966 5021 2118 5067 rator
2148 5010 2404 5066 scenicus
2470 5022 2537 5063 ex
2577 5005 2826 5064 mendaci
2874 5002 3168 5068 monacho,
3201 5009 3382 5056 tamen
3417 5013 3546 5054 eum

1965 5106 2127 5160 talem
2157 5101 2388 5175 Augusti
2419 5101 2540 5157 loco
2564 5100 2787 5156 haberet
2807 5105 2974 5168 atque
3002 5093 3290 5151 consoceri
3316 5094 3550 5148 coleret-

1967 5212 2077 5268 que
2123 5193 2416 5249 ambitiose
2472 5200 2636 5263 atque
2675 5199 2979 5247 ostentaret
3010 5188 3266 5248 urbibus.
3309 5199 3449 5252 quas
3479 5181 3551 5235 ab

1968 5289 2302 5355 imperatore
2325 5282 2600 5338 abducere
2632 5281 2984 5347 moliebatur,
3015 5281 3164 5334 hunc
3189 5277 3375 5332 verum
3399 5275 3552 5341 ipso-

1969 5395 2088 5435 rum
2121 5375 2424 5447 principem
2458 5375 2748 5442 mentieus,
2781 5388 2956 5444 eoque
2987 5383 3246 5442 tanquam
3294 5365 3551 5423 illecebta

1970 5484 2131 5527 utens
2175 5469 2242 5523 ad
2274 5466 2578 5538 captandos
2609 5467 2848 5532 animos,
2881 5480 3044 5537 quem
3078 5471 3288 5518 certum
3325 5459 3550 5512 haberet

1970 5564 2133 5621 simul
2192 5569 2355 5632 atque
2408 5567 2781 5632 perpetrasset
2828 5559 2974 5630 quod
3003 5557 3376 5613 destinaverat
3423 5564 3549 5604 cum

1970 5656 2208 5713 ludibrio
2237 5657 2306 5710 ab
2345 5670 2405 5710 se
2460 5655 2744 5724 repellere,
2777 5655 2938 5724 plane
2971 5661 3289 5718 utaucupes
3330 5655 3427 5700 aut
3467 5645 3552 5714 pi-

1971 5760 2218 5808 scatores
2237 5748 2418 5820 praeda
2442 5759 2622 5819 Capta,
2651 5762 2834 5807 escam
2860 5760 3024 5818 quam
3063 5743 3240 5800 hamis
3258 5741 3554 5797 induerant
