3946 6206
269 300 371 365 185

1453 305 1862 368 ALEXlADln‘
1903 309 2050 372 LIB.
2106 313 2189 372 Π.

3364 312 3470 378 186

265 415 383 464 πεῖν
416 411 512 480 τὴν
550 409 949 482 αὐτοκράτορος
982 411 1231 478 ἐξουσίαν
1271 414 1348 486 τῷ
1394 417 1496 483 τῆς
1535 418 1802 487 βασιλίδος

1930 431 2054 474 ante
2088 425 2293 478 certius
2323 433 2604 488 assereret;
2625 441 2734 480 rem
2771 428 2834 480 ad
2869 427 3091 482 salutem
3115 439 3179 479 ac
3205 427 3472 479 securita-

263 503 359 571 υἱῷ
389 503 778 573 Κωνσταντίνῳ
801 504 1144 563 καταλιπεῖν,
1175 507 1270 559 καὶ
1297 505 1370 560 ὡς
1395 505 1506 560 οἷόν
1538 525 1660 561 τινα
1687 511 1818 577 κλῆ-

265 612 351 664 ρον
407 595 542 662 πρὸς
589 595 815 647 πάππου
868 596 959 648 καὶ
999 598 1204 664 πατρὶς
1241 598 1388 666 αὖτῷ
1435 599 1819 667 διαφέρουσαν,

260 685 351 737 καὶ
389 685 490 752 τὴν
519 683 767 752 βασιλίδα
824 687 1019 754 μῦλον
1048 688 1136 742 διὰ
1180 687 1339 741 τοῦτο
1373 689 1460 740 ἐπ’
1490 690 1637 758 αὐτῷ
1686 690 1814 761 θαρ·

260 776 391 841 ῥεῖν,
425 774 522 827 καὶ
569 775 633 827 τὸ
679 774 869 828 εὖνουν
899 777 1154 840 ὲπαύξειν
1189 779 1257 842 ⁸⁸,
1306 779 1532 846 λέληθεν
1579 781 1821 834 ἑαυτὸνό

259 864 522 934 γηραλέος
555 864 721 918 ἄδικά
761 881 819 916 τε
855 865 950 917 καὶ
991 866 1282 936 ἀξύμφορα
1332 868 1818 935 διασκοπούμενος,

260 957 349 1005 καὶ
400 956 501 1022 τῆς
554 953 676 986 δ’δ’
732 955 928 1008 ἑαυτοῦ
995 957 1241 1024 κεφαλῆς
1296 959 1593 1012 τεκταίνων
1653 961 1818 1014 κακά.

262 1044 474 1097 Τούτων
525 1045 1072 1115 ύποψιθυριζομένων
1121 1047 1317 1118 ⁴ᾔσθετο
1370 1049 1404 1119 ἡ
1461 1049 1671 1116 βασιλὶς
1725 1050 1820 1102 καὶ

259 1137 551 1200 περίλυπος
583 1133 674 1208 ἦν,
711 1137 804 1189 τὸν
835 1137 929 1190 τοῦ
955 1139 1148 1201 παιδὸς
1179 1138 1422 1197 κίνδυνον
1450 1140 1776 1211 ὑφορωμένη
1799 1157 1814 1173 ο

259 1228 343 1278 καὶ
375 1222 444 1295 ἦν
475 1226 766 1295 ἀθυμοῦσα
797 1227 918 1295 μὲν,
944 1228 1120 1280 οὐδενὶ
1159 1227 1215 1280 δὲ
1243 1229 1342 1296 τὴν
1363 1227 1539 1298 λύπην
1565 1229 1819 1297 ἔξαρχον-

257 1319 415 1386 μένη.
455 1318 629 1370 Τοῦτο
679 1317 806 1380 τοὺς
852 1319 1172 1387 Κομνηνοὺς
1200 1319 1262 1370 οὐ
1305 1319 1570 1371 διέλαθεν.
1617 1320 1819 1371 Enixa:-

255 1410 376 1476 ρίαν
404 1408 500 1463 οὖν
532 1411 600 1478 ῆν
622 1409 848 1472 ἐζήτουν
895 1409 1208 1478 εὑρηκότες,
1259 1413 1323 1480 τῇ
1366 1410 1596 1480 βασιλίδι
1650 1425 1816 1477 προσ⁴

251 1503 430 1556 ελθτῖν
497 1502 901 1556 ὲῦουλεύσαντο.
935 1504 1045 1570 Τῆς
1104 1503 1161 1556 δὲ
1215 1503 1350 1570 πρὸς
1395 1501 1564 1571 αὐτὴν
1607 1502 1821 1570 ὁμιλίας

252 1593 344 1659 τὴν
400 1591 684 1660 καταρχὴν
739 1592 772 1659 ἠ
827 1594 1007 1659 μήτηρ
1061 1590 1137 1660 τῷ
1214 1591 1466 1661 ’ῐσαακίῳ
1514 1591 1818 1661 ἐπέτρεψε,

252 1682 638 1752 συμπαρόντος
659 1681 806 1750 αὐτῷ
827 1680 876 1732 τ’
897 1681 1125 1748 ἀδελφοῦ
1161 1680 1422 1743 Ἀλεξίου.
1439 1681 1560 1734 Τῶν
1580 1681 1636 1733 δὲ
1655 1695 1820 1749 προσ-

250 1771 516 1828 ελθόντων
565 1773 634 1841 τῇ
679 1769 906 1840 βασιλίδι
951 1772 977 1822 ὁ
1040 1769 1306 1831 Ἰσαάκιός
1356 1785 1490 1838 φησι
1528 1769 1664 1840 πρὸς
1716 1769 1818 1821 αὑ.

248 1864 344 1931 τήν
373 1878 393 1895 ο
423 1862 540 1929 οὐχ
593 1860 668 1921 ὼς
700 1860 826 1929 χθὲς
872 1861 965 1914 καὶ
998 1860 1266 1930 πρότριτα
1315 1861 1533 1930 ὁρῶμέν
1590 1878 1668 1924 σε,
1726 1861 1817 1912 δέ-

256 1971 478 2019 οποινα,
504 1944 757 2022 ἔχουσαν,
785 1951 900 2005 ἀλλ’
935 1952 1009 2016 ὡς
1042 1953 1147 2005 ὑπὸ
1186 1953 1462 2022 λογισμῶν
1499 1956 1818 2025 ἀνεκφόρων

251 2043 598 2112 δακνομένην
622 2045 717 2096 καὶ
751 2043 1149 2112 σκεπτομένην,
1184 2044 1259 2104 ῶς
1297 2044 1372 2114 μὴ
1409 2044 1629 2116 θαρρεῖν
1667 2045 1819 2114 ἔχου-

252 2151 350 2187 σαν
381 2134 522 2203 πρὸς
554 2133 614 2187 ὃν
659 2133 1062 2201 ἀνακαλύψειας
1091 2133 1136 2166 δ’
1171 2133 1231 2188 τὸ
1275 2135 1607 2205 ἀπόρρητον.
1651 2136 1714 2189 Ἥ
1761 2137 1818 2189 δὲ

251 2225 390 2286 τέως
425 2225 522 2295 μὲν
548 2223 833 2293 ἔμφαίνειν
871 2225 969 2278 οὐκ
1001 2223 1182 2294 ἡθελε.
1226 2223 1420 2277 Πύθιον
1453 2224 1509 2278 δέ
1543 2243 1594 2277 τι
1631 2226 1820 2278 στενά-

257 2315 422 2380 ξασα.
451 2315 528 2366 Οὐ
554 2314 684 2384 χρὴ,
712 2313 866 2383 φησὶ,
904 2314 1027 2374 τοὺς
1055 2311 1341 2381 ἀλλοτρίαν
1376 2312 1660 2374 οἰκοῦντας
1690 2314 1820 2365 ἑπε-

254 2406 462 2475 ρωτᾷν,
490 2405 622 2462 αὐτὸ
649 2403 931 2476 γάρτοῦτο
961 2405 1040 2466 είς
1063 2403 1241 2471 λύπην
1269 2404 1453 2466 αὐτοῖς
1499 2405 1816 2473 ἀξιόχρεων.

263 2498 397 2568 Ἐμὲ
434 2497 517 2562 δε,
558 2496 658 2565 φεῦ
685 2497 699 2548 ι
727 2493 814 2548 οἷα
837 2497 896 2561 ἐξ
939 2495 1065 2550 οἴων
1093 2494 1364 2560 διεδέξατο
1400 2497 1492 2549 καὶ
1517 2496 1676 2549 ὁποῖὰ
1705 2515 1818 2564 μοι,

250 2589 323 2653 ὡς
356 2588 530 2651 ἔοικε,
571 2587 692 2656 μετ’
718 2587 780 2640 ού
820 2586 954 2640 πολὺ
981 2586 1299 2656 ταμιεύεται
1323 2588 1336 2641 !
1364 2588 1426 2640 Οί
1467 2587 1523 2639 δὲ
1550 2588 1824 2642 ἀποστάν-

251 2696 348 2742 τες
381 2679 558 2732 πλείω
595 2677 692 2747 μὲν
752 2678 974 2748 ῥήματα
1006 2679 1065 2730 οὐ
1118 2678 1480 2748 προσέθεντο’
1527 2679 1584 2740 ἐς
1635 2681 1739 2744 γῆν
1766 2679 1822 2732 δὲ

251 2769 384 2829 τοὺς
433 2765 748 2834 ὀφθαλμοὺς
804 2766 1201 2834 ἑπερείσαντες,
1247 2766 1342 2819 καὶ
1387 2767 1826 2836 περιστείλαντες

255 2859 434 2927 ᾅμφω
461 2854 543 2909 τὼ
570 2858 740 2926 χεῖρε,
783 2855 977 2919 σύνους
1003 2857 1049 2889 ⁵⁸
1081 2856 1220 2924 πρὸς
1255 2855 1450 2926 μικρὸν
1478 2858 1822 2926 εἱστήκεσαν,

252 2945 380 3002 εἶτα
415 2950 522 3018 τὴν
573 2947 776 3016 συνήθη
832 2947 1203 3018 προσκύνησιν
1246 2949 1605 3018 ποιησάμενοι
1641 2949 1821 3002 οἴκαδε

1925 522 2029 564 tom
2065 513 2234 579 ipsius
2269 516 2450 568 utilem
2483 532 2585 569 non
2622 531 2828 582 parum.
2863 518 3051 581 Itaque
3091 516 3144 568 in
3183 533 3290 569 uno
3327 514 3473 571 facto

1923 601 2082 654 simul
2116 603 2373 670 iujustus,
2406 607 2564 658 simul
2595 607 2842 660 incautus
2873 621 3058 668 senex,
3095 615 3149 658 et
3177 606 3242 658 de
3271 604 3474 673 pupillo

1923 693 2061 744 male
2114 705 2193 747 est
2249 697 2496 758 meritus,
2549 706 2601 748 ct
2632 713 2732 749 suo
2781 698 2893 764 ipse
2950 701 3111 764 capiti
3178 698 3472 766 perniciem

1922 783 2147 835 struxit.
2197 782 2365 838 Porro
2417 786 2575 838 istius
2604 786 2813 838 consilii
2851 803 3069 839 rumore
3121 787 3472 840 clanculariis

1920 874 2160 926 susurris
2188 889 2377 941 sparso
2401 874 2678 927 admonita
2699 876 2939 942 Augusta
2973 877 3472 940 incredibiliterth

1922 975 2021 1015 co't
2049 972 2190 1015 mota
2229 971 2331 1025 est,
2367 965 2656 1032 periclitari
2689 964 2755 1016 de
2786 980 2880 1032 spe
2910 966 3120 1032 imperii
3161 966 3325 1016 lilium
3354 979 3475 1016 cer-

1921 1067 2089 1114 nens;
2127 1053 2180 1105 in
2214 1055 2356 1106 luctu
2388 1056 2564 1116 itaque
2599 1069 2660 1106 ac
2692 1054 3056 1106 sollicitudine
3088 1063 3224 1115 erat.
3271 1054 3468 1106 nemini

1922 1153 2100 1196 tamen
2141 1146 2305 1198 animi
2360 1146 2555 1200 vulnus
2601 1159 2730 1200 ausa
2777 1147 3043 1211 detegere.
3111 1143 3222 1196 Non
3285 1143 3472 1196 fefellit

1921 1235 2227 1289 (Ioutnenos
2252 1235 2510 1300 :egritudo
2544 1236 2684 1298 eius.
2723 1235 3088 1286 Decreverunt
3119 1234 3281 1300 igitur
3315 1233 3464 1284 adire

1924 1326 2092 1390 ipsam
2125 1326 2497 1384 confldcntius.
2531 1326 2616 1378 ubi
2651 1325 2767 1390 ejus
2799 1324 2872 1376 rei
2911 1325 3094 1375 horam
3133 1323 3467 1375 commodam

1925 1419 2404 1475 nanciscerentur;
2442 1428 2599 1483 quam
2646 1415 2699 1467 in
2750 1414 3183 1467 observationem
3236 1411 3473 1465 excuba-

1926 1509 2073 1563 bant.
2105 1509 2180 1560 Ac
2214 1508 2337 1561 talis
2371 1507 2638 1562 Sermonis
2669 1508 2899 1574 primum
2951 1507 3252 1575 ingressum
3301 1513 3472 1557 mater
3513 1538 3531 1548 ς

1922 1599 2320 1651 Comuenorum
2378 1597 2706 1649 moderatrix
2768 1596 2979 1650 consilii
3055 1597 3220 1649 totius
3273 1595 3476 1648 lsaacio

1924 1685 2370 1738 committendum
2397 1685 2732 1737 decreverat.
2791 1685 2839 1736 Is
2874 1685 3038 1752 igitur
3072 1684 3238 1737 fratre
3286 1684 3473 1735 Alexio

1923 1785 2182 1844 pnest‘nte
2214 1775 2402 1828 intime
2451 1774 2722 1827 admissus
2756 1776 2818 1825 ad
2854 1773 3248 1840 imperatricem
3289 1772 3468 1837 :Quid

1921 1875 2024 1928 est,
2056 1865 2328 1932 inquit,‘o
2373 1865 2615 1924 domina,
2646 1863 2791 1930 quod
2831 1875 2881 1916 te
2910 1880 3014 1916 non
3054 1874 3111 1914 ut
3137 1865 3250 1916 heri
3282 1873 3334 1916 et
3374 1878 3472 1914 nu-

1923 1957 2244 2012 diustertius
2287 1958 2510 2009 hilarem
2543 1956 2820 2008 cernimus
2847 1972 2863 2019 ;
2907 1955 2997 2008 sed
3029 1955 3180 2006 vultu
3209 1969 3271 2006 ac
3296 1955 3475 2006 fronte

1925 2049 2065 2102 haud
2098 2048 2259 2102 dubia
2285 2047 2486 2114 judicia
2516 2047 2773 2100 ferentem
2805 2060 3010 2098 arcana!
3049 2060 3212 2107 curm,
3245 2044 3477 2096 doloris-

1921 2157 2025 2209 que
2051 2139 2372 2207 profundum
2408 2138 2570 2189 animi
2604 2137 2924 2196 mordentis.
2954 2152 3112 2205 quem
3143 2175 3158 2197 ,
3187 2136 3340 2203 quasi
3376 2149 3470 2187 ne-

1924 2235 2122 2287 minem
2151 2232 2353 2284 habeas
2388 2229 2522 2282 satis
2555 2228 2718 2280 fidum
2755 2229 2840 2279 cui
2895 2227 3294 2279 communicare
3327 2231 3473 2276 recte

1920 2323 2098 2389 possis
2127 2360 2141 2382 .
2177 2321 2229 2373 in
2258 2319 2600 2374 conscientiae
2647 2317 2828 2370 abdito
2855 2316 3160 2383 supprimas
3191 2315 3344 2385 1'56
3378 2312 3476 2366 Hic

1922 2413 2034 2476 illa,
2077 2410 2204 2480 quid
2262 2411 2337 2464 rei
2376 2409 2592 2478 quidem
2643 2408 2693 2460 id
2745 2416 2890 2462 esst't
2921 2421 3189 2474 exponere
3240 2409 3473 2457 nondum

1921 2503 2121 2566 voluit;
2159 2503 2268 2555 alto
2310 2511 2486 2553 autem
2524 2499 2758 2566 suspirio
2806 2480 3035 2550 attracto
3066 2514 3078 2549 :
3123 2495 3344 2562 Nempe,
3380 2495 3472 2546 iu-

1925 2596 2064 2663 quit,
2088 2595 2176 2661 qui
2219 2608 2438 2664 peregre
2464 2591 2626 2642 vitam
2659 2590 2856 2657 degunt
2894 2589 3078 2655 procul
3110 2602 3136 2638 a
3164 2585 3325 2640 natali
3359 2585 3476 2640 solo

1923 2687 2101 2755 rogari
2137 2700 2242 2738 nou
2277 2684 2473 2737 debent
2507 2697 2608 2749 qua
2636 2695 2691 2733 re
2717 2689 2984 2744 angantur
3005 2716 3020 2738 ,
3054 2675 3268 2729 abunde
3297 2675 3474 2741 siqui-

1929 2777 2048 2830 dem
2092 2788 2287 2842 magna
2327 2773 2584 2826 mmrcndi
2637 2785 2798 2823 causa
2859 2768 2986 2819 illud
3043 2767 3219 2833 ipsum
3256 2774 3358 2819 est.
3397 2765 3478 2817 Me

1925 2883 2078 2927 vero.
2119 2867 2220 2919 heu
2254 2864 2421 2917 mihi!
2457 2873 2514 2914 ut
2547 2861 2648 2913 alia
2699 2876 2761 2912 ex
2811 2859 2931 2910 aliis
2965 2857 3102 2909 mala
3132 2853 3475 2908 suceedentia

1927 2956 2285 3025 exceperunt!
2322 2964 2379 3008 ut
2408 2954 2510 3006 alia
2544 2966 2641 3004 nec
2670 2950 2868 3002 leviora
2902 2949 2952 3001 in
2990 2947 3251 3006 futurum.
3284 2945 3390 2998 imo
3419 2944 3474 2997 in

250 3038 510 3109 ἀπῄεσαν
541 3037 907 3103 ἀγωνιῶντες.
948 3038 1026 3106 Τῇ
1059 3037 1102 3089 δ’
1135 3038 1395 3108 ὑστεραίᾳ
1437 3040 1596 3092 πάλιν
1623 3057 1821 3109 προσε-

1931 3047 2234 3117 proximum
2269 3043 2614 3113 impendent!
2644 3041 2717 3092 Ad
2749 3039 2862 3092 lucc
2893 3038 2965 3090 illi
2999 3037 3143 3089 nullo
3169 3035 3329 3088 verbo
3357 3033 3480 3086 red-

255 3131 560 3207 ρηοόμενοι
591 3130 839 3194 ἥκουσιν.
883 3128 1230 3198 ’ἱλαρώτερον
1258 3129 1315 3182 δὲ
1358 3130 1390 3199 ἢ
1433 3131 1624 3200 πρώην
1653 3131 1830 3183 ἀτενί-

254 3221 464 3284 ζουσαν
491 3218 723 3284 τούτοις,
749 3218 980 3288 ὁρῶντες
1002 3220 1294 3288 προσίασιν
1319 3221 1486 3288 ἄμφω
1509 3221 1602 3275 καί
1623 3238 1786 3288 φασιν
1808 3237 1824 3252 ·

256 3313 331 3365 Σὺ
368 3311 472 3382 μὲν
503 3310 779 3373 δεσπότις,
813 3311 974 3380 ἡμεῖς
1018 3308 1073 3362 δὲ
1099 3309 1274 3364 δοῦλοι
1313 3311 1685 3376 εὐνούστατοι,
1718 3313 1826 3365 πᾶν

256 3403 285 3454 ὃ
312 3417 369 3452 τι
401 3399 500 3452 οὖν
531 3399 764 3468 ἑτοίμως
827 3398 1042 3467 ἔχοντες
1068 3399 1210 3470 ὑπὲρ
1257 3401 1356 3468 τῆς
1403 3401 1502 3468 σῆς
1553 3400 1832 3469 βασιλείας

261 3491 484 3561 παθεῖν,
514 3491 610 3544 καὶ
639 3491 714 3559 μή
746 3507 807 3542 σε
852 3488 1108 3558 λογισμός
1157 3506 1240 3554 τις
1290 3489 1715 3561 διαταραττέτω,
1752 3492 1832 3554 είς

259 3581 520 3650 διψυχίαν
558 3581 696 3642 ὅλως
727 3580 983 3648 εἰσάγων.
1029 3580 1124 3633 Ἐκ
1145 3580 1352 3634 τούτοιν
1379 3576 1472 3634 οὖν
1498 3579 1606 3633 τῶν
1636 3581 1829 3649 λόγων,

257 3671 330 3723 τὰ
363 3671 538 3723 πιστά
565 3671 858 3733 δεδωκότες
897 3673 962 3739 τῇ
1010 3669 1263 3738 βασιλίδι,
1295 3671 1392 3724 καὶ
1421 3672 1834 3736 ἀπαλλάξαντες

265 3765 495 3819 tamab:
517 3761 750 3830 ὑποψίας
769 3762 1005 3830 ἁπάσης,
1029 3760 1088 3812 τὸ
1106 3761 1419 3832 ἅπόρῤητσν
1436 3763 1534 3831 ήδη
1561 3761 1830 3817 συνίεσαν.

275 3856 450 3920 Ὅξεῖς
504 3855 563 3908 δὲ
619 3855 770 3914 ὄντες
803 3853 894 3905 καὶ¹
937 3853 1170 3920 ἀγχίνοι,
1237 3853 1332 3903 καὶ
1381 3851 1547 3904 δεινοὶ⁸
1603 3852 1836 3921 θηρᾶσαι

267 3945 575 4014 ἀνθρώπων
609 3943 670 4006 ὲξ
707 3943 902 4010 ὀλίγων
953 3943 1217 4011 ῥημάτων
1258 3941 1466 4011 βαθέως
1502 3942 1835 4011 ὲγκειμένην

267 4039 513 4106 γνώμην,
545 4035 639 4087 καὶ
659 4033 792 4095 τέως
818 4034 1127 4103 ἀπόρρητον
1152 4031 1245 4084 καὶ⁸
1273 4029 1471 4084 αὐτίκα
1502 4031 1646 4099 μάλα
1673 4047 1839 4102 προσ-

270 4129 513 4178 (τίθεντο
559 4125 679 4176 τότε
724 4125 787 4189 δὴ
822 4123 1077 4193 βασιλίδι,
1126 4123 1222 4176 καὶ
1277 4123 1344 4174 ὲκ
1383 4120 1598 4174 πολλῶν
1647 4121 1836 4184 εὔνους

272 4216 468 4273 αὖτοὺς
502 4213 756 4282 φανερῶς
797 4214 1256 4280 καταστήσαντες.
1293 4210 1405 4264 Καὶ
1444 4212 1553 4263 πᾶν
1589 4213 1668 4273 εἰς
1699 4211 1836 4280 ὅπερ

275 4308 338 4358 ἂν
378 4305 584 4365 αὐτοὺς
651 4301 1033 4369 προσκαλοῖτο,
1077 4301 1326 4371 ἐκθύμως
1371 4302 1669 4370 ἐπαμύνειν
1709 4319 1838 4355 κατ-

1929 3138 2043 3192 dilo
2082 3137 2362 3190 obtutibus
2413 3132 2529 3187 solo
2581 3131 2771 3183 defixis
2823 3127 3266 3194 eoutplicatisque
3315 3123 3478 3177 ambo

1930 3227 2182 3281 manibus
2207 3226 2439 3278 tristium
2474 3223 2678 3279 habitu.
2709 3230 2989 3290 postquam
3011 3216 3320 3286 aliquandiu
3345 3215 3479 3268 asti-

1930 3325 2114 3374 terunt
2145 3316 2314 3376 taciti,
2352 3322 2608 3367 consueta
2642 3311 2838 3366 deinde
2864 3311 3188 3364 salutatione
3213 3306 3479 3376 perfuncti

1932 3415 2294 3462 recesserunt.
2330 3403 2599 3458 Postridie
2641 3401 2988 3454 redeuntibus
3040 3399 3262 3451 hilarior
3309 3412 3467 3464 quam

1931 3496 2082 3565 prius
2130 3495 2355 3547 intuitus
2385 3492 2640 3559 Augusta!
2674 3491 2882 3544 animos
2915 3489 3038 3542 fecit
3079 3499 3138 3540 ιιι
3190 3487 3303 3540 hac
3334 3487 3481 3538 dice—

1935 3592 2050 3638 rent
2084 3598 2099 3634 :
2135 3582 2238 3643 Tu,
2264 3581 2487 3634 Domina
2519 3590 2700 3634 nostra
2733 3593 2812 3641 es,
2843 3593 2940 3632 nos
2984 3586 3162 3631 autem
3210 3576 3348 3629 servi
3385 3574 3478 3628 tibi

1931 3690 1994 3727 ex
2034 3672 2214 3726 animo
2248 3670 2623 3725 addictissimi.
2657 3683 2718 3720 ac
2747 3669 2901 3736 plane
2931 3666 3099 3734 parati
3131 3663 3347 3734 quidvis
3379 3677 3479 3728 pro

1934 3771 2023 3814 tua
2062 3760 2346 3828 majestate
2390 3757 2531 3825 pati;
2578 3772 2644 3808 ne
2693 3765 2744 3807 te
2801 3755 2962 3822 igitur
3015 3767 3144 3804 cura
3199 3752 3482 3806 conturbet

1935 3852 2062 3910 ulla,
2099 3858 2190 3900 aut
2230 3863 2428 3915 aegrum
2483 3847 2718 3898 animum
2753 3851 2893 3896 metu
2927 3841 3089 3894 tacito
3120 3841 3372 3893 emaciari
3405 3841 3484 3893 si-

1936 3955 2050 3994 nas.
2105 3937 2200 3990 llis
2249 3935 2425 3989 verbis
2473 3933 2799 3987 continuatae
2837 3935 3091 4000 Augusta:
3118 3971 3131 3992 ,
3172 3929 3483 3997 suspicione

1933 4029 2079 4083 Omni
2127 4027 2194 4080 ab
2227 4043 2284 4080 se
2324 4026 2590 4082 abstersa,
2644 4023 2858 4075 tle-num
2903 4035 3161 4075 arcanum
3215 4035 3482 4073 ennium--

1935 4129 2094 4184 runt;
2132 4117 2274 4187 quod
2299 4117 2408 4185 jam
2444 4124 2589 4175 ante.
2618 4128 2724 4182 qua
2755 4120 2910 4165 erant
2933 4113 3224 4178 sagacitate
3251 4113 3300 4164 in
3336 4110 3482 4164 testi-

1936 4208 2149 4263 mandis
2177 4222 2241 4261 ex
2270 4207 2419 4259 vultu
2449 4205 2644 4257 animis
2679 4203 2982 4260 hominum.
3026 4201 3318 4254 solertihus
3349 4213 3484 4252 cou-

1932 4299 2160 4367 jecturis
2188 4296 2345 4364 quale
2377 4302 2521 4348 esset
2555 4298 2902 4359 agitaverant.
2934 4287 3068 4341 Tum
3105 4303 3228 4341 vero
3273 4287 3325 4339 in
3366 4300 3488 4337 ma-

277 4397 685 4465 επηγγείλαντο
706 4396 772 4447 ⁸¹.
805 4395 1124 4464 Συγχαίρειν
1153 4409 1211 4444 τε
1231 4391 1597 4462 συγχαιρούσῃ
1627 4393 1720 4444 καὶ
1747 4393 1825 4444 λυ·

1938 4387 2128 4458 gniltca
2159 4384 2394 4453 provecti
2443 4382 2706 4445 promissa
2759 4387 2904 4434 sunt.
2945 4379 3074 4431 Sese
3107 4376 3261 4430 tidem
3292 4375 3357 4428 ad
3390 4390 3486 4427 ex-

274 4487 520 4555 πουμένῃ
587 4483 983 4548 ωνανιᾶσθαι,
1032 4481 1190 4535 τοῦτο
1247 4481 1310 4551 δὴ
1366 4482 1428 4533 τὺ
1481 4481 1835 4534 ἀποστολικδν

277 4581 416 4646 μάλα
441 4576 740 4646 προθύμως
768 4574 1070 4626 συνέθεντο.
1093 4573 1201 4625 Καὶ
1221 4574 1295 4634 ὡς
1319 4572 1621 4638 αὐθιγενεῖς
1652 4571 1834 4639 ἠξίουν

275 4668 493 4728 τούτους
536 4663 847 4732 λογίζεσθαι
891 4665 982 4716 καὶ
1015 4665 1266 4733 συνήθεις
1297 4662 1547 4716 κάκεῖθεν
1576 4661 1832 4731 ὁρμωμέ-

276 4773 414 4817 νους,
451 4755 578 4809 ὅθεν
608 4754 703 4806 καὶ
736 4751 896 4823 αὑτὴ,
938 4751 1188 4805 τοσοῦτον
1232 4753 1568 4813 ἐπειπόντες,
1595 4751 1666 4813 ὠς
1707 4749 1761 4802 εί
1782 4765 1834 4801 τι

282 4847 424 4914 παρὰ
449 4845 562 4896 τῶν
589 4843 929 4911 φθονούντων
974 4843 1110 4911 αὐτῇ
1140 4859 1200 4894 τε
1246 4845 1311 4912 τῇ
1345 4842 1602 4912 δεσποίνῃ
1633 4838 1730 4892 καὶ
1759 4837 1836 4908 τῷ

285 4936 642 5003 αὐτοκράτορι
686 4938 806 4987 κατ’
839 4932 1018 4985 αὐτῶν
1047 4933 1420 5001 είσηγήσαιτο,
1460 4930 1615 4982 τοῦτο
1643 4928 1837 4990 αὐτοὺς

289 5024 358 5092 μὴ
389 5025 734 5078 διαλανθάνοι
781 5024 841 5076 τὸ
885 5021 1221 5094 παραυτίκα,
1250 5021 1335 5073 ἵνα
1370 5021 1443 5089 μὴ
1492 5019 1695 5071 λάθωσι
1719 5019 1839 5079 ταῖς

287 5117 478 5180 πάγαις
503 5116 612 5167 τῶν
642 5114 851 5184 ἐχθρῶν
883 5113 1302 5184 ἐμπεσούμενοι.
1339 5109 1509 5162 Τοῦτό
1543 5125 1602 5160 τε
1633 5105 1836 5174 ἠξίουν,

287 5205 375 5263 καὶ
395 5204 614 5274 θαρῤεῖν
662 5205 913 5256 ἐκέλευον
941 5203 1015 5264 ὡς
1056 5203 1152 5254 σὺν
1184 5200 1304 5267 Θεῷ
1332 5215 1395 5267 γε
1429 5198 1594 5265 φάναι
1624 5197 1722 5263 τὴν
1747 5195 1836 5246 δυ-

288 5295 444 5363 νατὴν
493 5296 632 5364 μετὰ
680 5294 990 5364 προθυμίας
1045 5292 1376 5359 εἰσενεγκεῖν
1434 5287 1706 5357 βοήθειαν,
1758 5284 1834 5346 ὼς

1935 4491 2165 4535 tremum
2199 4479 2272 4531 illi
2302 4485 2634 4535 servaturos,
2680 4471 3042 4538 quodcunque
3091 4479 3303 4536 tempus
3355 4465 3488 4518 inci-

1932 4571 2082 4624 deret
2128 4573 2361 4625 vocarct,
2399 4562 2550 4629 sequi
2601 4569 2817 4628 paratos
2869 4558 3071 4624 abSque
3122 4554 3482 4622 ελονιιιίοιιες

1936 4656 2344 4728 propulsaturos
2403 4651 2470 4704 ab
2523 4665 2584 4703 ea
2637 4659 2869 4714 natoque
2925 4644 3044 4713 ejus
3097 4644 3225 4696 totis
3275 4643 3486 4697 viribus

1934 4747 2164 4817 quodvis
2208 4744 2404 4811 capitis
2440 4738 2783 4806 dignitatisve
2824 4736 3122 4804 periculum
3152 4750 3168 4789 :
3205 4735 3480 4785 fortunam

1933 4856 1991 4894 se
2025 4852 2178 4891 suam
2207 4835 2442 4900 ipsorum
2474 4844 2595 4884 cum
2631 4827 2846 4880 fortuna
2881 4827 3127 4894 Angusta:
3162 4834 3361 4876 :eterua
3395 4837 3486 4876 so-

1932 4929 2124 4980 cietate
2170 4920 2466 4982 devincire,
2511 4917 2792 4987 gavisurus
2847 4929 2966 4967 cum
3018 4912 3324 4982 gaudente,
3359 4927 3480 4965 cum

1931 5018 2092 5072 ﬂente
2136 5015 2377 5074 ﬂeturus.
2408 5011 2559 5075 juxta
2597 5006 2724 5060 illud
2773 5005 3168 5073 Apostolicum.
3204 5003 3380 5068 Quare
3419 5017 3484 5056 ne

1937 5107 2120 5177 patria:
2146 5101 2590 5170 longinquitatem
2625 5097 3023 5164 charorutnqne
3057 5110 3117 5146 ac
3147 5091 3486 5145 necessario-

1939 5211 2055 5249 rum
2094 5195 2390 5247 abscutiam
2417 5228 2431 5251 ,
2465 5205 2583 5243 sese
2614 5188 2688 5240 illi
2721 5188 3141 5255 propinquorum
3170 5197 3231 5235 ac
3256 5195 3482 5234 cr'nsan-

1941 5288 2256 5357 gnineorum
2291 5280 2461 5334 ollicia
2488 5277 2665 5331 omnia
2688 5278 3044 5340 exhibituros,
3089 5273 3483 5340 effecturosquo

1285 5487 1480 5548 Variaa
1505 5485 1809 5546 lectiones
1859 5498 1934 5543 ex
1966 5479 2106 5541 cod.
2136 5474 2407 5537 Coialin.

353 5659 397 5701 κ
424 5659 592 5724 ιπάξε
604 5676 674 5713 ιν.
753 5659 868 5702 4⁷³⁸
907 5660 1000 5714 καὶ
1022 5657 1162 5712 κατὰ
1188 5655 1309 5726 τῆς.

1387 5654 1430 5686 ⁸³
1453 5653 1520 5709 ἂν
1541 5649 1927 5722 ὲκκαλύψειας.
2001 5649 2047 5682 ⁸⁸
2079 5647 2320 5710 σύννους.

2397 5643 2442 5676 ⁸⁸
2478 5658 2606 5695 κατε
2616 5659 2678 5693 πε
2689 5657 2777 5710 γγε
2788 5638 2956 5694 (late.
