3946 6206
311 339 403 410 l1

1587 349 1803 414 ΔΝΝλΕ
1829 346 2210 410 ΟΟΜΝΕΝΕ

3467 342 3574 407 192

307 473 450 518 rent.
491 461 630 529 Quid
662 463 809 518 enim
845 474 997 520 cct-to
1051 473 1230 536 potest
1274 467 1435 523 statui
1493 466 1559 520 de
1604 469 1882 522 voluntate

2017 459 2336 533 ὐμετάφορά
2371 477 2491 524 πως
2540 460 2633 514 καὶ
2662 458 2904 531 Εὐρίπου
2949 457 3128 527 δίκην,
3156 459 3234 524 ὡς
3278 463 3336 516 ἐν
3371 463 3575 535 παλιρ-

305 555 615 611 animorum
648 557 916 624 ejusmodi
963 559 1243 612 mobilium
1291 567 1344 612 ct
1381 558 1566 628 Euripi
1602 577 1752 613 more
1797 577 1876 614 re-

303 649 430 703 ﬂuis
493 652 734 706 motibus
803 650 1007 705 levium
1071 653 1378 713 studiorum
1441 655 1884 723 reciprocatione

303 753 566 811 perpetua
603 745 953 799 testuantium
971 747 995 796 ?

378 838 601 892 l’utcrim
637 841 753 893 hac
788 840 1037 893 videntes
1070 843 1211 894 servi
1258 857 1324 894 ne
1369 842 1472 909 ipsi
1519 842 1742 911 quidem
1778 843 1884 898 sibi

308 946 372 986 ne
406 948 675 994 concepto
716 935 1003 1002 proposito
1057 934 1308 990 deerant.
1364 935 1468 990 Sed
1515 935 1887 990 l'rttstra’esse

336 1025 548 1077 usitlias
589 1034 643 1077 et
676 1027 986 1084 Comncttos
1018 1029 1266 1098 quotidie.
1307 1047 1559 1085 crescere
1591 1047 1655 1085 ac
1697 1047 1889 1088 corro-

310 1115 490 1167 borari
527 1126 864 1181 reputantes.
899 1129 1024 1173 post
1060 1122 1227 1173 multa
1266 1121 1503 1190 denique
1533 1124 1681 1177 ultro
1717 1124 1890 1176 citro—

307 1223 412 1266 «me
444 1208 586 1261 dicta
619 1219 966 1277 statucrunt,
1005 1214 1218 1276 longam
1255 1213 1393 1264 viam
1432 1215 1756 1279 compendio
1790 1214 1892 1267 ab-

307 1299 543 1355 solvere.
605 1300 855 1365 Quonatn
920 1302 1142 1357 autem?
1193 1303 1518 1360 Evocaudos
1568 1319 1728 1361 nocte
1781 1322 1889 1361 una

308 1392 628 1448 Comnenos
661 1397 854 1449 ambos
887 1397 1242 1464 imperatoris
1274 1398 1494 1452 nomine
1530 1401 1892 1468 quantumvis

309 1485 468 1539 inscii
503 1504 516 1539 :
541 1486 622 1540 sic
644 1487 1058 1555 comprehensis
1085 1477 1362 1544 eruendas
1387 1488 1500 1560 49
1521 1489 1718 1544 oculos
1751 1488 1894 1543 falso

197 1641 208 1653 ε
309 1577 539 1632 crimine
581 1578 856 1648 imposito.
911 1578 1035 1634 Haec
1095 1595 1309 1636 summa
1368 1581 1606 1636 consilii.
1657 1581 1776 1648 Quo
1826 1583 1891 1636 ad

311 1668 627 1724 Comnenos
665 1679 816 1726 ccrto
849 1671 1081 1738 perlato,
1137 1681 1259 1754 post
1304 1671 1757 1727 deliberationem
1789 1690 1888 1726 an-

311 1758 460 1812 xiam
484 1769 536 1809 ct
564 1760 777 1827 longa-it
806 1761 980 1812 visum
1013 1763 1231 1829 utrique
1258 1773 1337 1815 est
1362 1780 1522 1815 unam
1546 1764 1898 1832 expedienda:

314 1850 515 1904 salutis
568 1852 710 1902 viam
765 1851 816 1903 in
849 1850 1154 1907 delectione
1197 1855 1358 1907 sitam
1411 1870 1551 1916 esse,
1593 1870 1659 1910 co
1702 1871 1760 1910 se
1807 1872 1903 1910 ex-

315 1953 488 1995 trema
524 1947 852 1999 necessitate
871 1946 1054 2009 trudi;
1095 1947 1220 2013 quis
1247 1947 1392 2001 cnim
1423 1957 1744 2016 exspectare
1773 1963 1902 2004 sas-

313 2035 485 2090 tineat
515 2035 642 2088 dum
669 2036 872 2091 l'errum
905 2039 1145 2092 candens
1194 2039 1512 2109 appl'citum
1566 2040 1741 2094 oculis
1766 2041 1903 2095 lucis

319 2127 501 2181 iusum
539 2144 600 2179 ac
635 2130 770 2182 solis
822 2145 987 2183 usura
1028 2131 1240 2197 privet?
1289 2130 1576 2185 Occttltnzn
1615 2140 1821 2194 autem,
1849 2146 1906 2186 ιιι

317 2236 419 2286 par
441 2231 581 2279 erat,
612 2222 662 2273 id
691 2221 834 2274 decr:
857 2229 970 2276 tum
1005 2223 1297 2283 habebant.
1325 2224 1499 2289 quoad
1533 2226 1675 2277 brevi
1711 2241 1905 2294 perpe-

317 2312 496 2364 trandi
530 2312 651 2379 ejus
671 2315 890 2366 occasio
925 2330 984 2368 se
1011 2316 1212 2368 obtulit
1246 2316 1373 2369 talis
1399 2317 1678 2384 qurrdam.
1709 2316 1901 2371 Datum

315 2411 432 2454 crat
492 2404 768 2471 negotium
807 2404 995 2459 Alexio
1021 2445 1036 2468 ,
1089 2407 1290 2475 quippe
1331 2423 1530 2477 magno
1571 2415 1684 2461 tum
1721 2409 1908 2463 dome-

317 2493 458 2547 stico
480 2493 818 2557 Occidentis,
849 2497 1156 2552 inducendi
1180 2498 1232 2551 in
1263 2499 1450 2552 urbem
1478 2493 1686 2568 partem
1715 2517 1908 2570 quam-

323 2584 450 2638 dam
499 2589 778 2643 exercitus
811 2591 1130 2643 armandam
1171 2596 1435 2645 adversus
1473 2594 1756 2660 Agarcnos
1809 2596 1905 2663 qtti

319 2677 511 2732 urbem
539 2678 796 2748 Cyzicum
831 2681 1198 2751 diripuerant.
1235 2682 1348 2739 Hoc
1377 2687 1467 2739 ille
1495 2697 1762 2754 praetextu
1799 2688 1902 2739 du-

319 2783 413 2823 ces
447 2773 725 2825 exercitus
780 2773 881 2827 sibi
933 2775 1171 2830 maxime
1205 2776 1342 2834 fidos
1379 2782 1630 2834 evocavit
1685 2781 1906 2834 serit-tis

321 2859 543 2916 litteris.
583 2861 795 2928 Quibus
854 2866 1094 2936 undique
1136 2884 1334 2938 magno
1393 2872 1574 2925 studio
1613 2874 1664 2926 in
1716 2875 1904 2930 ttrltcm

324 2950 744 3018 festinantibus,
780 2956 915 3010 adiit
950 2959 1338 3027 imperatorem
1370 2965 1591 3031 quidam
1630 2967 1909 3019 snhorua—

324 3051 416 3099 tus
449 3043 519 3097 ab
555 3044 726 3100 altero
757 3061 1043 3102 servorum
1087 3050 1292 3116 Borilo,
1329 3055 1692 3123 quaesivitque
1726 3072 1788 3109 ex
1842 3073 1906 3112 eo

323 3148 454 3187 num
494 3133 656 3201 jussu
691 3137 814 3204 ejus
843 3141 1036 3206 conias
1071 3141 1356 3199 universas
1386 3144 1440 3199 in
1476 3146 1664 3200 urbem
1704 3150 1902 3218 regiam
1933 3124 1974 3178 θ

330 3241 562 3290 magnus
588 3229 931 3286 domesticus
955 3231 1258 3290 induceret.
1313 3235 1612 3305 Imperator
1644 3255 1899 3306 magnum

327 3317 512 3371 Statim
551 3318 915 3376 domesticum
967 3339 1258 3382 accersens
1282 3365 1298 3390 ,
1334 3339 1491 3398 rogat
1533 3331 1731 3398 ecquid
1775 3346 1905 3386 vera

327 3411 606 3466 nuntient.
649 3413 878 3468 Alexius
913 3423 1123 3484 partem
1153 3417 1372 3487 quidem
1405 3421 1681 3476 exercitus
1709 3422 1912 3478 fatetur

328 3512 358 3552 a
397 3515 458 3554 se
497 3511 657 3569 prout
686 3511 804 3558 erat
831 3504 1023 3574 jussus
1052 3517 1331 3565 evocatam
1356 3527 1372 3578 ;
1401 3512 1468 3568 de
1497 3515 1773 3572 universis
1817 3532 1913 3571 co-

328 3591 431 3659 piis
472 3603 768 3663 pernegat;
813 3597 978 3665 idque
1012 3599 1084 3653 ita
1119 3601 1505 3668 verisitniliter,
1553 3618 1613 3661 ιιι
1645 3607 1800 3662 tidem
1833 3609 1913 3662 la-

330 3691 484 3737 ceret
539 3683 745 3755 Nempe
777 3689 862 3744 hic
899 3706 1112 3757 rumor,
1164 3695 1364 3760 aiebat,
1399 3696 1525 3752 inde
1577 3708 1731 3756 ortus
1781 3712 1865 3758 est
1893 3742 1909 3766 ,

330 3776 504 3844 quod,
539 3795 660 3834 cum
689 3782 945 3839 cohortes
977 3786 1082 3841 illte
1113 3803 1232 3857 quze
1256 3788 1364 3844 bttc
1389 3791 1539 3845 coire
1565 3794 1735 3861 jussre
1779 3806 1912 3850 sunt

333 3868 454 3922 aliae
477 3871 585 3924 alio
607 3873 869 3943 dispersm
903 3875 1104 3942 forent.
1131 3880 1261 3934 dum
1296 3896 1359 3936 ex
1397 3899 1496 3939 suo
1536 3902 1766 3956 quaeque
1789 3887 1912 3945 loco

333 3961 399 4012 ad
444 3963 760 4017 condictqu
795 3968 1021 4022 conlluit
1072 3973 1310 4040 speciem
1367 3974 1576 4043 ignaris
1623 3977 1752 4032 fecit
1792 3980 1918 4034 uni-

331 4051 474 4106 versi
503 4056 780 4110 exercitus
803 4059 994 4113 urbem
1027 4065 1287 4130 petentis.
1313 4064 1495 4119 Borilo
1521 4080 1704 4123 autem
1737 4073 1912 4126 multa

333 4151 522 4196 con'ra
541 4143 850 4210 disputante
882 4149 1028 4218 (nam
1047 4150 1352 4210 Germanus
1381 4156 1756 4214 insidiatorum
1776 4163 1915 4218 alter

333 4245 529 4290 natura
581 4238 885 4307 simplicior
921 4243 1102 4299 minus
1158 4258 1270 4301 tum
1325 4249 1575 4305 Alexium
1615 4254 1914 4325 lacessivit)

336 4331 622 4398 praevaluit
661 4341 841 4389 tamen
884 4335 1054 4392 Alexii
1115 4355 1229 4394 rem
1267 4346 1617 4412 pernegantis
1668 4349 1913 4402 auctori-

336 4433 440 4484 tas,
471 4431 524 4476 rt
558 4427 805 4481 omnium
846 4429 1074 4487 calculis
1107 4436 1392 4492 accusatio
1423 4437 1624 4506 rejecta
1655 4447 1761 4494 est.
1798 4439 1912 4498 Hoc

334 4526 594 4569 successu
628 4519 967 4574 consternati
1003 4521 1113 4575 duo
1150 4523 1362 4580 barbari
1389 4567 1403 4588 .
1449 4529 1621 4597 quod,
1657 4529 1903 4600 inquam.

335 4615 444 4660 tam
480 4609 798 4668 verisimilis
833 4614 1034 4670 delatio
1077 4615 1424 4686 imperatoris
1475 4622 1717 4676 animum
1771 4623 1907 4678 nihil

334 4699 597 4757 adversus
622 4719 874 4774 magnum
906 4708 1269 4765 domesticum
1302 4713 1912 4780 commovisset,actum

343 4789 414 4844 de
449 4795 612 4849 rebus
658 4803 712 4849 et
766 4799 968 4865 spebus
1000 4802 1116 4855 suis
1157 4803 1260 4857 nisi
1301 4813 1714 4870 maturassent,
1765 4806 1870 4859 rati
1897 4845 1913 4868 .

342 4896 461 4936 eam
491 4886 666 4954 ipsam
698 4888 750 4941 in
787 4899 999 4944 noctem
1029 4893 1188 4962 cujus
1225 4911 1347 4948 mox
1389 4907 1661 4950 secuturae
1689 4912 1914 4964 vespera

339 4972 634 5037 illuxerat.
700 4981 927 5034 exitium
976 4983 1384 5039 Comueuorum
1438 4987 1776 5042 indixerunt.
1817 4990 1917 5046 Est

338 5079 502 5118 omne
533 5069 729 5121 servile
751 5086 920 5136 genus
951 5075 1188 5129 dominis
1225 5075 1523 5141 infensum,
1560 5079 1702 5147 quod
1741 5081 1784 5134 si
1819 5097 1918 5136 no-

339 5169 464 5208 cere
498 5155 736 5213 dominis
767 5162 1132 5228 nequiverint,
1171 5164 1242 5216 ita
1279 5165 1330 5218 in
1364 5180 1676 5220 conservos
1713 5183 1871 5223 versa
1896 5211 1913 5234 ,

343 5246 391 5301 si
417 5261 557 5316 quos
588 5247 832 5317 ipsorum
865 5251 1082 5320 injuriis
1117 5263 1459 5324 opportunos
1493 5255 1712 5310 fortuna
1769 5258 1917 5315 lece-

1988 553 2112 624 ροία
2145 572 2209 607 πε
2219 553 2618 624 ριπλαζόμενα.

2057 821 2246 874 Ταῦτα
2278 821 2517 890 δρῶντες
2551 819 2600 872 οἱ
2632 818 2808 873 δοῦλοι
2852 820 2947 873 καὶ
2982 821 3132 884 ὅπως
3163 821 3224 874 οὐ
3254 821 3399 875 κατὰ
3446 839 3576 875 σκο-

1989 911 2089 964 πδν
2123 911 2305 971 αὐτοῖς
2344 909 2403 961 τὸ
2437 909 2669 979 πρᾶγμα
2699 908 2916 980 προῄει.
2947 908 3068 960 οὐδέ
3101 909 3133 977 ἡ
3163 908 3274 960 τῶν
3312 905 3574 961 τοιούτων

1991 1001 2206 1072 ἀνδρῶν
2267 999 2516 1053 ἀπώλεια
2570 1001 2806 1069 εὐχερής
2861 1001 3011 1052 ἐστιν
3073 1000 3280 1060 αὐτοῖς.
3337 1000 3436 1070 τῆς
3479 999 3576 1052 τοῦ

1990 1095 2399 1165 αὐτοκράτορος
2455 1095 2510 1155 ἐς
2554 1094 2755 1156 αὐτοὺς
2809 1093 3100 1164 εὐμενείας
3149 1093 3424 1163 ὁσημέραι
3475 1095 3579 1148 αὐα-

1992 1185 2283 1256 ξανούσης,
2339 1183 2512 1237 πολλὰ
2545 1184 2643 1254 μὲν
2674 1185 2944 1248 εἰπόντες,
2983 1185 3154 1238 πολλὰ
3198 1186 3253 1238 δέ
3286 1186 3380 1239 καὶ
3420 1189 3586 1241 ἀπει-

1993 1279 2229 1341 πόντες,
2291 1278 2378 1346 ἐφ’
2419 1278 2612 1348 ἐτέραν
2668 1277 2912 1350 ἀτραπὸν
2969 1277 3314 1348 ἐτράπησαν.
3373 1279 3467 1340 Τίς
3522 1280 3586 1333 δὲ

1993 1367 2174 1438 αὖτης
2235 1369 2353 1421 Ἵνα
2410 1369 2468 1420 ἐν
2526 1369 2623 1438 μιᾷ
2681 1367 2838 1419 νυκτὶ
2896 1366 3409 1437 μετακαλεσάμενοι
3451 1366 3585 1420 τού·

1994 1481 2123 1525 τους
2175 1460 2375 1532 βουλῆς
2412 1461 2547 1532 ἄτερ
2602 1459 2696 1514 τοῦ
2756 1459 3091 1531 κρατοῦντος
3151 1459 3396 1515 ἐκποδὼν
3450 1460 3585 1525 τοὺς

1995 1555 2201 1625 ἄνδρας
2258 1553 2626 1623 ποιήσωνται,
2682 1552 2808 1614 τούς
2866 1551 3049 1604 αὐτῶν
3080 1550 3401 1621 ὀφθαλμοὺς
3455 1552 3582 1617 ἐξο-

2001 1644 2281 1716 ρύξαντες,
2313 1643 2484 1713 ψευδῆ
2531 1641 2709 1696 αἰτίαν
2740 1641 3210 1712 ἀναπλασᾶμενοε.
3243 1639 3412 1694 Τοῦτο
3450 1645 3586 1706 τοὺς

2009 1737 2334 1807 Κομνηνοὺς
2355 1735 2414 1787 οὐ
2447 1733 2680 1787 διέλαθε.
2714 1733 2826 1786 Καὶ
2859 1734 2984 1786 ἐπεὶ
3020 1732 3190 1787 πολλὰ
3219 1736 3588 1805 γνωσιμαχή-

2012 1845 2222 1889 σαντες,
2257 1827 2517 1894 ὑπόγυιον
2568 1824 2661 1878 τὸν
2709 1824 2954 1878 κίνδυνον
3002 1825 3269 1892 ἔγνωσαν,
3312 1827 3442 1896 μίαν
3474 1845 3588 1900 σῳ-

2007 1919 2200 1990 τηρίας
2227 1919 2415 1972 ἐλπίδα
2448 1918 2545 1989 τὴν
2578 1917 2916 1972 ἀποστασίαν
2950 1916 3189 1983 ἐδόκουν,
3215 1918 3350 1989 πρὸς
3378 1919 3590 1990 ταύτην

2007 2015 2125 2066 κατ’
2153 2012 2399 2082 ἀνάγκην
2430 2011 2629 2082 πολλὴν
2661 2008 3086 2078 συνωθούμενοι.
3126 2011 3192 2063 Τί
3227 2010 3338 2082 γὰρ
3367 2011 3451 2065 δεῖ
3481 2030 3585 2065 πε-

2017 2110 2263 2180 ριμένειν
2295 2109 2386 2162 τδν
2425 2109 2795 2175 ἐπενεγκόντα
2824 2107 3025 2177 μύδρον
3055 2111 3169 2170 τοῖς
3215 2107 3452 2178 ὄμμασι,
3489 2107 3588 2162 καὶ

2006 2203 2096 2255 τὸν
2125 2203 2182 2254 ἐν
2229 2201 2414 2264 αὐτοῖς
2454 2201 2607 2271 ἥλιον
2655 2200 3058 2267 ἀποσϐέσοντας
3101 2200 3460 2271 ’Υποὸρύχιον
3493 2201 3589 2255 οὖν

2008 2298 2066 2350 ἐν
2099 2298 2220 2359 ταῖς
2249 2296 2449 2364 ψυχαῖς
2477 2296 2573 2364 τὴν
2607 2293 2840 2365 γνώμην
2870 2293 3082 2363 ταύτην
3119 2289 3286 2365 εἶχον.
3345 2295 3501 2348 Ἐπεὶ
3527 2295 3589 2348 δὲ

2011 2387 2128 2456 μετ’
2163 2388 2226 2440 οὐ
2253 2386 2386 2442 πολὺ
2420 2389 2826 2457 προσετέτακτο
2871 2390 2899 2442 ὁ
2934 2390 3172 2454 Ἀλέξιός
3219 2408 3342 2444 τινα
3393 2390 3588 2460 μερίδα

2008 2482 2107 2550 τῆς
2155 2483 2417 2548 στρατιᾶς
2472 2482 2788 2552 εἰσαγαγεῖν
2841 2483 3144 2554 μέλλουσαν
3205 2484 3589 2550 ἐξοπλίζεσθαι

2009 2575 2148 2629 κατὰ
2177 2574 2287 2628 τῶν
2316 2574 2708 2646 πορθησάντων
2730 2575 2832 2646 τὴν
2862 2577 3017 2630 πόλιν
3041 2577 3282 2642 Κυζίκου
3320 2578 3366 2609 ⁸⁸
3415 2578 3587 2645 Ἀγα-

2011 2666 2192 2735 ρηνῶν
2245 2665 2427 2736 (ἔτυχε
2477 2669 2588 2738 γὰρ
2640 2666 2946 2736 τηνικαῦτα
2995 2667 3319 2738 δομέστικος
3371 2670 3434 2722 ἐκ
3487 2669 3592 2739 τῆς

2010 2758 2298 2829 ἐσπέρας),
2342 2758 2598 2830 ἀφορμῆς
2628 2759 2850 2828 εὐλόγου
2881 2760 3236 2831 δραξάμενος,
3262 2763 3389 2825 τοὺς
3418 2761 3593 2826 εὔνως

2015 2846 2150 2914 πρὸς
2180 2846 2344 2900 αὐτὸν
2371 2846 2591 2916 ἔχοντας
2612 2849 2721 2902 τῶν
2747 2849 2841 2902 τοῦ
2873 2851 3107 2920 στρατοῦ
3140 2852 3425 2922 ἡγεμόνων
3450 2854 3600 2921 μετὰ

2010 2941 2121 2992 τῶν
2182 2939 2275 2992 ὐπ’
2312 2940 2513 3003 αὐτοὺς
2573 2939 2661 2994 διὰ
2727 2943 3072 3011 γραμμάτων
3139 2942 3587 3010 μετεκαλέσατοο

2012 3035 2114 3086 καὶ
2163 3033 2228 3102 δὴ
2261 3033 2574 3103 κινηθέντες
2609 3035 2848 3098 ἅπαντες
2901 3035 3038 3106 προς
3069 3034 3168 3106 τὴν
3219 3037 3587 3106 μεγαλόπολιν

2010 3122 2330 3194 ἠπείγοντο.
2374 3124 2463 3176 Ἐν
2492 3125 2736 3194 τοσούτῳ
2771 3126 2830 3178 δέ
2877 3125 3138 3180 εἰσελθών
3173 3146 3257 3191 τις
3288 3127 3350 3192 ἐξ
3379 3128 3588 3199 ὑπεθή-

2015 3232 2117 3285 κης
2140 3215 2368 3288 θατέρου
2393 3219 2502 3269 τῶν
2527 3217 2570 3249 ⁶¹
2592 3217 2795 3270 δούλων
2837 3217 2931 3270 τοῦ
2959 3218 3257 3288 λεγομένου
3285 3220 3514 3290 Βούριλα
3543 3223 3599 3252 ⁸⁸

2023 3307 2293 3380 [Βορίλου]
2330 3309 2492 3378 ἤρετο
2521 3308 2613 3362 τὸν
2652 3309 2880 3378 βασιλέα
2913 3311 2963 3364 εί
2995 3303 3138 3364 κατὰ
3162 3311 3388 3383 γνώμην
3421 3313 3592 3366 αὐτοῦ

2013 3401 2114 3465 τὰς
2169 3402 2437 3471 δυνάμεις
2487 3402 2760 3465 ἁπάσαςό
2794 3404 2967 3471 μέγας
2991 3403 3315 3473 δομέστικος
3363 3407 3443 3468 είς
3491 3406 3598 3476 τὴν

2019 3491 2415 3562 βασιλεύουσαν
2463 3491 2617 3545 πόλιν
2657 3493 2892 3560 εἰσάγει.
2935 3491 2994 3545 '0
3033 3493 3076 3547 δ’
3128 3494 3290 3557 εὐθὺς
3341 3511 3591 3564 μετακα-

2015 3584 2314 3652 λεσάμενος
2339 3582 2529 3637 τοῦτον
2557 3583 2744 3654 ὴρὼτα
2801 3586 2850 3636 εί
2877 3583 3077 3654 ἀληθές
3117 3588 3232 3639 ἐστι
3264 3586 3322 3638 τ’)
3350 3585 3592 3654 λεγόμεε

2016 3693 2127 3732 νον.
2157 3676 2266 3729 Καὶ
2289 3675 2346 3738 ὃς
2378 3677 2578 3729 αὐτίκα
2605 3675 2764 3731 τοῦτο
2793 3676 2892 3746 μέν
2913 3678 3013 3730 οὐκ
3041 3677 3278 3748 ἠρνεῖτο,
3309 3680 3392 3732 ὅτι
3423 3696 3594 3747 στρα-

2025 3773 2118 3826 τιά
2147 3789 2233 3832 τις
2261 3771 2544 3838 εἰσάγεται
2585 3772 2651 3840 τῇ
2696 3769 2908 3823 ἐκείνου
2955 3770 3225 3834 κελεύσει,
3255 3770 3391 3841 πρὸς
3433 3770 3490 3823 δὲ
3530 3771 3597 3823 τὸ

2020 3865 2205 3918 πᾶσαν
2251 3861 2627 3932 ἁπανταχόθεν
2672 3861 2923 3915 ἐνταυθοῖ
2978 3862 3450 3931 συναθροίζεσθαι,
3499 3879 3598 3917 me

2019 3957 2196 4021 θανῶς
2253 3955 2652 4028 παρεκρούετο.
2724 3955 2782 4006 Ὀ
2815 3955 2923 4025 γάρ
2999 3973 3080 4009 τοι
3137 3955 3387 4026 στρατὸς,
3440 3957 3598 4025 φησι,

2017 4049 2424 4120 διεσπαρμένος
2457 4046 2532 4100 ὢν
2564 4046 2965 4115 ἁπανταχόθεν,
3007 4047 3166 4111 ἄλλος
3210 4047 3434 4100 ἄλλοθεν
3466 4048 3594 4118 ἥκει

2016 4141 2197 4195 λαϐὼν
2229 4143 2291 4195 τὸ
2320 4143 2620 4213 ἐνδόσιμον.
2659 4143 2766 4196 Καὶ
2788 4145 2836 4196 οί
2870 4141 3094 4204 τούτους
3122 4140 3355 4211 ὁρῶντες
3385 4143 3448 4194 ἐκ
3479 4141 3599 4194 δια-

2020 4233 2205 4302 φόρων
2231 4233 2416 4303 μερῶν
2446 4234 2544 4303 τῆς
2576 4233 2685 4287 τῶν
2720 4232 3009 4305 Ῥωμαίων
3038 4233 3339 4303 ἡγεμονίας
3365 4231 3600 4302 ἀθρόους

2021 4323 2457 4393 ἀφικνουμένους
2555 4325 2868 4392 νομίζουσιν
2930 4326 3006 4387 ὡς
3065 4323 3174 4377 ἀπὸ
3250 4323 3600 4392 συνθήματος

2022 4419 2200 4474 πάντα
2229 4420 2324 4475 τὸν
2354 4420 2584 4492 στρατὸν
2612 4419 2868 4473 ἐνταυθοῖ
2897 4416 3371 4491 συναθροίζεσθαι,
3405 4422 3469 4489 τῇ
3496 4419 3600 4490 θέᾳ

2017 4512 2110 4567 καὶ
2140 4511 2276 4584 μόνῃ
2294 4511 2718 4583 ἐξαπατώμενοι.
2751 4512 2942 4566 Καίτοι
2974 4511 3018 4544 ⁸⁸
3046 4512 3140 4565 τοῦ
3171 4510 3394 4582 Βορίλου
3425 4513 3600 4568 πολλὰ

2015 4603 2151 4676 πρὸς
2181 4603 2403 4668 τούτους
2443 4606 2566 4667 τούς
2604 4605 2794 4672 λόγους
2825 4603 3312 4671 ἀντεπενεγκόντος
3338 4603 3403 4668 ⁸⁸,
3443 4605 3598 4673 ισχυ-

2020 4697 2238 4767 ρότερος
2269 4698 2364 4749 καὶ
2395 4694 2565 4757 οὕτως
2590 4691 2657 4766 ἦν
2686 4696 2714 4748 ὁ
2756 4695 3016 4761 Ἀλέξιος,
3081 4695 3176 4746 καὶ
3197 4693 3346 4758 ὅλαις
3369 4695 3599 4764 ἐκράτει

2017 4790 2245 4860 ψήφοις.
2303 4790 2364 4842 '0
2413 4789 2472 4842 δέ
2518 4786 2802 4858 Γερμανὸς
2851 4785 3221 4857 ἁπλούστερος
3247 4786 3322 4839 ὢν
3357 4788 3416 4839 οὐ
3449 4787 3596 4840 πάνυ

2017 4884 2112 4939 τοῦ
2149 4881 2386 4947 Ἀλεξίου
2419 4880 2774 4951 κατέτρεχεν.
2831 4881 2985 4933 Ἐπεὶ
3017 4880 3077 4934 δέ
3109 4881 3231 4934 οὐδὲ
3265 4879 3331 4933 τὰ
3364 4883 3597 4950 εἰσηγη-

2019 4978 2183 5032 θέντα
2209 4975 2382 5030 ταῦτα
2411 4973 2551 5028 κατὰ
2565 4972 2659 5025 τοῦ
2687 4972 3009 5042 δομεστίκου
3028 4974 3073 5006 ⁸⁸
3098 4973 3194 5043 τὴν
3209 4973 3301 5027 τοῦ
3330 4972 3598 5043 βασιλέως

2019 5069 2312 5142 ἐξετάραξε
2363 5067 2581 5137 ψυχὴν,
2645 5065 2839 5132 καιροῦ
2890 5065 3181 5135 λαόόμενοι
3237 5066 3333 5118 καὶ
3409 5064 3596 5128 ἀδείας

2021 5164 2254 5235 (ἑσπέρα
2306 5160 2365 5214 δὲ
2415 5156 2527 5231 ἦν),
2577 5157 2676 5232 τὴν
2700 5160 2840 5212 κατὰ
2883 5159 2992 5212 τῶν
3025 5157 3326 5228 Κομνηνῶν
3373 5157 3597 5227 ἐνέδραν

2022 5257 2304 5326 ἐξήρτυον.
2370 5253 2528 5306 Ἐστι
2563 5253 2660 5322 μὲν
2690 5251 2800 5321 γὰρ
2833 5251 2905 5321 (9)
2934 5251 3106 5312 ἄλλως
3129 5247 3288 5318 φύσει
3321 5248 3380 5301 τὸ
3408 5247 3598 5301 δοῦλον

1394 5351 1602 5412 Variae
1635 5351 1940 5415 lectiones
1977 5371 2054 5414 ex
2084 5351 2224 5414 cod.
2257 5346 2540 5410 Coislin.

416 5446 460 5479 '°
483 5445 644 5504 Det'st
671 5464 770 5504 vox
801 5448 1064 5513 Κυζίκου.
1099 5451 1143 5482 ⁶¹
1173 5449 1270 5507 ῶν.
1305 5451 1349 5484 ⁸³
1381 5452 1603 5522 Βορίλα.
1637 5455 1682 5487 ⁸³
1713 5457 1829 5509 καί.
1859 5456 1904 5489 ⁸³

2012 5455 2456 5522 θυπενεγκόντος.
2492 5450 2539 5482 ⁸⁸
2567 5449 2771 5506 Desunt
2793 5462 2951 5504 voces
2968 5447 3110 5501 κατά
3131 5447 3225 5501 τοῦ
3247 5443 3594 5516 δομεστικοῦ.

1402 5547 1542 5608 Car.
1580 5548 1906 5610 Dufresnii
1956 5550 2050 5610 Du
2078 5545 2304 5625 Cangii
2343 5552 2534 5606 notae.

421 5643 581 5713 245
617 5645 692 5714 (9)
719 5646 894 5716 Ἔστι
919 5645 1034 5714 μὲν
1055 5644 1185 5714 γάρ.
1209 5645 1549 5716 Theophilus
1571 5648 1926 5712 Antecessor,

347 5714 445 5788 ιιι»,
470 5728 514 5788 _t.
546 5718 632 5768 tit.
659 5715 775 5788 8._§
799 5715 834 5769 2
871 5733 885 5770 ι
922 5717 1087 5788 Φύσει
1108 5714 1477 5788 γὰρὸ-δοῦλος
1511 5717 1606 5770 τοῦ
1644 5719 1909 5771 δεσπότου

353 5782 630 5849 πολέμιος.
695 5782 907 5842 Tritum
967 5782 1130 5856 illud.
1179 5782 1346 5846 Nulla
1403 5789 1560 5844 vestis
1623 5787 1913 5860 efficacior,

2033 5663 2188 5714 quam
2253 5646 2546 5714 familiaris
2597 5642 2864 5696 inimicus.
2915 5639 3064 5694 Will.
3104 5638 3289 5706 Brito,
3327 5639 3423 5694 lib.
3469 5656 3593 5709 vtlt,

2025 5715 2259 5854 ΜΞζέςὲιῖ
2292 5756 2433 5841 enim
2467 5783 2647 5855 quavis
2675 5793 2748 5838 et!
2778 5794 2918 5852 pem
2949 5780 3263 5839 domesticus
3291 5783 3476 5848 hostis,
3543 5801 3545 5804 ⁴
