3946 6206
238 334 348 399 201

1470 337 1885 397 ALEXlADlS
1924 339 2072 404 LIB.
2108 338 2197 399 ΙΙ.

3382 348 3490 408 202

236 444 545 517 τηνικαῦτα
575 444 934 517 ἐλευθερῶται
979 448 1188 518 ποινῆς.
1235 452 1296 503 Ci
1336 450 1440 523 γὰρ
1473 452 1641 503 πάλαι
1674 453 1808 522 βασι·

1930 461 2346 508 consueverant.
2393 453 2593 509 Verum
2635 455 2757 525 ejus
2805 457 2986 526 templi
3020 465 3206 514 custos
3237 475 3343 516 non
3375 476 3492 518 sta-

235 541 354 602 λεῖς
377 557 437 591 τε
477 541 572 591 καὶ
602 539 882 610 Καίσαρες
915 541 1119 610 πολλῆς
1164 545 1504 616 προμηθείας
1545 545 1731 614 ἠξίουν
1760 547 1820 598 τὸ

238 632 510 702 ὑπήκοον.
556 631 615 683 '0
643 630 699 682 δέ
727 647 790 699 γε
825 633 884 683 ἐν
916 631 993 701 τῷ
1033 634 1262 705 τοιούτῳ
1312 636 1529 704 τεμένει
1575 639 1821 706 προσμέ-

233 740 348 775 νων
383 723 593 792 ταχέως
633 723 822 785 αὑταῖς
863 723 962 775 οὐκ
1011 725 1291 797 ἁπεζύγου
1351 728 1449 791 τὰς
1481 727 1669 800 θύρας,
1703 728 1818 780 ἀλλ’

235 813 597 880 ἐπυνθάνετο,
626 812 772 878 τίνες
815 814 908 867 καὶ
947 815 1068 867 ὅθεν
1100 813 1230 873 εἷεν.
1265 813 1360 881 Εἷς
1390 820 1445 872 δέ
1476 838 1556 882 τις
1590 821 1698 872 τῶν
1726 821 1820 873 σὺν

232 906 458 970 αὐταῖς,
489 905 774 971 Γυναῖκες,
807 910 971 979 φησὶν
991 950 1006 974 ,
1049 911 1108 976 ἐξ
1135 911 1456 966 ’Λνατολῶν.
1480 913 1557 964 Τὰ
1596 912 1651 964 δὲ
1684 912 1818 983 πρὸς

233 998 436 1067 χρείαν
459 999 675 1051 ἅπαντα
696 999 1100 1070 δαπανήσασαι,
1130 1002 1633 1073 ὲπισπεύδουσιιτὴν
1649 1020 1817 1073 προσ-

233 1088 471 1160 κύνησιν
519 1088 702 1142 οἴκαδε
745 1091 1025 1144 ἐθέλουσαι
1090 1093 1426 1147 ἐπανελθεῖν.
1472 1095 1531 1146 ὐ
1570 1095 1614 1146 δ’
1652 1095 1816 1160 εὐθὺς

230 1181 604 1248 ἀποζυγώσας
629 1183 727 1245 τὰς
763 1182 936 1253 θύρας
965 1190 1290 1257 παραχωρεί
1324 1187 1510 1251 αὐταῖς
1541 1192 1640 1260 τῆς
1667 1189 1813 1240 εἰσό-

226 1273 352 1325 δου.
383 1272 462 1342 Τῇ
490 1272 534 1327 δ’
558 1273 826 1343 ἐπαύριον
861 1276 1224 1347 ἐκκλησιάσας
1257 1281 1284 1332 ὁ
1324 1281 1680 1353 αὐτοκράτωρ
1717 1283 1815 1352 τὴν

228 1360 567 1432 σύγκλητον,
595 1364 784 1434 ἐπειδὴ
808 1366 874 1418 τὰ
900 1369 1039 1420 κατὰ
1062 1370 1188 1431 τοὺς
1217 1368 1416 1440 ἄνδρας
1447 1372 1811 1442 ἐμεμαθήκει,

221 1456 300 1506 τὰ
333 1456 526 1508 εἰκότα
571 1457 709 1527 πρὸς
752 1459 976 1522 τούτους
1013 1461 1421 1531 ἐδημηγόρησε,
1461 1464 1812 1534 καταδρομὴν

220 1547 325 1599 τοῦ
354 1546 685 1616 δομεστίκου
712 1549 1055 1619 ποιούμενος.
1088 1551 1395 1621 Ἐκπέμπει
1426 1554 1480 1605 δὲ
1506 1555 1812 1616 τηνικαῦτα

222 1641 374 1710 πρὸς
423 1641 839 1707 τὰςιγυναῖκας
873 1641 963 1694 τόν
1001 1659 1059 1695 τε
1102 1643 1438 1714 καλούμενον
1489 1646 1814 1717 Στραὸορω-

223 1735 407 1802 μανον
439 1731 552 1803 (2‘2)
582 1733 674 1786 καί
729 1751 852 1785 τινα
887 1733 1235 1804 Εὐφημιανδν
1269 1736 1366 1807 τὴν
1395 1737 1606 1808 κλῆσιν,
1643 1757 1809 1808 μετα-

1927 545 2020 597 tim
2058 545 2190 614 ipsis
2225 547 2406 599 valvas
2438 547 2670 615 aperuit,
2705 547 2797 602 sed
2831 551 3276 617 percontabatur,
3315 555 3408 622 qui
3439 568 3490 611 et

1925 634 2198 688 uudenam
2237 636 2464 690 essent?
2496 637 2595 689 Hic
2644 636 2841 705 aliquis
2871 652 2934 690 ex
2975 639 3258 706 comitatu,
3297 642 3492 699 Mulie-

1924 741 2031 790 res,
2067 726 2261 794 inquit,
2291 741 2354 778 ex
2386 728 2514 779 Asia
2545 741 2663 795 quze
2703 738 3027 796 consumpto
3065 729 3262 784 viatico
3291 732 3492 785 adora-

1922 818 2068 872 tione
2097 818 2314 888 defungi
2345 818 2623 882 festinant,
2661 826 2718 871 ut
2748 836 2807 873 se
2831 821 3234 889 quamprimum
3272 826 3488 878 inviam

1923 909 2048 962 dent
2079 909 2144 962 ad
2182 910 2372 963 domos
2413 910 2754 977 repetendas.
2788 909 2906 976 Quo
2942 914 3129 967 audito
3183 915 3313 968 nihil
3352 932 3492 969 eun-

1920 1009 2102 1053 elatus
2134 1001 2366 1053 indituus
2397 1001 2580 1067 templi
2613 1000 2760 1055 fores
2787 1003 2920 1071 ipsis
2955 1006 3191 1072 aperuit.
3220 1005 3491 1062 Postridie

1920 1100 2220 1142 convocato
2255 1091 2551 1158 imperator
2601 1102 2816 1162 senatu;
2847 1103 2969 1161 post
3009 1097 3279 1164 cognitam
3334 1097 3493 1151 Com-

1919 1197 2184 1235 nenorutn
2228 1182 2432 1252 fugam,
2467 1183 2772 1238 orationem
2803 1186 2990 1239 habuit
3028 1188 3082 1240 in
3113 1204 3231 1241 eam
3259 1199 3488 1243 senten-

1919 1273 2046 1325 tiam
2073 1274 2498 1344 quanrquisque
2518 1276 2782 1343 suspicari
2804 1276 2960 1331 facile
2982 1288 3176 1346 potest,
3206 1282 3488 1334 vehemen-

1918 1373 2000 1416 ter
2050 1365 2104 1417 in
2156 1381 2410 1434 magnum
2468 1367 2831 1421 doniesticutn
2895 1368 3181 1424 invehens.
3232 1372 3369 1426 Tum
3417 1375 3485 1428 ad

1919 1465 2202 1512 matronas
2286 1459 2434 1512 misit
2499 1459 2789 1527 quemdam
2863 1459 3354 1517 Straboromanum
3433 1478 3488 1518 et

1915 1548 2079 1600 alium
2117 1547 2550 1616 Euphemianum
2589 1550 2806 1604 nomine
2856 1555 2946 1621 qui
2997 1569 3088 1608 eas
3113 1553 3181 1607 ad
3226 1557 3486 1623 palatium

1914 1636 2160 1693 duceret.
2213 1640 2293 1694 Ad
2347 1655 2484 1708 quos
2522 1641 2844 1702 Dalassena.
2901 1643 3237 1708 Renuntiate,
3287 1649 3485 1716 inquit,

1915 1730 2271 1797 imperatori,
2333 1732 2472 1800 ﬁlios
2520 1749 2660 1786 meos
2709 1734 2968 1802 ﬁdelitate
3034 1746 3189 1806 atque
3246 1742 3488 1808 obsequio

218 1827 569 1896 καλούμενος
601 1825 770 1890 αὐτὰς
799 1828 876 1890 εἰς
903 1827 970 1880 τὰ
998 1827 1266 1898 βασίλεια.
1310 1831 1375 1883 'll
1403 1830 1458 1883 δὲ
1491 1832 1808 1902 Δαλασσηνὴ

1917 1839 2040 1891 erga
2080 1824 2408 1890 mujestatem
2449 1825 2562 1891 ejus
2596 1827 2790 1878 nemini
2835 1828 3146 1891 concedere,
3175 1831 3329 1898 idque
3358 1836 3488 1885 adeo

220 1919 371 1988 πρὸς
422 1918 646 1981 αὐτοὺς,
696 1919 939 1983 Ετπατε,
977 1920 1130 1988 φησὶ,
1182 1923 1334 1989 πρὸς
1381 1923 1488 1976 τὸν
1521 1924 1811 1992 αὐτοκρά-

215 2026 396 2076 τορα,
427 2012 492 2062 Ol
541 2009 751 2076 παῖδες
794 2012 846 2063 ol
888 2010 1018 2079 ἐμοὶ
1060 2011 1273 2066 δοῦλοί
1307 2016 1427 2068 εἱσι
1465 2014 1666 2068 πιστοὶ
1701 2014 1813 2082 τῆς

215 2101 348 2170 σῆς
374 2103 728 2167 βασιλείας,
757 2103 854 2155 καὶ
880 2105 1194 2171 προθύμως
1218 2105 1732 2176 ἐξυπηρετοῦντες
1761 2109 1808 2141 ³³

213 2193 381 2260 αὐτῇ
413 2193 486 2245 ἐν
514 2192 728 2258 πᾶσιν,
758 2193 869 2244 οὐκ
909 2192 1236 2262 ἐφείσαντο
1263 2194 1402 2247 οὔτε
1430 2192 1647 2262 ψυχῶν
1671 2194 1812 2249 οὔτε

213 2283 524 2352 σωμάτων
573 2282 667 2336 ἀεὶ
716 2283 1291 2351 προκινδυνεύοντες
1340 2284 1609 2352 ἐκθύμως
1657 2285 1811 2354 ὺπέρ

214 2377 334 2430 τοῦ
378 2375 502 2429 σοῦ
534 2375 815 2444 κράτους.
849 2375 914 2428 Ὀ
947 2375 1016 2428 δὲ
1060 2377 1188 2429 κατ’
1216 2374 1416 2430 αὐτῶν
1453 2377 1699 2444 φθόνος,
1720 2377 1808 2445 μὴ

212 2467 427 2535 φέρων
462 2466 587 2534 τὴν
607 2469 690 2529 εἰς
716 2467 938 2533 αὐτοὺς
957 2467 1202 2522 εὔνοιάν
1224 2485 1288 2522 τε
1323 2470 1420 2522 καὶ
1446 2469 1811 2538 κηδεμονίαν

210 2558 328 2627 τῆς
359 2556 486 2624 σῆς
510 2558 860 2624 βασιλείας,
887 2559 1081 2630 μέγαν
1103 2561 1210 2614 τὸν
1240 2560 1530 2614 κίνδυνον
1554 2563 1685 2615 κατ’
1700 2563 1808 2616 αὺ-

211 2651 337 2705 τῶν
359 2650 496 2704 καθ’
522 2649 683 2718 ὤραν
713 2651 1029 2720 ἑξήρτυεν.
1063 2654 1162 2718 Ὠς
1187 2652 1263 2721 δὴ
1297 2655 1392 2707 καὶ
1416 2653 1558 2720 τοὺς
1588 2655 1811 2724 ὀφθαλ-

206 2745 368 2814 μοὺς
395 2743 603 2797 αὐτῶν
621 2744 964 2810 ἐξορύττειν
982 2743 1381 2813 ἐμελέτησαν,
1405 2746 1582 2800 τοῦτο
1603 2747 1807 2801 αἰσθό-

207 2855 388 2905 μενοι
423 2836 526 2890 και
555 2835 644 2906 μὴ
683 2836 972 2906 φέροντες
1000 2836 1110 2890 τὸν
1136 2837 1414 2892 τοιοῦτον
1440 2837 1652 2892 ἄδικον
1683 2841 1808 2893 κίν-

209 2928 430 2993 δυνον,
459 2929 578 2995 οὐχ
625 2928 706 2990 ὡς
747 2928 1085 2983 ἀποστάται
1120 2927 1389 2997 ἐξῆλθον
1417 2928 1526 2999 τῆς
1551 2932 1805 2998 πόλεως,

208 3020 353 3073 ἀλλ’
396 3019 481 3082 ὡς
521 3017 733 3073 δοῦλοι
771 3019 999 3086 πιστοὶ,
1041 3018 1164 3089 ἅμα
1199 3020 1319 3089 μὲν
1359 3024 1467 3075 τὸν
1510 3025 1808 3093 ὑπόγυιον

209 3110 781 3176 ἀποδιδράσκοντες
817 3112 1127 3179 κίνδυνον,
1163 3111 1284 3182 ἅμα
1318 3112 1388 3166 δὲ
1422 3115 1497 3168 τὰ
1538 3116 1667 3170 κατ’
1697 3118 1801 3171 αὐ-

209 3201 334 3254 τῶν
357 3202 754 3270 μελετώμενα
775 3204 842 3256 τὸ
866 3203 1084 3271 κράτος
1105 3221 1222 3258 σου
1243 3206 1718 3274 ἁναδιόάξαντες
1734 3209 1801 3273 ³ο,

208 3295 311 3347 καὶ
349 3293 475 3362 τὴν
521 3293 642 3348 ἀπὸ
672 3293 782 3362 τῆς
818 3294 938 3363 σῆς
976 3296 1304 3362 βασιλείας
1350 3298 1803 3371 ἐξαιτησόμενοι

204 3387 532 3454 βοήθειαν.
565 3386 630 3439 Ol
670 3386 724 3439 δὲ
771 3387 1053 3441 ἐπέκειντο
1096 3388 1300 3459 σφόδρα
1333 3393 1805 3464 μετακαλούμενοι

205 3479 447 3547 ταύτην.
493 3478 958 3548 ’Δγανακτήσασα
1003 3480 1060 3534 δὲ
1094 3483 1127 3550 ἡ
1171 3484 1307 3554 γυνὴ
1351 3484 1485 3553 φησὶ
1526 3483 1661 3553 πρὸς
1705 3485 1805 3536 αὺ-

206 3565 367 3626 τού,·
405 3565 894 3632 Παραχωρήσατέ
929 3585 1034 3636 μοι
1071 3571 1158 3635 εὶς
1189 3571 1305 3639 τὴν
1344 3571 1452 3626 τοῦ
1507 3575 1656 3627 Θεοῦ
1710 3575 1808 3628 ἐκ·

207 3659 494 3725 κλησίαν
543 3660 845 3712 εἰσελθεῖν
891 3663 1341 3732 προσκυνῆσαι.
1390 3667 1654 3722 Ἀτοπον
1695 3667 1806 3736 γάρ

205 3750 393 3805 ἐστιν
420 3754 512 3816 εις
545 3752 688 3818 τοὺς
733 3751 1052 3818 πυλεῶνας
1103 3756 1294 3826 αὐτῆς
1331 3757 1678 3826 φθάσασαν,
1718 3763 1805 3830 μὴ

204 3846 525 3901 εἰσελθεῖν
553 3847 653 3916 καὶ
688 3846 950 3915 μεσίτιδι
975 3846 1050 3915 τῇ
1079 3851 1480 3918 παναχρὰντῳ
1504 3855 1804 3922 Δεσποίνῃ

207 3938 312 3991 zeal
377 3936 706 4005 Θεομήτορι
745 3938 1092 4005 χρήσασθαι
1131 3940 1220 4005 εἷς
1258 3957 1324 3994 τε
1367 3943 1478 3995 τὸν
1521 3943 1670 3996 Θεὸν
1706 3944 1806 3997 καὶ

206 4029 333 4096 τὴν
369 4028 479 4082 τοῦ
504 4028 816 4092 ,Βασιλέως
847 4029 1078 4098 ψυχήν.
1125 4029 1237 4101 Τὴν
1275 4029 1493 4100 εὔλογον
1528 4029 1622 4088 οὖν
1654 4036 1810 4103 αἴτη-

211 4139 303 4174 σιν
354 4122 460 4190 τῆς
517 4121 778 4188 γυναικὸς
817 4123 1156 4186 αἰδεσθέντες
1203 4125 1249 4177 οἱ
1298 4124 1580 4195 πρέσϐεις,
1628 4144 1807 4198 παρα-

206 4215 497 4284 χωροῦσιν
529 4215 665 4284 αύτῇ
698 4214 801 4284 τῆς
835 4215 1065 4269 εἰσόδου.
1113 4215 1177 4268 ἹΙ
1211 4216 1265 4269 δὲ
1299 4217 1489 4287 βραδεῖ
1516 4218 1639 4271 ποδὶ
1666 4220 1809 4272 στεί-

209 4324 394 4375 χουσα
418 4307 496 4368 ὼς
529 4301 640 4358 οἷον
681 4306 789 4359 ἀπὸ
815 4309 914 4378 τῆς
939 4307 1118 4377 λύπης
1141 4310 1234 4360 καὶ
1259 4309 1353 4361 τοῦ
1385 4311 1569 4380 γήρως
1595 4328 1808 4382 κεκμηο

208 4401 371 4462 κυία,
407 4398 612 4466 μᾶλλον
661 4396 720 4450 δὲ
768 4398 865 4449 καὶ
901 4397 993 4451 τὸν
1027 4401 1346 4468 κεκμηκύτα
1375 4400 1804 4474 ύποκρινομένη,

1914 1916 2046 1967 satis
2103 1924 2320 1968 testatos
2370 1916 2621 1983 periculis
2677 1916 3048 1987 laboribusque
3092 1922 3340 1976 maximis
3391 1941 3486 1991 pro

1914 2003 2018 2073 53
2049 2021 2110 2058 ea
2138 2005 2484 2060 libentissime
2501 2007 2784 2062 adeundis.
2810 2008 2878 2060 At
2898 2010 3128 2075 ipsorum
3149 2012 3316 2065 invidi
3341 2023 3487 2066 tuam

1911 2096 2092 2167 inﬁeos
2141 2097 2552 2152 benevolentiam
2588 2115 2693 2152 non
2735 2098 3002 2167 ferentes,
3065 2103 3272 2156 nullum
3328 2105 3487 2173 ﬁnem

1913 2187 2150 2254 fecerunt
2183 2190 2503 2242 insidiarum
2525 2190 2651 2256 ipsis
2676 2192 3072 2257 struendarum,
3097 2205 3301 2248 statuta
3324 2198 3486 2250 etiam

1909 2289 1960 2335 et
2013 2290 2210 2348 parata
2258 2284 2608 2336 exctecatione
2638 2283 2896 2350 ipsorum.
2952 2285 3129 2353 llujns
3175 2296 3316 2340 metu
3359 2294 3489 2343 mali

1910 2374 2048 2441 quod
2081 2391 2136 2427 se
2161 2374 2306 2427 nullo
2336 2374 2617 2442 malefacta
2642 2378 2894 2431 meruisse
2920 2378 3179 2444 prteclare
3207 2379 3308 2432 sibi
3335 2392 3489 2434 erant

1910 2465 2125 2530 conscii,
2167 2467 2293 2520 urbe
2346 2468 2690 2536 profugerunt
2746 2468 2816 2519 ad
2845 2471 3197 2522 necessariam
3253 2473 3491 2525 declina~

1913 2558 2107 2611 tionem
2136 2560 2358 2627 periculi
2378 2563 2680 2627 pra’sentis,
2725 2577 2828 2616 non
2860 2564 2929 2614 ad
2961 2563 3130 2616 ullum
3176 2564 3487 2632 defectionis

1911 2649 2211 2704 consilium.
2235 2649 2484 2704 Perstant
2505 2653 2643 2704 enim
2669 2667 2806 2704 nunc
2833 2654 3060 2706 maxime
3082 2656 3138 2706 in
3158 2655 3302 2723 ﬁde;
3329 2655 3458 2710 nihil
3476 2687 3488 2695 -

1909 2757 2007 2811 que
2035 2751 2237 2810 spectat
2276 2742 2425 2795 aliud
2470 2743 2694 2796 secessio
2734 2743 2974 2805 illorum,
3012 2746 3116 2797 nisi
3169 2748 3482 2814 utspatium

1910 2835 2102 2889 habere
2129 2837 2328 2904 possint
2373 2835 2775 2888 demonstrandi
2814 2835 2909 2889 tibi
2935 2846 3169 2906 gquanta
3205 2839 3490 2907 iniquitate

1910 2931 2278 2998 opprimantur
2318 2945 2348 2981 a
2379 2927 2880 2982 circumventoribus
2911 2930 3340 2997 improbissimis,
3381 2933 3456 2985 in:

1908 3020 2258 3090 plorandique
2296 3019 2559 3072 auxilium
2584 3030 2734 3072 tuum
2790 3021 3044 3074 adversus
3098 3023 3350 3090 infestam
3394 3037 3489 3090 po-

1913 3112 2130 3165 tentiam
2165 3111 2406 3164 illorum.
2451 3108 2574 3162 llaec
2603 3125 2725 3163 cum
2761 3110 2854 3162 illa
2905 3111 3156 3174 dixisset,
3195 3113 3486 3166 nihilomi-

1911 3219 2016 3257 nus
2072 3204 2511 3272 perSechabant
2545 3217 2684 3271 quos
2733 3203 3031 3272 imperator
3083 3207 3310 3261 miserat
3342 3208 3394 3262 in
3422 3225 3488 3263 ea

1908 3297 2206 3356 evocanda,
2255 3310 2322 3348 eo
2357 3294 2758 3358 incumbentes,
2805 3304 2864 3347 ut
2901 3312 3229 3366 quacunque
3268 3299 3485 3354 demum

1909 3388 2125 3443 ratione
2159 3389 2305 3441 illam
2331 3387 2688 3441 adducerent.
2721 3389 2876 3452 Quod
2901 3389 2994 3442 illa
3021 3393 3252 3444 moleste
3280 3391 3486 3454 ferens,

1908 3480 2080 3537 Sinite
2123 3498 2225 3547 me,
2265 3482 2467 3551 inquit,
2500 3482 2648 3549 prius
2683 3483 2737 3534 in
2775 3498 3021 3550 magnam
3077 3483 3171 3535 Dei
3206 3483 3484 3538 ecclesiam

1907 3573 2202 3644 ingressam
2252 3574 2326 3626 ibi
2380 3571 2625 3627 adorare.
2700 3570 2827 3626 Non
2866 3565 3017 3627 enim
3082 3584 3486 3627 consentaneum

1907 3666 2094 3735 fuerit,
2129 3676 2401 3736 postquam
2430 3665 2498 3719 ad
2548 3676 2728 3734 portas
2774 3666 3021 3731 venerim,
3062 3668 3297 3719 recedere
3339 3676 3486 3719 antc-

1906 3776 2065 3827 quam
2096 3761 2336 3828 ingressa
2376 3757 2709 3810 adoravcrim
2758 3757 3159 3808 immaculatum
3198 3755 3484 3826 Dominam

1911 3851 2007 3905 Dei
2052 3849 2302 3913 Matrem,
2339 3851 2610 3917 ipsamque
2643 3847 3001 3899 mediatricem
3053 3846 3380 3900 adhibuerim
3413 3849 3482 3900 ad

1909 3943 2036 3996 mihi
2111 3941 2506 3995 conciliandam
2571 3940 2668 3994 Dei
2717 3949 2767 3992 et
2830 3941 3166 4008 imperatoris
3228 3942 3481 4012 gratiam.

1907 4034 2150 4105 Aiqunrn
2196 4034 2454 4104 piumque
2502 4033 2780 4103 postulare
2827 4032 2957 4087 visat
2997 4043 3360 4088 assenserunt
3399 4035 3486 4087 le-

1909 4131 2040 4200 gati.
2072 4131 2212 4198 Ergo
2239 4128 2330 4182 illa
2361 4127 2523 4181 tardo
2551 4135 2605 4180 et
2631 4125 2796 4180 debili
2825 4139 3111 4194 progressa
3139 4134 3313 4190 motu,
3351 4140 3487 4193 qua~

1910 4222 2007 4276 sia
2051 4220 2319 4274 malorum
2367 4216 2716 4286 praesentium
2753 4231 2917 4270 sensu
2961 4215 3248 4284 languens,
3284 4225 3380 4268 aut
3413 4217 3482 4268 ah

1910 4322 2072 4369 aetate
2115 4308 2389 4364 imbecilla
2417 4308 2434 4378 (
2466 4321 2632 4376 porro
2670 4307 2743 4359 ita
2791 4321 2898 4360 non
2939 4304 3204 4371 habebat,
3241 4307 3334 4359 sed
3365 4315 3484 4360 arte

1909 4403 2272 4460 simulabatur
2304 4401 2598 4455 inﬁrmitas
2623 4399 2664 4469 ),
2699 4415 2820 4453 cum
2862 4399 2927 4452 ad
2953 4398 3131 4468 ipsum
3170 4400 3479 4467 ingressum

209 4491 350 4559 περί
373 4507 434 4541 τε
461 4489 608 4542 αύτά
640 4506 743 4542 που
772 4489 840 4541 τὰ
869 4488 1075 4542 εἰσόδια
1100 4488 1198 4541 τοῦ
1232 4489 1382 4562 ἱεροῦ
1415 4492 1662 4564 βήματος
1692 4495 1805 4564 (2⁸5)

1913 4494 2058 4548 sacri
2087 4492 2327 4545 Bematis
2353 4491 2734 4559 processisset,
2768 4488 3243 4559 genuﬂexionibns
3266 4487 3484 4542 duabus

1298 4586 1496 4648 Variae
1520 4588 1828 4651 lectiones
1869 4607 1946 4651 ex
1991 4585 2136 4650 cod.
2167 4585 2427 4647 Coislin.

321 4687 342 4717 ⁸
367 4685 832 4756 ἐξυπηρετοῦντε.
925 4686 972 4718 ⁹⁰
1005 4687 1438 4752 ἁναδιδάξοντες.

1328 4783 1466 4843 Car.
1505 4777 1643 4839 Dqu
1663 4775 1825 4838 esnii
1860 4776 1953 4836 Du
1987 4775 2207 4852 Cangii
2244 4783 2430 4834 notae.

299 4887 418 4951 (2'2)
449 4885 972 4952 Ση-αϐορωμάνον.
997 4886 1513 4944 Straboromauum,
1542 4884 1810 4952 dignitate

203 4958 485 5024 Magnum
523 4958 943 5009 lletzerinrcham
969 4996 984 5020 ,
1018 4955 1171 5023 quia
1223 4955 1509 5008 Botaniata
1560 4955 1626 5005 ad
1679 4953 1810 5004 Ale-

205 5045 382 5082 xtum
433 5028 640 5094 lt-gatus
673 5027 878 5080 missus
915 5037 1017 5088 est,
1058 5025 1332 5092 Pentapoli
1363 5065 1377 5088 ,
1411 5024 1657 5094 Phrygiae
1705 5037 1806 5090 op-

208 5100 384 5162 pido.
411 5093 727 5158 oriundum,
745 5109 798 5149 et
822 5095 1118 5148 Botaniatte
1138 5096 1604 5164 consanguineum
1635 5093 1804 5146 fuisse

205 5166 430 5221 scribit
471 5165 810 5234 Nic-ephorus
845 5165 1165 5234 liryenuius.
1222 5163 1478 5233 Ejusdem
1539 5173 1801 5234 praeterea

207 5238 566 5288 nteantiOnem
607 5233 878 5301 injiciunt
915 5233 1181 5304 Scylttzes
1232 5237 1283 5287 in
1315 5235 1577 5287 Michaele
1617 5233 1758 5285 Ducat
1786 5272 1802 5297 ,

203 5305 475 5358 Zonaras
501 5317 551 5358 et
585 5305 804 5374 Glycas.

297 5376 421 5440 (‘25)
460 5376 565 5427 Τοῦ
591 5370 750 5441 ἱεροῦ
778 5375 1076 5442 βήματος.
1114 5370 1412 5428 Distributa
1458 5382 1614 5427 erant
1659 5371 1800 5439 apud

208 5443 456 5514 (ἔκευθε
487 5455 683 5514 tempta
719 5446 771 5497 in
809 5455 919 5499 tres
964 5447 1308 5514 potissimum
1367 5455 1569 5514 partes.
1608 5442 1800 5514 l’rnna

203 5518 277 5564 τὸ
316 5513 469 5580 βῆμα
492 5554 505 5576 ,
555 5512 728 5568 altera
757 5518 880 5576 ναὸς
910 5553 925 5575 ,
959 5512 1115 5567 ιρι-ιω
1149 5512 1387 5584 denique
1418 5512 1628 5582 νάρθηξ
1655 5553 1669 5574 ,
1701 5527 1800 5564 seu

203 5585 409 5651 ferula
445 5587 842 5654 appellabatur.
879 5585 1038 5653 Βῆμα
1071 5589 1186 5660 erat
1211 5588 1629 5660 sacratiorwdts
1652 5597 1800 5660 pars,

204 5667 536 5708 sacrarium
575 5671 791 5722 nempe,
833 5664 884 5706 et
915 5668 1071 5723 adyta
1105 5656 1245 5722 ipsa,
1297 5659 1362 5710 ad
1411 5668 1572 5708 saera
1618 5656 1805 5706 munia

281 5767 376 5832 (ι)
395 5769 446 5819 ιιι
464 5772 589 5834 Reg.
615 5774 838 5824 Chartar.
862 5788 910 5835 p.
937 5775 984 5823 5.

544 5861 820 5924 PATBOL.
845 5864 962 5921 Gn.
995 5860 1278 5923 CXXXI.

1912 4882 2163 4932 olmttnda
2225 4881 2537 4945 assignato,
2585 4877 2712 4929 \elis
2766 4887 2818 4928 et
2873 4880 3132 4932 cancellis
3189 4895 3216 4930 a
3272 4878 3480 4946 reliqua

1911 4951 2100 5012 tt-tnpli
2129 4960 2280 5016 patte
2307 4954 2543 5001 seclusa.
2579 4948 2746 5008 Nube,
2779 4965 2870 4999 seu
2902 4951 3123 5014 chorus,
3161 4951 3319 5003 novis
3345 4966 3482 5002 ean-

1911 5022 2065 5072 cellts
2095 5023 2432 5080 obstructus,
2469 5017 2850 5072 sacerdotibus
2884 5018 3095 5072 (litinas
3143 5020 3331 5074 laudes
3383 5021 3482 5074 de-

1909 5090 2284 5148 οςιιιιιιιιιίὺυε,
2334 5088 2541 5156 νάρθηξ
2582 5102 2728 5160 ,κνεγο
2763 5087 2969 5140 Christi
3023 5091 3274 5144 tidelihus
3307 5131 3320 5153 ,
3381 5095 3476 5160 qui

1909 5161 2080 5213 sacris
2112 5161 2431 5229 intererant,
2469 5159 2722 5211 addit-tus
2763 5166 2880 5210 erat
2919 5177 2932 5211 :
2967 5177 3128 5228 quam
3156 5159 3480 5229 appellatio-

1910 5246 2055 5293 nem,
2087 5239 2144 5280 ut
2170 5230 2272 5281 hoc
2306 5227 2782 5299 obitcrmoneam,
2811 5227 3038 5283 sortitus
3075 5227 3301 5292 videinr,
3331 5233 3479 5299 quod

1905 5301 2092 5351 l'erulze
2124 5299 2358 5367 speciem
2422 5297 2694 5361 referret,
2746 5315 2863 5362 qua:
2911 5316 3033 5352 cum
3091 5309 3236 5354 esset
3301 5297 3478 5355 forma

1906 5369 2210 5440 quadrata,
2235 5367 2443 5440 longior
2465 5377 2644 5419 tamen
2666 5372 2940 5434 paululum
2970 5379 3084 5423 erat
3110 5388 3269 5440 quam
3296 5373 3478 5433 latior,

1906 5439 2212 5502 cujusmodi
2249 5439 2348 5490 fuit
2385 5441 2664 5509 nartheeis
2701 5441 2897 5499 forma,
2933 5457 3091 5509 quem
3125 5439 3321 5508 sceptri
3357 5443 3476 5493 loco

1910 5525 2019 5578 pta:
2055 5511 2305 5560 mambus
2334 5510 2583 5576 gestabat
2637 5507 2970 5577 llyranttnus
3010 5507 3334 5578 imperator,
3395 5515 3474 5562 uti

1906 5595 1970 5631 ex
2012 5579 2283 5629 Bullarum
2343 5579 2655 5646 archetypis
2717 5597 2746 5630 ιι
2803 5583 2960 5635 nobis
3022 5582 3354 5634 describitur
3418 5581 3476 5632 in

1911 5647 2151 5702 Historia
2180 5646 2662 5717 Callo—Byzantina
2718 5651 2793 5718 (τι)
2826 5669 2837 5703 ;
2875 5666 2994 5718 qua:
3044 5661 3127 5704 est
3172 5652 3472 5702 etiamnum

3075 5846 3109 5910 7
