3946 6206
245 213 361 280 εει

1526 216 1950 279 ALEXIADIS
1988 217 2140 281 LIB.
2170 216 2288 280 HI.

3414 219 3523 284 962

234 331 360 402 γάρ
382 328 439 400 ς)
469 329 609 384 ἀλλὰ
641 329 739 400 τὴν
793 328 904 382 τῶν
955 330 1248 400 Ῥωμαίων
1273 331 1549 402 βασιλείαν
1569 333 1616 364 ¹⁶
1659 348 1812 402 παρα

1949 339 2100 384 rator
2134 329 2354 384 Alexins
2382 329 2516 384 nihil
2549 345 2791 402 unquam
2819 331 2926 386 tale
2955 347 3023 387 ne
3057 333 3356 402 primarum
3392 342 3522 407 qui-

233 424 451 489 146.2,»,
494 423 637 494 ἀνὴρ
668 423 726 475 ἐν
776 423 913 476 πᾶσι
965 425 1296 494 δραστήριος
1334 426 1442 478 τῶν
1502 425 1642 478 ὅλων
1672 426 1836 488 εὐθὺς

235 517 601 585 τραγμάτων
657 515 893 582 γίνεται,
946 517 1042 569 καὶ
1072 516 1147 578 ὡς
1188 515 1255 570 ἂν
1299 517 1450 570 εἴποι
1491 535 1574 580 τις
1606 518 1683 580 ὡς
1727 519 1836 571 ἀπὸ

231 607 473 674 κέντρῦυ
504 603 618 656 τῶν
658 605 919 657 ἁπάντων
949 605 1310 675 κατάρχεται.
1361 607 1700 676 Ἀνίσχοντος
1726 607 1834 677 γὰρ

231 698 395 766 ﬁlio)
428 699 508 758 εἰς
533 697 612 769 τά,
630 696 881 765 βασίλεια
935 698 1216 762 εἰσελθὼν,
1249 698 1432 769 πρὶνῆ
1465 700 1555 751 τὸν
1597 701 1707 753 ἀπὸ
1734 704 1833 770 τῆς

231 788 491 851 στάσεως
548 789 834 842 κονίσαλον
897 788 1351 854 άποτινάξασϐαι,
1422 795 1514 844 καὶ
1570 792 1632 844 τὸ
1674 792 1835 861 σῶμα

229 881 646 942 διαναπαῦσαι,
705 882 870 945 εὐθὺς
907 883 1010 949 τῆς
1062 883 1173 936 τῶν
1245 884 1655 952 στρατιωτικῶν
1713 883 1833 946 ὅλος

229 974 487 1039 ἐγεγόνει
522 973 830 1040 φροντίδος.
895 975 1000 1026 Καὶ
1038 975 1130 1028 τὸν
1180 976 1411 1046 ἀδελφὸν
1452 978 1722 1030 Ἰσαάκιον
1756 978 1830 1043 ὡς

229 1065 457 1133 πατέρα
511 1065 834 1134 σεϐόμενος,
869 1067 1134 1120 κοινωνὸν
1207 1065 1353 1137 εἶχεν
1392 1071 1450 1120 ὲν
1505 1069 1672 1121 πᾶσιν
1711 1071 1829 1140 ἅμα

225 1157 326 1208 καὶ
367 1160 471 1221 τὴν
517 1157 736 1226 μητέρα
791 1159 848 1210 ὲν
896 1162 1018 1220 ταῖς
1082 1159 1193 1210 τῶν
1247 1161 1445 1213 κοινῶν
1493 1161 1830 1232 διοικήσεσιν

224 1247 651 1311 ὕπερείδοντας,
689 1248 792 1301 κᾶν
815 1249 874 1301 τὸ
904 1250 1238 1318 μεγαλόνουν
1266 1251 1441 1320 αὐτῆς
1470 1254 1566 1304 καὶ
1590 1253 1829 1323 δραστή-

223 1357 372 1410 ριον,
425 1341 489 1392 οὐ
536 1341 673 1409 πρὸς
740 1342 868 1409 μιᾶς
907 1343 950 1373 ⁸⁸
1019 1342 1297 1410 βασιλείας
1329 1345 1630 1411 διοίκησιν,
1693 1345 1828 1399 ἀλλὰ

221 1430 453 1494 πολλαῖς
488 1434 586 1485 καὶ
632 1433 916 1503 διαφόροις
981 1435 1231 1505 ἐξήρκει.
1299 1436 1472 1499 Αὐτὸς
1506 1437 1561 1490 δὲ
1597 1438 1730 1504 πρὸς
1763 1440 1824 1490 τὸ

219 1527 564 1592 κατεπεῖγον
610 1525 990 1590 ἀπονενευκὼς
1029 1523 1096 1598 ἦν
1124 1528 1184 1580 τὸ
1217 1529 1317 1599 τῆς
1359 1530 1575 1599 ὴμέρας
1616 1519 1824 1583 ἐπίλοι-

219 1634 323 1669 πον
355 1617 454 1668 καὶ
480 1617 584 1675 τὴν
632 1616 764 1687 ὅλην
806 1617 977 1670 νύκτα
1006 1620 1061 1680 ἐς
1109 1620 1372 1690 φροντίδα
1405 1619 1821 1684 καταναλώσας,

1945 421 2068 474 dem
2103 421 2506 490 cogitationum
2574 431 2742 478 tenus
2798 423 2852 476 in
2907 424 3149 477 aninmm
3203 426 3522 481 admiserat.

1946 512 2051 566 Sed
2114 511 2375 566 Romanae
2438 514 2514 567 rei
2569 516 2806 582 primutn
2868 513 3404 570 administrationem
3467 517 3521 572 in

1945 619 2140 659 manus
2172 619 2418 667 sumens,
2463 607 2624 659 homo
2653 621 2779 660 acer
2805 615 2861 660 et
2887 617 3154 660 strenuus
3190 611 3326 661 adeo
3356 623 3521 663 curas

1942 712 2136 750 mimos
2174 697 2228 750 in
2268 696 2583 764 primordiis
2625 699 2763 752 tanti
2810 701 3015 768 negotii
3065 700 3329 754 defixerat
3361 708 3419 755 ut
3454 701 3522 756 tle

1942 792 2294 845 removendis
2329 807 2470 860 quas
2522 793 2630 846 dixi
2690 793 3067 862 suspicionum
3103 795 3288 848 causis
3326 810 3519 864 parum

1943 881 2044 950 ipsi
2084 892 2305 937 vacaret
2327 884 2596 953 cogitare.
2630 883 2774 939 Sane
2821 885 2867 938 is
2903 901 2933 939 a
2967 898 3158 939 centro
3204 902 3410 948 rerum,
3462 895 3522 939 ut

1941 975 2026 1028 sic
2062 976 2266 1040 dicam,
2302 992 2537 1032 exorsus
2587 993 2710 1032 cum
2748 979 2958 1033 oriente
3011 979 3125 1033 sole
3165 978 3218 1031 in
3255 979 3517 1048 palatium

1941 1067 2228 1132 intrasset,
2288 1069 2612 1138 priusquam
2665 1069 2943 1139 pulverem
3002 1070 3138 1124 tanti
3196 1071 3518 1127 certaminis

1936 1169 2245 1223 excuteret,
2285 1171 2379 1213 aut
2409 1175 2614 1229 corpus
2669 1171 2909 1222 curaret,
2979 1163 3165 1215 statim
3219 1165 3270 1214 in
3325 1177 3515 1216 curant

1938 1253 2135 1306 seriam
2167 1253 2436 1314 incubuit,
2463 1254 2707 1307 adhibito
2729 1255 2780 1306 in
2807 1254 3094 1308 consilium
3125 1254 3290 1308 fratre
3310 1257 3520 1324 majore

1937 1345 2332 1414 [Suacioqttetn
2369 1347 2544 1415 patris
2606 1347 2819 1400 colebat
2868 1346 3011 1410 loco,
3049 1357 3100 1402 et
3146 1359 3318 1402 matre
3361 1349 3526 1418 cujus

1939 1454 2189 1503 magnam
2224 1449 2275 1491 et
2308 1446 2588 1492 strenuam
2620 1448 2862 1493 mentem
2884 1456 2990 1494 non
3021 1441 3112 1493 uni
3147 1439 3240 1494 sed
3273 1441 3525 1510 pluribus

1937 1530 2100 1583 simul
2134 1529 2592 1585 administrandis
2625 1547 2807 1599 parem
2867 1533 3114 1602 imperiis
3164 1534 3517 1602 intelligeret,

1934 1630 1993 1674 ut
2029 1621 2257 1673 militum
2294 1620 2499 1690 rapinis
2536 1625 2624 1689 qui
2652 1621 2827 1676 adhuc
2865 1623 2916 1675 in
2951 1624 3190 1678 civitatis
3214 1625 3519 1680 visceribus

214 1713 312 1764 τοῦ
379 1712 791 1782 στρατιωτικοῦ
858 1712 1101 1780 πλήθους
1182 1714 1578 1776 σκεδασθέντος
1627 1716 1706 1775 εἰς
1763 1715 1814 1767 τὲ

1934 1714 2333 1781 grassabantur
2358 1713 2554 1766 modus
2589 1729 2752 1781 quam
2791 1716 3254 1782 prmsentissimus
3283 1716 3516 1772 adbibe-

217 1805 534 1868 Βυζάντιον
575 1804 691 1873 ἅμα
721 1804 817 1857 καὶ
861 1807 1119 1868 ἀτάκτοις
1186 1808 1384 1875 ὁρμαῖς
1449 1807 1818 1876 κεχρημένου,

214 1883 367 1959 ὅπως
415 1898 522 1967 μὲν
556 1897 791 1969 θορύϐου
848 1898 981 1968 ἄτερ
1019 1898 1219 1960 αὐτοὺς
1268 1898 1371 1967 τῆς
1401 1899 1640 1952 ἀτάκτου
1684 1901 1820 1953 ἀνα-

217 1989 363 2060 κός-ῃ
388 1989 575 2058 ὁρμῆς
600 2028 616 2049 ,
647 1988 1020 2059 ἀφροντησίαν
1040 1989 1083 2020 ¹⁰
1111 1989 1165 2041 δὲ
1197 1989 1274 2057 τῷ
1305 1988 1470 2058 κοινῷ
1506 1989 1599 2042 τοῦ
1627 1988 1817 2042 λοιποῦ

212 2085 686 2150 περιποιήσηται.
735 2080 958 2133 Ἐδεδίει
998 2081 1096 2133 καὶ
1120 2080 1164 2112 ¹⁷
1193 2079 1370 2143 ἄλλως
1400 2082 1459 2134 τὸ
1491 2082 1680 2150 ἰταμὸν
1709 2082 1820 2135 τῶν

214 2173 587 2245 στρατιωτῶν
621 2215 634 2238 ,
691 2174 786 2226 καὶ
855 2171 1057 2241 μᾶλλον
1124 2173 1344 2242 ὅσῳπερ
1405 2176 1469 2225 ὲκ
1543 2174 1818 2244 διαφόρων

214 2267 566 2329 συνείλεκτο,
607 2264 681 2336 μὴ
710 2266 805 2318 καὶ
837 2267 958 2320 κατ’
991 2265 1156 2318 αὑτοῦ
1199 2268 1385 2335 χεῖρον
1415 2267 1814 2335 διανοήσαιντο.

217 2359 282 2412 'U
312 2359 382 2412 δὲ
407 2360 635 2428 Καῖσαρ
676 2359 929 2426 Ἰωάννης
955 2360 982 2410 6
1011 2357 1226 2419 Δοῦκας
1263 2357 1586 2427 βουλόμενος
1627 2359 1816 2428 τάχιον

208 2453 312 2522 τὴν
372 2452 630 2522 βασιλίδα
668 2450 1174 2517 ἀποσκευάσασθαι,
1219 2451 1312 2502 καὶ
1357 2451 1468 2502 τῶν
1526 2450 1815 2520 βασιλείων

209 2543 529 2608 ἀπελάσαι,
568 2541 808 2610 ὑποψίας
833 2557 891 2594 τε
924 2541 1153 2602 πολλοὺς
1209 2541 1514 2608 ἀπαλλάξαι
1558 2541 1810 2611 ψευδοῦς,

209 2637 377 2689 ἔνθεν
401 2635 508 2705 μὲν
530 2635 622 2688 τὸν
652 2634 1001 2704 πατριάργην
1035 2635 1262 2702 Κοσμάν
1295 2637 1566 2699 παντοίως
1601 2639 1812 2689 ὑποπε-

209 2731 441 2783 ¹ποιεῖτο
471 2728 539 2790 ⁸⁸,
571 2726 740 2791 ἀξιῶν
787 2726 856 2778 τὰ
911 2726 1054 2796 ὑπὲρ
1089 2727 1270 2780 αὐτῶν
1308 2730 1546 2795 φρονεῖν,
1574 2728 1666 2780 καὶ
1701 2731 1811 2790 τοῖς

207 2822 404 2890 λὸγοις
469 2821 574 2889 τῆς
602 2821 712 2872 τῶν
766 2819 1069 2890 Κομνηνῶν
1119 2819 1325 2887 μητρὸς
1358 2819 1625 2888 μηδαμῶς
1657 2821 1810 2872 ὑπεί-

205 2930 360 2969 κειν·
429 2914 644 2968 ἐκεῖθεν
684 2913 738 2966 δὲ
799 2912 897 2982 τὴν
957 2911 1204 2981 βασιλίδα
1255 2911 1476 2979 Μαρίαν
1537 2912 1807 2982 νουνεχῶς

206 3010 540 3074 ὑπετίθετο,
574 3007 852 3078 ἔγγραφόν
873 3023 924 3058 τι
961 3005 1051 3057 τοῦ
1077 3005 1480 3075 αὐτοκράτορος
1515 3005 1774 3075 ἐξαιτησα

212 3107 411 3176 μένην,
447 3102 623 3169 αὐτῆς
654 3117 710 3152 τε
740 3101 904 3168 χάριν
935 3098 1137 3166 καὶτῆς
1161 3097 1253 3150 τοῦ
1278 3098 1468 3160 παιδὸς
1489 3098 1806 3167 ἀσφαλείας,

208 3197 388 3258 οὕτως
468 3194 681 3246 ἐκεῖθεν
743 3191 1057 3259 ἀποχωρεῖν
1115 3190 1180 3253 ¹⁹,
1218 3189 1532 3260 Πάτροκλον
1596 3193 1810 3260 πρόφαο

210 3307 293 3342 σιν
332 3286 463 3355 (78)
495 3283 654 3336 ταῦτ’
683 3285 954 3352 ἐσχηκώς.
986 3281 1232 3348 ’Έφθασε
1271 3285 1376 3352 γὰρ
1426 3283 1810 3339 ἀντιλαϐέσθαι

207 3381 454 3452 ταύτης.
507 3377 749 3444 ὁπηνίκα
780 3378 807 3429 ὁ
843 3375 1093 3444 βασιλεὺς
1127 3376 1346 3444 Μιχαὴλ
1389 3379 1414 3427 6
1466 3377 1678 3440 Δοῦκας
1712 3382 1811 3446 τῆς

210 3473 508 3545 βασιλείας
541 3469 760 3537 ἐξέστη,
802 3469 997 3537 καὶτῷ
1026 3469 1144 3537 μετ’
1175 3468 1341 3520 αὐτοῦ
1397 3467 1809 3536 βεσασιλευκὸτι

208 3566 535 3635 Nar-.9699
569 3561 647 3630 τῷ
688 3561 1016 3630 Βοτανειάτῃ
1086 3559 1594 3628 συμϐουλεύσασθαι
1650 3581 1811 3617 συνα-

207 3659 414 3729 χθῆναι
452 3656 566 3724 (79!
618 3653 792 3722 ταύτῃ
851 3651 986 3719 πρὸς
1027 3649 1208 3718 γάμου
1267 3651 1590 3713 κοινωνίαν,
1626 3653 1708 3706 ὅτι
1753 3653 1810 3719 ἐξ

207 3749 545 3815 ἀλλοδαπῆς
604 3745 866 3808 ἐστι,καὶ
936 3743 1221 3809 συγγενῶν
1279 3743 1435 3813 ὄχλος
1485 3744 1547 3796 οὐ
1599 3746 1812 3815 προσῆν

208 3847 375 3915 (aL-.11,
411 3843 484 3894 St’
519 3835 596 3892 ὧν
631 3841 658 3891 6
693 3837 948 3908 βασιλεὺς
997 3834 1228 3905 ὀχλοῖτο,
1271 3836 1397 3905 περί
1431 3853 1491 3888 τε
1520 3837 1710 3904 γένους
1742 3838 1811 3904 ¹⁰,

207 3938 303 3991 καὶ
328 3935 441 4003 τῆς
467 3932 566 3984 τοῦ
601 3929 855 3998 σώματος
901 3927 1050 3997 ὥρας
1091 3926 1452 3994 ἀπαγγέλλων
1497 3927 1689 3992 πολλὰ,
1719 3930 1813 3981 καὶ

209 4028 489 4089 πολλάκις
521 4021 762 4075 ἐπαινῶν
797 4021 992 4090 αὐτήν.
1036 4020 1144 4071 Καὶ
1177 4020 1286 4086 γὰρ
1317 4015 1385 4090 ἦν
1429 4019 1681 4089 εὐμήκης
1712 4020 1812 4089 μὲν

209 4120 309 4190 τὴν
362 4116 596 4186 ἡλικίαν
637 4111 956 4184 καθάπερή
1015 4111 1374 4181 κυπάριττος,
1429 4110 1597 4181 λευκὴ
1651 4111 1707 4164 δὲ
1752 4110 1814 4163 τὸ

214 4213 381 4280 σῶμα
451 4209 596 4275 ὡςὴ
639 4208 679 4237 ¹¹
716 4205 870 4274 χιὼν,
922 4205 1223 4274 πρόσωπον
1291 4200 1491 4256 κύκλον
1555 4203 1654 4273 μὲν
1712 4204 1812 4256 οὐκ

212 4303 554 4375 ἀπαρτίζον,
578 4297 641 4352 τὸ
679 4298 735 4351 δὲ
764 4297 968 4368 χρῶμα
999 4295 1066 4348 δι’
1099 4295 1219 4348 ὅλου
1248 4294 1410 4358 ἄνθος
1436 4295 1626 4365 ὴρινὸν
1660 4297 1811 4350 ἀντι-

1932 1813 2109 1858 retur.
2177 1803 2349 1859 Totus
2397 1805 2443 1860 is
2487 1807 2606 1860 dies
2665 1823 2880 1874 noxque
2939 1807 3233 1872 insequens
3280 1811 3330 1862 in
3361 1825 3422 1864 ea
3458 1825 3516 1864 re

1932 1899 2282 1951 deliberanda
2309 1899 2675 1966 lentandaque
2695 1899 2851 1964 abiit,
2877 1915 2980 1952 non
3015 1915 3146 1953 sane
3181 1899 3352 1956 facili.
3375 1900 3511 1954 Nam

1927 1997 1983 2046 et
2012 1992 2236 2043 omnino
2266 1991 2548 2045 securitati
2591 1992 2790 2044 civiun
2829 1991 3226 2046 consulendum
3259 2002 3380 2046 erat
3411 2010 3425 2047 :
3451 2002 3509 2048 et

1930 2080 2198 2133 exercitui
2228 2078 2557 2134 effusissime
2593 2079 2874 2148 disperso,
2909 2090 3082 2148 atque
3113 2083 3182 2136 ob
3208 2083 3261 2136 id
3300 2084 3516 2151 pericli-

1931 2169 2086 2233 tanti,
2124 2170 2480 2223 restituendis
2498 2169 2787 2226 ordinibus
2811 2173 3266 2227 succurrendum.
3308 2173 3511 2230 Verum

1927 2260 2149 2316 intanto
2173 2278 2399 2315 numero
2419 2277 2483 2314 ae
2512 2271 2660 2315 tanta
2684 2265 2947 2318 varietate
2977 2265 3384 2335 cupiditateque
3408 2267 3511 2321 lio-

1925 2352 2134 2406 minum
2155 2370 2216 2406 ex
2235 2355 2436 2421 quibus
2450 2356 2779 2409 isexercitus
2795 2357 3103 2418 constabat,
3121 2367 3238 2410 erat
3257 2358 3305 2410 id
3343 2373 3513 2426 appa-

1923 2445 2606 2514 rebatquedifficillimum.
2627 2445 2731 2500 Nec
2751 2445 2932 2501 deerat
2950 2447 3248 2516 periculum
3269 2463 3304 2503 n
3327 2449 3510 2504 ‘miles

1923 2537 2072 2591 ferox
2100 2546 2152 2591 et
2173 2537 2411 2592 insolens
2453 2539 2497 2592 si
2546 2549 2888 2594 coerceretur
2933 2539 3280 2608 imperiosius
3303 2539 3506 2608 aliquid

1922 2628 1976 2680 in
2008 2643 2205 2681 novum
2239 2632 2542 2696 Augustum
2567 2630 2721 2698 pejus
2743 2630 3046 2684 moliretur.
3067 2632 3136 2683 At
3155 2629 3512 2684 Casai-Jmn-

1921 2734 2018 2772 nes
2056 2718 2230 2773 Ducas
2263 2719 2315 2772 in
2356 2722 2538 2773 animo
2581 2720 2788 2773 habens
2813 2720 3036 2774 Mariam
3081 2737 3243 2788 quam
3269 2723 3505 2789 primum

1918 2811 2151 2865 educere
2189 2814 2412 2879 palatio,
2441 2813 2922 2882 suspicionumque
2942 2829 3142 2867 causas
3167 2814 3374 2877 tollere,
3405 2813 3477 2867 du

1919 2902 2042 2972 pliri
2063 2904 2126 2955 ad
2147 2919 2265 2957 eam
2294 2904 2452 2958 finem
2476 2905 2558 2958 via
2579 2921 2803 2974 pergere
2822 2906 3074 2960 instituit.
3100 2906 3338 2960 Primum
3359 2907 3507 2960 rnim

1918 2998 2167 3052 Cosmam
2199 2999 2302 3052 sibi
2338 2998 2547 3053 firmius
2577 2999 2955 3064 astrinxitjam
2985 2999 3113 3052 olim
3155 2999 3501 3057 fulllilial‘em.

1914 3093 2368 3160 prirmunivitque
2413 3107 2480 3145 ne
2506 3107 2534 3144 a
2575 3101 2748 3146 matre
2792 3093 3198 3146 Comnenorum
3230 3091 3282 3144 in
3323 3099 3504 3160 patres

1914 3181 2053 3234 trabi
2087 3192 2290 3248 posset.
2325 3179 2527 3236 Deinde
2557 3181 2778 3235 Mariam
2822 3182 2936 3250 ipse
2961 3197 3250 3252 aggressus
3284 3184 3503 3235 suasio-

1912 3272 2076 3328 nibus
2099 3281 2151 3328 et
2171 3273 2316 3328 mori
2333 3278 2412 3335 .is,
2441 3289 2537 3343 pro
2557 3290 2617 3330 ea
2643 3290 2746 3344 qua
2767 3276 2981 3329 valebat
3010 3275 3336 3328 auctoritate
3359 3272 3501 3340 apud

1914 3367 2086 3435 ipsam
2119 3365 2230 3435 jam
2265 3377 2378 3420 tum
2414 3382 2479 3421 ex
2514 3384 2624 3437 quo
2655 3368 2729 3421 illi
2767 3377 2962 3422 auctor
3017 3367 3218 3430 fuerat,
3254 3382 3377 3419 cum
3411 3365 3496 3418 vir

1912 3459 2034 3526 ejus
2065 3457 2295 3512 Michael
2338 3461 2514 3514 Ducas
2551 3461 2748 3512 throno
2804 3461 3016 3528 ejectus
3061 3469 3174 3524 est,
3226 3469 3282 3512 ut
3331 3457 3500 3510 Bola-

1912 3551 2042 3605 niati
2082 3553 2335 3612 nuberet,
2373 3568 2700 3621 magnopere
2736 3553 2954 3612 institit,
2989 3560 3069 3615 ut,
3094 3553 3137 3605 si
3175 3555 3291 3605 suis
3327 3551 3494 3603 rebus

1913 3644 2225 3698 consultum
2262 3643 2440 3706 vellet,
2500 3643 2796 3696 securitate
2854 3643 2957 3696 sibi
3016 3643 3236 3710 filioque
3277 3641 3493 3707 scripto

1914 3744 2159 3801 acer-pta,
2193 3734 2396 3802 palatio
2471 3734 2780 3786 CXN‘del't'l.
2830 3734 2894 3785 Et
2946 3735 3121 3786 fuerat
3174 3732 3304 3784 iliud
3351 3732 3496 3798 quod

1914 3826 2022 3878 dixi
2063 3826 2291 3880 Joannis
2329 3828 2382 3877 in
2418 3824 2642 3876 Mariam
2671 3825 2904 3877 oﬂicinm
2944 3839 3051 3876 non
3083 3837 3328 3891 parvum.
3355 3819 3488 3874 Nam

1916 3916 2239 3970 Botaniates
2283 3916 2336 3969 in
2364 3916 2480 3980 ejus
2518 3917 2737 3984 nuptias
2769 3915 3086 3984 neutiquam
3123 3913 3491 3982 pr0prndens,
3543 3913 3560 3953 ξ

1913 4011 2058 4079 quod
2099 4023 2217 4063 eam
2253 4009 2536 4063 mulierem
2569 4009 2928 4078 alienigenam
2969 4009 3136 4061 sciret
3161 4005 3326 4059 nullis
3355 4005 3496 4060 sub-

1912 4102 2097 4155 nixam
2149 4101 2683 4172 eonsanguineormn
2746 4099 2978 4170 opibus;
3023 4099 3288 4152 aJoanne
3341 4097 3488 4151 illam

1916 4193 2088 4263 ipsam
2127 4193 2197 4247 ob
2246 4209 2490 4256 causam,
2532 4208 2727 4262 nempe
2755 4203 2809 4245 ut
2849 4192 2999 4247 illius
3038 4191 3322 4245 solitudini
3358 4204 3495 4243 con-

1916 4286 2145 4351 suleret,
2194 4287 2602 4341 studiosissime
2645 4287 3060 4350 interveniente,
3094 4300 3200 4339 non
3231 4299 3492 4353 asperna-

213 4413 372 4466 κρυς,
413 4392 533 4454 Τάς
563 4390 622 4442 δὲ
675 4389 783 4442 τῶν
827 4388 1098 4456 ὀμμάτων
1158 4387 1334 4454 αὐγὰς
1370 4388 1456 4450 τίς
1500 4387 1806 4458 ἀνθρώπων

1925 4389 2072 4432 retur
2107 4401 2118 4433 :
2156 4383 2298 4449 quod
2331 4379 2568 4433 obtinuit
2596 4394 2796 4448 genere
2824 4393 2885 4432 ac
2919 4379 3092 4431 forma
3131 4378 3251 4444 ejus
3286 4381 3492 4445 sacpius

214 4488 489 4552 ἑξείποις
597 4480 800 4550 Ὀφρῦς
878 4479 1364 4549 ὑπερανεστηκυῖα
1441 4480 1535 4532 καὶ
1597 4481 1805 4550 πυρσὴ,

214 4577 445 4647 βλέμμα
492 4572 759 4642 χαροπόν.
818 4569 1124 4640 Ζωγράφου
1163 4569 1207 4600 ⁸⁸
1260 4568 1362 4638 μὲν
1425 4564 1517 4622 οὖν
1566 4569 1689 4639 χεὶρ
1739 4571 1807 4622 τὰ

214 4668 493 4739 χρώματα
535 4665 644 4716 τῶν
677 4660 884 4715 ἀνθέων
943 4661 1210 4723 πολλάκις
1248 4661 1583 4730 ἐμιμήσατο,
1632 4660 1807 4714 ὁπόσα

213 4755 356 4828 ὧραι
387 4758 585 4827 φέρειν
639 4754 886 4806 είώθασι·
931 4751 992 4806 τὸ
1025 4752 1080 4804 δὲ
1117 4751 1218 4821 τῆς
1274 4753 1546 4821 βασιλίδος
1585 4752 1802 4817 κάλλος,

215 4855 310 4905 καὶ
354 4853 391 4921 ἡ
421 4848 823 4918 ὲπιλάμπουσα
855 4843 996 4915 αὐτῇ
1018 4842 1064 4874 ’³
1091 4843 1252 4914 χάρις
1287 4846 1380 4898 καὶ
1418 4843 1478 4896 τὸ
1509 4844 1619 4898 τῶν
1659 4843 1806 4914 ἠθῶν

1918 4481 1971 4524 et
2000 4472 2186 4526 multis
2221 4471 2402 4526 verbis
2447 4471 2591 4541 apud
2638 4473 2942 4541 Augustum
2997 4471 3383 4540 praedicandis.
3413 4471 3494 4522 Ac

1915 4563 2148 4618 formam
2207 4565 2428 4630 quidem
2478 4563 2620 4632 quod
2669 4564 2887 4624 attinet,
2939 4561 3196 4615 erceiluit
3240 4576 3302 4613 ea
3338 4567 3493 4628 parte

1916 4656 2124 4721 Maria;
2165 4655 2273 4726 74
2301 4670 2496 4724 corpus
2544 4663 2660 4708 erat
2700 4655 2905 4708 celsum
2946 4653 3272 4722 proceritate
3321 4651 3490 4718 maje-

1915 4750 2074 4802 statis
2103 4752 2258 4816 plena
2300 4747 2754 4817 cyparissumqne
2809 4745 3099 4807 referente,
3155 4743 3264 4813 jam
3317 4751 3493 4796 totum

1915 4841 2155 4896 candore
2203 4841 2365 4910 plane
2399 4839 2562 4893 nivali
2604 4837 2907 4908 perfusum.
2954 4835 3143 4891 Facies
3177 4852 3285 4890 non
3318 4835 3369 4889 in
3397 4849 3492 4888 or-

1279 4979 1808 5044 Varitelectiones
1864 4999 1941 5044 ex
1982 4981 2125 5045 cod.
2162 4981 2421 5043 Co?slie.

1129 5085 1174 5116 “
1207 5082 1580 5151 ἀφροντισίαν.

287 5091 333 5121 ¹⁸
355 5088 682 5160 ἠγεμονίαν.
795 5087 834 5118 ⁸⁸
870 5085 1018 5153 μίαν.
1129 5085 1174 5116 ³⁸
1207 5085 1344 5151 ἀφρο

287 5159 332 5190 ⁸⁸
366 5157 522 5212 ὡσεί.
623 5159 670 5188 ³⁸
709 5158 1025 5223 ζωγράφος.
1131 5156 1176 5186 ’³
1207 5153 1344 5223 αὐτή

1207 5171 1400 5207 αυτην.

286 5159 332 5190 ⁸⁸
366 5157 522 5212 ὡσεί.
623 5159 670 5188 ³⁸
709 5158 1025 5226 ζωγράφος.

1694 5085 1734 5115 ⁸⁷
1755 5083 1860 5154 γὰρ
1889 5085 2002 5139 καί.

2113 5086 2154 5117 ¹⁶³
2190 5085 2531 5139 ὑπεποιεῖτο.
2609 5079 2997 5148 ¹⁹ὑποχωρεῖν.
3081 5075 3125 5108 ²⁰
3149 5081 3244 5128 τοῦ
3271 5076 3484 5145 γένους.

1305 5271 1442 5330 Car.
1482 5267 1811 5329 Dufresnii
1857 5269 1954 5330 Du
1992 5267 2204 5344 Cangii
2240 5275 2428 5328 nolle.

291 5379 407 5450 (Ἠ)
453 5379 810 5450 Πάτροκλον
843 5377 1181 5450 πρόφασιν.
1220 5371 1480 5450 Proverb.
1530 5371 1664 5450 ⁸Ἐπὶ
1691 5370 1800 5424 τῶν

225 5441 307 5522 μὴἾ
331 5441 648 5522 δυναμένων
679 5447 767 5499 διά
783 5441 1219 5522 φόῦουλθρηνεῖνῂ
1265 5441 1629 5522 τάςοξκείας.
1660 5457 1721 5492 συ
1731 5459 1800 5509 μ-

225 5509 418 5590 φοράς,
455 5509 515 5584 ἐξ
542 5517 749 5587 ἐτέρων
883 5509 1132 5590 Ολίψεων
1164 5514 1332 5574 αὑτὰς
1364 5509 1796 5590 ἀποκλειόντων.

226 5581 552 5660 ihngt-nian.
607 5581 753 5641 cent.
792 5586 848 5651 7,
907 5581 1156 5660 Apostol.
1214 5581 1487 5636 eent.15.
1544 5581 1799 5660 occurrit

228 5649 396 5716 ιειιῖοι
454 5675 520 5716 ac
599 5649 1005 5724 iterum'apu'd
1078 5657 1320 5720 Annam,
1378 5666 1503 5723 pag.
1564 5649 1690 5716 191,
1743 5658 1798 5705 et

1911 5374 2053 5442 apud
2097 5371 2509 5442 Pachymerem,
2537 5366 2635 5420 lib.
2671 5380 2768 5423 xu,
2810 5375 2934 5430 cap.
2979 5361 3206 5419 i5.Vide
3240 5362 3484 5416 Glossar.

1910 5441 2112 5497 eruditi
2142 5441 2487 5509 interpITetis.
2978 5504 3021 5509 __
3069 5504 3129 5509 ___
3242 5503 3253 5509 _
3323 5500 3358 5509 η
3438 5459 3441 5461 ’

1982 5513 2094 5583 (79)
2124 5500 2510 5580 Νικηέςόρῳ...
2544 5510 2949 5583 ᾳυναχοῆναι.
2978 5504 3043 5560 V.
3069 5503 3295 5571 Nivepli.
3320 5500 3487 5572 Brye-

1911 5581 2091 5648 nium,
2126 5583 2222 5638 lib.
2257 5597 2340 5646 Ill,
2378 5596 2502 5652 cap.
2538 5581 2629 5636 9.5.
