3946 6206
539 190 642 252 £37

1802 181 2030 244 ANN/E
2058 181 2439 244 COMNENJE

3650 183 3740 248 268

537 314 590 355 et
631 306 813 356 Irenes
847 300 1105 370 mai-stas
1135 307 1186 353 et
1222 299 1389 354 decor
1420 297 1689 354 emicabat
1714 297 2110 353 incredibiliter

2223 298 2321 368 ξίῳ
2351 316 2408 350 τε
2460 298 2554 352 καὶ
2609 297 2815 370 Εἰρήνῃ
2873 294 3179 364 ἀμήχανοι,
3214 293 3307 346 καὶ
3349 293 3424 356 είς
3461 293 3596 349 ἅπαν
3628 299 3742 369 ἀμί-

538 392 858 461 ειιιοηιίεηε,
913 402 967 446 et
1021 394 1176 463 plane
1239 391 1586 446 inimitabilia
1627 399 1744 446 arte
1801 392 2114 462 quantavis.

536 483 728 554 Neque
763 487 909 540 enim
947 487 1123 556 piitor
1161 487 1313 539 illum
1356 484 1664 554 archetypa:
1689 484 2120 553 pulchritudinis

537 579 722 632 norem
769 579 1001 632 intuens
1038 580 1349 649 exprimere
1396 587 1454 632 ιιι
1513 577 1752 632 maxime
1798 587 2028 631 conetur
2062 576 2115 629 in

539 670 722 723 tabula
761 682 919 739 qui-at
964 690 976 725 :
1025 686 1201 738 neque
1253 670 1578 734 statuarius,
1632 678 1692 723 ut
1747 684 1978 723 summa:
2033 671 2118 721 in-

537 762 766 816 dustria:
791 763 898 831 76
936 778 1134 818 nervos
1165 763 1463 820 contendat
1495 777 1708 827 omnes,
1740 761 1959 816 etiarnsi
2002 770 2114 814 tota

538 855 648 907 vita
706 855 792 908 illa
855 857 1119 927 l’o'yclcti
1175 857 1618 912 elaboratissiuia
1689 855 1845 924 signa
1917 869 2119 922 magno

536 947 828 1001 aemulandi
857 949 1040 1002 studio
1068 950 1476 1018 contemplatus
1505 947 1595 1011 sit,
1625 947 1699 1000 ita
1732 961 1974 1016 unquam
2007 960 2119 998 ma—

538 1040 728 1093 teriam
765 1041 1064 1094 iuanimam
1103 1041 1327 1111 tingere,
1365 1043 1616 1110 sculpere
1647 1039 2117 1107 conformareqne

539 1132 711 1199 possit
760 1141 819 1184 ut
871 1133 1200 1200 spirantium
1252 1133 1486 1186 istorum
1542 1139 1755 1184 natura“:
1791 1129 2118 1182 simulacro-

539 1237 682 1286 rum,
747 1224 1027 1290 Augustos
1075 1222 1200 1276 dico
1253 1237 1449 1276 recens
1500 1229 1816 1283 coronatos,
1874 1220 2116 1289 speciem

543 1313 923 1369 admirabilem
957 1325 1335 1385 reprmsentet.
1371 1315 1576 1369 Horum
1627 1313 1853 1368 Alexius
1893 1312 2112 1382 quidem

541 1415 754 1459 statura
789 1407 892 1460 fuit
924 1422 1032 1460 non
1071 1409 1297 1460 multum
1319 1407 1604 1470 eminenti,
1641 1417 1898 1460 caeterum
1930 1405 2114 1474 plena,

537 1514 637 1552 nec
670 1500 892 1552 modum
921 1510 1099 1553 tamen
1131 1500 1448 1562 excedente,
1490 1497 1815 1551 habitudine
1838 1478 2113 1566 corporis.

537 1591 727 1660 Itaque
758 1591 906 1646 illius
960 1593 1190 1660 pedibus
1225 1591 1533 1645 insistentis
1574 1605 1677 1643 non
1730 1597 1940 1643 tantum
1989 1603 2115 1659 per-

2224 407 2386 458 μητοι
2443 391 2536 444 καὶ
2595 390 2720 444 οὗτε
2779 389 3027 460 γραφεὺς
3069 385 3327 455 γράψειεν
3357 385 3421 438 ἂν
3448 385 3575 456 πρδς
3599 388 3742 458 ἆρχε.

2219 484 2421 547 τυπίας
2473 485 2518 515 ³⁸
2554 483 2650 537 τοῦ
2700 482 2933 544 κάλλους
2959 480 3121 551 ὀρῶν,
3148 477 3273 532 οὔτε
3304 477 3535 543 λιθοξόος
3565 480 3742 552 ἄψυχον

2219 576 2408 629 οὐσίαν
2433 576 2576 629 οὕτω
2613 575 2936 646 ρυθμὴσειε,
2955 573 3104 628 εῐτις
3120 571 3184 624 ἂν
3202 570 3333 641 πρὸς
3356 569 3420 624 τὰ
3446 570 3536 640 τῆς
3560 571 3746 640 φύσεως

2218 671 2510 740 ἀγάλματα
2527 669 2725 732 ταῦτα,
2756 667 2898 735 λέγω
2914 666 2977 735 δὴ
3001 666 3130 727 τοὺς
3153 665 3487 734 ἀρτιστεφεῖς
3513 666 3746 734 αὐτοκρά-

2219 781 2407 832 τορας,
2433 763 2528 815 καὶ
2557 762 2695 831 πρὸς
2729 759 2796 813 τὰ
2827 759 2921 812 τοῦ
2955 757 3320 811 Πολυκλείτου
3361 755 3559 809 ἐκείνου
3603 773 3746 810 unou-

2218 857 2473 924 δάσματα
2513 854 2898 923 ἀποϐλέψειεν.
2949 852 3008 905 Ὀ
3034 852 3134 922 μὲν
3151 850 3259 920 γὰρ
3290 849 3519 914 Ἀλέξιος
3544 849 3600 904 οὐ
3624 852 3743 905 πάνυ

2223 949 2320 1016 μὲν
2351 948 2458 1002 ἀπὸ
2481 949 2579 1018 τῆς
2600 949 2705 1017 γῆς
2728 949 2934 1018 ἐπῆρτο
2954 948 3047 1000 ἐπί
3064 947 3310 1011 πολὺ,είς
3325 943 3476 1015 εὖρος
3498 946 3550 998 δὲ
3567 949 3748 1016 συμμέ.

2220 1056 2363 1109 τρως
2386 1057 2502 1103 πως
2531 1041 2821 1110 ηὐρύνετο.
2851 1042 2960 1094 Καὶ
2993 1042 3286 1110 ἱστάμενος
3319 1037 3415 1108 μὲν
3440 1039 3499 1091 ού
3524 1039 3746 1093 τοσοῦτον

2221 1130 2429 1199 θάμϐος
2456 1131 2625 1184 ἐδίδου
2644 1133 2754 1194 τοῖς
2777 1133 3094 1200 θεωμένοις,
3118 1131 3166 1183 εί
3196 1129 3253 1182 δὲ
3278 1130 3368 1182 ἐπὶ
3392 1128 3483 1182 τοῦ
3503 1129 3744 1198 βασιλείου

2221 1221 2500 1275 καθίσειεν
2531 1217 2688 1286 οὗτος
2717 1223 2911 1292 θρόνου
2936 1225 3030 1277 καὶ
3051 1221 3342 1292 γοργωπὸν
3373 1221 3525 1284 σέλας
3545 1223 3744 1290 ἀφήσειε

2219 1316 2327 1367 τῶν
2352 1316 2676 1386 ὀφθαλμῶν,
2710 1318 2962 1387 πληστὴρ
2993 1316 3192 1380 ἐδόκει,
3251 1315 3345 1368 καὶ
3373 1315 3574 1385 ἄμαχον
3601 1314 3747 1383 αὐγὴν

2221 1407 2584 1461 ἀποστέλλειν
2615 1409 2711 1463 καὶ
2742 1409 2837 1462 τοῦ
2873 1409 3171 1481 προσώπου
3210 1409 3307 1462 καὶ
3355 1409 3450 1476 τῆς
3482 1407 3601 1476 ὅλης
3629 1407 3748 1477 διορ-

2219 1499 2532 1566 γανὼσεως.
2583 1502 2832 1555 Μέλαινα
2865 1504 2964 1572 μὲν
3009 1505 3114 1572 γὰρ
3167 1502 3397 1572 ἡόφρὺς
3449 1499 3748 1568 ἑκατέρωθεν

2220 1591 2542 1661 ὲκυρτοῦτο,
2569 1597 2634 1665 τῇ
2661 1594 2716 1646 δὲ
2737 1594 3019 1664 ὀφθαλμὸς
3052 1594 3366 1664 ὑπεκάθητο
3391 1593 3630 1666 βλοσυρὸν
3652 1593 3746 1662 ἅμα

535 1683 768 1735 rellebat
817 1682 1096 1735 intuentes
1149 1683 1431 1750 niajestas,
1484 1691 1748 1750 quantum
1799 1681 1850 1733 in
1915 1681 2110 1734 throno

2223 1656 2552 1753 καὶ-ἥμερον
2585 1656 2809 1755 ἐνορῶν,
2841 1656 3062 1748 ὡς’ἀπό
3083 1702 3142 1737 τε
3168 1685 3272 1753 τῆς
3293 1656 3460 1755 ’βολῆς
3478 1686 3519 1717 ³⁷
3543 1656 3639 1738 τῶν
3662 1656 3747 1755 ὀμ-

537 1774 832 1828 i'esideutis
868 1777 1043 1844 regio,
1095 1783 1150 1828 et
1203 1790 1387 1829 acrem
1431 1775 1558 1829 inde
1610 1775 1896 1829 oculorum
1937 1774 2112 1828 aciein

535 1878 726 1920 contra
754 1867 1040 1922 νίὺνειιιιίο.
1067 1867 1222 1921 Tune
1253 1869 1398 1920 enim
1429 1868 1563 1921 nihil
1603 1867 1786 1922 minus
1814 1866 2116 1921 terrificum

537 1961 968 2030 prazstinguebut
1023 1962 1172 2014 visus
1222 1961 1525 2014 astantium
1576 1974 1739 2030 quam
1783 1959 1928 2029 quod
1963 1959 2116 2014 elisis

537 2057 780 2110 nubibus
816 2056 997 2126 fulgur
1055 2056 1416 2124 resplendens
1456 2056 1756 2109 connivere
1800 2055 2115 2109 audacissi-

536 2166 655 2204 mos
704 2151 883 2220 cogit;
929 2160 1076 2204 tanta
1120 2167 1186 2204 ex
1241 2159 1357 2204 toto
1417 2165 1524 2204 non
1575 2150 1752 2204 solum
1799 2149 1974 2212 vultu,
2020 2149 2113 2202 sed

535 2247 701 2295 etiam
760 2259 990 2313 corpore
1042 2259 1106 2297 ac
1144 2243 1584 2296 conformatione
1631 2242 1889 2297 universa
1940 2255 2114 2293 mem-

538 2336 762 2388 brorum
826 2336 934 2408 qu_
978 2335 1288 2404 imperiosa!
1341 2349 1406 2388 ac
1460 2335 1866 2388 venerationem
1935 2343 2118 2408 extur-

541 2429 759 2496 quentis
816 2403 1092 2481 emicabat
1166 2427 1474 2496 dignitatis.
1539 2423 1766 2495 Nigrum
1837 2403 2116 2494 utrimque

542 2522 900 2590 supercilium
931 2520 1206 2574 concinne
1250 2523 1623 2574 curvabatur:
1654 2528 1704 2574 et
1759 2533 1857 2573 sna
1913 2521 2115 2587 cuique

541 2615 784 2683 subjecta
833 2615 1034 2683 pupilla
1077 2612 1311 2667 blandos
1367 2612 1532 2667 simul
1568 2611 1757 2666 eadem
1809 2611 2116 2665 terribiles-

535 2722 641 2774 qne
670 2706 835 2758 dabat
872 2725 886 2759 :
920 2714 978 2758 ut
1013 2720 1042 2759 a
1077 2705 1225 2774 jactu
1262 2705 1578 2766 obtutuum,
1613 2718 1641 2756 a
1672 2704 1883 2773 fulgore
1910 2703 2110 2766 vultus,

535 2813 564 2849 a
610 2799 874 2868 dignitate
897 2811 1161 2868 genarum
1204 2808 1331 2870 apte
1383 2797 1634 2865 insperso
1667 2798 1867 2850 rubore
1913 2797 2115 2848 mican-

533 2893 693 2956 tium,
727 2892 874 2945 misti
935 2891 1239 2960 majestatis
1287 2891 1705 2960 clementiaeque
1761 2890 1898 2944 radii
1948 2890 2111 2946 simul

536 2985 735 3047 vereri,
770 2985 935 3038 simul
968 2983 1254 3038 conlidere
1288 2984 1538 3038 homines
1565 2984 1844 3052 juberent.
1884 2981 2004 3035 Jam
2038 2984 2111 3035 la-
2137 2992 2180 3054 (ζ

538 3080 714 3133 titudo
749 3079 1133 3142 humerorum,
1178 3078 1511 3133 lacertonun
1569 3078 1850 3141 torositns,
1909 3077 2111 3145 premi-

536 3172 719 3226 nentia
759 3173 1021 3242 pectoris,
1056 3172 1276 3226 heroica
1310 3171 1518 3231 omnia,
1570 3179 1624 3224 et
1657 3169 1822 3224 simul
1869 3167 2110 3221 admira-

521 3267 764 3331 tionem,
791 3265 956 3320 simul
989 3263 1324 3332 voluptatem
1367 3263 1658 3317 all‘erentia
1689 3260 2108 3332 spectantibus;

521 3358 677 3412 idem
703 3358 845 3412 enim
876 3359 928 3411 in
963 3373 1029 3412 eu
1065 3365 1118 3412 et
1144 3357 1383 3426 speciem
1425 3355 1662 3410 habebat
1705 3365 1760 3409 et
1791 3355 2022 3424 gratiam
2057 3362 2112 3408 et

534 3450 754 3518 pondus
783 3458 953 3519 atque
977 3449 1156 3504 instar
1184 3446 1472 3518 gravitatis
1499 3447 1798 3502 inaccessa:
1833 3465 1848 3502 :
1892 3447 2038 3515 quod
2063 3446 2110 3500 si

533 3559 595 3598 os
624 3542 861 3612 aperiret
916 3543 1268 3613 linguamque
1309 3541 1572 3606 solveret,
1599 3539 1815 3594 videres
1873 3539 2112 3593 insidere

536 3638 637 3690 viri
671 3635 839 3691 labris
879 3636 1039 3706 igneo
1072 3635 1373 3703 spirantem
1423 3635 1630 3704 impetu
1662 3630 1994 3686 rhetoricam
2031 3630 2114 3700 ip-

535 3741 652 3779 sam
689 3725 1074 3780 Demosthenis
1102 3723 1276 3779 effuso
1324 3722 1565 3792 quodam
1607 3722 2014 3778 vehementiqu
2059 3728 2112 3774 et

535 3820 780 3873 brevium
817 3824 1274 3888 argumentorum
1312 3816 1470 3885 quasi
1510 3821 1753 3870 torrente
1795 3830 1960 3870 aures
1989 3829 2112 3865 om-

535 3924 635 3962 nes
666 3910 988 3975 animosque
1035 3908 1364 3976 rapientem.
1398 3906 1507 3961 Nec
1559 3922 1686 3962 vero
1723 3907 1802 3960 vis
1844 3909 1966 3976 ejus
1994 3907 2110 3962 elo-

534 3999 776 4067 quentiae
836 3999 972 4051 satis
1023 3999 1282 4065 explicari
1344 3998 1580 4051 dicendo
1627 4007 1826 4066 potest,
1873 4014 1973 4054 nec
2013 4015 2110 4069 par

534 4091 834 4158 quidquam
869 4090 1068 4142 victrix
1098 4091 1341 4158 impetus
1379 4090 1690 4157 perorantis
1744 4091 1962 4157 linguae,
1997 4092 2107 4146 nisi

536 4186 707 4236 l'ortes
735 4185 878 4235 ictus
903 4190 1004 4234 aut
1041 4181 1386 4234 inevitabiles
1417 4181 1604 4249 jactus
1630 4180 1835 4236 dextrae
1859 4199 2107 4253 pugnan-

536 4278 608 4330 tis
641 4275 866 4340 babuit,
923 4281 1155 4342 utraque
1208 4273 1492 4327 invictus:
1527 4288 1714 4326 verum
1771 4274 1957 4345 lingua
2007 4277 2103 4330 de-

529 4369 790 4432 lectabat,
825 4381 1022 4420 manus
1069 4364 1338 4436 adigebat
1375 4379 1513 4435 quos
1562 4364 1827 4420 vinceret.
1874 4368 1942 4420 At
1990 4367 2102 4422 Au-

532 4473 689 4534 gusta
723 4459 880 4516 l‘rene
936 4466 1112 4513 mater
1146 4473 1264 4512 mea
1300 4465 1415 4511 tum
1478 4457 1658 4512 adhuc
1699 4459 2103 4516 adoleScentula

531 4556 783 4626 quintum
845 4553 1120 4607 decimum
1191 4549 1434 4605 nondum
1499 4565 1703 4604 annum
1761 4559 2102 4608 excesserat.

529 4648 828 4704 Andronici
854 4648 985 4707 lilia,
1012 4647 1106 4716 qtti
1137 4642 1367 4700 Joannis
1399 4643 1634 4698 Caesaris
1701 4642 2105 4713 primogenitus

538 4749 680 4807 erat,
711 4741 1010 4810 conspicuo
1057 4739 1246 4808 utique
1287 4751 1487 4806 genere
1514 4735 1674 4805 cujus
1716 4735 1789 4790 ab
1827 4736 2101 4791 Androni-

535 4837 618 4886 cis
673 4833 779 4886 illis
831 4843 883 4884 et
932 4829 1336 4892 Constantinis,
1400 4829 1492 4897 qui
1545 4825 1917 4896 cognominati
1975 4837 2104 4882 sunt

534 4925 718 4987 Ducae,
753 4924 924 4977 series
973 4922 1344 4991 repetebatur.
1384 4918 1656 4987 Surgebat
1707 4933 1873 4988 porro
1932 4919 2106 4973 instar

531 5017 794 5084 speciosae
825 5014 1041 5068 arboris
1069 5025 1217 5069 recta
1257 5023 1312 5068 et
1356 5010 1574 5066 florenti
1625 5020 1860 5076 statura,
1891 5026 2105 5066 summa

2223 1775 2411 1843 μάτων
2443 1777 2540 1829 καὶ
2570 1780 2670 1846 τῆς
2705 1778 3100 1848 στιλπνότητος
3127 1777 3224 1831 τοῦ
3259 1777 3544 1849 προσώπου
3572 1778 3631 1838 ³⁸,
3670 1779 3748 1830 καὶ

2217 1866 2328 1920 τῶν
2358 1869 2604 1940 παρειῶν
2635 1871 2734 1939 τῆς
2761 1872 3095 1940 σεμνότητος
3132 1872 3230 1924 καὶ
3264 1873 3358 1925 τοῦ
3410 1871 3746 1941 ἐπιτρέχοντος

2217 1959 2413 2023 αύταῖς
2441 1961 2701 2032 ὲρεύθους
2732 1963 2870 2032 ὁμοῦ
2927 1971 3019 2016 καὶ
3054 1964 3357 2018 δεδοικέναι
3403 1981 3459 2017 τε
3502 1964 3590 2017 καὶ
3637 1962 3746 2033 0a];-

2219 2052 2362 2120 ῥεῖν.
2394 2053 2516 2108 Τῶν
2554 2071 2614 2108 τε
2649 2053 2818 2126 ὤμων
2850 2058 2881 2128 ἡ
2915 2056 3156 2127 εὐρύτης
3201 2059 3298 2110 καὶ
3341 2055 3448 2111 τῶν
3487 2055 3746 2126 βραχιόνων

2217 2149 2280 2200 τὸ
2333 2149 2564 2220 στερρὸν
2611 2151 2706 2202 καὶ
2752 2150 2864 2203 τῶν
2919 2151 3159 2221 στέρνων
3207 2152 3241 2222 η
3277 2150 3529 2221 προϐολὴ,
3565 2148 3748 2219 ἡρωῖγὰ

2218 2241 2416 2299 πάντα.
2445 2241 2539 2294 καιί
2573 2241 2802 2305 ὃλωςείς
2835 2242 3040 2312 θάμϐος
3068 2242 3163 2296 καὶ
3203 2243 3392 2314 τέρψιν
3418 2246 3538 2306 τοὺς
3557 2241 3747 2303 πολλοὺς

2217 2331 2618 2402 ὲκκαλούμενα.
2652 2335 2724 2388 Τὸ
2755 2337 2864 2404 γᾶρ
2885 2336 3020 2388 αὐτὸ
3047 2336 3142 2388 τοῦ
3168 2336 3360 2408 ἀνδρὸς
3389 2335 3480 2389 καὶ
3496 2334 3628 2406 ὥραν
3653 2330 3745 2400 εἶχε

2216 2423 2314 2475 καὶ
2342 2425 2527 2494 χάριν,
2579 2426 2747 2498 βάρος
2784 2428 2828 2459 ³⁵
2854 2428 2948 2481 καί
2975 2429 3143 2497 ὄγκον
3176 2430 3496 2500 ἀπρόσιτον.
3523 2427 3644 2482 me
3670 2425 3747 2479 καὶ

2216 2519 2296 2581 είς
2317 2519 2541 2586 ὁμιλίαν
2556 2511 2720 2591 ἦλθεν
2743 2523 2977 2586 ἐκεῖνος,
3008 2524 3103 2576 καὶ⁵
3122 2523 3220 2595 τὴν
3245 2525 3494 2593 γλῶτταν
3515 2523 3746 2590 ἐκίνησεν,

2215 2608 2356 2676 εἶδες
2401 2613 2468 2666 ἂν
2512 2614 2840 2685 αὐτόχρημα
2891 2617 2990 2686 τὴν
3031 2618 3343 2687 πυρίπνουν
3387 2615 3748 2685 ὲπικαθημένην

2215 2708 2328 2766 τοῖς
2358 2706 2596 2776 χείλεσιν
2640 2709 2854 2760 ἐκείνου
2897 2709 3198 2780 ῥητορικὴν
3252 2709 3626 2780 Δημοσθένους.
3661 2705 3748 2758 Καὶ

2212 2799 2322 2851 τῶν
2351 2799 2460 2868 γὰρ
2496 2800 2541 2831 ⁸⁸
2569 2800 2949 2871 κατακλυσμῷ
2977 2802 3085 2854 τῶν
3119 2804 3567 2874 ἐπιχειρημάτων
3597 2803 3746 2854 πᾶσαν

2215 2890 2312 2942 καὶ
2346 2891 2539 2961 ἀκοὴν.
2582 2891 2679 2944 καὶ
2725 2891 2906 2963 ψυχὴν
2947 2893 3312 2964 κατεσύρετο,
3366 2896 3457 2948 καὶ
3507 2893 3744 2964 ἀμύθητος

2214 2977 2280 3052 ἦν
2317 2983 2412 3035 καὶ
2435 2983 2648 3053 ἄμαχος
2671 2986 2769 3038 καὶ
2795 2987 2896 3052 τὴν
2921 2985 3170 3053 γλῶτταν
3199 2987 3342 3057 ὁμοῦ
3365 2988 3456 3040 καὶ
3479 2988 3569 3057 τὴν
3593 2988 3743 3055 χεῖρα.

2212 3075 2312 3145 τὴν
2350 3075 2450 3144 μὲν
2485 3077 2624 3149 πρὸς
2659 3078 2882 3148 δόρατος
2905 3078 3122 3146 ἄφεσιν,
3152 3081 3259 3148 τὴν
3285 3080 3340 3134 δὲ
3375 3079 3504 3150 πρὸς
3531 3079 3746 3146 ἀκήρατα

2214 3166 2513 3237 θέλγητρα.
2554 3169 2618 3221 Ἥ
2649 3170 2705 3222 δέ
2735 3187 2797 3238 γε
2838 3169 3054 3239 βασιλὶς
3084 3171 3296 3243 Εἰρήνη
3334 3173 3428 3227 καὶ
3457 3172 3624 3242 μήτηρ
3656 3166 3742 3235 ἐμὴ

2216 3258 2415 3327 μείραξ
2445 3275 2501 3311 τε
2529 3255 2598 3330 ἦν
2629 3262 2688 3314 τὸ
2736 3263 3020 3331 τηνικάδε,
3059 3266 3154 3316 καὶ
3198 3265 3416 3318 οὐδέπω
3459 3265 3545 3317 τὸν
3585 3277 3743 3315 πεντε-

2215 3351 2543 3405 καιδέκατον
2583 3353 3073 3425 παραδεδραμήκει
3102 3355 3322 3425 χρόνον.
3353 3357 3599 3426 Θυγάτηρ
3622 3355 3670 3407 δὲ
3690 3348 3744 3422 ἦν

2224 3442 2570 3512 Ἀνδρονίκου
2601 3446 2718 3517 (86)
2746 3447 2841 3499 τοῦ
2874 3450 3225 3518 πρωτοτόκου
3271 3451 3388 3504 υίοῦ
3447 3450 3537 3502 τοῦ
3571 3446 3744 3502 Καίσα·

2215 3551 2329 3606 ρος,
2358 3539 2420 3589 τὸ
2449 3539 2613 3605 γένος
2657 3539 3044 3609 περίϐλεπτος,
3099 3543 3181 3605 εἰς
3225 3543 3593 3614 Ἀνδρονίκους
3628 3535 3746 3592 ἐκεί·

2211 3643 2334 3692 νους
2371 3630 2469 3682 καὶ
2519 3633 2972 3698 Κωνσταντίνους
3024 3635 3154 3699 τοὺς
3202 3637 3414 3700 Δούκας
3439 3635 3745 3702 ἀναφέρουσα

2210 3721 2310 3792 τὴν
2337 3722 2431 3774 τοῦ
2479 3723 2674 3791 γένους
2717 3726 2928 3794 σειράν.
2982 3727 3268 3780 ’Ᾱνίστατο
3307 3728 3416 3799 γὰρ
3444 3728 3485 3759 ⁵¹
3530 3723 3745 3789 καθάπερ

2209 3831 2263 3869 τι
2295 3814 2451 3884 ἔρνος
2483 3814 2669 3887 ὖρθιον
2699 3815 2788 3874 καὶ
2819 3815 3070 3880 ἀειθαλὲς
3103 3820 3444 3892 συμμέτρως
3492 3817 3581 3870 καὶ
3628 3812 3745 3865 πλα-

2210 3909 2487 3978 τυνομένη
2530 3908 2628 3962 καὶ
2671 3910 3007 3979 στενουμένη
3055 3911 3418 3982 καταλλήλως
3462 3911 3506 3942 ⁸⁸
3549 3911 3744 3962 ἑκαστα-

2210 3998 2310 4067 χοῦ
2362 3999 2474 4050 τῶν
2530 3997 2731 4068 μελῶν,
2793 4001 2888 4052 καὶ
2950 4001 3160 4069 μερῶν,
3217 4005 3315 4056 καὶ
3352 4002 3634 4070 ἐπέραστος
3663 3993 3744 4064 μὲν

2212 4089 2368 4154 ίδεῖν,
2403 4092 2709 4160 ἐπέραστος
2728 4091 2784 4144 δὲ
2809 4091 3065 4158 ἀκοῦσαι,
3091 4095 3182 4145 καὶ
3204 4093 3385 4164 ὄψεώς
3411 4111 3468 4146 τε
3492 4091 3581 4145 καὶ
3603 4086 3743 4152 ἀκοῆς

2209 4182 2507 4251 ἀκόρεστον
2540 4183 2615 4246 ὡς
2650 4184 2820 4248 ὅντως
2849 4184 3106 4255 ἄκουσμά.
3149 4203 3208 4240 τε
3245 4189 3339 4240 καὶ
3387 4187 3580 4255 θέαμα.
3628 4179 3746 4234 Αὐτὸ

2217 4271 2317 4342 μὲν
2346 4274 2456 4343 γὰρ
2479 4275 2539 4326 τὸ
2580 4275 2894 4345 πρόσωπον,
2924 4275 3158 4346 σελήνης
3193 4277 3294 4346 μὲν
3317 4275 3597 4333 ἀπέστιλϐε
3636 4270 3744 4340 φέγ-

2210 4376 2328 4429 γος,
2362 4363 2423 4415 ού
2462 4362 2572 4433 μὴν
2599 4367 2678 4428 είς
2709 4363 2913 4418 κύκλον
2965 4365 3585 4436 ἀκριϐἦέδιαπέπλαστο
3629 4359 3745 4413 κατὰ

2209 4455 2310 4519 τὰς
2379 4456 2674 4530 ’Δσσυρίας
2719 4457 2767 4494 ⁸³
2835 4459 3123 4527 γυναῖκας,
3184 4461 3298 4514 οὐδ’
3355 4460 3527 4522 ἄλλως
3575 4455 3746 4523 ἐξεμη-

2213 4549 2408 4604 κύνετο
2438 4553 2582 4605 κατά
2625 4553 2726 4615 τὰς
2777 4551 3066 4617 Σκυθίδας,
3109 4553 3226 4608 ἀλλ’
3264 4554 3587 4608 ύπεκαλεῖτο
3612 4552 3654 4580 ⁵⁸
3674 4563 3746 4616 μι-

2213 4643 2345 4713 κρόν
2377 4661 2493 4708 πως
2535 4645 2635 4714 τῆς
2673 4645 2961 4714 ἀκριϐείας
2991 4647 3087 4699 τοῦ
3128 4645 3355 4700 κύκλου.
3410 4643 3744 4700 Ἀνεπέπτατο

2210 4735 2269 4788 δὲ
2308 4737 2482 4806 αὐτῆς
2525 4737 2556 4788 ὁ
2599 4735 2804 4806 λειμὼν
2837 4737 2945 4791 ἀπὸ
2970 4738 3079 4791 τῶν
3111 4741 3378 4809 παρειῶν,
3424 4741 3518 4793 καὶ
3556 4740 3644 4805 τὴν
3669 4737 3745 4804 ῥο-

2211 4827 2408 4881 δωνιὰν
2461 4829 2558 4882 καὶ
2607 4831 2721 4892 τοῖς
2774 4829 2968 4900 πόρρω
3021 4831 3424 4901 προύϐάλλετο.
3480 4833 3658 4899 ὀμμα
3696 4823 3741 4874 δὲ

2212 4920 2454 4989 χαροπὸν
2491 4924 2586 4973 καὶ
2621 4921 2717 4987 ξὺν
2751 4922 2914 4994 ἡδονῇ
2943 4923 3175 4993 φοϐερὸν
3200 4924 3530 4994 ὲνητένιζεν,
3552 4922 3620 4982 ὡς
3652 4915 3743 4970 τῶν

2214 5009 2468 5081 ὁρώντων
2500 5013 2569 5064 τὰ
2617 5013 2844 5082 ὄμματα
2885 5016 2953 5084 τῇ
3006 5020 3106 5082 μὲν
3145 5016 3303 5086 ἡδονῇ
3363 5017 3455 5068 καὶ
3485 5013 3558 5082 τῷ
3586 5008 3740 5063 κάλλει

1599 5105 1796 5166 ναι-ἰαί)
1827 5105 2132 5168 lectiones
2169 5123 2247 5167 ex
2279 5107 2419 5166 cod.
2447 5105 2708 5167 Coisliu.

601 5211 645 5241 "
677 5209 1031 5279 ἀρχετυπῐαν.
1110 5209 1152 5241 ³⁷
1186 5207 1408 5277 βολίδος.
1517 5206 1869 5279 ³έμετὼποιλ.
1952 5209 1994 5239 ³⁹
2028 5208 2120 5262 καὶ

534 5285 579 5317 ⁸⁸
607 5277 1026 5349 κατ⁶ἆλληλοις.
1104 5280 1146 5310 ⁸³
1198 5279 1477 5348 Ἀπρίας.
1555 5277 1601 5307 ⁸⁸
1635 5277 1967 5347 ὑπεχαλᾶτο.

2152 5207 2342 5276 βάρος.

2419 5206 2466 5237 ⁸ο
2502 5207 2708 5262 Desunt
2751 5222 2913 5264 voces
2947 5209 3042 5262 καὶ
3076 5209 3185 5263 τῶν
3215 5211 3342 5280 γάρ.
3440 5208 3480 5240 ⁸⁸
3512 5204 3608 5276 μὴν
3633 5197 3737 5266 γάρ·

1570 5368 1712 5428 Car.
1751 5367 2078 5427 Dufresnii
2133 5368 2226 5427 Du
2275 5365 2496 5443 Cangii
2533 5373 2720 5427 notua.

594 5472 1008 5552 (Βωθυγάτηρ
1025 5469 1098 5552 δὲ
1117 5467 1196 5552 ἦν·
1211 5468 1892 5552 ,Ἀνδρονίκουλρθηυτί
1939 5470 2088 5552 illius

523 5566 574 5608 et
597 5541 810 5622 perlidi,
833 5541 994 5622 cujus
1025 5543 1225 5622 insigni
1274 5543 1579 5622 proditione
1645 5542 1928 5622 Romanus,
1965 5541 2089 5622 ilio-

524 5612 689 5679 nei-res
724 5623 856 5679 iniu.
891 5612 976 5673 cui
1011 5617 1272 5680 merebat,
1306 5615 1360 5668 in
1393 5612 1702 5668 Turcoruut
1759 5618 2084 5680 potestatein

2198 5469 2592 5540 venitzquem
2667 5471 3015 5540 postmodum
3085 5483 3276 5527 contra
3351 5473 3529 5527 datam
3604 5466 3735 5520 ﬁdem

2200 5539 2416 5611 eliossis
2450 5539 2784 5611 oculis,’nec
2825 5544 3034 5596 curatis
3074 5545 3415 5607 vulneribus,
3469 5543 3632 5611 perire
3658 5551 3737 5589 cu-

2197 5610 2324 5678 egit.
2363 5607 2422 5664 ν.
2461 5608 2667 5665 Zuuar.
2694 5611 2926 5687 Seylitz.
2961 5612 3206 5669 Manass.
3238 5607 3484 5670 lecam.
