3946 6206
251 206 358 272 269

1475 209 1894 272 ALEXIADIS
1925 211 2072 272 LIB.
2115 205 2233 269 III.

3413 206 3519 273 270

249 316 429 370 ἕλκειν
461 313 600 385 πρὸς
639 314 860 386 ἑαυτὴν,
890 313 967 384 τῷ
1004 315 1059 369 δὲ
1093 318 1244 390 φόϐῳ
1278 319 1438 389 μύειν
1473 320 1824 385 καταναγκάο

1937 319 2288 386 proportione
2334 315 2425 371 ubi
2472 323 2590 371 erat
2649 329 2788 386 opus
2857 317 3022 371 modo
3076 318 3304 375 dilatata
3353 327 3518 380 modo

251 405 382 470 ζειν,
426 407 526 458 οὐκ
574 405 808 475 ἐχόντων
840 406 991 469 ὅπως
1028 408 1473 478 ἀποϐλέψωνται,
1505 410 1536 478 ἢ
1585 411 1734 472 ὅπως
1765 410 1831 462 ἂν

249 496 699 564 ἀποκρύψωνται.
719 498 826 548 Καὶ
860 498 908 549 εἰ
936 498 1035 566 μέν
1057 515 1139 562 τις
1172 495 1238 568 ἦν
1263 499 1468 569 Ἀθηνᾶ
1493 503 1602 561 τοῖς
1639 503 1833 568 πρώην

249 588 606 658 ὲφευρημένη
670 592 926 658 ποιηταῖς
989 609 1045 644 τε
1105 593 1201 645 καὶ
1259 593 1672 663 συγγραφεῦσιν
1732 595 1834 645 οὐκ

247 679 362 733 οἶδα
397 680 578 748 ἔγωγε
605 697 622 712 ·
661 681 833 751 μῦθον
880 684 935 736 δὲ
978 684 1184 755 ταύτην
1213 685 1399 737 ἀκούω
1450 686 1830 755 περιφερόμεο

246 792 334 826 νον
386 775 484 827 καὶ
540 775 1014 844 περιωρόμενονο
1063 777 1162 846 τὴν
1215 776 1272 829 δὲ
1323 776 1573 847 βασιλίδα
1628 777 1834 847 ταύτην

266 866 527 934 Ἀθηνᾶν,
562 867 722 929 εἴτις
748 862 908 937 εἴπερ
940 867 983 898 ⁸⁸
1011 869 1069 920 ἐν
1099 871 1214 930 τοῖς
1242 870 1363 922 τότε
1390 871 1606 940 χρόνοις
1647 873 1834 940 φανεῖ-

247 975 346 1011 σαν
377 957 458 1028 τῷ
504 958 837 1028 ἀνθρωπίνῳ
869 959 991 1029 βίῳ,
1027 960 1059 1030 ἥ
1088 964 1544 1032 καταῤῥαγείσαν
1574 961 1632 1027 ἐξ
1664 965 1829 1034 οὐρα-

242 1050 332 1102 vo}
395 1049 535 1120 μετά
595 1067 742 1112 τινος
801 1051 1062 1119 οὐρανίας
1115 1052 1309 1122 αἴγλης
1373 1054 1467 1106 καὶ
1523 1055 1830 1124 ἀπροσίτου

247 1144 647 1211 μαρμαρυγῆς,
678 1142 779 1194 οὐκ
813 1141 880 1194 ἂν
915 1141 1191 1212 ἐξήμαρτε
1222 1143 1314 1196 τοῦ
1355 1144 1585 1207 είκὸτος.
1633 1144 1742 1196 Καὶ
1777 1144 1836 1195 τὸ

245 1232 724 1301 θαυμασιώτερον,
757 1235 895 1304 ὅπερ
945 1235 1046 1286 οὐκ
1102 1235 1170 1287 ἂν
1220 1237 1277 1286 ἐν
1325 1235 1460 1308 ἄλλῃ
1491 1236 1601 1290 τῶν
1647 1253 1834 1304 γυναιο

242 1327 353 1377 κῶν
410 1324 686 1394 εὑρεθείη,
737 1327 861 1387 τοὺς
933 1325 1031 1394 μὲν
1088 1327 1316 1396 ίθαμοὺς
1367 1329 1411 1360 ⁸⁸
1462 1328 1571 1380 τῶν
1625 1330 1835 1398 ἀνδρῶν

242 1417 592 1477 συνέστελλε,
629 1420 742 1479 τοῖς
782 1419 825 1469 δ’
860 1418 963 1468 ὑπὸ
997 1419 1164 1485 φόϐου
1195 1421 1653 1490 συνεσταλμένως
1691 1421 1830 1492 θοιρη

241 1511 355 1579 ῥεῖν
390 1509 626 1560 ἐνεδίδου
658 1513 720 1560 ἐκ
759 1510 928 1578 μόνης
956 1509 1154 1578 ὅψεως.
1189 1513 1270 1564 Τὰ
1327 1513 1383 1564 δὲ
1425 1515 1579 1584 χείλη
1613 1515 1830 1583 ἐμεμύ-

250 1619 336 1653 κει
371 1601 478 1669 μὲν
508 1603 573 1656 τὰ
606 1603 773 1656 πολλὰ
804 1606 897 1655 καὶ
923 1605 1135 1658 ἐδείκνυ
1179 1607 1446 1676 σιγῶσαν,
1481 1609 1723 1677 ἔμπνουν
1751 1609 1828 1672 ὡς

1940 418 2177 472 arctata,
2210 407 2476 463 membris
2511 408 2613 462 sibi
2647 419 2843 463 emole
2881 409 3363 479 respondentibus,
3400 417 3519 470 visu

1941 502 2149 568 pariter
2177 508 2232 552 et
2264 501 2457 553 auditu
2495 501 2574 554 sic
2599 500 2851 555 amabilis
2903 508 2964 554 ut
3000 517 3098 556 nec
3139 507 3517 572 spectaculum

1938 593 2184 652 suavius.
2225 606 2324 644 nec
2357 606 2607 644 acroama
2654 591 2873 647 dulcius
2921 592 3040 661 ejus
3081 595 3233 648 vult-tt
3279 611 3521 665 voceque

1939 685 2190 740 homines
2223 684 2508 738 haberent.
2562 684 2756 737 Facies
2803 686 3020 754 quidem
3078 688 3234 756 pleno
3279 691 3520 744 micabat

1938 777 2081 830 lunte
2108 774 2326 843 fulgore
2347 792 2362 830 :
2384 791 2494 828 non
2528 783 2712 829 tamen
2741 775 2791 828 in
2817 777 3117 845 perfecutm
3141 780 3408 834 circinala
3432 798 3520 835 or-

1937 867 2058 920 bem
2090 882 2242 920 more
2289 868 2672 938 Assyriarum,
2701 883 2801 922 nec
2836 868 3129 925 immodice
3153 871 3313 941 longa
3338 875 3519 941 qualis

1937 960 2044 1033 77
2097 961 2151 1013 in
2208 959 2426 1031 Scythis
2493 959 2707 1014 feminis
2762 961 3030 1024 cernitur,
3089 963 3184 1018 sed
3245 965 3509 1034 producta

1936 1053 2220 1122 p-mlulum
2266 1055 2406 1108 ultra
2466 1070 2631 1125 gyros
2681 1056 2860 1108 exacti
2929 1055 3147 1112 circuli.
3190 1057 3518 1115 Pervolabat

1937 1161 2062 1200 vero
2096 1148 2242 1200 illam
2305 1162 2411 1215 qua
2467 1149 2834 1201 tendebantur
2882 1163 3034 1216 genae
3090 1151 3304 1220 species
3357 1160 3521 1221 atque

1939 1254 2071 1292 aura
2108 1238 2356 1305 quaedam
2403 1241 2688 1293 vernantis
2734 1241 2870 1309 prati
2903 1252 2955 1295 et
2985 1243 3105 1296 viva
3139 1259 3378 1314 purpura
3423 1247 3520 1298 fla-

1938 1341 2182 1399 grantem
2217 1329 2459 1385 florentis
2489 1330 2686 1385 rosarii
2717 1332 2948 1386 colorem
2979 1331 3032 1386 in
3061 1334 3254 1389 oculos
3282 1337 3363 1389 vel
3391 1351 3520 1404 pro-

1940 1421 2027 1475 cul
2080 1421 2446 1490 spectantium
2485 1422 2898 1490 ejaculabatur;
2943 1425 3210 1480 intuentis
3262 1438 3520 1495 aspectus

1936 1515 2117 1569 vivide
2159 1530 2411 1578 serenus,
2463 1525 2516 1568 et
2568 1516 2773 1580 pariter
2825 1516 3128 1579 delectans,
3163 1518 3371 1586 pariter
3406 1529 3520 1574 ter-

1938 1623 2086 1670 rens,
2125 1619 2182 1661 ut
2213 1606 2622 1661 occurrentium
2663 1607 2850 1662 oculos
2895 1616 2951 1662 et
3002 1610 3184 1678 specie
3221 1610 3272 1663 in
3305 1625 3364 1664 se
3395 1627 3519 1664 ver-

238 1692 464 1760 ἀληθῶς
524 1692 750 1761 ἄγαλμα
810 1694 1079 1764 καλλονῆς
1145 1700 1239 1749 καὶ
1304 1699 1511 1769 στήλην
1582 1699 1826 1769 ἔμψυχον

1940 1711 2094 1762 teret,
2134 1708 2186 1753 et
2223 1699 2510 1767 majestate
2542 1699 2835 1754 connivere
2858 1710 3094 1768 cogeret,
3130 1702 3270 1755 inter
3300 1713 3515 1756 utrum-

239 1783 575 1852 εὐρυθμίας.
619 1784 857 1855 Ἡνιόχει
885 1785 942 1838 δὲ
976 1787 1042 1838 τὰ
1079 1788 1249 1840 πολλὰ
1307 1792 1337 1859 ἠ
1394 1793 1515 1861 χεὶρ
1562 1791 1640 1860 τῷ
1684 1792 1826 1862 λόγῳ

239 1876 332 1928 σὺν
371 1876 657 1946 εὐρυθμίᾳ
691 1878 856 1946 μέχρι
901 1878 994 1929 τνιῦ
1047 1879 1264 1948 καρποῦ
1316 1883 1731 1951 παραδεικνῦσα
1763 1884 1826 1936 τὸ

241 1971 647 2038 μετακάρπιον,
683 1973 778 2022 καὶ
807 1967 959 2032 εἶπες
987 1971 1052 2023 ἂν
1090 1971 1361 2040 ἐλέφαντα
1401 1974 1822 2044 ἐκτετορεῦσθαι

239 2064 389 2131 παρὰ
426 2063 678 2130 τεχνίτου
708 2064 853 2125 τινὸς
900 2066 979 2127 εἷς
1007 2065 1291 2118 δακτύλων
1332 2067 1424 2119 καὶ
1466 2067 1668 2138 χειρῶν
1703 2066 1821 2121 atd-

239 2153 408 2205 θεσιν.
469 2154 534 2205 Ἥ
595 2155 778 2223 μέντοι
832 2149 942 2224 ἶρις
1010 2155 1118 2208 τῶν
1189 2157 1489 2226 ὀφθαλμῶν
1549 2158 1824 2212 θάλατταν

236 2253 498 2319 ἐμιμεῖτο
556 2250 900 2318 γαληνιῶσαν
950 2251 1007 2302 ἐν
1057 2249 1396 2321 βαθυκύμονι
1457 2251 1693 2305 διαθέσει
1765 2255 1826 2306 τὺ

237 2342 480 2394 κυανοῦν
539 2343 938 2410 ἐξαυγαζουσα.
1001 2344 1344 2397 Ἀντέστιλϐε
1403 2347 1447 2378 ⁸⁷
1497 2346 1553 2399 δὲ
1611 2347 1706 2399 καὶ
1760 2346 1822 2400 τὸ

234 2432 431 2486 λευκὸν
473 2434 584 2484 τῶν
632 2435 899 2503 ὀμμάτων
945 2435 1131 2504 κύκλῳ
1170 2437 1268 2504 τῆς
1305 2437 1494 2508 ἴριδος,
1530 2438 1626 2490 καὶ
1657 2437 1819 2507 χάριν

235 2526 573 2593 ἀπέλαμπον
629 2524 840 2595 ἄμαχον
893 2528 985 2577 καὶ
1040 2527 1232 2598 ἡδονὴν
1290 2530 1498 2596 ἄφατον
1555 2529 1821 2582 ἐνεδίδουν

233 2619 349 2678 ταῖς
396 2615 585 2681 ὄψεσι.
635 2615 880 2667 Τοιοῦτοι
945 2616 1046 2683 μὲν
1110 2617 1210 2685 τὴν
1271 2618 1415 2671 ἰδέαν
1465 2619 1672 2690 Εἰρήνη
1727 2621 1824 2672 καὶ

245 2704 517 2769 ’Δλέξιος.
568 2706 625 2758 '0
679 2708 862 2775 μέντοι
909 2705 1048 2767 θεῖος
1091 2707 1226 2777 ἐμὸς
1270 2709 1540 2773 Ἰσαάκιος
1585 2711 1683 2782 τὴν
1721 2711 1824 2782 μὲν

234 2799 464 2866 ἠλικίαν
488 2795 652 2866 ἐῴκει
682 2795 950 2865 τάδελφῷ,
983 2797 1102 2850 οὐδὲ
1139 2800 1208 2852 τὰ
1235 2799 1368 2853 ἄλλα
1393 2801 1438 2832 ⁸⁵⁸
1476 2802 1611 2855 πολὺ
1645 2802 1827 2874 ante-

234 2904 335 2940 κει.
377 2887 687 2956 ’Υπωχρος
716 2885 814 2956 μὲν
843 2883 935 2940 οὖν
971 2885 1036 2960 ἦν
1067 2890 1226 2954 αὐτὸς
1264 2893 1361 2961 τὴν
1411 2892 1533 2962 ὄψιν
1586 2895 1680 2946 καὶ
1723 2897 1825 2965 τὴν

235 2977 463 3047 ὑπήνην
498 2977 561 3028 οὐ
597 2983 739 3027 πάνυ
779 2977 966 3043 δασὺς,
995 2979 1128 3032 ἀλλὰ
1172 2982 1266 3032 καὶ
1299 2984 1426 3050 περὶ
1460 2982 1560 3045 τὰς
1591 2982 1825 3050 γνάθους
1857 3026 1900 3080 c

231 3069 562 3139 ψιλωτέραν
601 3065 714 3136 εἶχε
771 3069 870 3138 τῆς
924 3071 1212 3138 τάδελφοῦ.
1243 3073 1444 3142 ’Ἄμφω
1483 3074 1538 3126 δὲ
1583 3075 1828 3144 τάδελφὼ

232 3160 602 3229 κυνηγεσίοις
666 3160 766 3228 μὲν
825 3161 1089 3225 πολλάκις
1149 3165 1440 3230 ἁπένευον,
1469 3167 1713 3238 ὁπηνίκα
1770 3169 1832 3221 οὐ

235 3251 413 3320 πολλή
476 3267 562 3311 τις
611 3252 796 3314 αὐτοῖς
849 3254 1075 3324 ἐπέρρει
1109 3254 1152 3286 ‘9
1187 3259 1532 3327 πραγμάτων
1585 3262 1830 3329 φροντὶς,

235 3342 576 3412 πολεμικοῖς
659 3341 716 3393 δὲ
794 3343 1083 3414 μᾶλλονῆ
1156 3350 1538 3416 κυνηγετικοῖς
1614 3350 1835 3420 ἔχαιρον

234 3435 600 3504 πράγμασιν.
648 3433 735 3484 Ἔν
785 3433 843 3484 δὲ
892 3437 1014 3497 ταῖς
1063 3435 1326 3504 ἐμϐολαῖς
1381 3441 1490 3491 τῶν
1548 3441 1830 3512 πολέμων,

234 3528 343 3578 οὐδ’
378 3527 635 3596 ὁπηνίκα
692 3528 802 3579 τῶν
845 3531 1144 3598 ταγμάτων
1173 3533 1339 3595 αὐτὸς
1383 3534 1628 3605 κατῆρχε
1662 3537 1832 3606 προέ-

229 3628 405 3695 τρεχὲ
434 3643 524 3687 τις
554 3625 746 3686 αὑτοῦ,
779 3627 896 3678 ἀλλ’
934 3626 1050 3695 ἆμα
1092 3644 1150 3679 τε
1178 3629 1277 3698 τὴν
1312 3631 1623 3700 παράταξιν
1650 3634 1831 3704 ἑωρά-

232 3735 318 3770 κει
346 3719 473 3770 τῶν
526 3719 808 3785 πολεμίων
849 3721 1056 3782 ἐκεῖνος
1091 3723 1182 3772 καὶ
1210 3723 1430 3775 πάντων
1479 3729 1833 3799 καταφρονή-

230 3828 333 3874 σας
380 3810 505 3864 τῶν
556 3811 755 3875 ἄλλων,
791 3813 848 3872 ἐς
891 3813 1091 3882 μέσους
1135 3815 1397 3867 ἐνέπιπτε
1446 3815 1696 3888 καθάπερ
1749 3837 1834 3882 τις

227 3904 544 3974 κεραυνὸς,
599 3902 766 3967 ὀξέως
818 3904 1126 3959 διακόπτων
1185 3907 1282 3970 τὰς
1348 3909 1655 3977 φάλαγγας.
1709 3914 1836 3964 Κάκ

225 3998 433 4050 τούτου
476 3997 626 4048 ἑάλω
662 3997 770 4065 (87)
809 3999 901 4049 καὶ
928 3997 1076 4063 ἅπαξ
1098 4001 1190 4050 καὶ
1222 4000 1306 4061 δὶς
1335 4003 1480 4054 κατὰ
1517 4003 1617 4072 τὴν
1642 4003 1830 4056 Ἀσίαν

228 4088 538 4156 συμμίξας
567 4088 920 4158 ’Λγαρηνοὶς
948 4090 1056 4142 Καὶ
1083 4091 1244 4143 τοῦτο
1278 4093 1441 4160 μόνον
1491 4090 1604 4164 εἶχε
1656 4095 1828 4165 ψόγου

223 4178 385 4243 ἄξιον
423 4181 486 4230 ὲν
525 4181 641 4240 τοῖς
672 4179 934 4248 πολέμοις
974 4181 1144 4249 οὑμὸς
1181 4181 1326 4244 θεῖος
1374 4185 1460 4236 ὃτι
1503 4187 1638 4256 πρὸς
1693 4204 1829 4256 συμ-

229 4271 403 4334 ϐολὰς
449 4271 831 4338 ἀκατάσχετος
863 4267 952 4341 ἦν.

1934 1809 2039 1862 que
2104 1793 2338 1845 incertos
2367 1831 2382 1854 ,
2420 1806 2484 1845 ac
2539 1806 2639 1845 nec
2696 1793 2972 1846 abstinere
3009 1809 3035 1844 τι
3079 1794 3376 1848 cernendo.
3419 1811 3520 1849 nec

1936 1885 2211 1938 sustinere
2250 1891 2441 1935 contra
2491 1883 2790 1937 intuentem
2828 1883 3088 1936 valentes.
3118 1883 3288 1948 Quam
3343 1883 3519 1938 Palla-

1933 1974 2054 2028 dem
2087 1983 2254 2041 poeta:
2303 1973 2652 2041 pictoresque
2684 1972 3010 2035 celebrant,
3057 1987 3120 2024 ea
3158 1988 3224 2026 an
3269 1989 3510 2042 unquam

1937 2065 2214 2120 exstiterit.
2267 2067 2490 2128 nescio,
2528 2065 2776 2134 plerique
2819 2065 3058 2118 fabulam
3104 2073 3429 2131 autumant;
3461 2077 3519 2119 at

1934 2158 2175 2211 formam
2214 2157 2379 2227 hujus
2419 2165 2622 2212 nostra:
2659 2157 2923 2225 Augusta:
2957 2155 3192 2210 similem
3233 2157 3518 2212 exstitisse

1936 2252 2064 2303 olim
2124 2251 2177 2302 in
2235 2249 2398 2302 terris
2433 2257 2488 2303 et
2535 2248 2900 2302 admiratione
2960 2249 3046 2302 sui
3087 2262 3150 2301 ac
3203 2247 3514 2317 fulguribus

1936 2343 2225 2398 oculorum
2263 2340 2545 2408 radiisque
2590 2340 2810 2393 acribus
2863 2339 3210 2409 percellentis
3260 2341 3469 2409 speciei
3499 2384 3514 2403 .

1937 2433 2174 2490 caelestis
2193 2430 2423 2500 originis
2458 2429 2615 2483 facile
2647 2429 2806 2484 fidem
2837 2428 3037 2485 fecisse
3067 2423 3111 2484 si
3137 2431 3260 2499 quis
3290 2429 3515 2494 dixerit,

1935 2541 2017 2580 me
2057 2527 2103 2578 is
2136 2539 2164 2577 a
2193 2538 2344 2586 vero,
2396 2529 2544 2576 certe
2572 2521 2850 2574 verisimili
2889 2536 2995 2575 non
3040 2521 3415 2587 aberraverit;
3451 2536 3517 2577 ac

1933 2615 2080 2683 quod
2133 2614 2382 2668 mirabile
2443 2621 2498 2667 et
2539 2611 2701 2678 hujus
2751 2612 2911 2680 plane
2939 2613 3183 2667 mulieris
3219 2612 3514 2682 singulare.

1941 2709 2178 2763 audaces
2240 2705 2696 2773 imprudentesque
2739 2703 3105 2757 conturbabat
3154 2704 3516 2771 reprimebat-

1935 2816 2058 2870 (μισ,
2097 2797 2331 2852 humiles
2385 2807 2578 2848 contra
2614 2803 2867 2864 metuque
2914 2803 3228 2850 contractos
3268 2795 3516 2865 erigebat

1935 2893 1987 2946 in
2031 2891 2287 2945 fiduciam
2329 2887 2446 2941 solo
2487 2895 2733 2956 aspectu.
2769 2887 2837 2939 At
2884 2886 3025 2941 labia
3051 2925 3066 2951 ,
3116 2887 3370 2957 patebant
3421 2886 3514 2940 illa

1935 2983 2151 3052 quidem
2185 2981 2526 3050 plerumque,
2558 2976 2652 3032 sed
2689 2977 2754 3031 ad
2790 2991 3174 3046 speciem,non
3200 2976 3266 3032 ad
3301 2991 3515 3040 vocem,

1942 3083 2168 3144 totaque
2194 3073 2523 3127 cernebatur
2561 3070 2778 3140 spirans
2823 3068 3178 3124 simulacrum
3211 3069 3518 3139 pulchritu-

1937 3166 2108 3225 dinis,
2154 3172 2209 3218 et
2259 3163 2497 3217 animata
2553 3160 2940 3216 concinnitatis
2976 3161 3250 3216 columna.
3291 3161 3514 3216 Sermo-

1943 3272 2065 3312 nem
2121 3256 2234 3310 fere
2283 3253 2624 3324 gubernabat
2683 3267 2900 3315 manus,
2943 3267 3161 3306 summo
3210 3251 3393 3320 lepore
3448 3267 3515 3306 ac

1937 3349 2204 3419 elegantia
2242 3362 2420 3416 usque
2456 3345 2523 3400 ad
2550 3347 2868 3416 juncturam
2901 3347 3108 3401 brachii
3142 3346 3370 3414 nudata,
3410 3347 3514 3401 ruis

1938 3439 2125 3494 racnlo
2157 3437 2484 3491 intuentium
2526 3435 2619 3504 qui
2656 3434 3108 3490 candidissimum
3141 3434 3277 3488 ebur
3323 3433 3379 3488 in
3425 3433 3513 3486 di-

1940 3531 2082 3599 gilos
2110 3538 2162 3583 et
2189 3528 2365 3583 volam
2389 3543 2452 3582 ac
2470 3537 2720 3581 eceteram
2756 3540 2976 3579 manum
3014 3541 3042 3578 a
3070 3526 3348 3592 prazstanti
3380 3539 3519 3590 quo-

1940 3621 2062 3675 dam
2099 3618 2306 3673 artifiee
2343 3627 2613 3672 tornatum
2658 3617 2844 3671 videre
2877 3615 2979 3669 sibi
3012 3614 3355 3668 videbantur.
3407 3611 3508 3666 Iris

1938 3712 2224 3766 oculorum
2258 3725 2408 3764 mare
2445 3707 2794 3777 tranquillam
2827 3704 3116 3768 referebat,
3147 3703 3198 3756 in
3245 3703 3515 3772 profunda

1937 3807 2119 3874 quiete
2145 3801 2415 3856 undarum
2446 3801 2674 3853 caerulea
2713 3797 3008 3851 serenitate
3043 3792 3318 3847 renidens.
3355 3791 3505 3845 Can-

1939 3897 2041 3950 dor
2080 3909 2242 3964 porro
2274 3888 2627 3948 circumdans
2659 3887 2924 3958 pupillum
2961 3884 3144 3938 vivum
3166 3891 3219 3937 et
3249 3883 3424 3952 ipsum
3452 3896 3516 3935 ac

1941 3989 2154 4047 lucens,
2181 3985 2516 4051 mistumque
2560 3996 2627 4036 ex
2687 3980 2770 4034 his
2820 3976 3077 4031 omnibus
3123 3977 3356 4046 gratiam
3404 3974 3514 4026 evi-

1938 4081 2134 4138 brabat
2183 4075 2713 4146 incomparabilem,
2758 4080 2816 4128 et
2865 4071 3146 4140 voluptate
3204 4069 3514 4124 incredibili

1938 4171 2190 4240 pascebat
2225 4169 2517 4222 intuentes.
2537 4164 2685 4219 Talis
2713 4163 2826 4218 fere
2847 4161 3031 4215 [renes
3055 4165 3110 4214 et
3136 4158 3308 4213 Alexii
3339 4155 3512 4210 forma

1938 4263 2171 4316 exstitit.
2218 4259 2451 4314 Patruus
2487 4273 2618 4313 vero
2656 4269 2813 4310 meus
2839 4251 3081 4307 lsaacius
3114 4258 3322 4305 statura
3358 4247 3518 4302 fratri

226 4365 475 4428 similis,
507 4380 579 4418 ne
651 4363 703 4416 iu
776 4365 984 4417 caeteris
1026 4363 1243 4433 quidem
1293 4366 1447 4421 valde
1494 4367 1883 4440 discrepabat,
1957 4373 2059 4427 sub
2109 4367 2378 4439 pallidiori
2438 4377 2616 4420 lamell
2683 4361 2854 4427 faeie;
2913 4375 3014 4414 nec
3071 4357 3238 4413 barba
3285 4357 3513 4411 m“"“"‘

227 4460 440 4520 densa,
517 4456 654 4524 quin
732 4465 785 4509 et
831 4456 897 4509 ad
955 4457 1126 4511 malas
1187 4459 1366 4512 minus
1422 4461 1653 4528 pilorum
1717 4465 1905 4519 habuit
1944 4481 2109 4534 quam
2146 4463 2313 4516 frater
2355 4461 2483 4514 licet
2525 4457 2732 4525 iunior.
2803 4454 3104 4508 Amborum
3136 4452 3248 4518 jam
3284 4452 3512 4504 fratrum

228 4563 550 4601 Cnlllnlllﬂc
611 4548 878 4612 studium,
917 4548 964 4603 si
1007 4549 1176 4602 otium
1219 4559 1370 4606 esset
1418 4566 1447 4604 a
1499 4554 1751 4622 negotiis,
1794 4557 2076 4626 indulgere
2129 4551 2427 4615 venationi,
2495 4550 2585 4604 cui
2623 4556 2805 4602 tamen
2845 4559 2970 4598 cum
3040 4543 3260 4596 occasio
3287 4543 3474 4595 aderat
3501 4559 3517 4581 ν

231 4647 506 4697 uilitiam
535 4641 920 4710 pmferebaut.
951 4644 1192 4699 lsaacius
1264 4661 1428 4714 porro
1473 4650 1564 4716 qui
1635 4655 1912 4707 exercitus
1954 4666 2099 4719 smpe
2132 4650 2409 4713 duetarat,
2442 4661 2564 4700 cum
2597 4640 3048 4697 committendum
3072 4647 3220 4693 esset
3247 4637 3516 4706 praelium.

234 4753 547 4806 manquam
587 4738 678 4790 alii
707 4739 911 4807 primas
945 4740 1174 4808 periculi
1209 4749 1302 4794 aut
1365 4742 1670 4799 lacessendi
1739 4748 1914 4801 hostis
1954 4745 2120 4800 dabat
2161 4763 2174 4797 :
2206 4759 2394 4797 verum
2428 4743 2550 4810 ipse
2581 4738 2838 4809 princeps
2869 4734 3033 4788 simul
3065 4731 3316 4786 Itosﬁlem
3342 4732 3517 4783 aciem

233 4837 466 4889 viderat
499 4837 556 4887 in
584 4849 707 4894 eam
743 4851 983 4906 praeceps
1050 4837 1284 4891 mediam
1330 4854 1475 4894 caeco
1513 4853 1568 4893 at
1618 4840 1882 4898 fulmineo
1921 4843 2126 4911 impetu
2167 4840 2468 4905 ferebatur,
2511 4849 2709 4906 magna
2741 4833 3060 4903 plerumque
3090 4836 3272 4896 strage
3314 4841 3377 4881 ac
3406 4826 3492 4877 dis

225 4929 495 4995 jCLliDlle
562 4927 914 4996 phalangem.
977 4928 1089 4997 78
1122 4928 1278 4983 Unde
1351 4941 1404 4985 et
1455 4933 1683 5003 contigit
1749 4943 1806 4987 ut
1856 4936 2022 4989 semel
2058 4943 2221 5002 atque
2282 4933 2480 4985 iterum
2518 4930 2572 4983 in
2615 4927 2741 4981 Asia
2785 4938 3036 4996 pugnans
3072 4936 3195 4976 cum
3235 4921 3517 4991 Agarenis,

234 5030 570 5083 caperetur.
609 5017 788 5083 Atque
821 5017 924 5070 huc
954 5019 1129 5071 solum
1165 5019 1217 5072 in
1246 5021 1459 5075 bellicis
1521 5023 1687 5078 rebus
1750 5024 2119 5093 vituperabile
2185 5031 2412 5091 patruus
2466 5018 2655 5074 habuit
2707 5031 2885 5081 meus,
2915 5015 3061 5086 quod
3092 5017 3145 5068 in
3177 5013 3518 5082 congressio-

235 5112 423 5163 nibus
460 5125 568 5162 non
603 5109 829 5179 regebat
861 5109 1146 5179 impetum.

1357 5248 1562 5310 Variae
1601 5249 1912 5311 lecliones
1951 5265 2030 5310 ex
2063 5248 2205 5309 cod.
2236 5247 2507 5309 Coislin.

315 5350 372 5384 ιδ
418 5346 595 5401 εἶπεν.
673 5349 721 5381 ⁸⁸
757 5348 1000 5418 ἰταμούς.
1075 5349 1118 5381 ⁸⁷
1159 5348 1469 5403 ἀπέστιλϐε.

1543 5349 1587 5380 ⁸⁸
1613 5343 1673 5403 οὗ
1705 5350 1846 5404 κατὰ
1873 5349 2029 5403 ἄλλα.

2105 5349 2150 5380 δ’
2183 5348 2435 5418 ὲπερρὀι
2461 5348 2684 5412 τούτοις.

1344 5487 1486 5548 Car.
1527 5487 1854 5549 Dufresnii
1881 5489 1974 5548 Du
2017 5485 2232 5565 Caugii
2271 5493 2456 5548 notae.

295 5610 462 5685 187)
499 5609 721 5663 Ἑάλω.
756 5606 824 5662 Ut
853 5624 881 5663 a
919 5607 1206 5665 Saracenis
1256 5615 1452 5677 captus
1495 5606 1657 5662 fuerit
1706 5607 1962 5674 lsaacius,
1995 5609 2242 5680 pluribus
2277 5615 2461 5661 narrat
2498 5605 2776 5676 Brvenius.
