3946 6206
453 415 564 478 275

1695 423 1921 487 ΑΝΝιΕ
1960 425 2344 492 ΟΟΜΝΕΝΑΞ

3556 434 3648 497 276

448 528 736 587 cothurnis
760 538 815 587 et
852 545 1053 587 corona
1086 529 1356 602 augustali
1413 539 1693 597 uteretur.
1738 542 1794 589 et
1824 550 2017 592 nomen

2125 542 2354 614 δωρεαῖς
2404 541 2499 597 καὶ
2559 538 2984 613 χρυσοδούλλοις
3063 537 3242 608 λόγοις
3284 539 3519 610 δεύτερος
3566 539 3647 595 τοῦ

444 625 568 695 ejus
635 638 760 679 cum
819 622 1007 680 Alexii
1086 623 1311 679 nomine
1367 625 1820 695 proclamaretur.
1890 627 2018 683 Haec

447 716 653 785 scripto
688 714 982 785 diplomate
1014 714 1273 786 bullaque
1305 717 1519 773 munito
1562 734 1727 775 aurea
1755 736 2017 777 concessa

447 808 501 861 in
533 823 690 863 usum
729 807 913 862 statim
946 815 1077 863 sunt
1097 808 1314 863 redacta
1341 851 1358 876 ,
1385 809 1688 880 positisque
1744 811 2018 867 Constan-

445 901 593 955 tinus
621 900 733 970 80
761 899 1042 973 polymitis
1067 914 1132 955 ac
1158 902 1454 972 variegatis
1476 944 1492 969 ,
1525 903 1764 974 perfecte
1816 905 2016 960 rubros

442 990 620 1046 induit
648 992 866 1065 calceos
886 1032 900 1055 ,
929 998 984 1045 et
1032 992 1084 1046 in
1118 992 1500 1064 largitionibus
1523 1033 1539 1058 ,
1583 995 1747 1050 bullis
1784 995 1969 1051 aureis
1998 1037 2012 1061 ,

444 1088 830 1159 similibusque
870 1090 1121 1154 chartis,
1185 1091 1411 1146 rubrica
1464 1090 1852 1148 subscrihebat
1906 1107 2013 1148 una

445 1199 572 1240 cum
622 1183 814 1240 Alexio
865 1187 1156 1256 Augusto,
1200 1193 1257 1239 et
1303 1185 1356 1240 in
1410 1185 1897 1255 supplicationibus
1949 1201 2016 1241 ac

444 1279 659 1350 pompis
695 1293 819 1334 cum
863 1278 1015 1333 nullo
1071 1277 1251 1333 medio
1299 1293 1424 1332 cum
1477 1278 1615 1333 tiara
1661 1278 2010 1347 sequebatur.

442 1373 677 1439 Quidam
734 1373 954 1428 ait-bant
1006 1373 1118 1427 haec
1156 1369 1268 1440 iam
1312 1370 1388 1425 illi
1431 1373 1642 1426 cavisse
1683 1386 1750 1425 ac
1784 1380 2009 1440 pactam

442 1467 619 1521 fuisse
657 1463 882 1520 Mariam
911 1466 1215 1533 Augustam
1236 1478 1360 1519 cum
1393 1462 1689 1518 Comneuis
1714 1474 2007 1532 antequam

442 1556 518 1610 illi
584 1556 933 1612 rebellarent.
966 1554 1101 1612 Utut
1133 1570 1194 1611 se
1224 1570 1310 1610 res
1339 1555 1536 1610 habeat
1561 1593 1576 1617 ,
1621 1555 1704 1609 his
1731 1561 1880 1609 certe
1925 1556 2007 1609 sic

443 1646 701 1715 perfectis
732 1648 971 1703 excessit
1001 1648 1093 1701 illa
1127 1647 1356 1717 palatio,
1393 1660 1591 1715 magno
1622 1646 1883 1701 comitatu
1915 1646 2011 1701 de—

440 1737 786 1802 ducentium,
821 1752 884 1791 ac
915 1750 1027 1806 pm
1047 1735 1263 1790 caneris
1294 1733 1484 1790 lsaacii
1518 1735 2012 1801 sebastocratoris;

2123 634 2313 690 λοιποῦ
2364 634 2801 706 συνυπογράφων
2853 628 2922 703 ἦν
2957 630 3047 687 διὰ
3092 631 3421 702 κιναὸάρεως
3452 632 3550 703 (97)
3584 632 3651 702 τῷ

2126 728 2338 799 βασιλεῖ
2399 728 2636 798 ’Δλεξίῳ,
2690 726 2790 782 κάν
2814 728 2936 790 ταῖς
2987 726 3340 797 προπομπαῖς
3386 724 3513 792 μετὰ
3566 724 3651 795 τῆς

2123 818 2410 889 βασιλικῆς
2448 820 2644 889 τιάρας
2674 817 3061 887 συνεπόμενος.
3106 813 3194 875 Ὦς
3230 811 3285 867 δέ
3306 830 3441 875 τινες
3471 813 3652 881 ἔφασαν

2121 911 2213 964 καὶ
2245 911 2354 982 πρὸ
2383 910 2481 980 τῆς
2510 910 2858 973 άποστασίας
2884 908 2984 970 τὰς
3014 907 3144 978 περὶ
3179 906 3371 959 τούτου
3409 905 3653 976 συνθήκας

2119 1000 2265 1073 εἶχεν
2292 1005 2325 1074 ή
2355 1002 2587 1072 βασιλὶς,
2652 1001 2718 1056 ἶν’
2763 1000 2907 1055 οὕτω
2938 1000 3008 1055 τὰ
3035 998 3177 1053 κατὰ
3227 998 3318 1051 τὸν
3372 998 3482 1050 υἱον
3507 997 3653 1069 αὐτῆς

2118 1094 2328 1164 γένοιτο
2349 1093 2483 1165 (98).
2514 1093 2669 1148 Οὕτω
2708 1092 2839 1163 γοῦν
2865 1092 2973 1148 τῶν
3003 1089 3291 1164 βασιλείων
3313 1088 3484 1158 εκείνη
3528 1088 3659 1159 ἐξέρ-

2117 1206 2273 1259 χεται
2330 1188 2469 1258 μετὰ
2525 1185 2865 1256 προπομπῆς
2919 1183 3079 1248 ἀξίας
3143 1184 3200 1236 ὲν
3255 1183 3365 1245 τοῖς
3418 1180 3550 1233 κατὰ
3574 1179 3659 1249 τὴν

2117 1280 2348 1350 μονὴν⁶¹⁵
2385 1279 2479 1331 τοῦ
2506 1277 2745 1349 μεγάλου
2791 1276 3072 1346 μάρτυρος
3100 1272 3375 1342 Γεωργίου
3410 1271 3553 1340 παρὰ
3578 1269 3658 1321 τοῦ

2117 1370 2557 1431 ἀποδεδωκότος
2610 1366 3023 1423 Κωνσταντίνου
3066 1365 3159 1419 τοῦ
3218 1362 3532 1434 Μονομάχου
3581 1359 3664 1431 βα·

2119 1460 2312 1524 σιλὲως
2336 1460 2787 1531 οἰκοδομηθεῖσαν
2810 1459 2853 1496 ⁸⁵
2886 1460 3186 1527 οἰκήμασιν
3217 1450 3662 1524 κατασκηνώσασα

2120 1550 2422 1621 (Μάγγανα
2450 1549 2625 1604 ταῦτα
2653 1552 2685 1619 ἡ
2717 1549 2873 1620 κοινὴ
2895 1548 3034 1601 Est.“
3053 1547 3343 1617 κικλήσκει
3366 1539 3660 1607 διάλεκτος),

2134 1640 2402 1695 ἰσαακίου
2439 1641 2884 1711 συνεφεπομένου
2951 1636 3130 1710 ταύτῃ
3174 1635 3272 1690 τοῦ
3321 1629 3666 1700 σεδαστοκρά-

2120 1749 2182 1786 το
2191 1750 2302 1803 ρος.

441 1832 800 1903 migravitque
849 1832 902 1885 in
966 1831 1113 1887 aedes
1157 1846 1186 1885 a
1232 1828 1597 1887 Constantino
1647 1829 2008 1887 Monomacho
2048 1830 2381 1900 imperatore
2412 1836 2761 1884 constructas
2784 1841 2954 1899 prope
2984 1825 3249 1896 templum
3275 1822 3449 1892 magni
3492 1818 3671 1889 Marty-

441 1924 517 1978 ris
550 1921 788 1994 Georgii,
819 1938 941 1993 qua:
966 1922 1153 1992 lingua
1171 1923 1378 1992 vulgari
1410 1921 1677 1992 Mangana
1710 1922 1817 1978 dici
1846 1922 2044 1978 solent.

450 2058 451 2061 η
510 2018 783 2073 Caeterum
814 2017 1111 2085 imperator
1144 2015 1450 2073 rectissime
1482 2017 1765 2074 institutus
1792 2034 1822 2070 ιι
1853 2032 2017 2087 puero

2198 2018 2279 2071 Τὰ
2306 2015 2407 2086 μὲν
2432 2012 2527 2069 οὖν
2550 2015 2616 2068 τὰ
2647 2014 2789 2069 κατὰ
2815 2015 2861 2047 ⁸⁷
2892 2013 2992 2081 τὴν
3024 2011 3283 2083 βασιλίδα
3312 2008 3526 2080 Μαρίαν
3546 2006 3672 2062 οὕτω

441 2110 779 2180 monitisque
843 2108 1221 2179 religiossimze
1252 2110 1445 2164 matris
1501 2111 1567 2165 ad
1618 2109 1714 2167 Dei
1765 2111 2017 2165 timorem

441 2217 633 2256 verum
665 2200 972 2270 intimoque
1010 2208 1337 2270 conceptum
1362 2201 1547 2256 animo
1572 2200 1731 2256 (ictus
1760 2217 1826 2257 ex
1855 2201 2019 2270 longo

441 2293 844 2360 formatusque,
867 2290 1221 2348 mordebatur
1258 2292 1461 2347 acerbo
1489 2307 1654 2347 sensu
1682 2292 2021 2364 paenitentiae

444 2384 511 2438 ad
548 2384 865 2440 memoriam
903 2382 1105 2452 ubique
1134 2380 1352 2437 obviam
1376 2383 1549 2438 cladis
1567 2384 1826 2448 civitatis,
1857 2385 2020 2455 cujus

441 2491 634 2531 omnes
660 2474 861 2546 passim
895 2474 1088 2528 incola:
1123 2485 1367 2531 extrema
1397 2477 1668 2530 malorum
1698 2491 1762 2531 ac
1795 2476 2022 2530 calami-

441 2566 570 2621 tatis
605 2566 845 2636 perpessi
887 2573 1042 2619 erant
1084 2563 1142 2618 in
1184 2564 1433 2635 ingressu
1460 2563 1887 2621 Comneuorum.
1922 2562 2021 2617 Ef-

442 2659 651 2714 fectum
687 2657 851 2712 habet
878 2656 1148 2712 interdum
1197 2657 1401 2711 malum
1451 2672 1539 2713 res
1590 2658 1821 2726 optima,
1856 2657 2021 2710 inno-

445 2750 625 2805 centia
666 2749 854 2820 lapsus
884 2764 1084 2820 expers
1113 2750 1318 2815 omnis,
1339 2764 1464 2804 eum
1493 2750 1585 2819 qui
1619 2749 1752 2803 nihil
1780 2762 2017 2819 unquam

445 2840 727 2897 offenderit
759 2843 814 2897 in
845 2841 1152 2909 superbiam
1211 2856 1277 2894 ac
1312 2841 1576 2895 tumidam
1633 2839 2020 2911 prmﬂtlentiam

446 2935 698 2991 ell'erens.
724 2936 795 2989 At
822 2934 913 3004 qui
946 2934 1196 2997 offendit,
1224 2934 1269 2990 si
1294 2943 1349 2989 et
1377 2934 1511 2989 bene
1530 2934 1821 2989 institutus
1840 2934 1894 2988 in
1929 2934 2021 2989 Dei

447 3027 595 3083 cultu
644 3035 699 3080 et
744 3035 940 3081 natura
977 3026 1221 3096 prudens
1275 3025 1394 3089 sit,
1445 3025 1629 3078 statim
1684 3024 1773 3078 Dei
1827 3024 2025 3077 timore

447 3126 810 3188 compunctus
839 3125 1218 3171 commovetur
1264 3115 1448 3170 animo
1500 3130 1566 3169 ac
1614 3114 1839 3169 salutari
1886 3129 2022 3167 cons

449 3209 699 3264 turbatur
762 3218 930 3274 metu,
971 3206 1270 3277 praesertim
1311 3207 1357 3261 si
1385 3220 1610 3276 magnas
1633 3222 1718 3262 res
1736 3220 2024 3276 aggressus

447 3311 501 3358 et
536 3301 591 3358 in
617 3302 786 3357 altum
822 3316 887 3355 ac
932 3315 1171 3371 praeceps
1223 3298 1498 3368 fastigium
1537 3308 1758 3354 evectus
1791 3338 1806 3362 ,
1861 3314 2020 3370 egere

447 3403 581 3450 tunc
625 3408 748 3449 cum
814 3392 1049 3448 maxime
1105 3406 1164 3447 se
1214 3390 1416 3446 sentiat
1460 3390 1713 3459 praesenti
1765 3389 2018 3445 Numinis

446 3483 654 3540 auxilio
685 3501 700 3538 :
731 3497 842 3554 quo
871 3481 1147 3537 abnuente
1178 3495 1241 3534 ac
1281 3492 1475 3534 averso
1505 3479 1635 3548 quid
1695 3489 2019 3548 exspectan-

446 3579 575 3634 dum
605 3575 774 3641 aliud,
815 3589 978 3645 quam
1012 3571 1129 3627 fore
1165 3580 1223 3626 ut
1256 3586 1462 3637 errore,
1495 3573 1737 3627 amentia
1775 3615 1789 3639 ,
1826 3585 2019 3628 contu-

448 3670 608 3726 melia
642 3683 882 3740 praeceps
912 3666 1006 3737 qui
1033 3663 1199 3721 Deum
1225 3665 1388 3721 habet
1420 3666 1716 3731 infensum,
1753 3669 1805 3721 in
1838 3669 2019 3724 scelus

445 3778 612 3820 omne
644 3776 812 3817 ruens
838 3773 891 3816 et.
916 3760 1154 3816 divinam
1184 3759 1236 3813 in
1265 3776 1326 3815 se
1359 3759 1494 3813 iram
1523 3769 1812 3830 exaugeat.
1839 3768 1893 3814 et
1920 3760 2019 3814 hoe

451 3855 658 3911 utinam
692 3854 901 3909 ultione
934 3866 1229 3923 provocata
1262 3852 1463 3907 throno
1487 3867 1645 3921 quem
1677 3851 1913 3908 insidere
1932 3854 2018 3907 vix

446 3955 690 4015 temperat
717 3946 899 4001 statim
929 3946 1253 4000 exturbetur
1278 3956 1441 4014 atque
1468 3944 1753 3999 evolvatur
1803 3946 1856 3999 in
1915 3945 2017 3999 mi.

447 4040 651 4094 seriam
680 4039 924 4091 ultimam
954 4038 977 4091 2’
1013 4038 1205 4103 Qualia
1240 4053 1461 4107 passum
1493 4038 1769 4105 quondam
1799 4036 2017 4090 Saulem

446 4123 696 4187 scimus,
747 4125 908 4193 cujus
939 4124 1011 4177 ob
1061 4125 1267 4178 crimen
1316 4124 1576 4179 scindens
1624 4125 1825 4180 scindit
1876 4125 2021 4181 Dens

446 4231 674 4286 regnum
708 4215 906 4285 ipsius.
934 4214 1136 4270 Harum
1171 4216 1313 4272 tristi
1346 4229 1581 4270 occursu
1613 4216 2017 4285 cogitationum

447 4303 655 4358 intimis
687 4317 926 4360 most-ens
962 4306 1220 4361 sensibus
1248 4303 1495 4367 Alexius,
1530 4302 1941 4374 formidansque
1966 4314 2021 4358 et

445 4408 692 4453 aestuans
723 4397 906 4453 animo
945 4407 1202 4467 tanquam
1243 4412 1363 4451 mox
1400 4396 1712 4451 iucubitura
1757 4396 1809 4450 in
1860 4407 2023 4469 caput

446 4490 623 4561 ipsius
652 4490 891 4547 vindicta
925 4491 1017 4547 Dei
1046 4490 1422 4553 severissima.
1454 4492 1655 4562 quippe
1705 4491 1775 4547 ob
1807 4501 2018 4547 tantum

447 4593 656 4641 actam
707 4584 990 4655 multiplex
1036 4585 1242 4639 crimen
1293 4584 1542 4653 eXpilata:
1593 4583 2021 4654 deformataeque

2122 2109 2275 2179 παρὰ
2292 2109 2403 2163 τῶν
2437 2107 2739 2179 Κομνηνῶν
2758 2106 3106 2177 ᾠκονόμητο.
3155 2105 3218 2158 '0
3241 2103 3300 2157 δέ
3341 2118 3403 2171 γε
3424 2100 3670 2169 αὐτοκρά-

2120 2220 2233 2274 τωρ
2285 2202 2536 2264 παιδείας
2568 2203 2632 2253 ἐκ
2673 2198 2872 2268 νηπίου
2916 2196 3096 2267 τυχὼν
3156 2195 3396 2264 ἀγαθῆς,
3432 2187 3671 2260 καὶπρὸς

2118 2295 2218 2358 τάς
2246 2292 2526 2356 νουθεσίας
2550 2292 2648 2364 τῆς
2682 2291 2891 2362 μητρὸς
2955 2289 3148 2344 ἑαυτὸν
3180 2286 3525 2351 άπευθῷνων.
3588 2280 3668 2335 τὸν

2119 2386 2215 2440 τοῦ
2247 2384 2385 2438 Θεοῦ
2417 2384 2581 2451 φόϐον
2629 2380 3121 2452 ὲνστερνισάμενον
3150 2378 3203 2410 ⁸³
3259 2378 3356 2432 καὶ
3409 2373 3668 2444 ὲγκάρῖιον

2122 2477 2284 2548 ἔχων,
2316 2476 2578 2530 ἐδάκνετο
2615 2472 2925 2543 ἀνιώμενος
2958 2473 3054 2525 ἐπὶ
3085 2474 3151 2541 τῇ
3181 2470 3286 2541 τῆς
3329 2468 3529 2528 πόλεως
3554 2480 3670 2531 προ-

2123 2573 2287 2640 νομῇ.
2315 2568 2383 2639 ήν
2416 2568 2558 2621 κατὰ
2587 2565 2687 2636 τὴν
2714 2565 3019 2619 είσέλευσιν
3049 2561 3221 2616 αὑτοῦ
3256 2559 3459 2622 πάντες
3488 2554 3674 2622 πανδη-

2125 2662 2218 2731 μεὶ
2268 2660 2682 2714 ἐπεπόνθεισαν.
2747 2658 2821 2711 Τὸ
2878 2657 2976 2728 μὲν
3028 2656 3138 2724 γάρ
3199 2654 3499 2710 ἄπταιστον
3560 2647 3674 2704 ἴσως

2125 2756 2205 2819 είς
2233 2754 2278 2787 ⁸⁵
2303 2754 2565 2808 ἀπόνοιαν
2597 2751 2722 2818 ἄγει
2747 2749 2835 2803 τὸν
2868 2749 2991 2819 μηδ’
3017 2749 3167 2807 ὅπως
3202 2763 3259 2801 τι
3302 2743 3395 2798 οὖν
3458 2754 3673 2812 προσκε-

2125 2845 2400 2915 κρουκότα
2463 2847 2577 2906 τοῖς
2638 2843 2965 2911 πράγμασιν
2998 2856 3011 2872 ·
3049 2841 3077 2893 ὁ
3121 2837 3180 2890 δέ
3240 2854 3308 2905 γε
3347 2826 3675 2901 ἐξαμαρτὼν,

2124 2938 2285 3008 εἴπερ
2316 2940 2432 2991 ἐστὶ
2465 2938 2574 2990 τῶν
2602 2936 2899 2990 εὐλαϐεστέ
2909 2950 3018 3003 ρων
3037 2931 3264 2987 καὶτῶν
3293 2927 3419 2982 νοῦν
3444 2925 3675 2995 ἐχόντων,

2125 3032 2326 3086 αὐτίκα
2353 3030 2444 3083 τὸν
2480 3029 2576 3083 τοῦ
2598 3029 2733 3081 Θεοῦ
2770 3029 2815 3059 ⁷⁵
2872 3026 3130 3097 βάλλεται
3188 3025 3338 3078 κατὰ
3384 3018 3560 3090 ψυχὴν
3601 3012 3684 3066 καὶ

2125 3125 2260 3187 ὅλως
2318 3124 2736 3177 κατακλονεῖται
2784 3119 2880 3173 καὶ
2934 3118 3166 3179 δέδοικε,
3205 3116 3317 3171 καὶ
3366 3111 3563 3183 μᾶλλον
3587 3106 3688 3171 εἴτε

2128 3211 2470 3283 πραγμάτων
2528 3210 2780 3280 μεγάλων
2832 3206 3290 3277 ἐπιδραξάμενιος
3343 3204 3452 3273 εἴη,
3508 3198 3593 3254 καὶ
3621 3196 3689 3255 εἰς

2127 3305 2510 3373 ὑπερηφάνους
2542 3304 2755 3356 ἀνέλθοι
2792 3301 3099 3371 περιωπάς.
3173 3300 3316 3364 Δέος
3376 3296 3483 3365 γὰρ
3543 3289 3688 3345 αὑτὸν

2123 3396 2474 3466 ὑποθράττει,
2511 3394 2584 3464 μή
2619 3410 2734 3455 πως
2767 3392 2976 3463 ἀμαθίᾳ
3001 3392 3095 3444 καλ⁵
3132 3388 3339 3459 θράσει
3395 3385 3489 3439 καὶ
3549 3380 3689 3448 ὕϐρει

2123 3490 2489 3560 πορευόμενος
2520 3487 2610 3538 τόν
2644 3503 2703 3538 τε
2737 3485 2908 3554 θυμὸν
2955 3483 3049 3537 τοῦ
3091 3480 3236 3534 Θεοῦ
3267 3482 3351 3544 είς
3389 3476 3579 3533 ἑαυτὸν
3609 3473 3691 3523 ἐκ·

2121 3582 2425 3650 καλέσηται
2452 3580 2549 3632 καὶ
2577 3578 2673 3646 τῆς
2707 3577 2885 3647 ἀρχῆς
2947 3574 3303 3638 ὲκκυλισθεὶς
3333 3569 3692 3635 ὰποπέσηταιν

2119 3667 2195 3725 ὧν
2235 3673 2373 3735 τέως
2446 3670 2723 3741 ἐγκρατὴς
2772 3670 3021 3737 γέγονεν.
3084 3661 3187 3720 Οἷα
3255 3665 3354 3719 καὶ
3405 3662 3485 3731 τῷ
3538 3653 3694 3711 Σαοὺλ

2123 3764 2462 3834 συμϐεϐήκει
2502 3761 2632 3815 ποτέ
2665 3778 2679 3792 ·
2735 3760 2832 3813 καὶ
2880 3759 2989 3829 γάρ
3018 3761 3045 3811 ὁ
3082 3756 3216 3819 Θεὸς
3267 3756 3362 3810 διὰ
3407 3756 3471 3809 τδ
3493 3749 3584 3814 τοῦ
3613 3747 3698 3817 βα·

2124 3857 2318 3919 σιλέως
2349 3854 2653 3909 ἀτάσθαλον
2705 3854 3057 3925 διαρῤήσσων
3120 3850 3388 3921 διέρρηξε
3430 3845 3527 3916 τὴν
3560 3842 3695 3911 βασι·

2121 3952 2272 4004 λείαν
2326 3948 2513 4003 αὑτοῦ.
2571 3944 2795 4009 Τούτοις
2857 3944 3101 3999 ἁλύωντι
3151 3945 3270 4006 τοῖς
3340 3936 3623 4005 λογισμοῖς
3672 3928 3699 3982 6

2134 4042 2371 4108 ’Δλέξιος
2439 4040 2529 4094 καὶ
2559 4037 2959 4109 παθαινόμενος
3008 4037 3106 4107 τὴν
3133 4035 3322 4105 ψυχὴν
3393 4032 3578 4103 μήπου
3615 4022 3700 4078 καὶ

2123 4133 2261 4186 Θεοῦ
2320 4133 2585 4201 ἄντικρυς
2641 4132 2858 4202 μήνιμα
2917 4129 3132 4197 γένοιτο
3158 4127 3244 4193 (τὸ
3300 4126 3417 4196 γάρ
3452 4124 3534 4186 εις
3584 4116 3701 4186 ὅλην

2121 4223 2222 4290 τὴν
2253 4221 2411 4276 πόλιν
2437 4219 2664 4290 γεγονὸς
2693 4219 2865 4274 κακὸν
2895 4217 3027 4287 παρ’
3062 4216 3301 4271 ἑκάστου
3332 4216 3383 4247 ⁷⁸
3420 4211 3531 4265 τῶν
3559 4220 3704 4276 στρα-

2122 4313 2355 4376 τιωτῶν,
2430 4312 2627 4376 ὁπόσος
2710 4309 3016 4382 τηνικαῦτα
3092 4306 3371 4377 συρφετὸς
3450 4301 3557 4359 ἀνά
3606 4296 3704 4351 πᾶ·

2125 4423 2224 4460 σαν
2285 4405 2384 4472 τὴν
2440 4404 2596 4457 πόλιν
2655 4403 3016 4474 ἐπέρῤευσεν,
3071 4400 3204 4453 ῐδιον
3268 4391 3585 4467 ἐλογίζετο)
3618 4388 3704 4443 καὶ

2123 4496 2199 4559 ὡς
2237 4495 2399 4559 αὐτὸς
2459 4493 2536 4547 ὢν
2590 4494 2799 4557 ἐκεῖνος
2849 4494 2877 4545 ό
2924 4491 2996 4544 τὰ
3025 4490 3294 4544 πάνδεινα
3350 4488 3546 4539 ἐκεῖνα
3566 4475 3708 4534 κακά

2124 4588 2506 4661 ἐργασάμενον
2533 4587 2578 4620 ⁷³
2652 4582 3128 4654 κατετιτρώσκετό
3172 4599 3235 4635 τε
3330 4580 3433 4634 καὶ
3498 4569 3708 4643 ἔξεφλέ-

444 4674 709 4732 civitatis.
741 4673 878 4731 Nam
910 4676 1175 4746 quidquid
1212 4675 1303 4730 illa
1333 4674 1595 4731 colluvies
1629 4677 1803 4732 mistae
1838 4676 2017 4731 multi-

2127 4698 2255 4751 γετο
2316 4678 2617 4751 βασιλείαν,
2677 4678 2773 4730 καὶ
2823 4677 3047 4747 κράτος,
3102 4674 3199 4728 καὶ
3249 4669 3590 4742 ἁλουργίδα,
3621 4661 3709 4717 καὶ

445 4767 654 4823 tudinis
679 4767 883 4824 ftrdum
916 4768 1297 4839 improbumve
1327 4782 1423 4839 per
1464 4767 1739 4824 licentiam
1780 4769 2021 4824 victoria:

446 4858 502 4912 in
534 4867 690 4928 capta
737 4859 870 4914 urbe
897 4858 1280 4929 designaverat
1307 4874 1371 4914 ac
1428 4856 1634 4914 fecerat
1664 4898 1681 4920 .
1713 4858 2018 4930 imputabat

2126 4773 2366 4843 διάδημα
2437 4768 2854 4838 λιθοκόλλητον,
2933 4768 3028 4821 καὶ
3086 4766 3294 4836 ἐσθῆτα
3376 4762 3596 4836 χρυσῆν
3648 4772 3705 4809 τε

2126 4865 2221 4943 καὶ
2251 4864 2674 4935 περιμάργαρον
2731 4861 2908 4927 οὐδὲν,
2957 4858 3033 4923 ὥς
3086 4874 3149 4928 γε
3178 4856 3240 4912 τὸ
3272 4857 3458 4923 εἰκὸς,
3510 4848 3703 4922 λογιζό-

1524 4976 1730 5039 Varitn
1770 4977 2084 5043 lectiones
2109 4996 2186 5041 ex
2217 4980 2358 5043 cod.
2388 4977 2661 5042 Coislin.

518 5084 564 5116 ιι
583 5082 809 5149 γίςοιτο,
885 5082 931 5114 οι
946 5081 1423 5152 οἰκοδομηθεῖσινη
1497 5082 1543 5115 ⁸⁸
1575 5084 1763 5138 εἰσέτι.

445 5154 492 5189 τι
515 5153 719 5210 ἀλύων,
802 5152 1091 5205 ηικεινου.
1130 5151 1199 5185 ⁷⁸
1223 5151 1590 5221 ἐογασάμνος.

1859 5085 1905 5116 "
1936 5085 2095 5140 κατά.

2209 5087 2255 5119 ⁸³
2286 5085 2788 5156 ἑνστερνισάμενος.
2886 5083 2931 5116 ⁸³
2962 5080 3179 5144 καὶείς.
3250 5080 3304 5114 ⁷⁸
3341 5079 3492 5135 Θεοῦ
3522 5076 3708 5149 φόδον.

1562 5246 1698 5307 Car.
1735 5248 2059 5311 Dufresnii
2095 5252 2188 5312 Du
2223 5249 2445 5330 Cattgii
2479 5257 2644 5312 nota)

522 5348 635 5413 (97)
671 5347 775 5400 Διὰ
811 5344 1225 5413 κινναϐάρεως.
1268 5343 1381 5401 Leo
1404 5344 1707 5403 Grammat.
1740 5348 1794 5402 itt
1830 5347 2013 5406 Leone

450 5420 702 5476 Philas»:
736 5414 907 5489 Τοῦτο
933 5415 1029 5468 καὶ
1051 5414 1359 5489 πεποίηκεν
1387 5417 1415 5468 ό
1464 5416 1741 5489 βασιλεὺς,
1792 5419 2012 5489 γράψας

446 5491 536 5545 διά
563 5487 965 5558 κινναϐάρεως,
993 5485 1444 5558 καὶ-ἀποστείλας
1469 5485 1620 5558 μετά
1682 5485 2014 5558 χρυσοϐουλ-

368 5589 372 5593 ι
446 5562 565 5614 λίου
601 5554 812 5614 ἔνδοθεν
842 5554 1068 5627 φαθλίου
1097 5554 1342 5627 βραχέως
1374 5554 1839 5627 τρακτοῦηξεθ
1878 5557 2011 5611 Gre-

450 5633 640 5698 gorius
670 5630 732 5684 ll.
770 5624 872 5683 PP'.
894 5625 969 5698 ad
1007 5625 1387 5698 Leon.__lsaur.
1445 5624 1581 5695 lmp.
1612 5624 1770 5698 Cui»;
1794 5624 2010 5683 ’ἥκει-ω

449 5695 575 5762 itur,
605 5713 651 5752 el
687 5716 788 5751 non
825 5697 1013 5752 aliena:
1067 5695 1256 5765 sigillis
1313 5695 1668 5760 imperatoriis
1721 5696 2011 5764 obsignata:

447 5779 635 5831 essettt,
674 5785 735 5820 ac
771 5778 1035 5821 accurata:
1063 5767 1204 5820 intus
1228 5765 1641 5834 subscriptiones
1683 5781 1775 5830 per
1823 5770 2009 5820 cinna-

450 5838 622 5891 barim
663 5840 876 5906 propria
903 5852 1065 5890 manu
1118 5844 1233 5905 tua,
1265 5846 1322 5888 ut
1354 5851 1464 5890 mos
1493 5843 1569 5889 est
1598 5837 2007 5904 imperatoribus

2117 5353 2466 5408 subscribere.

2189 5426 2302 5493 (98)
2356 5426 2461 5477 Ἐν
2503 5422 2627 5488 τοῖς
2670 5420 2821 5493 κατά
2867 5435 2983 5488 την
3002 5418 3221 5489 μονήν.
3249 5419 3402 5474 Vide
3435 5425 3497 5493 e_t
3527 5411 3713 5493 c_onf_er

2118 5485 2410 5547 Zonaram.
2459 5485 2727 5547 Palatium
2778 5485 3168 5562 Mangan'orum
3208 5488 3505 5562 exstruxit
3527 5485 3711 5562 _B_a‘s_il.

2117 5563 2359 5637 Macedo.
2393 5574 2463 5637 ut_
2484 5575 2675 5637 auctor
2706 5570 2791 5617 est
2813 5555 3098 5637 Scilitzes.
3122 5560 3181 5614 ιιι
3211 5555 3719 5637 interiorePhilo-

2115 5632 2262 5701 patio
2301 5634 2494 5688 statuit
2543 5632 2796 5696 Niretas,
2848 5627 2943 5700 qui
2977 5639 3249 5701 prpterea
3284 5629 3363 5681 ab
3398 5627 3726 5681 Andronico

2115 5697 2397 5759 Cuumcno
2430 5703 2773 5757 destructum
2811 5697 3005 5758 refert.
3034 5699 3170 5756 Vide
3208 5697 3425 5755 Tract.
3472 5704 3729 5754 nostrum

2117 5774 2184 5829 de
2216 5788 2337 5842 cap.
2365 5772 2420 5830 S.
2453 5771 2609 5828 Joan.
2646 5771 2705 5827 Β.
2735 5787 2856 5843 cap.
2889 5772 2943 5838 8,
2976 5788 3031 5827 n.
3066 5772 3122 5827 8.
