3946 6206
223 399 314 460 2'17
1412 396 1824 459 ALEXIADIS
1861 399 1990 459 LIB
2052 399 2168 460 ΠΥ.

3366 404 3496 468 278'

226 528 376 583 μενος
405 509 544 581 πρὸς
577 509 680 581 τὴν
708 508 830 564 τότε
861 508 1242 581 κατασχοῦσαν
1260 511 1639 583 ἀπεριήγητον
1664 529 1798 583 συμ-

1909 517 2028 585 ipse
2066 515 2196 581 sibi,
2235 525 2289 572 et
2328 523 2592 590 tanquam
2626 518 2883 592 proprius
2909 528 3072 593 atque
3122 535 3266 578 unus
3297 531 3489 578 auctor

227 604 388 674 φορὰν
415 603 517 669 τὴν
552 601 808 672 βασιλίδα
844 600 953 654 τῶν
989 601 1219 654 πόλεων.
1253 599 1336 654 Τὰ
1363 601 1473 671 γὰρ
1522 617 1799 672 περιστοι-

221 702 453 770 χήσαντα
484 698 529 729 ⁷⁸
559 697 768 766 ταύτην
802 696 950 751 δεινὰ
977 693 1102 749 κατ’
1153 696 1329 748 ἐκεῖνο
1361 693 1557 766 καιροῦ
1621 695 1802 761 οὐδεὶς

221 795 280 847 ἂν
340 795 440 846 καὶ
503 792 677 846 θέλων
725 789 1095 861 διηγήσασθαι
1124 789 1330 844 ’⁸.Καὶ
1355 791 1468 862 γὰρ
1513 789 1609 844 καὶ
1657 791 1800 846 αὐτὰ

223 887 500 956 ίερὰ,,καὶ
546 884 776 956 τεμένη,
805 884 898 936 καὶ
929 883 996 936 τὰ
1027 881 1206 946 κοινὰ,
1233 880 1328 934 καὶ
1359 882 1429 934 τὰ
1460 881 1587 946 ῐδια,
1621 882 1800 936 ἁπαν-

221 977 447 1047 ταχόθεν
480 977 586 1029 ὑπὸ
611 976 834 1029 πάντων
860 973 1303 1045 καθηρπάζοντο·
1335 973 1401 1027 τὰ
1441 974 1496 1026 δὲ
1539 968 1654 1028 ὦτα
1691 973 1800 1028 τῶν

218 1073 474 1125 ἁπάντων
496 1069 987 1140 κατακεκρότηντο
1013 1071 1135 1131 ταῖς
1173 1067 1570 1138 ῥιπτουμέναις
1621 1068 1798 1120 ἁπαν-

217 1164 384 1234 ταχοῦ
418 1164 570 1233 βοαῖς
597 1165 693 1216 καὶ
711 1164 949 1232 φωναῐςο
971 1163 1130 1232 εἴπερ
1151 1163 1218 1217 ἄν
1246 1179 1331 1224 τις
1361 1159 1484 1214 ἰδὼν
1510 1159 1734 1228 σεισμὸν
1756 1161 1801 1192 ⁷⁸

220 1251 355 1308 εἷται
419 1255 482 1308 τὸ
522 1255 832 1322 γινόμενον.
880 1253 1069 1306 Ταῦτα
1117 1255 1199 1315 εἰς
1248 1251 1373 1306 νοῦν
1417 1249 1747 1321 βαλλόμενος
1774 1249 1802 1300 ὁ

228 1347 467 1412 Ἀλέξιος
501 1348 697 1416 ὴνιᾶτό
735 1365 794 1400 τε
824 1348 924 1418 τὴν
962 1345 1142 1417 ψυχὴν
1169 1345 1264 1398 καὶ
1317 1342 1800 1412 κατεσπαράττετο

217 1439 299 1490 καὶ
333 1438 441 1492 οὐκ
482 1435 631 1509 εἶχεν
663 1439 694 1493 ὅ
746 1455 796 1491 τι
834 1436 914 1507 τῷ
941 1435 1140 1507 πλήθει
1163 1435 1263 1504 τῆς
1295 1435 1475 1505 λύπης
1507 1434 1797 1504 χρήσαιτο.

214 1526 310 1584 Ἦν
361 1531 474 1604 γὰρ
508 1533 537 1585 δ
597 1533 739 1603 ἀνὴρ
788 1533 868 1594 sl;
921 1529 1178 1598 αἴσθησιν
1237 1529 1412 1583 ἐλθεῖν
1466 1526 1562 1580 τοῦ
1617 1524 1802 1584 κακῶς

217 1626 615 1694 πεπραγμένου
664 1624 1016 1678 παντάπασιν
1066 1621 1346 1689 ὀξύτατος.
1373 1621 1481 1674 Καὶ
1503 1618 1677 1672 ταῦτα
1702 1617 1801 1689 μὲν

219 1719 278 1771 τὰ
317 1717 706 1786 προγεγο-οτα
742 1715 829 1785 ἐφ’
863 1713 946 1779 οἷς
992 1717 1025 1786 ἡ
1058 1715 1215 1778 πόλις
1249 1711 1504 1783 πονηρῶς
1541 1709 1797 1781 ἔπραξεν,

220 1810 323 1879 ᾔδει
355 1810 463 1880 μὲν
492 1808 568 1872 ὡς
600 1808 805 1879 ἑτέρων
827 1811 1008 1880 χεῖρες
1043 1807 1140 1861 καὶ
1187 1806 1405 1876 γνῶμαι
1438 1804 1804 1875 διενηργήκα·

220 1919 314 1966 σιν,
348 1900 499 1955 ἀλλὰ
530 1901 750 1972 συνῄδει
771 1903 866 1955 καὶ
893 1900 1052 1954 τοῦτό
1086 1917 1149 1968 γε
1183 1899 1582 1970 ἀκριϐέστατα,
1609 1896 1802 1960 ama;

220 1995 513 2058 ὑποθέσεις
539 1997 634 2048 καὶ
660 1995 762 2059 τὰς
794 1993 972 2065 ἀρχὰς
1002 1993 1096 2048 τοῦ
1121 1993 1328 2056 πάθους
1359 1991 1519 2054 αὐτὸς
1543 1990 1798 2044 δέδωκενο

217 2089 361 2160 αὑτῷ
400 2089 460 2144 δὲ
499 2091 664 2143 πάλιν
692 2090 792 2160 τῆς
825 2088 1164 2153 ἀποστασίας
1195 2088 1360 2142 αἴτιοι
1392 2087 1440 2139 οἱ
1470 2086 1574 2157 ἥδη
1607 2085 1806 2156 ρηθέν-

214 2200 294 2247 τες
318 2184 510 2237 δοῦλοι
539 2184 857 2253 γεγόνασιν.
904 2181 1065 2237 Ἀλλὰ
1097 2182 1193 2235 καὶ
1229 2181 1303 2244 ὠς
1327 2179 1509 2250 ἑαυτῴ
1531 2180 1632 2250 τὴν
1661 2178 1803 2232 ᾶπα-

216 2293 305 2329 σαν
328 2277 680 2346 προσάπτων
727 2276 913 2330 αίτίαν
961 2273 1302 2346 θεραπεῦσαι
1350 2272 1410 2324 τὸ
1452 2271 1672 2342 τραῦμα
1709 2270 1804 2323 καὶ

215 2371 478 2439 ἐπεζήτει
518 2373 614 2423 καὶ
667 2371 896 2440 ἤθελεν·
960 2370 1103 2423 οὓτω
1145 2368 1252 2440 γὰρ
1311 2368 1378 2422 ἂν
1413 2366 1508 2419 καὶ
1535 2367 1671 2435 μετὰ
1703 2365 1804 2437 τὴν

213 2463 477 2534 τοιαύτην
513 2463 820 2533 θεραπείαν
863 2462 959 2518 καὶ
1003 2462 1112 2515 τῶν
1135 2462 1180 2494 ⁷⁷
1230 2462 1445 2515 τουτονὶ
1512 2459 1804 2530 καθαρμὸν

210 2554 522 2627 ἐπιχειροίη
587 2557 698 2618 τοῖς
753 2555 853 2625 τῆς
914 2554 1196 2625 βασιλείας
1244 2553 1540 2624 πράγμασι
1592 2554 1688 2606 καὶ
1734 2551 1804 2604 τὰ

210 2648 340 2701 κατὰ
378 2664 444 2715 γε
480 2645 588 2718 [τε]
622 2647 715 2700 τὸν
753 2647 986 2718 στρατὸν
1039 2647 1184 2702 κατὰ
1222 2664 1281 2699 τε
1337 2646 1466 2710 τοὺς
1529 2647 1803 2715 πολέμους

210 2738 387 2803 καλῶς
423 2740 658 2794 διιθύνοι
685 2742 781 2794 καὶ
807 2741 1068 2809 διεξάγοι.
1106 2741 1480 2812 Προσέρχεται
1509 2741 1692 2794 τοίνυν
1733 2742 1800 2811 τῇ

211 2831 401 2902 μητρὶ,
477 2832 862 2886 ἀνακοινοῦται
917 2833 977 2886 τὸ
1027 2831 1317 2887 ἐπαινετὸν
1362 2832 1540 2894 πάθος
1597 2821 1798 2895 ἐκεῖνο,

209 2921 519 2991 θεραπείας
578 2925 782 2993 τρόπον
834 2923 1100 2995 ἀναζητεῖ
1157 2925 1250 2978 καὶ
1298 2924 1629 2994 ἀπαλλαγῆς
1692 2924 1803 2978 τῶν

207 3014 624 3080 ὕποκνιζόντων
641 3017 808 3070 αὑτοῦ
835 3018 936 3089 τὴν
959 3018 1290 3089 συνείδησιν.
1329 3019 1391 3070 Ἥ
1415 3019 1471 3072 δὲ
1496 3017 1801 3082 ἀσπάζεται

207 3109 290 3160 τὸν
318 3109 446 3163 υἱὸν
480 3110 577 3163 καὶ
602 3111 855 3180 ἀσμένως
887 3111 1102 3180 δέχεται
1131 3111 1200 3164 τὰ
1234 3111 1517 3181 λεχθέντα.
1540 3112 1802 3166 Μετακα-

1904 618 2170 680 actorque
2203 611 2395 666 talium
2434 613 2679 669 omnium
2711 614 2796 670 sic
2826 615 3332 671 convulnerabatur
3359 631 3490 672 ure-

1903 701 2177 774 baturque
2206 705 2332 761 imis
2362 706 2683 776 praecordiis
2745 708 2954 779 ingenti
3007 710 3060 763 vi
3107 710 3442 780 poenitentiae
3469 750 3484 773 .

1902 809 2066 863 quam
2090 811 2200 850 non
2222 797 2532 867 imperium,
2553 813 2660 854 non
2681 815 2946 870 purpura,
2966 817 3074 855 non
3094 802 3341 856 diadema
3358 817 3488 857 eon-

1902 894 2052 941 textu
2091 903 2430 958 gemmarum
2466 891 2838 956 eiﬂorescens,
2873 909 2979 947 non
3009 894 3178 949 vestis
3211 909 3346 948 auro
3373 895 3486 949 col-

1902 978 2094 1034 lucens
2114 982 2220 1052 81
2246 993 2298 1037 et
2338 984 2658 1050 unionibus,
2682 986 2790 1039 ulla
2819 1003 2882 1040 ex
2909 995 3059 1056 parte
3076 987 3483 1043 consolabatur.

1904 1066 2110 1130 Horum
2167 1069 2314 1124 enim
2376 1071 2616 1127 fructum
2666 1090 2882 1129 omnem
2934 1077 3282 1132 amarissimo
3337 1079 3483 1132 luctu

1900 1158 2158 1213 obrutum
2183 1164 2882 1232 eorrumpebatoccursans
2929 1181 3150 1236 semper
3176 1169 3360 1224 animo
3387 1171 3485 1223 tri—

1902 1253 2150 1309 stissima
2188 1255 2367 1326 imago
2393 1259 3062 1332 alliieueeouculcata'que
3082 1264 3333 1319 ludibriis
3354 1280 3488 1320 con-

1905 1349 2252 1420 tumeliisque
2303 1352 2760 1424 omnibus,atque
2786 1365 3029 1410 extrema
3047 1359 3358 1415 calamitate
3389 1361 3490 1414 ob—

1903 1438 2048 1493 tritze
2078 1441 2338 1510 Augustas
2393 1445 2565 1499 urbis.
2615 1445 2758 1501 Sane
2798 1456 3060 1517 quantum
3095 1448 3147 1501 in
3182 1449 3323 1502 illam
3373 1460 3488 1504 tmn

1904 1527 2170 1582 malarum
2229 1533 2499 1602 ingruerit
2529 1552 2690 1592 nemo
2745 1539 2910 1593 fando
2981 1541 3200 1610 assequi
3251 1557 3487 1611 unquam

1903 1632 2088 1689 queat.
2120 1622 2256 1678 Nam
2311 1633 2364 1679 et
2397 1629 2607 1698 privata
2639 1641 2690 1684 et
2713 1631 2927 1700 publica
2955 1641 3008 1687 et
3034 1648 3189 1689 saera
3226 1635 3491 1690 maxime-

1903 1729 2012 1782 que
2048 1715 2299 1786 religiosa
2347 1722 2584 1789 expilata
2624 1723 2946 1795 direptaque
2997 1737 3124 1782 sunt
3169 1728 3492 1798 avarissime

1906 1807 2109 1875 passim
2143 1808 2212 1860 ab
2242 1811 2496 1866 otnnibus
2527 1829 2541 1866 :
2586 1815 2835 1884 tantique
2865 1830 2927 1870 ac
2961 1826 3070 1869 tam
3095 1819 3230 1872 varii
3265 1818 3492 1874 misera-

1908 1898 2090 1953 biliter
2121 1899 2788 1973 lamentantiumquestus
2823 1907 3208 1974 audiebantur,
3239 1916 3298 1970 ut
3332 1918 3491 1964 terrae

1905 2003 2053 2045 metu
2091 1995 2391 2064 periclitari
2427 1997 2616 2052 urbem
2652 1999 2906 2055 crederes
2939 2018 2952 2055 :
2998 2000 3131 2054 nihil
3168 2001 3362 2054 borum
3405 2000 3491 2054 l'u-

1906 2084 2087 2154 giehat
2170 2101 2396 2142 sensum
2464 2088 2796 2161 fallebatquc
2867 2091 3188 2146 memoriam
3270 2091 3488 2154 Alexii,

1908 2180 2148 2237 hominis
2171 2197 2282 2253 quo
2327 2199 2489 2239 nemo
2528 2194 2646 2240 erat
2675 2193 2770 2239 aut
2803 2186 3173 2256 perspicacior
3190 2195 3282 2241 aut
3307 2203 3491 2256 proru-

1907 2275 2052 2344 ptior
2084 2277 2151 2329 ad
2206 2277 2474 2345 judicium
2529 2295 2725 2349 expers
2752 2281 2942 2350 gratia:
3002 2281 3070 2336 de
3142 2283 3259 2337 suis
3316 2281 3492 2350 ipsius

1907 2377 2072 2432 prave
2103 2363 2262 2420 factis
2289 2365 2595 2424 ferendum.
2625 2366 2761 2422 Nam
2807 2384 2931 2423 cum
2967 2370 3081 2439 ipse
3114 2377 3377 2438 patronus
3404 2372 3488 2425 sui

1905 2457 2007 2512 sibi
2037 2468 2352 2529 suggereret
2385 2462 2616 2516 militum
2650 2477 2769 2517 eam
2796 2463 2965 2518 fuisse
2990 2464 3229 2533 culpam,
3261 2479 3490 2533 respon-

1905 2547 2066 2601 debat
2098 2564 2126 2603 a
2172 2565 2232 2605 se
2279 2552 2648 2618 occasionem,
2688 2553 2964 2608 licentiam
3010 2593 3026 2619 ,
3067 2561 3122 2607 et
3161 2553 3376 2608 initium
3425 2553 3492 2609 iis

1907 2641 2214 2696 sceleribus
2267 2643 2456 2697 datum
2500 2645 2807 2700 rebellione
2849 2646 2990 2715 ipsa,
3048 2645 3210 2714 cujus
3274 2645 3401 2700 licet
3437 2648 3490 2698 in

1905 2749 2098 2788 servos
2139 2735 2264 2791 illos
2293 2736 2647 2791 insidiatores
2697 2737 2930 2806 rejicere
2954 2737 3216 2791 invidiam
3253 2745 3489 2807 poterat,

1907 2828 2145 2883 malebat
2191 2830 2294 2884 sibi
2331 2830 2608 2886 ascribere
2645 2847 2708 2886 ac
2739 2831 2967 2900 propriae
3003 2830 3353 2886 conscientia:
3393 2846 3491 2884 cn-

1906 2923 2092 2976 randze
2127 2937 2221 2989 per
2269 2921 2511 2976 dolorem
2549 2937 2612 2978 ac
2646 2924 3024 2991 paenitentiam
3058 2937 3254 2978 vacare
3284 2925 3489 2993 potius,

1905 3031 2069 3084 quam
2111 3017 2305 3071 aliena:
2346 3016 2698 3071 aceusandm:
2739 3016 2818 3071 sic
2869 3024 3115 3071 statuens
3138 3031 3198 3071 se
3239 3029 3352 3070 tum
3397 3017 3492 3072 de-

1906 3124 2053 3161 mum
2107 3108 2451 3177 auspicatum
2499 3123 2564 3162 ac
2618 3107 2743 3162 felix
2789 3109 3135 3178 capessendae
3179 3108 3492 3178 reipublicae

208 3200 422 3256 λοῦνται
455 3202 643 3255 τοίνυν
671 3203 884 3272 (τούτου
918 3203 1292 3272 συνδόξαντος)
1321 3205 1411 3257 τόν
1435 3221 1492 3257 τε
1523 3206 1798 3274 πατριάρ-

1903 3202 2050 3255 domi
2095 3203 2412 3270 militizeque
2464 3201 2679 3256 initium
2734 3201 3076 3266 habiturum,
3130 3201 3317 3256 sinon
3380 3202 3489 3257 nisi

212 3309 308 3360 χην
350 3294 597 3362 Κοσμᾶν
617 3293 662 3324 ⁷⁸
693 3292 867 3364 (οὔπω
923 3294 1031 3365 γὰρ
1085 3295 1177 3348 τὸν
1226 3295 1348 3348 τότε
1379 3296 1423 3326 τ’
1471 3295 1565 3348 τὸν
1610 3294 1801 3364 θρόνον

209 3386 523 3458 παρῄτητο)
565 3387 660 3440 καί
692 3405 846 3451 τινας
887 3387 1120 3456 λογάδας
1170 3389 1280 3441 τῶν
1321 3389 1419 3458 τῆς
1462 3387 1616 3460 ἱερᾶς
1674 3407 1803 3442 συν-

209 3478 324 3532 όδου
371 3479 497 3548 (99)
555 3479 652 3534 καὶ
693 3481 786 3533 τοῦ
827 3479 1116 3550 μοναδικοῦ
1165 3481 1567 3550 συντάγματος.
1621 3481 1804 3551 Πρόσ-

209 3585 307 3623 εισι
361 3571 592 3635 τούτοις
646 3574 674 3625 ὁ
723 3571 980 3641 βασιλεὺς
1039 3572 1116 3635 ὼς
1181 3572 1456 3637 ὑπόδικος,
1501 3574 1573 3636 ὡς
1628 3573 1802 3626 κατά-

209 3679 417 3732 κριτος,
494 3664 571 3727 ὠς
626 3665 852 3736 εὐτελὴς
915 3665 1026 3737 ή¹¹⁹
1063 3665 1155 3719 καί
1183 3684 1267 3728 τις
1329 3667 1490 3730 ἄλλος
1546 3667 1655 3720 τῶν
1709 3664 1803 3720 ὑπ’

209 3759 434 3828 ἐξουσίᾳ
469 3758 513 3788 ⁸³
544 3758 918 3826 τεταγμένων,
953 3758 1044 3810 καὶ
1073 3757 1172 3824 τὴν
1197 3757 1379 3826 ψῆφον
1418 3760 1544 3811 ὅσον
1579 3759 1792 3812 οὐδέπω

210 3850 700 3918 καραδοκούντων,
734 3849 801 3920 ῆν
831 3849 959 3902 κατ’·
994 3849 1202 3902 ἐκείνου
1236 3849 1523 3919 ψηφιεῖται
1565 3850 1632 3915 τὸ,
1654 3851 1804 3904 δικα-

210 3942 466 4012 στήριον.
551 3941 902 4010 Ἑξαγγέλλει
957 3942 1171 4001 πάντα,
1216 3944 1290 4012 μὴ
1353 3943 1650 4013 προϐολὴν,
1727 3942 1804 4013 μὴ

207 4033 647 4099 συγκατάθεσιν,
679 4033 753 4103 μὴ
792 4033 1014 4104 πρᾶξιν,
1045 4034 1179 4103 μηδὲ
1213 4034 1392 4086 αἰτίαν
1420 4034 1526 4086 τῶν
1558 4053 1807 4105 πεπραγ-

213 4125 393 4191 μένων
432 4125 845 4196 παραδραμὼν,
884 4127 1018 4180 ἀλλά
1049 4127 1232 4180 πάντα
1262 4129 1306 4158 ⁸³
1341 4131 1478 4196 μετὰ
1511 4128 1678 4195 φόϐου
1710 4129 1804 4180 καὶ

208 4220 462 4282 πίστεως
524 4219 1055 4290 ὲξαγορευσὰμενος,
1111 4222 1204 4273 καὶ
1249 4218 1346 4290 τὴν
1391 4219 1688 4290 θεραπείαν
1745 4221 1804 4287 ἐξ

209 4313 444 4364 ἐκείνων
477 4311 699 4380 θερμῶς
741 4311 963 4376 ἐξαιτεῖ,
1001 4312 1296 4380 ἐπιτιμίοις
1333 4311 1524 4364 ἑαυτὸν
1567 4311 1806 4365 καθυπο-

208 4403 454 4458 εάλλων.
527 4405 588 4457 Ὀ
611 4403 658 4434 ⁸³
704 4402 762 4456 δὲ
809 4403 910 4455 οὐκ
963 4403 1126 4455 αὑτὸν
1164 4403 1345 4473 μόνον,
1378 4403 1512 4456 ἀλλὰ
1541 4405 1636 4456 καὶ
1679 4406 1805 4467 τοὺς

210 4494 271 4544 ix
314 4495 530 4546 ταύτοῦ
562 4492 796 4562 αἵματος
827 4493 1206 4563 προσήκοντας
1230 4497 1323 4544 καὶ
1371 4494 1507 4564 πρὸς
1539 4493 1638 4562 τὴν
1666 4495 1804 4546 ἁπο-

207 4585 450 4639 στασίαν
481 4586 897 4654 συναραμένους
958 4587 1070 4647 τοῖς
1105 4585 1285 4647 αὐτοῖς
1328 4586 1624 4654 ἐπιτιμίοις
1665 4585 1803 4639 καθ-

209 4674 650 4739 υασάλλουσιν,
683 4674 962 4746 νηστείαν,
995 4673 1090 4726 καὶ
1112 4673 1434 4743 χαμευνίαν,
1471 4675 1562 4726 καὶ
1581 4673 1649 4726 τὰ
1680 4675 1804 4728 τού-

206 4783 320 4830 τοις
375 4766 706 4837 ὲφεπόμενα
770 4766 907 4836 πρὸς
947 4765 1049 4836 τὴν
1102 4764 1193 4818 τοῦ
1259 4765 1393 4820 Θεοῦ
1423 4766 1470 4798 ⁸⁸
1523 4765 1804 4829 ἐξιλέωσιν

209 4859 608 4924 ιπιτάξαντες.
656 4857 954 4927 Δεξάμενοι
1001 4857 1057 4909 δὲ
1118 4856 1186 4908 τὰ
1211 4856 1464 4926 ἐπιτίμια
1508 4856 1806 4927 προθύμως

208 4949 525 5020 ιφύλαττον
550 4951 620 5004 ⁸⁸.
664 4949 802 5004 Ἀλλ’
833 4949 953 5004 οὐδὲ
977 4950 1036 5002 αἱ
1060 4949 1106 4981 ⁸⁸
1142 4949 1291 5019 σφῶν
1323 4950 1501 5003 αὐτῶν
1547 4953 1805 5018 γυναῖκες

1905 3294 2050 3347 eluta
2083 3294 2200 3348 labe
2230 3295 2516 3365 culpisque
2547 3295 2860 3364 procuratis
2893 3310 2990 3364 per
3015 3294 3270 3365 religiosa
3302 3295 3493 3364 piacu-

1906 3385 1976 3448 la,
2012 3400 2232 3439 manum
2260 3394 2608 3454 mentemque
2624 3386 3011 3457 gubernaculis
3029 3401 3208 3441 rerum
3235 3389 3493 3441 admove-

1906 3487 2008 3534 ret.
2045 3478 2124 3531 Ab
2181 3479 2283 3532 boc
2316 3479 2600 3549 proposito
2640 3487 2870 3532 matrem
2913 3479 3026 3533 adit
3053 3480 3218 3549 eique
3249 3479 3492 3534 laudabi-

1905 3572 2008 3624 lem
2075 3571 2222 3624 illam
2289 3587 2445 3626 suam
2515 3572 2985 3642 perturbationem
3057 3571 3266 3640 aperit,
3327 3573 3489 3626 simul

1903 3661 2142 3730 exquirit
2191 3663 2412 3716 modum
2463 3662 2688 3716 sedandi
2733 3676 2953 3716 morsus
2984 3661 3358 3715 conscientia.
3398 3661 3490 3715 llla

1906 3754 2071 3806 tilium
2130 3763 2376 3808 materne
2432 3754 2652 3822 exeipit,
2705 3753 3043 3816 consolatur,
3093 3753 3386 3818 collaudat,
3430 3755 3491 3808 li-

1908 3848 2209 3915 benterque
2242 3847 2430 3915 recipit
2463 3861 2521 3902 se
2555 3846 2819 3899 facturam
2861 3846 3006 3914 quod
3047 3846 3287 3916 petebat.
3326 3846 3490 3901 Com-

1907 3939 2146 3993 muniter
2170 3939 2338 4008 igitur
2362 3938 2593 3994 consilio
2619 3938 2806 3992 habito
2831 3939 3100 3993 advocant
3120 3941 3489 4010 patriarcbatn

1906 4030 2161 4084 Cosmam
2196 4030 2474 4099 (nondum
2505 4029 2551 4084 is
2587 4029 2837 4099 dignitati
2874 4030 3311 4101 renuntiaverat)
3339 4048 3490 4086 cum-

1906 4141 2013 4194 que
2040 4138 2105 4176 eo
2135 4124 2436 4192 pracipuos
2464 4136 2710 4192 quosque
2740 4138 2802 4176 ex
2829 4138 2983 4178 saera
3016 4125 3224 4193 synodo
3256 4133 3308 4179 et
3349 4128 3492 4180 ordi-

1909 4233 1976 4270 ne
2028 4215 2443 4268 monachorum.
2497 4213 2576 4268 Ad
2606 4213 2704 4268 hos
2766 4213 2820 4268 in
2908 4231 3074 4270 unum
3130 4227 3490 4288 congregatos

1909 4309 2216 4380 ingreditur
2257 4309 2555 4378 imperator
2578 4307 2656 4362 rei
2703 4306 2893 4363 habitu
2946 4308 3231 4379 cultuque,
3274 4327 3375 4366 nec
3409 4313 3488 4367 rei

1910 4411 2148 4462 t:mtnm.
2191 4402 2284 4457 sed
2328 4402 2440 4470 jam
2501 4399 2900 4468 condemnati;
2963 4402 3044 4456 sic
3093 4403 3356 4468 vestitus,
3411 4407 3490 4460 sie

1911 4494 2100 4547 oculos
2138 4493 2218 4547 sie
2266 4493 2475 4546 vultum
2509 4492 2715 4556 ferens,
2767 4494 2928 4562 plane
2979 4503 3038 4547 ut
3077 4495 3378 4550 vilissimus
3422 4495 3489 4549 de

1910 4585 2065 4654 plebe
2115 4584 2382 4653 quispiam
2440 4599 2626 4639 coram
2677 4585 2958 4654 judicibns
3002 4587 3308 4649 assisteret,
3364 4603 3485 4642 mox

1906 4687 2085 4731 atrum
2153 4677 2357 4745 ineius
2388 4685 2555 4745 caput
2615 4677 2886 4732 calculum
2939 4678 3173 4732 daturis.
3231 4679 3328 4732 llic
3372 4679 3484 4749 jam

1906 4777 2109 4826 cuncta
2136 4768 2448 4834 conﬁtetur,
2484 4784 2590 4822 non
2622 4767 2859 4838 primum
2895 4767 3152 4836 impetum
3185 4785 3246 4824 ac
3281 4775 3488 4838 cogita-

1906 4864 2135 4925 tionem,
2193 4875 2302 4914 non
2352 4875 2708 4924 consensum,
2761 4874 2868 4912 non
2925 4862 3362 4929 progressionem
3433 4866 3485 4918 in

1905 4970 2042 5024 opus
2073 4963 2127 5009 et
2162 4953 2598 5017 exsecutionem,
2629 4968 2735 5006 non
2766 4954 2925 5006 tinem
2956 4962 3008 5007 et
3041 4968 3266 5023 scopum
3292 4971 3490 5027 propo-

1309 5090 1507 5151 νοτία)
1542 5091 1849 5153 lectiones
1892 5109 1966 5153 ex
1993 5093 2134 5154 cod.
2179 5093 2449 5157 Coislin.

280 5221 333 5250 ⁴¹⁸
364 5217 875 5286 περιστοιχίσαντα.
950 5217 1000 5248 ⁷⁸
1026 5215 1395 5285 διηγήσασθαι
1421 5215 1740 5285 δυνήσηται.

257 5290 360 5340 Ξτε.
443 5289 488 5320 ⁸⁸
653 5289 696 5321 ⁸⁸
745 5287 1014 5350 ἐξουσίαν.
1089 5287 1133 5317 θ’
1169 5287 1373 5340 Desunt
1410 5303 1586 5358 vocis
1618 5291 1691 5355 μὴ

210 5305 360 5340 τοτε.
443 5305 488 5320 ’⁷
516 5305 570 5341 τι.

209 5356 634 5431 πεπραγμένων
665 5359 1060 5429 παραδραμὼν,
1093 5358 1228 5409 ἀλλὰ
1263 5360 1458 5408 πάντα.
1543 5356 1590 5386 ⁸³
1625 5359 1691 5408 οί.

1838 5219 1886 5250 ’⁸
1913 5219 2094 5256 νικηῆς

653 5219 875 5284 ςίσαντα.
950 5219 1000 5248 ⁷⁸
1026 5219 1395 5285 διηγήσασθαι
1421 5219 1740 5285 δυνήσηται.
1838 5219 1886 5250 ⁷⁸
1913 5219 2131 5287 χισμόν.
2228 5221 2272 5252 ’⁷
2303 5219 2424 5271 τόν.
2529 5219 2584 5249 ⁷⁸
2609 5219 2768 5270 Deest
2799 5231 2898 5269 vos
2939 5219 3186 5286 Κοσμᾶν.
3291 5219 3335 5251 ⁷⁹
3376 5219 3482 5285 γὰρ

653 5289 696 5321 ⁸⁸
745 5287 1014 5350 ἐξουσίαν.
1089 5287 1133 5317 θ’
1169 5287 1373 5340 Desunt
1410 5303 1586 5358 νυοί-ε
1618 5291 1691 5355 μὴ
1742 5288 2033 5358 προϐολὴν,
2091 5288 2164 5358 μὴ
2195 5287 2612 5358 συγκατάθεσιν,
2652 5286 2726 5357 μὴ
2759 5287 2979 5358 πρᾶξιν,
3014 5291 3146 5356 μηδὲ
3171 5289 3348 5342 αἰτίαν
3376 5287 3482 5340 τῶν

1777 5357 1826 5388 ⁸⁸
1851 5357 1996 5411 θείου
2027 5357 2296 5423 ἐδέξαντο.
2369 5358 2413 5389 ⁸⁵
2450 5357 2721 5424 ἐδέξαντο.
2796 5357 2841 5388 ⁸⁸
2874 5358 3034 5414 Deest
3060 5362 3248 5414 vocula
3274 5361 3352 5413 αἱ.

2228 5221 2272 5252 ’⁷
2303 5217 2424 5271 τόν.
2529 5216 2584 5249 ’⁸
2609 5218 2768 5270 Deest
2799 5231 2898 5269 vos
2939 5219 3186 5286 Κοσμᾶν.

3291 5219 3335 5251 η
3376 5217 3482 5285 γὰρ

1349 5471 1488 5532 Car.
1540 5470 1870 5535 Dufresnii
1906 5475 1999 5535 Du-
2027 5474 2250 5552 Cangii
2289 5483 2475 5537 notae.

279 5575 410 5638 (99)
452 5574 564 5640 τῆς
612 5572 775 5640 ἱερᾶς
822 5572 1113 5628 συνόδου.
1171 5571 1352 5625 Divisa
1404 5580 1457 5625 et
1507 5571 1798 5626 distributa

209 5645 343 5697 olim
382 5644 538 5700 fuere
568 5645 744 5698 otlicia
775 5644 975 5713 Magna:
1002 5643 1247 5698 ecclesiae
1290 5643 1799 5708 Constantinopoli-

210 5722 360 5769 tana:
399 5717 456 5766 in
490 5731 538 5768 ιτ
566 5713 861 5769 Pentadas.
889 5713 1092 5767 Ilarutn
1131 5714 1326 5782 prima,
1359 5728 1617 5779 magnum
1649 5726 1796 5766 meo-

210 5799 476 5848 nomum,
497 5801 750 5854 magnum
785 5786 1156 5845 saeellarium,
1179 5797 1431 5850 magnum
1468 5783 1798 5850 ebartopby-

213 5854 399 5908 Ιριευιιι
434 5893 448 5917 ,
504 5856 1022 5926 cltartopbylacem,
1099 5863 1152 5909 et
1217 5863 1530 5909 curatorem
1611 5854 1796 5908 sacelli

1908 5575 2254 5649 continebat.
2283 5578 2460 5646 Atque
2501 5577 2585 5632 isti
2634 5589 2790 5634 erant
2835 5577 3114 5649 praecipui
3149 5576 3486 5649 patriarcha-

1911 5661 2029 5700 rum
2061 5647 2362 5702 consiliarii
2397 5657 2454 5702 ct
2477 5663 2810 5713 assessores,
2835 5646 3188 5716 ‘solique_jus
3218 5646 3488 5716 habebant

1908 5716 2132 5788 sedendi
2162 5717 2214 5771 in
2240 5719 2451 5788 synodo
2479 5734 2604 5772 eum
2637 5711 2946 5786 patriarcha
3019 5711 3177 5769 Οὗτοι
3219 5715 3484 5788 κάθηνται

1906 5787 1965 5912 ἓν
2087 5786 2207 5860 θείᾳ
2240 5786 2330 5844 καὶ
2366 5790 2489 5860 ἱερᾷ
2517 5789 2718 5859 συνόδςρ
2751 5791 2885 5861 μετὰ
2916 5787 3012 5842 τοῦ
3041 5787 3340 5858 ἀρχιερέως
3365 5829 3377 5852 ,
3408 5791 3482 5840 ait

1955 5874 1983 5912 0
2028 5873 2174 5912 mus.

1907 5857 2174 5914 Codinus.
