3946 6206
515 382 586 445 79
1720 377 1942 441 ANNAE
1971 376 2354 439 COMNENE

3578 389 3669 459 280

479 496 645 548 situm
682 507 736 547 tn
770 498 885 547 toto
914 490 1007 545 illo
1035 490 1277 545 facinore
1308 491 1624 560 praeteriens
1647 530 1661 553 .
1698 492 1828 559 quin
1864 493 2059 561 singu-

2167 492 2266 558 Εξω
2303 494 2413 546 τῶν
2472 492 2767 562 ἐπιτιμίων
2821 491 3047 546 ἑστάναι
3105 488 3375 565 ὴνιίχοντο
3408 513 3422 530 ·
3455 501 3559 566 πῶς
3578 506 3670 577 γὰρ

480 586 635 640 latim
659 600 783 639 cum
813 592 1008 652 magna
1038 592 1091 638 et
1115 584 1329 639 timoris
1363 582 1460 639 Dei
1486 592 1539 639 et
1574 584 1708 643 vivae
1742 584 1863 640 fidei
1893 585 2062 653 signi-

482 675 732 729 ﬁcatione
762 681 1057 743 exponeret
1079 674 1297 727 omnia:
1325 689 1523 742 rogans
1545 674 1611 728 ad
1648 674 1761 728 inec
1789 684 1848 729 ut
1870 676 2061 730 morbo

480 768 700 836 cognito
731 783 830 836 pro
876 782 977 822 sua
1021 768 1221 835 peritia
1257 775 1310 821 et
1351 775 1621 837 potestate
1677 768 2060 836 mederentur;

484 874 585 914 nec
611 860 788 929 pinnis
824 874 888 914 ac
916 860 1198 931 supplit-iis
1236 870 1522 928 parcerent
1570 862 1770 930 quibus
1807 877 1865 917 se
1917 862 2062 917 ultro

481 950 689 1007 ferebat
719 951 1039 1008 obnoxium.
1071 952 1139 1006 At
1179 953 1254 1007 illi
1289 970 1396 1008 non
1423 953 1597 1008 solum
1623 954 2061 1021 Augustum,sed

480 1044 616 1099 alios
651 1057 870 1114 quoque
914 1042 1030 1097 sive
1062 1043 1331 1112 sanguine
1396 1045 1500 1113 ipsi
1530 1044 1645 1099 sive
1678 1045 1788 1114 82
1820 1044 2062 1098 amicitia

479 1132 827 1203 ennjunctos,
852 1133 945 1202 qui
970 1134 1295 1190 defectionis
1323 1151 1548 1206 quoquo
1577 1136 1737 1191 inodo
1765 1135 2058 1205 participes

465 1223 868 1296 adjutoresque
896 1222 1140 1291 fuerant,
1178 1223 1373 1279 iisdem
1400 1239 1591 1280 omnes
1630 1225 1861 1295 piaculis
1886 1226 2056 1296 subji-

481 1313 980 1385 ciunt,praescripto
1015 1314 1146 1385 ipsis
1168 1313 1401 1385 jejunio,
1437 1315 1912 1380 humicubatione,
1949 1331 2055 1372 cat»

480 1405 721 1476 terisque
749 1421 870 1476 qua;
899 1422 1023 1463 cum
1065 1407 1149 1464 his
1184 1407 1393 1478 injungi
1440 1409 1620 1464 solent
1666 1409 2046 1478 paenitentiam

481 1496 890 1564 proﬁtentibus.
930 1497 998 1553 ad
1045 1498 1543 1555 reconciliationem
1582 1515 1705 1552 cum
1743 1498 1851 1552 Deo
1882 1499 2057 1568 impe-

481 1582 753 1640 trandam.
789 1585 1048 1642 Libenter
1069 1601 1327 1657 accepere
1367 1588 1695 1658 subiereqne
1727 1590 2056 1645 sententiam

481 1678 686 1730 cuncti.
715 1677 825 1733 Nec
847 1679 978 1750 ipsa:
995 1679 1251 1735 mulieres
1280 1695 1469 1735 eorum
1494 1682 1765 1737 immunes
1788 1681 2062 1751 squaloris

2161 586 2446 655 φίλανδροι
2497 582 2691 653 οὔσαις
2742 584 3035 656 αὐτόμολοι
3089 586 3147 640 δὲ
3175 589 3264 641 τὸν
3302 592 3395 659 τῆς
3425 596 3673 662 μετανοίας

2161 675 2327 743 ζυγὸν
2374 675 2746 744 ἀναδέχονται,
2777 674 2890 726 Καὶ
2936 669 3006 745 ἦν
3055 676 3182 728 ίδεῖν
3207 677 3276 731 τὰ
3314 679 3539 749 βασίλεια
3571 685 3674 740 τότι

2157 768 2410 839 δακρύων
2456 771 2551 819 καὶ
2598 766 2828 830 πένθους
2883 767 3190 836 ἀνάμεστα,
3223 770 3441 834 πένθους
3472 773 3561 827 οὐκ
3578 778 3678 829 ἑπι-

2159 862 2331 932 ψόγου
2375 860 2485 914 οὐδ’
2536 859 2825 914 ἀσθένειαν
2869 858 3060 929 ψυχῶν
3106 863 3543 933 κατηγοροῦντος,
3581 867 3679 920 ἀλλ’

2166 949 2449 1005 ἐπαινετοῦ
2477 950 2570 1004 καὶ
2616 952 2790 1021 χαρᾶς
2843 951 3110 1022 προξένου
3149 952 3249 1021 τῆς
3280 956 3682 1022 κρείττονος,καὶ

2167 1042 2440 1113 μηδέποτε
2465 1041 2756 1111 λυομένης.
2792 1041 2851 1094 '0
2871 1041 2929 1094 δὲ
2946 1042 3301 1114 αὐτοκράτωρ
3320 1044 3490 1106 ὁποῖος
3509 1047 3682 1107 ἰκτῖνος

2160 1133 2260 1204 τὴν
2280 1132 2564 1188 εὐσέϐειαν
2585 1134 2749 1187 πλέον
2770 1151 2825 1187 τι
2841 1134 2885 1166 ⁸⁷
2914 1132 3108 1197 ποιῶν,
3141 1132 3292 1197 ἐντὸς
3319 1137 3414 1204 τῆς
3439 1133 3685 1204 βασιλικῆς

2159 1224 2477 1296 ἁλουργίδας
2536 1225 2740 1283 σάκκον
2792 1224 3190 1296 περιεϐέϐλητο
3229 1230 3287 1280 ιν
3338 1225 3450 1296 χρῷ
3478 1224 3688 1294 ψαύοντα

2157 1319 2258 1385 τῆς
2315 1316 2518 1384 σαρκὸς
2583 1318 2679 1369 ἐπὶ
2732 1317 3142 1387 τεσσαράκοντα
3197 1316 3562 1388 νυκθημέροις.
3609 1316 3684 1369 Ἐν

2160 1408 2219 1462 δὲ
2244 1409 2365 1470 ταῖς
2396 1406 2514 1472 νυξὶ
2539 1406 2821 1478 χαμεύνης
2849 1406 3030 1462 ἔκειτο
3050 1409 3146 1461 ἐπὶ
3178 1410 3381 1478 πέτρας
3421 1408 3567 1475 μόνον
3585 1406 3692 1460 ἀνέ-

2164 1516 2275 1568 χων
2304 1499 2406 1570 τὴν
2429 1497 2672 1570 κεφαλὴν
2698 1506 2795 1559 καὶ
2825 1501 3040 1555 πενθῶν
3078 1500 3157 1565 ὡς
3207 1501 3369 1565 εἰκός.
3398 1495 3501 1553 Εἶθ’
3548 1496 3693 1560 οὕτως

2163 1590 2274 1643 τῶν
2302 1592 2401 1662 τῆς
2436 1592 2715 1662 βασιλείας
2748 1597 3091 1665 πραγμάτων
3111 1596 3305 1664 ἁγναῖς
3344 1593 3557 1649 ἅπτεται
3588 1606 3695 1660 χερ-

2171 1682 2279 1737 σίν.

481 1781 545 1822 ac
581 1770 760 1824 luctus
790 1772 950 1826 istius
1003 1786 1129 1828 esse
1187 1772 1606 1827 sustinuerunt:
1672 1784 1945 1843 vteunque
2002 1788 2279 1830 armorum
2346 1789 2412 1830 ac
2439 1776 2750 1832 rebellionis
2794 1776 3087 1847 participes
3122 1793 3249 1834 esse
3301 1776 3691 1846 nequivissent:

480 1866 755 1934 pertinere
786 1866 1056 1935 siquidem
1123 1867 1190 1921 ad
1242 1867 1501 1938 nuptialis
1546 1863 1970 1925 necessitudinis
2022 1877 2078 1924 et
2117 1869 2400 1926 charitatis
2460 1870 2696 1927 oﬂicium
2732 1872 2998 1943 putabant
3059 1874 3223 1928 etiam
3274 1871 3696 1928 incommodorum

478 1946 537 2009 in
572 1955 771 2028 quibus
810 1957 1017 2012 versari
1050 1958 1196 2014 viros
1233 1974 1363 2015 suos
1394 1968 1704 2025 cernerent,
1741 1962 1885 2015 ultro
1926 1963 2478 2019 communicationem
2506 1973 2783 2033 appetere.
2829 1965 3161 2021 Voluntaria:
3207 1966 3368 2036 igitur
3430 1978 3487 2020 se
3537 1961 3700 2030 adjun-

479 2062 614 2116 gnnt
664 2047 882 2119 conjugi
946 2064 1176 2119 quaeque
1226 2065 1348 2118 suo,
1402 2051 1469 2107 ad
1514 2049 1708 2122 jugum
1756 2051 2089 2121 paenitentiae
2125 2052 2402 2107 communi
2455 2054 2716 2124 patientia
2793 2055 3138 2111 trahendum.
3180 2056 3372 2125 Itaque
3400 2055 3570 2109 videre
3599 2055 3701 2108 erat

482 2160 578 2216 per
610 2144 663 2199 id
690 2154 905 2215 tempus
941 2146 1203 2215 palatium
1255 2146 1572 2202 universum
1623 2147 1843 2217 plenum
1884 2147 2249 2219 laerymarum
2293 2165 2357 2203 ac
2385 2150 2590 2205 luctus.
2638 2150 2849 2205 Luctus
2883 2165 2991 2205 non
3072 2150 3259 2221 ignavi
3325 2165 3387 2206 ac
3458 2149 3701 2219 vitupera-

482 2235 631 2301 bilis,
667 2237 834 2290 animi
868 2237 1061 2307 abjecti
1115 2237 1541 2293 imbecillitatem
1616 2238 1899 2308 prodentis
1948 2256 1964 2294 :

2019 2239 2117 2293 sed
2163 2241 2376 2296 honesti
2439 2257 2503 2296 ac
2558 2240 2886 2305 laudabilis,
2947 2242 3320 2312 gaudiumque
3386 2237 3696 2311 procuratori

483 2343 765 2399 nunquam
813 2327 1194 2384 auferendum.
1245 2328 1361 2396 Qua
1387 2332 1439 2384 in
1489 2345 1548 2385 re
1598 2330 1897 2400 imperator
1929 2346 2038 2384 non
2079 2331 2261 2386 minus
2284 2333 2561 2388 eminebat
2589 2349 2753 2403 quam
2797 2333 2850 2387 in
2881 2334 3127 2399 eteteris;
3170 2335 3379 2404 quippe
3433 2332 3521 2403 qui
3582 2328 3703 2385 reii-

483 2423 699 2491 gionem
729 2423 888 2492 longe
918 2422 1091 2493 pluris
1120 2438 1281 2493 quam
1337 2425 1568 2480 aliorum
1602 2424 1818 2494 quidvis
1849 2423 2076 2480 faceret.
2118 2426 2304 2495 Itaque
2368 2427 2474 2484 sub
2522 2442 2760 2497 purpura
2816 2442 3040 2482 saccum
3084 2429 3372 2483 cilieinum
3421 2427 3571 2481 nudae
3605 2424 3699 2479 cuti

486 2518 764 2571 admotum
798 2518 1044 2588 gestabat
1080 2533 1171 2588 per
1192 2518 1308 2575 dies
1338 2529 1637 2591 noctesque
1664 2519 2047 2591 quadraginta,
2094 2535 2200 2574 non
2234 2521 2346 2575 alio
2417 2536 2513 2591 per
2562 2521 2614 2575 id
2677 2530 2892 2591 tempus
2936 2522 3002 2576 ad
3051 2535 3310 2575 somnum
3361 2516 3703 2589 excipiendum

484 2618 628 2671 lecto
659 2622 818 2670 utens
857 2630 1019 2684 quam
1058 2615 1223 2668 humo
1252 2628 1315 2667 ac
1350 2613 1685 2682 pavimento.
1739 2613 1914 2681 lapi-le
1956 2622 2139 2668 autem
2179 2628 2276 2683 pro
2303 2614 2553 2668 cuniculi
2590 2613 2658 2667 ad
2731 2613 3064 2669 iniciendum
3133 2623 3325 2683 caput.
3395 2613 3565 2680 Atque
3619 2608 3706 2662 bac

489 2705 706 2760 tandem
740 2704 1000 2776 religione
1034 2703 1355 2775 perfunctus
1389 2703 1471 2759 sic
1501 2703 1722 2760 demum
1767 2719 1932 2775 puras
1963 2720 2163 2760 manus
2192 2705 2340 2775 regni
2366 2706 2755 2774 gubernaculis
2786 2706 3047 2759 admovit.

553 2799 691 2855 Cum
721 2810 901 2856 autem
942 2814 1244 2856 exonerare
1275 2800 1620 2868 negotiorum
1647 2815 1833 2854 curam
1860 2814 1890 2852 a
1917 2813 1978 2853 se
2011 2798 2061 2851 in

2241 2798 2648 2868 Οίακοστρόφον
2678 2798 2733 2851 δὲ
2758 2798 2962 2866 μᾶλλον
2987 2797 3186 2852 ἑαυτοῦ
3218 2797 3319 2868 τὴν
3350 2797 3552 2869 μητέρα
3590 2797 3708 2863 iusto

487 2892 882 2960 providentiam
924 2892 1116 2947 matris
1146 2907 1260 2947 su:e
1299 2901 1646 2962 percuperet,
1698 2891 1857 2945 initio
1887 2901 2064 2945 tamen

489 2998 748 3038 arcanum
798 2983 849 3038 id
882 2984 1171 3038 consilium
1207 2985 1399 3039 habuit
1426 3000 1440 3037 :
1472 2983 1678 3038 veritus
1712 3000 1779 3039 ne
1805 2984 1850 3039 si
1882 3000 1990 3053 prae
2009 2998 2069 3038 se

489 3073 680 3138 ferret.
717 3074 1006 3144 perterrita
1038 3089 1101 3129 ea
1130 3083 1278 3130 metu
1319 3074 1663 3130 imminentis
1697 3075 1878 3140 molis,
1920 3073 2069 3130 festi-

489 3173 645 3221 naret
677 3165 901 3236 exsequi
946 3166 1093 3237 quod
1126 3166 1330 3221 dudum
1363 3166 1703 3236 parturiebat
1735 3168 1919 3221 animo
1945 3181 2069 3236 pro-

490 3256 731 3325 positum
757 3256 1046 3312 recedendi
1070 3272 1099 3310 a
1128 3256 1296 3328 regia,
1323 3258 1555 3328 vitaeque
1579 3257 1645 3313 ad
1664 3258 2065 3327 processionem

489 3346 697 3418 vulgari
728 3346 1065 3402 sublimioris
1096 3346 1444 3401 transeundi.
1474 3347 1518 3401 A
1546 3361 1652 3416 qua
1676 3347 1820 3401 illam
1846 3347 2068 3403 Alexius

492 3447 553 3494 nt
596 3437 799 3494 sensim
835 3439 1169 3509 cogitatione
1216 3438 1535 3502 abduceret,
1588 3438 1762 3494 itabat
1804 3439 1871 3494 ad
1921 3439 2065 3493 illam

487 3530 701 3586 consilii
729 3529 849 3600 eius
872 3530 1189 3601 exquirendi
1220 3546 1409 3594 causa,
1433 3546 1533 3587 nec
1561 3532 1857 3601 quidquam
1880 3546 2071 3602 quam-

488 3623 573 3677 vis
626 3623 893 3677 minutum
957 3638 1021 3678 ac
1052 3621 1210 3678 facile
1242 3624 1360 3693 ipsa
1394 3639 1503 3679 non
1536 3624 1790 3679 consulta
1816 3622 2070 3693 expedie-

489 3716 600 3770 bat.
643 3714 733 3770 Sic
762 3714 1020 3785 paulatim
1059 3715 1440 3773 assuel‘aciens
1474 3716 1622 3770 illam
1665 3715 2066 3786 gubernationi,

487 3808 703 3878 sibique
729 3807 784 3863 in
803 3809 918 3865 dies
941 3808 1145 3864 arctius
1164 3808 1711 3879 indissoluliiliusque
1730 3808 2068 3873 devineiens,

486 3903 755 3970 planeque
804 3901 879 3954 illi
933 3901 1266 3970 persuadere
1315 3910 1479 3972 atque
1520 3901 1643 3956 aliis
1691 3908 1968 3972 satagens,
2015 3902 2067 3953 in

491 4007 600 4047 una
650 3993 839 4048 matris
868 3993 1211 4062 providentia
1239 4010 1299 4049 se
1350 4010 1502 4063 spem
1536 3994 1737 4049 habere
1773 3993 2068 4064 repositam

487 4082 701 4153 imperii
731 4083 867 4139 bene
889 4084 1138 4154 gerendi,
1176 4086 1320 4153 quod
1346 4085 1555 4153 absque
1574 4085 1804 4141 consilio
1834 4086 1953 4154 ejus
1980 4084 2069 4140 fo-

486 4187 590 4239 ret,
619 4190 837 4244 pcssum
880 4176 1083 4230 iturum
1114 4176 1408 4231 videretur.
1454 4177 1549 4230 Illa
1586 4191 1714 4231 vero
1751 4193 2064 4247 quanquam

488 4280 686 4333 magno
720 4261 959 4335 pondere
988 4266 1040 4321 in
1075 4266 1364 4323 secedendi
1395 4268 1785 4339 cogitationem
1827 4283 2067 4338 propen-

486 4357 668 4421 dehat,
725 4357 970 4426 nihilque
1024 4358 1287 4415 libentius
1325 4373 1489 4429 quam
1543 4360 1934 4415 monasterium
2011 4361 2064 4414 in

485 4467 595 4523 quo
614 4450 737 4507 vitae
764 4450 1028 4522 reliquum
1057 4452 1240 4522 quiete
1264 4452 1590 4523 transigeret
1607 4469 1728 4508 eum
1753 4464 1933 4508 mente
1958 4452 2068 4523 agi-

490 4545 662 4608 tabat.
731 4552 845 4599 tum
887 4543 1174 4600 allectabat
1224 4544 1386 4610 votis,
1427 4552 1604 4599 tamen
1636 4543 1903 4600 cbaritate
1947 4544 2062 4609 filii,

485 4654 593 4708 quo
636 4636 832 4693 allecto
864 4638 999 4693 nulli
1054 4638 1341 4694 mulierum
1398 4637 1647 4702 cedebat,
1712 4636 2065 4692 vehementer

487 4730 873 4801 impellebatur
912 4731 978 4786 ad
1026 4729 1411 4786 conferendam
1461 4744 1617 4785 suam
1677 4742 1898 4799 operam
1947 4742 2065 4783 ma-

490 4838 650 4892 gnam
705 4838 821 4878 rem
873 4837 1153 4895 aggressa,
1202 4837 1507 4893 navemque
1549 4837 1649 4877 nec
1695 4821 1905 4876 ﬁrmam
1962 4835 2063 4875 nee

488 4914 812 4969 instructam
869 4915 1003 4969 satis
1048 4913 1204 4968 iratis
1253 4913 1389 4969 mari
1437 4914 1706 4983 coeloque,
1770 4928 1891 4967 cum
1919 4928 2061 4980 pra:-

487 5004 627 5057 senti
691 5004 933 5071 periculo
1003 5004 1213 5074 regenti
1268 5014 1439 5060 nato:
1514 5004 1815 5073 praesertim
1880 5003 2061 5058 adhuc

491 5093 601 5163 83
635 5093 941 5162 inexperto,
969 5111 1224 5165 nuncque
1248 5096 1484 5165 primum
1516 5096 1655 5151 istos
1683 5106 1895 5161 ventos,
1922 5096 2059 5150 istos

492 5184 694 5241 ﬂuctus
735 5185 1021 5254 sentienti,
1058 5188 1322 5249 nondum,
1360 5186 1611 5257 inquam,
1644 5203 1749 5242 usu
1781 5200 1963 5241 rerum
2005 5193 2061 5239 et

2174 2891 2404 2961 ρόμενος
2428 2891 2475 2923 ⁸⁸
2507 2886 2668 2953 εἶναι,
2716 2890 2814 2961 τὴν
2845 2890 3042 2961 βουλὴν
3067 2890 3407 2963 ὑποϐρύχιον
3435 2891 3560 2952 τέως
3594 2885 3709 2958 εἶχε,

2169 2979 2355 3045 δεδιὼς
2407 2982 2482 3050 μὴ
2512 2982 2606 3033 τοῦ
2639 2982 2885 3035 τοιούτου
2924 2980 3268 3049 γνωσθέντος
3290 2982 3428 3052 αὐτῇ
3480 2973 3712 3048 λογισμοῦ

2171 3073 2262 3126 καὶ
2287 3072 2395 3126 τῶν
2412 3071 2701 3141 βασιλείων
2729 3071 2962 3140 ἐξέλθοι,
2989 3071 3128 3143 πρὸς
3163 3073 3504 3144 ὑψηλότερον
3521 3072 3627 3143 βίον
3648 3070 3712 3137 (Ι)

2170 3164 2453 3233 γινώσκων
2505 3164 2676 3236 αὐτὴν
2722 3165 3163 3222 ἀποϐλέπουσαν.
3211 3169 3304 3223 Ἐν
3344 3170 3477 3222 πᾶσι
3526 3167 3617 3238 μὲν
3638 3163 3718 3217 οὐν

2171 3255 2265 3323 τῆς
2306 3250 2351 3284 ⁸⁸
2387 3255 2797 3323 προσπίπτουσι
2840 3254 3037 3324 βουλῆς
3074 3256 3258 3325 αὐτῆς
3326 3258 3460 3330 ἄτερ
3518 3255 3642 3327 μηδὲ
3665 3254 3719 3306 τὸ

2170 3341 2337 3412 τυχὲν
2359 3337 2426 3412 ἦν
2454 3341 2713 3412 ἐνεργῶν,
2741 3344 2880 3397 ἀλλὰ
2902 3346 3157 3398 κοινωνὸν
3187 3344 3310 3419 εἷχε
3342 3347 3451 3401 τῶν
3476 3344 3724 3418 βουλημά-

2169 3450 2277 3486 των
2310 3433 2444 3503 ὁμοῦ
2476 3437 2572 3487 καὶ
2612 3436 2962 3508 συλλήπτορα
2981 3437 3082 3509 τὴν
3119 3441 3347 3508 μητέρα
3370 3441 3417 3474 ’⁸
3446 3439 3539 3493 καὶ
3577 3452 3723 3491 καταο

2174 3526 2371 3598 μικρὸν
2405 3527 2663 3598 ὑφέρπων
2687 3531 2846 3601 αὐτῇ,
2896 3531 2990 3585 καὶ
3015 3533 3500 3605 κοινοποιούμενος
3519 3531 3612 3604 τὴν
3630 3528 3725 3583 τῶν

2171 3620 2513 3689 πραγμάτων
2554 3621 2844 3691 διοίκησιν.
2890 3624 2999 3676 Καί
3034 3642 3136 3678 πον
3162 3627 3264 3679 καὶ
3292 3627 3544 3697 φανερῶς
3577 3623 3726 3677 ἐνδει-

2173 3713 2439 3785 κνύμενος
2476 3714 2551 3778 ὡς
2598 3716 2731 3787 ἄτερ
2762 3721 2862 3789 τῆς
2893 3719 3111 3788 ἐκείνης
3144 3723 3352 3792 φρενὸς
3404 3723 3501 3776 καὶ
3525 3720 3728 3790 γνώμης

2171 3806 2454 3860 ἀπολεῖται
2497 3810 2599 3879 τῆς
2634 3800 2927 3879 βασιλείας
2943 3812 3011 3866 τὰ
3061 3813 3398 3883 πράγματα.
3424 3812 3604 3875 Οὕτως
3627 3805 3728 3877 clx:

2172 3901 2268 3954 καὶ
2302 3899 2623 3970 ξυνεδέσμει
2680 3902 2844 3957 πλέον
2891 3904 3074 3975 ἑαυτῷ
3103 3905 3148 3938 ⁹¹
3207 3907 3316 3977 τὴν
3371 3905 3606 3978 μητέρα,
3646 3901 3731 3958 καὶ

2170 3992 2266 4045 τοῦ
2298 3992 2443 4046 κατὰ
2495 3992 2697 4046 σκοπὸν
2727 3993 2963 4066 ἀπεῖργε
3009 3996 3105 4050 καὶ
3148 3997 3505 4055 ἀπεκώλυεν.
3554 3996 3618 4049 Ἦ
3644 3994 3729 4065 μὲν

2173 4082 2282 4153 γὰρ
2341 4083 2475 4151 πρὸς
2517 4082 2760 4152 σταθμὸν
2815 4084 3126 4138 ἀπέϐλεπεν
3147 4085 3408 4157 ἔσχατον,
3451 4087 3546 4142 καὶ
3584 4082 3733 4156 μονὰς

2170 4171 2447 4238 διενοεῖτο,
2473 4174 2529 4225 ὲν
2559 4166 2647 4234 αἷς
2685 4173 2777 4226 τὸν
2804 4173 3084 4229 ὶπίλοιπον
3115 4178 3313 4247 χρόνον
3344 4178 3470 4249 μετ’
3493 4177 3734 4247 εὔφρονος

2170 4261 2433 4335 λογισμοῦ
2489 4263 2708 4318 ἐλκύσει
2761 4264 2856 4319 τοῦ
2903 4266 3044 4337 βίου.
3103 4269 3213 4322 Καὶ
3263 4270 3427 4324 ταῦτ’
3459 4253 3734 4324 evocavi

2174 4354 2344 4426 ἑαυτῇ
2400 4355 2490 4409 διὰ
2541 4356 2739 4419 παντὸς
2779 4359 3053 4429 ἐπηύχετο
3107 4360 3434 4425 τεύξασθαι.
3505 4361 3643 4419 Ἀλλ’
3690 4359 3734 4411 εί

2173 4447 2268 4502 καὶ
2316 4449 2542 4502 τοιαῦτα
2590 4450 2733 4504 κατὰ
2784 4449 2910 4504 νοῦν
2969 4452 3424 4509 συνδιεσκοπείτο
3474 4455 3569 4510 καὶ
3611 4453 3737 4514 ὅλως

2170 4539 2306 4614 πρὸς
2357 4541 2691 4612 ὑψηλότερον
2747 4542 3020 4612 ἐνητένιζε
3072 4545 3209 4617 βίον,
3258 4548 3383 4602 ἀλλ’
3422 4544 3495 4619 ἦν
3542 4565 3605 4617 γε
3653 4543 3739 4598 καὶ

2172 4634 2427 4702 φιλόπαις
2491 4632 2652 4703 εἴπερ
2712 4649 2795 4697 τις
2861 4634 2994 4706 ἄλλη
3064 4637 3225 4707 γυνὴ,
3264 4640 3366 4693 καί
3419 4657 3542 4703 πως
3588 4635 3739 4709 ἠϐού-

2168 4726 2289 4780 λετο
2352 4725 2747 4794 συνδιενεγκείν
2802 4726 2940 4795 μετὰ
2998 4727 3092 4782 τοῦ
3149 4730 3265 4783 υἱοῦ
3347 4731 3414 4785 τὸ
3482 4733 3584 4801 τῆς
3652 4727 3741 4799 βαι

2168 4818 2372 4881 σιλείας
2425 4816 2740 4882 κλυδώνιον,
2791 4820 2885 4872 καὶ
2939 4820 3412 4891 οὐριοδρομοῦσαν
3468 4823 3570 4893 τὴν
3620 4815 3739 4873 ναῦν

2163 4909 2197 4978 ἢ
2266 4908 2363 4963 καὶ
2443 4910 2783 4979 πανταχόθεν
2873 4910 3214 4983 βαλλομένην
3284 4915 3415 4978 τοῖς
3486 4914 3738 4984 κύμασιν,

2168 4996 2243 5059 ὡς
2324 4997 2523 5065 ἄριστα
2596 4998 3005 5068 οίσικοστροςρῶν
3056 5001 3102 5033 ⁸⁸
3170 5003 3265 5056 καὶ
3354 5003 3596 5073 μάλιστα
3650 4997 3774 5069 τοῦτ

2169 5088 2359 5150 παιδὸς
2390 5089 2512 5159 ἄρτι
2545 5088 2640 5141 ἐπὶ
2684 5089 2783 5160 τὴν
2819 5090 3074 5161 πρύμναν
3114 5093 3470 5162 καθίσαντος,
3514 5094 3610 5148 καὶ
3641 5090 3742 5147 τῶν

2171 5178 2373 5232 οἰάκων
2402 5178 2586 5248 ἐφαψα
2597 5180 2783 5250 μένου,
2811 5182 2908 5235 καὶ
2942 5183 3113 5254 μήπω
3142 5183 3341 5256 πρώην
3381 5185 3626 5256 θαλάττῃ
3653 5179 3741 5236 καὶ

1532 5321 1723 5383 Variae
1752 5321 2059 5384 lectiones
2088 5334 2165 5381 ex
2195 5315 2337 5378 cod.
2380 5317 2648 5379 Coislin.

566 5454 611 5486 ⁸⁷
653 5449 933 5506 εὐσέϐειαν
959 5441 1028 5518 ἦν
1050 5446 1210 5500 πλέον
1242 5464 1315 5499 τι.
1385 5445 1431 5478 ⁸⁸
1473 5445 1813 5518 βουλόμενος.
1887 5449 1935 5480 ⁸⁸
1957 5445 2091 5509 τοῖς.

496 5526 769 5597 σεροφεῖν.

2163 5439 2211 5472 ³⁸
2234 5440 2442 5499 Desunt
2462 5460 2628 5501 voces
2647 5446 2747 5516 τὴν
2781 5444 3019 5517 μητέρα.
3111 5444 3155 5477 ⁹¹
3192 5442 3419 5498 ἑαυτοῦ.
3499 5447 3547 5477 ’⁸
3573 5442 3746 5497 οἰακο-

1642 5637 1778 5698 Car.
1804 5637 2131 5701 Dufresnii
2166 5640 2263 5701 Du
2300 5636 2520 5718 Cangii
2555 5642 2740 5698 notua.

562 5763 1274 5833 (1)”Υψηλότερον,βίον.
1340 5761 1472 5817 Vide
1548 5761 1855 5828 Zonaram,

1934 5778 1988 5832 p.
2038 5762 2165 5818 234.
