3946 6206
480 349 581 399 28Ἰ

1778 338 2003 398 ΛΝΝᾹΞ
2044 336 2344 398 COMNEN
2357 335 2421 392 ΚΕ

3573 343 3663 409 288

479 452 797 520 nullumque
828 449 1049 504 illorum
1082 449 1394 519 abrogabile
1426 458 1519 504 aut
1584 447 1783 505 cﬂ‘eetu
1852 464 2096 511 cassutn,
2137 447 2339 508 omnia,
2398 453 2534 503 rata.
2573 444 2744 507 firma,
2799 443 3091 499 immobilia
3144 447 3195 551 in
3287 465 3434 506 onme
3482 463 3665 529 tempus

478 551 661 607 erunt,
698 542 835 598 nulli
866 543 1128 604 examini,
1167 542 1493 614 cognitioni,
1522 542 1904 598 retractationi
1943 538 2265 608 cujusquam
2331 537 2574 591 onmium
2655 552 2891 605 unquam
2964 537 3220 603 obnoxia,
3263 557 3357 595 nec.
3434 551 3665 615 approba-

480 635 651 689 tionis
715 634 1220 689 contirmationisve
1298 634 1483 698 ullius,
1543 646 1601 687 ut
1665 635 1823 703 plane
1877 634 2091 687 valeant
2130 632 2460 701 plenumque
2509 626 2763 682 effectum
2822 630 3145 694 sortiantur,
3200 633 3419 701 egentia.

3504 637 3662 709 Neque

480 726 774 796 quisquam
830 724 923 793 qui
972 725 1047 778 illi
1105 726 1507 779 ministraverit
1563 726 1928 779 obsecutusve
1992 724 2047 776 in
2088 724 2272 791 aliquo
2301 719 2486 781 fuerit,
2523 734 2699 805 neque
2778 720 2892 789 ipse
2959 723 3052 789 qni
3103 737 3198 791 pro
3246 732 3474 793 tempore
3522 730 3661 789 fuerit

482 814 755 885 lngotheta
810 824 1168 879 secretorum,
1217 819 1570 887 quantumvis
1627 819 1765 873 bene
1809 832 2038 873 secusve
2112 823 2347 871 consuta
2407 814 3036 882 decretaquevideantur
3059 832 3180 884 qua:
3206 819 3446 874 mandata
3469 822 3665 893 fuerint,

444 894 546 961 ‘eo
577 922 819 975 unquam
852 924 880 961 a
930 924 1206 978 quoquam
1245 914 1468 966 nomine
1499 913 1679 966 vocati
1740 912 1794 966 in
1842 910 1933 980 jus
1974 910 2041 965 ad
2080 923 2415 977 causamque
2442 905 2728 962 dicendam
2767 908 3101 963 rationemve
3178 910 3493 968 reddendam
3568 923 3666 989 cogi

482 998 675 1022 “AIA—:-
743 996 954 1022 n..:.._..
1029 1016 1143 1022 ----.-
1209 1004 1381 1022 ‘__-_-!_
1446 1020 1455 1022 -
1480 1020 1503 1022 μ
1572 1019 1789 1022 ,εηηξηε
1852 1015 1936 1022 .__.
1966 1002 2066 1022 ΙΑ..-
2150 1015 2209 1022 -_
2246 1000 2643 1022 _..-|!---.-__...-
2677 999 2778 1022 -!_n
2816 1015 2929 1022 _......
2973 1011 3143 1022 ----.-_
3175 1011 3324 1022 ----...
3410 1004 3423 1022 I
3626 1010 3659 1022 ο-

482 998 702 1067 poterit.
743 996 958 1068 Quippe
1023 1016 1148 1054 cum
1204 1004 1387 1056 omnia
1438 1019 1798 1073 quaecumque
1852 1002 2069 1055 tandem
2147 1015 2212 1054 ac
2241 1000 2646 1070 qualiacunque
2676 999 2784 1088 sint
2812 1015 2931 1102 quae
2972 1011 3144 1103 mater
3175 1011 3354 1103 nostra
3394 1004 3662 1103 decreverit

481 1102 542 1142 ac
594 1087 822 1155 fecerit,
876 1091 926 1142 vi
993 1094 1278 1160 prmsentis
1332 1094 1492 1148 bulla:
1543 1109 1723 1148 aurea:
1774 1093 2045 1147 vindicata
2086 1092 2266 1157 nobis,
2296 1099 2608 1159 nostrisque
2684 1087 2996 1145 auctoritati
3068 1091 3377 1162 imputanda
3426 1096 3661 1168 planeque

466 1158 539 1234 in
567 1196 730 1236 omne
760 1194 973 1252 tempus
996 1158 1145 1250 rata,
1192 1185 1373 1251 firma,
1428 1187 1605 1240 valida
1654 1188 2044 1250 decernamus,
2084 1183 2554 1252 declaremusque.

552 1273 831 1331 Hactenus
878 1277 1021 1331 bulla
1068 1293 1253 1335 aurea.
1290 1280 1463 1346 Quam
1500 1281 1595 1351 qui
1639 1282 1880 1336 attendet
1922 1279 2046 1351 jure
2072 1293 2122 1350 Α

477 1367 670 1437 utique
700 1370 987 1424 mirabitur
1017 1370 1313 1441 efferetque
1360 1374 1612 1430 laudibus
1655 1376 1908 1443 pietatem
1948 1389 2045 1443 pa-

475 1459 581 1515 tris
617 1460 719 1514 mei
745 1461 921 1516 Alexii
976 1463 1231 1534 Augusti,
1263 1465 1356 1534 qui
1403 1464 1534 1519 nihil
1575 1464 1733 1534 plane
1772 1466 1874 1520 sibi
1917 1467 2047 1521 reli-

476 1569 645 1624 quum
675 1553 866 1609 fecerit
895 1557 1186 1625 quominus
1217 1559 1399 1613 omnia
1453 1573 1723 1628 supremae
1762 1559 2044 1627 potestatis

473 1640 600 1710 jura
659 1640 970 1710 decoraque
1020 1646 1179 1700 matri
1237 1646 1381 1702 ﬁlius
1423 1663 1538 1703 suae
1590 1648 2043 1715 communicaret,

474 1733 705 1803 ipsoque
735 1736 872 1791 adeo
900 1738 1166 1807 imperiali
1200 1743 1340 1796 solio
1365 1757 1429 1797 ac
1457 1743 1695 1814 fastigio,
1723 1755 1786 1800 ut
1816 1756 2043 1801 matrem

475 1822 597 1879 loco
624 1828 707 1879 sui
755 1829 992 1895 regendo
1018 1832 1175 1900 quasi
1224 1835 1408 1888 currui
1458 1836 1771 1904 reipublicze
1802 1837 2045 1908 praefice-

476 1924 579 1975 ret.
630 1917 968 1976 descendere
1028 1924 1435 1991 quodammodo
1491 1927 1563 1982 sit
1610 1928 1785 1997 visus,
1833 1931 2043 1987 circum

473 2006 770 2072 apparendi
836 2024 899 2063 ac
961 2012 1253 2078 cursandi,
1308 2017 1459 2071 velut
1510 2018 1798 2075 ministerii
1853 2036 2040 2089 causa,

473 2094 723 2160 partibus
759 2097 864 2151 sibi
898 2105 1279 2158 tantummodo
1311 2108 1629 2172 reservatis,
1678 2110 1907 2179 soloque
1942 2112 2043 2165 im-

474 2189 743 2248 peratoris
772 2189 991 2244 nomine
1038 2202 1291 2249 retento:
1327 2207 1379 2250 et
1430 2196 1532 2252 hoc
1585 2214 1649 2252 ex
1694 2198 2044 2257 adolescente

471 2271 581 2338 iam
617 2271 669 2324 in
705 2276 877 2330 virum
907 2279 1167 2347 evatlens,
1213 2298 1317 2350 qua
1363 2293 1522 2340 rotate
1566 2288 1836 2356 cupiditas
1868 2290 2039 2359 impe-

470 2362 630 2417 randi
686 2365 859 2435 major
912 2385 1035 2425 esse
1080 2373 1221 2426 solet
1273 2374 1324 2427 in
1374 2374 1687 2435 hominibus
1744 2382 1825 2434 sic
1876 2383 2040 2448 natis,

473 2453 667 2525 sicque
698 2458 986 2524 institutis,
1018 2463 1218 2533 talique
1253 2464 1471 2521 fortuna
1501 2470 1636 2526 usis.
1672 2471 1740 2524 At
1770 2488 1903 2529 sane
1929 2489 2040 2530 non

470 2557 691 2613 segnem
715 2548 976 2605 desidiam
1006 2564 1267 2621 pra‘textu
1301 2560 1533 2614 materni
1569 2563 1790 2620 honoris
1816 2564 2037 2638 obtegit,

2231 1277 2392 1333 Ἀλλὰ
2424 1276 2600 1333 ταῦτα
2636 1276 2735 1349 μὲν
2772 1278 2842 1333 τὰ
2890 1278 2984 1333 τοῦ
3023 1280 3437 1350 χρυσοσούλλου.
3476 1283 3669 1355 Θαυμά-

2149 1387 2264 1424 σειε
2294 1370 2342 1423 δ’
2370 1369 2436 1423 ἄν
2464 1387 2546 1434 τις
2575 1372 2633 1423 ὲν
2659 1370 2873 1435 τούτοις
2900 1371 2992 1425 τὸν
3015 1373 3147 1442 ἐμὸν
3172 1373 3379 1444 πατέρα
3410 1376 3496 1428 καὶ
3531 1378 3666 1431 αὐτου

2146 1462 2390 1534 κράτορα
2419 1462 2518 1532 τῆς
2551 1463 2632 1526 είς
2660 1464 2761 1534 τὴν
2791 1467 3003 1535 μητέρα
3026 1466 3220 1537 τιμῆς.
3257 1467 3349 1521 καὶ
3377 1469 3513 1533 ὅπως
3551 1471 3670 1542 αὐτῇ

2145 1554 2616 1625 παρακεχωρήκει
2645 1555 2753 1608 τῶν
2786 1555 3069 1621 ἁπάντων,
3102 1556 3266 1622 αὐτὸς
3297 1557 3390 1629 τῆς
3421 1556 3672 1627 βασιλικῆς

2143 1648 2303 1716 ἡνίας
2324 1643 2437 1700 οἷον
2467 1648 2919 1718 ὑπεξιστάμενος,
2950 1649 3046 1702 καὶ
3075 1649 3279 1721 τρόπον
3316 1649 3433 1704 τινὰ
3479 1651 3674 1721 ἐποχου-

2147 1737 2283 1807 μένῃ
2316 1737 2412 1791 τοῦ
2471 1737 2750 1808 βασιλικοῦ
2798 1738 3045 1808 ἅρματος
3077 1739 3218 1812 αὐτῇ
3265 1739 3560 1812 παραθέων.
3595 1741 3674 1795 καὶ

2142 1827 2304 1897 ψιλοῦ
2340 1828 2505 1899 μόνου
2536 1829 2629 1883 τοῦ
2666 1833 2767 1900 τῆς
2822 1829 3103 1900 βασιλείας
3142 1832 3383 1902 μετέχων
3423 1832 3672 1903 ὀνόματος.

2143 1921 2337 1977 Καίτοι
2361 1921 2502 1976 κατὰ
2535 1922 2635 1993 τὴν
2695 1923 2910 1993 ἡλικίαν
2949 1926 3041 1978 τὸν
3073 1924 3315 1995 μείρακα
3360 1926 3455 1998 ἥδη
3495 1926 3679 1997 παρήλ-

2142 2011 2326 2077 λαττε,
2362 2013 2488 2067 καθ’
2513 2013 2570 2067 ὃν
2601 2014 2838 2084 μάλιστα
2871 2017 3065 2085 καιρὸν
3087 2017 3381 2088 ἐπιφύεται
3406 2019 3509 2081 τοῖς
3530 2017 3678 2071 τοιού-

2140 2122 2252 2167 τοις
2283 2104 2471 2176 ἤθεσιν
2506 2108 2533 2158 ό
2559 2107 2659 2174 τῆς
2708 2107 3002 2178 φιλαρχίας
3057 2107 3226 2178 ἔρως.
3278 2110 3414 2173 Τοὺς
3460 2109 3549 2178 μὲν
3584 2110 3682 2177 γὰρ

2142 2196 2280 2268 πρὸς
2310 2196 2434 2259 τοὺς
2464 2197 2779 2269 Βαρϐάρους
2805 2199 3077 2266 πολέμους
3116 2204 3214 2255 καὶ
3266 2204 3366 2257 ὅσα
3405 2202 3504 2255 τῶν
3526 2201 3676 2256 ἄθλων

2141 2287 2236 2339 καὶ
2259 2288 2368 2341 τῶν
2392 2290 2622 2358 ἀγώνων
2662 2290 2830 2359 ὑπῆν,
2870 2292 3034 2356 αύτδς
3077 2293 3407 2358 ἀνεξώσατο,
3436 2295 3595 2346 πᾶσαν
3628 2291 3675 2343 δὲ

2140 2380 2249 2435 τῶν
2279 2384 2626 2451 πραγμάτων
2651 2384 2923 2453 διοίκησιν
2961 2385 3052 2438 καὶ
3085 2385 3370 2447 πολιτικὰς
3396 2385 3573 2455 ἀρχὰς,
3598 2384 3677 2436 καὶ

2140 2468 2273 2535 τοὺς
2300 2470 2427 2540 περὶ
2460 2469 2570 2523 τῶν
2597 2472 2869 2542 εἰσφορῶν
2911 2473 3129 2542 λόγους,
3172 2475 3272 2529 καὶ
3311 2475 3417 2528 τῶν
3440 2474 3566 2545 ὑπὲρ
3598 2474 3679 2541 τῆς

2144 2559 2423 2630 βασιλείας
2473 2563 2848 2635 ἀναχωμάτων
2893 2566 2914 2598 ⁷
2959 2570 3025 2638 τῇ
3084 2568 3262 2637 μητρὶ
3303 2565 3683 2622 κατεπίστευσε.

471 2645 565 2687 aut
597 2637 771 2690 otium
807 2655 1060 2696 securum
1091 2654 1275 2701 astuta
1326 2649 1526 2718 pietate
1573 2653 1807 2710 redimit.
1839 2654 2035 2727 Nempe

2142 2652 2251 2704 Καὶ
2298 2653 2429 2718 τσως
2462 2656 2561 2726 μὲν
2608 2656 2676 2710 ἄν
2707 2675 2790 2722 τις
2820 2637 3056 2713 ἐνταῦθα
3095 2662 3388 2729 γινόμενος
3428 2658 3678 2729 καταμέμ-

469 2723 667 2779 bellum
704 2728 757 2782 in
790 2729 1053 2789 barbaros
1095 2738 1443 2810 periculaque
1475 2743 1566 2796 illa
1599 2759 1664 2799 ac
1697 2746 1913 2803 labores
1938 2750 2044 2805 sibi

468 2816 736 2885 deposcit,
793 2824 1044 2891 speciosa
1086 2834 1140 2881 et
1170 2842 1478 2899 quaestuosa
1521 2840 2044 2910 caetera,guberna-

467 2907 666 2963 tionem
698 2915 1064 2985 negotiorum,
1088 2919 1388 2978 electiones
1412 2926 1856 2998 magistratuum,
1883 2934 2043 2988 vecti-

467 2997 667 3066 galium
715 3013 1141 3077 sumptuumque
1185 3011 1528 3079 publicorum
1571 3019 1831 3085 rationes,
1878 3027 2039 3082 matri

465 3090 780 3147 committit.
835 3093 1071 3149 Nimium
1120 3098 1173 3152 id
1225 3102 1445 3170 quidem
1488 3105 1787 3163 liberaliter
1823 3126 1885 3165 ac
1911 3128 2044 3178 pro-

465 3180 610 3249 dige,
639 3184 784 3240 dicat
823 3185 1057 3244 fortasse
1088 3192 1379 3262 quispiam,
1414 3199 1506 3267 qui
1538 3201 1717 3255 aulam
1774 3204 1827 3257 in
1852 3222 2037 3276 gynae-

465 3290 621 3330 ceum
659 3280 971 3345 transferri,
1005 3291 1059 3336 et
1081 3283 1299 3354 imperii
1334 3289 1468 3343 tanti
1505 3291 2033 3352 administrationem

467 3370 778 3426 universam
816 3354 907 3428 uni
953 3376 1099 3431 credi
1151 3380 1365 3435 mulieri
1419 3385 1643 3442 minime
1694 3389 2034 3457 probandum

465 3469 635 3529 putet.
678 3461 876 3518 Verum
911 3465 958 3521 is
987 3469 1033 3523 si
1068 3470 1205 3525 sciat
1238 3488 1303 3528 ac
1340 3486 1550 3544 reputet
1572 3495 1734 3548 quam
1765 3484 2035 3552 exquisita

465 3548 628 3603 fuerit
684 3550 804 3621 ejus
870 3556 1117 3614 mulieris
1180 3563 1509 3631 prudentia,
1576 3580 1778 3638 quanta
1841 3574 2032 3638 virtus,

465 3652 628 3706 quam
666 3657 786 3695 rara
820 3644 900 3699 vis
933 3648 1154 3717 ingenii,
1197 3654 1647 3723 vituperationem
1683 3663 1931 3730 proiecto
1978 3666 2031 3720 in

463 3730 909 3799 approbationem
937 3737 1119 3791 statim
1148 3742 1361 3796 consilii
1386 3744 1508 3800 talis
1536 3756 1589 3800 et
1615 3750 2031 3809 admirationem

464 3829 661 3876 vertat.
697 3821 871 3878 Tanta
914 3828 1059 3881 enim
1094 3830 1195 3884 fuit
1234 3833 1287 3887 in
1339 3836 1457 3889 avia
1500 3853 1616 3891 mea
1646 3841 1943 3899 dexteritas
1977 3846 2031 3901 in

464 3914 718 3979 gerendis
747 3918 1210 3992 expediendisque
1234 3926 1417 3991 rebus,
1454 3938 1603 3985 tanta
1632 3933 1917 3992 ordinandi
1948 3940 2029 3994 di-

2146 2740 2302 2812 ψοιτο
2327 2744 2427 2814 τὴν
2452 2748 2783 2819 οἰκονομίαν.
2811 2750 2887 2814 ὡς
2916 2751 3327 2819 γυναικωνίτιδι
3350 2749 3683 2807 καταπιστεύιι

2146 2853 2343 2900 σαντος
2382 2837 2587 2908 τούμοῦ
2625 2841 2831 2911 πατρὸς
2854 2843 2951 2913 τὴν
2982 2843 3079 2911 τῆς
3113 2842 3398 2913 βασιλείας
3425 2844 3691 2913 διοίκησιν.’

2155 2927 2299 2980 Ἀλλ’
2340 2928 2389 2981 εί
2448 2930 2509 2982 τὸ
2561 2931 2817 3002 φρόνημα
2848 2934 2947 3003 τῆς
2988 2937 3259 3001 γυναικὸς
3298 2939 3572 3011 ἠπίστατο,
3598 2937 3680 2991 καὶ

2141 3019 2239 3090 ὅση
2281 3038 2364 3083 τις
2386 3017 2454 3093 ἦν
2484 3022 2685 3095 ἀρετὴν
2716 3025 2811 3078 καὶ
2844 3026 2934 3080 τὸν
2971 3028 3094 3081 νοῦν
3120 3031 3219 3084 καὶ
3262 3033 3408 3095 ὅπως
3429 3029 3534 3103 εἶχε
3566 3031 3679 3102 δρα-

2144 3113 2514 3182 στηριότητος,
2559 3116 2835 3185 ἀφέμενος
2885 3120 3150 3189 μέμψεως
3209 3125 3352 3194 πρὸς
3399 3124 3571 3195 θαῦμα
3594 3127 3683 3192 τὴ*

2144 3202 2352 3271 μέμψιν
2385 3206 2668 3275 μετέὅαλε.
2703 3208 2953 3281 Τοσαύτη
2977 3211 3085 3283 γὰρ
3124 3215 3155 3283 ή
3190 3216 3306 3286 ἐμὴ
3343 3216 3533 3286 μάμμη
3567 3214 3681 3284 περὶ

2140 3293 2209 3346 τὰ
2233 3295 2535 3365 πράγματα
2562 3298 2858 3370 δεξιωτάτη
2895 3303 2991 3355 καὶ⁵
3019 3304 3177 3368 τάξαι
3209 3308 3310 3359 καὶ
3357 3306 3675 3376 καταστήσα-

2140 3384 2265 3436 σθαι
2294 3388 2568 3441 πολιτείαν
2602 3390 2931 3461 εὐμήχανος,
2967 3392 3106 3447 ὥστε
3136 3396 3215 3464 μὴ
3258 3398 3416 3466 μόνον
3435 3397 3529 3467 τὴν
3563 3398 3678 3450 Ῥωε

2142 3477 2320 3544 μαίων
2347 3478 2521 3549 ἀρχὴν
2546 3480 2768 3534 διοικεῖν
2793 3482 3073 3547 δύνασθαι,
3112 3485 3255 3541 ἀλλὰ
3288 3491 3379 3543 καὶ
3403 3491 3571 3543 πᾶσαν
3594 3488 3686 3555 τὴν

2138 3560 2272 3614 ὅπου
2302 3563 2504 3633 δήποτε
2536 3567 2816 3636 βασιλείαν
2860 3572 3067 3643 ὁπόσην
3114 3576 3271 3645 ἥλιος
3302 3580 3493 3649 ἐφορᾷ.
3530 3578 3680 3630 Halu-

2136 3656 2327 3724 πειρός
2352 3674 2411 3709 τε
2444 3658 2554 3729 γὰρ
2581 3655 2649 3730 ἦν
2678 3662 2774 3714 καὶ
2797 3663 3009 3718 πολλῶν
3062 3671 3406 3739 πραγμάτων
3440 3670 3681 3738 ἐγίνωσκε

2136 3747 2347 3815 φύσεις,
2382 3752 2479 3804 καὶ
2535 3754 2681 3818 ὅπως
2715 3755 2968 3826 ἄρχεται,
3002 3761 3095 3814 καὶ
3134 3762 3216 3825 εἰς
3261 3763 3290 3816 δ
3322 3762 3691 3832 καταντήσειεν

2132 3840 2363 3896 ἕκαστον
2392 3843 2745 3914 ἐξηπίστατο,
2777 3853 2871 3902 καὶ
2898 3850 3017 3903 τίνα
3039 3852 3138 3921 μὲν
3161 3853 3328 3908 τίνων
3374 3855 3510 3907 είσὶν
3545 3854 3682 3904 ἀναι-

2135 3932 2344 4002 ρετικά.
2380 3936 2502 3989 τίνα
2540 3936 2595 3990 δὲ
2623 3937 2823 4008 μᾶλλον
2848 3942 3449 4017 ἐπιρρὡνυσινέτερα,
3469 3943 3684 4010 ὀξυτάτη

463 4005 793 4073 gerendique
831 4008 1010 4063 civilia
1062 4017 1282 4081 negotia
1331 4017 1557 4074 facultas
1579 4038 1641 4076 ac
1677 4028 1835 4093 quasi
1864 4045 2029 4099 capa-

2135 4040 2190 4076 τε
2220 4024 2278 4077 τὸ
2312 4024 2431 4079 δέον
2485 4004 2829 4099 καταμαθεῖν
2872 4004 3152 4103 καϊμετὰ
3205 4004 3681 4107 ἀσφαλείας-κατῶ

462 4095 601 4150 citas
635 4110 842 4164 magna:
875 4101 1092 4176 mentis,
1128 4111 1184 4155 ut
1229 4120 1335 4158 non
1369 4117 1577 4164 tantum
1630 4112 1876 4171 Romano
1930 4121 2031 4172 im-

462 4188 617 4254 perio
679 4199 943 4257 quantum
992 4202 1131 4253 erat.
1186 4195 1280 4250 sed
1339 4200 1521 4266 regnis
1567 4219 1688 4272 quae
1747 4210 1846 4263 sub
1915 4212 2030 4267 sole

462 4282 591 4327 Sunt
620 4275 872 4330 omnibus
910 4293 1015 4332 una
1045 4281 1248 4348 optime
1293 4289 1544 4355 regendis
1573 4307 1670 4360 par
1697 4297 1865 4351 videri
1901 4316 2030 4369 pos-

461 4372 565 4418 set.
595 4366 702 4436 86
746 4364 937 4435 Magno
967 4368 1180 4425 scilicet
1223 4390 1289 4428 ex
1343 4375 1500 4449 longa
1550 4386 1880 4452 experientia
1901 4364 2024 4447 iusu

458 4457 685 4525 praedita
738 4472 920 4515 rerum
982 4460 1368 4533 humanarum,
1404 4469 1622 4541 ingenio
1669 4478 1893 4550 insuper
1958 4485 2026 4540 ad

460 4560 682 4605 naturas
708 4564 892 4606 rerum
927 4551 1323 4628 facultatesque
1362 4565 1704 4632 negotiorum
1742 4574 2025 4640 perviden-

457 4642 556 4697 das
589 4641 726 4698 mire
757 4642 943 4699 solerti
985 4659 1001 4700 :
1038 4646 1126 4701 cui
1166 4662 1511 4708 numeratum
1547 4667 1693 4714 esset
1736 4675 1800 4716 ac
1846 4680 2027 4732 prom-

459 4744 632 4804 ptum,
667 4739 810 4791 unde
867 4739 1235 4797 inclinandum
1289 4746 1596 4815 quidlibet?
1642 4769 1745 4821 qua
1801 4764 1855 4810 et
1914 4774 2024 4827 quo

460 4829 904 4895 provehendttnt?
938 4849 1058 4901 quae
1085 4836 1394 4908 quibusque
1425 4840 1872 4913 adversarentur,
1903 4866 2024 4919 quae

455 4920 767 4990 quibusque
817 4924 1072 4992 iuvandis
1125 4936 1254 4982 nata
1309 4941 1544 5003 aptaque
1600 4950 1784 4995 essent
1830 4958 1843 4993 :
1891 4945 2021 5012 quid

456 5023 593 5077 opus
628 5009 789 5076 facto,
814 5013 1097 5071 celerrime
1126 5021 1452 5091 pervidens;
1497 5024 1548 5079 id
1578 5026 1752 5094 ipsum
1797 5032 1862 5087 ad
1894 5051 2021 5105 pru-

455 5101 647 5154 denter
693 5107 1101 5172 exsequendum
1157 5118 1381 5167 strenua
1447 5126 1501 5170 et
1564 5132 1848 5178 constans.
1909 5126 2020 5183 Nec

454 5206 584 5247 vero
608 5208 732 5247 cum
786 5196 949 5252 tantis
979 5198 1176 5268 ingenii
1223 5204 1549 5274 consiliique
1590 5212 1837 5277 partibus
1866 5231 2019 5271 com-

2132 4117 2334 4183 πρᾶξαι
2362 4117 2530 4180 δεινή.
2556 4122 2664 4174 Καὶ
2694 4124 2793 4175 οὐκ
2831 4120 2900 4193 ἦν
2929 4126 3029 4195 μὲν
3055 4125 3154 4196 τὴν
3180 4129 3411 4200 γνώμην
3451 4125 3686 4194 τοιαύτη,

2129 4205 2379 4272 γλῶτταν
2425 4209 2482 4262 δὲ
2533 4208 2680 4281 εἶχεν
2724 4216 3040 4285 ἁπᾴδουσαν
3099 4221 3239 4290 πρὸς
3289 4221 3388 4291 τὴν
3434 4220 3678 4289 γνώμην³

2128 4298 2243 4350 ἀλλ’
2270 4294 2339 4370 ἦν
2370 4301 2698 4373 αὐτόχρημα
2736 4307 2923 4377 ῥήτωρ
2981 4309 3342 4380 πιθανότητος
3379 4312 3425 4375 ⁸,
3450 4311 3542 4364 καὶ
3571 4307 3685 4361 οὔτε

2127 4388 2287 4452 λάλος
2317 4394 2411 4445 καὶ
2448 4394 2528 4458 είς
2559 4396 2733 4465 μῆκος
2767 4398 2897 4462 τοὺς
2937 4400 3133 4469 λόγους
3180 4403 3525 4467 ἐκτείνουσα,
3570 4400 3682 4456 οὔτε

2125 4482 2335 4551 ταχέως
2394 4485 2775 4556 ἀπελίμπανεν
2823 4490 2966 4560 αὐτὴ
3015 4492 3076 4546 τὸ
3134 4493 3353 4562 πνεῦμα
3384 4492 3477 4548 τοῦ
3516 4494 3682 4561 λόγου,

2126 4574 2241 4627 ἀλλ’
2268 4576 2569 4648 ἐπικαίρως
2608 4581 2891 4652 ἀρξαμένη
2926 4587 3007 4646 εἰς
3044 4584 3113 4638 τὰ
3154 4586 3497 4656 καιριιὶιτατα
3538 4586 3687 4639 πάλιν

2127 4668 2419 4737 κατέληγε.
2490 4671 2601 4725 Καὶ
2669 4674 2698 4725 ὁ
2772 4674 2873 4741 μὲν
2934 4675 3213 4744 βασίλειος
3281 4678 3477 4748 θρόνος
3526 4676 3691 4743 αὐτὴν

2125 4765 2559 4830 παρηκμακυῖεν
2605 4764 2955 4834 κατείληφεν,
2979 4767 3067 4820 ὅτε
3100 4769 3196 4822 καὶ
3228 4770 3435 4837 μῖλλον
3481 4769 3541 4821 τὺ
3566 4783 3683 4838 φρο-

2123 4848 2247 4903 νοῦν
2303 4840 2520 4920 ἤκμαζε
2567 4854 2661 4906 καὶ
2706 4855 2739 4925 ὴ
2770 4856 2986 4921 σύνεσις
3030 4859 3260 4930 ἐπήνθει
3287 4861 3442 4931 καὶὴ
3479 4860 3601 4930 περὶ
3622 4854 3685 4909 τὰ

2123 4942 2424 5010 πράγματα
2460 4944 2740 5016 ἐπιστήμη
2802 4949 3177 5019 συνήκμαζεν.
3205 4951 3263 5017 ἐξ
3287 4944 3368 5003 ὧν
3392 4950 3682 5018 οίκονομῖαι

2122 5034 2216 5087 καὶ
2249 5034 2548 5104 διοικήσεις
2598 5036 2660 5089 τὸ
2719 5039 2921 5106 κράτος
2983 5040 3218 5111 ἔχουσιν.
3255 5043 3414 5111 Ἔχει
3456 5042 3511 5095 δὲ
3546 5040 3615 5101 ὡς
3650 5039 3683 5106 ἡ

2120 5125 2345 5197 τοιαύτη
2414 5127 2474 5180 τὸ
2519 5128 2666 5192 εἰκὸς
2718 5130 2905 5201 ἡλικία
2944 5131 3005 5184 οῦ
3068 5133 3231 5202 μόνον
3266 5151 3319 5186 τι
3352 5133 3528 5197 λέξαι
3575 5129 3685 5184 τῶν

2117 5220 2270 5274 νέων
2336 5222 2713 5290 σοφώτερον,
2765 5223 2840 5287 ὡς
2904 5225 2936 5293 ἡ
2979 5225 3256 5297 τραγῳδία
3308 5226 3518 5293 φησὶν.
3555 5220 3683 5277 ἀλλὰ

457 5286 829 5350 tuendaretnr,
863 5288 1147 5345 deficiebat
1201 5293 1346 5348 illam
1386 5296 1602 5367 lingua;
1630 5305 1758 5369 quin
1785 5307 2015 5363 habebat

2135 5311 2218 5365 ιιαὶ
2272 5286 2707 5385 συμιρορὼτερον
2759 5286 3177 5383 πρᾶξιέιδὋδὲ
3233 5286 3467 5369 κατόπιν
3504 5313 3682 5383 χρόνος

452 5379 769 5435 facultatem
799 5380 920 5448 ejus
947 5387 1160 5450 generis
1192 5385 1431 5441 innatam
1485 5395 1725 5461 quaesitae
1757 5397 2012 5466 similem,

455 5483 666 5528 natura:
696 5473 856 5538 bono,
890 5488 998 5528 non
1033 5476 1316 5534 industria:
1360 5480 1623 5539 beneficio
1658 5488 1846 5545 rhetor
1870 5508 2015 5561 qum-

2121 5403 2215 5456 xai
2254 5404 2460 5458 ὁπόταν
2513 5406 2699 5475 ἐκείνη
2767 5407 2889 5469 ταῖς
2944 5408 3238 5477 νεωτέραις
3294 5402 3686 5473 συνεξητάζετα

2121 5495 2358 5564 γυναιξὶ,
2388 5497 2574 5568 θαῦμα
2604 5500 2863 5573 ἄντικρυς
2890 5496 2980 5572 ἦν,
3002 5501 3187 5556 πολιὸν
3212 5502 3268 5555 ἐν
3297 5501 3475 5571 νεαρᾷ
3504 5491 3685 5569 ἠλικίᾷ

1512 5661 1711 5728 Varize
1770 5666 2073 5735 lectiones
2103 5691 2176 5737 ex
2211 5677 2325 5739 cod
2387 5678 2653 5742 Coislin.

535 5753 556 5787 "
588 5753 981 5825 ἀναλωμάτων.
1059 5760 1500 5828 επιθανώτατος.
1572 5834 1581 5843 η
