3946 6206
288 207 376 270 293
1490 213 2084 277 ALEXIADIS'LIB.
2133 217 2246 277 ΠΙ.

3413 221 3522 286 294

283 325 455 384 ἱέντος
486 324 580 376 τοῦ
612 322 998 395 φιλανθρώπου
1030 324 1107 396 τῷ
1136 326 1231 395 τῆς
1255 327 1432 398 ψυχῆς
1469 331 1841 401 ἀναστήματι.

1955 331 2156 384 nachos
2208 329 2484 400 praecipuo
2529 343 2748 398 semper
2793 329 2910 401 88
2961 328 3016 385 in
3068 332 3274 388 honore
3329 335 3516 390 habuit

284 415 343 466 re
393 415 451 467 δὲ
499 410 632 485 ἦθος
683 416 818 484 αὐτῇ
872 416 1288 488 ὑποκαθήμενον
1325 420 1459 490 πρὸς
1517 422 1843 491 ἐνθυμήσεις

1955 422 2402 489 familiariterque
2437 422 2684 476 adhibuit
2729 422 2795 474 ad
2848 439 3089 477 mensam
3120 442 3134 478 :
3167 434 3222 479 et
3263 425 3363 480 hos
3393 427 3522 494 qui-
3593 481 3598 486 ,

274 507 354 559 ἀεὶ
387 507 712 578 καινοτέρας
728 507 1086 581 ἀνελιττούσῃ
1113 510 1212 573 τὰς
1251 511 1496 581 γνώμας,
1527 513 1588 565 οὐ
1616 514 1845 580 φθαρτι-

1955 513 2072 566 dein
2098 515 2172 568 ita
2205 515 2444 579 assidue,
2479 523 2534 566 ut
2563 530 2717 569 nemo
2747 515 2892 568 illam
2926 516 3332 571 accumbentem
3372 517 3524 572 vide-

271 599 372 661 ιιέις
420 597 518 651 τοῦ
574 599 777 661 κοινοῦ,
841 599 917 662 ὥς
971 616 1116 662 τινες
1177 601 1640 673 ὑπετονθόρυζον,
1707 603 1846 657 ἀλλά

271 692 572 756 σωστικάς,
620 693 718 744 καὶ
770 692 1130 762 διεφθορυῖαν
1183 695 1285 765 ἥδη
1339 696 1435 766 τὴν
1461 697 1736 765 βασιλείαν
1789 700 1846 760 ὲς

268 780 594 850 ἂλοκὶηρίαν
649 782 1056 850 ὲπαναγούσας,
1094 785 1164 838 τά
1220 801 1279 838 τε
1313 787 1407 839 τοῦ
1449 787 1633 839 κοινοῦ
1674 789 1755 850 εἰς
1785 787 1844 840 τὸ

269 871 440 940 μηδὲν
479 871 783 942 ἐληλακότα
830 876 1258 946 ἐπανορθούσας,
1284 879 1359 938 ὡς
1391 878 1643 949 δύναμις.
1677 881 1842 950 Πλὴν,

265 965 315 1015 εἰ
367 964 465 1018 καὶ
515 967 581 1035 τῇ
641 965 750 1018 τῶν
808 968 1005 1020 κοινῶν
1042 968 1312 1039 διοικήσει
1350 971 1715 1041 ὲνησχολεῖτο,
1744 975 1845 1042 τῆς

266 1059 382 1118 τοῖς
407 1060 664 1127 μοναχοῖς
696 1059 1078 1129 προσηκούσης
1095 1060 1371 1131 διαγωγῆς
1393 1063 1644 1133 οὐδαμῶς
1674 1083 1844 1120 κατα-

265 1146 633 1216 πεφρονήκει.
679 1147 840 1202 Ἀλλά
886 1150 946 1202 τὺ
973 1149 1158 1204 πλεῖον
1211 1152 1310 1220 μὲν
1345 1155 1443 1222 τῆς
1471 1155 1685 1218 νυκτὸς,
1719 1156 1842 1217 τοὺς

267 1237 452 1307 ἱεροὺς
492 1237 814 1308 ἀπεπλήρου
869 1237 1092 1310 ὕμνους,
1162 1247 1434 1312 προσευχῇ
1491 1261 1548 1296 τε
1605 1250 1844 1319 συντόνῳ

267 1335 360 1384 καὶ
381 1333 665 1402 ἀγρυπνίᾳ
697 1342 1080 1405 συντετηκυῖα,
1113 1340 1241 1406 περὶ
1274 1340 1330 1391 δὲ
1362 1338 1423 1391 τὸ
1453 1339 1692 1410 ὄρθριον,
1727 1341 1843 1393 ἐστι

265 1423 308 1475 δ’
339 1426 430 1477 ὅτε
455 1425 551 1476 καὶ
581 1425 842 1496 δευτέρας
862 1428 1332 1499 ἀλεκτοροφωνίας
1354 1431 1464 1501 (15)
1482 1433 1601 1492 ταῖς
1619 1433 1711 1484 τοῦ
1738 1451 1846 1489 κοι-

266 1515 355 1566 νοῦ
383 1514 714 1584 προσέκειτο
735 1516 1057 1587 διοικήσεσι,
1088 1522 1216 1589 περί
1236 1538 1290 1575 τε
1320 1522 1688 1592 ἀρχαιρεσιῶν
1721 1541 1844 1576 σκο-

266 1607 443 1660 ποῦσα
485 1609 713 1672 καὶτὰς
766 1611 874 1664 τῶν
903 1611 1174 1682 δεομένων
1225 1615 1471 1686 αἰτήσεις
1523 1616 1839 1683 ἐπιλύουσα,

1952 605 2020 658 rit
2062 607 2179 658 sine
2229 606 2510 659 monachis
2543 604 2810 660 convivis.
2843 605 3062 674 Species
3095 617 3215 660 erat
3249 607 3370 676 ejus
3412 617 3522 662 tota

1954 695 2281 750 venerabilis
2329 697 2561 766 angelis,
2598 697 2936 751 darmonibus
2968 698 3254 763 terribilis,
3286 699 3472 753 lascivi
3495 716 3523 755 ε

1952 795 2006 842 et
2055 787 2411 856 roluptarios,
2466 787 2510 842 si
2557 789 2647 856 qui
2702 797 3092 852 occurrerent,
3145 797 3254 843 tam
3305 791 3526 844 acribus

1955 877 2148 945 ﬁgebat
2181 875 2374 938 oculis,
2407 886 2462 929 ut
2509 877 2854 931 severitatem
2895 888 3150 946 aspectus
3194 881 3344 935 illius
3379 880 3522 935 ferre

1956 981 2065 1018 non
2101 974 2323 1034 possent
2358 981 2371 1018 :
2402 966 2664 1020 modestis
2702 981 2832 1020 sane
2879 970 2947 1019 ac’
2981 967 3165 1036 probis
3194 969 3415 1023 hilarem
3465 985 3526 1026 se

1953 1072 2015 1108 ac
2057 1057 2342 1125 propitiam
2378 1056 2576 1110 ferens.
2614 1056 2745 1110 Nam
2781 1057 3017 1112 tristitiae
3043 1059 3259 1113 modum
3299 1063 3524 1130 perinde

1953 1159 2116 1216 atque
2159 1150 2451 1204 hilaritatis
2479 1161 2639 1204 norat
2692 1151 3044 1220 tenebatque,
3077 1159 3137 1206 ut
3170 1168 3344 1222 neque
3395 1168 3523 1224 gra-

1951 1243 2090 1295 vitas
2120 1243 2238 1311 ejus
2269 1242 2460 1295 tetiica
2494 1243 2718 1295 nimium
2753 1259 2816 1296 ac
2849 1243 2982 1309 fera,
3016 1259 3117 1298 nec
3149 1260 3337 1299 rursus
3387 1244 3522 1298 aﬂ’a-

1953 1335 2136 1388 bilitas
2185 1337 2336 1402 justo
2397 1335 2671 1397 blandior,
2728 1347 2780 1389 et
2836 1336 3071 1391 levitatis
3117 1338 3292 1391 alliuis
3350 1338 3519 1392 videri

1955 1437 2142 1496 posset
2188 1443 2202 1482 :
2253 1429 2388 1484 adeo
2447 1429 2872 1483 mediocritatem
2927 1428 3214 1484 amabilem
3265 1431 3427 1484 simul
3469 1442 3524 1486 et

1952 1521 2322 1574 venerabilem
2357 1536 2421 1574 ex
2462 1521 2716 1575 mistionc
2749 1521 3105 1575 humanitatis
3131 1537 3251 1576 cum
3292 1523 3526 1576 austeri“

1952 1621 2062 1665 tate
2099 1620 2520 1681 temperaverat,
2549 1621 2665 1666 arte
2692 1612 2928 1682 quadam
2957 1621 3012 1665 et
3042 1621 3242 1668 conatu
3283 1615 3521 1680 virtutis;

266 1700 871 1769 ὑπογραμματεύοντος
903 1705 1040 1774 αὐτῇ
1098 1706 1404 1776 Γρηγορίου
1447 1707 1539 1761 τοῦ
1568 1711 1840 1765 Γενεσίου.

1955 1721 2072 1758 nam
2116 1717 2309 1775 suapte
2343 1715 2537 1759 natura
2575 1707 2899 1774 propensior
2926 1707 2990 1761 ad
3045 1710 3197 1762 triste
3245 1724 3309 1762 ac
3353 1711 3526 1764 medi-

266 1793 451 1846 Ταῦτα
489 1795 646 1857 εἴτις
703 1795 962 1865 ἠϐούλετο
992 1796 1177 1868 ῥήτωρ
1222 1800 1303 1862 εἰς
1349 1801 1628 1870 ὲγκωμίου
1655 1802 1845 1872 λόγους

262 1889 520 1954 ἀγαγεῖν,
551 1888 704 1952 τίνας
735 1889 800 1942 ἂν
830 1892 926 1942 οὐκ
954 1891 1316 1961 ἀπεκρύψατο
1344 1895 1450 1947 τῶν
1483 1895 1655 1948 πάλαι
1695 1913 1850 1967 περι-

264 1979 474 2048 ϐοήτων
512 1983 602 2032 ἐπ’
646 1983 815 2051 ἀρετῇ
851 1983 946 2034 καί
990 1983 1109 2035 κατ’
1152 1985 1441 2056 ἀμφότερα
1471 1987 1540 2038 τὰ
1573 1991 1702 2055 γένη
1744 2005 1846 2056 ca-

263 2069 454 2132 νέντας
477 2075 819 2139 περιφανεῖς,
853 2075 962 2136 τοῖς
997 2076 1391 2145 ἐπιχειρήμασι
1421 2079 1513 2130 καὶ
1545 2084 1665 2142 ταῖς
1711 2082 1846 2151 πρὸς

261 2162 460 2225 ἄλλους
491 2165 847 2233 συγκρίσεσιν
877 2165 1118 2233 ὲξογκῶν
1155 2170 1235 2230 εἰς
1277 2170 1418 2237 μέγα
1461 2171 1557 2240 τὴν
1589 2175 1843 2225 ἐπαινου-

264 2256 456 2322 μένην,
478 2253 670 2326 ὥσπερ
696 2256 860 2326 νόμος
890 2259 1007 2310 ἐστὶ
1036 2262 1144 2322 τοῖς
1171 2263 1643 2331 ὲγκωμιάζουσινς
1687 2265 1846 2319 Ἀλλά

261 2348 328 2397 τὰ
358 2348 457 2416 τῆς
503 2349 748 2418 ἱστορίας
794 2351 892 2419 οὐχ
949 2350 1121 2414 οὕτως
1154 2355 1340 2406 ἄδειαν
1382 2355 1567 2408 δίδωσι
1597 2358 1673 2426 τῷ
1722 2375 1847 2426 συγ-

263 2437 554 2505 γράφοντι.
584 2440 783 2510 Διόπερ
826 2441 875 2492 εἰ
915 2444 1043 2510 περὶ
1074 2443 1279 2512 ταύτης
1316 2447 1414 2513 τῆς
1461 2446 1735 2514 βασιλίδος
1762 2450 1848 2501 λέ-

265 2548 455 2599 γοντες
518 2532 590 2584 τὰ
648 2533 863 2602 μεγάλα
919 2538 1510 2608 σμικροπρεπέστερον
1577 2540 1842 2610 εἴπωμεν,

265 2624 460 2692 μηδεὶς
515 2624 622 2676 ὑπὸ
685 2625 894 2694 μέμψιν
945 2630 1126 2694 ἀγέτω
1179 2629 1272 2681 τὸν
1348 2629 1526 2696 λόγον,
1584 2633 1699 2684 ὅσοι
1747 2633 1846 2703 τὴν

262 2712 486 2783 ἐκείνης
539 2713 746 2767 οἴδασιν
778 2718 820 2748 ¹⁸
851 2716 1053 2785 ἀρετὴν
1100 2719 1192 2770 καὶ
1243 2719 1334 2771 τὸν
1365 2721 1528 2788 ὄγκον
1562 2723 1654 2775 τοῦ
1686 2723 1850 2788 ἀξιώ-

267 2822 464 2871 ματος,
513 2806 610 2859 καὶ
665 2806 724 2860 τὺ
779 2807 1034 2878 ἀγχίνουν
1090 2811 1148 2863 ὲν
1191 2811 1386 2879 ἅπασι,
1434 2817 1530 2869 καὶ
1569 2816 1630 2867 τὸ
1681 2819 1849 2886 ἀκρο-

265 2895 572 2964 φυέστατον
599 2899 691 2952 τοῦ
727 2903 1096 2972 φρονήματος.
1135 2904 1325 2974 Ἡμεῖς
1349 2907 1404 2958 δὲ
1435 2909 1556 2960 ὅθεν
1591 2910 1719 2979 περὶ
1750 2912 1849 2963 αὖ·

266 2989 367 3056 τῆς
419 2989 673 3056 λέγοντες
732 2995 927 3064 μικρόν
971 3013 1020 3047 τι
1072 2996 1511 3066 ἐξετραπόμεθα,
1559 3001 1722 3054 πάλιν
1754 3003 1852 3053 ἐπ-

1958 1799 2182 1851 tandum
2222 1797 2498 1852 silentium
2531 1808 2647 1850 erat.
2675 1839 2690 1862 ,
2725 1813 2821 1866 per
2869 1800 3010 1866 quod
3052 1815 3218 1852 novas
3264 1808 3317 1852 et
3353 1817 3525 1856 novas

1949 1906 2163 1958 semper
2185 1890 2528 1956 concipiebat
2548 1890 2908 1956 versabatque
2932 1890 3112 1941 animo
3137 1891 3520 1959 cogitationes,

1951 1999 1981 2036 ιι
2008 1999 2056 2034 in
2097 1981 2430 2050 perniciosas
2466 1982 2801 2048 reipublicze,
2832 1990 2888 2033 ut
2921 1981 3166 2034 malevoli
3207 1998 3521 2036 murmura-

1949 2076 2100 2137 hint,
2133 2077 2224 2128 sed
2252 2077 2474 2128 omnino
2499 2076 2786 2137 salutares,
2819 2085 2870 2127 ct
2902 2075 3172 2140 perditum
3201 2073 3312 2142 jam
3342 2075 3518 2144 impe-

1947 2168 2086 2218 rium
2117 2181 2362 2233 pettt‘qtte
2397 2166 2461 2217 ad
2498 2163 2726 2216 nihilum
2763 2163 3043 2217 redactum
3075 2163 3126 2216 in
3161 2170 3330 2216 totum
3359 2163 3526 2218 decus

1947 2257 2324 2324 amplitudinis
2367 2256 2631 2325 pristinae,
2685 2266 2947 2323 quantum
3001 2254 3116 2308 ﬁeri
3153 2262 3389 2323 poterat,
3436 2269 3523 2309 re—

1949 2358 2228 2418 parantes.
2316 2349 2584 2402 Caeterum
2663 2355 3093 2416 quantacunque
3178 2348 3522 2416 negotiorum

1949 2441 2117 2492 moles
2166 2439 2548 2502 incumberet,
2585 2452 2937 2507 nequaquam
2978 2440 3047 2490 ita
3079 2438 3167 2490 illa
3203 2454 3261 2493 se
3291 2439 3524 2508 opprimi

1948 2538 2186 2602 sinebat,
2217 2546 2275 2590 ut
2300 2536 2364 2588 ad
2394 2536 2648 2604 religiosa
2676 2535 2852 2588 ollicia
2877 2537 2999 2588 vitae
3026 2535 3342 2588 monasticae
3362 2551 3524 2604 quam

1950 2645 2216 2696 usurpare
2250 2629 2301 2680 in
2331 2627 2530 2696 palatio
2555 2630 2891 2687 decreverat,
2927 2626 3142 2694 prteripi
3177 2627 3278 2680 sibi
3308 2635 3524 2696 tempus

1952 2729 2247 2788 pateretur.
2281 2718 2478 2771 Verum
2516 2717 2829 2786 pleramque
2859 2707 3034 2769 noctis
3067 2727 3273 2784 partem
3317 2718 3521 2772 divinis

1955 2812 2204 2881 hymnis,
2258 2811 2417 2876 juxta
2479 2808 2909 2877 descriptionem
2963 2809 3395 2864 ecclesiasticam
3462 2811 3522 2864 in

1952 2905 2144 2955 dim-na
2177 2910 2291 2954 toto
2342 2914 2486 2952 anno
2540 2913 2707 2967 pensa
2758 2899 3106 2967 dispensatis,
3145 2900 3353 2970 integre
3405 2900 3527 2954 red-

1952 2994 2145 3045 dt-ndis
2177 3008 2237 3044 ac
2270 2991 2610 3045 celebrandis
2636 2990 2977 3044 insumebat:
2999 2999 3110 3043 tum
3142 3007 3246 3044 non
3269 2991 3522 3058 exiguum

265 3079 713 3150 ανακᾶμψωμεν.
775 3084 988 3154 Ἐκείνη
1047 3088 1226 3142 τοίνυν
1280 3089 1374 3159 τὴν
1422 3090 1736 3160 βασιλείαν,
1773 3091 1845 3156 ὡς

1955 3087 2188 3155 spatium
2250 3100 2443 3137 somno
2501 3083 2812 3137 detractum
2871 3083 3162 3137 lundendis
3233 3082 3299 3137 ad
3357 3084 3523 3139 Deum

264 3172 864 3242 ἑφημεν,διιθύνουσα,
903 3177 1022 3230 οὐδὲ
1073 3178 1170 3248 τὴν
1225 3180 1405 3232 πᾶσαν
1461 3183 1672 3252 ἡμέραν
1726 3185 1847 3247 ταῖς

265 3267 568 3334 κοσμικαῖς
619 3266 729 3337 (14)
776 3269 1056 3340 φροντίσιν
1106 3269 1408 3340 ἀφώριστο,
1443 3273 1580 3325 ἀλλὰ
1635 3275 1734 3336 τὰς
1783 3253 1854 3327 si;

261 3356 446 3410 τύπου
491 3358 832 3429 λειτουργίας
885 3362 965 3423 εἰς
999 3362 1058 3414 τὸ
1091 3363 1236 3432 ἱερὸν
1281 3365 1505 3433 τέμενος
1550 3366 1644 3435 τῆς
1707 3366 1844 3435 μάρ-

262 3465 434 3522 τυρος
495 3450 704 3516 Θέκλας
759 3453 802 3485 ⁸⁷
855 3453 966 3524 (15)
1019 3457 1365 3525 ἀπεπλήρου.
1423 3458 1562 3528 ὅπερ
1611 3461 1638 3511 ὁ
1686 3460 1839 3511 αὐτοι

1953 3179 2180 3248 privatis
2215 3176 2471 3245 precibus
2500 3182 2555 3229 et
2608 3185 2822 3228 camera:
2878 3175 3126 3242 religioni
3173 3176 3357 3241 dabat,
3383 3177 3526 3232 haud

1953 3273 2131 3326 dulxiis
2167 3279 2448 3324 not-turns:
2485 3268 2852 3322 contentionis
2875 3276 2931 3322 et
2960 3267 3270 3337 vigiliarum
3305 3269 3358 3322 in
3398 3285 3530 3324 con-

1953 3366 2076 3419 freti
2105 3364 2467 3433 exhaustique
2492 3363 2667 3415 macie
2690 3361 2937 3429 corporis
2967 3363 3138 3431 signis
3158 3363 3529 3419 exstantibus.

1955 3455 2074 3509 Sub
2105 3471 2166 3508 ea
2203 3456 2346 3508 circa
2398 3454 2697 3507 diluculum
2745 3451 2881 3518 iere,
2920 3468 3314 3524 nonnunquam
3358 3469 3388 3508 a
3436 3469 3525 3510 sc-

1295 3571 1498 3632 Variee
1548 3570 1853 3632 lectiones
1891 3585 1965 3630 ex
2005 3566 2148 3628 cod.
2180 3566 2438 3628 Coislin.

340 3667 388 3698 ⁸⁸
420 3669 622 3722 ἰσασιν.
701 3667 744 3699 "
765 3666 992 3738 Θέκλης.

1372 3761 1512 3820 Car.
1549 3758 1908 3834 Dulresnii;
1946 3761 2042 3820 Du
2073 3756 2290 3834 Cangii
2329 3764 2516 3818 notae.

342 3860 1069 3932 (15)7’A.lsxrpvoytorlac.
1137 3861 1408 3925 Romani,
1479 3871 1538 3916 ιιι
1587 3872 1845 3916 auctores

263 3931 401 3988 sunt
431 3931 768 3992 Macrobius,
804 3933 897 3996 lth,
930 3948 941 3984 l
972 3949 985 3994 ;
1035 3933 1257 3984 Saturn.
1285 3942 1338 3984 et
1370 3935 1723 3997 Censorinus,
1775 3933 1847 3984 I)e

261 4004 360 4055 die
389 4002 586 4063 natali,
621 4016 744 4070 cap.
788 4000 879 4066 24,
939 4002 1080 4055 diem
1141 4003 1353 4054 civilem
1385 4017 1414 4053 ιι
1446 4004 1620 4055 media
1681 4012 1842 4055 nocte

261 4073 632 4140 incipiebant,
666 4071 824 4138 cujus
867 4073 1094 4139 primam
1123 4081 1329 4140 partem
1361 4074 1424 4123 de
1458 4072 1628 4123 media
1675 4084 1842 4136 nocte,

265 4146 500 4194 alteram
530 4141 881 4207 gallicinium,
931 4141 1556 4210 tertiamrirconticinium,
1593 4155 1841 4210 quartam

265 4213 511 4278 denique
537 4209 829 4262 diluculum
851 4213 1139 4264 vocabant.
1159 4209 1312 4264 Tunc
1332 4213 1480 4264 subit
1497 4209 1679 4272 'mane.
1716 4227 1840 4264 cum

266 4281 364 4334 lux
395 4281 610 4350 videtur
637 4281 791 4333 solis.
822 4281 1190 4350 Alii_noctenr
1213 4284 1264 4333 in
1312 4294 1516 4348 septem
1543 4291 1723 4350 partes
1758 4282 1842 4334 di-

266 4352 467 4403 vidunt
509 4369 524 4402 :
562 4348 800 4403 Joannes
833 4352 898 4403 de
926 4347 1123 4411 Janua,
1161 4349 1346 4402 Prima
1378 4347 1503 4416 pars
1543 4347 1722 4403 noctis
1753 4353 1842 4402 di-

268 4426 411 4472 citur
435 4420 826 4488 crepusculum,
859 4424 1089 4473 secunda
1117 4421 1482 4484 comicinium,
1533 4423 1689 4474 tertia
1723 4421 1838 4487 gal-

265 4490 546 4553 licinium,
602 4491 861 4556 (priniutu
925 4492 1160 4557 scilicet)
1203 4502 1395 4558 quarta
1453 4494 1840 4556 intempesmm,

266 4562 460 4626 quinta
489 4562 682 4612 iterum
706 4559 1063 4627 gallicinium,
1092 4561 1415 4628 (secundum
1451 4575 1668 4628 nempe,
1699 4562 1841 4627 quod

269 4633 363 4682 hic
389 4630 623 4698 δευτέρα
677 4630 1128 4698 ἀλεκτρυοφωνὶα
1157 4631 1375 4696 dicitur)
1431 4640 1582 4681 sexta
1629 4631 1846 4681 matuti-

268 4715 425 4763 num,
463 4697 688 4766 septima
735 4697 1054 4750 diluculum.
1107 4697 1348 4751 Primum
1388 4701 1722 4766 gallicinium
1765 4703 1846 4751 in-

269 4779 458 4838 ιιιιιιιιι
492 4769 646 4822 hisce
685 4770 866 4838 verbis
893 4769 1025 4820 Acta
1052 4767 1109 4820 S.
1139 4766 1359 4838 Tliyrsi,
1397 4784 1517 4837 cap.
1550 4768 1603 4832 8,
1644 4785 1696 4820 tt.
1725 4768 1793 4820 37
1826 4786 1840 4821 :

281 4835 386 4889 Vi:
423 4841 658 4904 primum
686 4837 863 4904 pullus
903 4839 1117 4890 dederat
1148 4835 1384 4891 cantum.
1420 4835 1550 4890 Nam
1583 4838 1785 4904 pullum
1817 4853 1845 4889 a

268 4910 653 4973 grammaticis
691 4924 791 4975 pro
827 4908 968 4975 gallo
999 4909 1306 4975 gallinaceo
1359 4909 1500 4961 sumi
1557 4923 1744 4960 uotum
1781 4922 1848 4960 ex

269 4980 333 5029 5.
374 4978 675 5029 Ambrosio
702 4980 766 5026 ad
799 4977 936 5031 lren.
960 4975 1097 5040 Quid
1126 4980 1177 5029 in
1207 4979 1394 5042 puellis
1417 4982 1616 5046 ?quam
1649 4994 1847 5030 canora

272 5062 380 5098 vox
414 5045 547 5115 galli
576 5085 592 5109 ,
623 5049 997 5114 nocturnisque
1046 5051 1240 5100 victbus
1280 5049 1510 5100 solemne
1561 5065 1749 5100 munus
1782 5049 1848 5098 ml

272 5117 622 5188 excitandum
642 5126 688 5167 et
710 5121 1004 5168 canendum
1023 5119 1048 5168 Ρ
1083 5117 1218 5170 llinc
1240 5119 1416 5184 pullus
1434 5135 1533 5186 pro
1552 5118 1788 5188 gatticiui
1816 5138 1847 5178 ι,

275 5190 332 5236 ιιι
373 5185 576 5251 Regula
601 5191 866 5254 magistri,
897 5202 1018 5255 cap.
1045 5189 1114 5241 53
1139 5204 1152 5239 :
1183 5190 1244 5240 In
1275 5185 1446 5240 hieme
1468 5185 1753 5240 cavendum
1773 5198 1849 5240 est

276 5271 342 5307 ue
367 5271 654 5307 nocturnos
697 5258 878 5322 pullus
933 5267 1022 5309 aut
1072 5260 1364 5322 antecedat,
1416 5267 1506 5310 aut
1536 5259 1849 5325 depremlat.

270 5326 432 5395 Alias
456 5326 724 5395 pullorum
755 5335 941 5378 cantus
989 5328 1188 5381 dicitur
1218 5343 1270 5380 ιιι
1307 5330 1493 5381 eadem
1545 5326 1766 5395 Regula,
1799 5331 1850 5378 in

281 5394 405 5448 Vita
461 5400 520 5447 δ.
587 5394 776 5450 Fursei
829 5402 1072 5450 conl'ess.
1122 5412 1240 5464 cap.
1285 5397 1329 5459 Ι,
1365 5415 1416 5451 ιι.
1471 5397 1544 5462 6;
1605 5394 1658 5450 ιιι
1737 5397 1853 5450 Vita

277 5467 338 5534 ξ.
405 5464 652 5534 Davidis
691 5466 1016 5534 at'chiepisc.
1071 5465 1439 5529 Meneueusis,
1501 5485 1556 5520 ιι.
1605 5467 1689 5532 ΓΙ,
1746 5477 1852 5519 etc.

272 5533 429 5586 Pulli
463 5546 653 5588 cantus
683 5537 736 5588 in
771 5533 912 5589 llist.
947 5539 1199 5590 transiet.
1233 5536 1295 5590 S.
1321 5535 1520 5589 Joann.
1546 5535 1665 5588 abb.
1722 5534 1856 5588 Reo-

273 5620 525 5658 manens.
579 5620 704 5676 cap.
752 5607 806 5661 5.
860 5605 1004 5671 Quin
1049 5616 1102 5664 et
1150 5610 1500 5664 observatum
1557 5607 1766 5675 pridem
1824 5619 1853 5658 a

1955 3861 2089 3912 viris
2123 3843 2298 3932 doct-is
2322 3858 2924 3932 apndevangelistam,
2961 3862 3013 3915 in
3043 3876 3144 3916 ms.
3180 3859 3526 3920 bibliotheca:

1958 3932 2138 4000 llegttc
2165 3927 2262 3994 legi
2294 3947 2319 4000 _:
2356 3927 2524 3980 Tertio
2551 3929 2697 3996 pullo
2731 3941 2806 3982 ler
2836 3948 2916 3983 me
2960 3933 3195 4000 negabis,
3227 3932 3316 3985 ubi
3365 3933 3525 3988 lectio

1959 3999 2182 4076 Vulgata
2220 3998 2398 4076 habet
2429 4015 2442 4050 :
2469 4000 2768 4076 ΔΑηῑειιιιτιηι
2799 4001 2973 4076 gallus
3006 3998 3203 4076 cantet,
3235 4012 3414 4076 ternae
3437 4020 3527 4057 ne-
3563 4049 3586 4060 -

1952 4070 2120 4140 gabis.
2149 4067 2400 4140 ltaapuil
2453 4067 2808 4138 Aminiamth
2841 4071 3238 4136 Marcellinum,
3290 4073 3382 4125 lib.
3426 4090 3519 4140 xx,

1950 4138 2155 4212 pullum
2177 4138 2438 4212 silentem,
2473 4141 2808 4208 gallicinium
2833 4145 3222 4212 interpretatur
3248 4138 3520 4210 Valesius,

1953 4213 2044 4264 ubi
2083 4211 2149 4260 de
2179 4208 2391 4280 Juliani
2423 4212 2844 4277 inauguratione
2892 4231 2904 4266 :
2936 4208 3329 4280 Impositusque
3371 4208 3524 4268 scuto

1950 4280 2197 4347 pedestri.
2231 4291 2275 4330 et
2308 4279 2573 4352 sublatius
2609 4285 2863 4344 eminens,
2905 4282 3051 4346 pullo
3109 4279 3296 4336 silente
3351 4287 3529 4352 Augu-

1949 4365 2060 4403 stus
2094 4352 2452 4402 renuntiatus.
2501 4349 2589 4401 Sic
2649 4352 2794 4404 enim
2831 4355 3126 4418 prtcl'erunt
3173 4368 3304 4405 mss.
3333 4363 3381 4403 rt
3410 4349 3526 4404 eili-

1948 4423 2123 4473 tiones
2144 4419 2384 4471 Romana
2408 4419 2814 4483 ctFIorentina,
2833 4437 2938 4474 non
2964 4437 3091 4473 vero
3115 4421 3281 4483 nullo,
3311 4431 3368 4473 ut
3393 4419 3526 4474 Vul-

1945 4500 2102 4556 gatm.
2137 4492 2230 4544 llis
2255 4491 2398 4539 enim
2437 4491 2617 4541 verbis
2645 4493 2949 4558 designavit
2990 4490 3340 4543 Marcellinus
3371 4491 3522 4558 ὤραν

1946 4559 2159 4627 τρίτην,
2191 4574 2294 4623 qua
2328 4573 2386 4610 se
2420 4559 2802 4625 imperatorem
2848 4561 3250 4626 proclamatum
3287 4569 3523 4627 testatur

1949 4626 2101 4680 idem
2160 4629 2408 4681 Julianus
2471 4631 2522 4679 in
2580 4628 2752 4694 Epist.
2819 4629 2883 4680 ad
2941 4628 3325 4680 Athenienses.
3391 4626 3524 4683 Vide

1949 4699 2155 4752 Arnob.
2189 4701 2242 4751 in
2271 4695 2418 4748 Psal.
2452 4713 2572 4764 pag.
2611 4698 2736 4758 582.
2769 4698 2874 4750 485
2921 4699 3054 4751 edit.
3106 4695 3346 4750 Froben.
3379 4712 3394 4761 ;
3429 4697 3525 4750 Vi-

1950 4778 2059 4820 tam
2123 4775 2180 4822 s.
2255 4766 2482 4836 blaterni
2541 4769 2713 4836 epise.
2770 4768 2984 4820 Trevir.
3057 4769 3199 4835 apud
3259 4764 3522 4835 Bosqnet.

1952 4853 2074 4906 pag.
2109 4841 2211 4898 49;
2259 4834 2539 4889 lleinsiuut
2571 4834 2636 4890 ad
2682 4837 2963 4890 Theocrit.
2998 4837 3071 4890 id.
3095 4834 3134 4888 ’7
3159 4878 3174 4905 ,
3207 4847 3262 4894 ct
3291 4834 3526 4892 Bourde-

1952 4913 2142 4960 lottntn
2176 4908 2241 4959 ad
2277 4907 2484 4958 lleliod.
2524 4907 2617 4960 lib.
2650 4922 2686 4958 l.

2026 4977 2137 5046 (14)
2209 4975 2564 5050 Κοσμηιαῖς.
2632 4977 2843 5050 ϐιοςειιι
2914 4973 3263 5050 Graeco-Lat.
3327 4995 3525 5050 κοσμι-

1952 5044 2069 5109 κάς,
2106 5044 2400 5118 singularis.
2435 5044 2674 5118 Utuntur
2703 5049 2954 5102 (Sationes
3011 5049 3260 5116 Apostol.
3294 5044 3521 5118 can.'7;

1953 5118 2162 5171 Coneil.
2192 5115 2406 5169 δίει-ιιιο.
2437 5132 2488 5169 c.
2522 5116 2588 5190 7_;
2624 5117 2878 5190 EPltCSlll.
2915 5115 3070 5187 part.
3092 5133 3129 5176 ι,
3166 5133 3216 5190 c.
3255 5119 3345 5181 30,
3375 5119 3401 5190 ς
3439 5121 3472 5174 5
3502 5115 3517 5186 ξ

1953 5189 2288 5242 Chitcedon.
2347 5202 2472 5240 can.
2512 5186 2594 5256 κδ,
2646 5187 2754 5252 2i;
2824 5186 3284 5256 llarmenopulus,
3339 5186 3434 5243 lib.
3479 5205 3521 5253 ι,

1957 5260 2038 5310 tit.
2062 5260 2116 5320 5,
2153 5256 2180 5327 §
2209 5259 2293 5322 12,
2347 5255 2412 5308 15
2434 5271 2464 5328 εν
2510 5255 3181 5328 Tlteophylactus__ltulg.
3235 5259 3399 5327 epist.
3431 5260 3520 5323 14,

1957 5325 2349 5396 Pachymeres,
2412 5327 2508 5379 lib.
2577 5325 2755 5396 v,fet'
2786 5329 2899 5381 alii.
2961 5325 3521 5396 Mundialis'Victm-i

1959 5395 2225 5460 Uticensi,
2281 5395 2599 5459 Prudentia,
2635 5395 2832 5452 Joanni
2886 5399 3128 5452 Diacono
3188 5416 3240 5452 ιιι
3287 5395 3406 5452 Vita
3457 5397 3516 5451 S.

1957 5468 2188 5533 Gregor.
2213 5478 2265 5520 et
2299 5468 2506 5534 aliquot
2535 5470 2676 5522 aliis.

2029 5535 2141 5604 (15)
2179 5537 2428 5604 Τέμενος
2469 5535 2577 5604 τῆς
2613 5536 2862 5604 Θέκλας.
2895 5537 3142 5603 Quatuor
3169 5535 3512 5605 potissimum

1961 5609 2020 5663 D.
2051 5605 2268 5662 Thecla:
2314 5616 2529 5661 sacrata
2567 5609 2766 5679 templa
2801 5607 3294 5675 Constantinopoli,
3326 5605 3409 5661 vel
3453 5606 3510 5660 iu
