3946 6206
244 327 339 391 su

1493 321 1912 382 ALEXIADIS
1953 319 2082 380 LIB
2143 319 2258 379 III.

3395 321 3500 384 293

240 444 651 509 καταλαμὲἀνει
703 443 798 496 καὶ
843 443 1060 512 νιφετὸς
1118 441 1340 511 ἔξωρος,
1395 440 1648 511 εἰκοστὴν
1678 441 1816 509 πρὸς

1936 439 2162 493 tssiduis
2195 437 2600 495 incursionibus
2633 452 2695 493 ac
2727 437 3031 493 latrociniis
3071 448 3346 508 accepts,
3371 457 3498 495 cum

237 542 294 608 τῇ
334 538 572 608 τετάρτῃ
611 537 706 588 τοῦ
754 534 1130 605 Σεπτεμϐρίου
1165 537 1392 603 ἄγοντος
1449 536 1505 584 ἐν
1635 535 1668 603 ή
1717 533 1816 602 τῆς

239 628 728 698 μεγαλομάρτυρος
789 625 1000 694 Θέκλης
1058 627 1245 694 μνήμη
1304 624 1559 676 τελεῖται.
1627 625 1816 693 Πλημ-

240 720 413 791 μύρας
470 718 562 772 οῦν
617 719 922 788 γενομένης
975 715 1083 769 τῶν
1133 718 1421 786 ποταμίων
1489 717 1816 787 ῥευμάτιον,

238 813 323 864 καὶ
368 811 872 883 ὑπερχειλήσαντος
915 809 1008 862 τοῦ
1039 809 1232 870 ὓδατος
1281 808 1556 861 θάλασσαν
1591 804 1657 878 ἦν
1686 809 1818 877 ὁρᾷν

237 903 379 958 ἅπαν
408 906 472 956 τὸ
503 904 688 956 πεδίον
733 904 936 965 ἐκεῖνο,
995 902 1052 955 ἐν
1094 895 1138 970 ᾧ
1185 901 1218 970 ἥ
1260 918 1320 953 τε
1358 900 1614 970 βασιλική
1646 900 1820 971 σκηνὴ

239 998 323 1048 καὶ
368 995 428 1048 τὸ
461 994 742 1048 ὁπλιτικὸν
796 994 944 1048 ἆπαν
991 994 1358 1064 κατεσκήνου.
1427 993 1710 1046 Ἐντεῦθεν
1753 995 1821 1047 τὰ

240 1089 369 1159 πρὸς
398 1089 592 1159 χρείαν
649 1087 872 1140 ἅπαντα
919 1085 1303 1156 ἠφανίσθησαν
1356 1089 1471 1150 τοῖς
1528 1086 1818 1155 ποταμίοις

239 1179 475 1249 ῥεύμασι
536 1179 968 1249 παρασυρέντα,
1022 1179 1074 1230 οἱ
1133 1178 1416 1245 ἄνθρωποι
1476 1177 1533 1230 δὲ
1593 1179 1688 1230 καὶ
1753 1177 1822 1230 τὰ

236 1273 405 1342 κτήνη
467 1272 573 1323 ὑπὸ
631 1271 723 1322 τοῦ
777 1272 982 1341 κρύους
1020 1271 1356 1339 ἐπήγνυντο.
1428 1271 1709 1340 Ἐμυκᾶτο
1766 1271 1823 1324 δὲ

233 1366 322 1419 καὶ
358 1365 602 1434 βροντῶν
627 1366 657 1417 ὀ
710 1365 962 1436 οὐρανὸς,
1005 1364 1286 1435 ἀστραπαὶ
1321 1364 1377 1416 δὲ
1423 1365 1670 1432 συνεχεῖς
1701 1379 1826 1432 χρο-

236 1459 390 1527 νικῆν
422 1458 500 1526 μή
549 1457 772 1528 ἔχουσαι
822 1459 884 1511 τὸ
931 1457 1193 1528 παράπαν
1247 1457 1530 1511 διάστασιν
1571 1456 1631 1508 τὸ
1666 1455 1821 1524 περί-

235 1565 382 1616 γειον
422 1550 602 1601 ἐκεῖνο
635 1549 782 1603 ἅπαν
828 1551 1116 1619 ἐμπρῆσαι
1149 1543 1262 1603 οἷον
1309 1548 1591 1616 ἠπείλουν.
1639 1545 1824 1599 Ταῦτα

233 1640 372 1710 ὀρῶν
407 1642 437 1692 ὁ
495 1640 749 1710 βασιλεὺς
801 1642 858 1692 ὲν
915 1642 1198 1711 ἀμηχανίᾳ
1249 1637 1318 1712 ἦν
1351 1656 1366 1670 ·
1401 1639 1704 1710 ἁναστολῆς
1769 1639 1826 1692 δὲ

237 1731 470 1800 μετρίας
523 1733 855 1802 γενομένης,
915 1732 1204 1794 πλείστους
1255 1750 1314 1784 τε
1369 1729 1664 1785 ἀποϐαλὼν
1707 1732 1826 1793 ταῖς

233 1822 403 1883 δίναις
436 1823 548 1875 τῶν
582 1827 872 1894 ποταμίων
902 1825 1266 1894 συσχεθέντας
1293 1825 1585 1896 ῥευμάτων
1617 1823 1827 1877 ἐκεῖθεν

238 1915 376 1981 μετὰ
434 1916 550 1968 τῶν
602 1915 847 1983 λογάδων
909 1916 1098 1982 ἔξεισι,
1156 1917 1252 1972 καὶ
1315 1917 1422 1970 ὑπὲρ
1472 1918 1649 1988 φηγόν
1707 1934 1828 1970 τινα

218 2006 357 2076 ,μετ’
401 2007 589 2061 αὐτῶν
647 2008 901 2063 ἀπελθὼν
963 2010 1171 2064 ἵστατο.
1215 2012 1389 2080 Ἤχου
1442 2010 1499 2062 δὲ
1563 2008 1826 2078 μεγίστου

235 2101 324 2153 καὶ
362 2098 500 2168 βοῆς
553 2100 665 2154 ἀπὸ
727 2100 828 2171 τῆς
887 2104 928 2134 ¹¹
994 2103 1154 2173 δρυὸς
1211 2098 1325 2155 οἷον
1377 2101 1744 2172 ἐξερχομένης
1786 2103 1828 2133 ¹²

235 2191 590 2262 αἰσθόμενος,
649 2196 746 2247 καὶ
803 2194 1193 2265 σφοδροτέρων
1255 2195 1473 2263 ἀνέμων
1525 2192 1830 2264 τηνικαῦτα

235 2285 536 2347 πνεόντων,
566 2287 848 2356 πτοηθεὶς,
912 2285 990 2357 μὴ
1040 2289 1106 2356 τῇ
1164 2285 1372 2339 τούτων
1433 2285 1527 2356 βίᾳ
1556 2287 1589 2356 ἡ
1621 2288 1667 2318 ’³
1697 2287 1829 2357 δρῦς

234 2377 569 2445 κατενεχθῇ,
597 2376 855 2429 τοσοῦτον
903 2376 1184 2446 διάστημα
1209 2379 1454 2440 ἀποστὰς
1487 2379 1686 2431 ὁπόσον
1719 2379 1752 2448 ή
1785 2377 1832 2410 ³⁸

233 2465 388 2536 δρῦς,
421 2469 474 2520 εί
536 2468 893 2541 κατενεχθείη
942 2469 1018 2540 μὴ
1066 2469 1252 2541 φθάσῃ
1304 2469 1547 2535 πατάξαι
1593 2472 1638 2502 ³⁵
1666 2471 1832 2524 αὑτὸν

237 2559 421 2623 ἑννεὸς
465 2559 679 2615 ἵστατο.
718 2561 777 2615 '0
828 2561 873 2616 δ’
931 2562 1095 2626 εὐθὺς
1145 2562 1339 2634 ὥσπερ
1383 2566 1448 2616 ὲκ
1482 2564 1832 2635 συνθήματος

237 2651 460 2722 ῥιζόθεν
516 2655 896 2720 ἀνασπασθεὶς
945 2657 1024 2720 είς
1080 2657 1184 2727 γῆν
1231 2658 1398 2727 ὁρᾶτο
1449 2658 1724 2726 κείμενος.
1773 2660 1832 2712 Ὀ

235 2743 288 2798 δὲ
336 2743 609 2816 βασιλεὺς
662 2746 962 2818 θαυμάζων
1003 2749 1251 2817 εἱστήκει
1281 2749 1383 2817 τήν
1413 2749 1508 2802 τοῦ
1536 2749 1673 2804 Θεοῦ
1702 2751 1832 2822 περὶ

236 2838 401 2892 αὐτὸν
464 2838 795 2909 κηδεμονίαν
829 2856 841 2869 ο
871 2841 1341 2913 λογοποιουμένην
1389 2841 1444 2894 δὲ
1491 2843 1834 2896 ἀποστασίαν

237 2935 363 3001 περὶ
389 2932 500 3000 τὴν
526 2932 603 2984 ἔω
653 2933 765 3003 (l9)
819 2932 1031 3002 μαθὼν,
1063 2934 1293 2987 εἴσεισιν
1344 2937 1423 2996 είς
1467 2935 1536 2986 τὰ
1565 2935 1833 3004 βασίλεια,

236 3025 325 3076 καὶ
354 3023 676 3094 τηνικαῦτα
711 3026 807 3078 ἐπὶ
835 3025 912 3096 τῷ
946 3027 1173 3096 ὀνόματι
1204 3029 1301 3097 τῆς
1339 3027 1834 3098 μεγαλομάρτυρος

1922 531 1977 584 in
2020 539 2279 584 auctores
2310 532 2492 586 minus
2543 538 2788 598 possent,
2823 530 2877 582 in
2913 529 3186 585 Rotnanos
3243 533 3497 587 innoxios

1924 621 2108 674 u‘turi.
2163 619 2260 676 llis
2320 621 2484 688 igitur
2540 622 2932 690 instigantibus
2990 622 3174 676 causis
3215 623 3281 676 ad
3345 625 3503 685 iram,

1924 715 2214 783 nostrique
2247 723 2645 783 contemptum,
2671 714 2965 768 occasione
2986 723 3200 783 eaptata
3231 716 3502 785 euugelati

1923 805 2050 860 Istri
2095 821 2190 876 per
2219 806 2338 875 ejus
2370 806 2598 860 solidam
2633 806 2977 874 superﬁciem
3011 808 3159 859 velut
3195 824 3288 876 per
3319 808 3506 863 conti-

1927 912 2141 954 nentem
2186 903 2487 969 progressi,
2526 915 2631 954 nou
2665 900 3014 969 expeditione
3051 901 3143 954 sed
3181 901 3505 971 migratione

1925 993 2158 1062 integra,
2193 1000 2303 1045 tota
2337 1007 2472 1062 gens
2506 992 2560 1046 in
2598 1003 2819 1046 nostros
2865 992 2999 1046 lines
3033 993 3300 1058 incubuit,
3356 995 3506 1063 gravi

1926 1085 2232 1138 calamitate
2262 1086 2544 1154 regionum
2582 1094 2744 1153 atque
2769 1084 2987 1139 urbium
3018 1085 3138 1154 ejus
3166 1086 3374 1140 limitis.
3410 1085 3507 1139 llis

1925 1177 2450 1245 auditisimpcrator
2497 1177 2742 1232 Isaacius
2794 1192 2975 1246 Opera:
3026 1180 3258 1246 pretium
3294 1179 3509 1246 putavit

1927 1284 2203 1337 occupare
2227 1269 2582 1332 Triaditzam,
2611 1285 2722 1338 quo
2750 1269 2898 1322 facto
2927 1270 3016 1322 ubi
3045 1269 3351 1325 Orientales
3378 1270 3510 1323 Bar-

1929 1362 2113 1426 baros,
2148 1362 2404 1417 audiendi
2435 1378 2603 1416 causa
2651 1364 2785 1430 ipsis
2823 1363 3168 1432 nocendique
3216 1364 3395 1418 ablata
3427 1365 3511 1418 la-

1929 1457 2152 1520 cultate,
2179 1456 2464 1524 quiescere
2498 1456 2580 1508 vel
2615 1455 2817 1510 invitos
2848 1456 3137 1523 compulit,
3175 1456 3320 1510 facili
3346 1471 3510 1525 opera

1929 1545 2109 1600 lactus
2137 1562 2371 1601 securus
2402 1547 2472 1600 ab
2496 1561 2556 1598 ea
2594 1556 2771 1614 parte,
2810 1561 2934 1598 cum
2967 1548 3229 1601 universo
3261 1547 3512 1602 exercitu

1933 1639 1984 1691 in
2015 1639 2200 1709 Mysos
2239 1650 2439 1701 movet,
2468 1654 2564 1693 eos
2588 1655 2617 1691 a
2643 1638 2904 1692 Romanis
2929 1637 3132 1691 ﬁnibus
3165 1640 3509 1708 repulsurus.

1935 1730 1997 1786 lli
2031 1743 2084 1786 et
2123 1733 2506 1800 imperatorem
2557 1742 2610 1786 et
2653 1732 2954 1786 exercitum
2990 1732 3166 1800 primo
3212 1744 3512 1802 conspectu

1935 1825 2112 1890 veriti,
2148 1824 2421 1880 dissidere
2468 1825 2759 1879 sententiis
2793 1829 2860 1877 ab
2893 1823 3150 1888 inviCem,
3185 1824 3514 1893 quibusdam

1935 1918 2332 1972 inclinantibus
2374 1917 2440 1970 ad
2485 1931 2696 1985 pacem.
2744 1914 2958 1980 Quibus
3006 1930 3200 1983 parum
3237 1914 3513 1972 lidcndutn

1937 2010 2225 2080 Augustus
2279 2021 2480 2069 ratus,
2540 2007 2864 2078 phalangem
2929 2006 3262 2060 instructam
3318 2010 3519 2063 castris

1935 2103 2214 2170 ipsorum,
2253 2115 2359 2168 qua.
2395 2109 2550 2170 parte
2603 2099 2980 2153 munitissima
3033 2111 3213 2167 erant,
3269 2101 3521 2177 admovet

1937 2193 2054 2263 ipse
2083 2208 2332 2262 praesens
2363 2202 2420 2247 et
2448 2191 2706 2246 infestus.
2749 2192 2869 2256 Quo
2931 2190 3215 2260 inopinato
3266 2207 3517 2256 accessu,

1934 2285 2118 2339 oblato
2182 2291 2407 2354 repente
2466 2283 2553 2338 sui
2588 2287 2984 2353 copiarumque
3047 2292 3156 2337 tam
3209 2286 3572 2356 propiuquo_

1935 2382 2258 2444 conspectu,
2313 2383 2548 2444 utraque
2599 2374 2789 2444 specie
2847 2374 3203 2430 vehementer
3251 2376 3524 2432 Barbaros

1938 2465 2194 2532 percutit.
2243 2462 2378 2517 Nam
2432 2473 2487 2518 et
2537 2463 2716 2532 ipsum
2771 2464 2824 2516 in
2875 2465 3046 2519 armis
3078 2465 3272 2520 ducem
3311 2465 3522 2536 fulgura

1936 2557 2186 2628 quaedam
2218 2557 2458 2613 terrifica
2493 2559 2798 2612 vibrantem
2843 2567 3033 2613 contra
3070 2558 3268 2614 intueri
3309 2575 3522 2630 nequa-

1937 2664 2098 2720 quam
2133 2649 2408 2704 audebant
2442 2661 2537 2703 :et
2566 2658 2845 2704 structura
2883 2651 3526 2721 pbalangis‘cousertus-

1937 2757 2043 2812 que
2075 2749 2368 2796 contextus
2400 2741 2721 2810 clypeorum
2755 2742 3128 2797 indissolubili
3162 2758 3305 2799 nexu
3341 2745 3526 2801 cohaeo

1938 2834 2174 2888 rentium
2230 2833 2498 2888 horribile
2534 2834 2909 2902 spectaculum
2962 2837 3330 2892 consternatis
3385 2844 3525 2891 erat.

1937 2925 2308 2981 Recesserunt
2342 2926 2504 2995 igitur
2534 2925 2819 2994 paulatim,
2844 2925 2941 2981 sed
2980 2925 3053 2979 ita
3098 2937 3157 2981 ut
3195 2928 3338 2982 intra
3369 2930 3525 2984 illum

1940 3017 2119 3084 ipsum
2147 3019 2286 3072 diem
2324 3019 2699 3073 tabernaculis
2751 3019 2824 3072 ibi
2885 3021 3145 3074 omnibus
3205 3022 3438 3090 relictis,
3470 3023 3525 3077 in

236 3113 455 3187 Θέκλης
490 3118 620 3171 ναὸν
680 3117 987 3190 περικαλλῆ
1047 3120 1326 3189 ἐδείματο,
1389 3119 1829 3191 μεγαλοπρεπῶς

1942 3118 2123 3184 fugam
2168 3129 2226 3168 se
2258 3114 2524 3175 dederint,
2563 3117 2834 3170 reversuri
2895 3123 3105 3182 tamen,
3170 3127 3227 3172 ut
3283 3119 3521 3185 aiebant,

239 3211 334 3273 μὲν
362 3209 896 3281 κατεσκευασμένον
925 3213 1018 3264 καὶ
1071 3212 1230 3282 ίκανῇ
1270 3212 1510 3283 δαπάνῃ,
1557 3213 1738 3284 χειρός
1776 3229 1836 3264 τε

237 3301 293 3352 τὺ
320 3301 583 3355 ποικίλον
614 3301 832 3372 ἔχοντα,
870 3304 1094 3375 σῶστρά
1123 3321 1181 3357 τε
1236 3304 1407 3369 Θύσας
1449 3307 1562 3375 (‘20)
1595 3309 1653 3358 ἐν
1687 3306 1838 3378 αὑτῷ

236 3390 602 3464 Χρι-στιανοῖς
655 3394 1009 3465 προσήκοντα
1065 3395 1192 3458 τοὺς
1258 3395 1437 3459 θείους
1497 3397 1700 3466 ὕμνους
1750 3397 1837 3451 διὰ

238 3484 449 3546 παντὸς
507 3485 570 3536 ὲν
622 3483 774 3553 αὑτῷ
813 3485 1162 3556 ἀπεπλήρου.
1196 3485 1353 3540 Οὕτω
1408 3488 1472 3559 δή
1527 3489 1573 3521 ²⁶
1620 3489 1680 3541 τὸ
1733 3489 1836 3560 ήδη

238 3573 409 3643 ῥηθὲν
439 3575 591 3644 ἱερὸν
614 3575 842 3645 τέμενος
860 3578 947 3630 ἐπ’
969 3580 1196 3649 ὀνόματι
1223 3580 1320 3649 τῆς
1351 3580 1836 3651 μεγαλομάρτυρος

237 3667 454 3737 Θέκ).ης
515 3669 921 3740 ἀνῳκοδόμητο,
979 3671 1036 3722 ὲν
1079 3666 1123 3740 ᾧ
1165 3674 1266 3734 τὰς
1321 3673 1617 3740 ἐντεύξεις,
1674 3674 1748 3737 ὡς
1810 3677 1838 3726 ὁ

237 3757 398 3827 λόγος
434 3761 655 3829 φθάσας
694 3761 985 3832 ἐδήλωσεν,
1025 3766 1058 3830 ή
1109 3763 1319 3834 βασιλὶς
1350 3770 1444 3818 καὶ
1503 3767 1687 3836 μήτηρ
1740 3766 1836 3819 τοῦ

237 3852 653 3924 αὐτοκράτορος
731 3853 969 3919 Ἀλεξίου
1036 3859 1283 3926 συνεχεῖς
1339 3857 1663 3925 ἐπεποίητο.
1733 3861 1837 3911 Ἦν

240 3946 402 4012 κάγὼ
434 3946 649 4016 βραχύν
677 3963 802 4001 τινα
828 3948 1100 4019 τεθέαμαι
1125 3951 1323 4020 χρόνον
1363 3953 1456 4006 καὶ
1510 3951 1838 4019 τεθαύμακα

238 4039 334 4090 καὶ
368 4039 457 4090 ὅτι
491 4040 568 4110 μὴ
599 4040 816 4108 κόμπος
848 4043 915 4094 τὰ
941 4043 1040 4114 ήδη
1075 4044 1334 4114 ρηθέντα,
1376 4043 1558 4097 ἴσασιν
1595 4045 1837 4108 ἅπαντες

239 4135 336 4182 καὶ
356 4132 789 4204 ὁμολογήσαιεν,
813 4134 926 4203 εἴγε
950 4135 1244 4204 βούλοιντο,
1265 4135 1451 4189 ὁπόσοι
1470 4137 1605 4206 ἄτερ
1629 4135 1837 4200 πάθους

237 4225 341 4294 τὴν
393 4224 673 4294 ἀλήθειαν
735 4228 1103 4280 ἐκκαλύπτειν
1159 4226 1458 4282 ἐθέλουσιν.
1497 4228 1560 4280 Ei
1605 4227 1837 4298 μὲνγὰρ

239 4319 632 4388 ἐγκωμιάζειν
669 4320 1027 4391 προειλόμην,
1058 4321 1196 4374 ἀλλὰ
1229 4322 1304 4392 μὴ
1356 4322 1601 4392 ἱστορίαν
1636 4325 1832 4388 ποιεῖν,

237 4409 335 4462 ἐπὶ
371 4411 543 4464 πλέον
574 4411 641 4464 ἂν
671 4415 937 4483 ἐπαφήκα
964 4415 1056 4467 τὸν
1101 4413 1260 4481 λόγον
1291 4417 1404 4477 τοῖς
1449 4416 1580 4486 περὶ
1625 4415 1834 4468 τούτων

1943 3222 2066 3259 nam
2099 3207 2154 3260 in
2189 3206 2412 3260 tertium
2445 3206 2514 3260 ab
2551 3221 2614 3262 co
2653 3208 2792 3262 diem
2843 3209 3207 3264 condicebant
3256 3211 3524 3280 prmlium.

1942 3300 2284 3355 Atlsaacius
2311 3300 2512 3355 castris
2571 3316 2763 3355 eorum
2829 3303 3114 3372 occupatis
3167 3303 3525 3374 disjectisque

1943 3394 2340 3459 tabernaculis,
2375 3393 2486 3463 90
2520 3393 2815 3463 prwdaque
2859 3395 3005 3448 omni
3042 3412 3161 3464 qua!
3193 3404 3405 3465 reperta
3439 3407 3524 3452 est

1943 3486 2081 3551 illic,
2124 3495 2421 3541 convaSata
2457 3502 2758 3556 secumque
2789 3485 2967 3540 ablata
2999 3489 3173 3542 vietor
3202 3489 3522 3543 revertitur.

1945 3577 2144 3629 Verum
2178 3592 2304 3630 cum
2349 3593 2414 3632 eo
2451 3577 2649 3632 itinere
2680 3578 2745 3630 ad
2785 3577 2998 3631 radices
3038 3578 3242 3632 montis
3286 3577 3525 3636 Lobitzae

1943 3671 2312 3738 pervenisset,
2357 3671 2431 3725 ibi
2461 3687 2583 3725 cum
2651 3671 3172 3725 vehementissimus
3227 3673 3401 3727 imber
3433 3691 3526 3746 op.

1943 3761 2154 3831 primit,
2189 3770 2242 3816 et
2273 3763 2362 3815 nix
2402 3761 2830 3828 intempestiva;
2867 3772 2985 3815 erat
3019 3764 3166 3816 enim
3214 3763 3260 3819 is
3297 3766 3525 3822 viscesi-

1943 3870 2064 3908 tuus
2096 3862 2324 3923 quartus
2355 3852 2694 3922 Septembris
2719 3852 2859 3916 dies,
2886 3870 2991 3924 qua
3027 3857 3287 3909 memoria
3313 3873 3523 3929 magna:

1943 3945 2200 4014 martyris
2233 3943 2447 3999 Theelze
2483 3943 2814 4000 celebratur.
2846 3945 3177 4001 lnnnensum
3212 3965 3340 4020 ergo
3374 3953 3524 4004 intu-

1945 4040 2317 4095 mescentibus
2346 4039 2551 4105 ﬂuviis,
2591 4049 2644 4094 et
2699 4041 2859 4111 longe
2890 4057 3055 4112 supra
3112 4046 3263 4113 ripas
3301 4055 3526 4102 exstano

1943 4137 2110 4201 tibus,
2137 4135 2394 4205 planities
2427 4146 2704 4190 momento
2739 4137 3016 4200 universa,
3046 4139 3100 4193 iu
3124 4156 3228 4208 qua
3263 4151 3317 4195 et
3346 4159 3521 4213 augu-

1943 4229 2076 4285 stale
2105 4229 2454 4298 imperatoris
2471 4237 2526 4282 et
2549 4237 2746 4284 cmtera
2779 4232 3054 4286 exercitus
3084 4233 3254 4288 totius
3284 4237 3519 4287 tentoria

1943 4331 2120 4386 erant,
2156 4322 2210 4376 in
2245 4320 2440 4376 faciem
2476 4322 2643 4377 subiti
2701 4322 2873 4392 pelagi
2932 4339 3085 4378 versa
3135 4335 3238 4381 est.
3290 4328 3520 4382 Annona

1945 4424 2141 4468 cuncta
2175 4428 2298 4466 cum
2335 4414 2574 4469 sarcinis
2607 4415 2799 4466 hausta
2857 4413 3192 4482 abreptaque
3241 4416 3518 4470 tiuctibus.

237 4501 584 4572 διηγήμασι,
611 4506 864 4576 καθάπερ
891 4506 1147 4574 φθάσασα
1174 4505 1435 4577 ἐδήλωσαν
1460 4507 1553 4560 νῦν
1582 4507 1638 4560 δὲ
1665 4509 1829 4560 ἐπαν-

1948 4503 2212 4560 Homines
2242 4515 2296 4560 et
2345 4506 2595 4574 iumenta
2664 4505 2888 4574 frigoris
2945 4507 2994 4559 vi
3062 4509 3517 4575 congelabantur.

241 4596 450 4648 ακτέον
481 4590 643 4656 αὖθις
678 4597 840 4649 αὑτὸν
873 4597 1080 4666 apag-:3
1104 4597 1492 4666 προκείμενον.

1941 4599 2220 4668 Mugiebat
2258 4599 2457 4654 ccelum
2493 4600 2784 4653 horrendis
2821 4599 3156 4662 tonitribus;
3190 4610 3241 4653 et
3270 4617 3372 4655 non
3406 4605 3518 4670 iam

1306 4711 1498 4772 Variae
1533 4712 1834 4775 lectiones
1862 4730 1937 4774 ex
1969 4714 2112 4774 cod.
2148 4711 2416 4774 Coislin.

319 4835 367 4864 ²¹
403 4833 528 4886 τοῦ.
607 4834 653 4863 ¹²
684 4834 1067 4904 ἐξερχομένου.
1147 4835 1191 4864 ’³
1225 4836 1270 4886 ὁ.
1351 4836 1396 4866 ³³
1425 4839 1472 4888 ὁ.

1554 4839 1598 4868 ’⁵
1628 4837 1993 4910 καταρῤἀξαι.
2026 4837 2132 4892 Sed
2171 4837 2273 4891 hoc
2317 4837 2484 4889 altera
2524 4849 2709 4888 manu.

2788 4833 2833 4864 ’⁸
2879 4833 3039 4886 Deest
3065 4834 3256 4888 vocula
3285 4835 3372 4905 δή.

1296 4954 1430 5014 Car.
1468 4955 1788 5016 Dufrcsnii
1821 4958 1915 5016 Du
1955 4954 2173 5034 Cangii
2213 4963 2398 5016 notae.

319 5055 442 5123 (l9)
471 5056 904 5128 ίΑποσᾳισίαν
928 5058 1064 5128 περὶ
1109 5057 1222 5126 τὴν
1265 5057 1359 5111 ἕω.
1423 5059 1496 5112 Ex
1546 5061 1686 5114 falso
1738 5077 1829 5113 ru-

243 5141 432 5187 more,
469 5126 647 5193 inquit
685 5125 976 5193 Scylitzes.

320 5194 722 5265 (2(1)Σὼστρὰ
750 5215 814 5252 τε
843 5201 1056 5265 θύσεις.
1095 5199 1352 5255 Solebant
1412 5211 1622 5255 veteres
1653 5203 1722 5255 ob
1758 5218 1839 5255 re-

242 5269 514 5338 stitutam
547 5272 864 5334 sanitatem,
906 5280 960 5324 et
1003 5277 1073 5322 ob
1121 5272 1352 5323 vitatum
1391 5271 1692 5338 periculum
1727 5272 1834 5326 diis

239 5337 528 5392 sacriﬁcia
542 5338 746 5412 oﬂ'erre
773 5339 1138 5412 ingratiarutu
1161 5341 1450 5412 actionem,
1477 5342 1640 5409 idque
1661 5344 1838 5412 σωτή-

287 5425 355 5461 ια
388 5417 444 5460 et
495 5409 719 5480 σῶστρα
773 5408 947 5476 θύειν,
1005 5421 1058 5463 et
1107 5411 1498 5480 πανηγυρίζειν
1555 5408 1830 5467 dicebant.

297 5493 333 5532 e
361 5492 473 5545 quo
505 5477 657 5548 inore
689 5477 988 5548 Xenophon
1029 5477 1394 5541 Ἀναϐάσεως,
1422 5482 1514 5533 lib.
1543 5496 1595 5533 tv
1621 5499 1635 5546 ;
1672 5481 1825 5536 Dion.

243 5549 355 5602 lib.
390 5561 477 5618 λιι
504 5547 816 5618 ;7llerodot.
852 5547 948 5604 ltb.
983 5567 996 5603 ι
1024 5567 1036 5614 ;
1070 5551 1436 5612 Herodianus,
1467 5553 1559 5603 lib.
1600 5568 1635 5613 ι,
1662 5561 1713 5604 et
1736 5569 1825 5618 tv;

243 5617 499 5691 Psellus,
523 5617 600 5670 De
634 5632 841 5691 operat.
880 5619 1116 5674 Dtemou.
1143 5637 1263 5691 pag.
1303 5620 1410 5685 95;
1443 5621 1681 5675 Achilles
1717 5617 1825 5676 Ta-

246 5689 523 5761 tt_us,_lib.
552 5703 603 5761 I;
632 5688 952 5761 Eustathius
984 5693 1103 5744 καθ’
1148 5688 1434 5761 ἰ’σμίνην,
1474 5693 1566 5744 lib.
1593 5706 1642 5744 Vt
1673 5701 1728 5745 et
1760 5710 1824 5758 x;

247 5756 556 5822 Martialis,
594 5758 690 5811 lib.
725 5774 818 5823 ιιι,
849 5762 1022 5831 epigr.
1048 5763 1156 5826 45;
1199 5756 1428 5828 Statius,
1464 5763 1555 5817 lib.
1591 5756 1823 5834 t;Sylv.

553 5858 826 5920 PATRUL.
857 5859 970 5919 GR.
1006 5859 1274 5922 CXXXI.

1939 5062 2215 5115 Marmora
2247 5060 2529 5113 ArundeL.
2563 5067 2616 5110 et
2647 5057 2714 5106 ibi
2753 5054 3021 5108 Seldenus
3058 5071 3180 5125 pag.
3220 5056 3306 5118 7‘2,
3344 5069 3389 5110 et
3419 5064 3511 5116 alii

1939 5135 2054 5185 sine.
2111 5146 2364 5184 numero.
2425 5127 2822 5181 Sacriﬁrabant
2883 5137 3064 5179 autem
3121 5137 3177 5178 ut
3223 5129 3456 5195 plurium
3488 5153 3516 5184 ιι

1935 5204 2052 5257 liti
2088 5204 2283 5270 Φίξίῳ,
2325 5209 2380 5252 ιιι
2423 5212 2616 5270 auctor
2645 5197 3150 5270 estApollodurus,
3213 5203 3383 5270 libat.
3436 5208 3514 5256 \‘a-l

1935 5274 2052 5328 Jovi
2091 5268 2368 5335 Salutari;
2407 5280 2559 5324 vetus
2585 5268 2981 5336 inscript..lovt
3017 5283 3281 5322 εΑιιυτιιιιι
3327 5269 3519 5326 Utru-

1937 5359 2034 5397 Nlls
2070 5357 2229 5396 eum
2267 5355 2619 5394 INFtBMiTATE
2659 5355 2958 5392 Lini-mnus
3015 5337 3147 5393 Vide
3179 5339 3510 5393 Trebellium

1939 5415 2240 5468 Pollionem
2267 5413 2318 5464 in
2354 5410 2634 5466 Gallionis.
2671 5409 2946 5464 Guillelm.
2982 5408 3130 5463 Brito
3163 5411 3216 5463 in
3249 5410 3514 5462 "OCillttli.

1939 5485 2176 5543 Paci/ica
2215 5485 2413 5536 dicitur
2459 5483 2679 5540 oblatio,
2730 5497 2850 5546 qum
2901 5481 3063 5547 [iebat
3111 5497 3204 5546 pro
3255 5496 3384 5546 pare
3443 5483 3514 5532 ad

1940 5555 2128 5617 Deum,
2156 5556 2233 5609 vel
2266 5554 2332 5606 ad
2365 5554 2619 5613 homines,
2647 5552 2722 5603 vel
2753 5550 2888 5619 quod
2928 5550 2997 5602 ad
3033 5549 3226 5602 bonum
3244 5552 3392 5614 pacis
3425 5552 3520 5617 ﬁe-

1937 5626 2025 5678 bat
2054 5641 2073 5678 :
2107 5627 2243 5679 sicut
2290 5625 2580 5696 sacriﬁcia,
2612 5637 2704 5690 pro
2737 5621 2906 5674 salute
2935 5621 3084 5685 data,
3130 5619 3208 5672 vel
3255 5626 3515 5673 servanda

1938 5695 2314 5767 offerebantur.

3135 5849 3202 5908 10
