3946 6206
399 271 506 337 2‘29

1656 272 1877 334 ΛΝΝίΕ
1919 273 2300 335 (ΣΟΜΝΕΝᾺΕ
3511 280 3603 342 300

400 392 710 459 fulgurabat
749 405 869 458 qua:
904 404 988 443 res
1026 389 1374 443 interrallum
1411 388 1572 443 habet
1614 388 1963 443 conniventis
2002 387 2239 442 subinde
2280 385 2521 441 cmlestis
2552 385 2822 450 ﬂantum;
2894 383 2989 440 sed
3034 381 3323 440 continenti
3355 385 3458 444 late
3515 392 3602 446 in-

399 480 593 533 ceiidio
623 483 750 535 saevi
787 481 1014 552 tulgoris
1049 480 1725 550 omnia,qnoqnoversum
1755 480 2030 535 ferrentur
2056 478 2223 543 oculi,
2255 479 2618 547 corripuerat.
2670 477 2764 532 llis
2803 477 3118 545 aliquandiu
3182 491 3393 533 summo
3454 480 3606 538 animi

398 590 603 647 angore
631 576 980 628 conflictatus
1013 572 1173 628 malis
1211 572 1508 642 imperator
1541 576 1814 646 respirare
1872 573 2153 644 paulisper
2211 574 2366 628 visus
2431 585 2533 639 est,
2603 579 2925 627 senescente
2981 572 3373 642 aliquantulum
3426 576 3607 644 impetu

399 668 654 736 procella:
686 684 700 721 :
734 682 842 735 quo
878 666 1185 718 laxamento
1215 665 1411 734 cupide
1450 682 1584 722 usus
1644 682 1771 722 cum
1824 667 1965 720 lecto
2006 681 2240 720 numero
2308 682 2560 731 suorum,
2601 665 2692 735 qui
2757 664 3064 719 verticibus
3112 666 3376 719 undarum
3426 666 3614 734 pleros-

396 777 502 831 que
538 761 901 814 haurientium
928 773 985 812 se
1014 757 1410 827 explicuerant,
1462 759 1567 813 sub
1621 774 1873 830 magnam
1905 770 1959 812 et
1996 760 2239 829 patulam
2270 760 2512 814 succedit
2545 758 2748 829 fagum.
2784 756 2889 810 Sed
2924 756 3072 812 brevi
3118 761 3388 815 excitatus
3427 761 3614 829 ingenti

399 870 531 910 voce
567 870 629 908 ex
661 852 859 906 mediis
885 851 1021 921 ipsis
1050 853 1255 919 perlata
1288 851 1574 906 frondibus
1606 866 1840 907 ramosas
1908 854 2148 917 arboris,
2218 854 2712 922 animadversaque
2779 851 3176 908 violentissima
3225 851 3380 905 rabie
3446 862 3615 904 vento-

397 960 514 997 rum
571 942 751 1011 fagum
820 942 1058 1012 undique
1117 942 1583 1005 succutientium,
1639 945 1848 1014 trepide
1894 961 1954 998 se
1993 944 2539 1015 proripiteruinoso
2566 953 2713 1000 tecto
2744 944 2798 998 in
2829 944 3030 999 caelum
3056 943 3325 1006 liberum;
3384 958 3445 995 ac
3500 958 3611 994 cum

304 1037 313 1045 '
398 1045 547 1090 tanto
568 1036 746 1105 spatio
780 1035 1104 1090 recessisset
1152 1044 1420 1104 quantum
1475 1036 1642 1089 arbor
1731 1036 1778 1088 si
1871 1044 2052 1089 rueret
2111 1035 2395 1089 obtectura
2454 1034 2763 1099 videretur,
2813 1036 2885 1087 ibi
2948 1034 3213 1088 attonitus
3265 1041 3404 1086 metu
3461 1032 3623 1086 stabnt

392 1143 517 1182 cum
551 1142 683 1182 ecce
731 1128 880 1181 velut
928 1127 1164 1196 idipsum
1227 1134 1625 1196 exspectasset,
1690 1127 1969 1182 radicibus
2007 1127 2193 1182 avulsa
2220 1126 2346 1181 imis
2378 1141 2501 1181 cum
2528 1126 2743 1195 fragore
2778 1141 2842 1180 ac
2882 1133 3027 1179 motu
3066 1126 3173 1179 late
3240 1124 3442 1192 ingenti
3497 1124 3619 1176 allii—

393 1232 477 1275 «ιθ
509 1232 665 1275 terra:
696 1233 932 1289 querens
965 1219 1235 1288 apparuit.
1275 1218 1461 1274 Sensit
1488 1219 1675 1273 statim
1712 1217 1995 1289 Augustus
2034 1233 2135 1274 nec
2200 1217 2565 1272 dissimulavit
2603 1218 2929 1273 beneficium
2973 1216 3174 1271 servati
3230 1217 3484 1271 divinitus
3527 1236 3623 1269 ca-

396 1315 521 1385 pitis
551 1312 635 1368 sui
668 1328 683 1365 :
718 1326 781 1364 ac
833 1326 953 1364 mox
1004 1327 1224 1365 rumore
1278 1311 1500 1378 vulgato
1552 1311 1878 1366 defectionis
1946 1312 1998 1364 in
2054 1310 2283 1365 Oriente
2338 1311 2645 1378 cujusdam,

2738 1311 3090 1365 festinantius
3153 1310 3374 1365 domum
3424 1311 3624 1365 rediens

392 1408 530 1462 nihil
562 1407 752 1460 habuit
798 1404 1077 1473 antiquius
1130 1419 1294 1471 quam
1354 1412 1415 1458 ut
1469 1419 1676 1474 magna:
1737 1404 1966 1474 martyri
2001 1401 2218 1459 Thecla:
2246 1404 2508 1474 templum
2539 1404 3007 1474 elegantissimum
3066 1404 3355 1466 conderet,
3428 1405 3627 1472 magni-

397 1506 600 1572 ficoque
637 1498 776 1552 haud
811 1512 978 1568 parvo
1015 1507 1235 1566 sumptu
1265 1497 1557 1553 instrueret
1578 1508 1742 1569 atque
1802 1498 2107 1566 insigniret,
2173 1498 2511 1552 ornamentis
2555 1507 2611 1552 et
2663 1513 2863 1568 genere
2909 1498 3099 1563 variis,
3148 1508 3205 1554 ct
3270 1506 3385 1554 tum
3423 1496 3629 1550 materia

393 1610 506 1652 tum
546 1606 662 1653 arte
683 1613 961 1667 manuque
989 1596 1268 1666 pretiosis.
1303 1593 1381 1651 lbi
1439 1606 1494 1652 et
1559 1604 1674 1649 tum
1727 1607 1852 1650 vota
1909 1596 2226 1651 Comnenus
2296 1608 2396 1662 pro
2437 1593 2616 1648 salute
2672 1578 2776 1647 sibi
2839 1594 3163 1648 mirabiliter
3219 1599 3432 1648 servata
3479 1590 3633 1644 Deum

394 1710 663 1750 venerans
688 1694 1011 1749 Christiano
1041 1692 1148 1746 ritu
1183 1692 1481 1762 persolvit;
1514 1700 1570 1747 et
1611 1691 1760 1746 omni
1803 1692 2064 1761 deinceps
2101 1702 2348 1761 tempore
2421 1688 2591 1744 sacris
2660 1688 2774 1742 illic
2827 1688 3045 1758 hymnis
3127 1686 3445 1758 religiosam
3516 1686 3634 1736 dare

393 1804 616 1861 operam
648 1789 952 1844 consuevit.
994 1786 1122 1840 Eam
1146 1786 1243 1841 tali
1273 1788 1562 1843 occasione
1587 1795 1957 1842 constructam
2000 1786 2219 1856 Dcoqne
2254 1793 2522 1842 sacratam
2555 1782 2748 1848 aedem,
2788 1789 2848 1836 ut
2875 1781 3060 1836 dicere
3131 1795 3417 1851 ceperam,
3475 1777 3636 1844 impe-

394 1884 585 1949 ratrix,
626 1891 800 1937 mater
846 1880 1017 1935 Alexii
1062 1880 1319 1950 Augusti,
1348 1881 1622 1951 delegerat
1656 1884 1709 1934 in
1737 1895 1842 1950 qua
1874 1879 2086 1948 publica
2116 1880 2395 1951 religionis
2420 1876 2597 1933 ollicia
2666 1876 2911 1945 quotidie
2972 1875 3151 1930 obiret
3199 1891 3214 1928 :
3250 1887 3413 1944 quam
3481 1868 3636 1924 fema-

392 1990 518 2031 nam
541 1985 595 2031 et
617 1974 744 2029 mihi
773 1974 922 2029 brevi
942 1974 1172 2044 quodam
1197 1983 1445 2043 tempore
1468 1974 1652 2029 videre
1677 1989 1742 2027 ac
1773 1973 1962 2027 mirari
2001 1974 2231 2043 contigit
2266 1988 2282 2027 :
2318 1972 2441 2026 licet
2481 1986 2601 2041 quae
2663 1971 2751 2025 hic
2812 1969 2968 2041 posui
3023 1984 3133 2024 non
3201 1965 3378 2038 magis
3440 1963 3639 2019 oculato

392 2071 705 2128 testimonio
736 2070 1052 2133 scriLentis,
1088 2083 1250 2139 quam
1284 2068 1499 2139 publica
1546 2069 1790 2123 omnium
1820 2070 2159 2124 conscientia
2191 2079 2243 2123 et
2275 2067 2446 2121 libera
2514 2065 2866 2121 confessione
2930 2079 3039 2120 non
3123 2060 3484 2116 invidentium
3538 2052 3634 2122 91

395 2166 549 2220 fidem
576 2163 791 2233 plenam
824 2161 1074 2215 habitura
1111 2160 1407 2215 confidam.
1457 2160 1614 2226 Quod
1653 2161 1700 2216 si
1732 2170 1791 2214 ut
1824 2161 1962 2226 dixi,
2004 2161 2375 2218 laudationem
2459 2181 2563 2220 non
2637 2161 2920 2219 historiam
2972 2158 3220 2214 scribere
3268 2154 3638 2213 instituissem,

393 2255 623 2311 otiosius
668 2252 913 2324 profecto
965 2253 1287 2304 immorarer
1331 2251 1387 2305 in
1416 2253 1629 2306 cazteris
1675 2249 1794 2320 ejus
1845 2262 2110 2308 matronae
2182 2265 2331 2310 recte
2403 2256 2600 2326 pieque
2649 2256 2810 2309 factis
2860 2252 3253 2312 edisserendis,
3326 2262 3512 2302 verum
3579 2245 3643 2297 ad

394 2349 762 2405 intermissam
798 2347 1170 2401 nariazionem
1214 2345 1554 2415 publicarum
1590 2361 1775 2402 rerum
1809 2361 1909 2402 nos
1937 2347 2261 2419 jamdudum
2305 2358 2681 2412 revocantem,
2735 2345 3029 2416 aliquando
3065 2341 3412 2399 redeundum
3454 2342 3553 2392 est.

462 2442 687 2498 Aicxius
738 2443 1033 2510 imperator
1069 2441 1422 2511 palpitantem
1455 2443 1717 2498 extremis
1748 2445 1958 2509 singnl-
1983 2454 2035 2510 Α

395 2537 540 2592 tibus
572 2549 686 2589 rem
738 2533 1041 2587 Romanam
1097 2550 1350 2600 cernens,
1407 2532 1603 2591 Turcis
1652 2536 1706 2590 in
1745 2537 1966 2591 Oriente

393 2632 590 2683 cuncta
630 2629 998 2694 vastantibus.
1027 2626 1275 2682 occiduis
1307 2627 1606 2697 provinciis
1641 2630 1964 2684 imminente

397 2720 652 2787 nubem),
679 2723 996 2791 nullumque
1022 2737 1129 2775 non
1153 2720 1335 2776 funem
1358 2731 1613 2777 movente
1644 2732 1703 2776 ut
1723 2721 1966 2778 Pseudo-

393 2811 709 2866 Michuelem
749 2813 803 2864 in
834 2810 1125 2879 inperium
1155 2811 1432 2874 eveheret,
1481 2812 1565 2866 vel
1609 2814 1793 2882 potius
1824 2829 1966 2883 prai-

395 2915 540 2958 textu
580 2903 818 2956 hominis
872 2900 1036 2957 lanci
1070 2900 1219 2956 vafro
1255 2909 1442 2957 utente
1478 2903 1545 2957 ad
1579 2905 1711 2957 olim
1762 2918 1965 2959 conce-

396 3006 537 3063 μου»
569 3003 622 3046 ct
671 2996 934 3048 hactenus
989 3009 1233 3062 pressam
1286 2994 1501 3065 imperii
1540 2995 1646 3051 sibi
1698 2997 1800 3064 ipsi
1854 3011 1963 3067 pa-

396 3085 546 3138 randi
589 3086 943 3153 cupiditatem
995 3084 1354 3153 explendam;
1396 3100 1505 3153 qua
1556 3101 1626 3140 ex
1699 3085 1850 3142 fumo
1901 3103 1965 3142 ac

393 3178 577 3231 cinere
626 3176 680 3228 in
739 3172 1011 3228 flammam
1067 3174 1175 3228 late
1226 3176 1498 3230 minacem
1547 3177 1960 3244 exardescente,

396 3282 650 3336 magnum
701 3267 813 3335 jam
860 3274 914 3321 et
951 3266 1245 3320 vehemens
1315 3265 1600 3323 Romanos
1645 3268 1713 3323 ab
1761 3284 1963 3325 occasu

397 3361 529 3414 linrs
567 3363 853 3413 amburere
880 3357 1195 3413 incendium
1228 3368 1468 3428 ceperat,
1495 3367 1579 3414 tot
1600 3360 1764 3416 simul
1786 3365 1964 3433 copiis

395 3450 748 3505 terrestribus
793 3465 859 3504 ex
912 3457 1023 3504 tota
1079 3450 1395 3505 continente
1448 3452 1720 3520 collectis,
1786 3463 1843 3510 et
1898 3471 1962 3509 cx

400 3543 656 3597 universa
706 3542 927 3597 littorali
978 3544 1198 3613 regione
1251 3544 1484 3598 marium
1538 3545 1762 3600 illorum
1812 3556 1965 3602 tanto

394 3646 657 3705 apparatu
681 3644 1013 3705 congregato
1031 3636 1354 3702 triremium,
1386 3636 1698 3704 biremium,
1721 3640 1964 3694 remulco

395 3730 807 3791 trahemlarum,
850 3737 903 3782 et
933 3743 1030 3798 per
1061 3744 1120 3784 se
1161 3728 1412 3784 euntium
1446 3731 1831 3785 onerariarum
1862 3747 1963 3787 na-

390 3821 581 3874 vium:
636 3821 769 3884 haec,
804 3821 1049 3891 inquam,
1089 3821 1281 3878 videns
1312 3831 1367 3879 et
1391 3839 1578 3881 secum
1613 3835 1876 3897 reputans
1907 3828 1963 3882 in

399 3910 614 3978 imperii
673 3909 988 3978 primordiis
1042 3927 1341 3980 generosus
1398 3912 1636 3983 juvenis,
1694 3917 1964 3972 aestuabat

395 3997 598 4060 animo,
641 4011 750 4051 non
782 3997 920 4053 satis
959 4000 1260 4068 expediens
1291 4016 1402 4070 quo
1432 4018 1492 4057 se
1527 4015 1803 4073 verteret;
1836 4022 1962 4061 cum

393 4103 517 4141 eum
552 4088 703 4143 illinc
739 4088 805 4142 ad
837 4103 1073 4159 pugnam
1128 4089 1294 4147 Turci
1341 4103 1627 4159 vocarent,
1660 4097 1789 4152 hinc
1820 4099 1961 4152 Nor-

393 4179 643 4233 thmanni
693 4188 971 4249 raperent.
1029 4180 1199 4253 Egre
1232 4183 1288 4237 in
1320 4183 1516 4254 primis
1564 4202 1688 4242 eum
1726 4188 1966 4246 habebat

395 4271 561 4326 miser
614 4286 679 4327 ac
727 4272 1045 4343 deploratus
1096 4284 1276 4330 status
1330 4272 1594 4332 Romanis
1629 4279 1857 4346 militiae,
1894 4284 1963 4338 ad

397 4369 639 4418 trecenta
688 4362 906 4417 demum
956 4363 1132 4434 capita
1187 4363 1651 4423 Cbomatenorum
1705 4372 1963 4438 redacta,

391 4454 823 4524 eorumdcmque
879 4469 980 4511 nec
1026 4456 1224 4514 robore
1262 4474 1364 4515 nec
1397 4461 1735 4529 experientia
1783 4467 1965 4521 valen-

1993 3789 2042 3849 B

2141 2445 2558 2518 ’Λσπαίρουσαν
2610 2443 2666 2496 δὲ
2712 2439 2827 2496 οἷον
2867 2440 3151 2496 κατανοῶν
3207 2438 3313 2509 τὴν
3350 2436 3641 2506 βασιλείαν,

2069 2539 2099 2591 ὁ
2129 2538 2382 2607 βασιλεὺς
2420 2539 2657 2602 Ἀλὲξιος
2692 2534 2711 2607 (
2728 2537 2822 2589 καὶ
2847 2536 2955 2606 γὰρ
2976 2535 3044 2587 τὰ
3071 2534 3173 2603 μὲν
3206 2532 3346 2603 πρὸς
3373 2531 3643 2599 ἀνίσχοντα

2066 2629 2219 2700 ἥλιον
2244 2632 2292 2683 οί
2341 2629 2577 2701 Ίόὖρκοι
2613 2630 2804 2690 δεινῶς
2837 2627 3137 2698 ἐληΐζοντο,
3170 2626 3245 2679 τὰ
3286 2623 3347 2676 δὲ
3384 2624 3524 2676 κατᾶ
3559 2620 3649 2690 τὴν

2080 2720 2352 2793 Ἑσπέραν
2396 2721 2519 2776 λίαν
2571 2717 2682 2793 εἶχε
2722 2721 2909 2783 κακῶς
2956 2721 3048 2773 τοῦ
3101 2719 3456 2790 Ῥομπέρτου
3483 2717 3646 2769 πάντα

2066 2813 2251 2867 κάλων
2301 2814 2579 2877 κινοῦντος
2630 2813 2718 2881 ἐφ’
2759 2808 2803 2881 ᾧ
2859 2814 2952 2866 τὸν
3004 2812 3469 2883 προσεληλυθότα
3511 2808 3652 2876 αὐτῷ

2064 2903 2421 2974 ψευδώνυμον
2448 2903 2667 2975 Μιχαὴλ
2700 2906 2779 2967 εἰς
2807 2905 2877 2956 τὰ
2923 2904 3177 2973 βασίλεια
3235 2901 3464 2968 είσάξαι
3486 2917 3498 2931 ·
3527 2900 3655 2968 ὅπερ

2068 2999 2191 3066 ἐμοὶ
2221 2997 2428 3067 σκῆψις
2458 2996 2658 3066 μᾶλλον
2688 2997 2836 3049 δοκεῖ
2863 3001 2956 3049 xci.
2985 2996 3297 3065 φιλαρχίας
3333 2996 3497 3067 ἔρως,
3533 2994 3657 3045 dva-

2067 3088 2285 3157 φλέγων
2319 3090 2482 3143 αὐτὸν
2515 3090 2605 3144 καὶ
2658 3092 2893 3161 ἠρεμεῖν
2924 3088 2985 3143 τὸ
3010 3089 3291 3160 παράπαν
3341 3089 3420 3161 μὴ
3453 3103 3655 3157 συγχω-

2070 3182 2208 3253 ρῶν·
2230 3183 2381 3236 ἕνϐεν
2410 3199 2489 3237 τοι
2515 3185 2610 3236 καὶ
2643 3183 2953 3253 πάτροκλον
2981 3185 3270 3254 πρόφασιν
3303 3187 3402 3237 τὸν
3434 3179 3659 3252 μοναχὸν

2066 3275 2283 3345 Μιχαὴλ
2316 3275 2590 3345 εὑρηκὼς,
2637 3277 2896 3345 τὸνμτέως
2929 3276 3363 3343 ὑποτυφόμενον
3404 3275 3505 3345 τῆς
3541 3270 3655 3341 φιλ-

2102 3368 2298 3437 αρχίας
2360 3367 2666 3439 σπινθῆρα,
2717 3370 2798 3431 είς
2842 3369 3050 3440 πυρσὸν
3096 3370 3286 3439 ἀνῆψε
3328 3371 3529 3438 μέγαν,
3575 3365 3657 3417 καὶ

2066 3458 2253 3522 δεινῶς
2301 3459 2445 3513 κατὰ
2484 3461 2583 3529 τῆς
2621 3461 2727 3514 τῶν
2789 3460 3079 3530 Ῥωμαίων
3129 3461 3324 3530 ἀρχῆς
3371 3459 3684 3520 ῶπλίζετογ

2067 3551 2349 3621 δρόμωνάς
2388 3552 2500 3623 (21)
2535 3569 2594 3605 τε
2628 3552 2722 3606 καὶ
2750 3553 2960 3623 διήρεις
3000 3553 3348 3622 ἑτοιμάςων,
3384 3552 3482 3604 καὶ
3512 3552 3656 3620 τριή.

2070 3658 2208 3711 ρεις,
2238 3642 2337 3695 καὶ
2387 3642 2673 3712 σέρμωνας
2702 3642 2840 3714 (22),
2880 3645 2975 3697 καὶ
3020 3644 3434 3714 φορταγωγοὺς
3471 3643 3659 3712 ἐτέρας

2075 3733 2426 3804 παμπληθεῖς
2484 3733 2619 3796 ναῦς
2672 3736 2738 3786 ὲκ
2794 3734 2901 3787 τῶν
2957 3734 3255 3802 παραλίων
3322 3737 3667 3807 εὖτρεπίζων

2071 3827 2289 3897 χωρῶν*
2329 3827 2439 3880 κάκ
2465 3828 2563 3896 τῆς
2593 3827 2822 3897 ἠπείρου
2869 3828 2924 3881 δὲ
2961 3828 3228 3899 δυνάμεις
3277 3830 3496 3892 πολλὰς
3548 3828 3664 3880 συλ-

2070 3918 2244 3989 λέγων
2279 3920 2338 3983 ἐς
2376 3920 2436 3973 τὸ
2477 3920 2841 3990 προκείμενον
2874 3921 3021 3991 αὐτῷ
3076 3921 3665 3994 συνιπαρηγούσας).

2071 4013 2129 4065 ὲν
2166 4012 2450 4084 ἀμηχανίᾳ
2476 4014 2505 4065 ὁ
2533 4014 2778 4080 γενναῖος
2824 4015 3028 4076 ἐκεῖνος
3066 4012 3279 4084 μείραξ
3332 4018 3665 4084 γενόμενος,

2071 4105 2165 4156 καὶ
2212 4104 2286 4173 μὴ
2315 4104 2454 4174 ἔχων
2492 4104 2799 4175 ὁποτέρωσε
2850 4104 3114 4167 νεύσειεν.
3158 4107 3424 4179 ἑκατέρα
3440 4107 3488 4138 ’τ
3521 4105 3672 4178 [ἑκα-

2070 4196 2231 4267 στου]
2265 4196 2374 4251 τῶν
2426 4196 2704 4265 πολεμίων
2751 4196 2886 4267 πρὸς
2925 4199 3119 4251 ἑαυτὸν
3161 4199 3271 4270 τὴν
3331 4201 3528 4270 μάχην
3559 4195 3669 4251 οἷον

2068 4286 2543 4357 προαρπάζοντος,
2571 4287 2759 4356 ἠνιᾶτο
2791 4287 2886 4340 καὶ
2914 4287 3170 4358 ἧσχαλλε,
3212 4291 3369 4361 μήτε
3403 4291 3672 4361 στρατιὰν

2067 4378 2371 4449 ἀξιόμαχον
2411 4378 2513 4448 τῆς
2561 4378 2673 4431 τῶν
2737 4379 3031 4449 Ῥωμαίων
3082 4380 3389 4450 βασιλείας
3436 4384 3674 4453 ἐχούσης

2068 4471 2087 4537 (
2102 4472 2161 4524 οὺ
2197 4470 2418 4536 πλείους
2451 4471 2561 4542 γὰρ
2593 4470 2703 4525 τῶν
2731 4472 3060 4543 τριακοσίων
3091 4477 3475 4544 στρατιωτῶν
3507 4472 3677 4551 ἧοιανν

1464 4579 1668 4644 Variae
1703 4577 2011 4647 lectiones
2042 4604 2122 4649 ex
2156 4589 2291 4651 cod.
2331 4586 2603 4651 Coislin.

462 4680 504 4710 ⁸⁷
536 4679 796 4751 ἑκάτερα.

1430 4752 1568 4811 Car.
1610 4750 1941 4814 Dufresnii
1979 4758 2074 4817 Du
2117 4757 2341 4835 Cangii
2382 4766 2574 4823 notae.

464 4850 574 4917 (9.1)
606 4851 940 4933 Δρόμωνας.
978 4850 1294 4933 .Dromoues
1328 4849 1587 4933 dicuntur
1639 4868 1806 4908 naves
1840 4856 1959 4933 bel-

395 4924 511 4974 licze
553 4920 808 4990 maiores,
846 4935 876 4973 a
909 4920 1195 4990 velocitate
1246 4921 1663 4990 appellationem
1721 4927 1953 4990 sortitae,

394 4991 569 5058 inquit
589 4988 912 5058 Procopius,
936 4989 1033 5044 lib.
1064 5005 1079 5042 ι
1117 4988 1343 5043 ναηαὰί.
1375 4988 1569 5058 Papias
1598 5009 1663 5046 ex
1696 4992 1905 5048 lsidoro
1942 4988 1956 5049 ξ

395 5061 689 5113 Dromones
717 5070 837 5111 sunt
870 5060 1037 5125 longa;
1072 5068 1121 5112 et
1152 5061 1494 5113 velocissima:
1519 5078 1694 5115 naves.
1729 5060 1956 5118 Robert.

393 5134 457 5184 de
498 5126 696 5191 Monze,
751 5144 840 5180 an.
909 5127 1046 5201 il9l_
1106 5146 1120 5181 :
1177 5128 1379 5182 Invenit
1433 5145 1613 5184 navem
1661 5148 1956 5201 pugnorum

393 5201 723 5323 maximam,
796 5213 955 5265 quam
1020 5197 1365 5252 Dromontam
1419 5210 1625 5255 vocant.
1670 5197 1956 5272 Philippus

456 5288 548 5323 ous
574 5284 638 5323 ‘es
682 5287 696 5321 ;

395 5271 446 5325 ΙΙ
456 5271 638 5324 ouskes
682 5287 696 5321 :

536 5381 902 5452 Esneques,“
927 5381 1177 5433 dromons
1218 5379 1395 5450 ﬁeres,

534 5450 722 5523 Rogas,
749 5463 795 5505 et
829 5450 1031 5515 bnsses,
1052 5462 1098 5503 et
1126 5454 1364 5506 visuras.

394 5544 532 5601 Huic
564 5543 912 5614 dromonarii,
951 5542 1187 5614 remiges
1221 5543 1573 5611 dromonum,
1603 5545 1746 5614 apud
1785 5546 1956 5604 Sena-

396 5626 591 5689 torem,
612 5616 778 5689 lib._n
814 5610 945 5689 Nar.
972 5610 1761 5689 _Sed_de«fontonibuspassim
1788 5629 1955 5689 agunt

394 5685 688 5753 scriptorcs
709 5683 881 5739 (ἔτιροὶ
900 5695 951 5739 et
974 5682 1175 5748 Latini,
1193 5683 1492 5755 Tlieophyl.
1516 5682 1717 5741 Simoc.
1742 5682 1953 5751 libtvn,

2060 4875 2182 4937 cap.
2222 4861 2308 4927 10,
2342 4861 2730 4937 lib._vnr,cap.
2767 4865 2828 4930 9;
2863 4864 2992 4937 ,Leo
3048 4867 3101 4918 in
3157 4864 3319 4921 Tact.
3389 4884 3526 4937 cap.
3591 4869 3681 4934 l9,

2062 4929 2089 5000 ς
2121 4932 2172 4994 li,
2205 4933 2643 5005 et_c.;_.§lbertn_s
2674 4929 2778 5004 Aq.
2814 4929 2913 4990 lib.
2945 4951 3020 4999 ix,
3079 4950 3200 5004 cap.
3277 4938 3384 5005 23,
3454 4929 3558 4994 lib.
3623 4929 3679 5003 ιζ

2059 5001 2314 5075 captu;
2348 5000 2553 5075 Wi_llel.
2582 5001 2718 5075 A'Al‘yr.
2740 5000 2852 5059 'lib.
2885 5022 2973 5069 xx,
3003 5021 3123 5075 cap.
3150 5000 3265 5071 ’μς
3305 5000 3578 5065 Jacobus
3610 5000 3678 5063 de

2474 5072 2673 5145 alii).
2739 5091 2792 5139 ι,
2849 5091 2971 5145 cap.
3035 5072 3134 5142 29;
3192 5075 3420 5145 Matth,
3488 5084 3679 5136 Paris.

2058 5067 2307 5125 Vitriaco
2365 5073 2470 5196 ἓξ

2058 5141 2356 5196 an.ll9l:

2056 5155 2145 5193 an.
2180 5141 2311 5216 ll9l
2341 5160 2356 5205 ;
2401 5141 2705 5215 Walsingh.
2740 5160 2832 5199 an.
2871 5141 3010 5202 {£92
3039 5163 3054 5211 ;
3089 5141 3437 5216 Malaterra',
3476 5153 3583 5205 lib.
3618 5167 3682 5209 ιι,

1988 5247 2032 5305 c
2065 5212 2270 5305 “infit
2305 5225 2409 5305 θὲῖ

2145 5281 2285 5355 (ξῖλ
2316 5283 2635 5353 Σέμμονας.
2698 5285 2858 5340 Navis
2909 5287 3117 5355 speiies
3177 5289 3455 5346 nondum
3502 5302 3683 5346 nota:

2073 5365 2174 5405 ncc
2202 5354 2343 5406 enim
2378 5356 2554 5410 ausim
2580 5356 2850 5410 afﬁrmare
2882 5354 2984 5410 hoc
3016 5358 3139 5411 loco
3163 5372 3471 5415 sermones
3495 5360 3688 5416 vocari

2073 5423 2307 5496 navigia.
2340 5441 2462 5489 qua:
2492 5427 3054 5495 germundidicuntnr
3087 5428 3450 5496 Malaxerraa,
3482 5434 3586 5486 lib.
3621 5445 3687 5493 tt,

2069 5504 2189 5566 cap.
2220 5494 2252 5546 8
2278 5512 2291 5545 :
2322 5494 2512 5566 _1V'ostri
2557 5498 2778 5566 denique
2827 5499 3187 5550 tantumnodo
3242 5494 3609 5566 germundos
3639 5509 3694 5555 et

2066 5560 2270 5637 galeas,
2309 5563 2609 5637 Sicilienses
2664 5560 2782 5621 vero
2816 5576 2983 5620 callos
3013 5576 3062 5620 et
3105 5560 3397 5637 goiufros,
3459 5583 3515 5625 et
3559 5572 3693 5624 dro-

2069 5634 2308 5696 mnmlos,
2338 5635 2428 5687 sed
2454 5646 2502 5689 et
2536 5637 2754 5692 diversw
2785 5638 3003 5705 fabricat
3029 5634 3182 5692 nares
3208 5634 3546 5696 habebant.
