3946 6206
166 303 260 365 321

1386 299 1800 358 ALEXIADIS
1827 299 1973 359 LIB.
2012 301 2127 361 IlI.

3323 307 3433 373 322

168 421 342 488 ρὰετο,
399 415 461 470 αῖ
514 432 570 469 τε
632 416 814 469 κῶπαι
873 414 978 468 τῶν
1035 412 1378 483 προσκώπων
1441 415 1734 468 καθιέντων

1846 413 2072 484 ingruit.
2119 415 2323 471 Nivalis
2381 426 2498 472 erat
2553 417 2725 474 imber
2776 419 2962 492 largus
2997 429 3050 477 et
3102 422 3425 486 vehemens.

164 511 489 583 ἐθραύοντο,
551 509 669 564 τάθ⁹
731 511 875 562 ίστία
933 507 1425 578 διαϐιϐρώσκοντες
1485 503 1626 577 ἦσαν
1687 509 1735 560 oi

159 607 365 673 ἄνεμοι,
401 602 540 656 αἰδὲ
578 605 790 673 κεραῖαι
821 601 1199 672 συνθλώμεναι
1236 601 1380 654 κατὰ
1433 598 1528 653 τοῦ
1563 615 1733 652 κατα⁸

160 696 478 768 στρώματος
512 695 764 758 ἔπιπτον,
818 695 915 748 καὶ
955 691 1230 763 αὔτανδρα
1275 692 1377 762 ἥδη
1429 690 1496 743 τὰ
1551 691 1735 758 σκάφη

159 789 624 852 κατεποντίζοντο,
661 788 764 842 κᾶν
796 787 984 857 θέρους
1018 787 1134 855 ὥρα
1173 783 1240 856 ἦν
1283 786 1420 855 (55),
1456 783 1552 838 τοῦ
1585 785 1736 852 ἡλίου

157 884 240 935 τὸν
266 883 529 952 καρκῖνον
565 880 667 950 ήδη
706 880 1068 951 παρελθόντος
1105 881 1201 933 καὶ
1234 881 1370 948 πρὸς
1402 880 1492 932 τὸν
1527 879 1737 930 Λέοντα

159 973 534 1041 ἐπειγομένου,
585 973 748 1024 ὁπότε
805 972 896 1024 καὶ
945 971 1039 1039 τὴν
1109 971 1204 1023 τοῦ
1265 971 1425 1032 κυνὸς
1482 970 1737 1040 ἐπιτολὴν

157 1062 286 1120 εἶναί
342 1081 534 1133 φασιν.
580 1063 972 1132 Ἐταρσὶττοντο
1025 1059 1117 1118 οὖν
1167 1064 1404 1128 ἅπαντες
1438 1063 1724 1136 ἐξαπορού-

161 1174 324 1228 μενοι,
358 1159 454 1209 καὶ
492 1156 593 1210 οὐκ
647 1152 794 1226 εἶχον
843 1157 870 1208 ὃ
903 1173 955 1208 τι
1001 1158 1093 1208 καὶ
1119 1157 1398 1227 δράσαιεν,
1453 1157 1735 1226 πολεμίοις

159 1249 417 1312 τοιούτοις
451 1236 947 1301 ἀντικαθίστασθαι
1010 1250 1084 1318 μὴ
1119 1248 1426 1318 δυνάμενοι.
1486 1248 1658 1318 Θροῦς
1690 1247 1731 1300 δ’

159 1343 354 1411 ἐπῆρτο
390 1340 590 1403 πολὺς,
629 1337 884 1410 ᾤμωζον,
922 1341 1272 1403 ἐποτνιῶντο,
1309 1340 1665 1410 ὲθεοκλὴτουν
1692 1341 1736 1370 ⁸⁸

158 1433 275 1485 Θεὸν
329 1433 570 1502 Σωτῆρα
617 1431 1045 1502 ἐπικαλούμενοι
1092 1434 1186 1486 καὶ
1218 1433 1316 1503 τὴν
1352 1433 1578 1503 ἤπειρον
1610 1431 1738 1484 θεά-

162 1524 342 1578 σασθαι
388 1525 720 1593 ἐπηύχοντο.
764 1527 824 1578 ’0
850 1526 904 1578 δὲ
939 1526 1150 1578 κλύδων
1182 1527 1316 1588 τέως
1342 1527 1444 1578 οὑκ
1479 1526 1733 1587 ἐνεδίδου,

161 1616 439 1684 μηνίοντος
471 1615 663 1689 ὥσπερ
693 1615 788 1668 τοῦ
818 1616 953 1669 Θεοῦ
995 1617 1132 1687 πρδς
1158 1619 1218 1670 τὶ
1251 1617 1345 1670 τοῦ
1392 1619 1734 1688 Ῥομπέρτου

159 1707 453 1760 ἀκάθεκτον
508 1710 601 1760 καὶ
649 1709 958 1779 ὑπέρογκον
1024 1711 1289 1780 φρύαγμα
1342 1711 1436 1762 καὶ
1483 1711 1542 1764 τὸ
1583 1711 1732 1774 τέλος

158 1801 212 1852 ἐκ
238 1801 469 1871 πρώτης
512 1802 817 1872 άφετηρίας
851 1803 950 1855 οὐκ
977 1803 1202 1874 εὐτυχὲς
1238 1803 1732 1874 παραδεικνύοντος

157 1893 262 1962 ἤδη.
301 1893 393 1946 Τὰ
443 1893 548 1964 μὲν
592 1890 686 1948 οῦν
721 1894 829 1948 τῶν
874 1895 1076 1948 πλοίων
1109 1896 1206 1948 σὺν
1233 1895 1420 1960 αὐτοῖς
1451 1898 1733 1967 πλωτῆρσι

156 1986 580 2057 κατεποντίσθη,
629 1988 702 2040 τὰ
745 1989 801 2042 δὲ
851 1991 973 2051 ταῖς
1024 1991 1219 2052 ἀκταῖς
1277 1988 1732 2062 προσαραχθέν’τα

155 2073 507 2145 συνεθλάσθη.
555 2075 677 2128 Τῶν
723 2076 781 2129 δὲ
820 2077 1291 2148 περιστέλλουσῶν
1331 2080 1456 2143 τοὺς
1489 2081 1735 2151 πύργους

154 2165 361 2234 βυρσῶν
394 2165 504 2218 ὑπὸ
533 2165 626 2219 τοῦ
676 2167 832 2220 ὑετοῦ
871 2169 1273 2240 χαλαρωτέρων
1329 2175 1650 2240 γεγονυιῶν,
1683 2175 1740 2228 οἵ

153 2271 202 2306 τε
233 2251 359 2326 ἧλοι
388 2255 500 2308 τῶν
529 2257 749 2311 οίκείων
802 2259 982 2312 τόπων
1012 2259 1331 2331 ἐξέστησαν,
1386 2262 1483 2317 καὶ
1530 2264 1593 2316 τὸ
1648 2267 1735 2318 ἐν·

153 2349 329 2402 τεῦθεν
381 2351 437 2402 αἱ
496 2349 696 2421 βύρσαι
747 2350 912 2422 βάρος
969 2353 1248 2422 εἰληφυῖαι
1299 2357 1426 2419 τοὺς
1487 2355 1732 2422 ξυλίνους

155 2442 393 2504 ἐκείνους
426 2442 676 2512 πύργους
708 2444 847 2513 ταχὺ
881 2446 1272 2516 περιέτρεψαν,
1314 2448 1411 2501 καὶ
1444 2454 1730 2523 καταρρα-

154 2536 333 2598 γέντες
369 2535 472 2597 τάς
509 2534 644 2600 ναῦς
684 2537 1010 2592 κατέδυσαν.
1049 2539 1122 2590 Τὸ
1169 2539 1223 2592 δέ
1275 2557 1338 2608 γε
1381 2542 1587 2610 σκάφος
1618 2543 1730 2612 (56)

156 2630 205 2682 ἐν
235 2622 275 2696 ᾧ
298 2632 333 2682 ὁ
382 2627 728 2698 Ῥομπέρτος
759 2629 906 2699 ἐνῆν,
959 2630 1336 2701 ήμίθραυστον
1375 2634 1600 2700 γεγονὸς
1637 2636 1736 2702 μό-

157 2739 228 2787 γις
259 2721 509 2792 διεσώθη
536 2737 552 2752 ο
606 2719 892 2792 ἐσώθησαν
927 2723 982 2776 δὲ
1017 2723 1108 2775 καί
1156 2741 1302 2786 τινες
1337 2725 1444 2776 τῶν
1490 2725 1733 2778 ὁλκάδων

153 2811 237 2864 σὺν
266 2814 389 2872 τοῖς
422 2810 709 2880 πλωτῆρσι
754 2812 1094 2882 παραδόξως.
1128 2813 1366 2874 Πολλοὺς
1415 2815 1513 2881 μὲν
1547 2810 1638 2866 οὖν
1698 2817 1729 2884 ἡ

155 2902 394 2954 θάλασσα
430 2902 476 2932 ⁸⁷
513 2901 882 2954 ἁποπτύσασα
919 2903 983 2964 ⁸⁸,
1011 2904 1111 2956 οὑκ
1138 2905 1294 2970 ὀλίγα
1343 2905 1398 2956 δὲ
1441 2905 1730 2974 βαλάντια,

153 2993 408 3045 καὶάλλα
449 2996 517 3046 τά
574 2992 634 3057 ἐξ
685 2985 761 3044 ὦν
816 2993 874 3045 τὸ
934 2996 1190 3048 ναυτικὸν
1239 2996 1331 3048 τοῦ
1385 2997 1730 3068 Ῥομπέρτου

1841 509 1983 560 venti
2022 524 2087 562 ex
2127 509 2404 562 montibus
2446 509 2611 562 validi
2644 525 2794 565 mare
2825 514 3121 582 perflantes
3175 532 3425 576 commo-

1847 602 2046 656 vebant
2079 617 2106 652 a
2149 600 2335 664 fundo,
2370 602 2723 670 surgentibus
2761 605 3094 660 immensum
3145 623 3268 664 cum
3297 612 3428 667 hor-

1840 693 2009 742 rendo
2045 693 2260 760 fragore
2308 692 2592 747 fluetibus.
2639 693 3062 763 Frangebantur
3104 704 3306 770 passim
3370 707 3423 760 in

1842 785 2223 851 remigantium
2260 784 2514 839 manibus
2558 787 3126 859 renti,discet‘p'.isqtte
3153 806 3425 851 momento

1841 876 1887 925 vi
1935 885 2222 927 Ventorum
2265 877 2400 930 velis
2461 878 2817 932 comminuta:
2870 891 3120 936 antenna:
3176 883 3227 936 in
3275 885 3426 942 foros

1839 968 2156 1020 eadebant:
2205 985 2373 1024 naves
2427 969 2560 1040 ipsa:
2608 985 2732 1024 cum
2774 972 2905 1024 viris
2951 973 3158 1028 hausta
3212 991 3427 1046 merge-

1841 1062 2060 1113 bantur.
2099 1061 2289 1116 Incidit
2325 1065 2410 1117 hic
2446 1079 2610 1118 casus
2643 1065 2824 1118 aheno
2855 1076 3099 1135 tempore
3135 1085 3147 1120 :
3177 1079 3425 1125 testatem

1839 1163 2035 1220 agente
2067 1169 2236 1215 anno,
2271 1156 2494 1224 soleque
2525 1167 2645 1224 post
2683 1157 2958 1211 Cancrum
2997 1175 3193 1229 magna
3220 1161 3332 1229 jam
3357 1176 3421 1216 ex

1839 1256 1988 1315 parte
2020 1246 2252 1310 obitum,
2285 1247 2351 1300 atl
2386 1248 2623 1302 Leonem
2662 1249 2983 1312 festinante,
3020 1253 3166 1319 quod
3198 1263 3424 1322 tempus

1837 1354 1956 1392 esse
1989 1341 2141 1391 aiunt
2192 1339 2496 1394 exorientis
2551 1342 2843 1398 caniculae.
2877 1342 3072 1396 Gravis
3132 1344 3259 1398 hinc
3307 1363 3430 1416 per-

1839 1430 2081 1481 turbatio
2119 1429 2324 1482 invasit
2361 1431 2566 1484 milites
2617 1432 2778 1500 juxta
2822 1435 3103 1502 ducesque
3159 1435 3426 1490 adversus

1840 1521 1941 1572 hoc
1974 1536 2175 1574 novum
2207 1537 2382 1587 genus
2418 1532 2492 1576 tot
2529 1524 2835 1592 taliumque
2871 1527 3112 1580 hostium
3145 1543 3244 1580 nec
3267 1543 3425 1595 pares

1838 1629 1936 1666 nec
1965 1627 2210 1683 paratos.
2245 1617 2386 1686 Ergo
2416 1619 2469 1672 in
2507 1635 2701 1689 magna
2731 1624 3186 1678 consternatione
3213 1623 3426 1693 inopia-

1838 1724 1944 1775 que
1988 1710 2203 1763 consilii
2245 1711 2448 1780 passim
2506 1714 2775 1778 omnium,
2829 1717 3117 1770 confusum
3168 1717 3427 1770 exaudie-

1840 1799 1997 1850 batur
2031 1816 2278 1853 murmur
2331 1818 2360 1855 e
2412 1803 2589 1855 mistis
2643 1804 2840 1872 partim
2891 1805 3162 1868 flentium,
3221 1807 3421 1875 partim

1837 1894 2209 1959 querentium,
2243 1895 2440 1963 partim
2475 1893 2640 1947 Deum
2670 1895 3007 1950 Salvatorem
3047 1899 3422 1952 invocantium

1841 1986 2102 2050 vocibus;
2161 1997 2396 2054 votaquo
2440 1986 2758 2042 facientium
2815 2000 2872 2042 ut
2924 1991 3119 2044 saltem
3176 1999 3424 2060 Spectare

1841 2083 2046 2126 terram
2095 2073 2341 2128 daretur.
2397 2075 2529 2140 Qua:
2584 2079 2766 2131 omnia
2811 2080 2946 2131 mari
2991 2081 3160 2134 surdo
3203 2082 3425 2134 haurie-

1840 2164 2060 2227 bantur,
2096 2165 2272 2219 nihilo
2309 2167 2592 2222 remissius
2631 2171 2891 2222 sa-viente
2937 2179 3262 2239 tempestate
3298 2189 3311 2225 :
3363 2179 3422 2226 ut

1836 2263 1973 2314 satis
2027 2272 2319 2330 appareret
2379 2261 2650 2316 infensum
2719 2263 2888 2317 Deum
2947 2264 3198 2332 superbis
3257 2275 3424 2333 atque

1838 2354 2153 2406 immodicis
2190 2353 2412 2408 Rnbnrti
2443 2357 2618 2414 ausis.
2653 2356 2755 2409 hac
2811 2357 2863 2407 in
2922 2355 3061 2423 ipsis
3105 2357 3422 2411 carceribus

1837 2447 2142 2499 utlensione
2185 2451 2458 2510 ominosa,
2495 2449 2792 2500 admonere
2823 2448 3068 2500 voluisse
3118 2449 3420 2510 hominem,
3459 2451 3466 2459 '

1839 2552 1904 2588 ne
1930 2539 2097 2589 alium
2139 2554 2304 2606 quam
2337 2539 2626 2591 ruinosutn
2663 2547 2914 2606 speraret
2947 2540 3153 2592 exitum
3195 2541 3421 2607 expedi-

1837 2628 2004 2680 tionis
2064 2629 2352 2697 naufragio
2409 2638 2598 2696 ceptae.
2671 2627 2847 2682 Naves
2911 2645 3043 2697 ergo
3115 2643 3239 2697 pars
3296 2645 3420 2682 eum

1839 2720 2156 2770 vectoribus
2185 2720 2321 2770 mari
2360 2719 2828 2782 absorbebantur,
2860 2735 2987 2788 pars
3023 2720 3423 2788 frangebantur

1841 2812 1994 2862 vadis
2045 2824 2108 2862 ac
2167 2809 2446 2861 littoribus
2479 2811 2632 2863 illisa:
2668 2829 2676 2860 :
2717 2827 2781 2863 ac
2836 2826 2960 2863 cum
3037 2815 3189 2877 largo
3246 2814 3421 2864 imbre

1839 2903 2046 2955 mollita
2108 2902 2197 2953 illa
2249 2917 2369 2969 qua:
2424 2901 2660 2953 diximus
2721 2902 2920 2954 bubula
2971 2903 3160 2966 ceria,
3216 2902 3420 2972 quibus

1840 3008 2017 3048 turres
2051 2996 2243 3064 l:gne:e
2273 2999 2621 3063 tegebantur,
2659 2995 2708 3046 in
2736 2995 2888 3048 laxos
2919 2996 3226 3049 diffluerent
3260 2996 3417 3048 sinus

152 3085 558 3153 σννεπεφέρετο
605 3084 734 3152 περὶ
772 3085 872 3154 τὴν
898 3085 1122 3156 ψάμμον
1170 3089 1541 3158 κατέστρωσε.
1594 3091 1730 3152 Τοὺς

1843 3090 2139 3156 clavesque
2179 3087 2379 3156 quibus
2420 3086 2578 3139 affixa
2621 3088 2766 3155 ligno
2803 3089 3019 3141 fuerant
3061 3089 3175 3140 suis
3227 3087 3422 3141 loculis

187 3173 336 3226 έντοι
365 3175 598 3243 νεκροὺς
621 3175 671 3226 οἱ
704 3177 972 3238 σωθέντες
998 3177 1446 3247 περιστέλλοντες
1472 3178 1730 3243 ἔθαπτον,

151 3264 450 3320 κάντεῦθεν
484 3264 685 3334 πολλῆς
724 3268 818 3336 τῆς
855 3268 920 3318 ἐκ
960 3267 1165 3321 τούτων
1193 3268 1459 3332 δυσωδίας
1521 3270 1731 3340 ἐμπίμς

151 3357 368 3410 πλαντο.
404 3357 486 3409 Οὐ
515 3357 627 3427 γὰρ
657 3359 786 3427 ἐνῆν
808 3359 988 3420 αὐτοῖς
1019 3358 1305 3422 τοσούτους
1339 3361 1535 3428 ῥαδίως
1564 3363 1730 3416 ὲνσω-

150 3451 329 3516 ριάσαι
364 3448 446 3502 ⁵⁹.
477 3449 600 3500 Τῶν
627 3447 720 3502 οὖν
749 3449 1013 3519 ὲδοδίμων
1045 3450 1092 3482 ⁷⁰
1122 3451 1377 3504 ἁπάντων
1405 3453 1732 3520 ἀφανισθέν-

149 3560 268 3606 των,
309 3543 466 3612 τάχα
500 3540 568 3594 ἂν
604 3544 696 3594 καὶ
745 3542 849 3594 ὑπὸ
883 3543 1048 3612 λιμοῦ
1081 3543 1456 3612 διεφθάρησαν
1504 3545 1554 3596 ol.
1593 3545 1734 3607 τέως

152 3635 438 3697 σωθέντες,
492 3634 542 3686 εἰ
593 3635 666 3703 μὴ
702 3637 769 3686 τὰ
801 3636 930 3706 λήῖα
967 3637 1146 3689 πάντα
1182 3637 1276 3689 καὶ
1331 3637 1380 3688 οί
1420 3637 1604 3706 ἀγροὶ,
1638 3639 1733 3692 καὶ

151 3727 195 3775 οἱ
241 3730 421 3796 κῆποι
482 3727 593 3786 τοῖς
646 3727 881 3795 καρποῖς
931 3725 1166 3796 ἕϐριθον.
1225 3727 1433 3778 Συνετά
1487 3726 1588 3796 μὲν
1641 3726 1735 3779 οὖν

150 3819 309 3872 ταῦτα
343 3816 496 3891 ἦσαν
532 3821 644 3880 τοῖς
670 3819 713 3848 ⁷¹
785 3818 1073 3886 φρονοῦσιν
1135 3819 1330 3890 ὀρθῶς,
1379 3819 1470 3872 τὸν
1514 3819 1570 3871 δὲ
1621 3817 1739 3870 Ῥο-

163 3915 409 3980 μπέρτον
433 3910 590 3963 οὐδὲν
625 3911 733 3963 τῶν
761 3911 1062 3978 γεγονότων
1091 3911 1276 3980 ἐφόϐει
1303 3911 1734 3980 ἀκαταπτοήτως

149 4004 336 4072 ἔχοντα
380 4005 479 4056 καὶ
532 4004 611 4065 εἰς
658 4001 932 4064 τοσοῦτον,
985 3997 1160 4070 οἶμαι,
1209 4006 1310 4072 τὴν
1357 4001 1502 4072 ζωὴν
1555 3999 1735 4070 ἐαυτῷ

147 4092 439 4161 διαρκέσαι
498 4090 884 4158 ἐπευχόμενοι),
939 4091 1024 4159 ἐφ’
1049 4093 1174 4144 ὅσον
1230 4092 1364 4160 πρὸς
1417 4091 1509 4154 οὓς
1561 4091 1736 4144 ἐθέλει

151 4183 428 4252 μάχεσθαι
475 4182 698 4234 δύναιτο
737 4182 824 4234 ἄν.
875 4183 1068 4235 Ἔνθεν
1105 4201 1188 4236 τοι
1219 4187 1313 4236 καὶ
1372 4184 1466 4236 τοῦ
1508 4201 1736 4256 προκει-

152 4275 307 4339 μένου
343 4269 559 4323 σκοποῦ
587 4271 741 4323 οὐδὲν
779 4271 821 4300 ⁷¹
853 4273 1114 4342 ἀπεῖρξεν
1146 4275 1331 4326 αὐτόν.
1370 4275 1533 4326 Ἀλλά
1596 4275 1738 4345 μετὰ

150 4366 250 4418 τῶν
306 4365 605 4419 σωθέντων
659 4361 823 4435 (ἦσαν
880 4369 988 4437 γάρ
1041 4382 1186 4430 τινες
1235 4370 1282 4420 ot
1341 4369 1479 4423 Θεοῦ
1538 4372 1736 4443 ἀμάχῳ

149 4458 377 4527 δυνάμει
430 4457 530 4509 τοῦ
561 4457 812 4510 κινδύνου
865 4459 1178 4528 ρυσθέντες)
1230 4461 1467 4534 ἐὸδόμην
1519 4465 1736 4533 ἡμέραν

152 4553 222 4613 εἰς
245 4553 347 4620 τὴν
381 4549 748 4615 Γλαόινίτζαν
784 4551 894 4621 (57)
925 4553 1231 4623 ὲγκαρτερή
1245 4571 1358 4619 σας,
1392 4555 1476 4623 ἐφ’
1501 4549 1546 4624 ᾧ
1576 4556 1738 4609 αὐτὸν

153 4644 609 4708 ἀνακτήσασθαι,
667 4641 1034 4694 διαναπαῦσαι
1092 4643 1147 4696 δὲ
1191 4646 1282 4696 καὶ
1332 4646 1457 4707 τοὺς
1513 4649 1577 4698 ἐκ
1640 4647 1734 4698 τοῦ

153 4737 426 4798 κ’.ύδωνος
457 4735 558 4803 τῆς
590 4734 860 4806 θαλάττης
893 4735 1281 4802 διασωθέντας,
1314 4739 1516 4806 φθάσαι
1556 4739 1610 4792 δὲ
1642 4741 1735 4790 καὶ

149 4830 272 4890 τοὺς
315 4830 400 4890 είς
457 4829 516 4879 τὸ
568 4827 894 4898 Βρεντήσιον
955 4829 1416 4898 καταλειφθέντας
1473 4834 1568 4884 καὶ
1629 4835 1735 4902 μὴν

1840 3180 2126 3244 vellerent,
2179 3179 2305 3231 hinc
2340 3179 2452 3248 jam
2501 3187 2664 3232 vasta:
2729 3181 2898 3246 pelles
2961 3180 3126 3246 largis
3185 3181 3421 3234 sinulms

1839 3287 1970 3324 aura
2004 3280 2292 3338 concc‘pta,
2328 3279 2657 3340 sumptoque
2684 3272 2922 3341 pondere
2955 3271 3116 3324 facile
3147 3283 3322 3325 turres
3362 3271 3415 3325 in

1841 3364 2056 3416 ruinam
2085 3363 2376 3415 trahebant
2405 3378 2420 3414 :
2450 3363 2827 3431 machina-que
2861 3364 3110 3431 ingentes
3143 3373 3258 3414 tum
3289 3378 3420 3415 casu

1837 3462 1970 3526 ipsae
2007 3469 2106 3508 suo
2159 3455 2602 3518 conterebantur,
2658 3461 2773 3506 tum
2836 3469 3001 3506 naves
3051 3454 3195 3506 mole
3251 3465 3418 3521 atque

1838 3551 2046 3620 impetu
2083 3551 2372 3620 depressas
2423 3548 2474 3601 in
2523 3546 2853 3616 profundum
2889 3547 3228 3611 mergebant.
3273 3545 3421 3597 Pra-

1841 3645 1982 3700 toria
2037 3643 2090 3694 in
2143 3657 2250 3710 qua
2283 3639 2555 3693 ltobertus
2591 3640 2708 3705 ipse
2763 3639 2870 3690 dux
2931 3648 3048 3689 erat
3104 3637 3189 3688 vix
3252 3637 3421 3687 multo

1839 3737 2074 3804 denique
2131 3735 2318 3786 labore
2373 3731 2683 3786 semil‘racta
2743 3737 2956 3782 servata
3005 3735 3132 3779 est:
3189 3738 3421 3780 sermne

1839 3845 1936 3898 per
1972 3825 2301 3878 miraculum
2343 3831 2397 3874 ct
2441 3822 2561 3873 aliae
2620 3823 2868 3888 quadam
2914 3820 3200 3869 oneratiaa.
3251 3817 3418 3870 l’ot't'o

1838 3936 1933 3988 per
1961 3918 2141 3969 littora
2173 3912 2480 3966 miserabile
2507 3912 2780 3980 specimen
2807 3909 3080 3970 exstabat,
3117 3909 3417 3975 r-jectOrnm

1839 4011 2010 4064 ﬂuctu
2048 4009 2376 4061 cadaverum
2415 4013 2630 4073 strages
2665 4003 2894 4071 ingens;
2931 4003 3086 4054 zonis
3115 4001 3226 4070 99
3273 4017 3420 4053 tuar-

1841 4103 2125 4171 supiisque
2155 4114 2218 4152 ac
2253 4106 2450 4150 caetero
2492 4097 2858 4148 instrumento
2889 4095 3187 4149 classiariae
3231 4095 3419 4148 multi-

1843 4195 2048 4250 tudinis
2102 4200 2308 4245 temere
2359 4189 2522 4244 simul
2584 4189 2793 4257 ευριπ-οἰδ
2858 4204 2952 4256 per
3007 4202 3252 4243 arenam.
3313 4186 3420 4240 Nec

1842 4288 2011 4356 pietas
2045 4281 2404 4351 superstitum
2432 4288 2686 4346 suscepta
2722 4277 2976 4331 ΐηιίοτιιιιι
3012 4295 3141 4330 cura
3170 4277 3420 4332 sufliCero

1843 4379 2070 4434 libitinae
2131 4386 2398 4444 poterat:
2455 4375 2710 4443 quoniam
2764 4383 2959 4442 praeter
3017 4373 3418 4425 intolerandum

1769 4445 1812 4499 D
1845 4475 2121 4535 faetorem,
2161 4470 2275 4538 ipse
2324 4467 2737 4521 condendorum
2779 4475 2922 4518 terra
2979 4481 3272 4532 corporum
3318 4480 3422 4516 nu-

1848 4580 2030 4618 merus
2059 4579 2274 4616 omnem
2309 4561 2688 4629 scpelientinm
2720 4559 3057 4627 diligentiam
3093 4572 3156 4610 ac
3187 4557 3422 4611 faculta-

1852 4668 1955 4713 tem
1981 4657 2137 4725 longe
2171 4653 2487 4721 superabat.
2514 4652 2648 4704 Cum
2683 4665 2810 4703 vero
2835 4659 3095 4718 praaterea
3132 4657 3422 4702 corneatus

1843 4748 2022 4804 omnis
2063 4753 2358 4813 corruptus
2392 4742 2557 4796 undis
2583 4751 2676 4792 aut
2717 4750 3040 4806 assumptus
3077 4747 3245 4802 esset,
3280 4737 3422 4792 fatne

1845 4843 2182 4910 pereundum
2218 4838 2406 4905 ejectis
2442 4834 2723 4903 naufragis
2764 4833 2965 4896 fuerat,
3018 4832 3147 4894 nisi,
3190 4841 3247 4884 ut
3289 4834 3416 4884 anni

1198 4948 1392 5008 Variae
1417 4949 1722 5012 lectiones
1768 4971 1853 5014 ex
1880 4953 2023 5013 eod.
2060 4949 2328 5011 Coislin.

225 5071 272 5102 “
305 5071 689 5124 ἐθεοκλύτουν.
769 5074 812 5104 ⁸⁷
842 5074 1103 5127 θαλασσα.
1207 5070 1250 5104 ιδ
1286 5075 1663 5128 ἀποπτύουσα.

156 5142 469 5208 γεγονότων
511 5143 685 5198 οὐδέν.

1773 5077 1816 5109 ‘9
1849 5076 2191 5146 ἐνσοριὰσαι.

2294 5075 2337 5104 ⁷ο
2360 5073 2658 5142 ἐδωδίμων.
2759 5072 2801 5103 ⁷⁸
2829 5072 2963 5124 πᾶσι
2999 5071 3149 5134 τοῖς
3241 5073 3284 5102 ⁷³
3311 5071 3420 5125 τῶν

1234 5257 1373 5319 Car.
1415 5255 1743 5320 Dufresnii
1785 5258 1878 5315 Du
1923 5255 2142 5334 Cangii
2184 5263 2369 5316 notae.

226 5359 343 5423 (2)3)
377 5359 561 5424 Θέρος
584 5358 704 5426 ὥρα
737 5354 831 5426 ἦν.
869 5358 997 5412 Vide
1031 5367 1216 5413 notata
1251 5360 1316 5413 ad
1345 5376 1466 5429 pag.
1505 5361 1596 5414 85.

159 5432 348 5551 “’05)
388 5431 471 5494 1'4:
505 5429 582 5496 δή
617 5447 679 5498 γε
709 5431 965 5498 σκάρος.
1028 5431 1348 5484 Gnillelmus
1402 5430 1740 5498 Apuliensis,

181 5517 189 5545 ι
244 5541 254 5549 .
296 5516 342 5551 ιι
382 5520 394 5551 :

228 5591 339 5661 Sed
377 5593 528 5644 ducis
554 5593 734 5645 aestivo
760 5607 1012 5659 perpessa:
1045 5601 1274 5661 tempore
1303 5607 1457 5643 naves

229 5660 624 5731 Naufragium,
650 5664 929 5729 impediere
960 5667 1115 5726 viam,
1149 5659 1370 5731 navique
1391 5659 1661 5727 procellis,

234 5730 304 5782 In
327 5751 426 5800 qua
468 5741 578 5784 dux
601 5734 809 5799 aderat,
865 5734 1247 5787 eeheme..-tibus
1283 5730 1514 5800 undique
1542 5734 1740 5801 fracta,

1925 5357 2017 5409 Vix
2047 5357 2299 5410 evadendi
2326 5358 2431 5424 [uit
2463 5356 2730 5424 impertita
2764 5355 3000 5424 facultas

1923 5448 2037 5516 (.57)
2084 5446 2494 5506 Γλαϐίνίτζῖιν.
2544 5446 2602 5500 1η
2635 5449 2803 5500 veteri
2854 5449 3056 5503 Notitia
3098 5451 3237 5517 apud
3274 5447 3422 5502 Gea-

1848 5536 1991 5581 rum,
2024 5518 2327 5572 Glabtuitza
2367 5521 2496 5570 urbs
2545 5527 2629 5572 est
2674 5521 3024 5587 episcopalis.
3068 5518 3421 5588 Dyrrachina:

1848 5589 2212 5656 metropoleos
2239 5588 2602 5655 sntfraganea,
2639 5591 3041 5642 Acroceraunia
3076 5599 3203 5641 otnn
3239 5589 3409 5642 dicta.

1847 5661 2264 5713 Acroceraunia:
2327 5674 2456 5710 vero
2513 5661 2716 5712 mentio
2773 5669 2858 5711 est
2919 5658 3058 5727 apud
3112 5656 3417 5724 ASthieum,

1847 5730 2110 5784 Antoniu.
2145 5739 2420 5783 auctorem
2452 5727 2586 5782 Itin.
2617 5729 2803 5781 Marit.
2831 5738 2936 5782 etc.
