3946 6206
433 217 533 282 339

1725 216 1948 276 ΑΝΝᾹΞ
1979 215 2010 274 C

2112 217 2356 278 ΙΝΕΝῈ
2766 261 2768 264 μ
3541 241 3628 301 3ία

434 341 580 395 dnlis
635 349 924 405 teneoant,
973 348 1027 396 ct
1086 339 1175 393 alii
1235 337 1474 395 circum.
1540 343 1700 388 antea
1760 333 2003 388 Roberto

2112 331 2201 422 sal.
2229 332 2349 384 δυσῖ
2377 337 2509 406 μησὶ
2538 337 2671 408 πρὸς
2702 338 2792 392 τὸν
2823 339 3019 410 λιμένα
3042 341 3139 412 τῆς
3181 344 3376 417 Ἱεριχὼ
3405 353 3632 422 ηὐτρεπὶ-

434 432 753 505 vectigales,
788 442 974 503 aperte
997 431 1307 486 detrectare
1338 427 1528 481 tributi
1567 425 2002 496 pensitatiouent

435 526 557 582 ausi
593 526 705 596 jam
737 536 886 581 sunt.
923 523 1080 579 Unde
1110 521 1387 577 Robertus
1431 521 1543 575 cito
1582 520 1759 574 sensit
1815 518 2006 588 quanti

437 615 701 670 momenti
730 616 897 669 maris
928 616 1244 684 imperium,
1283 621 1378 667 aut
1407 613 1598 666 saltem
1655 628 1789 666 usus
1842 611 2004 674 liber,

435 707 538 776 ipsi
568 705 797 762 essetad
840 722 1021 761 rerum
1052 721 1276 760 suarum
1313 722 1418 760 non
1446 706 1621 760 solum
1657 704 1876 764 famam.
1911 705 2006 760 sed

435 797 600 850 etiam
630 799 884 861 salutem,
924 812 1356 867 successumque
1381 805 1685 870 ceptorum.
1708 795 2009 852 Constituit

434 903 568 961 ergo
611 901 874 945 renovato
913 890 1122 960 impetu
1169 890 1372 944 bellum
1411 891 1608 944 iterum
1659 898 1802 945 terra
1844 887 2007 944 simul

434 983 686 1052 marique
719 996 955 1036 movere.
990 979 1107 1036 Non
1135 990 1316 1035 tamen
1346 980 1516 1034 altum
1548 980 1732 1034 statim
1781 977 1956 1032 tenuit
1988 994 2004 1031 :

434 1075 694 1145 quoniam
730 1075 820 1146 qui
856 1084 984 1130 tunc
1011 1091 1163 1130 mare
1192 1075 1449 1130 tenebant
1469 1073 1613 1128 venti
1635 1073 2006 1138 vehementes,

435 1170 700 1222 memoria
738 1169 819 1223 illi
856 1167 1166 1223 refricanda
1196 1167 1466 1235 naufragii
1508 1167 1794 1234 przeteriti,
1832 1162 2005 1219 futuri

438 1260 668 1316 alterius
713 1273 912 1314 metum
948 1260 1319 1314 incusserant.
1353 1259 1571 1314 Duobus
1599 1260 1765 1331 igitur
1799 1259 2008 1314 mensi-

437 1355 538 1405 bus
558 1363 714 1422 portu
740 1368 800 1408 se
829 1351 1102 1405 continuit
1133 1351 1283 1405 urbis
1303 1349 1543 1415 Jerirbo,
1569 1366 1761 1421 magna
1791 1351 2006 1407 interim
2047 1413 2050 1416 ,

436 1460 568 1500 cura
629 1461 693 1498 ae
751 1445 1031 1515 diligentia
1079 1458 1140 1498 se
1186 1459 1512 1513 comparans
1565 1444 1630 1498 ad
1685 1444 1906 1508 bellum,
1951 1454 2008 1499 ut

437 1537 572 1598 dixi,
600 1537 870 1591 maritima
895 1536 1230 1605 conjunctim
1265 1537 1622 1606 terrestrique
1647 1535 2011 1606 impressione

437 1631 882 1686 instaurandum.
906 1631 1090 1684 Nihilo
1123 1645 1254 1682 vero
1288 1630 1510 1699 segnius
1540 1629 1892 1685 remissinsve
1915 1645 2013 1699 per

437 1726 489 1778 id
554 1732 769 1792 tempus
814 1721 1036 1777 Venetae
1077 1721 1446 1790 Romanaeque
1504 1723 1711 1778 classes
1768 1727 2010 1776 claustra

440 1818 611 1872 maris
646 1819 995 1878 obtinebant,
1028 1815 1287 1870 transitui
1327 1815 1608 1870 hostilium
1660 1816 1878 1870 navium
1930 1817 2012 1870 in-

439 1917 607 1962 tenta:
667 1905 1011 1976 prohibendo
1056 1924 1069 1961 :
1125 1919 1266 1974 quae,
1313 1914 1372 1959 ut
1421 1905 1718 1973 primulum
1779 1907 2010 1963 remissa

408 2044 409 2047 η
439 2009 762 2069 tempestate
794 2001 1011 2069 patiens
1046 1997 1416 2068 navigationis
1445 2012 1634 2066 aquor
1683 2014 1806 2053 esse
1855 2013 2015 2067 cepe-

436 2105 545 2160 rat,
573 2110 640 2150 ex
672 2093 821 2148 Italia
841 2092 1204 2147 transfretare
1231 2090 1294 2142 ad
1321 2088 1619 2142 Robertum
1641 2091 2010 2145 conabantur:

437 2185 533 2242 sed
566 2202 662 2254 per
713 2185 1030 2240 obsidentes
1082 2182 1265 2236 littora
1314 2191 1555 2246 nostros,
1599 2183 1824 2236 minime
1860 2193 2011 2251 pote-

435 2286 580 2332 rant.
607 2277 749 2343 Quin
780 2291 881 2329 nec
903 2284 1046 2328 terra
1073 2273 1450 2330 frumentatio.
1476 2274 1770 2344 eartcriqne
1788 2285 2012 2328 vectura

439 2377 808 2431 commeatus,
843 2365 1021 2421 faellis
1058 2365 1297 2420 lloberto
1324 2374 1460 2430 erat,
1499 2367 1657 2434 cujus
1686 2375 1865 2421 castra
1900 2383 2014 2422 ute-

436 2467 550 2513 tata
581 2457 648 2512 ad
672 2458 892 2512 buleem
925 2457 1172 2521 tlnvium,
1206 2458 1492 2527 impositos
1521 2459 1678 2527 quasi
1707 2461 2013 2516 cervicibus

439 2550 791 2620 patiebantur
849 2549 1227 2619 prtesidiarlos
1275 2548 1731 2619 Dyrracbienses.
1771 2551 2013 2608 assiduis

438 2643 821 2714 eruptionibus
849 2658 944 2698 eos
967 2642 1306 2697 incessentes
1327 2642 1420 2711 qui
1455 2642 1822 2698 frumentandi
1853 2645 2014 2714 108

438 2745 534 2790 aut
559 2751 693 2791 usus
724 2735 919 2790 similis
949 2735 1179 2789 alterius
1227 2734 1606 2802 cujuscunque
1653 2735 1827 2803 gratia
1869 2737 2011 2788 ultra

435 2828 640 2882 vallum
673 2827 894 2897 prodire
921 2827 1208 2881 auderent.
1237 2826 1369 2880 lude
1391 2825 1564 2881 fames
1595 2826 1830 2896 primum
1860 2841 2014 2880 exer-

436 2939 564 2980 cere
614 2924 798 2992 ipsos;
853 2922 1052 2977 deinde
1113 2919 1280 2974 etiam
1349 2919 1417 2973 ab
1478 2919 1831 2973 insnetudine
1887 2919 2010 2974 ωειὶ

436 3015 645 3070 morbis
675 3012 1175 3077 crebrescentibus,
1207 3013 1532 3082 pestilentia»
1559 3021 1705 3066 tanta
1737 3013 1818 3066 vis
1848 3026 2013 3066 exar-

435 3109 530 3171 sit,
565 3115 625 3162 ut
655 3122 717 3163 ea
765 3107 942 3161 tribus
981 3105 1262 3160 mensibus
1299 3103 1460 3158 facile
1509 3102 1791 3158 hominum
1823 3104 2010 3158 decem

437 3201 606 3257 millia
643 3200 863 3256 dicatur
911 3199 1308 3268 absumpsisse.
1348 3198 1415 3252 Et
1448 3199 1708 3265 quoniam
1744 3197 1796 3251 in
1855 3196 2012 3266 equi-

437 3305 607 3348 tatum
673 3292 963 3363 praecipue
1040 3291 1492 3348 florentissimum
1553 3290 1779 3347 Roberti
1841 3292 2012 3362 pestis

435 3387 756 3442 incubuisse
806 3387 921 3440 visa
972 3394 1055 3441 est
1087 3387 1289 3454 impetu
1341 3385 1593 3448 saviari,
1665 3401 1785 3440 eam
1853 3387 2011 3455 plane

435 3481 718 3550 copiarum
785 3479 905 3548 ejus
981 3487 1189 3547 partem
1257 3477 1608 3533 lectissimam
1662 3479 2011 3534 deformavit

437 3573 700 3630 miserum
755 3572 808 3625 in
867 3571 1113 3634 modum,
1158 3569 1204 3624 sl
1246 3586 1354 3624 non
1402 3572 1621 3640 penitus
1667 3570 1730 3624 ad
1775 3573 2008 3626 nihilum

432 3667 666 3738 redegit.
698 3666 936 3721 Constat
975 3665 1176 3735 quippe
1211 3679 1274 3720 ex
1306 3663 1605 3719 comitibus
1637 3665 1769 3734 ipsis
1805 3681 1867 3720 ac
1893 3682 2009 3720 ra:-

435 3761 569 3815 teris
603 3759 950 3829 magnatibus
974 3758 1256 3812 nobilitate
1279 3772 1342 3811 ac
1366 3757 1679 3811 fortitudine
1700 3759 2008 3828 insignibus

434 3853 588 3915 viris,
622 3854 715 3922 qui
756 3851 900 3907 istud
943 3852 1150 3906 militia:
1179 3865 1384 3921 corpus
1423 3849 1754 3914 conﬂabant,
1802 3853 2012 3906 exstin-

432 3953 551 3998 ctos
603 3959 749 4008 esse,
810 3958 916 4012 qua
973 3942 1082 4006 lue,
1128 3957 1236 4011 qua
1296 3942 1461 4006 fame,
1509 3944 1574 3997 ad
1634 3945 2007 4014 quingentos;

431 4035 648 4101 equites
696 4044 879 4088 autem
935 4035 1169 4087 fortuna:
1222 4031 1553 4096 butnilioris,
1611 4037 1703 4104 qui
1758 4037 2008 4092 similiter

2111 421 2255 489 ζετο,
2287 425 2608 498 βουλόμενος
2633 431 2741 484 ἀπό
2771 449 2828 484 τε
2858 433 2956 504 τῆς
2989 432 3248 506 Θαλάττης
3281 442 3369 492 καὶ
3393 442 3480 511 τῆς
3501 421 3635 514 ἡπεί.

2113 532 2206 584 ρου
2256 519 2548 588 μάχεσθαι,
2589 523 2684 576 καὶ
2729 523 2796 577 τὰ
2836 525 2934 595 τῆς
2975 525 3155 596 μάχης
3188 527 3454 600 ἐξήρτυεν.
3505 535 3554 587 ὐ
3588 538 3635 591 δὲ

2112 610 2295 673 στόλος
2317 612 2344 664 ὃ
2360 629 2418 665 τε
2445 613 2493 644 ⁹⁹
2520 613 2802 679 Βενετικδς
2829 616 2922 668 καὶ
2941 619 2968 670 ό
3001 618 3323 688 Ῥωμαϊκὸς,
3344 621 3413 685 ὡς
3437 625 3540 676 ἐνὸν
3561 626 3638 680 τὶν

2110 703 2356 773 πορθμὸν
2385 705 2589 774 ἐτήρει,
2620 709 2715 761 καὶ
2755 709 2994 779 ὁπηνίκα
3022 709 3214 781 μικρὸν
3235 713 3267 782 ἡ
3290 712 3517 767 θάλασσα
3543 719 3638 779 τοῖς

2112 793 2456 867 βουλομένοις
2479 799 2632 852 πλεῖν
2655 799 2798 855 νῶτα
2827 801 3042 871 ὑπεῖχε,
3068 801 3189 864 τοὺς
3208 802 3408 855 ἐκεῖθεν
3431 803 3640 872 apo;er

2123 887 2460 963 Ῥομπέρτον
2491 892 2900 968 ἐπιχειροῦντας
2921 895 3208 966 διαπερᾷν.
3251 897 3492 969 Ἀπεῖργε
3528 899 3578 953 δὲ
3599 902 3640 964 ‘,

2109 982 2220 1036 οὐδ’
2254 984 2364 1038 άπὸ
2411 986 2512 1053 τῆς
2548 986 2776 1057 ἠπείρου
2829 986 3028 1060 ῥᾳδίως
3061 989 3186 1058 ἐνῆν
3225 989 3295 1043 τά
3329 991 3456 1060 πρὸς
3483 991 3647 1060 χρείαν

2111 1075 2455 1146 κομίζεσθαι,
2488 1079 2617 1150 περὶ
2645 1083 2666 1112 ³
2695 1080 2786 1133 τὸν
2812 1081 3026 1133 Γλυκὺν
3054 1081 3293 1150 ποταμὸν
3309 1082 3649 1152 αὐλιζομένοις

2112 1165 2316 1228 αὐτοῖς,
2346 1166 2454 1218 τῶν
2484 1169 2547 1220 ἐκ
2564 1167 2659 1221 τοῦ
2681 1169 2983 1239 Δυρῤαχίου
3007 1171 3375 1240 άπειργόντων
3395 1172 3483 1241 τῆς
3507 1189 3648 1241 χορτ-

2109 1256 2357 1324 αγωγίας
2392 1259 2584 1328 χάριν,
2645 1260 2678 1330 ἢ
2720 1262 3060 1332 συγκομιδῆς
3096 1263 3288 1333 ἑτέρας
3319 1263 3542 1328 ἐξιόντας
3571 1267 3654 1332 τῆς

2112 1347 2208 1401 τοῦ
2256 1351 2597 1422 Ῥομπέρτου
2632 1355 2923 1424 ταφρείας,
2963 1353 3255 1425 λιμώττειν
3285 1355 3522 1408 ἐντεῦθεν
3551 1355 3656 1407 τού-

2112 1459 2227 1506 τοις
2257 1444 2577 1499 συνέϐαινεν
2638 1445 2776 1500 ἀλλὰ
2805 1449 2898 1501 καὶ
2929 1446 2988 1501 τὸ
3014 1447 3182 1518 ἄηθες
3210 1447 3301 1500 τοῦ
3326 1447 3484 1500 τόπου
3508 1448 3656 1515 μεγά-

2112 1533 2220 1596 λως
2240 1535 2437 1598 αὐτοὺς
2455 1537 2793 1607 ἐλυμαίνετο.
2817 1539 2914 1592 Διὰ
2934 1539 3292 1610 παραδρομῆς
3309 1538 3478 1590 τοίνυν
3498 1537 3657 1608 μηνῶν

2115 1627 2282 1697 τριῶν
2312 1629 2408 1696 (ὡς
2434 1629 2676 1697 λέγεται)
2715 1630 2892 1702 φθορὰ
2925 1632 3145 1699 γέγονεν
3176 1631 3381 1701 ἀνδρῶν
3399 1633 3474 1693 είς
3508 1630 3660 1700 χιλιά-

2114 1718 2207 1772 δας
2251 1719 2382 1774 δέκα
2424 1723 2889 1792 συμποσουμένων
2922 1725 2964 1779 ³.
3007 1723 3070 1776 Ἦ
3116 1723 3175 1777 δὲ
3222 1723 3372 1786 νόσος
3414 1721 3542 1789 αὕτη
3581 1721 3662 1774 καὶ

2114 1810 2213 1872 τὰς
2245 1809 2381 1881 μετὰ
2415 1810 2510 1864 τοῦ
2543 1811 2881 1884 Ῥομπέρτου
2913 1813 3144 1877 ἱππικὰς
3176 1814 3430 1881 δυνάμεις
3453 1810 3661 1864 καταλα-

2117 1901 2307 1968 ϐοῦσα,
2333 1903 2561 1967 πολλοὺς
2582 1905 2908 1975 διέφθειρεν.
2953 1905 3086 1961 Ἀπὸ
3109 1907 3213 1974 μὲν
3233 1905 3337 1976 γάρ
3361 1906 3460 1957 τῶν
3480 1903 3661 1956 ἱππέων

2115 1995 2356 2066 κόμητες
2395 1998 2491 2048 καὶ
2522 1996 2747 2063 λογάδες
2772 1994 3144 2066 ἀλκιμώτατοι
3172 1996 3364 2065 ἄνδρες
3400 1995 3547 2065 μέχρι
3571 1995 3662 2045 τῶν

2116 2088 2489 2141 πεντακοσίων
2518 2088 2672 2141 νόσου
2697 2089 2790 2141 καὶ
2816 2088 2975 2158 λιμοῦ
3005 2088 3386 2158 παρανάλωμα
3414 2087 3659 2154 γεγόνασι,

2116 2180 2215 2248 τῆς
2263 2180 2321 2232 δὲ
2357 2180 2794 2253 χθαμαλωτέρας
2845 2180 3018 2251 τύχης
3077 2181 3267 2243 ίππετς
3311 2178 3658 2248 ἀναρίθμητοι.

2116 2271 2236 2324 Τῶν
2257 2273 2316 2324 δὲ
2346 2271 2548 2324 πλοίων
2569 2271 2734 2326 αὑτοῦ
2762 2274 2842 2336 είς
2868 2273 2959 2328 τὸν
2983 2274 3197 2327 Γλυκὺν
3228 2276 3248 2303 ⁸
3273 2270 3664 2340 ινορμισθέντων

2116 2363 2381 2434 ποταμὸν,
2433 2363 2509 2426 ὡς
2545 2364 2784 2435 εἴρηται,
2830 2364 3022 2418 τούτου
3058 2363 3414 2433 ὁλιγωθὲντος
3453 2362 3534 2414 διὰ
3583 2359 3664 2428 τὴν

2114 2455 2368 2524 ἀνυδρίαν
2401 2455 2501 2526 ἤδη
2551 2457 2689 2526 μετὰ
2729 2457 2820 2509 τὸν
2859 2457 3104 2529 χειμῶνα
3145 2459 3248 2511 xal.
3282 2455 3342 2508 τδ
3382 2450 3663 2520 ἒπιγεγονδς

2116 2547 2214 2616 ἔαρ
2244 2547 2340 2600 τοῦ
2386 2549 2578 2618 θέρους
2601 2549 2934 2620 θερμότερον
2979 2549 3390 2609 ἐπιϐάλλοντος,
3436 2546 3522 2598 καὶ
3563 2538 3664 2612 μηδ’

2114 2641 2312 2694 ὁπόσον
2347 2642 2468 2704 ταῖς
2489 2642 2510 2673 ³
2559 2641 2858 2713 χαράδραις
2892 2642 3050 2694 είωθε
3070 2643 3370 2713 καταρρεῖν
3393 2637 3525 2705 ὕδωρ
3542 2636 3668 2703 ἔχον-

2115 2750 2229 2797 τος,
2261 2733 2318 2786 ὲν
2354 2735 2638 2806 ἀμηχανίᾳ
2670 2730 2759 2806 ἦν,
2803 2735 2878 2805 μὴ
2917 2734 3222 2804 δυνάμενος
3250 2729 3404 2795 αὖθις
3440 2729 3569 2784 αὑτὰ
3599 2725 3667 2788 εἰς

2115 2829 2217 2899 τὴν
2249 2827 2527 2882 Θάλασσαν
2557 2827 2806 2882 ὲλκῦσαι.
2850 2828 2989 2879 Ἀλλ’
3021 2821 3109 2880 οἷα
3145 2844 3224 2896 μη
3237 2823 3586 2896 χανικώτατος
3609 2817 3672 2870 ὣν

2116 2923 2211 2976 καὶ
2262 2921 2523 2992 βαθύνους
2545 2921 2706 2993 ἀνὴρ,
2751 2920 3061 2982 πασσάλους
3105 2918 3452 2985 ἑκατέρωθεν
3489 2911 3676 2966 ἐκέλευε

2039 3021 2083 3080 C
2117 3016 2428 3084 πήγνυσθαι
2453 3015 2548 3069 τοῦ
2579 3011 2847 3084 ποταμοῦ,
2885 3012 3242 3067 συνδεδέσθαι
3279 3010 3336 3064 δὲ
3368 3007 3576 3068 τούτους
3603 3004 3674 3056 διὰ

2119 3109 2300 3176 λύγων
2335 3107 2592 3174 πυκνῶν,
2626 3106 2747 3160 εἶτα
2777 3105 2970 3176 δένδρα
3025 3102 3370 3173 παμμεγέθη
3403 3099 3674 3156 κόπτοντας

2121 3201 2336 3272 ῥιζόθεν
2365 3199 2588 3253 ὄπισθεν
2609 3199 2790 3253 αὐτῶν
2819 3197 3303 3265 καταστρωννύειν
3330 3194 3548 3265 ψάμμον
3569 3190 3672 3241 ἑπι-

2118 3294 2417 3355 πάττοντας
2442 3293 2670 3355 ἄνωθεν,
2699 3292 2774 3353 ὡς
2801 3291 2880 3352 είς
2912 3290 3007 3343 ἕνα
3037 3289 3098 3342 τὸ
3136 3289 3291 3359 ὕδωρ
3333 3281 3674 3340 συλλείδεσθαι

2115 3384 2280 3438 τόπον
2298 3385 2338 3449 ⁸,
2357 3383 2545 3454 ὥσπερ
2562 3384 2641 3447 είς
2661 3382 2902 3451 διώρυχα
2925 3381 3053 3451 μίαν
3070 3379 3167 3450 τὴν
3188 3381 3259 3433 ιχ
3279 3379 3388 3432 τῶν
3408 3373 3672 3429 πασσάλων

2115 3479 2406 3546 γεγονυῖαν
2434 3475 2938 3545 συναθροιζόμενον.
2979 3474 3089 3526 Καὶ
3119 3471 3270 3526 κατὰ
3301 3469 3491 3542 μικρὸν
3511 3464 3672 3520 ἀναλι-

2122 3570 2324 3642 μνάζον
2359 3568 2420 3622 τὺ
2454 3567 2621 3638 ὕδωρ,
2663 3567 2762 3637 τὴν
2803 3567 3046 3636 κρηπῖδα
3087 3567 3280 3620 πᾶσαν
3319 3563 3550 3633 ἐπλήρου
3591 3555 3671 3609 τοῦ

2115 3659 2386 3730 ποταμοῦ,
2416 3659 2509 3713 καὶ
2552 3660 2632 3721 είς
2663 3657 2826 3730 βάθος
2868 3657 3145 3724 ἀξιόλογον
3186 3658 3413 3726 ἦρχετο,
3442 3654 3544 3714 ἕως
3582 3648 3668 3710 τὰς

2115 3755 2246 3820 ναῦς
2275 3754 2596 3820 άνεκούφισε
2627 3753 2721 3804 καὶ
2749 3753 2846 3814 τὰς
2875 3750 3009 3809 τέως
3039 3751 3440 3820 ἑρηρεισμένας
3469 3745 3592 3813 νῆας
3619 3743 3675 3808 τῇ

2117 3852 2186 3920 γῇ
2232 3847 2423 3918 ἀνέσχε
2463 3863 2521 3899 τε
2561 3846 2654 3899 καὶ
2686 3843 2992 3912 άκρόπλους
3033 3842 3284 3913 ἐποίησε,
3340 3840 3443 3892 Καὶ
3479 3839 3533 3890 τὸ
3581 3834 3672 3886 ἀπὸ

2116 3942 2270 3998 τοῦδε
2299 3941 2552 4001 εὐπλοϊας
2580 3936 2981 4009 ιπιδραξάμενα
3005 3935 3073 3989 τὰ
3103 3935 3289 3998 πλοῖα,
3311 3932 3539 3992 εὐκόλως
3560 3925 3678 3996 πρὸς

2117 4039 2217 4107 τὴν
2240 4035 2515 4089 θάλασσαν
2538 4030 2919 4100 είλκύσθησαν.

433 4125 716 4192 perierint,
754 4141 1044 4178 numerum
1086 4123 1211 4176 iniri
1249 4124 1358 4188 prae
1431 4126 1788 4180 multitudine
1855 4145 1960 4183 non
2031 4133 2297 4202 potuisse.
2337 4127 2606 4192 Quoniam
2654 4139 2817 4189 vero,
2870 4131 2929 4176 ut
2970 4121 3172 4175 dictum
3223 4127 3341 4186 est,
3420 4117 3679 4172 subductae

433 4232 601 4270 naves
634 4216 846 4270 fuerant
877 4216 1170 4269 iualveum
1209 4215 1392 4270 Dulcis
1447 4215 1624 4280 fluvii,
1659 4218 1891 4289 contigit
1952 4232 2010 4276 ut
2087 4240 2215 4279 cum
2286 4236 2379 4274 eas
2430 4218 2556 4271 inde
2607 4218 2838 4272 educere
2889 4215 3148 4284 Oportuit,
3207 4226 3359 4269 tanta
3415 4219 3678 4281 urgeretur

432 4315 682 4371 siccitate
719 4313 769 4366 id
827 4311 1048 4373 flumen.
1100 4323 1159 4368 ut
1209 4314 1504 4384 squallenti
1567 4316 1816 4386 voragini
1873 4319 2012 4372 aridi
2057 4318 2341 4382 torrentis,
2412 4332 2574 4387 quam
2633 4315 2784 4369 alveo
2818 4312 3075 4383 perennis
3153 4314 3336 4367 amnis
3389 4317 3535 4364 essnt
3580 4316 3678 4358 tum

432 4407 654 4480 quidem
682 4406 940 4474 similius,
1001 4423 1062 4462 ac
1095 4423 1162 4462 ne
1205 4416 1415 4462 tantum
1452 4409 1673 4480 quidem
1710 4429 1868 4484 aqua:
1950 4417 2177 4472 haberet
2223 4426 2488 4486 quantum
2539 4413 2594 4468 in
2659 4410 2940 4480 plerisque
3005 4405 3349 4462 torrentibus
3427 4401 3676 4466 cernitur.

431 4508 782 4566 lucommoda
811 4521 945 4562 sane
977 4521 1064 4560 res
1092 4505 1345 4562 consiliis
1377 4505 1599 4564 Roberti
1633 4511 1894 4577 classem,
1944 4525 2002 4568 ut
2043 4512 2306 4571 diximus,
2328 4509 2463 4562 mari
2491 4507 2714 4562 reddere
2746 4505 3020 4574 parantis;
3058 4511 3113 4557 at
3144 4517 3313 4555 naves
3380 4504 3680 4565 intercepta:

427 4605 591 4670 vado,
621 4603 766 4658 trudi
803 4604 1048 4658 secundo
1085 4599 1309 4655 flumine
1358 4601 1413 4656 in
1467 4618 1617 4658 mare
1669 4609 1988 4676 nequibant.
2037 4606 2142 4662 Sed
2179 4605 2650 4661 bomoindnstriac
2677 4603 2940 4664 mirificos,
2968 4599 3296 4667 fecundique
3361 4597 3428 4651 ad
3489 4593 3670 4648 artium

430 4698 887 4770 excogitationem
939 4698 1200 4769 pectoris,
1247 4695 1388 4752 viam
1484 4697 1641 4755 inivit
1702 4700 1824 4771 ejus
1877 4701 2232 4774 expediendae
2299 4697 2641 4754 difﬁcultatis
2691 4698 2856 4752 talem
2905 4695 3222 4766 quamdam.

3307 4693 3370 4746 lu
3462 4687 3681 4745 maxime

433 4793 627 4847 declivi
658 4807 724 4848 ac
752 4793 987 4850 demissa
1007 4801 1158 4860 parte
1187 4790 1324 4845 alvei
1358 4790 1464 4860 iam
1492 4793 1645 4857 sicci,
1723 4793 1813 4864 figi
1859 4796 2114 4864 utrinque
2147 4793 2374 4864 paxillus
2405 4791 2458 4846 in
2544 4805 2767 4844 arenam
2851 4787 3019 4856 jussit
3089 4785 3324 4840 invicem
3389 4779 3677 4852 oppositos.

433 4883 696 4938 continua
727 4883 782 4936 in
814 4883 1038 4954 longum
1073 4884 1254 4946 serie;
1331 4892 1561 4953 tumque
1631 4900 1756 4939 cum
1819 4886 1922 4941 sibi
1961 4887 2172 4942 utrovis
2203 4902 2266 4940 ex
2302 4884 2469 4940 latere
2501 4882 2780 4954 contigue,
2813 4880 3078 4933 viminum
3134 4877 3508 4946 implicatione
3573 4869 3681 4939 plu-

435 4977 572 5036 rima
633 4991 794 5045 quam
844 4979 1155 5032 arctissime
1208 4977 1428 5036 vinciri.
1466 4977 1681 5036 Vallum
1715 4982 1795 5036 sic
1843 4984 2009 5036 fixum
2054 4981 2298 5037 roborari
2334 4979 2505 5033 voluit
2536 4995 2566 5032 ιι
2604 4989 2756 5047 parte
2804 4976 3061 5031 exteriori
3096 4975 3243 5045 ripas
3313 4986 3530 5031 versus,
3591 4978 3679 5030 att-

434 5067 638 5139 plicitis
666 5067 720 5119 in
753 5067 977 5134 longum
1032 5069 1348 5138 ingentibus
1395 5071 1710 5137 arboribus,
1763 5075 1830 5128 ad
1873 5091 1992 5129 eam
2036 5090 2151 5129 rem
2211 5073 2475 5128 radicitus
2530 5071 2760 5126 avulsis.
2799 5069 2975 5136 Supra
3054 5082 3150 5122 eas
3222 5061 3544 5135 exaggerari
3588 5071 3675 5110 sn-

375 5213 389 5224 ,
439 5161 668 5229 bigique
699 5173 763 5212 ac
795 5159 1026 5226 appriml
1063 5161 1233 5214 multa
1265 5163 1318 5215 vi
1382 5177 1604 5216 arenam
1661 5167 1932 5235 imperat,
2009 5167 2244 5222 latentes
2294 5166 2464 5220 rimas
2513 5179 2705 5218 omnes
2763 5160 3126 5230 cxplctnram.
3187 5156 3330 5212 intra
3412 5155 3557 5210 hunc
3605 5147 3677 5201 sic

345 5267 374 5284 ··
438 5258 789 5323 angustatum
832 5249 1022 5321 sicque
1053 5252 1323 5309 directqu
1355 5257 1864 5324 alveolum,o;nnes
1897 5258 2009 5329 jam
2055 5259 2316 5329 reliquias
2372 5257 2676 5312 :estivantis
2725 5253 2900 5318 ﬂuvii,
2940 5269 3005 5308 ac
3053 5260 3169 5307 toto
3214 5263 3443 5319 sparsas

3533 5249 3678 5298 vasto

1471 5413 1672 5478 Varize
1702 5417 2010 5480 lectiones
2041 5435 2120 5482 ex
2160 5419 2300 5480 cod.
2334 5415 2602 5478 Coislin.

503 5542 552 5612 γ’
575 5542 624 5595 6.
698 5539 718 5612 γ’
750 5536 1017 5612 διἀπερᾷν
1046 5537 1330 5612 ἀπεῖργεν.
1353 5539 1526 5612 ᾡςίδέ.
1601 5543 1622 5572 ²
1653 5541 1816 5612 πρός.
1895 5543 1916 5578 ³
1945 5541 2319 5612 ποσουμένων.
2393 5541 2416 5573 ⁸
2443 5540 2697 5612 Γλυκήνε
2748 5538 2817 5612 ‘f'
2845 5537 3061 5612 Desunt
3093 5549 3250 5612 voces
3284 5530 3423 5612 μετὰ
3449 5527 3543 5612 sev
3575 5539 3682 5612 χξξς

439 5609 594 5682 μῶνα
627 5608 1143 5682 καὶίτδὲπιγὲγονδς
1174 5609 1276 5682 ἔαρ
1297 5611 1614 5682 τοῦθέρους
1645 5608 1978 5682 θερμότερον
2009 5608 2409 5682 ἐπιϐάλλοντος.
2444 5613 2539 5682 καὶ

2578 5605 2701 5680 μηδ’
2734 5610 2954 5680 νίόπόσον
2973 5610 3115 5680 ταῖςἑ
3192 5676 3207 5680 _
3228 5607 3250 5637 ⁸
3286 5605 3496 5680 Desunt
3529 5605 3680 5649 voces

438 5671 660 5732 ὄπισθεν
683 5681 864 5736 αὐτῶν
893 5671 1360 5752 καταστρωννῦειν
1381 5671 1610 5753 ψάμμον
1639 5671 2037 5746 ἐπιπάττοντας
2065 5679 2270 5735 ἄνωθεν
2288 5671 2473 5745 ῶςίεὲς
2496 5671 2592 5737 ἓνά
2627 5671 2687 5733 τὸ
2726 5679 2870 5750 ὕδωρ
2904 5676 3277 5730 συλλείϐεσοαι
3305 5671 3497 5725 τόπον.
