3946 6206
595 307 702 372 355

1869 296 2093 365 ΑΝΝΑΞ
2126 302 2177 362 Ct

2285 301 2513 363 NEN/E
3674 307 3755 376 35b

597 434 753 474 usum
784 418 1038 489 oportebit
1083 431 1531 487 unumquemque,
1577 414 1701 486 quid
1744 414 1843 470 sibi
1892 417 2061 471 reniat
2110 418 2163 471 in
2204 424 2424 469 mentem
2458 414 2621 469 libere
2646 412 2947 483 sincereque
2972 427 3268 481 proponere.
3300 404 3476 470 Deinde
3533 431 3630 471 vero
3684 422 3759 474 de-

600 510 908 565 liberatione
932 505 1184 563 conclusa'
1213 506 1525 560 sententiam
1561 521 1675 576 qua:
1747 506 2102 573 prteoaluerit,
2167 506 2235 559 ad
2275 506 2509 560 ductoris
2566 505 2871 569 arbitrium,
2916 506 3029 559 sine
3082 506 3191 561 ulla
3233 506 3530 561 dubitatione
3575 515 3760 579 essequi-

601 602 749 673 Agite
776 617 917 671 ergo,
942 603 1011 654 ile
1032 599 1092 673 _in
1114 598 1594 669 suﬂ'ragia,eligite
1618 612 1970 667 quemcunque
1997 596 2281 650 utilissime
2329 596 2685 664 praefuturum
2729 595 3100 648 autumabitis.
3186 594 3263 649 En
3318 611 3402 663 ego
3457 614 3559 651 eum
3619 617 3766 668 agitor

603 669 719 749 eain
744 669 1046 764 quicunque.
1063 695 1187 759 erit;
1206 704 1253 747 et
1278 693 1534 763 quidquid
1596 690 1976 760 pra'scripseril
2034 690 2254 759 faciam.
2292 689 2523 745 Probata
2555 700 2637 745 est
2674 705 2866 759 magno
2893 689 3221 744 audientium
3254 706 3466 746 assensu
3493 700 3590 745 tum
3615 695 3766 748 cratim

606 800 722 844 tum
770 789 1036 844 modestia
1118 788 1369 843 ltoberti.

1448 786 1709 855 DatiSque
1758 787 1999 841 sortibus
2047 801 2260 841 summa
2303 787 2665 841 consensione
2697 786 2941 841 omnium
2972 786 3177 842 electus
3207 786 3259 839 in
3290 787 3468 841 duorm
3498 803 3771 857 supremum,

608 888 1035 956 prazpositusque
1065 882 1277 938 cunctis
1304 881 1445 936 idem
1481 882 1568 936 ille
1607 890 1710 937 est.
1753 882 1820 934 At
1859 882 1903 934 is
1933 880 2171 934 delatum
2210 881 2471 935 honorem
2528 881 2725 934 callida
2777 879 3125 935 simulatione
3204 892 3445 935 recusare
3516 882 3770 947 videbatur,

604 982 685 1034 sic
730 980 908 1034 studia
941 978 1041 1032 sibi
1083 976 1375 1033 faventium
1410 978 1581 1048 magis
1614 978 1919 1031 accendens
1952 994 1964 1029 :
2010 975 2171 1047 114
2214 988 2268 1032 et
2300 993 2459 1047 quem
2496 986 2643 1030 tanta
2676 977 3140 1030 fraudulenlarum
3178 975 3369 1029 artium
3438 976 3565 1029 serie
3616 977 3775 1041 primi

605 1086 787 1146 patum
822 1076 1114 1139 ambiebat,
1156 1088 1306 1128 nunc
1378 1074 1485 1128 ista
1551 1072 1719 1127 oblati
1793 1072 2172 1140 repndiatione
2247 1072 2436 1126 fucosa
2494 1071 2727 1125 validius
2780 1084 3044 1139 prensans
3095 1069 3396 1138 certiusque
3446 1068 3539 1122 sibi
3586 1070 3778 1128 ﬁrmans.

606 1171 745 1241 Ergo
779 1166 870 1223 ubi
908 1169 1105 1223 omitas
1157 1167 1480 1223 veteratorie
1536 1165 1825 1236 praetexuit
1881 1162 2183 1232 refugiendi
2225 1164 2424 1217 summi
2464 1163 2564 1217 ioci
2596 1177 2822 1228 causas,
2866 1177 3004 1231 quas
3041 1176 3104 1215 eo
3142 1162 3320 1214 animo
3383 1174 3539 1227 eoque
3599 1162 3780 1214 artiticio

606 1265 942 1334 proponebat
982 1276 1174 1315 omnes
1219 1266 1277 1313 ut
1312 1259 1474 1329 plane
1510 1257 1847 1311 contrarium
1883 1255 2274 1322 persuaderent
2303 1273 2316 1309 :
2343 1255 2562 1310 tandem
2588 1264 2644 1309 ut
2705 1256 2873 1310 videri
2940 1257 3111 1311 voluit
3170 1263 3468 1324 expugnata
3518 1254 3782 1313 constantia.

607 1366 758 1412 tanto
821 1369 1105 1423 procerum
1162 1351 1458 1405 consensui
1506 1352 1682 1404 victas
1735 1364 1929 1403 manus
1979 1349 2184 1402 invitus
2227 1348 2438 1403 scrlicct
2475 1348 2643 1403 dedit.
2684 1348 2913 1414 Quando
2947 1358 3000 1401 et
3072 1350 3326 1418 reliquam
3406 1347 3534 1401 hanc
3580 1347 3637 1400 ad
3676 1348 3786 1417 ipsos

605 1452 907 1504 orationem
943 1447 995 1499 iu
1034 1444 1176 1499 hunc
1205 1446 1426 1499 modum
1466 1442 1740 1513 pertexuit
1778 1460 1791 1497 :
1826 1441 2020 1496 Audite
2051 1458 2219 1496 meum
2256 1432 2556 1509 consilium,
2588 1445 2802 1497 comites
2833 1444 3129 1514 militesque
3188 1443 3393 1512 reliqui.
3423 1440 3787 1510 Quandoquidem

607 1543 788 1595 relicta
817 1557 989 1593 omnes
1009 1538 1182 1608 patria
1203 1537 1302 1589 huc
1319 1536 1583 1607 progressi
1609 1545 1812 1588 stamus
1837 1535 1891 1588 in
1946 1535 2225 1601 procinctu
2302 1534 2369 1587 ad
2396 1535 2779 1589 decernendum
2809 1539 2920 1590 acie
2948 1552 3065 1589 cum
3093 1537 3405 1605 imperatore
3441 1533 3789 1587 bellicosissima.

604 1637 693 1708 qui
743 1650 905 1703 nuper
958 1630 1245 1685 admodum
1288 1633 1506 1699 adeptus
1562 1643 1778 1697 regnum
1821 1627 1953 1680 nihil
1992 1629 2168 1697 utique
2205 1627 2307 1679 sibi
2336 1628 2495 1697 faciet
2530 1628 2718 1698 reliqui
2745 1630 2814 1681 ad
2845 1646 3048 1686 omnem
3089 1639 3263 1683 artem
3325 1636 3666 1691 conatumque,
3718 1643 3794 1693 quo

605 1732 841 1797 auspicia
871 1730 1197 1796 principatus
1235 1726 1316 1777 sui
1354 1724 1527 1792 potius
1563 1721 1797 1775 honestet
1831 1722 2049 1774 victoria
2089 1720 2300 1782 celebri,
2334 1738 2492 1791 quam
2521 1729 2779 1791 probrosa
2805 1723 2953 1776 clade
3014 1724 3309 1776 dedecoret.
3378 1720 3472 1775 Est
3544 1730 3692 1774 autem
3738 1719 3796 1775 illi

604 1844 709 1880 non
750 1829 1011 1879 insuetum
1063 1825 1282 1884 vincere,
1328 1821 1415 1890 qui
1458 1820 1550 1871 sub
1599 1819 1866 1888 prioribus
1924 1818 2174 1887 Augustis
2218 1818 2387 1872 multa
2426 1827 2474 1872 et
2527 1836 2722 1888 magna
2756 1819 2890 1872 bella
2934 1820 3254 1888 confecerit,

3337 1826 3662 1888 tyrannosque
3724 1834 3799 1870 non

601 1937 795 1989 paucos
889 1921 1050 1974 uictos
1138 1917 1252 1969 acie
1303 1923 1589 1983 captosque
1638 1910 1945 1964 adduxerit.
1982 1910 2251 1974 Quoniam
2289 1912 2422 1976 lucc,
2457 1913 2696 1980 inquam,
2741 1913 2817 1965 ita
2865 1922 2988 1965 sunt
3018 1923 3128 1967 toto
3165 1915 3345 1970 animo
3397 1921 3590 1981 totoque
3619 1920 3798 1979 rectore,

600 2016 749 2069 nobis
787 2016 1021 2068 arbitror
1049 2014 1182 2067 hanc
1215 2026 1444 2081 pugnam
1478 2023 1590 2061 esse
1640 2005 2035 2076 capessendam,
2107 2007 2342 2060 omnium
2408 2010 2605 2061 securis
2648 2024 2821 2063 rerum
2865 2010 3097 2063 aliarum
3184 2020 3529 2082 praterquam
3588 2011 3806 2071 victoria;

600 2128 757 2180 quam
804 2111 849 2163 si
901 2110 1038 2163 Deus
1091 2107 1361 2167 annuerit,
1395 2105 1601 2157 abunde
1677 2103 1860 2156 divites
1944 2106 2253 2173 copioseque
2291 2105 2539 2157 instructi
2584 2106 2782 2159 erimus
2836 2116 2892 2159 ut
2947 2118 3306 2177 praeterquam
3357 2109 3643 2171 inconsulti,
3684 2110 3806 2161 etiam

598 2209 753 2262 exilis
794 2207 1110 2276 angustique
1154 2205 1223 2258 sit
1264 2204 1432 2255 animi
1470 2216 1537 2255 ex.
1585 2200 1919 2269 parcitnonia
1961 2201 2209 2268 pra'senti
2248 2200 2349 2255 sibi
2381 2202 2434 2253 in
2468 2210 2669 2270 tempus
2704 2205 2848 2255 istud
2890 2204 3017 2258 velle
3046 2208 3353 2260 consulere.
3393 2204 3514 2258 Non
3542 2205 3665 2259 enim
3722 2208 3811 2272 jant

599 2302 848 2355 dubitabo
872 2300 1043 2353 dicere
1074 2298 1199 2368 quid
1232 2298 1405 2362 velim,
1436 2294 1624 2365 quidve
1653 2296 2010 2348 necessarium
2049 2296 2193 2363 factu
2233 2296 2485 2350 arbitrer.
2508 2294 2681 2350 Plane
2722 2307 2947 2365 oportet,
2972 2298 3155 2367 itaque
3187 2297 3362 2363 iubeo,
3405 2314 3525 2351 uasa
3569 2292 3812 2366 supellectio

602 2398 776 2465 lioque
840 2407 1016 2449 nostra
1082 2403 1276 2447 cuncta
1324 2392 1679 2446 comburere:
1720 2391 1995 2443 onerarias
2052 2407 2170 2444 vero
2206 2391 2506 2461 perforatas
2546 2402 2595 2447 et
2624 2409 2743 2446 cum
2771 2410 2926 2448 onere
2972 2395 3272 2463 perituras,
3304 2395 3358 2447 in
3424 2410 3565 2448 mare
3603 2394 3814 2447 trudere:

601 2490 780 2558 sicque
807 2504 926 2541 cum
956 2487 1141 2542 Alexio
1170 2502 1405 2555 pugnare
1429 2495 1683 2552 tanquam
1719 2482 1914 2535 ibidem
1940 2482 2093 2536 modo
2118 2495 2296 2551 natos,
2346 2501 2564 2558 moxque
2618 2489 2928 2543 morituros.

601 2582 827 2649 singuli.

675 2671 826 2724 Talia
884 2668 1139 2721 versabat
1196 2665 1403 2729 animo,
1458 2664 1818 2730 consulebat,
1877 2666 2263 2736 agebatqueA

600 2763 875 2818 ltohertus
908 2776 922 2812 :
965 2761 1071 2812 alia
1101 2774 1131 2813 e
1166 2757 1449 2813 contrario
1483 2757 1713 2812 Alexius
1738 2797 1754 2822 ,
1791 2759 1965 2829 magis
2012 2760 2178 2813 etiam

602 2857 747 2910 varia
795 2854 1215 2923 echgitat-aque
1261 2852 1500 2906 acutius.
1558 2852 1618 2905 lu
1652 2866 1717 2906 eo
1770 2853 2182 2906 conveniebant

600 2953 761 3001 ambo
794 2956 974 3000 tamen
1003 2985 1017 3009 ,
1046 2944 1194 3013 quod
1223 2944 1568 2998 continerent
1604 2953 1835 3012 uterque
1867 2946 2052 3000 adhuc
2079 2959 2181 2999 ex-

600 3039 831 3091 ercitum
866 3053 880 3089 :
909 3050 1005 3103 per
1040 3035 1187 3087 illam
1218 3049 1426 3089 urorum
1458 3034 1826 3103 exquisitione
1867 3035 2176 3090 attentissi-

604 3144 689 3180 ma
722 3128 1045 3195 indagantes
1079 3139 1176 3194 pro
1218 3140 1278 3180 se
1307 3126 1543 3195 quisque
1572 3141 1822 3196 quaenam
1856 3137 2002 3181 esset
2038 3127 2180 3181 ratio

601 3219 856 3272 vincendi
912 3218 1245 3272 certissima.
1292 3218 1596 3287 imperator
1647 3218 1867 3289 quidem
1920 3235 2073 3289 spem
2127 3220 2182 3273 in

600 3318 989 3380 stratagemue
1023 3310 1298 3378 ponebat,
1331 3326 1441 3379 quo
1473 3326 1533 3365 se
1573 3311 1762 3365 hostes
1790 3315 2179 3367 couclusurum

600 3402 662 3455 in
717 3401 898 3457 medio
950 3402 1282 3457 crediderat.
1333 3402 1550 3456 Auxilia
1579 3402 1831 3458 videlicet
1878 3404 2179 3471 universa,

603 3502 885 3556 cunctam,
921 3494 1164 3563 inquam,
1194 3496 1470 3549 sociarum
1497 3495 1737 3565 gentium
1771 3496 2024 3550 militiam
2067 3497 2179 3551 cir-

602 3588 933 3642 cumducere
976 3588 1117 3642 clam
1168 3587 1357 3642 hostili
1389 3589 1652 3644 exercitui
1683 3588 1933 3659 parabat,
1964 3589 2185 3660 jussos-

601 3696 711 3749 que
727 3679 905 3750 legere
935 3684 1099 3734 maris
1122 3681 1271 3735 littus
1295 3695 1455 3750 quam
1482 3680 1799 3750 longissimo
1821 3682 2056 3738 circuitu
2075 3698 2183 3751 quo

606 3773 820 3828 l‘acilius
858 3772 1084 3828 Robrrti
1128 3772 1523 3843 providentiam
1555 3773 1827 3839 fallerent,
1857 3776 1911 3831 in
1960 3790 2084 3831 eum
2120 3790 2179 3831 se

604 3866 781 3918 locum
810 3880 976 3934 quam
1003 3880 1103 3920 occ
1122 3866 1381 3921 tltiuiiue
1403 3866 1655 3921 conferre
1684 3867 2010 3936 imperabat,
2036 3867 2181 3922 unde

600 3952 868 4026 impetum
901 3975 930 4012 a
975 3969 1125 4028 tergo
1155 3960 1336 4014 facere
1370 3959 1424 4013 in
1454 3960 1639 4016 hostes
1665 3976 1891 4016 aversos
1930 3970 2177 4031 possent,

3016 2489 3358 2545 Annuerunt
3446 2489 3530 2545 bis
3609 2487 3815 2542 annulus

2370 2666 2534 2721 ’Δλλὰ
2578 2667 2805 2722 τοιαῦτα
2858 2668 2959 2737 μὲν
2990 2668 3061 2723 τὰ
3105 2671 3206 2724 τοῦ
3267 2670 3604 2740 Ῥομπέρτου
3649 2669 3817 2737 διανοή-

2286 2761 2436 2830 ματά
2468 2777 2526 2813 τε
2558 2762 2652 2814 καὶ
2680 2760 3030 2831 βουλεύματα
3071 2778 3085 2793 ⁸
3121 2763 3271 2818 ἄλλα
3307 2763 3487 2817 ταυτα
3515 2764 3560 2795 ⁸³
3582 2760 3668 2815 τοῦ
3699 2761 3825 2813 αὐτοι

2286 2854 2557 2922 κράτορος
2594 2851 2966 2923 ποικιλώτερά
2998 2870 3059 2907 τε
3085 2856 3190 2908 καὶ
3230 2853 3497 2925 ὀξύτερα.
3550 2854 3769 2921 Συνεῖχον
3792 2851 3824 2901 δ’

2282 2943 2435 3011 ὅμως
2463 2944 2514 2994 οἱ
2538 2944 2864 3014 δημαγωγοὶ
2893 2945 3061 3014 ἄμφω
3087 2946 3156 2998 τὰ
3198 2946 3613 3017 στρατεύματα,
3640 2959 3829 3013 στρατη·

2285 3035 2410 3102 γίας
2447 3034 2541 3088 καὶ
2570 3035 2936 3105 δημαγωγίας
2966 3036 3096 3108 πέρι
3131 3036 3562 3107 βουλευόμενοι,
3586 3037 3719 3096 ὅπως
3740 3031 3831 3102 μετ’

2282 3128 2603 3198 ἐπιστήμης
2630 3127 3124 3198 δημαγωγήσαιεν,
3159 3131 3267 3184 καὶ
3302 3125 3836 3201 στρατεύσοιντο.Κα“ι

2282 3220 2311 3272 ὁ
2346 3218 2446 3287 μὲν
2483 3220 2848 3294 αὐτοκράτωρ
2885 3224 3090 3292 αἴφνης
3136 3224 3356 3289 νυκτὸς
3383 3225 3445 3292 ἐξ
3491 3224 3735 3291 ἑκατέρου
3761 3220 3834 3287 μέ·

2287 3328 2415 3383 ρους
2464 3315 2815 3367 ὲπεισπεσεῖν
2857 3315 2903 3346 ⁸³
2932 3319 2996 3387 τῇ
3024 3316 3120 3369 τοῦ
3159 3318 3528 3389 Ῥομπέρτου
3560 3311 3839 3385 παρεμϐολῇ

2287 3406 2684 3476 σκεπτόμενος,
2742 3407 2804 3460 τὸ
2860 3408 2964 3478 μὲν
3014 3409 3244 3463 ὲονικὸν
3298 3411 3458 3465 ἅπαν
3490 3412 3537 3444 ⁸⁸
3570 3410 3843 3480 στράτευμα

2285 3499 2394 3552 ἀπὸ
2432 3501 2528 3552 τοῦ
2560 3500 2789 3553 ὄπισθεν
2822 3503 3028 3571 μέρους
3088 3504 3385 3573 ἐπέτρεψε
3434 3502 3751 3574 προσϐαλεῖν
3778 3498 3847 3551 διὰ.

2284 3591 2394 3644 τῶν
2424 3592 2644 3645 ἁλυκῶν
2675 3592 3007 3658 διελθόντας,
3043 3597 3139 3648 καὶ
3166 3596 3416 3651 πλείονα
3445 3598 3550 3667 τὴν
3578 3593 3848 3662 ὁδοιπορίαν

2286 3684 2653 3750 ἀναδέξασθαι
2706 3687 2909 3749 αὐτοὺς
2952 3687 3040 3741 διὰ
3072 3688 3132 3742 τὸ
3167 3691 3509 3746 ἀνύποπτον
3530 3693 3633 3745 οὐκ
3662 3687 3844 3757 atqvi}.-

2285 3794 2417 3831 νατο
2443 3794 2458 3808 ·
2483 3776 2647 3841 αὐτὸς
2683 3778 2742 3832 δὲ
2778 3778 2890 3832 ἀπὸ
2926 3782 3037 3833 τῶν
3065 3781 3429 3853 ἔμπροσθεν,
3463 3786 3700 3856 ὁπηνίκα
3726 3778 3853 3849 γηίη

2285 3870 2596 3939 ἐφθακότας
2623 3872 2750 3936 τοὺς
2775 3873 3212 3939 ἀποσταλέντας,
3252 3877 3542 3947 ἠϐούλετο
3562 3871 3856 3945 προσϐαλεῖν

2285 3962 2365 4032 τῷ
2404 3964 2753 4035 Ῥομπέρτῳ.
2788 3966 2884 4029 ’ος
2915 3968 3079 4030 κενὰς
3119 3967 3239 4033 τὰς,
3272 3971 3507 4041 σκηνὰς
3553 3964 3858 4025 καταλιπὼν,

603 4052 793 4101 eodem
843 4058 1085 4117 tempore
1128 4064 1238 4117 quo
1284 4050 1402 4119 ipse
1451 4065 1577 4105 cum
1616 4062 1815 4106 caetero
1854 4054 2100 4109 exercitu
2147 4070 2177 4108 ιι

2285 4057 2384 4109 καὶ
2414 4057 2612 4121 νυκτὸς
2638 4057 2733 4111 διὰ
2757 4058 2860 4129 τῆς
2904 4061 3157 4131 γεφύρας
3208 4035 3577 4133 διεληλυθὼς
3626 4060 3795 4133 (ὀγδόη
3823 4054 3860 4107 δ’

603 4139 783 4192 fronte
824 4136 1121 4191 Robertum
1152 4138 1483 4192 adoriretur.
1517 4138 1621 4205 Qui
1648 4142 1867 4209 quidem
1901 4143 2176 4198 ltobcrtus

602 4227 970 4282 tabernaculis
1019 4227 1205 4281 vacuis
1236 4228 1465 4295 relictis,
1512 4240 1733 4299 pontem
1788 4241 1950 4287 nocte
1985 4241 2171 4290 trans-

601 4334 825 4387 gressus
889 4318 1307 4386 (numerabatur
1337 4329 1449 4373 tum
1480 4329 1675 4375 octava
1706 4337 1876 4391 supra
1904 4324 1969 4378 10
2007 4329 2174 4381 Usto-

603 4408 718 4463 bris
744 4407 879 4469 dies,
909 4406 1213 4462 indictione
1245 4410 1461 4479 quinta)
1490 4410 1542 4464 in
1579 4413 1842 4482 templum
1868 4417 2172 4485 antiquitus

601 4509 936 4555 exstructum
982 4515 1148 4570 prope
1176 4515 1344 4567 mare,
1371 4502 1425 4556 iu
1458 4506 1679 4560 nomine
1706 4508 1962 4578 martyris
1988 4507 2170 4565 Theo-

599 4598 715 4649 dori
747 4609 805 4649 se
830 4595 1063 4649 contulit
1088 4610 1213 4650 cum
1241 4597 1486 4652 exercitu
1515 4612 1616 4653 suo
1646 4600 1903 4656 universo
1938 4616 1952 4653 :
1984 4602 2173 4673 ibique

599 4703 695 4757 per
721 4697 891 4743 totam
922 4697 1138 4743 noctem
1166 4689 1458 4758 propitiato
1487 4692 1744 4759 precibus
1790 4694 2034 4759 numine,
2064 4696 2167 4750 im-

601 4780 867 4833 maculata
908 4779 1205 4851 divinaque
1249 4781 1509 4851 mysteria
1554 4796 1871 4851 percepere.
1923 4783 2053 4841 inde
2095 4790 2161 4841 ad

599 4871 974 4926 instruendam
1013 4872 1184 4926 aciem
1218 4886 1431 4935 versus,
1482 4872 1536 4926 in
1584 4887 1647 4928 ea
1691 4875 1807 4942 ipse
1850 4875 2025 4930 media
2059 4877 2166 4933 sibi

596 4962 793 5033 delegit
851 4964 1102 5035 cepitque
1132 4964 1340 5019 locum.
1382 4963 1563 5021 Cornu
1591 4966 1735 5037 quod
1772 4982 1923 5023 mare
1956 4981 2171 5040 specta-

2276 4142 2347 4216 ἢν
2382 4149 2519 4219 πρὸς
2548 4152 2616 4219 τῇ
2644 4149 2846 4223 δεκάτῃ
2879 4150 2975 4205 τοῦ
3033 4156 3469 4224 supinatione;
3501 4159 3549 4190 ⁸⁸
3600 4156 3760 4227 μηνὸς
3797 4153 3863 4203 ’οο

2280 4239 2584 4311 κτωϐρίου,
2612 4242 2991 4315 ὲπινεμήσεως
3018 4246 3321 4319 πέμπτης)
3357 4251 3427 4303 τὸ
3463 4250 3622 4321 παρὰ
3657 4248 3750 4318 τὴν
3784 4244 3861 4297 Μ’

2281 4330 2485 4385 λατταν
2545 4334 2635 4387 ἐπ’
2673 4335 2901 4406 ὀνόματι
2933 4336 3029 4391 τοῦ
3063 4339 3366 4411 μάρτυρος
3402 4343 3701 4413 Θεοδώρου
3729 4339 3871 4394 πάλαι

2283 4423 2717 4497 ἀνοικοδομηθὲν
2754 4428 2982 4497 τέμενος
3015 4429 3301 4487 κατέλαϐε
3342 4435 3505 4489 κατὰ
3549 4436 3666 4503 (66)
3699 4430 3871 4487 παντὸς

2280 4515 2377 4568 τοῦ
2418 4518 2856 4587 στρατεύματος.
2906 4523 3019 4576 Καὶ
3069 4521 3138 4576 δι’
3184 4525 3329 4596 ὅλης
3390 4528 3610 4591 νυκτὸς
3661 4526 3721 4579 τὸ
3758 4524 3879 4576 θεῖον

2281 4609 2765 4681 ἒξευμενιζόμενοι
2793 4652 2812 4679 ,
2883 4614 2995 4667 τῶν
3050 4617 3365 4687 ἁχράντων
3414 4620 3524 4674 καὶ
3580 4620 3741 4675 θείων
3788 4634 3877 4685 μυ.

2282 4698 2522 4769 στηρίων
2561 4699 2678 4770 (90)
2726 4702 3164 4775 μετελάμϐανον.
3224 4704 3385 4764 Εἶτα
3445 4712 3559 4776 τὰς
3616 4711 3754 4773 ιδίας
3804 4723 3887 4759 κα·

2278 4792 2556 4861 ταστήσας
2634 4796 2971 4864 φάλαγγας,
3027 4797 3131 4869 τὴν
3182 4803 3385 4873 μέσην
3446 4805 3640 4859 εἵλετο
3702 4805 3745 4835 "
3802 4798 3882 4851 τοῦ

2282 4883 2661 4955 συντάγματος
2745 4889 2975 4959 χώραν,
3031 4892 3092 4944 τὸ
3150 4892 3205 4944 δέ
3263 4912 3341 4963 γε
3410 4899 3570 4970 πρὸς
3637 4898 3891 4953 θάλαττα]

2281 4973 2451 5043 κέρας
2504 4975 2583 5047 τῷ
2643 4977 2931 5053 Ἀμηκέτιι
2980 4980 3025 5014 ⁸³
3086 4980 3199 5053 (9⁸)
3242 4985 3567 5060 ἐπέτρεψε
3627 4982 3891 5058 κόμιητιθ

1585 5108 1786 5171 νοτία)
1810 5108 2113 5170 lectiones
2136 5126 2212 5170 ex
2250 5113 2390 5173 cod.
2421 5112 2692 5179 Coislin.

653 5200 696 5229 “
719 5200 854 5253 ἀλλὰ
883 5201 929 5253 δ’
948 5205 1107 5258 αὑτά.
1181 5207 1227 5239 ⁸³
1260 5209 1563 5263 ἐπιπεσεῖν.

599 5286 743 5341 lato.
823 5272 865 5303 °’
908 5274 1193 5347 Ἀμικέτῃ.

1644 5211 1690 5243 ⁸⁸
1721 5209 1883 5267 Deest
1917 5226 2019 5267 vox
2053 5212 2221 5269 ἅπαν.

2300 5214 2345 5246 ⁵⁸
2375 5216 2672 5287 ἐληλυθώς.
2756 5220 2801 5251 ⁸⁸
2833 5222 3308 5290 παριππεύοντος.
3406 5229 3459 5258 ⁸⁷
3504 5229 3681 5297 μετά.
3763 5222 3895 5273 “Ei-

1650 5417 1789 5482 Car.
1823 5420 2147 5484 Dul‘resnii
2173 5425 2269 5484 Du
2302 5425 2526 5505 Cangii
2565 5437 2750 5489 notae.

1002 5511 1196 5602 delum!
1212 5517 1585 5602 μυιζτηρίων.
1617 5518 1904 5602 Μαιαερπο
1928 5561 1945 5586 ,
1999 5521 2159 5577 Hane

2285 5530 2633 5602 :ompunctive
2664 5530 2968 5599 conﬁtentes
3010 5544 3248 5602 peccata,
3321 5540 3701 5593 muniuntur
3760 5550 3913 5589 sacra

597 5592 771 5663 (titlth
804 5580 966 5648 facto,
1017 5584 1128 5634 dua:
1179 5580 1289 5650 ipse
1321 5580 1452 5640 lucis
1503 5591 1835 5663 crepusculo,
1881 5580 2161 5663 omnesque

599 5659 766 5702 nostri
793 5662 1065 5731 surgentes
1109 5668 1465 5731 cum‘sunima
1499 5660 1773 5714 devotione
1808 5664 2029 5731 hymnos
2069 5659 2160 5716 Dei

600 5733 718 5771 cum
769 5724 1047 5777 missarum
1120 5727 1471 5782 celebratione
1528 5732 1786 5798 audiunt,
1842 5724 2162 5802 presbyteris

2272 5754 2573 5809 anonymus

2280 5597 2473 5653 Viatici
2506 5597 2837 5655 ministeriis.

2343 5671 2455 5739 (91)
2515 5670 2601 5736 Τῷ
2664 5672 2960 5740 Ἀμικέτῃ.
3020 5671 3263 5727 Meminit
3330 5676 3654 5734 Anticetae
3698 5675 3923 5734 comitis

2631 5741 2886 5799 Barensis
2945 5743 3002 5799 in
3061 5747 3266 5801 Chron.
3345 5762 3463 5803 an.
3532 5752 3740 5806 1068:
3778 5749 3920 5803 Ubii!
