3946 6206
267 288 371 350 {-365
1212 306 1217 310 ·
1531 276 1943 338 ALEXIADIS
1987 276 2135 336 LIB.
2176 276 2278 339 1V.

3409 270 3516 334 $.06

266 395 338 455 ὼς
361 394 450 446 ἐπ’
480 391 650 463 οὐρὰν
674 389 767 444 τοῦ
799 390 969 442 ἵππου
1003 389 1170 444 ἔθετο.
1203 389 1315 443 Καὶ
1341 387 1503 449 εὐθὺς
1530 385 1620 438 τὸν
1660 386 1844 456 χρῶτα
1871 429 1881 446 ⁴

1960 381 2128 437 adhuc
2153 383 2430 448 obtinens,
2463 391 2571 436 tres
2604 381 2946 446 Lat'nornm,
2979 393 3209 448 quormn
3244 395 3389 437 unus
3423 395 3524 436 su-

267 485 357 539 τοῦ
395 483 650 552 σώματος
687 481 884 552 μικρὸν
912 480 1274 550 ’παραξέσασα
1296 481 1329 550 ἡ
1351 479 1447 532 τοῦ
1479 478 1666 548 ξίφους
1689 475 1845 547 ἀκμὴ

1960 490 2046 543 pra
2083 475 2401 529 nominatus
2436 475 2722 530 AmCCetes
2754 473 2878 540 fuit,
2915 474 3053 528 alter
3082 473 3278 530 Petrus
3312 473 3522 543 Alipha:

268 579 395 647 περὶ
440 577 541 646 τὴν
576 575 744 646 ἀκοὴν
779 573 1246 645 παραποδισθεῖσα
1285 573 1384 643 sic
1430 571 1694 642 κόρυθος,
1751 568 1848 624 καὶ

265 670 354 722 τὶν
404 668 702 736 συνέχοντα
752 665 960 735 ταύτην
1004 665 1108 718 ὑπὸ
1138 665 1236 736 τὴν
1276 667 1438 732 γένυν
1489 662 1688 734 ἱμάντα
1733 661 1849 715 δια-

269 760 551 823 σπάσασα,
580 751 689 810 ὦσε
727 757 933 827 ταύτην
963 759 1041 821 είς
1070 757 1195 826 γῆν.
1229 755 1548 827 Τηνικαῦτα
1590 755 1647 806 δὲ
1685 755 1714 806 ὁ
1751 754 1850 824 μὲν

268 851 475 913 Κελτὸς
524 853 732 914 ἐκεῖνος
787 849 1052 920 παραθέει
1101 849 1161 902 ὃν
1217 847 1355 919 (pm
1403 847 1849 918 κατακρημνίσαι

267 942 360 994 τοῦ
396 943 590 1003 ἵππου,
638 944 664 994 ὁ
703 941 745 992 δ’
777 941 937 1004 εὐθὺς
964 940 1230 1011 ὀρθωθεὶς
1277 942 1369 993 ἐπὶ
1403 943 1502 1010 τῆς
1539 938 1851 1008 ἐφεστρίδος

266 1036 484 1105 ἑδραῖος
538 1033 810 1103 ἐκάθητο,
873 1035 1042 1103 μηδὲν
1113 1033 1225 1086 τῶν
1283 1032 1462 1086 ὃπλων
1539 1029 1848 1085 ἀποϐαλὼν.

279 1126 448 1180 Ἀλλὰ
494 1126 593 1178 καὶ
639 1125 847 1194 γυμνὸν
890 1123 952 1176 τὸ
995 1123 1146 1193 ξίφος
1183 1123 1428 1192 κατέχων
1458 1124 1523 1193 τῇ
1557 1120 1727 1190 δεξιᾷ,
1773 1119 1852 1191 τῷ

265 1219 321 1272 δὲ
351 1217 540 1289 λύθρῳ
577 1215 669 1270 τοῦ
708 1216 840 1270 ἰδίου
881 1216 1301 1285 πεφοινιγμένος
1341 1216 1592 1285 αἵματος,
1627 1215 1722 1268 καὶ
1754 1212 1852 1284 τὴν

268 1309 519 1378 κεφαλὴν
547 1306 989 1378 ἀπερικάλυπτον
1022 1306 1161 1376 ἔχων
1189 1345 1202 1370 ,
1237 1305 1333 1359 καὶ
1362 1306 1462 1375 τὴν
1505 1303 1721 1375 πυρσὴν
1759 1303 1855 1356 καὶ

267 1400 512 1471 ἠλιῶσαν
563 1400 741 1470 κόμην
799 1397 1295 1470 περιπλανωμένην
1343 1399 1463 1460 ταῖς
1514 1398 1707 1468 ὄψεσι,
1759 1395 1855 1450 καὶ

265 1488 591 1543 δωκλοῦσαν
615 1489 733 1522 ’θ’θ’
785 1489 975 1542 αὐτόν’
1012 1491 1040 1542 ὁ
1097 1489 1206 1559 γὰρ
1242 1488 1409 1550 ἵππος
1455 1488 1854 1558 ταραττόμενος

267 1579 367 1634 καὶ
411 1579 712 1634 ἀποπτύων
755 1580 884 1643 τοὺς
913 1579 1166 1648 χαλινοὺς
1195 1580 1291 1633 καὶ
1337 1581 1688 1651 φριμάσσων,
1724 1580 1854 1631 ἀτα-

266 1671 536 1740 κτότερον
577 1671 874 1741 ἐμπίπτειν
922 1670 998 1741 τῷ
1030 1671 1308 1743 προσώπῳ
1346 1673 1474 1734 τοὺς
1523 1670 1854 1742 βοστρύχους

265 1764 720 1834 παρεσκεύαζενο
755 1764 893 1818 ἀλλὰ
940 1765 1034 1818 καὶ⁹
1080 1763 1157 1827 ὡς
1207 1764 1397 1817 ἑαυτὸν
1442 1763 1854 1830 ἀνακαλεσάμε-

268 1873 385 1920 νος,
423 1855 502 1919 ὡς
547 1856 695 1923 ἐνῆν,
741 1859 858 1918 τοῖς
911 1855 1174 1917 ἐναντίοις
1214 1854 1653 1908 ἀντικαθίστατο.
1701 1855 1856 1908 Ἐπεὶ

265 1943 326 1995 δὲ
358 1944 456 1996 καὶ
512 1944 644 2006 τοὺς
694 1942 968 2013 Τούρκους
1018 1943 1151 2015 (96⁶)
1202 1943 1502 2012 φεύγοντας
1549 1946 1716 2012 ἑώρα,
1762 1947 1857 1998 καὶ

268 2035 438 2087 αὐτὸν
465 2034 558 2086 τὸν
589 2034 804 2086 Βοδίνον
839 2034 1182 2104 ἀπολέμητον
1213 2036 1604 2104 ὑποχωροῦντα
1626 2053 1641 2067 ·
1689 2036 1858 2089 ὥπλι-

270 2143 369 2179 στο
406 2125 520 2196 γὰρ
563 2127 662 2178 καὶ
701 2119 856 2189 οὗτος
909 2127 1002 2177 καὶ
1052 2127 1132 2188 είς
1188 2127 1425 2197 πολέμου
1477 2131 1646 2182 τύπον
1705 2131 1750 2161 ⁸⁵
1797 2130 1858 2182 τὸ

271 2219 443 2272 αὐτοῦ
473 2218 824 2281 διατυπώσας
862 2219 1177 2288 στράτευμα
1209 2221 1350 2272 κατὰ
1379 2221 1606 2289 ταυτηνὶ
1661 2223 1703 2254 ⁸⁷
1759 2222 1859 2293 τὴν

271 2309 490 2381 ἡμέραν
521 2309 727 2376 ἵστατο,
761 2311 836 2374 ὡς
869 2310 1160 2382 ὲπαρήξων
1189 2311 1331 2380 τάχα
1361 2314 1441 2378 τῷ
1473 2313 1856 2383 αὐτοιράτορι,

271 2401 428 2456 κατὰ
465 2401 569 2463 τὰς
606 2403 742 2472 πρὸς
779 2403 944 2456 αὐτὸν
971 2403 1343 2473 γεγενημένας
1395 2403 1698 2474 συνθήκας·
1735 2409 1862 2459 ἐκα-

277 2493 504 2564 ραδόκει
532 2493 610 2557 δὲ,
641 2493 717 2555 ὡς
762 2494 958 2556 ἔοικεν,
1008 2495 1093 2547 ἵνα
1147 2495 1196 2546 εἰ
1251 2495 1349 2564 μὲν
1396 2495 1494 2566 τὴν
1544 2496 1714 2566 ῥοπὴν
1763 2497 1861 2567 τῆς

270 2586 436 2655 νίκης
465 2587 548 2656 τῷ
589 2585 953 2658 αὐτοκράτορι
981 2587 1225 2640 δοθεῖσαν
1255 2588 1428 2658 γνοίη,
1459 2588 1732 2658 ὲπιτεΟείη
1768 2588 1863 2642 καὶ

271 2677 440 2738 αὐτὸς
479 2678 598 2738 τοῖς
633 2677 878 2741 Κελτοῖς,
933 2681 981 2732 εί
1023 2679 1080 2732 δὲ
1125 2679 1454 2742 τούναντίον,
1485 2681 1770 2750 ἁτρεμήσῃ
1802 2695 1860 2732 τε

276 2769 375 2822 καὶ
416 2767 752 2831 ὀπισθόπους
788 2770 1039 2840 γένηται·
1073 2770 1245 2824 ταῦτα
1283 2769 1749 2838 διαλογιζόμενος,
1787 2770 1862 2833 ὠς

276 2859 342 2925 ἐξ
383 2853 462 2912 ὧν
515 2861 824 2931 ἐπεπράχει
879 2862 1056 2932 δῆλον,
1092 2863 1184 2914 καὶ
1229 2861 1326 2932 τὴν
1377 2861 1614 2914 νικῶσαν
1657 2861 1862 2930 ἀπαρτι

274 2953 406 3014 τοὺς
449 2951 690 3014 Κελτοὺς
732 2953 988 3020 ἐγνωκὼς
1017 2953 1266 3023 ἔχοντας,
1315 2953 1582 3021 ἄγευστος
1626 2952 1862 3022 πολέμου

1950 567 2122 631 ﬁlius,
2158 575 2217 621 ut
2250 567 2368 637 ipse
2419 567 2731 632 allirmavit,
2784 568 2998 629 tertius,
3050 567 3192 624 alius
3245 568 3520 637 quispiam

1953 661 2102 715 nulla
2133 676 2192 716 re
2217 659 2447 716 inferior
2480 661 2716 725 duobus,
2753 660 2882 714 totis
2919 658 3152 714 habenis
3179 675 3323 728 equo
3366 661 3522 730 quis-

1953 768 2058 823 que
2086 767 2187 806 suo
2220 754 2443 817 laxatis,
2495 751 2670 822 longis
2705 752 2906 806 armati
2955 751 3126 808 hastis
3177 753 3228 805 in
3265 767 3388 807 eum
3437 755 3526 808 in-

1953 852 2267 900 currerunt.
2313 844 2380 899 Et
2440 846 2724 899 Ameeetcs
2776 845 2995 914 quidem
3054 857 3198 900 recta
3255 846 3419 900 iclum
3469 848 3526 899 in

1955 935 2338 1004 imperatorem
2382 951 2490 990 non
2543 935 2788 1006 pertulit,
2828 951 2971 1006 equo
3020 937 3304 1006 paulisper
3353 938 3524 992 det-li-

1953 1035 2156 1090 nante,
2213 1026 2438 1081 alterius
2491 1027 2702 1080 hastam
2757 1027 2936 1096 primo
2988 1027 3286 1096 imperator
3342 1027 3526 1096 gladio

1955 1118 2180 1186 repulit,
2219 1128 2330 1171 tum
2361 1119 2584 1172 intentis
2613 1134 2807 1172 manus
2836 1118 3021 1172 nervis
3054 1120 3430 1173 vehementem
3468 1119 3524 1172 in

1955 1208 2168 1264 hostem
2201 1209 2529 1279 intorquens
2556 1209 2749 1274 ictum,
2781 1227 2887 1280 quo
2920 1211 3092 1279 ipsam
3125 1212 3274 1280 carpi
3301 1213 3531 1282 junctu-

1958 1317 2071 1355 ram
2106 1301 2281 1371 petiit,
2319 1317 2540 1354 manum
2587 1302 2731 1354 illius
2774 1318 2803 1356 a
2853 1303 3064 1371 reliquo
3117 1305 3355 1360 abscidit
3407 1320 3530 1360 cor-

1957 1409 2108 1464 pore.
2143 1395 2208 1446 At
2243 1397 2437 1448 tertius
2466 1395 2849 1463 imperatorem
2885 1393 2937 1447 in
2990 1393 3172 1450 fronte
3214 1398 3524 1464 percussit;

1960 1499 2146 1536 verum
2179 1484 2269 1538 ille
2295 1483 2396 1538 sibi
2422 1499 2636 1538 sumine
2666 1498 2910 1552 przesens
2940 1482 3097 1536 firmo
3141 1495 3196 1538 et
3233 1485 3530 1554 impertur-

1959 1575 2086 1630 liato
2115 1589 2329 1645 semper
2358 1577 2565 1641 animo,
2594 1577 2972 1646 quantuslibet
3005 1576 3149 1631 circa
3179 1577 3446 1632 tumultus
3476 1584 3534 1632 et

1963 1683 2145 1722 rerum
2172 1683 2394 1722 sursum
2423 1669 2676 1722 deorsum
2698 1667 2943 1721 omnium
2968 1669 3249 1737 permistio
3274 1667 3530 1734 ferveret,

1961 1770 2018 1813 ut
2047 1761 2352 1815 venientem
2392 1760 2566 1816 sensit
2598 1761 2787 1825 ictum,
2813 1759 3012 1826 abjecit
3061 1776 3121 1817 se
3179 1770 3328 1817 retro
3375 1765 3530 1832 Stipi-

1958 1867 2086 1905 num
2123 1853 2176 1905 in
2209 1853 2334 1921 equi
2375 1852 2647 1918 caudam;
2681 1868 2792 1921 qtto
2837 1853 3041 1907 factum
3091 1863 3176 1909 est
3210 1864 3267 1907 ut
3317 1871 3528 1909 summa

1958 1944 2226 1998 duntaxat
2252 1957 2379 1997 cute
2426 1944 2622 1999 frontis
2678 1945 2990 2012 perstricta,
3047 1945 3345 2014 leviterque
3395 1948 3533 2001 deli-

1960 2035 2082 2090 bata
2114 2050 2302 2090 mucro
2333 2036 2574 2105 cuspidis
2599 2037 2650 2088 in
2675 2037 3070 2105 prominentem
3111 2037 3276 2106 galea:
3306 2039 3532 2093 limbum

1961 2127 2264 2190 oﬂ‘endens,
2302 2128 2477 2182 lorum
2508 2142 2618 2196 quo
2644 2127 2832 2181 eadem
2863 2128 3016 2198 galea
3061 2129 3167 2184 sub
3214 2139 3399 2184 mento
3422 2131 3531 2184 eir-

1961 2234 2089 2272 cum
2123 2219 2532 2288 astringebatur
2581 2219 2884 2288 abruperit,
2939 2234 3173 2290 eamque
3228 2221 3280 2274 in
3329 2232 3529 2276 terram

1963 2309 2244 2379 dejecerit.
2279 2311 2434 2365 Tunc
2463 2310 2656 2366 Gallus
2687 2312 3004 2368 excussisse
3046 2327 3106 2367 se
3147 2313 3532 2382 imperatorem

1960 2419 2023 2458 ex
2055 2417 2198 2472 equo
2223 2414 2398 2468 ratus,
2429 2403 2586 2473 quasi
2619 2403 2686 2458 ad
2722 2404 2960 2473 przedam
2996 2407 3316 2472 procurrit;
3344 2415 3400 2460 at
3441 2406 3534 2462 ille

1962 2496 2148 2551 statim
2201 2511 2326 2550 sese
2377 2498 2594 2566 erigens
2666 2497 3003 2565 lirmansque
3055 2496 3242 2552 stabili
3297 2498 3426 2554 sede
3479 2501 3531 2554 iu

1965 2587 2264 2656 ephippiis,
2315 2587 2458 2642 idem
2501 2589 2596 2658 qui
2642 2598 2773 2643 ante
2802 2588 3078 2658 apparuit,
3108 2602 3259 2643 arma
3299 2590 3538 2646 retinens

1964 2679 2158 2733 eadem
2183 2695 2304 2749 qum
2337 2679 2512 2748 prius,
2550 2693 2884 2748 manumque
2915 2678 3066 2733 nudo
3115 2679 3298 2748 gladio
3343 2681 3536 2734 formi-

1962 2769 2198 2825 dabilem
2259 2771 2502 2836 vibrans,
2561 2779 2888 2825 cruentatus
2932 2771 3024 2824 ille
3059 2771 3280 2840 quidem
3332 2778 3536 2826 recenti

1965 2861 2208 2926 vulnere,
2235 2862 2494 2932 nudoque
2511 2863 2708 2932 capite,
2738 2861 2989 2932 namque
3011 2861 3122 2932 jam
3151 2863 3258 2918 soli
3288 2863 3536 2933 exposita

1964 2968 2120 3008 coma
2177 2962 2382 3010 tentere
2441 2963 2696 3025 vagante,
2751 2955 3149 3024 umbranteth
3199 2955 3393 3011 oculos
3426 2969 3536 3010 non

276 3044 343 3098 τὺ
393 3047 680 3117 παράπαν,
714 3048 897 3100 οἶκαδε
943 3047 1474 3119 ἔπαναδεδραμήκει.
1519 3048 1578 3100 '0
1616 3045 1672 3098 δὲ
1706 3047 1869 3100 αὐτο-

1969 3047 2090 3101 siue
2124 3047 2406 3102 molestia:
2447 3064 2568 3100 nam
2598 3063 2774 3116 equus
2806 3046 3063 3102 eﬂcratus
3101 3047 3446 3118 tremensque
3475 3063 3541 3102 ac

278 3137 509 3208 κράτωρ
559 3137 735 3191 ταῦτα
779 3138 1148 3207 Θεασάμενος,
1199 3138 1292 3190 καὶ
1331 3139 1404 3203 ὡς
1443 3140 1489 3172 ’⁸
1533 3139 1734 3208 μηδένα
1773 3138 1864 3192 τὸν

270 3227 433 3296 αύτῷ
476 3227 840 3295 ὲπαμύνοντα
865 3228 1097 3298 βλέπων,
1135 3229 1203 3284 τὰ
1235 3229 1547 3299 μετάφρενα
1575 3229 1671 3282 καὶ
1704 3230 1866 3293 αὐτὸς

279 3318 588 3386 τηνικαῦτα
628 3319 814 3372 δίδωσι
842 3322 957 3382 τοῖς
988 3320 1269 3382 ἐναντίοις.
1297 3321 1410 3374 Καὶ
1438 3319 1610 3384 οὕτως
1642 3321 1864 3374 ἐδίωκον

279 3404 330 3457 οί
356 3407 584 3459 Λατῖνοι
615 3407 678 3460 τὸ
718 3407 1026 3476 Ῥωμαϊκὸν
1063 3407 1400 3477 στράτευμα.

1971 3135 2184 3192 frenum
2244 3153 2509 3207 reSpuens
2569 3138 2875 3194 vehementi
2929 3153 3204 3193 concussu
3251 3139 3538 3194 caesariem

1975 3238 2124 3284 retro
2163 3231 2486 3300 pendentem
2521 3230 2572 3284 in
2623 3230 2861 3286 frontem
2905 3239 3179 3285 averterat
3215 3247 3229 3284 :
3278 3239 3538 3286 caeterum

1975 3328 2273 3389 utcumque
2302 3332 2419 3375 erat
2440 3321 2652 3391 collegit
2677 3333 2841 3392 prout
2871 3323 3052 3392 potuit
3075 3323 3338 3390 seipsum,
3369 3322 3543 3378 hosti-

1968 3411 2180 3481 busque
2209 3413 2432 3468 obvium
2461 3413 2694 3469 infracta
2727 3416 3095 3486 generositate
3137 3424 3196 3469 ut
3236 3415 3389 3483 prius
3435 3415 3543 3469 oh-

285 3501 430 3558 tulit.
470 3500 573 3558 Ubi
607 3518 735 3558 vero
767 3502 978 3559 Turcos
1009 3503 1278 3572 fugientes
1311 3504 1466 3569 vidit,
1497 3513 1548 3559 et
1587 3503 1856 3559 Bodinum
1897 3521 2075 3576 pugna
2136 3525 2242 3562 non
2295 3517 2502 3564 tentata
2535 3510 2880 3565 recedentem
2917 3508 3091 3578 (stetit
3147 3510 3292 3562 enim
3334 3507 3425 3562 hic
3483 3507 3542 3561 in

284 3597 456 3652 armis
488 3610 558 3651 eo
603 3597 691 3652 die
759 3598 1141 3668 instructaque
1202 3609 1459 3668 tanquam
1520 3599 1587 3652 ad
1643 3600 1889 3668 praelium
1927 3601 2145 3671 agmine
2225 3603 2387 3672 118
2421 3619 2672 3670 saorum,
2721 3609 2959 3673 speciem
3015 3603 3330 3658 ostentabat
3378 3605 3540 3671 quasi

286 3688 416 3742 totis
473 3689 688 3743 viribus
715 3703 814 3758 pro
862 3689 1213 3759 imperatoris
1264 3704 1429 3744 causa
1490 3688 1858 3748 dimicaturus
1898 3702 2065 3754 esset.
2099 3696 2256 3765 juxta
2292 3703 2451 3763 pacta
2485 3705 2755 3754 conventa
2783 3709 2905 3764 quae
2947 3695 3089 3748 inter
3156 3696 3306 3762 ipsos
3370 3695 3543 3747 inter-

287 3790 596 3837 cesserant.
631 3779 835 3834 Revera
866 3790 1044 3834 tamen
1105 3781 1208 3835 sibi
1244 3796 1474 3851 parcere
1517 3782 1860 3848 decreverat,
1903 3795 2262 3852 speetareque
2293 3797 2556 3852 quorsum
2590 3794 2839 3851 vergeret
2867 3783 3112 3836 victoriae
3170 3781 3414 3845 iortuna,
3485 3776 3548 3836 ul

289 3874 485 3927 sicam
519 3873 736 3941 quidem
771 3872 914 3927 haud
948 3871 1114 3926 dubie
1190 3871 1374 3926 favere
1442 3873 1788 3943 imperatoris
1853 3876 2100 3942 partibus
2153 3882 2426 3941 cerneret,
2479 3883 2610 3928 tunc
2665 3875 2781 3942 ipse
2851 3873 2906 3927 in
2962 3872 3138 3928 victos
3181 3871 3350 3938 facili,
3399 3871 3548 3942 apud

289 3965 530 4020 victores
575 3964 813 4036 gratiosa
860 3963 1221 4033 impressione
1270 3964 1452 4018 Gallos
1499 3965 1808 4033 impeteret,
1852 3967 1937 4018 sin
1999 3974 2190 4020 contra
2215 3967 2479 4028 eveniret,
2505 3967 2802 4022 abstineret
2859 3980 3062 4035 pugna.
3125 3965 3546 4036 incolumesque

291 4058 345 4111 in
375 4066 555 4112 tutum
587 4057 774 4126 copias
813 4055 1120 4110 reduceret.
1151 4053 1302 4108 Talia
1341 4055 1616 4124 cogitasse
1643 4071 1671 4107 a
1699 4055 1972 4125 principio
2007 4056 2160 4111 illum
2190 4073 2256 4113 ex
2292 4058 2360 4113 iis
2425 4074 2548 4128 quae
2610 4057 2740 4113 fecit
2806 4058 3142 4112 intellectum
3185 4066 3288 4114 est.
3369 4057 3545 4113 Simul

292 4152 438 4206 enim
471 4151 614 4205 satis
653 4150 929 4218 perspexit
962 4159 1109 4203 stare
1143 4148 1424 4203 victoriam
1448 4147 1689 4214 aGallis,
1716 4148 1858 4216 bello
1898 4163 2127 4218 prorsus
2161 4151 2439 4222 ingustato
2476 4150 2698 4204 domum
2741 4159 2963 4204 strenue
3023 4167 3083 4205 se
3155 4152 3359 4218 retulit)
3398 4169 3413 4208 :
3453 4168 3545 4214 ca,

293 4248 542 4315 inquam,
602 4244 688 4299 ubi
740 4243 879 4297 vidit
934 4242 1260 4312 imperator,
1317 4257 1490 4312 seque
1540 4243 1857 4298 destitutum
1939 4245 2100 4314 plane
2133 4246 2200 4300 ab
2260 4247 2541 4310 omnibus,
2576 4253 2785 4316 tergum
2810 4255 2864 4300 et
2893 4246 3011 4314 ipse
3043 4245 3260 4300 tandem
3293 4247 3547 4306 hostibus

293 4340 465 4394 dedit.
500 4336 838 4408 Sicquejam
875 4336 1022 4389 omni
1056 4350 1123 4389 ex
1174 4345 1325 4403 parte
1356 4333 1538 4389 Latini
1609 4336 1771 4406 plane
1821 4336 2000 4392 fusum
2073 4339 2431 4409 fugatumque
2500 4339 2804 4393 Romanqu
2862 4339 3162 4392 exercitum
3250 4354 3546 4408 perseque-

295 4434 521 4486 bantur.

374 4521 434 4573 Ὀ
481 4521 539 4572 δὲ
603 4519 940 4588 Ῥομπέρτος
987 4516 1314 4571 καταλαϐὼν
1362 4517 1420 4571 τὸ
1505 4518 1726 4588 τέμενος
1784 4517 1874 4569 τοῦ

2047 4512 2116 4564 At
2149 4510 2422 4563 llohcrtus
2452 4517 2739 4578 postquam
2789 4509 2902 4578 ipse
2948 4507 3132 4562 Sancti
3166 4507 3376 4563 Nicolai
3408 4518 3548 4564 tem~

305 4613 491 4682 ’Δγίου
537 4611 827 4675 Νικολάου,
860 4611 994 4663 ὅπου
1047 4610 1196 4678 καὶὴ
1246 4609 1497 4678 βασιλικὴ
1535 4608 1731 4679 σκηνὴ,
1782 4608 1876 4660 καὶ

1976 4603 2124 4672 plum
2160 4601 2471 4668 occupavit,
2508 4599 2597 4651 ubi
2631 4599 2916 4667 augustale
2943 4598 3289 4668 imperatoris
3311 4615 3548 4670 vasaquc

296 4705 484 4756 ἅπασα
516 4703 550 4772 ἡ
577 4701 747 4769 σκευὴ
777 4700 872 4752 τοῦ
912 4699 1227 4768 Ῥωμαῖκοῦ
1282 4699 1712 4770 στρατεύματος,
1743 4695 1875 4750 ὁπό-

1973 4708 2028 4750 et
2083 4693 2441 4762 supellectilia
2496 4691 2680 4745 omnia
2733 4691 2902 4745 totius
2965 4691 3240 4745 exercitus
3311 4689 3545 4748 Romani

297 4811 423 4857 σους
447 4794 721 4855 εύςοενεῖς
753 4789 864 4861 εἶχε
890 4791 980 4843 τδν
1009 4790 1235 4861 βασιλέα
1257 4790 1473 4842 διώκειν
1496 4789 1871 4858 ὲκπὲπομφεν,

1977 4795 2154 4846 erant,
2187 4797 2328 4850 quos
2356 4778 2755 4834 valentissimos
2792 4779 2848 4830 in
2889 4777 3006 4831 suis
3042 4779 3320 4834 universis
3357 4781 3548 4835 habuit

296 4885 461 4938 αὑτοῦ
497 4901 600 4937 που
635 4883 795 4946 αὐτὸς
827 4883 1175 4952 ἐγκαρτερῶν
1215 4881 1621 4950 φανταζόμενος
1648 4878 1744 4950 τὴν
1781 4879 1871 4932 τοῦ

1981 4875 2152 4944 Copiis
2185 4875 2250 4927 ad
2283 4877 2659 4942 imperatorem
2690 4869 3084 4938 insequendum
3110 4870 3550 4942 capiendumque

298 4977 694 5046 αὐτοκράτορος
748 4975 1096 5044 κατάσχεσιν.
1157 4972 1406 5026 Tomi-rat
1459 4973 1568 5042 γὰρ
1619 4971 1871 5040 λογισμοὶ

1981 4970 2153 5032 misit,
2240 4966 2354 5035 ipse
2415 4962 2633 5017 interim
2684 4960 2885 5015 ibidem
2943 4963 3233 5030 Opperiens
3299 4970 3547 5032 optatum

299 5068 489 5121 τούτου
518 5069 579 5121 τὸ
604 5067 909 5138 ὑπέρογκον
954 5065 1205 5129 ἐξέκαιον
1251 5066 1527 5136 φρόνημα.
1577 5065 1638 5116 0i
1689 5063 1745 5116 δὲ
1789 5063 1878 5115 εὐο

1989 5061 2267 5122 nu'ntiutn,
2301 5055 2694 5126 speralunique
2751 5059 3105 5121 conspectum
3141 5051 3374 5125 Augusti
3416 5069 3549 5123 capo

1331 5216 1855 5280 Varirelectiones
1887 5233 1963 5278 ex
1987 5216 2130 5278 cod.
2165 5214 2436 5279 Coislin.

372 5326 488 5360 ’θ’θ’
508 5324 845 5400 δηλοῦσαν.
920 5325 966 5357 ⁹⁶
986 5323 1170 5378 τόπον.
1245 5322 1290 5353 ⁸⁷
1323 5321 1548 5390 ταύτην.
1633 5319 1677 5352 ³⁸
1709 5318 1871 5374 Deest

1960 5318 2087 5373 icula
2110 5318 2207 5377 ὡς.

1371 5437 1514 5500 Car.
1547 5433 1881 5498 Dufresnii
1907 5436 2006 5497 Du
2037 5433 2256 5511 Cangii
2297 5441 2483 5497 notae.

378 5595 505 5669 (96‘)
544 5595 864 5665 Τούρκους.
891 5589 1102 5650 Turcos
1129 5590 1235 5646 hoc
1265 5589 1320 5643 in
1369 5583 1515 5640 bello
1563 5583 1759 5639 Alexio
1791 5581 2062 5637 militasse
2090 5591 2283 5636 auctor
2307 5587 2392 5634 est
2428 5587 2692 5651 praetcrea
2729 5580 2896 5641 Guill.
2929 5579 3263 5654 Apuliensis.

1125 5684 1265 5741 Pars
1292 5699 1495 5755 quoque
1528 5680 1825 5738 Turcorum
1847 5695 1965 5735 cum
2000 5675 2204 5735 Curris
2228 5679 2404 5734 interit
2431 5679 2633 5751 iugem.
