3942 6208
245 324 356 388 369

1517 327 1935 392 ALEXIADIS
1985 329 2132 390 LIB.
2163 329 2264 391 IV.

3403 341 3507 403 3'70

247 439 480 494 καὶτῶν
511 437 711 510 χειρῶν
741 439 949 494 τούτων
996 441 1277 507 ἐξέπεσον,
1310 441 1382 496 τὰ
1426 442 1483 496 δὲ
1521 444 1818 511 διαπεπαρ-

1935 441 2153 510 cnlique
2215 440 2433 511 plenum
2492 441 2864 512 spectaculum
2923 444 3136 501 exstitit
3186 447 3400 502 loricati
3453 451 3508 504 in

247 530 389 602 μένα
418 533 535 594 τοῖς
569 531 762 602 μέρεσι
791 531 885 586 του
917 533 1224 603 ὲσθήματος
1269 535 1362 587 τοῦ
1397 533 1662 604 βασιλέως
1703 535 1830 585 ἐνα-

241 621 608 691 πομείναντα,
667 622 1102 692 μετεωρισθέντα
1131 623 1209 692 τῷ
1261 624 1412 695 ἵππῳ
1440 621 1834 694 συνηκολούθη-

248 731 374 771 σαν.
441 714 504 767 '0
547 715 605 768 δὲ
657 715 818 776 εὐθὺς
841 716 1231 770 ἁποκόπτειτὰ
1267 716 1587 786 ὲπαγόμενα
1607 715 1828 786 δόρατα,

241 807 346 859 καὶ
374 805 500 858 οὔτε
559 806 924 878 τεθορύϐηται
971 808 1068 877 τὴν
1100 807 1280 878 ψυχὴν
1321 811 1378 862 ὲν
1405 809 1688 870 τοσούτοις
1716 807 1830 859 6st-

239 901 358 961 νοῖς
397 899 699 960 καταστὰς.
746 898 868 951 οὔτε
924 899 1267 969 συνεθολὼθη
1333 901 1458 962 τοὺς
1511 899 1828 970 λογισμοὺς,

241 991 388 1043 ἀλλὰ
407 991 543 1060 ταχὺ
581 989 674 1042 τοῦ
710 991 1048 1054 συνοίσοντος
1081 991 1315 1060 γίνεται,
1372 993 1468 1045 καὶ
1505 991 1565 1044 τὺ
1591 992 1830 1060 παράδο-

239 1086 338 1150 ξον
365 1087 429 1138 ἐκ
458 1086 623 1153 μέσου
656 1086 849 1138 ἑαυτὸν
884 1090 1140 1140 ποιεῖται,
1178 1087 1240 1138 Οἱ
1271 1088 1326 1138 δέ
1353 1103 1413 1153 γε
1436 1085 1634 1136 Κελτοὶ
1661 1101 1828 1154 κεχη-

235 1180 395 1228 νότες
427 1177 789 1246 εἱστήκεσαν,
840 1177 902 1228 τὸ
953 1178 1172 1246 γεγονὸς
1221 1177 1694 1244 ἐκπληττόμενον
1736 1177 1830 1228 καὶ

233 1270 355 1339 γὰρ
393 1265 462 1340 ἦν
513 1269 830 1337 ἐκπλήξεως
854 1271 1028 1336 ἄξιοψ
1071 1269 1397 1338 θεασάμενοι
1433 1269 1490 1321 δὲ
1520 1268 1712 1321 τοῦτον
1745 1267 1828 1334 ἐφ’

234 1363 443 1431 ἑτέραν
470 1363 770 1432 τραπέντα,
804 1364 896 1414 καὶ
920 1361 1075 1423 αὖθις
1109 1363 1359 1414 ἐδίωκον.
1389 1361 1447 1413 '0
1480 1361 1558 1424 δὲ,
1583 1359 1827 1413 ὲπὶπολὺ

233 1452 387 1506 νῶτα
408 1457 517 1518 τοῖς
551 1452 942 1522 μεταδιώκουσι
976 1451 1336 1522 στρατιώταις
1367 1453 1561 1519 διδοὺς,
1589 1453 1750 1520 στρέᾲ
1764 1469 1827 1514 ας

231 1545 332 1596 τὸν
351 1545 443 1615 κα)
459 1546 567 1598 ινὶν
581 1547 672 1598 καὶ
698 1547 1031 1616 συναντήσας
1053 1546 1132 1598 ἑνὶ
1153 1545 1258 1598 τῶν
1278 1544 1602 1608 διωκόντων,
1623 1544 1832 1598 6:81:16-

231 1657 322 1692 νει
341 1639 398 1691 τὸ
415 1639 541 1706 δόρυ
556 1639 666 1700 τοῖς
685 1639 946 1708 στέρνοις.
966 1637 1023 1688 '0
1040 1637 1095 1690 δὲ
1113 1637 1411 1704 τηνικαῦτα
1430 1638 1508 1698 είς
1526 1636 1624 1706 γῆν
1641 1636 1828 1700 ὕπτιος

229 1730 438 1785 ἔκειτο.
466 1729 527 1780 '0
546 1729 600 1780 δὲ
623 1728 894 1798 βασιλεὺς,
912 1725 1063 1792 αὖθις
1082 1729 1177 1790 τὰς
1193 1729 1349 1798 ἡνίας
1373 1727 1630 1800 στρέψας,
1650 1731 1826 1800 εἴχετο

1933 547 2078 601 equo
2145 533 2493 602 imperatoris
2564 536 2785 604 appetiti
2859 538 3102 608 undique
3154 541 3511 596 mucronibus

1938 624 2241 685 hastarum,
2289 633 2342 678 et
2375 640 2562 681 earum
2619 629 2770 682 vario
2820 644 2879 685 se
2927 641 3121 685 mutuo
3177 643 3512 703 temperante

1934 716 2170 784 impulsu
2209 715 2282 770 ita
2323 717 2526 782 librati,
2561 728 2620 773 ut
2653 720 2798 775 nulla
2835 737 2892 777 re
2921 722 3028 777 alia
3055 740 3222 794 quam
3260 727 3512 781 Inultituv-

1933 808 2132 862 dinein
2175 809 2387 861 ruinam
2419 810 2728 880 urgentium
2773 823 2997 869 erectus
3047 823 3243 873 staret.
3286 818 3424 872 Cum
3465 818 3510 872 is

1933 909 2112 953 autem
2173 902 2264 954 tali
2321 905 2614 958 occasione
2665 915 2884 960 strenue
2926 917 3085 962 utens
3120 925 3241 965 sese
3290 911 3344 965 in
3381 911 3511 969 sede

1932 994 2141 1047 certius
2180 993 2474 1058 firmasset,
2530 997 2895 1067 restitutaque
2934 1001 2987 1053 in
3045 1001 3289 1055 debitum
3331 1004 3506 1058 locum

1930 1084 2247 1152 cpht-slride
2317 1087 2442 1154 equi
2510 1086 2756 1141 habenas
2810 1094 3100 1157 angustius
3157 1105 3508 1159 compescens

1929 1175 2038 1227 alte
2077 1173 2418 1238 adduxisset,
2451 1192 2749 1244 generosus
2791 1182 3017 1249 sonipes
3053 1191 3245 1234 natura
3276 1183 3504 1249 μηνίει·-

1929 1263 2106 1326 vidus,
2144 1274 2196 1316 et
2229 1265 2398 1318 ﬁrmis
2433 1267 2711 1329 cruribus,
2763 1268 3035 1339 planeque
3093 1283 3252 1340 aptus
3287 1273 3350 1326 ad
3415 1291 3508 1326 co—

1930 1363 2088 1409 natus
2119 1354 2397 1410 circenses
2432 1362 2792 1428 martiOSque,
2823 1377 2928 1414 non
2961 1363 3122 1415 modo
3152 1379 3209 1418 se
3238 1365 3290 1418 in
3326 1375 3510 1433 pos:e-

1930 1447 2103 1502 riores
2182 1449 2415 1519 ungulas
2492 1452 2704 1516 erexit,
2786 1469 2975 1507 verum
3057 1457 3220 1510 etiam
3305 1459 3506 1528 impetu

1930 1551 2222 1612 concepto,
2248 1545 2444 1597 saltum
2467 1545 2786 1613 expediens,
2817 1562 2938 1601 sese
2961 1550 3311 1619 equitemque
3341 1568 3503 1605 suum

1931 1637 1984 1689 in
2023 1647 2186 1704 petrae
2220 1639 2550 1707 adjacentis.
2577 1641 2736 1709 cujus
2772 1645 2938 1698 modo
2971 1647 3350 1709 meminimus,
3385 1662 3508 1698 ver-

1933 1727 2092 1782 ticem
2149 1729 2319 1784 instar
2376 1731 2566 1801 Pegasi
2628 1735 2913 1801 cujusdam
2980 1737 3222 1794 volucris
3285 1739 3504 1793 extulit.

228 1822 335 1891 τῆς
358 1821 628 1892 προτέρας
649 1805 792 1876 ὀδοῦ.
813 1823 1057 1890 Συναντᾷ
1073 1821 1251 1873 τοίνυν
1273 1821 1379 1874 ἀπὸ
1391 1823 1496 1873 τῶν
1513 1821 1818 1892 ἔμπροσθεν

1929 1820 2224 1875 Dicebatur
2280 1822 2326 1877 is
2361 1839 2540 1891 equus
2572 1823 2849 1890 Curilzes,
2899 1831 3045 1897 quod
3104 1846 3303 1884 nomen
3349 1845 3507 1884 acce-

227 1914 543 1968 διωκόντων
573 1915 670 1976 τὰς
715 1914 1030 1983 Ῥωμαϊκὰς
1055 1914 1313 1984 δυνάμεις
1336 1914 1560 1976 Κελτοῖς
1591 1915 1691 1967 οὐκ
1709 1914 1821 1967 ὀλί-

229 2023 373 2076 γοις·
401 2009 451 2060 οί
474 2007 554 2072 δέ,
579 2005 1062 2077 πόρῤωθενόἱτον
1089 2007 1410 2076 θεασάμενοι
1431 2007 1821 2076 συνησπικότες

228 2101 495 2170 ἔστησαν,
536 2101 660 2163 τούς
696 2119 752 2153 τε
793 2103 993 2161 ἵππους
1043 2099 1670 2170 ἀναψύξωβουλόμενοι,
1704 2101 1821 2170 ἅμα

227 2192 284 2246 δὲ
306 2194 404 2245 καὶ
437 2191 724 2262 ζωγρῆσαι
751 2191 943 2245 τοῦτον
978 2192 1282 2254 ἐθέλοντες.
1311 2191 1608 2244 κάντεῦθεν
1630 2191 1820 2261 ὥσπερ

227 2304 281 2340 τι
315 2286 562 2355 λάφυρον
592 2284 669 2354 τῷ
714 2285 1040 2356 Ῥομπέρτῳ
1072 2284 1317 2354 κομίσαι.
1374 2286 1431 2337 Ὀ
1475 2283 1530 2337 δὲ
1571 2284 1687 2350 ἃμα
1723 2283 1820 2352 μὲν

225 2379 356 2442 τοὺς
399 2377 630 2430 ὄπισθεν
680 2377 899 2445 φεύγων
933 2377 1253 2442 διώκοντας,
1312 2379 1404 2428 καὶ
1449 2378 1575 2438 τοὺς
1613 2375 1821 2444 ἔμπρο-

228 2467 357 2521 σθεν
381 2467 746 2538 θεασάμενος,
770 2469 1084 2536 ἀπεγνώκει
1125 2471 1224 2531 τὰς
1249 2468 1528 2532 σωζούσας
1563 2468 1810 2531 ἐλπίδας.

229 2556 640 2628 Συιλλεξάμενος
685 2558 740 2610 δὲ
780 2559 995 2623 ἑαυτὸν,
1019 2559 1114 2611 ἐπὶ
1148 2558 1255 2610 τῶν
1291 2559 1464 2612 ἄλλων
1507 2560 1668 2627 μέσον
1697 2559 1819 2612 τινὰ

225 2650 493 2704 ἐθεάσατο
546 2650 656 2703 ἀπό
696 2667 755 2704 τε
801 2651 890 2704 τοῦ
949 2650 1198 2720 σώματος
1226 2653 1321 2705 καὶ
1377 2652 1476 2721 τῆς
1505 2653 1609 2705 τῶν
1641 2653 1818 2705 ὅπλων

223 2742 689 2814 ἀποπαλλομένης
707 2741 900 2814 αἴγλης
917 2744 1010 2796 τὸν
1043 2742 1247 2812 Ῥὀμπε
1259 2761 1379 2812 ρτον
1399 2740 1540 2796 εἶναι
1565 2745 1816 2812 νομίσας,

228 2835 590 2904 καταστήσας
621 2834 717 2888 τὸν
752 2837 917 2888 ἵππον
949 2833 1070 2888 κατ’
1109 2835 1272 2888 αὐτοῦ
1303 2835 1547 2905 φέρεται·
1572 2837 1817 2898 κάκεῖνος

223 2922 265 2975 6’
302 2922 520 2974 ἐκεῖθεν
581 2924 719 2993 προς
781 2924 948 2977 αὑτὸν
995 2923 1055 2976 τὸ
1097 2924 1224 2993 δόρυ
1279 2923 1532 2988 εὐθύνας,
1579 2925 1672 2975 καὶ
1719 2924 1818 2993 μέν

223 3034 306 3069 τοι
343 3035 410 3084 γε
445 3018 543 3070 καὶ
576 3017 964 3078 συνελάσαντες
1000 3017 1168 3086 ἄμφω
1191 3019 1331 3070 κατὰ
1371 3017 1430 3069 τδ
1469 3016 1814 3086 μεσαίχμιον,

1926 1922 2081 1982 perat
2111 1925 2140 1964 a
2179 1912 2345 1980 priori
2385 1913 2607 1968 domino
2647 1916 2940 1986 Bryennio.
2968 1919 3065 1973 llic
3096 1920 3238 1974 enim
3276 1920 3393 1988 ipse
3421 1927 3506 1973 est

1925 2018 2086 2073 quem
2121 2003 2434 2070 insignibus
2466 2007 2850 2077 imperialibus
2883 2029 2943 2065 ac
2971 2013 3266 2082 purpureis
3313 2013 3503 2082 phale«

1923 2096 2002 2149 ris
2033 2105 2284 2150 ornatum
2319 2094 2544 2150 Alexius
2596 2099 2645 2151 in
2684 2101 2869 2168 praelia
2901 2109 3094 2155 contra
3145 2103 3502 2173 Bryennium,

1926 2187 2229 2257 imperante
2265 2187 2445 2243 adhuc
2475 2188 2759 2246 Botaniate
2785 2191 3116 2262 Nicephoro,
3159 2205 3219 2250 ut
3248 2200 3504 2266 superius

1926 2280 2292 2343 narravimus,
2317 2293 2560 2351 ceperat.
2612 2280 2882 2338 thcrum
2917 2298 3356 2358 quantmcunque
3381 2292 3515 2358 ejus.

1923 2372 2048 2441 equi
2082 2372 2228 2426 vires
2260 2382 2439 2434 erant.
2475 2391 2824 2446 nequaquam
2875 2377 2925 2430 id
2980 2379 3100 2432 sine
3135 2379 3333 2435 divina:
3374 2398 3501 2452 erga

1921 2462 2177 2518 Alexium
2236 2466 2594 2534 providentiae
2646 2470 2904 2538 prmsenti
2959 2485 3062 2539 ope
3131 2473 3503 2538 miraculoque

1926 2555 2222 2610 manifesto
2256 2559 2500 2625 potuisse
2557 2567 2687 2614 tunc
2723 2561 2946 2630 quidem
2991 2562 3144 2616 visus
3181 2575 3288 2618 est.
3323 2563 3504 2620 Hastae

1924 2661 2092 2716 porro
2120 2646 2520 2716 Barbarorum,
2566 2653 2763 2721 partim
2801 2653 2920 2722 ipso
2961 2655 3162 2723 equitis
3198 2673 3356 2720 quem
3411 2674 3503 2711 ur—

1924 2740 2122 2808 gebant
2147 2741 2417 2795 evolautis
2446 2743 2650 2812 impetu
2677 2759 2924 2799 excussa:
2943 2745 3010 2800 de
3037 2748 3291 2802 manibus
3315 2758 3505 2805 tenen-

1924 2831 2058 2881 tium
2111 2830 2462 2898 cﬂluxerunt,
2525 2833 2724 2902 partim
2780 2835 2962 2888 iniixze
3017 2837 3187 2894 variis
3251 2840 3503 2908 partibus

1923 2920 2405 2988 illip::f:ilt)l‘i3l'Ulil
2449 2924 2682 2978 vestium
2717 2925 2896 2995 ipsum
2949 2927 3336 2996 imperatorem
3379 2947 3501 2986 sese

1923 3011 1976 3065 in
2009 3013 2176 3066 altum
2215 3012 2560 3082 efferentem,
2614 3016 2741 3085 equi
2799 3017 3058 3072 similiter
3111 3029 3277 3089 rapta:
3330 3022 3497 3084 saltu,

225 3109 343 3161 κατ’
378 3108 666 3177 ἀ).λή).λων
722 3109 920 3162 ἵενται.
981 3108 1254 3179 Πρότερον
1287 3108 1341 3160 δὲ
1374 3109 1401 3160 6
1457 3106 1814 3176 αὐτοκράτωρ

1923 3113 2232 3158 consecutae
2272 3114 2424 3160 sunt.
2456 3106 2603 3174 Quas
2636 3107 2820 3162 statim
2881 3108 3164 3179 Augustus
3199 3125 3324 3164 cum
3366 3111 3499 3180 ipsis

223 3200 474 3264 διιθὺνας
515 3199 616 3266 τὴν
666 3203 824 3271 χεῖρα
867 3201 1017 3255 παίει
1066 3199 1260 3253 τοῦτον
1283 3201 1371 3254 διὰ
1417 3199 1509 3253 τοῦ
1543 3200 1768 3268 δόρατος
1795 3217 1808 3230 ·

226 3296 282 3347 τὸ
299 3296 354 3348 δὲ
384 3293 616 3348 αὐτόθεν
643 3295 732 3347 διὰ
761 3297 868 3348 τῶν
901 3295 1093 3365 μαζῶν
1119 3295 1199 3359 είς
1227 3297 1295 3348 τὰ
1329 3294 1639 3365 μετάφρενα
1665 3294 1812 3348 διεκ-

229 3387 492 3440 ϐάλλεται
533 3427 548 3441 .
590 3388 699 3441 Καὶ
727 3388 816 3441 τὸν
853 3390 956 3458 μὲν
995 3389 1273 3459 βάρϐαρον
1310 3389 1508 3442 αὐτίκα
1535 3383 1679 3458 εἶχεν
1707 3391 1811 3457 γῆ·

230 3479 387 3542 εὐθὺς
420 3480 534 3548 γὰρ
559 3477 748 3532 τοῦτον
777 3480 987 3548 ἀφῆκεν
1013 3481 1104 3532 καὶ
1139 3482 1170 3549 ή
1195 3480 1362 3550 ψυχὴ,
1415 3480 1512 3550 τῆς
1557 3479 1813 3549 τρώσεως

232 3573 451 3639 καιρίας
482 3571 884 3640 γεγενημένης.
926 3573 1034 3624 Καὶ
1088 3571 1182 3625 τοῦ
1241 3570 1430 3623 λοιποῦ
1471 3573 1499 3623 6
1532 3572 1808 3642 βασιλεὺς,

216 3660 640 3731 Δδιασχισθείσης
676 3664 772 3729 τῆς
808 3661 1114 3729 φάλαγγος,
1139 3660 1226 3715 διὰ
1246 3661 1426 3730 μέσων
1443 3661 1621 3714 αὐτῶν
1654 3661 1808 3726 ἐξιπ-

230 3754 465 3813 πάσατο,
501 3751 691 3804 ἄδειαν
737 3752 886 3823 αὑτῷ
933 3753 1308 3823 ἑφευράμενος
1338 3753 1434 3823 τὴν
1467 3752 1679 3822 σφαγὴν
1717 3750 1810 3806 τοῦ

231 3845 514 3916 βαρΰάρου
545 3844 762 3898 τούτου.
802 3846 864 3898 Ol
897 3843 942 3896 δ’
978 3845 1141 3909 εὐθὺς
1169 3846 1260 3898 τὸν
1280 3845 1561 3915 τρωθέντα
1595 3847 1674 3908 είς
1707 3844 1811 3914 γῆν

231 3939 570 4009 ἐρριμμένον
602 3937 956 4008 θεασάμενοι,
978 3938 1363 4007 περιχυθέντες
1389 3938 1648 4006 κειμένῳ,
1682 3937 1810 4006 περὶ

233 4025 400 4077 αὑτὸν
449 4025 816 4078 διεπονοῦντο.
874 4027 982 4079 Καὶ
1026 4029 1074 4079 οί
1104 4026 1329 4079 ὄπισθεν
1360 4026 1379 4056 ⁷
1434 4025 1524 4078 τὺν
1589 4026 1810 4096 βασιλέα

226 4117 540 4181 διώκοντες,
567 4117 787 4182 τούτους
806 4119 1153 4189 θεασάμενοι,
1174 4119 1476 4182 ἀποϐάντες
1497 4119 1605 4171 τῶν
1624 4119 1807 4173 ἵππων

230 4209 322 4262 καὶ
341 4211 720 4280 γνωρίσαντες
769 4211 862 4264 τὸν
896 4213 1086 4282 ἄνδρα,
1115 4213 1413 4265 ἐκόπτοντο
1441 4211 1806 4276 ὀλολύζοντες.

240 4299 381 4353 Ἀλλ’
413 4303 440 4354 6
482 4300 822 4371 Ῥὁμπερτος
858 4303 958 4370 μὲν
987 4301 1090 4354 οὐκ
1119 4297 1209 4372 ἦν,
1247 4303 1433 4368 ἕτερος
1461 4300 1516 4352 δὲ
1548 4301 1654 4353 τῶν
1687 4304 1809 4354 ἐπι-

230 4393 415 4459 φανῶν
448 4393 546 4446 καὶ
574 4395 602 4447 6
622 4393 809 4446 τούτου
851 4393 1124 4462 δεύτερος.
1191 4395 1407 4446 Τούτων
1461 4393 1518 4446 δὲ
1546 4393 1805 4462 ἀσχολου-

1921 3196 2064 3249 unde
2103 3197 2419 3264 pendebant
2451 3201 2682 3254 vestium
2720 3200 2937 3255 laciniis
2967 3203 3227 3257 abscidit.
3263 3203 3499 3274 Moxque

1920 3290 2066 3341 nulla
2121 3290 2538 3358 perturbatione
2597 3293 2798 3350 mentis
2861 3293 2917 3348 in
2975 3297 3141 3350 tantis
3174 3296 3356 3360 malis,
3405 3306 3500 3350 aut

1917 3379 2136 3434 turbida
2196 3382 2589 3438 inccrtitndine
2660 3385 2903 3451 consilii,
2961 3387 3149 3442 statim
3199 3389 3506 3457 expediens

1917 3473 2048 3542 quid
2080 3471 2222 3527 facto
2252 3484 2401 3529 esset
2454 3490 2613 3544 Opus,
2668 3492 2728 3532 se
2779 3478 3107 3533 mirabiliter
3159 3481 3284 3534 inde
3324 3485 3498 3549 prori-

1917 3567 2066 3634 puit:
2099 3565 2270 3620 Gallis
2297 3567 2575 3622 inliianter
2592 3568 2798 3622 circum
2826 3570 3291 3639 suspectantibus,
3315 3571 3496 3627 incre-

1913 3657 2180 3728 dibilique
2206 3666 2428 3728 stupore
2463 3659 2752 3728 perculsis.
2783 3660 2846 3713 Et
2881 3671 2999 3715 erat
3027 3663 3280 3732 stupendi
3301 3679 3489 3722 causa.

1914 3745 2038 3800 Mox
2068 3747 2176 3800 alio
2211 3747 2403 3816 procul
2439 3748 2638 3801 itinere
2681 3748 2981 3818 fugientem
3035 3751 3342 3817 conspicati
3377 3760 3492 3806 toto

1915 3855 2111 3894 rursus
2151 3839 2522 3905 insequuntur
2558 3841 2798 3908 impetu;
2846 3855 3076 3910 quorum
3121 3844 3355 3911 strepitu
3411 3844 3492 3898 in-

1913 3933 2175 3986 stantium
2228 3931 2529 4000 imperator
2562 3931 2902 3995 admonitus,
2939 3932 3030 3985 ubi
3065 3943 3238 3989 tracta
3274 3936 3325 3988 in
3371 3936 3490 3990 lon-

1913 4039 2037 4092 gum
2066 4022 2191 4095 fuga
2222 4037 2450 4076 securos
2485 4023 2716 4092 periculi
2747 4023 2986 4078 victores
3018 4023 3244 4089 fecerat,
3267 4037 3488 4096 repente

1910 4116 2086 4172 versis
2137 4115 2363 4170 habenis
2423 4131 2591 4170 unum
2649 4115 3081 4185 insequentium,
3135 4135 3294 4187 quem
3351 4121 3490 4174 forte

1911 4210 2152 4280 primum
2219 4209 2440 4264 obvium
2500 4209 2718 4272 habuit,
2792 4210 2951 4263 hasta
3013 4212 3486 4275 transverberatis,

1910 4302 2142 4356 adverso
2168 4309 2408 4371 pectore,
2443 4301 2702 4370 supinum
2729 4300 2915 4369 dejicit
2941 4301 2994 4355 in
3031 4309 3259 4357 terram.
3283 4303 3488 4372 SiCque

1913 4409 2180 4450 converso
2215 4395 2414 4447 iterum
2441 4407 2585 4460 equo
2615 4393 2797 4461 priore
2835 4393 2921 4445 via
2956 4394 3247 4446 continuat
3277 4393 3486 4462 fugam.

231 4484 431 4552 μένων,
501 4487 530 4538 6
572 4483 825 4555 βασιλεὺς
857 4486 950 4539 ἐπὶ
976 4486 1043 4540 τὰ
1076 4485 1260 4554 πρόσω
1284 4485 1382 4555 τὴν
1418 4486 1648 4556 πορείαν
1681 4487 1807 4538 ὲπε-

1923 4486 1990 4540 Eo
2018 4487 2212 4540 itinere
2245 4485 2408 4554 paulo
2441 4493 2563 4553 post
2599 4483 2790 4538 incidit
2823 4483 2876 4536 in
2904 4483 3171 4552 quasdam
3203 4485 3488 4539 Gallorum

227 4580 442 4668 ποέητο.

1914 4579 2170 4632 cohortes
2219 4591 2339 4646 qua:
2404 4575 2686 4630 Romanos
2744 4584 3049 4644 persecutae
3106 4573 3376 4660 fugientes
3429 4575 3483 4627 in

226 4686 411 4729 castra
447 4675 704 4731 victrices
727 4676 997 4731 redibant.
1037 4675 1101 4730 lli
1133 4676 1252 4730 viso
1283 4677 1471 4746 procul
1502 4674 1800 4747 agnitoque
1843 4676 2092 4744 Augusto
2123 4673 2322 4728 ibidem
2356 4671 2408 4724 in
2442 4671 2529 4726 via
2554 4671 2756 4733 media,
2791 4686 2895 4739 qua
2958 4669 3306 4724 ncccsmrius
3368 4682 3491 4726 erat
3534 4699 3535 4702 η

230 4769 519 4829 transitus,
552 4766 866 4835 conglobati
898 4767 1186 4836 scutisque
1215 4765 1527 4821 commissis
1572 4773 1627 4821 et
1661 4767 1895 4821 invicem
1934 4763 2208 4820 consertis
2232 4770 2577 4832 exspectant,
2633 4778 2742 4830 quo
2809 4761 3036 4829 etequis
3099 4761 3260 4829 longo
3321 4778 3483 4819 cursu

229 4855 393 4914 fessis
428 4859 636 4929 aliquid
686 4859 979 4914 laxamenti
1014 4858 1226 4912 modica
1284 4858 1474 4928 requie
1555 4859 1623 4913 ad
1697 4873 1870 4912 novos
1911 4864 2148 4911 conatus
2189 4855 2411 4918 darent,
2451 4862 2506 4907 et
2533 4855 2942 4920 imperatorem,
2971 4869 3130 4921 quem
3165 4854 3344 4908 vivum
3387 4872 3484 4911 ca-

231 4966 360 5018 pere
395 4954 579 5021 potius
609 4969 772 5024 quam
802 4954 1028 5008 incursu
1071 4953 1326 5009 occidere
1359 4955 1604 5019 mallent,
1646 4955 1788 5008 haud
1832 4952 2007 5022 ignari
2083 4965 2247 5019 quam
2307 4958 2523 5018 gratum
2579 4949 2630 5001 id
2707 4947 2945 5002 Roberto
2993 4963 3193 5003 munus
3244 4951 3493 5006 oblaturi

225 5049 433 5109 essent,
469 5046 547 5099 sic
579 5047 776 5101 melius
811 5045 1119 5116 redigerent
1153 5047 1206 5100 in
1246 5056 1595 5113 potestatein.
1648 5046 1789 5100 Tum
1868 5047 2152 5100 enimvero
2221 5043 2518 5109 imperator
2551 5041 2643 5111 qui
2683 5049 2765 5094 tot
2805 5055 2834 5093 a
2883 5049 3036 5111 tergo
3071 5041 3480 5112 insequentium

230 5137 470 5192 hostium
499 5138 759 5194 infestum
795 5140 1054 5209 impetum
1097 5142 1183 5195 vix
1233 5155 1296 5196 ac
1327 5158 1394 5196 ne
1439 5144 1526 5196 vix
1577 5142 1800 5211 quidem
1841 5140 2166 5210 jamdudum
2196 5137 2582 5201 frustraretur,
2620 5139 2760 5192 alios
2839 5155 3058 5208 quoque
3127 5152 3483 5196 occurrentes

227 5247 257 5283 a
289 5231 463 5287 fronte
512 5249 768 5300 cernens,
831 5236 990 5304 plane
1035 5247 1217 5291 actum
1269 5239 1486 5304 putavit
1537 5238 1697 5306 120
1763 5237 1830 5290 de
1872 5238 2052 5291 salute
2082 5251 2209 5292 sua.
2273 5234 2440 5302 Ergo,
2473 5234 2617 5304 quod
2647 5251 2814 5288 unum
2847 5246 3156 5304 supererat,
3191 5239 3476 5292 honestam

229 5337 333 5378 nec
382 5324 608 5379 inultam
658 5326 922 5384 adi-etans
969 5340 1232 5395 mortem,
1292 5343 1579 5400 postquam
1637 5331 1784 5385 brevi
1827 5332 2008 5400 spatio
2037 5345 2162 5384 sese
2199 5329 2439 5398 collegit,
2520 5329 2573 5382 in
2611 5328 2919 5383 confertam
2964 5338 3188 5399 repente
3253 5332 3481 5384 Obstan-

233 5415 370 5468 tium
400 5417 615 5470 turbam
654 5418 865 5487 irruit;
911 5423 1265 5494 mediumque
1329 5425 1576 5493 ipsorum
1646 5423 1885 5478 sublime
1921 5431 2233 5478 exstantem
2270 5420 2712 5476 anirnadvertens
2744 5425 3056 5494 quempiam
3107 5437 3218 5478 tum
3289 5439 3318 5476 a
3366 5432 3478 5476 sta-

236 5516 372 5561 tura:
413 5509 591 5574 modo,

671 5517 785 5564 tum
837 5527 867 5565 a
925 5513 1138 5585 fulgore
1185 5532 1466 5570 armorum
1516 5515 1836 5586 suspicatus
1910 5514 2216 5570 Bobertum
2278 5528 2420 5578 esse,
2476 5513 2655 5584 ipsum
2698 5523 2846 5568 rei-ta
2908 5516 3058 5584 petit.
3119 5516 3288 5580 Quem
3337 5513 3480 5569 alter

232 5613 430 5668 magno
462 5603 648 5658 animo
679 5612 1041 5678 protentaque
1073 5609 1228 5665 hasta
1264 5626 1329 5665 ex
1362 5609 1597 5664 adverso
1650 5609 1904 5664 similiter
1933 5606 2168 5662 invadit.
2204 5604 2284 5660 Eo
2356 5606 2646 5678 utriusque
2712 5623 2879 5662 cursu
2943 5606 3180 5661 medium
3235 5606 3473 5675 spatium

1267 5728 1466 5792 Vat-ire
1511 5727 1814 5792 lectiones
1860 5744 1937 5790 ex
1971 5727 2110 5790 cod.
2159 5723 2418 5787 Coislin.

312 5799 335 5832 '
359 5801 571 5858 ὄπισθεν
597 5804 676 5863 δέ.
