3942 6208
187 275 285 345 385
1478 290 1741 351 ALEXU.

1853 292 1895 353 S
1946 293 2018 354 Ll
2034 293 2097 355 Β.
2138 295 2205 356 ν.
3350 297 3458 360 336

184 391 588 459 gressionibus,
687 401 802 448 tum
852 394 905 450 in
957 403 1151 452 senatu
1201 397 1270 453 ad
1331 398 1508 471 ipsum
1564 411 1782 458 vocato.
1825 403 2070 458 Tandem
2102 403 2435 475 przevaleute
2465 405 2517 460 in
2553 403 2671 462 dics
2707 417 2856 463 metu
2897 407 3148 472 Roberti,
3221 409 3451 480 perditis

186 487 359 546 rebus,
387 486 545 554 quasi
573 487 636 537 ad
669 501 887 539 sacram
925 488 1226 544 anchoram
1251 491 1757 550 ecclesiasticorum
1802 494 2188 550 thesaurorum
2242 495 2454 566 adjecta
2504 497 2886 570 naufragantis
2971 501 3290 572 reipublira:
3357 521 3454 562 co-

183 582 367 650 gitatio
399 590 506 634 est.
584 577 868 648 Replicati
925 581 991 636 ad
1041 585 1328 639 obtentum
1382 587 1463 641 rei
1511 601 1706 655 parum
1747 587 1802 641 in
1847 589 2045 659 vulgus
2132 590 2442 658 plausibilis
2501 600 2715 646 veteres
2774 607 3050 656 canones,
3116 597 3320 664 quibus
3397 600 3454 652 in

181 671 611 740 redemptionem
642 671 990 739 captivorum
1051 675 1295 744 impendi
1360 693 1550 733 sacras
1576 679 1842 748 pecunias
1885 679 2229 750 conflarique
2263 696 2394 736 vasa
2440 682 2790 750 templorum,
2840 681 2924 737 fas
2966 697 3088 737 esse
3127 686 3446 740 cavebatur.

179 763 853 822 Admonebautiucidisse
901 775 1119 839 tempus
1153 769 1314 825 illud.
1350 771 1572 827 Servire
1611 771 1760 826 enim
1837 775 2161 828 servitutem
2223 773 2592 828 miserabilem
2642 782 2696 829 et
2749 776 2801 828 in
2856 775 3083 830 exitium
3136 778 3331 832 auimze
3384 792 3450 832 ac

179 867 479 939 periculum
511 864 707 918 salutis
736 879 982 934 praesens
1015 867 1118 920 sub
1167 869 1410 923 dominis
1482 867 1797 924 infidelibus
1837 867 2193 923 Christianos
2252 885 2347 939 per
2379 869 2656 925 Orientem
2707 870 3157 927 innumerabiles.
3233 871 3445 938 Quibus

179 961 426 1016 succurri
463 971 650 1029 posset
688 975 795 1014 non
829 977 894 1015 ex
963 960 1101 1030 ipsis
1149 962 1373 1032 quidem
1440 963 1751 1018 celebribus
1781 971 1836 1017 et
1875 963 2196 1031 quotidiana
2252 964 2516 1033 religione
2580 965 2944 1034 frequentatis
2996 967 3173 1021 sacris
3232 969 3451 1023 aedibus

179 1054 574 1124 redemptionis
625 1054 807 1124 pretio
863 1054 1098 1119 petendo
1152 1072 1165 1107 :
1217 1053 1314 1110 sed
1373 1069 1439 1108 ex
1488 1054 1725 1110 desertis
1797 1055 2119 1124 nullumque
2142 1055 2254 1125 jam
2291 1053 2407 1109 fere
2440 1071 2596 1109 usum
2622 1056 2996 1111 habentibus:
3066 1073 3189 1127 quae
3251 1073 3447 1129 magna

180 1148 540 1202 denariorum
577 1154 825 1200 veterum
881 1145 1040 1214 copia
1075 1144 1292 1200 referta:
1327 1146 1462 1199 nihil
1532 1146 1681 1200 aliud
1731 1146 1835 1200 nisi
1879 1146 2164 1216 sacrilegia
2211 1154 2607 1201 nocturnorum
2659 1147 2841 1202 furum
2891 1147 3275 1216 exspectarent
3320 1165 3451 1222 pro.

176 1249 563 1306 vocareutque.
617 1236 754 1302 Quae
808 1245 1014 1304 quanto
1078 1237 1276 1292 melius
1342 1237 1640 1304 utiliusque
1708 1238 1762 1292 in
1821 1247 2093 1292 monetam
2167 1253 2300 1292 cusa
2371 1238 2732 1294 conducendo
2797 1239 3046 1295 exercitu
3120 1251 3439 1300 nostrorum

178 1334 566 1398 sociorumque
591 1328 936 1382 Christianos
958 1328 1085 1381 olim
1111 1338 1372 1396 erepturo
1398 1328 1646 1382 Tui-eicis
1687 1328 1942 1392 vinculis,
1980 1328 2468 1398 expenderentur?

238 1424 450 1475 Τούτου
483 1415 577 1472 οὖν
608 1420 654 1451 ⁵⁸
693 1420 1070 1486 συνδόξαντος,
1095 1420 1386 1488 ἀνέρχεται
1436 1421 1464 1472 ὁ
1492 1419 1756 1472 σεϐαστο-
1789 1430 1830 1485 Α

178 1515 395 1584 κράτωρ
433 1511 708 1574 Ἱσαάκιος
729 1512 808 1573 είς
832 1511 894 1562 τὸ
923 1510 1018 1563 τοῦ
1057 1509 1197 1563 Θεοῦ
1231 1511 1374 1579 μέγα
1412 1511 1640 1580 τέμενος
1664 1509 1762 1580 τὴν

179 1607 394 1659 σύνοδον
427 1604 826 1674 ἐκκλησιάσας,
864 1603 959 1656 καὶ
986 1603 1047 1656 τὸ
1074 1605 1173 1673 τῆς
1228 1603 1557 1671 Ἑκκλησίας
1613 1605 1762 1657 ἅπαν

180 1697 270 1764 τελῇ
284 1713 472 1767 ρευμα.
495 1695 835 1762 Θεασάμενοι
865 1693 922 1748 δὲ
945 1693 1136 1748 τοῦτον
1159 1695 1208 1748 oi
1227 1695 1325 1765 τῆς
1349 1697 1503 1766 ἱερᾶς
1539 1695 1762 1748 συνόδου

179 1789 255 1840 ἐπ’
281 1786 625 1857 Ἐκκλησίας
651 1780 694 1853 ᾧ
723 1787 766 1819 ⁸⁷
801 1787 1242 1856 συνεδριάζοντες
1261 1787 1306 1818 ⁵⁸
1333 1787 1652 1860 Πατριὰρχῃ
1673 1786 1763 1840 ἔκ·

187 1879 386 1950 θαμϐοι
409 1879 696 1947 γεγονότες
727 1878 774 1910 ⁸⁸
803 1877 1032 1948 ἠρώτων
1069 1879 1189 1932 δτου
1217 1878 1376 1950 χάριν
1397 1881 1756 1950 παρεγένετο.

181 1973 230 2025 ’0
261 1974 348 2036 δὲ,
403 1971 614 2035 Λέξων
661 1971 790 2038 ἥκω
819 1989 874 2024 τι
919 1971 1068 2039 πρὸς
1116 1973 1272 2039 ὑμᾶς
1331 1973 1635 2043 χρήσιμον
1685 1973 1759 2043 τῇ

168 2065 333 2130 βια.’ςι
369 2061 488 2114 τῶν
525 2065 889 2131 πραγμάτων
925 2064 1346 2134 παρεμπτώσει
1402 2067 1500 2120 καί
1536 2081 1760 2121 σωστι-

171 2157 270 2208 κῗτ·
307 2155 420 2209 τεῦ
453 2173 549 2223 στι
572 2155 741 2210 ατοῦ.
785 2155 938 2226 ’Ἅμα
968 2156 1026 2210 δὲ
1055 2157 1150 2210 καὶ
1177 2159 1303 2222 τοὺς
1334 2160 1465 2228 περὶ
1514 2159 1623 2212 τῶν
1680 2158 1756 2232 μὴ

172 2245 629 2315 χρησιμευόντων
653 2245 764 2316 (ίὸ)
826 2245 988 2315 ίερῶν
1035 2247 1270 2311 κανόνας
1320 2249 1752 2320 ἀπεστομάτιςε.

169 2340 265 2392 Καὶ
300 2338 481 2391 πολλὰ
513 2340 648 2408 περὶ
703 2322 911 2391 τούτων
953 2338 1370 2410 δημηγορήσας,
1415 2339 1757 2411 Ἀναγκάζο-

164 2447 277 2497 μαι,
315 2430 514 2497 φησὶν,
563 2427 942 2498 ἀναγκάζειν,
971 2429 1081 2496 οὓς
1106 2432 1179 2485 οὐ
1227 2431 1535 2503 βούλομαι
1567 2434 1754 2504 ἀναγο

170 2521 382 2584 κτίζειν,
418 2522 515 2574 καὶ
549 2519 834 2588 γενναίους
871 2521 1263 2592 προτιθέμενος
1291 2524 1608 2594 λογισμοὺς,
1633 2527 1752 2580 ἐδό-

171 2638 242 2674 κει
273 2621 425 2689 τάχα
465 2620 677 2672 πείθειν
719 2621 847 2684 τοὺς
901 2620 1178 2685 πλείονας.
1237 2620 1297 2673 Ὀ
1315 2619 1440 2687 δέγε
1496 2618 1752 2683 tumea;

169 2714 491 2776 ἀντέτεικεν,
509 2715 890 2784 ἀντυποφοράς
909 2714 954 2746 ⁶⁰
974 2732 1124 2778 τινας
1139 2714 1396 2781 εὐλόγους
1416 2710 1750 2780 εἰσαγαγὼν,

1935 1419 2090 1473 llauc
2142 1419 2232 1473 ubi
2283 1428 2496 1474 tentare
2550 1421 2690 1474 viam
2748 1421 2981 1490 placuit,
3036 1424 3458 1484 sebastocrator

1867 1509 2114 1565 lsaacius
2169 1510 2224 1564 in
2284 1524 2537 1581 tuagnam
2593 1510 2688 1566 Dei
2747 1511 3053 1568 Ecclesiam
3103 1531 3162 1570 se
3216 1518 3453 1584 confert,

1868 1601 2050 1671 ibique
2086 1601 2295 1656 indicto
2350 1615 2493 1656 CtBtu
2543 1618 2830 1658 sacrorum
2883 1605 3296 1673 ministrorum,
3343 1625 3456 1665 non

1866 1695 2082 1748 modica
2117 1702 2201 1748 est
2228 1703 2494 1763 exceptus
2527 1693 2896 1751 admiratione
2947 1700 3242 1765 praesulum
3273 1716 3456 1757 asses-

1864 1802 2050 1842 sorum
2104 1787 2458 1856 patriarchm,
2503 1788 2808 1841 vereutiutu
2866 1804 3128 1858 quorsum
3193 1792 3285 1846 hic
3327 1794 3451 1851 talis

1864 1880 1963 1933 viri
1992 1879 2259 1934 adventus
2291 1887 2602 1949 spectaret;
2653 1881 2891 1950 denique
2941 1883 3007 1934 ad
3032 1882 3452 1954 ,interrogatio-

1861 1988 1990 2028 nem
2038 1973 2307 2043 ipsorum,
2346 1971 2506 2040 cujus
2557 1972 2634 2026 rei
2664 1972 2842 2042 gratia
2896 1973 3111 2030 adesset
3148 1977 3293 2030 ultro
3329 1992 3453 2048 per-

1861 2067 2222 2130 contantium,
2253 2069 2335 2122 sic
2359 2067 2600 2122 lsaacius
2620 2068 2906 2136 respondit
2933 2085 2949 2123 :
2989 2068 3112 2124 Veni
3140 2071 3246 2126 huc
3276 2074 3452 2128 dictu-

1860 2173 1952 2211 rus
1983 2160 2127 2213 vobis
2173 2158 2378 2230 aliquid
2434 2159 2488 2213 in
2532 2159 2630 2213 hoc
2681 2159 3122 2229 deploratissimo
3166 2165 3452 2233 republica:

1858 2260 2002 2305 statu
2049 2255 2465 2318 necessarium,
2514 2261 2697 2321 utpote
2741 2270 2843 2320 quo
2899 2270 3004 2307 uno
3037 2271 3154 2323 spes
3198 2260 3450 2312 servandi

1856 2343 2119 2396 exercitus
2155 2343 2477 2397 continetur.
2511 2343 2608 2397 llis
2629 2342 2868 2411 subjecit
2896 2345 3234 2400 mentionem
3258 2362 3447 2403 eorum

1857 2447 1996 2502 quos
2032 2433 2142 2487 dixi
2177 2449 2472 2499 canonum,
2521 2443 2576 2488 et
2613 2436 2944 2503 templorum
2989 2437 3174 2495 minus
3201 2441 3450 2496 celebra-

1857 2531 2040 2578 torqu
2099 2524 2362 2594 religioso
2414 2525 2660 2580 fidelium
2713 2541 2993 2583 concursu
3027 2543 3057 2584 e
3100 2530 3302 2599 quibus
3345 2532 3448 2587 tui-

1855 2616 2006 2670 nimo
2034 2615 2388 2670 incommodo
2439 2616 2647 2686 aliquid
2687 2631 2856 2686 Opum
2894 2621 3201 2674 acervatim
3246 2635 3448 2690 conge-

1855 2716 2065 2761 starum
2101 2707 2328 2761 delibari
2367 2721 2528 2776 posse
2560 2707 2866 2762 videretur.
2909 2707 3182 2764 Disseruit
3236 2710 3291 2763 in
3322 2725 3443 2766 eam

168 2803 550 2856 ἀποσκώπτων
613 2805 730 2873 ἅμα
787 2803 881 2858 καὶ
929 2804 1065 2876 πρὸς
1121 2804 1285 2857 αὑτὸν
1309 2803 1403 2858 τὸν
1459 2801 1741 2855 Ἰσαάκιον.

1857 2797 2189 2854 sententiam
2217 2797 2400 2852 verbis
2425 2812 2560 2853 sane
2595 2798 2784 2851 multis
2823 2813 2838 2852 :
2877 2805 2992 2852 tum
3027 2799 3301 2854 facundiae
3333 2800 3443 2854 vim

175 2896 306 2948 ‘AD.’
332 2899 483 2966 ὅμως
507 2897 576 2948 τὰ
595 2895 893 2964 δεδογμένα
911 2897 1154 2965 ἐκράτει.
1179 2895 1349 2950 Τοῦτο
1369 2893 1470 2964 ’ὑλη
1491 2896 1753 2964 μεγίστης

163 2987 492 3057 κατηγορίας
549 2990 660 3051 τοῖς
698 2987 1007 3058 βασιλεῦσιν
1045 2988 1262 3058 ἐγένετο
1304 2987 1425 3058 (οὐκ
1473 2986 1618 3040 ὀκνῶ
1645 2989 1753 3057 γὰρ

163 3085 247 3134 καὶ
270 3083 370 3134 τὸν
391 3081 674 3134 ἰσαὰκιον
704 3081 1028 3152 ἀπόρφυρον
1056 3080 1280 3152 βασιλέα
1306 3080 1748 3152 κατονομάζειν),

159 3175 212 3225 οὗ
242 3175 368 3227 τότε
417 3176 607 3244 μόνον,
642 3174 777 3227 ἀλλὰ
819 3175 1102 3245 καὶμέχρι
1134 3174 1326 3244 καιροῦ
1378 3174 1746 3245 διαρκέσασα.

165 3269 264 3320 Καὶ
292 3269 408 3337 γὰρ
435 3272 596 3338 ἀρχιε
610 3267 735 3337 ρεύς
760 3284 842 3330 τις
874 3265 1175 3337 τηνικαῦτα
1207 3265 1549 3336 Χαλκηδόνος
1595 3267 1749 3321 Λέων

159 3361 534 3430 προύκέώητο,
573 3361 634 3412 οὐ
664 3360 771 3412 τῶν
802 3359 947 3413 πάνυ
975 3357 1158 3427 σοφῶν
1185 3357 1282 3413 καὶ
1329 3357 1550 3426 λογίων,
1611 3359 1744 3426 dpe-

155 3452 247 3519 τῆς
271 3452 328 3504 δὲ
374 3448 887 3521 ὲπιμεμε).ημὲνος,
945 3449 1090 3502 τὸδὲ
1121 3443 1252 3519 ἦθος
1307 3447 1455 3516 αὐτῷ
1510 3446 1744 3518 σκληρὸν

159 3542 246 3592 καὶ
271 3541 614 3610 ἀπόκροτον.
645 3534 814 3601 Οὗτος
851 3533 944 3591 οὖν
971 3537 1081 3590 τῶν
1127 3537 1186 3589 ὲν
1236 3537 1348 3599 τοῖς
1409 3536 1742 3607 Χαλκοπρα-

158 3631 310 3695 reici;
348 3630 471 3701 (14)
504 3629 718 3698 πυλῶν,
747 3627 1188 3700 ἀφαιρουμένους
1217 3626 1256 3658 ⁶¹
1302 3625 1397 3680 τοῦ
1451 3627 1740 3697 ὲπικειμέο

1857 2888 2012 2958 regni
2067 2887 2368 2942 autoritate
2419 2887 2827 2952 corroborans,
2886 2889 3440 2957 nonEdissitnulavit,

1853 2993 2182 3052 extorquere
2213 2995 2272 3034 se
2299 2989 2575 3049 paratum,
2609 2980 2654 3035 si
2703 2990 3008 3050 oporteret,
3053 2983 3104 3036 id
3139 2984 3286 3052 quod
3339 2985 3442 3038 im-

1853 3081 2070 3142 petrare
2132 3071 2442 3141 perorando
2488 3083 2720 3126 conatus
2781 3081 2929 3127 esset
2977 3075 3264 3130 hactenus.
3328 3075 3440 3132 De-
3486 3083 3496 3092 '

1852 3176 2108 3234 precatus
2160 3173 2342 3217 tamen
2404 3163 2664 3217 invidiam
2728 3164 2906 3220 odiosi
2965 3168 3136 3233 verbi,
3187 3168 3270 3222 sic
3315 3183 3437 3223 eam

1851 3257 1906 3312 in
1937 3259 2210 3312 fortunam
2253 3271 2317 3310 ac
2350 3258 2733 3312 necessitatem
2769 3260 3053 3312 transtulit
3099 3277 3112 3314 :
3145 3259 3290 3332 Cogo
3323 3279 3436 3322 vos,

1849 3349 2047 3420 inquit,
2073 3349 2162 3403 sed
2191 3360 2406 3402 coactus
2438 3348 2548 3416 ipse
2597 3349 2746 3416 prius
2781 3349 2851 3403 ad
2879 3351 3132 3403 utendum
3164 3352 3438 3406 coactione

1848 3443 1972 3504 ista,
2019 3451 2233 3495 coactus
2282 3450 2463 3495 autem
2511 3451 2750 3495 extrema
2799 3443 3114 3496 necessitate
3164 3459 3341 3497 rerum
3384 3455 3436 3497 et

1847 3549 2092 3602 supremo
2135 3533 2370 3600 periculo
2418 3533 2644 3586 nominis
2693 3531 2944 3588 Romani.
2994 3534 3184 3588 ltaille
3233 3537 3434 3603 partim

1851 3625 2012 3696 129
2043 3640 2265 3694 rogans,
2301 3625 2498 3694 partim
2535 3625 2835 3696 imperans,
2863 3625 3152 3696 plerosque
3181 3625 3431 3694 ﬂexerat,

1228 3745 1438 3808 Varias
1484 3745 1794 3808 lectiones
1828 3764 1908 3808 ex
1937 3745 2086 3808 cod.
2120 3744 2388 3808 Coislin.

217 3850 261 3880 ³⁵
283 3850 448 3917 γοῦν.
526 3847 570 3877 ³⁷
610 3845 773 3918 Deest
806 3845 995 3918 vocula
1016 3837 1082 3913 ᾧ,
1114 3845 1208 3918 sed
1235 3846 1474 3918 spatium
1507 3859 1741 3900 vacuum

1846 3846 1976 3916 linq.
2052 3844 2098 3876 ⁸⁸
2132 3844 2575 3914 συνεδριάζοντα.
2653 3843 2698 3877 ⁸³
2734 3843 2942 3902 Desunt
2970 3858 3132 3902 voces
3158 3845 3428 3918 ικθαμὸοι

152 3914 462 3987 γεγοξὸτες.
545 3918 590 3949 ⁸⁸
625 3915 1034 3986 ἀνθυποφορᾶς.
1113 3917 1156 3948 ⁸⁸
1191 3914 1624 3985 ἀφαιρούμενος.

1203 4048 1346 4112 Car.
1394 4046 1721 4112 Dufresnii
1748 4050 1850 4113 Du
1879 4049 2106 4129 Cangii
2139 4057 2328 4113 notes.

151 4156 637 4220 Peracarazimus,
669 4153 814 4224 apud
865 4152 1088 4208 Petrum
1152 4152 1489 4224 Damianum
1536 4153 1628 4210 lib.
1669 4170 1731 4220 ιι,

146 4237 304 4302 epist.
333 4233 590 4302 l,_quam
623 4223 812 4302 vocem
840 4225 920 4279 sic
951 4225 1354 4302 interpretatur
1381 4223 1648 4302 Elfricus
1673 4226 1729 4302 in

148 4292 326 4357 Gloss.
374 4292 609 4352 'Sason.
663 4292 1143 4367 Par-acaraximus
1178 4309 1198 4348 :
1247 4292 1382 4367 Fqls
1421 4297 1633 4367 peniug,
1671 4295 1726 4349 id

1843 4153 2229 4226 Theophanes,
2263 4169 2354 4226 an.
2396 4153 2430 4209 5
2468 4151 3020 4226 JustinianiaVicum
3048 4156 3423 4226 Argentarium

1839 4225 1978 4300 dixit
2013 4224 2074 4280 S.
2118 4225 2490 4294 Augustinus,
2525 4225 2621 4300 lib.
2659 4241 2757 4300 vir
2782 4223 2855 4280 De
2877 4227 3021 4300 cingit.
3055 4223 3175 4290 Dei.
3209 4244 3329 4300 cap.
3362 4235 3420 4287 4.

1837 4295 2038 4349 Verum
2102 4311 2264 4350 secus
2324 4308 2510 4350 censet
2569 4295 2852 4365 anacius,
2888 4297 2955 4351 ad
3006 4297 3044 4351 l.
3096 4313 3167 4353 vn
3229 4295 3292 4354 CI
3346 4303 3422 4358 De

146 4385 242 4435 est,
282 4373 464 4426 falsus
525 4369 812 4421 denarius.
881 4362 1040 4436 lude
1073 4365 1240 4436 etiam
1275 4362 1726 4436 iPar'acltgr'acta:
1753 4371 1798 4432 (ζ
1832 4367 2016 4436 colleg.
2047 4376 2096 4421 et
2134 4365 2466 4436 chartopirat.
2498 4367 2590 4421 lib.
2628 4362 2700 4432 ti;
2737 4367 3017 4422 contendit
3048 4370 3192 4422 enim
3236 4371 3416 4428 locum

147 4433 296 4504 dicti,
341 4442 444 4512 qui
468 4439 642 4492 falsos
666 4450 921 4512 uu_t_ntnos
941 4434 1152 4512 cudunt
1181 4433 1478 4512 L._8._C_od.
1509 4435 1722 4512 Theod.

147 4515 210 4567 de
247 4505 418 4567 Falsa
456 4516 701 4562 moneta.
731 4506 1192 4575 Παραχαράττειν
1221 4506 1280 4557 τὸ
1330 4505 1542 4559 δίκαιον
1587 4507 1728 4560 dixit

144 4584 478 4638 Anastasius
510 4578 746 4630 Siuaita.
811 4574 947 4630 Vide
976 4574 1186 4629 ’lnnoc.
1227 4575 1442 4640 (liram,
1501 4575 1599 4632 lib.
1638 4591 1723 4631 ttt.

145 4659 341 4710 Ubser.
380 4649 505 4704 Jur.
546 4662 748 4703 canon.
789 4662 914 4716 cap.
943 4643 978 4697 2
1008 4655 1061 4698 et
1095 4645 1415 4716 Mrursiuut.

210 4726 326 4793 (t3)
368 4719 522 4793 Περί
548 4717 774 4793 niuem]
806 4713 1321 4793 χρησιμευόντωνξ.
1355 4713 1510 4793 Υιτεα.
1533 4731 1728 4793 snper-

142 4785 244 4846 nus
304 4785 579 4848 Ecclesia:
644 4785 877 4842 distrahi
944 4803 1107 4858 posse
1151 4785 1726 4843 sanxitJuStiniauus

139 4864 278 4917 λον.
309 4878 450 4921 cxx.
489 4877 600 4913 non
624 4869 803 4911 tamen
828 4873 895 4910 ex
928 4858 1078 4911 omni
1105 4872 1294 4917 causa,
1324 4859 1417 4912 sed
1443 4865 1652 4910 tantum
1679 4859 1726 4913 si

143 4938 280 5005 ipsa,
303 4932 565 5005 Ecclesia
621 4930 823 4982 debitis
858 4937 1250 5005 praegravetur.
1281 4926 1452 4981 Porro
1484 4927 1593 4994 jam
1615 4943 1724 5005 an-

137 4998 220 5059 te:
265 5003 570 5058 lleraclius
623 5013 878 5052 mnturus
912 5001 967 5052 in
1023 4998 1245 5062 Persas,
1289 5013 1414 5051 curn
1469 4998 1724 5052 aerarium

137 5077 430 5144 prioribus
457 5071 619 5127 bellis
657 5070 985 5144 exhaustum
1013 5076 1183 5134 esset,
1217 5083 1282 5144 ex
1315 5068 1642 5136 templorum
1671 5077 1727 5122 et

136 5140 349 5199 idtum
409 5154 696 5198 sacrarqu
752 5140 996 5194 donariis
1029 5147 1085 5193 et
1115 5140 1264 5193 vasis
1303 5153 1559 5193 nummos
1589 5153 1726 5193 cou-

136 5216 396 5277 flaverat,
430 5223 489 5266 ut
514 5219 707 5264 auctor
740 5216 824 5262 est
851 5209 1238 5277 Theophanes.

205 5287 328 5356 (14)
359 5281 894 5356 Χαλκοπρατείοις.
922 5279 1083 5350 293
1109 5278 1495 5356 phalcopratia
1540 5280 1722 5356 forum

134 5350 258 5411 aeris
294 5350 516 5410 venalis
550 5351 936 5417 interpretatur
965 5360 1066 5403 hoe
1108 5351 1227 5402 loco
1262 5350 1548 5406 Pessinus.
1580 5355 1726 5406 Sane

135 5443 233 5482 ess
263 5430 432 5480 itISse
462 5426 595 5478 olim
625 5423 1097 5489 tLonstanttquoli
1129 5421 1330 5483 vicum,
1361 5436 1457 5475 seu
1490 5425 1721 5491 plateam

136 5513 212 5551 ssc
239 5497 456 5550 dictam
488 5496 558 5547 ab
585 5493 816 5543 ollicints
837 5506 1067 5551 azrarns.
1103 5498 1377 5544 testantur
1401 5492 1645 5546 Codtnns
1670 5494 1724 5546 iu

137 5570 293 5637 θήρ.
352 5578 410 5619 et
460 5563 848 5637 Leunclavius
877 5563 952 5637 itt_
992 5561 1165 5614 Pana.
1217 5560 1378 5637 Ture.
1407 5562 1671 5637 cap._258
1708 5581 1722 5615 :

134 5631 617 5705 quemadmodum
647 5633 749 5684 alia
777 5631 880 5705 fuit
907 5633 975 5705 ab
1003 5636 1438 5705 argentariorum
1468 5633 1722 5698 ollicuus,

135 5703 647 5778 ἆργυροπρατείων
687 5703 1050 5772 appellatione
1080 5703 1303 5772 donata,
1325 5712 1381 5758 ut
1415 5714 1606 5762 auctor
1637 5714 1722 5760 est

1832 4437 1982 4491 hunc
2017 4452 2303 4506 perperam
2329 4435 2704 4503 Chalcopratia
2731 4451 2761 4490 a
2804 4439 3171 4507 scriptoribus
3203 4443 3415 4506 vocari,

1833 4522 1957 4563 cum
1987 4507 2576 4578 Chariopratiadicere
2599 4507 2941 4578 debuissent,
2991 4509 3045 4560 in
3076 4523 3187 4578 quo
3217 4526 3415 4578 nempe

1829 4586 1988 4631 erant
2011 4577 2258 4641 ofﬁcinae,
2293 4577 2385 4629 ubi
2414 4576 2619 4630 chartas
2642 4576 3112 4630 distrahebantur.
3147 4577 3277 4630 Nam
3310 4576 3417 4634 fuit

1830 4647 1885 4699 in
1955 4648 2090 4700 urbe
2137 4645 2783 4715 Constantinopolitaua,
2829 4655 2886 4698 ut
2934 4647 3011 4699 ait
3059 4642 3414 4704 Justiuiauus

1829 4715 1966 4769 Nov.
2005 4731 2162 4781 thu,
2196 4715 2364 4784 πολλὴ
2406 4716 2437 4784 ἡ
2473 4716 2584 4786 τῷν
2611 4715 2833 4786 χαρτῶν
2865 4716 3121 4786 ἀφθονία.
3161 4715 3264 4771 Sed
3295 4720 3415 4774 sive

1830 4787 2216 4856 Chalcopratia
2239 4785 2466 4856 ollieitue
2497 4785 2700 4856 fuerint
2717 4785 2950 4850 agrariae,
2974 4802 3069 4840 seu
3097 4787 3410 4853 chartaria’,

1832 4858 1882 4910 id
1919 4873 2015 4927 pro
2044 4854 2217 4910 'certo
2248 4855 2437 4927 haberi
2467 4854 2670 4927 _debet_
2693 4869 2788 4909 eas
2815 4855 3064 4927 otliriuas
3098 4871 3207 4909 non
3240 4859 3408 4913 intel-

1829 4924 2032 4982 lexisse
2061 4930 2308 4996 Annam;
2335 4924 2606 4996 siquidem
2640 4924 2708 4978 de
2739 4924 2960 4993 templis
2990 4927 3124 4995 agit,
3153 4941 3181 4979 a
3209 4930 3409 4996 quibus

1826 4998 1898 5070 τὰ
1929 4998 2006 5068 μὴ
2023 4995 2432 5070 χρησιμεύοντα
2463 4993 2584 5064 is.th
2607 4996 2835 5070 abstulit
2861 4993 3177 5070 Alexius,in
3206 4993 3410 5068 quibus

1830 5063 2077 5123 fuerunt"
2118 5063 2284 5121 valvae
2340 5063 2615 5138 argenteae
2678 5063 3187 5138 Chaleopratiorum
3224 5063 3407 5138 ’wdis,

1829 5138 2078 5206 Deiparae
2109 5152 2302 5202 sacrae,
2354 5136 2444 5188 cui
2477 5134 2538 5206 id_
2563 5135 2804 5190 nominis
2847 5152 2874 5187 a
2898 5137 3050 5206 loco,
3089 5137 3178 5192 ubi
3213 5134 3411 5194 inaedii-

1830 5203 1989 5264 Iicata
2024 5218 2161 5272 erat,
2220 5207 2478 5261 inditum.
2513 5203 2586 5258 De
2622 5205 2741 5274 ejus
2771 5205 3056 5261 conditore
3083 5209 3246 5264 variat
3269 5220 3406 5266 sunt

1828 5284 2160 5350 scriptorum
2190 5277 2494 5350 sententiaz.
2527 5274 2984 5350 Cedrenus‘enim
3024 5275 3398 5334 Theodosium

1827 5347 2110 5405 Juniorem
2145 5349 2457 5402 comtidisse
2491 5347 2751 5416 templum
2777 5347 3311 5418 Chaleopratiorum,
3345 5360 3401 5404 et

1829 5421 2076 5491 Deiparae
2139 5432 2390 5491 sacrasse
2448 5427 2888 5481 commemorat,
2930 5434 3082 5491 __cutn
3151 5419 3305 5472 locus
3354 5420 3402 5491 is

1830 5487 1992 5546 atttea
2035 5500 2182 5544 esset
2219 5488 2886 5558 ιῑιιὼιτοτιιιηέγιιοεοειι.
2920 5487 3167 5542 (ledreno
3210 5490 3403 5542 conci-

1829 5571 1968 5614 nunt
1998 5561 2193 5631 Glycas
2221 5561 2514 5631 et__.|oelu_s.
2553 5555 2920 5631 Theophanes
2953 5573 3099 5631 vero,
3137 5569 3294 5631 etuex
3333 5574 3400 5610 ro

1827 5627 2156 5686 Anastasius
2188 5631 2238 5682 iu
2265 5628 2406 5683 Hist.
2443 5628 2667 5692 Ecclrs.,
2700 5641 2752 5682 et
2783 5627 2987 5681 Paulus
3011 5627 3160 5679 Diae.
3197 5627 3296 5680 lib.
3322 5638 3398 5682 xtl

1831 5703 1976 5759 Hist.
2019 5700 2174 5758 Miac.
2208 5697 2488 5757 Justiuuut
2537 5700 2671 5757 aedis
2703 5697 3170 5768 Chalcopratianae
3204 5697 3402 5755 condi-
