3942 6208
235 324 336 387 389

1518 317 1932 380 ALEXIADIS
1993 318 2144 378 LIB.
2189 320 2254 378 ν.

3409 325 3519 386 390

233 444 452 504 λοῦντος
505 438 670 492 αὐτὸν
719 434 815 492 τοῦ
871 434 1144 509 βασιλέως
1189 434 1518 506 μεταϐαλεῖν
1561 435 1658 503 τὴν
1694 433 1819 506 περὶ

1928 432 1995 487 de
2037 433 2146 487 illis
2171 433 2464 502 reportatis
2491 433 2737 491 victoriis
2765 436 2910 490 ultus
2937 445 3108 502 esset,
3138 437 3517 509 Deojuvante,

232 535 339 586 τῶν
371 531 594 584 εἰκόνων
624 530 874 602 γνώμην,
903 530 982 582 ἔτι
1015 529 1071 581 δὲ
1094 530 1139 560 ⁸⁸
1180 529 1277 581 καὶ
1315 529 1414 598 τῆς
1478 528 1615 598 πρὸς
1653 527 1816 580 αὐτὸν

233 624 578 696 ἀποσχέσθαι
629 624 674 654 ⁸⁸⁸
708 621 1496 692 ἀπεχθείας-ὑπισχνουμένου
1547 619 1666 688 ἅμα
1725 618 1820 671 καὶ⁹

229 724 293 775 τὶ
328 721 452 790 ἱερὰ
477 720 594 779 ταῖς
615 716 800 785 ἁγίαις
843 713 1192 783 Ἑκκλησίαις
1213 712 1571 784 λαμπρότερα
1593 709 1820 764 ἁποδοῦ-

230 827 342 871 vat,
368 811 462 860 καὶ
486 809 595 860 πᾶν
620 807 646 859 ὅ
666 824 717 858 τι
744 806 852 858 δέοι
883 807 1054 856 ποιεῖν
1085 805 1221 873 πρὸς
1247 805 1556 873 διόρθωσιν,
1589 802 1683 854 καὶ
1717 801 1818 871 ήδη

233 897 728 970 καὶξδιορθωμένου
764 899 807 930 ⁸⁷
837 896 987 968 παρὰ
1027 897 1137 948 τῶν
1188 895 1640 964 ἐλλογιμωτέρων
1698 892 1819 945 τότε

230 992 331 1059 τῆς
368 991 611 1055 συνόδου,
642 987 734 1052 οὓς
762 990 812 1040 οἱ
851 987 931 1058 τῷ
965 985 1057 1039 τοῦ
1085 986 1433 1056 Χαλκηδόνος
1471 985 1626 1054 μέρει
1652 999 1816 1053 προσσ

230 1080 486 1149 κείμενοι
563 1079 805 1140 κόλακας
863 1077 1117 1136 ἐκάλουν,
1162 1077 1478 1146 καθαιρέσει
1527 1073 1817 1127 κατεδικά-

230 1169 380 1232 ζετο·
442 1168 518 1229 ὡς
570 1166 626 1218 δὲ
679 1165 843 1235 μηδὲν
899 1165 1268 1235 ὑποπτήσσων
1309 1163 1540 1225 οὑδὸλως
1596 1162 1816 1232 ἠρέμει,

227 1260 370 1312 ἀλλὰ
397 1260 492 1311 καὶ
520 1254 677 1321 αὖθις
718 1257 1092 1327 συνετάραττε
1145 1258 1246 1326 τὴν
1301 1255 1654 1325 Ἐκκλησίαν,
1718 1256 1816 1306 οὐκ

228 1351 437 1420 ἀγεννῆ
468 1350 740 1422 φρατρίαν
800 1348 1266 1418 συνεπαγόμενος,
1322 1348 1397 1410 ὠς
1455 1348 1696 1408 ἄτακτος
1749 1341 1816 1417 ἦν

231 1443 416 1513 πάντη
447 1443 540 1495 καὶ
571 1441 922 1512 ἀδιόρθωτος,
961 1439 1101 1510 μετὰ
1129 1439 1340 1492 πολλῶν
1380 1439 1642 1492 ἐνιαυτῶν
1673 1454 1818 1507 παρ-

231 1536 478 1602 έλευσιν,
521 1535 723 1597 πάντες
768 1534 904 1604 ὁμοῦ
945 1533 1042 1586 τοῦ
1089 1531 1284 1602 ἀνδρὸς
1345 1531 1812 1601 κατεψηφίσαντο,

231 1627 542 1681 κάντεῦθεν
577 1627 881 1698 ὑπερορίαν
937 1624 1389 1689 καταδικάζεται.
1441 1626 1551 1677 Καὶ
1599 1623 1816 1693 δέχεται

228 1717 424 1771 τοῦτον
451 1721 485 1788 ή
523 1719 653 1789 περὶ
681 1717 773 1771 τὸν
796 1719 996 1770 Πόντον
1027 1715 1337 1780 Σωζὸπολις
1381 1714 1519 1786 (16),
1554 1714 1817 1774 παντοίας

1925 531 2332 594 coronatusque
2367 526 2490 581 inde
2526 542 2586 579 ac
2616 528 2964 595 triumphans
3001 530 3050 583 in
3080 532 3269 586 urbem
3310 534 3515 604 regiam

1924 628 2072 675 esset
2125 619 2420 673 invectus:
2481 630 2780 687 exortaque
2866 637 3004 676 nova
3068 621 3396 694 Scytharum
3465 628 3519 680 in

1923 711 2212 783 imperium
2248 711 2664 779 irrumpentium
2693 714 3016 780 gravissima
3051 718 3314 784 procella,
3337 717 3389 771 in
3412 734 3519 772 non

1927 800 2138 869 dispari
2203 800 2454 870 periculo
2548 800 2614 854 ad
2689 802 2865 855 simile
2951 807 3269 872 praesidium
3331 808 3503 860 simili

1927 889 2174 942 omnium
2206 905 2510 954 consensu,
2533 900 2800 959 praesente
2831 893 3055 961 insuper
3071 901 3128 946 ct
3157 909 3269 948 rem
3296 903 3522 963 urgente

1924 977 2275 1048 imperatore,
2303 981 2712 1050 confugeretur,
2748 982 2888 1036 idem
2923 983 3012 1036 hic
3042 986 3203 1039 homo
3235 987 3390 1039 solxa
3423 1001 3520 1040 sua

1923 1071 2228 1138 pervicacia
2268 1088 2601 1142 magnopere
2626 1073 2770 1143 apud
2811 1075 3203 1144 imperatorem
3246 1077 3518 1140 offendit,

1921 1161 2093 1217 Porro
2124 1165 2225 1220 hac
2255 1167 2544 1222 occasione
2582 1183 2704 1220 eum
2738 1168 2802 1220 de
2833 1168 3006 1222 sacris
3054 1170 3263 1224 aedibus
3318 1170 3522 1238 signia-

1921 1272 2026 1326 que
2084 1265 2138 1310 et
2171 1259 2502 1327 imaginibus
2557 1259 2726 1313 multa
2767 1269 2825 1314 ut
2854 1261 2913 1317 tit
2963 1261 3401 1328 disputarentur,
3436 1263 3524 1315 hic

1922 1353 2151 1406 antistes
2177 1351 2229 1404 in
2260 1366 2379 1405 eam
2403 1359 2734 1406 sententiam
2758 1352 3041 1419 disseruit,
3063 1365 3120 1407 ut
3138 1355 3520 1419 contenderet,

1921 1461 2110 1499 sacras
2191 1444 2462 1514 imagines
2518 1446 2775 1499 absoluto
2825 1461 2854 1497 a
2910 1447 3070 1500 nobis
3135 1457 3188 1501 et
3259 1448 3312 1500 in
3385 1447 3523 1515 ipsis

1925 1538 2162 1592 hzerentc
2197 1537 2346 1591 cultu
2380 1535 2538 1602 allici,
2573 1552 2679 1590 non
2741 1550 2922 1592 autem
2974 1540 3241 1593 duntaxat
3267 1539 3518 1594 relativo.

1921 1629 2111 1698 Itaque
2204 1636 2262 1681 ut
2338 1628 2432 1683 ille
2499 1630 2720 1698 quidem
2800 1631 3066 1684 nonnulla
3144 1630 3516 1700 plausibiliter

1923 1719 2296 1788 eanoniceque
2360 1726 2411 1771 et
2468 1734 2568 1789 pro
2605 1719 2882 1790 dignitate
2961 1721 3254 1776 sacerdotii
3313 1721 3523 1776 diceret

239 1813 511 1880 προνοίας
567 1812 666 1865 καὶ
721 1811 1032 1881 θεραπείας
1091 1808 1379 1878 βασιλικῆς
1415 1808 1460 1839 ⁸⁸
1491 1805 1813 1876 ἀξιούμενον

1944 1817 2262 1879 ageretque,
2332 1817 2516 1863 tamen
2576 1809 2632 1864 in
2707 1810 2834 1865 aliis
2865 1811 3278 1880 ‘prolabebatur
3327 1827 3517 1880 parum

228 1905 316 1954 καὶ
350 1903 609 1973 οὐδαμῶς
638 1901 876 1973 χρῆσθαι
933 1899 1164 1963 ταύταις
1215 1899 1504 1969 ἠϐούλετο,
1569 1896 1820 1968 ὕστερον,

227 1994 288 2045 δι’
352 1995 423 2065 ἣν
487 1995 627 2065 πρὸς
684 1995 777 2048 τὸν
833 1994 1216 2064 αὐτοκράτορσι
1269 1991 1467 2060 ἔτρεφε
1529 1991 1692 2060 μῆνιν
1749 1989 1824 2052 ὼς

230 2087 302 2139 Eu:
310 2105 434 2140 κεν.

1924 1897 2226 1952 orthodoxe
2309 1898 2517 1953 sentire
2579 1897 2956 1966 deprehensus
3015 1917 3031 1952 :
3092 1899 3252 1967 cujus
3314 1913 3520 1952 erroris

1926 2007 2149 2046 causam
2189 1991 2332 2045 haud
2369 1991 2484 2046 scio
2546 2007 2612 2046 an
2665 1994 2821 2047 wstui
2885 1993 3276 2055 contentionis,
3311 2006 3519 2046 excur-

1926 2084 2102 2138 rentis
2134 2084 2459 2155 plerumque
2508 2083 2726 2154 longius
2752 2100 2914 2154 quam
2947 2101 3044 2152 par
3077 2095 3196 2146 est,
3227 2100 3295 2138 an
3337 2084 3519 2140 stadio

231 2183 550 2237 obsistendi
578 2181 897 2252 imperatori
943 2195 972 2234 a
1011 2195 1121 2250 quo
1163 2180 1370 2234 dudum
1437 2179 1788 2244 abhorrebat,
1842 2194 1910 2233 an
1959 2181 2194 2250 denique
2273 2182 2594 2251 ignorantiae
2668 2183 2780 2235 veri
2853 2182 3235 2251 assignandam
3310 2190 3514 2256 putem.

231 2277 281 2330 in
334 2276 594 2328 ultimam
632 2285 812 2328 tamen
852 2275 992 2327 hanc
1021 2282 1232 2344 partem
1267 2272 1584 2342 suspicione
1613 2273 1948 2341 propendeo.
2007 2273 2164 2342 130
2203 2273 2468 2338 Quoniam
2531 2274 2675 2328 enim
2712 2274 2759 2329 is
2831 2276 2914 2329 vir
2993 2276 3218 2330 multant
3285 2279 3542 2344 operam'

230 2372 436 2426 litteris
462 2386 573 2424 non
610 2369 855 2432 dederat,
889 2367 1134 2439 artisque
1166 2363 1818 2420 ratiocinandifunditus
1858 2363 2010 2419 rudis
2047 2373 2187 2431 erat,
2224 2363 2383 2420 facile
2416 2367 2530 2422 fieri
2569 2369 2744 2436 potuit
2783 2377 2840 2422 ut
2867 2369 3116 2438 quaedam
3185 2371 3364 2424 minus
3437 2370 3514 2424 ad

231 2467 527 2537 theologia:
585 2480 826 2520 canones
902 2473 1092 2519 exacta
1164 2464 1308 2517 inter
1385 2460 1777 2532 disputandum
1819 2459 2331 2527 ell'utierit;verum
2359 2463 2410 2517 in
2478 2462 2592 2518 dies
2633 2464 3140 2534 successibusipsis
3166 2467 3515 2521 adolescente

231 2579 287 2620 ca
323 2573 497 2630 quam
570 2559 795 2626 impune
862 2555 1194 2612 lacessendis
1267 2554 1696 2623 imperatoribus
1761 2567 2029 2622 usurpare
2083 2554 2252 2608 semel
2304 2567 2544 2624 cmpcrat
2610 2554 2860 2620 audacia,
2916 2558 3381 2628 Incitantibusque
3442 2559 3510 2612 ad

230 2662 415 2727 ipsum
473 2651 624 2705 ultro
696 2659 1008 2705 currentem
1066 2648 1206 2701 male
1259 2645 1471 2702 feriatis
1527 2646 1779 2715 plurimis
1809 2686 1826 2711 ,
1896 2646 2097 2715 quibus
2136 2661 2199 2700 ea
2235 2663 2357 2716 quae
2391 2657 2501 2703 tum
2533 2657 2652 2704 erat
2688 2650 3000 2718 reipublicae
3031 2651 3355 2719 gubernatio
3406 2665 3514 2706 non

234 2746 506 2811 placebat,
555 2749 723 2799 homo
753 2745 838 2798 sui
891 2758 1083 2814 parum
1137 2750 1328 2807 potens
1363 2741 1415 2793 in
1466 2739 1830 2794 contumelias
1885 2739 2287 2809 maledictaque
2362 2742 2745 2811 intempestiva
2791 2751 2845 2796 et
2892 2743 3260 2798 intolerabilia
3318 2745 3514 2799 effare-

232 2839 411 2904 batur,
449 2840 760 2908 Augustum
792 2836 1148 2890 licentiasiine
1181 2831 1568 2903 proscindens,
1643 2832 1861 2900 placare
1937 2831 2212 2886 Imminere
2267 2847 2300 2887 e
2359 2834 2638 2888 contrario
2692 2846 3002 2900 conantem,
3061 2837 3496 2906 suadentemun

232 2935 580 2988 amicissime
609 2942 667 2986 ut
702 2942 754 2986 et
779 2946 898 2999 qua:
921 2939 1126 2983 temere
1165 2929 1232 2981 de
1266 2926 1440 2980 sacris
1506 2926 1837 2995 imaginibus
1905 2925 2115 2980 dixerat
2171 2933 2386 2980 mature
2437 2935 2736 2993 revocaret,
2800 2934 2854 2981 et
2905 2928 3152 2997 deposita
3205 2929 3509 2992 simultate,

233 3030 414 3082 redire
443 3041 635 3080 secum
669 3024 721 3077 in
759 3023 989 3092 gratiam
1027 3023 1182 3075 vellet
1215 3037 1227 3072 :
1258 3034 1318 3074 se
1380 3017 1526 3072 enim
1596 3018 1890 3072 restituere
1931 3029 2177 3086 paratum
2268 3033 2389 3089 qua}
2431 3034 2460 3073 e
2515 3019 2687 3073 sacris
2753 3020 3055 3075 abstulerat
3117 3023 3344 3085 :e-lihus,
3400 3022 3512 3076 imo

232 3120 615 3188 splendidiora
654 3118 1043 3186 repositurum,
1093 3113 1158 3166 ad
1195 3111 1632 3167 emendationem
1699 3123 1864 3180 porro
1922 3111 2098 3180 culpa:
2155 3111 2314 3166 istius
2368 3113 2763 3181 qualiscunque
2824 3113 2957 3166 nihil
3011 3114 3235 3184 legitimi
3307 3113 3512 3184 piaculi

233 3222 634 3270 recusaturum
671 3231 684 3266 :
719 3211 910 3280 quoin
956 3223 1153 3278 genere
1192 3206 1483 3277 praecipuis
1535 3219 1846 3269 sacrorum,
1909 3205 2216 3258 antistitum
2279 3204 2415 3259 adeo
2471 3208 2584 3274 jam
2647 3207 3015 3272 satisfecerat,
3079 3219 3135 3258 ut
3189 3208 3222 3262 ii
3290 3225 3516 3265 causam

233 3310 351 3376 ejus
379 3307 683 3376 diligenter
741 3311 1029 3356 tuerentur
1064 3341 1077 3362 ,
1137 3316 1312 3366 eoque
1376 3300 1495 3368 ipso
1537 3298 1758 3351 nomine
1806 3298 1874 3351 ab
1917 3297 1986 3351 iis
2053 3298 2145 3367 qui
2191 3298 2675 3369 Chalcedonensis
2706 3311 2888 3370 partes
2958 3302 3215 3357 fovebant
3251 3311 3506 3357 assenta-

235 3411 386 3456 tores
457 3399 759 3462 audirent;
829 3409 1016 3451 verum
1075 3393 1142 3447 ad
1214 3407 1276 3446 ea
1335 3391 1424 3445 ille
1493 3388 1896 3444 obsurdescens
1972 3390 2696 3459 omnia,jirrevocabiliter
2749 3409 2859 3463 quo
2929 3395 3187 3463 impetun
3251 3404 3497 3463 coeperat

238 3495 454 3547 ruebat.
501 3489 688 3556 Quare
735 3488 800 3542 ad
858 3485 1230 3542 necessarium
1270 3481 1569 3537 remedium
1623 3481 2117 3536 animadversionis
2190 3484 2470 3538 canonica:
2524 3495 2740 3538 ventum
2782 3487 2995 3540 tandem
3055 3493 3162 3545 cst.
3235 3487 3509 3554 homoque

237 3590 427 3644 multis
452 3585 777 3640 nominibus
817 3581 868 3636 id
899 3581 1126 3634 meritus
1153 3579 1219 3631 de
1247 3577 1374 3632 sede
1398 3591 1562 3644 quam
1589 3575 1895 3642 occupabat
1933 3585 2014 3629 est
2041 3575 2347 3643 depositus.
2378 3575 2494 3631 Non
2528 3577 3022 3648 fregitindomitum
3041 3581 3282 3633 animum
3311 3562 3370 3632 ea
3399 3593 3509 3643 res;

236 3683 422 3736 turbat
479 3680 682 3734 iterum
724 3682 778 3729 et
825 3674 1088 3729 factiones
1149 3671 1258 3725 ciet
1303 3669 1357 3723 in
1421 3666 1685 3730 Ecclesia,
1745 3683 1852 3720 non
1893 3667 2089 3736 exigua
2124 3667 2224 3722 sibi
2251 3668 2504 3737 adjuncta
2529 3685 2824 3740 secumque
2872 3671 3107 3726 abducta
3169 3671 3519 3728 multitudine
3566 3688 3570 3692 '

237 3777 632 3831 seetariorum.
665 3767 820 3837 Quod
852 3768 981 3821 dum
1004 3779 1102 3835 per
1128 3763 1328 3816 multos
1364 3775 1539 3815 annos
1570 3760 1701 3828 agit,
1731 3759 2139 3828 turbulentique
2170 3761 2254 3814 sui
2289 3761 2490 3831 ingenii
2525 3771 2580 3815 et
2613 3761 2920 3816 inﬂexibilis
2943 3764 3244 3830 pervicacia
3287 3767 3504 3834 plenam

238 3871 403 3923 tidem
472 3865 610 3921 facit
645 3861 926 3925 omnibus,
984 3856 1222 3926 denique
1277 3853 1524 3908 omnium
1593 3851 1821 3907 calculis
1861 3853 2150 3906 damnatus
2203 3853 2459 3908 exsulare
2496 3853 2686 3922 jussus
2720 3865 2802 3909 est
2868 3860 3008 3922 apud
3055 3855 3366 3925 Sozopolim
3431 3858 3502 3913 ad

238 3963 483 4016 Pontum
525 3977 541 4012 :
606 3956 697 4011 ubi
739 3954 1050 4026 providerat
1107 3953 1430 4022 imperator,
1464 3959 1522 4004 ut
1551 3949 1950 4005 ofﬁciosissime
1987 3951 2350 4019 exciperetur,
2399 3957 2796 4021 curareturque
2848 3952 3105 4022 copiose:
3157 3969 3495 4026 quanquam,

238 4057 329 4111 ille
364 4049 719 4110 contumacia
745 4063 806 4102 se
845 4047 1130 4103 involvens
1187 4059 1306 4109 sua,
1341 4043 1471 4098 etin
1527 4051 1794 4111 concepta
1860 4043 2029 4098 semel
2055 4043 2634 4115 adversusAugustum
2658 4045 3021 4114 iraanimum,
3089 4057 3147 4102 ut
3207 4050 3506 4119 apparebat

239 4135 572 4211 obﬁrmans,
596 4145 776 4199 oblata
808 4145 927 4213 ejus
956 4142 1035 4196 uti
1071 4140 1399 4196 liberalitate
1439 4139 1636 4195 noluit.

321 4245 498 4301 ’Λλλὰ
528 4241 703 4295 ταῦτα
724 4241 821 4311 μὲν
855 4233 956 4292 ῶδὲ
990 4255 1066 4309 πη
1101 4237 1557 4309 περιγεγράφθω.
1597 4235 1658 4288 'U
1684 4233 1742 4287 δέ
1769 4251 1819 4302 γε

2007 4230 2111 4286 Sed
2144 4229 2212 4284 de
2276 4228 2362 4284 his
2431 4227 2722 4284 hactenus.
2769 4227 2849 4282 Ad
2909 4227 3295 4298 imperatorem
3370 4235 3519 4290 enim

243 4336 617 4407 αὐτοκράτωρ
644 4334 772 4394 τοὺς
812 4330 1076 4401 νεήλυδας
1131 4329 1447 4400 (συνέρρεον
1505 4327 1614 4396 γὰρ
1659 4327 1819 4380 ἱκανά

1945 4323 2282 4378 redeundum
2323 4329 2428 4384 est,
2459 4323 2552 4391 qui
2589 4335 2784 4375 recens
2816 4325 3079 4390 appulsos
3110 4325 3516 4396 militesxmulti

241 4429 636 4504 :spzowOéwa
685 4425 873 4478 τοῦτον
935 4423 1337 4494 μεμαθηκότες)
1386 4420 1664 4491 ἐπιμελῶς
1713 4419 1819 4486 ἐξε-

1944 4415 2215 4486 siquidem
2250 4412 2316 4467 ad
2349 4429 2497 4479 eum,
2534 4420 2590 4466 ut
2648 4412 2864 4467 salvum
2918 4430 3039 4468 esse
3066 4417 3332 4482 constitit,
3393 4433 3522 4471 con-

242 4503 532 4586 παίδευεν,
563 4522 713 4585 ὅπως
762 4515 1018 4570 ἱππεύειν
1067 4515 1174 4586 χρὴ
1208 4516 1301 4568 καὶ
1350 4514 1592 4579 τοξεύειν
1653 4514 1819 4564 εὐστο-

1944 4504 2169 4574 ﬂuxere)
2204 4504 2394 4559 sedulo
2426 4503 2714 4558 exercebat
2748 4503 2812 4555 ad
2844 4518 3032 4558 omnes
3064 4515 3246 4573 partes
3283 4505 3522 4558 functio-

242 4616 500 4685 χὼτατα,
525 4609 830 4664 ὁπλιτεύειν
876 4625 934 4660 τε
958 4607 1053 4660 καὶ
1088 4605 1392 4676 ἐνεδρεύειν
1413 4602 1811 4673 ἐπικαιρότατα

1945 4599 2032 4651 nis
2069 4593 2348 4649 militaris:
2381 4593 2609 4656 docens,
2639 4605 2840 4658 equum
2874 4591 3010 4643 scite
3037 4606 3244 4659 regere,
3269 4592 3518 4645 collima-

257 4683 611 4775 Ἔπεπὸμφει
666 4703 722 4754 δὲ
763 4698 919 4762 αὖθις
966 4697 1104 4769 πρὸς
1153 4697 1244 4750 τὸν
1298 4696 1443 4766 ρῆγα
1499 4694 1819 4764 Ἀλαμανὶας

1948 4705 2007 4744 re
2030 4703 2158 4741 arcu
2185 4700 2347 4756 quam
2377 4684 2704 4744 certissime,
2738 4683 2940 4736 vadere
2987 4685 3220 4736 exsertis
3269 4687 3436 4738 armis
3461 4685 3514 4738 in

243 4798 521 4872 πρέσϐεις
583 4791 658 4850 ῶν
701 4791 1040 4864 προεξῆρχον
1071 4790 1115 4821 ⁶⁹
1156 4790 1182 4842 ὁ
1215 4787 1517 4857 Μεθύμνης
1547 4785 1659 4854 (17)
1704 4799 1816 4847 ⁸κα·-

1947 4784 2227 4844 adversos,
2260 4777 2927 4846 rursusque‘tempestive
2971 4774 3256 4830 subsidere
3300 4776 3354 4830 in
3383 4776 3521 4832 insi-

1333 4921 1534 4982 Variae
1577 4920 1882 4982 lectiones
1922 4934 2001 4979 ex
2045 4915 2189 4980 cod.
2233 4912 2504 4977 Coislin.

324 5063 374 5096 ⁸⁸
402 5062 534 5132 γάρ.
611 5056 658 5089 ⁸⁸
689 5054 1012 5126 ἀπέχεσθαι.
1088 5051 1132 5084 ⁸⁷
1156 5048 1563 5119 διορθουμένου.
1641 5045 1687 5078 ⁸⁸
1719 5045 1881 5101 Deest
1915 5060 2019 5098 vox
2048 5040 2358 5114 βασιλικῆς.
2435 5037 2480 5070 ⁸⁸
2513 5035 2876 5107 προεξῆρχεν.

1306 5187 1448 5250 Car.
1481 5187 1813 5249 Dul‘resnii
1849 5187 1944 5247 Du
1986 5183 2208 5262 Cangii
2259 5186 2442 5242 notae.

1933 5309 2055 5364 dem
2117 5304 2502 5376 appellationis
2549 5303 2740 5376 urbem
2798 5301 2852 5376 in
2891 5302 3210 5376 Pampltzlia
3265 5311 3515 5376 statuunt

1939 5373 2168 5434 Nicetes
2193 5373 2253 5432 “in
2294 5377 2452 5431 Joan.
2506 5391 2564 5428 n.
2597 5374 2669 5440 4;
2704 5373 2970 5441 Scylitzes
3017 5385 3070 5426 et
3101 5373 3321 5441 Tageno
3353 5373 3519 5424 Pata-

1939 5451 2195 5511 viensis;
2235 5450 2288 5502 in
2339 5448 2606 5499 alterutra
2667 5453 2832 5499 natus
2890 5442 3130 5496 Joannes
3195 5446 3517 5509 patriarcha

1941 5517 2613 5585 Constantinopolitanus,
2645 5515 2712 5568 de
2745 5530 2852 5580 quo
2881 5515 3177 5585 Gri-geras.
3211 5514 3301 5564 ιιι).
3337 5527 3412 5585 vt._

329 5326 820 5400 (l6)XoJCd:t_o.1_tc.
844 5320 1157 5389 Sempolim
1183 5318 1515 5400 adul’ontum
1549 5310 1825 5400 EthinJ‘ipr

246 5381 467 5470 parile}
489 5381 692 5470 enituit
720 5381 1198 5470 ﬁantque-enus...
1218 5389 1324 5470 ιιι).
1368 5403 1419 5446 ι,
1459 5399 1582 5470 eap'.

249 5452 572 5533 ῗωζόπολιν
602 5467 744 5519 κατὰ
776 5470 865 5517 τὸν
891 5462 1139 5526 Εὔξεινον
1152 5459 1380 5534 Πόντον,
1409 5452 1832 5534 πολυάνθρωπον

252 5522 431 5593 οὖσαν
473 5541 568 5590 καὶ
609 5535 856 5605 μεγάλην
893 5522 1073 5586 πόλιν.
1119 5527 1469 5605 ρΔυ-ῑοσροιεοε
1516 5525 1724 5605 mentio
1752 5522 1819 5605 _lil

1941 5522 2613 5605 CtlttSLattliIIOPO‘lilanIIS,
2637 5522 2712 5605 ‘de
2745 5530 2852 5605 quo
2881 5522 3177 5605 Uri-'gorlas.
3211 5522 3301 5564 tib.
3337 5527 3456 5605 Vl?”

1276 5582 1552 5674 Tzetzetn,

2018 5591 2130 5680 (1.7)
2256 5582 2960 5680 'd1_80;éjta~1jc..lMethygnpzr
2981 5582 3516 5680 l’lt-‘qlettlaeq’ﬁt‘alii‘s,

258 5651 1474 5738 ἷζέιῖἶὲἐιέξέζἐξιὶἑζίἱᾷιέπῗόἑιἶςἰίρηοηιμηι,
1499 5651 1563 5738 in
1593 5651 1836 5738 Αιιοιξνοὲ
1905 5651 2033 5738 Δεες
2056 5651 2756 5738 Lesbihiusulaé.oppidum.
2786 5651 2930 5738 "Vide
2951 5651 3115 5713 intra,
3136 5666 3223 5738 ~p.

431 5719 1132 5817 prj'n‘cip-u‘m'ffHeri-died
1143 5719 1272 5794 ’ἐπὶ
1290 5719 1658 5818 ίῦῦῦτᾺιίιιηι
1687 5731 1819 5803 ejus-

1925 5728 2112 5788 ‘ctiatu
2144 5729 2389 5794 (Eliano,
2430 5719 2650 5814 libis”
2686 5725 2820 5794 napi
2869 5723 3045 5790 ζώων,
3097 5719 3345 5791 οπρέὲθ,
3389 5725 3519 5777 urbs
