3942 6208
459 299 565 362 ω

1756 293 1985 358 ANN/E
2024 292 2224 356 COMN
2239 291 2408 352 ENA!

3611 281 3717 349 424

461 417 605 481 bria,
636 412 1013 470 comedentent
1051 426 1206 476 uvas,
1240 409 1517 481 simulque
1548 408 1877 465 insolentius
1916 410 2037 478 glo-

2143 405 2235 459 τὸν
2264 404 2414 458 δόλον
2445 401 2543 457 καὶ
2578 402 2679 477 τὴν
2698 402 2767 458 δι’
2800 406 3018 476 ἀπάτης
3050 402 3207 474 νίκην
3241 396 3334 453 τοῦ
3380 398 3716 469 αὖτοκρὰτοο

460 509 720 572 viantem,
756 506 939 561 verbis
981 506 1108 569 illis,
1140 521 1265 574 qua:
1300 503 1497 559 deinde
1528 503 1584 561 iu
1627 503 1904 573 vulgarem
1942 502 2037 556 ab-

461 605 644 659 ierunt
677 601 838 655 irrisa
866 599 1219 655 cantilenam.
1273 596 1574 666 Repetebat
1623 597 1767 650 enim
1798 595 1998 663 sepius
2024 633 2042 658 ,

463 696 738 749 notionem
770 692 1013 745 nominis
1044 688 1375 761 Lycostomii
1404 689 1658 744 alludens
1687 729 1702 753 ,
1740 688 2042 743 festivitate

462 802 652 865 parum
679 786 902 838 decente
929 785 1220 837 barbarum
1250 798 1313 836 os
1338 823 1352 846 ,
1379 797 1491 835 sese
1537 781 1781 835 Αιεαίιιηι
1832 781 1886 833 in
1932 780 2044 846 lupi

462 880 641 943 [aures
678 876 980 945 conjecisse.
1012 875 1086 928 En
1123 883 1183 928 ut
1209 889 1352 929 caeca
1382 873 1632 943 superbia
1655 880 1739 928 cst
1762 912 1777 938 ,
1807 871 2037 926 abscon-

468 972 602 1022 dens
633 972 821 1022 multis
848 969 1097 1037 quamvis
1123 968 1327 1036 alioqui
1357 968 1593 1026 callidis.
1626 980 1746 1035 quae
1776 980 1881 1030 prae
1914 967 2042 1018 ocit-

465 1055 534 1109 lis
566 1064 619 1108 ct
651 1067 777 1109 ante
805 1057 971 1125 pedes
1001 1056 1237 1109 habent!
1275 1056 1492 1110 Auditis
1550 1070 1678 1109 t’ct'o
1708 1051 2044 1107 Baiutundus

462 1147 676 1201 nuntiis
741 1145 1002 1214 Bryenii,
1033 1146 1269 1215 doloque
1311 1148 1625 1210 intellecto,
1684 1159 1749 1198 ac
1814 1142 2042 1196 victoria

465 1237 817 1307 imperatoris
855 1237 1047 1291 fraude
1070 1248 1248 1306 parta,
1282 1248 1593 1292 commotus
1618 1249 1702 1291 est
1736 1237 1956 1306 quidem
1989 1244 2047 1289 ut

460 1346 558 1400 par
589 1344 743 1389 erat:
780 1341 955 1386 tamen
988 1334 1172 1384 animo
1205 1346 1313 1384 non
1352 1332 1629 1395 concidit,
1658 1338 1767 1384 tam
1802 1329 1927 1383 torti
1964 1335 2048 1381 at-

462 1414 570 1490 que
601 1423 667 1475 ad
700 1424 1031 1491 sperandum
1074 1422 1339 1491 pertinaci
1389 1425 1469 1475 vir
1501 1421 1590 1475 ltic
1646 1430 1765 1474 erat
1815 1413 2041 1473 indole!

463 1513 678 1583 Raptim
720 1530 852 1583 ergo
883 1514 1041 1569 electi
1078 1514 1147 1567 ab
1174 1530 1238 1567 eo
1266 1514 1604 1583 cataphracti
1642 1512 1862 1582 quidam
1901 1510 2045 1565 Galli

461 1608 844 1660 constenduut
896 1607 1163 1658 tumulum
1214 1621 1246 1660 c
1293 1607 1516 1675 regione
1566 1602 1800 1657 Larissae
1851 1602 2042 1657 situm.

458 1698 567 1753 Eos
593 1699 663 1751 ibi
700 1699 864 1752 simul
907 1696 1188 1752 Romanus
1238 1698 1516 1751 exercitus
1562 1695 1730 1758 vidit,
1781 1693 2041 1749 concordi

2147 515 2261 567 ρος,
2300 496 2498 566 ἤχθετο
2522 495 2621 566 μὲν
2651 495 2726 561 ώς
2755 498 2927 561 είκδς,
2956 496 3264 549 κατέπιπτε
3294 491 3351 544 δὲ
3381 490 3634 561 οὐδαμῶς
3664 493 3721 546 ὁ·

2147 593 2299 651 ποῖος
2364 590 2595 651 ἐκεῖνος.
2668 589 3094 659 ’Λποκριθέντες
3152 586 3246 639 οὖν
3306 601 3453 647 τινες
3490 583 3599 637 τῶν
3628 582 3718 636 ὑπ’

2146 682 2296 751 αὐτῴ
2322 681 2369 713 ⁸⁵
2400 681 2779 751 κατάφρακτοι
2805 681 3003 733 Κελτοὶ
3031 674 3264 749 ἀνῆλθον
3293 678 3376 739 εἱς
3412 674 3721 746 ἀκρώρειὰν

2149 790 2271 826 τινα
2305 772 2596 826 κατέναντι
2623 773 2720 842 τῆς
2753 773 3039 842 Λαρίσσης
3065 769 3445 846 διακειμένην.
3484 766 3723 829 Τούτους

2149 866 2209 918 τὸ
2242 864 2522 917 ὁπλιτικὸν
2555 863 2909 932 θεασάμενοι,
2934 863 3030 928 ξὺν
3053 863 3223 932 πολλῇ
3269 858 3550 929 προθυμίᾳ
3581 859 3728 910 ὲϐξα-

2147 957 2239 1025 ζον
2262 957 2589 1021 προσϐαλεῖν
2611 956 2653 988 ’³
2676 958 2881 1019 αὐτοῖς’
2912 955 2940 1006 ὁ
2961 955 3018 1007 δὲ
3051 954 3413 1023 αὐτοκράτωρ
3440 952 3675 1019 ἀπεῖργε
3702 951 3718 980 ί

2145 1050 2369 1110 τούτους
2395 1048 2491 1101 τοῦ
2520 1049 2940 1119 ἐγχειρήματος.
2980 1046 3074 1098 Ἐκ
3121 1032 3480 1113 διαφὸρτυνδὲ
3536 1040 3723 1093 πολλοὶ

2150 1142 2244 1193 καὶ
2296 1141 2552 1212 διάφοροι
2606 1142 2978 1212 ξυμμιγέντες
3026 1140 3349 1208 ταγμάτων,
3404 1135 3729 1197 ἀνελθόντες

2150 1234 2493 1302 προσέϐαλον
2560 1239 2672 1298 τοῖς
2722 1235 2974 1296 Κελτοῖς·
3021 1235 3069 1286 οἱ
3115 1232 3173 1284 δὲ
3204 1229 3548 1301 παραχρῆμα
3608 1229 3727 1280 κατ’

2149 1326 2330 1379 αὐτῶν
2351 1326 2677 1398 ὡρμηκότες
2707 1327 3021 1398 ἀναιροῦσιν
3045 1326 3175 1395 ἄχρι
3196 1324 3305 1378 τῶν
3326 1322 3727 1375 πεντακοσίων.

2152 1413 2287 1471 Εἶτα
2312 1420 2405 1472 τοῦ
2432 1421 2699 1488 βασιλέως
2743 1420 3156 1488 στοχασαμένου
3186 1416 3279 1469 τοῦ
3310 1415 3477 1467 τόπου
3501 1411 3570 1465 δι’
3607 1407 3673 1464 οὗ

2150 1512 2492 1582 Βαῐμοῦντος
2569 1514 2765 1583 ἔμελλε
2830 1513 3081 1575 διελθεῖν,
3147 1512 3242 1565 καὶ
3304 1509 3730 1564 ἀποστείλαντος

2147 1605 2436 1671 γενναίους
2486 1606 2831 1675 στρατιώτας
2889 1604 3030 1673 μετὰ
3077 1605 3096 1634 ²
3147 1602 3430 1674 Τούρκων,
3483 1598 3582 1660 καὶ
3639 1595 3730 1650 τοῦ

2150 1698 2456 1768 Μιγιδηνοῦ
2516 1698 2978 1768 προεξάρχοντος,
3044 1695 3164 1766 ἅμα
3201 1695 3280 1763 τῷ
3314 1692 3548 1762 πλησίον
3576 1690 3735 1758 γενέ-

459 1804 652 1843 οιιιΙιρε
682 1791 967 1843 alacritate
1024 1789 1320 1858 poscebant
1352 1791 1406 1842 in
1451 1790 1599 1858 ipsos
1641 1788 1790 1842 duci.
1844 1785 2043 1841 Verum

2152 1791 2299 1851 σθαι,
2344 1786 2510 1852 εὐθὺς
2558 1794 2585 1842 ὁ
2634 1790 2997 1859 Βαῖμοῦντος,
3054 1789 3305 1857 ὁρμὴσας
3363 1783 3484 1838 κατ’
3528 1782 3733 1847 αὐτῶν,

460 1880 517 1933 id
553 1882 851 1948 imperator
880 1880 998 1936 ﬁeri
1029 1881 1220 1935 vetuit.
1260 1881 1460 1935 Delecti
1495 1887 1708 1933 tantum
1754 1894 1821 1935 ex
1877 1878 2043 1932 variis

2152 1879 2358 1949 ἥττησε
2390 1883 2619 1943 τούτους
2669 1881 2832 1951 μέχρι
2862 1880 2956 1933 τοῦ
2986 1877 3234 1948 ποταμοῦ
3273 1875 3490 1941 διώξας.

457 1974 774 2030 cohortibus
806 1975 942 2029 varii
970 1974 1165 2029 idoneo
1194 1990 1425 2029 numero
1442 1976 1710 2028 adversus
1777 1988 1874 2028 eos
1929 1972 2106 2033 miSsi,
2147 1974 2199 2029 in
2232 1990 2371 2044 quos
2398 1986 2616 2044 repente
2653 1985 2807 2031 tanto
2838 1976 3044 2044 impetu
3085 1974 3282 2029 invecti
3326 1971 3507 2026 Latini
3545 1978 3686 2026 sunt
3715 1999 3731 2021 ο

461 2076 521 2120 ιιι
545 2083 610 2120 ex
643 2067 710 2121 iis
742 2068 808 2120 ad
841 2066 1172 2137 quingentos
1203 2066 1530 2122 occiderint.
1563 2065 1701 2120 Tum
1730 2066 2029 2134 imperator
2071 2065 2256 2118 animo
2301 2069 2594 2136 providens
2632 2069 2814 2123 locum
2892 2081 2998 2136 qua
3057 2067 3391 2123 transiturus
3467 2062 3737 2138 Bajtnun-

458 2156 563 2212 dus
585 2157 893 2223 videbatur,
915 2156 1062 2211 misit
1083 2157 1173 2226 qui
1200 2171 1325 2217 eum
1400 2163 1854 2227 prazoccuparent
1915 2155 2116 2210 milites
2156 2156 2488 2215 fortissimos
2533 2175 2658 2216 cum
2702 2160 2932 2223 Turcis.
2986 2159 3127 2214 duce
3184 2159 3443 2214 omnibus
3472 2156 3739 2228 praefecto

457 2251 750 2320 Migideno,
779 2265 918 2320 quos
946 2260 1004 2304 ut
1035 2267 1209 2321 prope
1238 2250 1462 2306 fuerunt
1499 2251 1839 2311 Baitnundns
1858 2255 2037 2326 primo
2076 2256 2279 2326 impetu
2318 2256 2626 2326 percellens
2657 2254 2806 2320 vicit,
2841 2254 3001 2322 fudit,
3032 2254 3263 2325 fugavit,
3333 2261 3391 2307 et
3463 2265 3652 2321 usque
3670 2248 3738 2303 ad

456 2344 682 2403 ﬂuvlutn
716 2344 994 2399 insecutus
1032 2353 1136 2399 est.

533 2436 805 2489 Pestridie
838 2434 1015 2504 prima
1056 2436 1179 2491 luce
1225 2434 1451 2492 ﬂuvium
1497 2435 1637 2491 idem
1679 2452 1804 2492 cum
1855 2439 2061 2493 comi-'

463 2527 610 2587 tibus
632 2536 687 2582 et
708 2528 826 2597 ipso
851 2526 1086 2599 Bryenio
1115 2541 1518 2600 transgressus,
1542 2545 1667 2584 cum
1689 2530 2044 2586 observasset

462 2618 770 2690 palustrem
802 2617 1094 2688 quemdam
1124 2618 1304 2674 locum
1357 2634 1527 2690 prope
1558 2618 1859 2687 Larissam,
1898 2621 2045 2676 inter

459 2711 603 2767 duos
633 2710 807 2765 colles
840 2709 1141 2780 jacentem,
1180 2711 1246 2765 ad
1283 2727 1410 2766 eum
1449 2721 1599 2766 recta
1649 2714 1899 2778 tetendit,
1937 2714 2045 2768 iter

462 2803 673 2856 faciens
719 2817 817 2873 per
880 2816 1229 2857 nemorosam
1286 2802 1583 2872 planitiem
1645 2802 1703 2858 in
1751 2805 2039 2869 angustias

459 2897 617 2951 valde
666 2905 851 2950 arctas
892 2894 1259 2950 desinentem.
1317 2897 1566 2961 Clisurae,
1606 2897 1721 2953 sive
1772 2896 2036 2960 claustra,

459 2989 568 3044 dici
603 2988 784 3043 solent
814 2987 865 3041 id
901 3002 1075 3058 genus
1105 2989 1250 3042 loca.
1278 2987 1403 3042 H:ec
1431 2997 1615 3042 autem
1651 2988 1880 3057 proprio
1933 3001 2037 3040 no-

462 3079 610 3136 mine
638 3078 920 3133 Domenici
957 3079 1221 3149 palatium
1271 3079 1599 3133 vocabatur.
1638 3077 1739 3134 Per
1785 3095 1905 3135 eam
1955 3080 2039 3134 in-

462 3183 689 3241 gressus
720 3167 1061 3223 Baimundus
1113 3168 1319 3221 vallum
1361 3168 1481 3223 illic
1529 3167 1648 3221 ﬁxit
1698 3170 2043 3240 tuunivitque

462 3270 669 3318 castra.
705 3260 843 3314 Eum
872 3260 948 3315 ibi
984 3270 1208 3330 postera
1248 3260 1338 3315 die
1370 3260 1474 3315 sub
1501 3261 1809 3316 diluculum
1841 3277 2044 3332 aggre-

461 3358 616 3410 ditur
643 3370 769 3410 cum
790 3356 1038 3410 exercitu
1067 3355 1330 3409 universo
1352 3352 1461 3408 dux
1489 3354 1781 3425 phalangis
1807 3354 2044 3410 Michael

461 3448 668 3511 Ducas,
699 3447 1008 3503 avunculus
1045 3461 1221 3511 meus,
1249 3446 1335 3499 vir
1367 3446 1671 3515 prudentia:
1714 3445 1876 3503 laude
1900 3448 2045 3503 cele-

461 3542 763 3607 berrimus,
813 3540 993 3595 forma
1051 3554 1183 3595 vero
1244 3549 1303 3595 et
1361 3539 1745 3611 magnitudine
1791 3543 2045 3612 corporis

461 3635 738 3694 excellens
758 3632 916 3705 1&2
938 3647 1042 3687 non
1065 3647 1228 3702 supra
1247 3647 1439 3688 onmes
1453 3632 1614 3688 modo
1626 3634 1718 3703 qui
1735 3640 1848 3688 tum
1865 3645 2043 3700 erant,

466 3726 561 3782 sed
590 3735 645 3780 et
675 3726 770 3795 qui
826 3740 1071 3795 unquam
1119 3724 1375 3786 fuerant;
1431 3725 1701 3781 miraculo
1740 3727 1888 3781 enim
1926 3734 2047 3782 erat

460 3815 953 3873 intuentibusJam
971 3818 1065 3888 qui
1092 3816 1336 3872 futurum
1362 3817 1679 3886 provideret
1706 3819 2043 3885 certissimo,

462 3911 557 3979 qui
585 3909 729 3979 quod
760 3909 1004 3965 instabat
1030 3908 1505 3963 animadverteret
1553 3909 2047 3981 introspicerctque

463 4001 654 4056 Statim
699 4000 949 4070 penitus,
991 4002 1109 4068 qul,
1143 4000 1276 4069 quid
1331 4015 1493 4070 opus,
1526 4003 1849 4057 consuleret
1899 4002 2044 4057 idem

462 4092 692 4161 optime,
722 4089 1172 4157 dexterritneque
1203 4098 1625 4159 exsequeretur,
1647 4108 1792 4147 unus
1817 4093 1864 4147 is
1888 4103 2040 4158 erat;

461 4181 739 4235 neminem
784 4178 837 4230 itt
891 4177 977 4231 bis
1033 4176 1284 4246 partibus
1325 4178 1538 4232 habens
1592 4182 2047 4250 comparabilem.

465 4270 553 4327 llli
589 4275 925 4339 praeceperat
977 4270 1279 4337 imperator
1302 4282 1371 4323 ne
1409 4283 1604 4325 omnes
1640 4285 1773 4327 suos
1809 4272 1862 4324 in
1892 4272 2045 4326 elau-

464 4363 564 4417 stri
597 4362 785 4417 fauces
818 4361 1229 4425 introduceret,
1266 4360 1362 4415 sed
1386 4361 1626 4432 legiones
1651 4363 1870 4431 quidem
1895 4370 2044 4418 stare

2218 2441 2297 2512 Τῇ
2340 2440 2396 2493 δὲ
2439 2439 2558 2510 μετ’
2598 2438 2774 2510 αὐτὴν
2823 2436 3181 2510 αὐγαζούσης
3219 2436 3322 2507 ἠδη
3351 2435 3451 2505 τῆς
3484 2431 3733 2504 ἠμέραςυ

2143 2527 2524 2599 παραδραμὼν
2565 2527 2658 2580 τὸν
2698 2528 2800 2598 ἤδη
2844 2527 3081 2599 ρηθέντα
3131 2526 3375 2596 ποταμὸν
3424 2524 3567 2595 μετὰ
3625 2523 3735 2577 τῶν

2144 2616 2627 2688 συνεφεπομένωι
2653 2617 2804 2688 αὑτῷ
2843 2618 3123 2687 κομήτων,
3173 2615 3270 2671 καὶ
3307 2614 3476 2670 αὐτοῦ
3517 2613 3584 2684 δὴ
3636 2611 3732 2668 τοῦ

2144 2712 2430 2783 Βρυενίου,
2461 2711 2587 2765 ἐπεὶ
2649 2711 2822 2783 ἑλώδη
2863 2711 3028 2764 τόπον
3063 2711 3121 2763 ὲν
3158 2712 3272 2772 τοῖς
3314 2709 3414 2779 τῆς
3442 2707 3737 2779 Λαρίσσης

2142 2805 2381 2877 μέρεσιν
2425 2805 2695 2859 ἐθεάσατο
2727 2802 3045 2873 ἀναμεταξὺ
3083 2802 3178 2857 δύο
3214 2802 3444 2874 βουνῶν,
3500 2800 3736 2855 πεδιάδα

2146 2897 2359 2967 ἀλσώδη
2385 2896 2564 2967 εὑρὼν
2581 2897 3036 2951 ἀποτελευτῶσαν
3062 2899 3143 2959 είς
3170 2894 3445 2950 στενωπὸν
3474 2896 3497 2925 ³
3524 2895 3739 2964 (κλεισ-

2145 2989 2317 3058 ούραν
2356 2988 2514 3043 τοῦτο
2540 2989 2560 3021 ⁸
2600 2982 3007 3058 καλοῦσινγτὴν
3044 2987 3347 3059 λεγομένην
3376 2985 3682 3057 Δομενίκου
3714 2985 3737 3021 ⁸

2149 3083 2432 3145 παλάτιον,
2485 3083 2575 3136 διὰ
2648 3083 2838 3137 τούτου
2885 3081 3166 3146 εἰσελθὼν,
3209 3083 3327 3135 ἐκεῖ
3373 3081 3465 3133 τὸν
3512 3079 3729 3150 χάρακα

2149 3173 2411 3244 ἐπήξατο.
2449 3172 2614 3244 mea
2666 3174 2785 3243 μετ’
2818 3172 2990 3245 αὐτὴν
3051 3172 3197 3227 κατά
3250 3171 3312 3224 τὸ
3371 3169 3731 3241 περίορθρον,

2147 3262 2559 3336 καταλαμϐάνει
2599 3266 2764 3320 αὐτὸν
2793 3266 2822 3318 ὁ
2852 3263 3251 3336 φαλαγγάρχης
3281 3262 3504 3332 Μιχαὴλ
3541 3265 3571 3314 ὸ
3600 3261 3737 3314 Δοῦ-

2149 3377 2273 3423 καςν
2297 3362 2326 3413 ὃ
2354 3359 2493 3431 πρὸς
2531 3361 2740 3431 μητρὸς
2762 3361 2782 3392 ⁸
2810 3360 2942 3430 ἐμὸς
2974 3360 3118 3423 θεῖος
3147 3359 3289 3429 μετά
3316 3356 3411 3411 τοῦ
3437 3354 3730 3410 ὁπλιτικοῦ

2150 3453 2371 3517 παντὸς,
2401 3452 2541 3523 ἀνὴρ
2561 3453 2582 3484 ⁷
2615 3433 2711 3505 ἐπὶ
2755 3452 3018 3523 φρονήσει
3039 3448 3490 3520 διαϐεόοημένος,
3521 3447 3651 3518 ὥρα
3680 3447 3738 3501 δὲ

2148 3545 2243 3596 καὶ
2265 3543 2490 3614 μεγέθει
2520 3543 2776 3615 σώματος
2803 3544 3103 3615 διαφέρων,
3126 3544 3187 3597 οὑ
3215 3542 3324 3596 τῶν
3349 3542 3474 3595 τότε
3508 3540 3735 3613 καιροῦ,

2146 3634 2287 3688 ἀλλὰ
2334 3634 2431 3689 καὶ
2482 3634 2594 3688 τῶν
2647 3635 2867 3689 πώποτε
2915 3635 3300 3705 γεγενημένων
3333 3632 3566 3703 (θάμϐος
3622 3633 3735 3703 γὰρ

2147 3724 2296 3798 εἶχεν
2332 3728 2584 3792 ἅπαντας
2602 3729 2728 3792 τοὺς
2761 3727 3005 3798 ὁρῶντας
3030 3727 3123 3780 τὸν
3149 3725 3368 3795 ἀνδρα),
3407 3724 3653 3778 συνιδεῖν
3677 3724 3735 3778 δὲ

2146 3818 2208 3873 τὸ
2236 3819 2429 3889 μέλλον
2459 3821 2554 3873 καὶ
2580 3818 2836 3889 φωρᾶσαι
2860 3818 2923 3871 τὸ
2949 3817 3190 3881 ἑνεστδς,
3223 3817 3321 3871 καὶ
3364 3816 3739 3886 καταπράξαξ

2149 3913 2276 3965 σθαι
2308 3912 2332 3944 ⁸
2365 3911 2675 3974 δεινότατός
2729 3927 2789 3963 τε
2832 3911 2929 3963 καὶ
2985 3908 3389 3980 ἀπαράμιλλος.
3455 3908 3651 3978 Τούτῳ
3705 3909 3735 3961 ὁ

2148 4003 2514 4075 αὐτοκράτωρ
2543 4003 2860 4074 ἐπέσκηψεν
2899 4001 2973 4073 μὴ
3010 4002 3224 4065 πάντας
3254 4000 3412 4064 ἐντὸς
3466 3999 3565 4053 τοῦ
3616 4016 3738 4053 στο⁸

2150 4095 2275 4165 μίου
2296 4094 2396 4162 τῆς
2450 4092 2773 4164 κλεισούρας
2808 4091 3096 4157 εἰσελθεῖν,
3122 4091 3260 4145 ἀλλά
3285 4090 3382 4153 τὰς
3417 4089 3522 4160 μὲν
3554 4089 3727 4143 δυνά-

2152 4204 2273 4256 μεις
2306 4185 2506 4253 ἔξωθεν
2560 4184 2818 4239 ἵστασθαι
2876 4184 3076 4252 ίλαδδν,
3127 4182 3348 4252 ὀλίγους
3390 4182 3447 4236 δὲ
3482 4182 3684 4236 διελεῖν
3709 4183 3730 4215 ¹

2149 4278 2419 4350 Τούρκων
2449 4278 2546 4331 καὶ
2604 4277 2977 4349 Σαυρομάτων
3006 4278 3109 4346 τῆς
3145 4276 3359 4341 τοξείας
3410 4276 3729 4346 είδὴμονας,

2148 4368 2243 4422 καὶ
2270 4370 2311 4400 ¹⁰
2342 4366 2551 4431 τούτοις
2579 4367 2985 4439 παραχωρῆσαι
3013 4368 3113 4437 τῆς
3139 4366 3372 4431 εἰσόδου,
3419 4365 3732 4435 ἐπισκῆψαι

460 4455 685 4524 juberet
734 4461 914 4519 extra,
965 4453 1235 4507 continua
1282 4453 1426 4507 serie
1475 4452 1777 4523 depositas.
1834 4453 2043 4512 Paucos

2150 4460 2205 4514 δὲ
2236 4458 2448 4521 τούτοις
2483 4459 2678 4530 μηδενὶ
2712 4460 2889 4530 ἑτέρῳ
2921 4458 3065 4529 ξίφει
3104 4458 3242 4529 πλὴν
3286 4459 3489 4522 ὀϊστοῖς
3519 4460 3733 4529 χρήσαε

462 4556 680 4600 tantum
717 4561 747 4600 ο
780 4545 977 4599 Ὶίηοίε
1035 4541 1153 4599 fere
1209 4558 1276 4599 ac
1334 4542 1607 4600 Sarmatis
1638 4546 1897 4602 delectos
1944 4550 2039 4618 qui

463 4637 761 4709 sagittandi
798 4647 917 4690 arte
953 4644 1299 4705 praestarent,
1333 4645 1625 4705 penetrare
1665 4628 1806 4691 intra
1852 4640 2038 4695 tauccs

461 4748 744 4805 pateretur
779 4755 794 4789 ;
833 4734 1037 4802 trisque
1067 4733 1204 4802 ipsis
1236 4732 1504 4797 ediceret,
1538 4749 1605 4789 ne
1642 4735 1750 4789 alio
1783 4737 1896 4789 ullo
1941 4754 2037 4807 ge-

465 4844 599 4882 nere
650 4842 931 4882 armarunt
995 4841 1165 4896 quam
1226 4825 1353 4881 telis
1378 4826 1569 4895 procul
1613 4842 1694 4907 .ac
1736 4829 2040 4886 missilibus

468 4933 781 4974 uterentur.
837 4920 1041 4975 Verum
1101 4920 1155 4973 lii
1214 4935 1340 4973 cum
1402 4920 1636 4989 ingressi
1690 4924 2047 4977 excursiones

467 5024 763 5078 equestres
815 5011 870 5065 iu
921 5010 1149 5066 Latinos
1184 5010 1454 5077 facerent,
1502 5014 1596 5080 qui
1645 5013 1782 5069 foris
1827 5017 2051 5069 stabant

271 5152 279 5159 ,
378 5159 389 5167 ,
475 5117 670 5169 magna
736 5104 1015 5173 pugnandi
1084 5103 1313 5159 libidine
1372 5106 1632 5174 praecepti
1687 5108 2045 5160 reverentiam

475 5194 753 5256 vincente,
792 5210 891 5263 pro
926 5208 986 5248 se
1040 5195 1278 5263 quisque
1314 5195 1367 5249 in
1418 5198 1620 5249 sAltum
1654 5197 1888 5266 ingredi,
1943 5213 2044 5253 nec

468 5286 588 5341 sine
625 5294 816 5339 mutuo
865 5285 1226 5353 praavertendi
1262 5287 1469 5349 studio,
1520 5300 1831 5358 cmperuut.
1883 5289 2044 5345 Vide-

468 5381 673 5435 bantur
720 5380 787 5433 ad
848 5378 1185 5448 exploratam
1248 5380 1532 5434 victoriam
1588 5382 1831 5445 tendere,
1893 5384 2037 5452 quod

2152 4552 2298 4605 σθαι.
2349 4549 2718 4602 Εἱσελθόντων
2765 4548 2822 4601 δὲ
2882 4550 2977 4601 καὶ
3045 4547 3316 4611 ἱππασίας
3381 4550 3731 4618 ποιουμένων

2149 4640 2290 4693 κατά
2360 4639 2467 4692 τῶν
2520 4638 2789 4702 Λατίνων,
2847 4640 2897 4692 οί
2946 4639 3146 4706 ἔξωθεν
3224 4640 3531 4709 ίστάμενοι,
3590 4644 3730 4712 πρὸς

2148 4732 2418 4803 sum»;
2453 4732 2844 4798 σφαδάζοντες,
2882 4732 3071 4804 ἤριζον
3102 4735 3284 4796 ὁποῖος
3313 4735 3382 4787 ἂν
3414 4734 3478 4788 τὺ
3506 4738 3727 4806 στόμιον

2151 4824 2407 4880 εἰσέλθοι.
2448 4826 2507 4878 '0
2533 4826 2640 4896 γὰρ
2674 4824 3035 4895 Βαῖμοῦντος,
3073 4824 3286 4897 πλήρης
3314 4825 3392 4879 ὢν
3438 4827 3731 4899 βασιλικῆς

2158 4916 2196 4947 ¹¹
2230 4916 2567 4985 ἐπιστήμης,
2602 4916 2729 4979 τοὺς
2757 4916 2850 4969 ὑπ’
2877 4916 3041 4970 αὑτὸν
3074 4917 3292 4973 ἐκέλευε
3323 4921 3728 4988 συνησπικότας

2154 5009 2430 5073 ἵστασθαι,
2464 5009 2560 5061 καὶ
2575 5010 2697 5074 ταῖς
2724 5008 2949 5064 ἀσπίσιν
2969 5010 3201 5073 ἑαυτοὺς
3224 5011 3722 5083 περιφράττοντας,

2151 5102 2433 5171 ἀτρεμεῖν.
2488 5099 2550 5152 ’0
2579 5101 2635 5152 δέ
2671 5116 2735 5167 γε
2761 5102 3210 5171 πρωτοστρὼωρ
3230 5100 3577 5170 θεασάμενος
3595 5102 3727 5163 τοὺς

2151 5193 2244 5247 ὑπ’
2279 5192 2443 5245 αὐτὸν
2473 5195 2612 5245 κατὰ
2643 5194 2841 5263 μικρὸν
2864 5193 3158 5264 ὲκρέοντας
3180 5195 3275 5247 καὶ
3300 5195 3726 5267 εἰσερχομένους

2147 5286 2233 5341 διὰ
2270 5286 2366 5340 τοῦ
2398 5287 2646 5353 στομίου,
2674 5285 2894 5354 είσῆλθε
2926 5286 3019 5338 καὶ
3051 5287 3233 5349 αὐτός.
3273 5286 3332 5340 '0
3366 5288 3421 5342 δὲ
3451 5285 3723 5357 Βαῖμοῦν·

2116 5392 2241 5443 “to;
2278 5380 2505 5442 τούτους
2552 5378 2913 5449 θεασάμενος,
2948 5376 3152 5449 ὥσπερ
3189 5379 3351 5440 λέων
3396 5382 3580 5451 ἐχάρη
3614 5395 3724 5449 με-

1532 5515 1729 5578 \'arite
1760 5517 2071 5579 lectiones
2116 5536 2191 5579 ex
2229 5519 2365 5580 cod.
2402 5519 2670 5581 Coislin.

546 5668 593 5740 ’3
622 5668 807 5723 αὐτόν.
875 5667 922 5700 ⁹⁹
948 5667 1268 5740 ξυμϐαλεῖν.
1345 5666 1603 5740 ί-ῥπῆγε.
1670 5664 2007 5740 (uetant.

470 5738 618 5812 τρός.
699 5741 718 5772 ⁷
747 5735 1030 5810 ἁνὴρτις.’
1074 5740 1095 5770 ⁸
1118 5735 1594 5809 καταπράξασναι.

2116 5666 2136 5695 ⁸
2176 5668 2453 5718 στενωπὸν
2482 5666 2629 5728 ὀξύν.

1692 5734 1713 5767 ⁸
1744 5733 1953 5786 διελών.
2030 5734 2075 5765 ¹⁰
2099 5734 2262 5793 Deest
2310 5737 2499 5791 vocula
2538 5736 2649 5789 καί.
2718 5737 2756 5768 ¹¹
2791 5738 3189 5810 στρατηγικῆς.

2756 5666 2778 5698 ‘
2812 5666 3021 5723 τοῦτον.
3110 5668 3135 5740 _'
3167 5668 3488 5740 Δεμενίκου.
3569 5667 3723 5719 ’παις
