3942 6208
275 220 390 288 625

1559 226 1973 292 ALEXIADIS
2013 229 2160 295 LIB.
2202 231 2269 293 V.

3424 232 3531 298 426

278 334 449 407 Tum
468 334 568 389 ἐπὶ
600 332 830 405 σώματι
862 337 1120 407 κύρσας,
1140 332 1295 393 εἶπεν
1311 308 1387 396 ἀν
1407 358 1492 403 τις
1525 340 1864 411 Ὁμηρικῶς,

1971 340 2198 397 Latinos
2241 350 2441 413 praeter
2475 355 2678 396 morem
2709 341 2782 411 ,in
2831 342 2953 398 loco
2987 351 3214 409 stantes,
3269 346 3539 403 cecidisse

279 428 358 491 ὡς
387 428 482 480 καὶ
513 420 692 491 οὗτος,
721 427 853 482 ἰδὼν
880 430 939 482 ἐν
981 431 1166 495 αὐτοῖς
1204 431 1506 503 ὀφθαλμοῖς
1553 434 1596 465 ¹¹
1636 432 1863 496 τούτους

278 521 375 575 καὶ
425 520 520 572 τὸν
581 522 1055 594 πρωτοστράτορα
1120 523 1373 594 Μιχαὴλ⁹
1427 523 1642 596 ἀσχέτῳ
1712 524 1864 597 ῥύμῃ

279 612 516 666 πανσυδὶ
548 614 671 666 κατ’
711 613 892 667 αὐτῶν
934 613 1106 669 ἵεταιο
1144 617 1194 669 oi
1236 615 1294 669 δὲ
1317 617 1662 688 παραχρῆμα
1714 616 1865 670 νῶτα

279 704 541 758 διδόασιν.
594 704 776 769 esca;
810 704 1011 777 (61)δέ
1050 707 1149 779 τὴν
1183 709 1378 780 κλῆσιν
1427 710 1755 780 φερώνυμον
1798 711 1864 763 ἐκ

279 797 375 851 τοῦ
442 798 641 863 γένους
708 797 916 869 λαχὼν,
979 800 1070 852 ἐπ’
1122 802 1316 873 ἀνδρίᾳ
1374 801 1862 873 διαϐεϐοημένος,

278 886 449 951 εἰδὼς
500 886 599 954 ἠδ’
627 886 727 939 ἐπὶ
779 888 950 951 δεξιὰ
986 887 1083 957 ἠδ’
1130 890 1223 942 ἐπ’
1272 888 1556 959 ἀριστερὰ
1588 887 1865 957 νωμῆσαι

272 976 423 1042 βῶν,
451 975 715 1043 ἀζαλέην
744 977 908 1048 (61⁸),
955 979 1081 1031 καθ’
1114 980 1387 1049 Ὅμηρον,
1414 981 1473 1032 ἐν
1496 978 1575 1048 τῷ
1613 978 1708 1032 τοῦ
1742 994 1865 1030 στο-
1920 991 1937 1001 ‘

281 1069 405 1136 μίαν
449 1068 777 1139 ἐξέρχεσθαι
826 1069 976 1136 δεξιά
1022 1072 1423 1141 παρεκκλίνας,
1473 1070 1695 1141 γοργῶς
1741 1071 1866 1122 ἐπι-

280 1163 573 1232 στραφεὶς,
619 1162 771 1215 παίει
805 1162 897 1215 τὸν
946 1161 1098 1233 αὐτῷ
1151 1164 1567 1217 ὑπαντιάσαντα
1617 1161 1661 1194 ³³
1695 1162 1865 1215 Λα.τῖ-

277 1271 388 1306 νον.
434 1254 494 1304 ὐ
539 1254 583 1306 δ’
612 1254 775 1319 εὐθὺς
802 1253 1106 1324 ίκύμϐαχος
1161 1254 1305 1308 κατὰ
1336 1255 1439 1323 γῆς
1486 1254 1688 1307 ἔκειτο.
1724 1252 1784 1304 '0
1807 1251 1864 1304 δὲ

278 1345 618 1413 Βαῖμοῦντος
642 1346 834 1399 ἐδίωκε
874 1346 1098 1409 τούτους
1128 1346 1292 1418 μέχρι
1333 1346 1429 1399 τοῦ
1483 1347 1732 1417 ποταμοῦ
1763 1347 1866 1398 Σα-

277 1436 483 1509 λαϐρία
516 1438 581 1491 ³⁸.
627 1438 715 1490 Ἐν
743 1438 799 1491 δὲ
826 1437 903 1508 τῷ
957 1438 1181 1507 φεύγειν
1211 1442 1237 1491 ὁ
1260 1439 1359 1510 ήδη
1419 1438 1611 1509 ῥηθεὶς
1661 1439 1864 1505 Οὑζᾶς,

280 1530 435 1581 παίει
464 1530 558 1581 τὶν
589 1531 689 1600 τὴν
724 1531 970 1601 σημαίαν
997 1530 1094 1584 τοῦ
1146 1530 1492 1601 Βαῖμούντου
1560 1531 1867 1602 κατέχοντα

276 1621 361 1673 διὰ
386 1620 483 1673 τοῦ
514 1621 765 1693 δόρατος,
793 1622 889 1675 καὶ
921 1622 1022 1693 τὴν
1049 1625 1296 1696 σημαίαν
1317 1623 1427 1676 τῶν
1456 1624 1659 1694 χειρῶν
1696 1621 1863 1676 αὑτοῦ

276 1714 640 1782 ἀφαρπάσας,
676 1714 871 1785 μικρὸν
934 1714 1204 1785 περιδινεί
1248 1716 1341 1767 καὶ
1385 1714 1559 1767 κλίνει
1611 1715 1749 1785 πρὸς
1799 1716 1863 1768 τὸ

277 1806 514 1875 πρανές.
548 1808 613 1860 Οἱ
666 1807 800 1875 γοῦν
849 1809 1073 1861 Λατῖνοι
1128 1808 1230 1878 τὴν
1289 1807 1534 1878 σημαίαν
1567 1807 1625 1874 ἐξ
1673 1808 1862 1877 ὀρθίου

277 1901 566 1971 σχήματος
622 1898 1055 1955 κατακλιθεῖσαν
1096 1900 1429 1969 ἑωρακότες,
1490 1900 1548 1951 ἐν
1597 1898 1862 1968 συγχύσει

276 1992 568 2060 γεγόνασι,
604 1992 699 2045 καὶ
729 1991 815 2062 ἐφ’
839 1993 1036 2062 ἑτέραν
1071 1993 1376 2063 ἐτράποντο
1406 1994 1673 2064 ἀτραπὸν,
1696 1992 1765 2045 δι’
1793 1988 1863 2066 ἧς

277 2079 371 2136 καὶ
384 2083 453 2135 τά
471 2083 723 2155 Τρίκαλα
742 2084 1254 2153 καταλαμϐάνουσιν
1268 2086 1369 2155 ἤδη
1390 2085 1866 2155 προκατασχεθέν-

276 2190 343 2226 τα
374 2170 532 2245 παρᾶ
553 2192 715 2227 τινων
752 2175 861 2229 τῶν
882 2177 976 2229 τοῦ
994 2176 1335 2246 Βαῖμούντου
1354 2177 1494 2247 πρὸς
1513 2176 1574 2230 τὸ
1597 2176 1867 2231 Λυκοστόο

280 2280 405 2333 μιον
431 2266 769 2334 φευγόντων.
794 2267 1036 2320 Κάκεῖσε
1061 2268 1203 2331 τέως
1229 2269 1514 2337 ηὐλίζοντο
1540 2271 1583 2302 ⁸⁸
1599 2270 1731 2324 είσω
1745 2268 1867 2323 τού-

277 2374 389 2409 των
412 2357 731 2425 γεγονότεςο
760 2355 974 2408 ἐκεῖθεν
1006 2355 1064 2409 δὲ
1101 2356 1595 2427 καταλαμϐάνουσι
1618 2359 1718 2429 τὴν
1751 2362 1867 2414 Κα-

279 2450 532 2518 στορίαν.
570 2448 630 2500 '0
659 2447 716 2500 δὲ
749 2447 1011 2517 βασιλεὺς
1046 2448 1398 2519 ὑποστρέψας
1436 2450 1543 2503 ἀπὸ
1581 2451 1865 2523 Λαρίσσης

275 2540 368 2592 καὶ
415 2541 519 2610 τὴν
570 2540 981 2612 Θεσσαλονίκην
1017 2540 1364 2605 καταλαϐὼν,
1420 2543 1608 2605 ὁποῖος
1655 2543 1867 2606 ἐκεῖνος

274 2631 407 2701 περὶ
435 2630 507 2683 τὰ
532 2630 762 2683 τοιαῦτα
801 2630 938 2700 ταχὺ
971 2631 1116 2700 μάλα
1142 2631 1278 2702 πρὸς
1312 2632 1439 2694 τοὺς
1475 2632 1572 2685 σὺν
1617 2632 1696 2702 τῷ
1738 2632 1868 2685 Βαῖ-

279 2723 503 2792 μούντῳ
561 2722 812 2793 κόμητας
868 2722 1223 2785 ἀποστείλας,
1279 2722 1483 2785 πολλὰς
1541 2723 1867 2793 ὑποσχέσεις

275 2815 606 2884 ἐπεποίητο,
637 2818 683 2867 εξ
718 2814 811 2867 τὸν
845 2814 1184 2885 Βαῖμοῦντον
1204 2816 1330 2878 τοὺς
1364 2815 1593 2883 μισθοὺς
1630 2817 1870 2887 ἀπαιτή-

277 2925 467 2960 σουσιν
499 2906 591 2969 οὕς
626 2924 731 2977 περ
776 2908 820 2939 ¹⁶
851 2907 1038 2971 αὐτοῖς
1071 2907 1164 2960 καὶ
1211 2908 1503 2976 ύπέσχετο’
1536 2906 1632 2960 τοῦ
1682 2906 1740 2960 δὲ
1791 2906 1865 2978 μὴ

1970 433 2192 497 animis,
2229 443 2284 488 et
2315 432 2497 502 fugam
2526 436 2775 502 cogitare
2805 441 3014 489 temere
3063 434 3439 490 crediderant.
3468 440 3540 490 At

1968 537 2059 578 ars
2089 530 2209 579 erat
2232 522 2322 577 illa
2353 523 2721 579 versutissimi
2757 522 3072 587 Baimundi,
3103 524 3197 593 qui
3233 524 3300 578 ad
3332 526 3541 595 primas

1969 613 2324 669 velitationes
2374 625 2521 669 stare
2551 628 2708 680 suos,
2745 614 2976 685 objectis
3004 616 3164 670 modo
3197 616 3389 681 scutis,
3441 631 3546 672 nec

1966 710 2022 761 in
2056 706 2247 763 hostes
2277 705 2431 775 ferri,
2464 706 2649 777 quoad
2682 708 2869 776 plures
2920 705 3228 771 afﬂuerent,
3276 708 3541 777 jusserat.

1966 797 2347 854 Protostrator
2402 813 2533 853 vero
2577 797 2808 854 Michael
2873 813 2997 853 eum
3054 813 3185 853 suos
3243 813 3339 868 per
3396 800 3545 854 hunc

1967 890 2191 945 modum
2231 891 2494 960 paulatim
2527 891 2670 945 intra
2711 892 2910 945 saltum
2949 890 3232 946 emuentes
3264 899 3543 957 cerneret,

1968 982 2253 1052 ingressus
2302 998 2425 1037 cum
2490 983 2598 1037 illis
2626 993 2679 1037 et
2718 982 2836 1052 ipse
2867 990 2972 1036 est.
3030 982 3201 1047 Quem
3252 982 3365 1051 jam
3415 997 3541 1036 cum

1970 1081 2090 1126 toto
2130 1073 2356 1142 agmine
2390 1080 2711 1144 penetrasse
2751 1072 3037 1142 angustias
3080 1073 3172 1127 ubi
3210 1073 3364 1137 vidit,
3399 1072 3545 1128 Gau-

1970 1165 2077 1229 det,
2107 1174 2167 1218 ut
2200 1182 2425 1219 occursu
2476 1166 2671 1234 prada:
2715 1165 2793 1219 leo
2840 1175 3024 1234 raptor
3071 1166 3283 1234 apinae.
3334 1166 3546 1219 diceret

1969 1258 2169 1328 aliquis
2206 1256 2521 1321 Homerice,
2576 1258 2796 1321 videns,
2858 1258 3105 1327 inquam,
3137 1268 3191 1313 et
3226 1261 3315 1313 vix
3367 1260 3545 1313 oculis

1969 1366 2082 1420 pra:
2136 1350 2338 1421 gaudio
2400 1351 2629 1404 credens
2674 1350 3037 1417 Baimuudus,
3095 1360 3546 1420 protostratorem

1969 1458 2093 1499 cum
2147 1444 2391 1498 exercitu
2436 1444 2683 1499 clausum
2744 1444 2887 1509 loco,
2952 1444 3170 1513 sibique
3213 1444 3548 1513 expositum,

1972 1541 2087 1587 toto
2120 1534 2172 1587 in
2201 1533 2485 1588 Romanos
2529 1548 2631 1588 suo
2680 1549 3020 1604 suorumque
3070 1534 3239 1589 simul
3298 1533 3548 1587 incubuit

1970 1626 2214 1696 impetu;
2246 1636 2301 1679 at
2338 1627 2418 1679 illi
2448 1640 2556 1679 non
2598 1626 2841 1680 ferentes
2872 1634 3023 1696 terga
3056 1635 3364 1681 verterunt.
3404 1626 3547 1679 Uzas

1973 1725 2150 1770 tamen
2183 1716 2605 1785 appellationem
2643 1730 2671 1767 a
2711 1730 2910 1783 genere
2944 1718 3192 1780 sortitus,
3222 1716 3303 1769 vir
3331 1715 3548 1769 fortitu-

1969 1806 2116 1862 dinis
2133 1807 2294 1861 laude
2316 1807 2575 1877 inclytus,
2601 1810 2669 1860 Et
2694 1807 2931 1876 clypeum
2960 1808 3250 1877 dextraque
3268 1808 3436 1860 sciens
3455 1809 3548 1860 la:-

1969 1915 2131 1969 vaque
2153 1897 2379 1964 vibrare,
2409 1901 2536 1951 item
2564 1906 2623 1950 ut
2647 1896 2847 1951 Hector
2867 1899 2961 1952 ille
2976 1896 3392 1960 Homericus,in
3425 1896 3545 1965 ipso

1968 1991 2345 2061 angustiarum
2374 2005 2601 2059 egressu
2630 2005 2751 2043 cum
2778 2006 2806 2043 a
2829 1991 3059 2055 dextris,
3095 2007 3206 2061 quo
3238 1990 3379 2045 forte
3410 2006 3543 2059 pro-

1968 2097 2073 2136 nus
2110 2092 2227 2136 erat
2246 2083 2587 2137 currentium
2614 2083 2876 2152 impetus,
2903 2083 3189 2151 inopinato
3215 2084 3549 2140 declinasset

1967 2174 2279 2243 paululum,
2317 2173 2372 2227 in
2404 2171 2662 2227 Latinum
2697 2173 2948 2243 proxime
3006 2187 3326 2245 sequentem
3360 2177 3548 2231 insur-

1967 2266 2111 2321 rexit
2172 2277 2327 2321 vasto
2384 2266 2519 2332 ietu,
2559 2282 2624 2321 ex
2681 2282 2790 2337 quo
2846 2267 2938 2321 ille
2996 2267 3051 2320 in
3089 2277 3254 2335 caput
3303 2283 3546 2337 praeceps

1968 2358 2155 2415 statim
2186 2358 2421 2412 aﬂlictus
2451 2358 2507 2411 in
2543 2367 2742 2414 terram
2779 2368 2885 2414 εει.
2916 2358 2986 2412 At
3017 2358 3363 2412 Baimundus
3397 2360 3547 2413 iuse-

1970 2456 2131 2501 cutus
2176 2442 2454 2502 Romanos
2493 2455 2576 2504 est
2616 2464 2793 2519 usque
2840 2449 2907 2503 ad
2970 2448 3175 2502 ﬂuinen
3211 2450 3544 2503 Salabriam.

1969 2539 2243 2593 Caeterum
2273 2539 2437 2602 idem,
2468 2540 2631 2610 cujus
2674 2541 3050 2604 meminimus,
3088 2540 3235 2594 hzas
3270 2542 3413 2594 inter
3464 2540 3545 2594 iu-

1969 2633 2226 2703 giendum
2290 2631 2611 2697 signiferum
2674 2632 2964 2687 Baimuudi
3033 2633 3189 2686 hasta
3251 2634 3544 2702 percussit,

1970 2726 2296 2795 signumque
2356 2725 2457 2792 ipsi
2530 2724 2596 2777 de
2662 2725 2921 2776 manibus
2986 2731 3264 2776 estortum
3303 2723 3544 2776 circum-

1970 2820 2127 2872 duxit
2159 2818 2549 2885 inclinavitqne
2584 2824 2786 2870 terram
2826 2830 3043 2869 versus.
3075 2813 3346 2869 Turbavxt
3370 2829 3431 2868 ea
3458 2829 3547 2867 res

1971 2906 2216 2969 Latinos,
2248 2909 2449 2977 quibus
2476 2907 2733 2960 vexillum
2772 2907 3050 2973 peculiare
3084 2906 3283 2959 summi
3321 2906 3480 2959 ducis
3515 2920 3547 2959 e

275 3001 500 3069 ἔχοντος
532 2998 827 3053 ἀποδοῦναι
883 3001 1288 3071 παραπείσουσι
1338 3001 1529 3054 τοῦτον
1581 3000 1864 3054 κατελθεῖν

1972 3010 2123 3055 recto
2159 3002 2482 3053 inclinatum
2510 2999 2800 3053 infortunii
2842 3000 2943 3069 ipsi
2974 2998 3151 3052 oblati
3176 2999 3391 3068 signum
3422 3014 3548 3053 esse

277 3095 359 3155 είς
390 3092 495 3160 τὴν
533 3090 833 3155 θαλασσαν,
875 3095 972 3145 καὶ
1004 3092 1350 3163 ἀναζητῆσαι
1393 3094 1570 3147 ταῦτα
1613 3095 1725 3147 ἀπὸ
1767 3094 1862 3147 τοῦ

280 3186 417 3237 ἰδίου
457 3184 666 3255 πατρὶς
710 3184 1053 3256 Ῥομπέρτου
1090 3186 1186 3239 καὶ
1226 3187 1392 3241 αὑτὸν
1416 3188 1629 3242 ἐκεῖνον
1661 3188 1857 3241 διαπε-

279 3279 447 3350 ράσαι
496 3278 622 3340 τοὺς
664 3277 846 3329 αὐτῶν
884 3278 1115 3347 μισθοὺς
1159 3278 1609 3350 ἐξαιτησόμενον.
1666 3282 1775 3334 Καὶ
1814 3283 1865 3335 εί

278 3368 447 3421 τοῦτο
497 3368 780 3430 ἀνύσαιεν,
814 3370 1026 3433 πάντας
1070 3373 1239 3442 τιμῆς
1268 3373 1363 3425 καὶ
1396 3372 1732 3443 εὐεργεσιῶν
1765 3389 1866 3443 μυ-

282 3460 417 3530 ρίων
447 3458 854 3514 ὲπαπολαῦσαι.
889 3461 1000 3513 Καὶ
1029 3462 1146 3514 ὅσοι
1181 3462 1280 3533 μὲν
1311 3463 1517 3517 τούτων
1554 3465 1649 3517 ἐπὶ
1685 3464 1865 3536 μισθῷ

277 3549 574 3603 δουλεῦσαι
648 3549 963 3621 Θελήσουσι,
1034 3554 1559 3626 προσλαμϐάνεσθαι
1616 3555 1862 3622 τούτους,

279 3646 377 3697 καὶ
430 3645 764 3715 ἀποχρῶντα
817 3647 908 3699 τὸν
964 3646 1157 3716 μισθὸν
1211 3647 1530 3712 ἀποδοῦναι,
1591 3647 1734 3701 κατά
1795 3648 1867 3702 τὰ

281 3738 572 3809 θελήματα
616 3741 822 3805 αὐτῶν,
855 3744 981 3805 τοὺς
1011 3741 1056 3794 δ’
1096 3741 1167 3795 αὖ
1206 3743 1286 3805 είς
1321 3742 1419 3805 τὰς
1465 3741 1645 3803 οἰκίας
1685 3742 1867 3797 αὐτῶν

284 3831 655 3902 βουλομένους
708 3834 968 3886 ἀπελθεῖν
1009 3833 1307 3896 ἀκινδύνως
1338 3833 1381 3865 “
1421 3833 1742 3887 διαϐιϐάσαι
1776 3834 1867 3887 διὰ

280 3928 382 3994 τῆς
438 3925 745 3995 οὐγγρίας.
795 3925 1150 3992 Ὑπείξαντες
1196 3922 1289 3979 οὖν
1324 3926 1401 3997 τῷ
1458 3926 1552 3978 τοῦ
1601 3925 1868 3996 βασιλέως

285 4019 678 4087 προστάγματι
702 4020 751 4073 οἱ
786 4020 1048 4090 κόμητες,
1084 4019 1210 4082 τοὺς
1246 4019 1353 4073 τῶν
1389 4018 1867 4090 παραδραμόντων

284 4111 568 4182 τεσσάρων
617 4112 884 4165 ἐνιαυτῶν
935 4113 1166 4181 μισθοὺς
1205 4113 1549 4181 ἁσυμπαθῶς
1600 4112 1865 4185 ἀπῄτουν.

296 4202 352 4255 '0
374 4203 434 4258 δὲ
460 4204 538 4274 μὴ
572 4203 710 4271 ἔχων
737 4204 1063 4269 ἀποδοῦναι,
1104 4204 1433 4258 ἀνεϐάλλετο
1479 4207 1642 4268 τέως.
1686 4205 1776 4266 Ὠς
1808 4204 1866 4257 δὲ

286 4296 562 4349 ἐνέκειντο
596 4295 797 4364 εῠὶ.ογα
831 4298 1135 4359 αἰτοῦντες,
1175 4299 1251 4368 μὴ
1294 4299 1435 4368 ἔχων
1465 4299 1492 4352 ὃ
1524 4315 1575 4351 τι
1610 4297 1704 4351 καὶ
1736 4297 1866 4368 δρά-

1969 3097 2130 3150 sulet.
2172 3097 2243 3149 De
2271 3097 2493 3164 regione
2523 3095 2788 3147 instituta:
2808 3093 2908 3146 via
2942 3106 3007 3147 ea
3042 3092 3166 3145 illos
3205 3092 3548 3161 perturbatio

1969 3187 2223 3241 dimovit.
2254 3187 2489 3240 Omissis
2514 3201 2643 3256 ergo
2671 3185 2939 3241 Romanis
2969 3185 3081 3239 alio
3113 3185 3310 3239 itinere
3329 3184 3548 3240 Tricala

1968 3280 2326 3344 contendunt,
2350 3280 2526 3332 locum
2550 3280 2661 3347 jam
2693 3287 3135 3349 praeoccupatum
3155 3293 3189 3330 ιι
3216 3277 3547 3346 quibusdam

1970 3356 2259 3426 Baimundi
2326 3372 2595 3425 militibus
2644 3370 3057 3440 Lycostomium
3095 3384 3289 3424 versus
3333 3368 3548 3438 fugien-

1971 3467 2140 3522 tibus.
2200 3466 2317 3520 lllic
2368 3465 2536 3535 igitur
2588 3463 2766 3517 obiter
2812 3461 3077 3517 diversati
3127 3461 3432 3516 Castoriam
3485 3476 3547 3514 se

1970 3559 2266 3628 recipiunt.
2328 3557 2631 3626 Imperator
2683 3567 2814 3608 vero
2869 3567 2994 3607 eum
3039 3567 3072 3607 e
3127 3551 3345 3605 Larissa
3388 3550 3544 3621 143

1971 3646 2420 3701 Thessalonicam
2463 3659 2522 3699 se
2572 3643 2923 3707 contulisset,
2958 3649 3019 3694 ut
3050 3648 3173 3695 erat
3204 3641 3547 3707 excogitator

1972 3739 2440 3810 prudentissimus
2494 3736 2693 3791 artium
2747 3734 2981 3788 nocendi
3029 3733 3306 3796 hostibus,
3362 3733 3549 3787 missis

1970 3835 2062 3903 qui
2094 3832 2232 3887 clam
2266 3839 2493 3901 agerent
2542 3843 2665 3882 cum
2699 3826 2996 3883 comitibus
3030 3827 3313 3880 exercitus
3340 3824 3546 3888 Latini,

1970 3924 2145 3981 Suasit
2174 3923 2282 3978 illis
2317 3920 2682 3991 promissione
2711 3925 3039 3988 quantorum
3066 3914 3266 3971 vellent
3297 3914 3550 3985 pratmio-

1972 4033 2116 4080 rum,
2153 4024 2213 4069 ut
2261 4014 2533 4083 stipendia
2583 4011 2686 4066 sibi
2723 4025 2749 4064 a
2786 4009 3091 4063 Baimundo
3138 4008 3409 4077 promissa
3459 4023 3548 4062 re-

1971 4108 2290 4179 praesentari
2345 4104 2507 4159 modo
2539 4102 2873 4173 ﬂagitarent,
2924 4108 3291 4170 eogerentque
3340 4099 3544 4167 ipsum,

1974 4203 2019 4258 si
2049 4208 2341 4256 excusaret
2396 4197 2637 4268 inopiam
2692 4205 3046 4266 prmsentem,
3090 4195 3169 4249 ire
3220 4193 3284 4247 ad
3336 4206 3543 4262 patrem

1975 4310 2131 4350 suum
2163 4292 2490 4354 Robertum,
2527 4300 2583 4345 et
2614 4291 2681 4343 ab
2706 4304 2792 4355 eo,
2828 4288 3058 4356 traiecto
3095 4288 3254 4352 mari,
3284 4288 3546 4356 pecunias

288 4403 424 4453 σειε,
461 4390 557 4441 τὸν
606 4390 707 4459 μὲν
740 4390 1029 4460 Βρυέννιον
1077 4390 1250 4442 αὑτοῦ
1285 4408 1386 4443 που
1437 4391 1736 4459 φυλάσσειν
1764 4389 1864 4458 τὴν

1976 4396 2181 4456 petere.
2233 4382 2361 4437 Haec
2418 4383 2462 4437 si
2517 4380 2762 4435 facerent
2808 4396 3004 4435 omnes
3059 4381 3319 4441 honores,
3362 4377 3549 4432 omnia

286 4481 602 4549 Καστορίαν
628 4482 909 4547 κατέλιπε,
957 4482 1052 4535 καὶ⁵
1081 4483 1172 4535 τὸν
1202 4484 1327 4544 τοὺς
1361 4482 1629 4544 Πολύϐους
1661 4482 1866 4550 φυλάσ-

288 4588 450 4625 σοντα
486 4575 697 4643 Πέτρον
725 4573 819 4626 τοῦ
854 4573 1070 4642 Ἀλίφα·
1102 4572 1339 4641 αύτδςιδὲ
1363 4571 1453 4625 τὸν
1482 4571 1710 4625 Αὐλῶνα
1732 4586 1867 4624 κατ-

286 4662 465 4717 έλαϐε.
530 4663 704 4717 Τοῦτο
741 4664 798 4717 δὲ
850 4664 1191 4736 μεμαθηκὼς
1241 4666 1269 4717 ὁ
1314 4664 1571 4735 βασιλεὺς
1642 4665 1871 4736 νικητὴς

288 4757 362 4819 είς
411 4757 517 4829 τὴν
570 4757 968 4828 βασιλεύουσαν
1011 4758 1122 4811 τῶν
1156 4757 1368 4812 πόλεων
1401 4756 1868 4825 ἐπαναζεύγνυσι.

1977 4476 2263 4537 beneficia,
2300 4489 2525 4543 sperare
2558 4474 2707 4542 ipsos
2748 4488 2775 4525 a
2809 4488 2869 4527 se
2903 4474 3150 4543 jubebat.
3186 4473 3342 4539 Quod
3375 4475 3420 4527 si
3453 4474 3546 4542 qui

1977 4583 2168 4623 eorum
2197 4566 2458 4618 Romanae
2491 4564 2702 4618 militiae
2727 4563 2864 4618 dare
2920 4578 3119 4617 nomen
3169 4564 3386 4627 vellent,
3429 4579 3550 4616 am-

1974 4661 2223 4729 plissima
2252 4658 2386 4727 ipsis
2423 4656 2693 4726 stipendia
2725 4671 2783 4709 se
2820 4663 3274 4720 numeraturum;
3331 4657 3418 4710 sin
3456 4670 3549 4709 re-

1972 4754 2090 4808 dire
2137 4752 2193 4806 in
2224 4753 2416 4806 domos
2463 4764 2594 4803 suas
2627 4749 2874 4809 mallent,
2926 4755 3104 4801 tutum
3158 4748 3268 4802 illis
3313 4748 3419 4801 iter
3454 4762 3549 4817 per

291 4850 626 4920 llungariam
658 4851 942 4910 daturum.
968 4854 1234 4926 Arrigunt
1261 4868 1452 4908 aurem
1481 4854 1544 4907 ad
1576 4868 1642 4908 ea
1684 4853 1938 4917 comites,
1971 4861 2022 4906 et
2045 4848 2454 4918 conspiratione
2486 4908 2499 4914 ,
2522 4844 2664 4898 facta
2726 4844 2782 4897 in
2850 4841 3122 4898 Baimund
3143 4857 3233 4897 um
3294 4844 3551 4898 cooriun-

1102 5018 1119 5046 κ
1328 4974 1535 5034 Variis
1572 4972 1884 5033 lectiones
1917 4988 1992 5033 ex
2034 4970 2175 5030 cod.
2208 4965 2478 5028 Coislin.

353 5095 373 5126 '
396 5095 751 5165 ὀφθαλμοῖσι.
825 5098 871 5129 ⁸³
902 5096 1310 5168 ὑπαντήσαντα.
1383 5096 1426 5128 ιδ
1458 5092 1757 5165 Σαλαυρία.

1839 5093 1882 5124 ¹³
1915 5090 2248 5153 αὐλίζονται.

2341 5087 2383 5118 ³⁸
2408 5087 2622 5157 ὥσπερ.
2708 5085 2747 5118 ⁸⁷
2778 5085 3120 5149 ἀκινδύνους.

1357 5236 1499 5295 Car.
1544 5231 1874 5295 Dufresnii
1914 5233 2013 5319 Du
2045 5228 2269 5307 Cangii
2316 5234 2505 5289 noue.

360 5363 474 5432 (61)
503 5362 711 5426 Οὺᾱὶς.
749 5361 888 5418 Usas
930 5364 1012 5418 vel
1048 5361 1216 5424 Usus,
1251 5375 1277 5413 a
1313 5368 1474 5429 gente
1519 5358 1860 5432 et__n_ati«_»ne.

296 5427 471 5502 inquit
497 5436 672 5495 Anna,
706 5451 898 5486 nomen
932 5436 1175 5487 sortitus.
1216 5427 1356 5484 Sunt
1390 5446 1519 5482 vero
1562 5428 1678 5502 Usi.
1726 5427 1861 5497 Scy-

296 5499 416 5557 tluct
456 5510 637 5571 populi
673 5514 727 5557 et
760 5506 1016 5565 llunuici,
1054 5503 1358 5556 I’atzinacis
1387 5510 1441 5555 et
1477 5499 1698 5571 generis
1728 5515 1865 5571 pra:-

298 5567 494 5627 stantt'a
532 5567 585 5626 λοι
635 5575 982 5626 multitudine
1025 5576 1164 5625 haud
1204 5567 1527 5624 inferiores.
1565 5567 1700 5623 [lusi
1731 5567 1863 5622 itai-

303 5647 500 5698 mundu
528 5646 593 5695 de
620 5646 813 5712 Agiles,
846 5654 900 5697 et
928 5643 1243 5703 Tudebodu,
1283 5645 1375 5694 lib.
1412 5656 1447 5693 ιι
1480 5641 1633 5694 dicti.
1671 5639 1741 5693 De
1775 5640 1859 5693 his

542 5740 819 5799 ΡΑτιιοι.
849 5739 966 5799 Gn.
1010 5738 1282 5801 CXXXI.

1970 5362 2142 5417 agunt
2175 5351 2420 5406 Zonaras
2456 5350 2509 5403 in
2564 5349 2752 5403 Const.
2798 5350 2943 5402 Duca
2975 5358 3025 5402 et
3064 5349 3327 5417 [ternario
3364 5343 3544 5412 Dmg.;

1972 5413 2239 5494 S'Z—ylitzes
2278 5424 2329 5475 in
2367 5422 2728 5494 Menemachi)
2763 5428 2817 5473 ct
2849 5418 3043 5473 Const.
3065 5418 3265 5494 ADucalg
3295 5413 3546 5494 Porph!-

1974 5483 2292 5560 rogenneta,
2357 5491 2429 5543 De
2501 5491 2645 5544 adut.
2689 5492 2814 5558 imp.
2875 5504 2997 5557 cap.
3058 5490 3131 5552 9,
3202 5483 3545 5560 ίθηει

1974 5552 2221 5618 Tietzes.
2258 5562 2476 5622 chil.,8,
2508 5576 2628 5628 cap.
2661 5552 2785 5627 “224',
2821 5572 2874 5613 et
2904 5552 3078 5623 Anna,
3105 5572 3227 5627 pag.
3262 5554 3385 5620 170,
3416 5552 3545 5610 201.

2041 5635 2177 5706 (til')
2210 5632 2364 5689 ltiad.
2393 5647 2454 5702 ιι,
2486 5648 2535 5686 v.
2562 5632 2690 5686 226.
