3942 6208
295 345 404 411 437

1563 358 1980 434 ALEXIADIS
2019 362 2172 430 LIB.
2208 365 2278 429 V.

3395 372 3554 438 ,433

293 463 346 557 in
373 461 522 557 aliud
557 463 964 544 narrandarum
995 482 1181 548 rerum
1235 469 1462 542 pelagus
1511 471 1703 530 incidi.
1763 473 1871 533 Sed
1912 477 2132 535 cohibet
2163 489 2215 535 et
2255 495 2314 536 re
2354 496 2477 538 oca.
2506 483 2708 540 mele:
2745 483 3011 557 historiae.
3048 484 3185 544 Hine
3250 485 3421 557 igitur
3483 490 3548 544 ad

291 553 489 610 Italum
522 569 778 634 recurrat
802 574 1008 617 sermo.

371 648 466 703 Ἐν
502 648 713 714 τούτοις
742 651 836 706 οὖν
886 657 998 718 τοῖς
1029 656 1236 714 ἀνωθεν
1299 661 1545 732 ῥηθεῖσιν
1575 665 1742 737 αὐτοῦ
1784 684 1880 735 μα·
1913 675 1955 728 Α

292 739 485 813 θηταῖς
551 741 820 813 ἀκμάζων
867 747 897 800 ὀ
929 746 1156 815 Ἰταλὸς,
1205 754 1341 807 πάσι
1391 760 1880 826 καταφρονητικῶς

293 835 695 904 προσεφέρετο,
729 839 860 902 τοὺς
895 841 1127 907 πολλοὺς
1171 843 1283 898 τῶν
1314 847 1558 918 ἀνοήτων
1587 849 1726 921 πρδς
1779 854 1878 906 ἀν-

288 927 519 996 ταρσίας
581 928 861 984 ἀνακινῶν
901 933 997 988 καὶ
1037 935 1338 1006 τυράννους
1385 941 1449 993 ἐκ
1506 941 1614 994 τῶν
1663 943 1880 996 οἰκείων

293 1016 639 1086 μαθημάτων
665 1021 710 1052 ⁸³
740 1022 841 1076 οὐκ
869 1023 1086 1092 ὀλίγους
1123 1028 1524 1093 ἀποκαθιστάς.
1565 1032 1679 1085 Καὶ
1732 1027 1881 1104 εῖχον

290 1107 524 1172 πολλοὺς
555 1114 920 1186 προσφέρειν,
951 1119 1001 1171 εί
1034 1119 1111 1192 μὴ
1140 1123 1168 1174 ὀ
1195 1123 1387 1191 χρόνος
1419 1141 1486 1193 με
1521 1125 1620 1193 τὴν
1657 1126 1880 1196 μνήμην

288 1201 564 1269 ἀφείλετο.
609 1205 772 1280 Ἀλλά
803 1207 977 1279 ταῦτα
1004 1211 1104 1279 μὲν
1133 1207 1276 1282 ἦσαν
1313 1214 1420 1285 πρὸ
1452 1213 1547 1268 τοῦ
1580 1216 1880 1289 ἀναχθῆναι

287 1292 375 1344 τὸν
402 1293 535 1363 ἐμὸν
557 1298 769 1370 πατέρα
795 1301 876 1364 είς
891 1303 991 1372 τὴν
1010 1306 1108 1375 τῆς
1132 1303 1408 1373 βασιλείας
1434 1310 1741 1380 περιωπήν·
1758 1310 1879 1364 ἐπεὶ

285 1383 343 1436 δὲ
367 1385 436 1439 τά
465 1387 565 1442 ὡδὶ
595 1391 847 1454 παιδείας
873 1388 1031 1468 εὗρεν
1055 1397 1278 1469 ἁπάσης
1309 1398 1507 1471 ἐνδεῶς
1538 1400 1752 1471 ἔχοντα,
1783 1403 1878 1457 καὶ

286 1477 483 1548 τέχνης
517 1480 742 1554 λογικῆς
779 1485 876 1539 τοῦ
915 1487 1078 1557 λόγου
1130 1491 1318 1562 πόρρω
1351 1511 1454 1548 που
1514 1495 1878 1562 ἀπελαθέντος

285 1569 450 1632 αὐτὸς
479 1572 653 1626 εἵπου
689 1576 989 1649 σπινθῆρες
1016 1597 1160 1644 τινες
1191 1577 1333 1654 ἦσαν
1375 1585 1565 1638 τούτου
1611 1587 1714 1640 ὑπὸ
1741 1604 1879 1643 σπο-

284 1660 376 1732 διᾷ
427 1665 795 1736 κρυπτόμενοι
850 1671 1218 1742 ἀναχωννύειν
1260 1655 1541 1746 ἠπείγετο,
1609 1681 1705 1734 καὶ
1751 1682 1877 1745 τοὺς

282 1754 400 1808 ὅσοι
434 1759 567 1824 περὶ
692 1760 996 1832 μαθήματα
1037 1766 1355 1837 ὲπιῤῥεπῶς
1385 1766 1532 1841 εἶχον
1569 1767 1732 1845 (ἦσαν
1755 1773 1877 1846 ’γάρ

283 1862 429 1910 τινες
463 1849 555 1902 καὶ
584 1842 732 1935 οὗτοι
760 1853 984 1926 βραχεῖς
1012 1858 1107 1927 καὶ
1126 1848 1286 1915 ὀὗτοι
1317 1863 1481 1933 μέχρι
1501 1842 1880 1936 τῶνἈριστοξ

281 1939 517 1993 τελικῶν
544 1942 838 2016 ἑστηκότες
863 1948 1201 2022 προθύρων),
1238 1953 1461 2018 τούτους
1505 1959 1642 2030 πρὸς
1699 1961 1876 2032 μάθη-

291 2047 377 2082 σιν
408 2032 654 2104 ὀτρύνων
705 2037 805 2091 οὐκ
839 2041 1100 2105 ἐνεδίδου,
1140 2046 1505 2115 προηγεῖσθαι
1544 2049 1601 2118 δὲ
1642 2049 1740 2121 τὴν
1770 2053 1877 2107 τῶν

285 2123 446 2178 θείων
479 2125 680 2196 βίϐλων
714 2130 947 2202 μελέτην
969 2133 1071 2204 τῆς
1106 2134 1424 2207 Ἑλληνικῆς
1459 2140 1714 2208 παιδείας
1745 2145 1876 2197 ἐπέ-

282 2235 470 2288 τρεπε.
533 2221 639 2291 Τὸν
699 2222 756 2278 δὲ
826 2223 1028 2279 Ἰταλὸν
1083 2227 1338 2298 εὑρηκὼς
1393 2231 1641 2302 θορύϐων
1695 2236 1875 2291 πάντα

283 2312 464 2380 μεστά
523 2315 872 2390 ποιούμενον,
927 2320 1020 2373 καὶ
1061 2319 1293 2386 πολλοὺς
1357 2303 1733 2394 ἐξαπατῶντα,
1793 2307 1873 2402 τῷ

281 2403 752 2480 σεϐαστοκράτορι
809 2409 1070 2482 Ἰσαακίῳ
1131 2413 1234 2482 τὴν
1291 2415 1483 2470 τούτου
1547 2419 1871 2492 δοκιμασίαν

279 2496 522 2551 ἀνέθετο·
561 2500 701 2574 ἀνὴρ
734 2503 791 2589 δὲ
808 2496 963 2572 οὗτος
991 2505 1448 2577 φιλολογώτατος,
1502 2513 1597 2566 καὶ
1634 2517 1870 2584 μεγαλε-

278 2589 688 2679 πηϐολῴτριτος.
713 2595 821 2662 Καὶ
842 2596 902 2662 ὃς
933 2597 1108 2666 οὕτως
1135 2600 1327 2671 ἔχοντα
1365 2604 1456 2671 τὸν
1501 2605 1669 2676 ἄνδρα
1701 2608 1869 2679 εὑρη-

279 2678 394 2748 κὼς
439 2680 678 2756 δημοσίᾳ
729 2684 924 2756 ἤλεγξε
976 2691 1337 2760 παραστήσας
1389 2694 1470 2761 είς
1529 2697 1718 2764 μέσον,
1765 2678 1868 2751 εἷθ’

275 2769 420 2824 οὓτω
447 2776 516 2843 τῇ
563 2773 862 2846 Ἐκκλησία
895 2779 1230 2851 παρέπεμψε
1281 2784 1421 2836 κατά
1462 2765 1713 2858 κέλευσιν
1773 2790 1865 2843 τοῦ

269 2863 507 2933 ἀδελφοῦ
537 2870 630 2935 καὶ
679 2865 966 2936 βασιλέως.
1029 2872 1182 2924 Ἐπεὶ
1211 2872 1266 2926 δὲ
1298 2874 1398 2945 τὴν
1442 2877 1637 2932 ἑαυτοῦ
1697 2882 1866 2934 άπαι-

269 2955 496 3008 δευσίαν
543 2958 807 3028 κρύπτειν
856 2962 955 3033 οὐχ
981 2957 1094 3026 οἷός
1126 2981 1183 3016 τε
1217 2960 1305 3035 ἦν,
1363 2969 1586 3024 κάκεῖσε
1655 2971 1865 3042 ἔκφυλα

268 3047 372 3118 τῆς
409 3049 739 3118 Ἐκκλησίας
771 3051 1022 3121 δόγματα
1051 3055 1381 3126 ὲξηρεύξατο
1419 3063 1513 3114 καὶ
1545 3063 1626 3126 είς
1663 3064 1864 3134 μέσους

267 3141 400 3203 τοὺς
432 3142 532 3211 τῆς
567 3144 898 3213 Ἐκκλησίας
925 3146 1157 3214 λογάδας
1184 3152 1462 3222 κωμῳδῶν
1487 3157 1587 3209 οὐκ
1630 3158 1862 3214 ἐπαύετο

269 3236 367 3287 καὶ
392 3235 668 3290 ἀλλ’ἄττα
700 3239 890 3304 ποιῶν,
911 3240 1076 3310 ⁸ἤθους
1104 3243 1438 3299 ἀπαιδεύτου
1474 3251 1567 3302 καὶ
1590 3249 1858 3322 βαρὸαριο

2056 669 2106 724 ls
2132 669 2417 724 l‘retusilla
2447 685 2614 739 quam
2662 669 2902 725 diximus
2957 670 3114 746 turba
3161 655 3554 738 discipulorum

1984 761 2322 832 despiciebat
2358 779 2466 830 prae
2493 779 2550 818 se
2579 773 2829 826 cunctos,
2863 775 2914 818 et
2941 765 3168 820 insanos
3205 766 3268 819 ad
3301 767 3557 821 rebellio-

1983 871 2081 912 nes
2121 857 2439 911 concitabat
2471 875 2484 912 :
2519 857 2658 911 adeo
2688 865 2744 910 ut
2771 873 2874 911 non
2919 859 3075 928 pauci
3111 876 3174 914 ex
3214 860 3334 924 ejus
3363 859 3550 912 schida

1983 949 2204 1019 tyranni
2257 950 2544 1018 eruperint
2604 965 2619 1004 :
2681 965 2821 1018 qnos
2889 952 3172 1006 concitare
3223 953 3549 1005 nominatim

1982 1051 2258 1110 poteram,
2313 1043 2422 1097 nisi
2480 1043 2852 1112 longinquitas
2904 1045 3172 1112 temporis
3233 1043 3550 1106 ignei-altilia

1982 1135 2188 1204 alioqui
2224 1136 2446 1190 nomina
2480 1138 2757 1192 memoriae
2785 1138 3156 1197 subtraheret,
3181 1137 3322 1189 haud
3359 1152 3555 1198 magno

1980 1229 2323 1284 narrationis
2360 1230 2524 1298 bnjus
2561 1231 2784 1292 damno,
2820 1247 2936 1299 quae
2964 1231 3014 1283 in
3053 1231 3282 1298 imperio
3318 1231 3418 1281 mei
3459 1243 3551 1294 pa—

1980 1320 2155 1375 rentis
2197 1320 2501 1387 professam
2544 1321 2815 1388 expromit
2870 1336 3111 1388 operam.
3172 1319 3378 1374 Caetera
3434 1335 3551 1385 quae

1981 1409 2115 1465 illud
2169 1420 2515 1467 antecessere
2545 1413 2726 1482 qualia
2764 1413 2866 1466 ista
2922 1422 3071 1475 sunt,
3129 1429 3237 1466 non
3299 1411 3554 1478 sequitur

1979 1501 2164 1558 anxie.
2198 1501 2362 1556 Pater
2388 1517 2519 1571 ergo
2551 1518 2705 1556 meus
2750 1501 3040 1570 imperium
3101 1514 3397 1567 capessens
3455 1512 3552 1566 pm

1977 1610 2079 1650 suo
2109 1595 2164 1648 in
2202 1594 2414 1648 litteras
2444 1609 2630 1648 amore
2652 1609 2789 1662 quas
2823 1593 2926 1647 coli
2961 1591 3175 1646 ridebat
3206 1607 3234 1644 a
3262 1590 3552 1658 perpaucis

1977 1702 2280 1756 veramque
2307 1686 2670 1740 ratiocinandi
2705 1694 2877 1739 artem
2917 1686 3172 1739 exsulare
3221 1699 3247 1735 a
3274 1699 3548 1743 sermone,

1977 1782 2184 1850 ubique
2225 1780 2578 1837 scrutabatur
2626 1781 2672 1833 si
2723 1795 2859 1850 quas
2889 1779 3220 1834 eruditionis
3275 1777 3552 1832 scintillas

1976 1873 2079 1929 sub
2112 1873 2299 1927 cinere
2334 1872 2547 1941 uspiam
2600 1872 2833 1940 latentes
2866 1871 3111 1926 excitare
3152 1869 3203 1923 in
3244 1871 3419 1922 lucem
3452 1885 3557 1936 pth-

1980 1964 2124 2019 blico
2175 1963 2330 2018 urbis
2386 1972 2551 2031 atque
2606 1961 2755 2016 orbis
2811 1961 2959 2015 bono
3010 1967 3214 2030 posset.
3258 1959 3390 2023 Qua!
3424 1974 3563 2027 ergo

1911 2021 2104 2128 Bapta
2141 2056 2206 2111 ad
2237 2055 2526 2110 doctrinas
2573 2066 2627 2110 ct
2678 2054 2746 2109 ad
2803 2055 3044 2119 studium
3104 2067 3274 2122 prona
3332 2053 3548 2121 ingenia

1978 2149 2203 2206 notabat
2233 2149 2408 2218 (erant
2443 2165 2506 2204 ea
2545 2164 2651 2204 non
2686 2146 2878 2210 multa,
2903 2161 3005 2201 nec
3039 2147 3246 2216 magnis
3271 2160 3549 2197 con-tmen-

1975 2240 2100 2298 data
2141 2242 2548 2312 progressibus,
2601 2240 2801 2310 quippe
2853 2253 2962 2292 non
3024 2237 3165 2291 ultra
3218 2234 3546 2290 vestibulum

1973 2335 2340 2390 Aristotelicas
2366 2343 2618 2403 provecta
2651 2329 3030 2402 philosophiae)
3060 2328 3211 2384 omni
3240 2325 3450 2380 ratione
3473 2324 3547 2378 ad

1973 2427 2221 2494 discendi
2283 2424 2695 2489 contentionem
2747 2421 3032 2478 adhortari
3091 2431 3260 2489 atque
3316 2421 3550 2473 incitare

1975 2534 2084 2574 non
2134 2517 2462 2574 desistebat.
2525 2514 2806 2569 Suadebat
2871 2529 3034 2582 porro
3087 2526 3441 2582 magnopere,
3488 2516 3549 2564 ut

1972 2610 2209 2679 primum
2260 2609 2406 2664 inter
2436 2608 2720 2675 doctrinas
2779 2606 3008 2660 honoris
3061 2612 3115 2658 et
3165 2601 3548 2659 wsﬁinationis

1970 2704 2154 2758 locum
2213 2716 2500 2768 sacrorum
2567 2699 2859 2770 Librorum
2917 2696 3203 2750 meditatio
3259 2693 3544 2748 haberet:

1972 2801 2094 2864 post
2125 2808 2245 2856 eam
2285 2791 2485 2846 deinde
2536 2797 2853 2844 censeretur
2887 2777 3072 2857 chinea
3107 2784 3369 2850 eruditio.
3404 2781 3538 2835 Cum

1967 2895 2148 2941 autem
2180 2884 2542 2953 comperisset
2571 2881 2718 2936 hunc
2766 2879 2962 2936 ltalum
3018 2885 3216 2952 cuncta
3269 2875 3452 2952 turbis
3487 2880 3541 2926 et

1970 2975 2298 3044 tumultibus
2356 2974 2610 3036 miscere,
2676 2970 2989 3040 multosque
3046 2964 3544 3036 decipere,explo-

1967 3067 2126 3122 randi
2154 3048 2343 3140 curant
2377 3065 2618 3136 hominis
2643 3063 2858 3118 lsaacio
2892 3061 3050 3116 l'ratri
3091 3076 3153 3115 ac
3183 3060 3540 3115 sebastncra-

1968 3159 2072 3214 tori
2110 3157 2538 3237 commendavit,
2606 3157 2724 3211 viro
2777 3156 2843 3220 ad
2884 3155 2933 3209 id
2973 3155 3303 3226 peridonea;
3335 3151 3540 3222 quippe

1965 3251 2058 3326 qui
2091 3259 2147 3310 et
2198 3250 2643 3334 amantissimus,
2678 3258 2732 3303 et
2767 3238 3111 3317 nequaquam
3150 3260 3348 3315 expers
3388 3244 3537 3297 litte-

269 3326 391 3428 κοῦ,
467 3329 748 3428 προέδρου
811 3331 964 3395 ὄντος
1022 3336 1123 3404 τῆς
1181 3336 1480 3408 ἐκκλησίας
1551 3326 1858 3412 τηνικαῧτα

1970 3362 2175 3426 rarum,
2212 3326 2399 3399 animo
2429 3350 2574 3416 esset
2616 3342 2881 3421 praeditus
2916 3341 3145 3410 ingenti,
3179 3348 3233 3392 ct
3265 3338 3355 3392 ubi
3408 3352 3537 3391 sus-

265 3419 611 3512 ¹Εὑστρατίου
643 3421 738 3492 τοῦ
777 3423 995 3494 Γαρυδᾶ
1034 3425 1115 3458 ⁸⁸·
1151 3426 1210 3493 ὃς
1242 3431 1433 3485 τοῦτον
1473 3439 1860 3509 παρακατέσχε

267 3512 396 3581 περὶ
422 3513 876 3595 τὰς-οἰκοδομὰς
917 3520 1013 3588 τῆς
1058 3521 1320 3594 Μεγάλης
1393 3522 1722 3599 Ἐκκλησίας
1768 3523 1864 3586 ’ἵνα

264 3608 405 3678 τάχα
445 3607 586 3679 πρὸς
610 3608 671 3663 τὸ
701 3612 949 3681 κρεῖττον
984 3617 1438 3688 μεταποιήσαιδδ.
1477 3620 1639 3675 Ἀλλὰ
1660 3625 1861 3694 μικροῦ

245 3703 463 3779 ,θάττον
529 3703 597 3776 ᾃν
647 3704 812 3770 αὐτὸς
841 3708 940 3779 τῆς
998 3710 1210 3765 ἐκείνου
1260 3715 1487 3787 μετέσχε
1549 3717 1771 3786 κακίας,
1825 3720 1858 3791 ἢ

263 3795 545 3863 μετέδωκε
580 3798 889 3866 κρείττονος
932 3800 1212 3870 γνώσεως,
1251 3807 1394 3859 κατὰ
1453 3809 1546 3860 τὸν
1592 3810 1856 3880 φάμενον.

273 3887 331 3941 Ὀ
364 3890 480 3958 γάρ
512 3889 564 3921 ⁸⁸
607 3889 807 3954 Ἰταλὸς
837 3891 927 3961 τὴν
947 3893 1199 3964 Γαρυδᾶν
1242 3896 1364 3952 ὅλον
1414 3899 1617 3964 ἑαυτοῦ
1663 3903 1856 3974 ἐποιή-

259 3998 414 4036 σατο.
454 3982 521 4035 Τί
563 3983 623 4035 τὸ
656 3983 936 4053 ἑντεῦθεν;
987 3986 1042 4042 ’0
1065 3989 1235 4058 δῆμος
1272 3989 1418 4053 ἅπας
1439 3993 1538 4062 τῆς
1560 3995 1854 4060 Κωνστᾳν-

255 4075 406 4128 τίνου
446 4074 588 4145 πρὸς
617 4075 716 4145 τὴν
755 4076 1055 4147 ἐκκλησίαν
1084 4081 1473 4153 συγκεκίνητο,
1515 4085 1606 4137 τὸν
1655 4087 1856 4140 Ίταλδν

253 4164 683 4234 ἀναζητοῦντες,
715 4167 808 4219 καὶ
837 4167 977 4237 τάχα
1012 4169 1077 4223 ἂν
1114 4170 1208 4238 ἀφ’
1231 4167 1432 4239 ὖψσυυς
1451 4173 1533 4237 είς
1551 4174 1718 4244 μέσον
1745 4175 1846 4246 τῆς

251 4257 565 4325 ἐκκλησίας
604 4257 868 4328 ἔρριπτο,
922 4260 970 4312 εἰ
1010 4261 1084 4330 μὴ
1131 4261 1311 4315 λαϐὼν
1355 4265 1598 4331 ἐκεῖνος,
1631 4265 1712 4328 είς
1757 4266 1848 4320 τὸν

250 4346 456 4415 δροφον
503 4348 723 4400 τουτουῒ
747 4349 839 4402 τοῦ
873 4349 1018 4403 θείου
1050 4354 1311 4422 τεμένους
1357 4355 1619 4424 ἀνελθὼν,
1647 4357 1704 4410 ἐν
1738 4374 1843 4412 τινι

249 4443 453 4515 φωλεῷ
474 4441 673 4496 ἑαυτὸν
696 4444 1087 4512 συνεκάλυψεν.

1962 3439 2207 3510 cepisset
2239 3437 2547 3508 quidpiam,
2587 3444 2786 3490 cuncta
2821 3434 2940 3505 ejus
2973 3431 3325 3506 perpetrandi
3352 3429 3540 3484 obsta-

1961 3515 2588 3602 cula'certo'rumpere.
2627 3527 2676 3582 ls
2729 3527 2891 3581 talem
2935 3525 3114 3593 reipsa
3169 3537 3290 3576 esse
3343 3520 3538 3586 depre-

1963 3620 2374 3677 henditltalum
2411 3620 2626 3691 qualem
2681 3625 2800 3674 erat
2845 3617 3159 3683 suspicatus
3211 3613 3534 3682 imperator,

1961 3712 2167 3768 indicio
2237 3711 2396 3764 {anne
2454 3709 2706 3780 publicte.
2786 3706 2972 3760 Palam
3052 3718 3181 3771 ergo
3256 3701 3538 3756 convincit

1959 3803 2316 3868 nebulonem,
2376 3816 2641 3870 apparere
2671 3814 2732 3854 se
2769 3811 2956 3852 coram
2991 3796 3045 3848 in
3098 3809 3298 3848 corona
3335 3792 3535 3845 multo-

1959 3878 2080 3971 rum
2138 3897 2381 3974 jussutn.
2451 3893 2681 3958 Deinde,
2741 3891 2974 3972 idipsum
3022 3888 3250 3957 jubente
3285 3887 3532 3954 Augusta

1955 3967 2151 4063 fratre,
2193 3963 2346 4063 illum
2375 3988 2608 4063 ejusque
2643 3963 2869 4063 causam
2901 3982 2966 4035 ad
2996 3980 3236 4035 tribunal
3265 3977 3532 4034 ecclesia-

1956 4082 2157 4136 sticum
2193 4061 2430 4134 remisit.
2465 4057 2725 4133 L'bicum
2745 4057 2905 4149 tanto
2939 4075 3112 4143 magis
3147 4075 3310 4126 homo
3341 4085 3531 4124 amens

1953 4181 2162 4246 rueret,
2193 4178 2247 4226 et
2282 4171 2611 4240 imperitiam
2650 4169 2927 4225 occultare
2961 4166 3196 4236 ampli-us
3232 4180 3388 4220 suam
3419 4177 3536 4216 non

1955 4263 2166 4330 valens,
2197 4257 2455 4332 dogmata
2510 4261 2760 4316 eﬂ’utirct
2796 4259 2996 4314 eanoni
3029 4257 3151 4313 ﬁdei
3189 4254 3468 4311 contraria
3511 4271 3526 4307 :

1958 4372 2023 4412 ac
2071 4367 2334 4428 praeterea
2395 4370 2581 4410 coram
2639 4353 2938 4408 venerabili
2993 4360 3136 4406 cmtu
3202 4350 3422 4403 Patrum
3466 4365 3530 4403 ac

1951 4450 2244 4521 prmsidum
2283 4447 2545 4502 Ecclesia:
2577 4448 2746 4500 multa
2775 4445 3084 4516 nugatorie,
3141 4444 3362 4504 acerbe,
3401 4455 3524 4493 ma-

251 4538 432 4594 ledice
467 4553 537 4592 ac
568 4538 876 4607 petulanter
921 4541 1225 4616 declamare
1280 4559 1384 4599 non
1431 4545 1752 4612 desineret;
1789 4547 2002 4616 aliaque
2044 4545 2205 4600 edere
2272 4543 2590 4598 inhumanae
2616 4541 3048 4609 iunportunaeque
3070 4538 3397 4590 documenta
3441 4535 3526 4586 in-

247 4629 420 4696 dolis,
458 4629 744 4684 Eustratio
781 4630 1002 4687 Garidze
1061 4635 1256 4704 synodi
1295 4624 1406 4689 tum
1447 4637 1566 4706 cjus
1633 4645 1809 4693 coetus
1843 4646 1898 4692 et
1947 4637 2092 4692 sedis
2140 4635 2362 4705 praesuli
2407 4616 2756 4688 dedocendus
2804 4640 2968 4698 atque
3001 4629 3068 4683 ad
3101 4629 3309 4698 fruge-nt
3363 4625 3527 4679 rcdu-

246 4723 469 4777 cendus
497 4733 587 4776 est
615 4722 888 4789 traditus;
929 4740 1118 4779 verum
1158 4736 1350 4780 contra
1381 4727 1590 4782 evenit.
1619 4727 1752 4782 Nam
1781 4728 1970 4798 paucis
2001 4727 2198 4781 diebus
2227 4727 2428 4796 quibus
2465 4725 2562 4778 fuit
2593 4722 3021 4792 cumiEustratio
3053 4721 3107 4774 in
3139 4720 3524 4790 superioribus

245 4815 509 4870 :ediliciis
555 4813 735 4886 Magni
789 4815 1026 4886 Templi,
1095 4816 1170 4872 ita
1237 4819 1390 4872 illum
1454 4821 1845 4888 patriarcham,
1887 4817 2164 4873 hominem
2222 4832 2334 4870 non
2387 4810 2792 4879 doctissimum,
2838 4813 3020 4868 verbis
3061 4828 3124 4867 ac
3170 4812 3526 4880 εονιιίειιιοῐὶε

245 4908 465 4975 obruit,
497 4916 558 4961 ut
606 4923 638 4963 e
683 4923 915 4964 censore
961 4909 1122 4981 15.9
1188 4927 1290 4967 suo
1347 4928 1412 4969 ac
1475 4913 1660 4984 judice
1697 4915 1751 4968 in
1782 4913 2196 4984 sullragatoretn
2235 4928 2484 4967 errorum
2515 4927 2762 4972 suorum,
2799 4913 2993 4978 suique
3039 4924 3104 4964 ac
3151 4909 3304 4964 mahe
3343 4925 3521 4964 causae

247 5012 554 5070 patronum
587 5010 822 5056 verteret
852 5017 918 5058 ac
947 5004 1245 5059 vindicem.
1294 5005 1671 5078 llis'populus
1713 5007 1918 5061 auditis
1966 5006 2596 5076 indignatusuniversus
2637 5005 2976 5058 tumultuoso
3008 5018 3275 5058 concursu
3318 5004 3427 5055 coit
3465 5003 3518 5054 in

244 5094 583 5156 Ecclesiam,
639 5099 853 5166 magnis
925 5096 998 5150 ibi
1048 5099 1380 5152 clamoribus
1429 5099 1618 5154 lta'uin
1647 5102 1991 5171 deposcens:
2029 5102 2272 5172 nihilque
2299 5098 2399 5153 fuit
2475 5101 2696 5168 propius
2728 5112 2891 5169 quant
2923 5109 2982 5152 ut
3004 5111 3033 5150 e
3062 5111 3278 5152 summo
3312 5095 3522 5148 fornice

245 5187 305 5240 in
362 5189 746 5264 pavimentum
799 5204 1043 5268 prasccps
1096 5190 1472 5274 dejiceretur;
1534 5210 1720 5248 verunt
1783 5212 1842 5250 se
1893 5197 2006 5264 ipse
2061 5195 2125 5248 ad
2182 5195 2231 5248 id
2290 5195 2456 5263 qureri
2517 5195 2717 5256 sciens,
2781 5206 3087 5247 conscenso
3143 5193 3276 5246 tedis
3349 5206 3518 5248 sacrae

243 5279 527 5334 altissimo
575 5279 798 5349 fastigio
853 5295 915 5336 se
971 5281 1025 5335 in
1077 5283 1350 5352 quoddam
1411 5287 1754 5355 gurgustium
1791 5285 2021 5353 abdidit,
2053 5288 2199 5354 quod
2240 5286 2475 5341 scrutari
2507 5282 2715 5340 nemini
2753 5287 2897 5340 venit
2923 5287 2974 5339 in
3014 5295 3268 5342 mentem.

329 5371 421 5433 Ὠς
451 5370 512 5423 δὲ
534 5371 608 5424 τὰ
639 5369 772 5440 παρ’
805 5371 1016 5424 ἐκείνου
1034 5373 1220 5436 κακῶς
1248 5375 1678 5446 δογματισθέντα
1707 5377 1837 5431 πολ·
1865 5430 1868 5436 ,

2018 5375 2325 5445 Serpebant
2351 5393 2512 5446 porro
2534 5393 2630 5447 per
2646 5378 2923 5432 civitatem
2947 5393 3113 5448 prava
3141 5379 3229 5431 illa
3265 5380 3514 5443 dogmata

243 5463 358 5526 λοίς
377 5463 424 5496 ⁸⁷
459 5462 678 5534 περὶτὰ
701 5463 976 5533 ἀνάκτορα
1007 5465 1338 5535 ἐθρυλλεῖτο,
1371 5469 1465 5521 καλ⁸
1512 5471 1836 5539 μεγιστᾶνες

241 5553 349 5610 οὐκ
369 5553 547 5628 ὀλίγοι
574 5554 950 5629 διεφθάρησαν
983 5557 1088 5621 ὑπὸ
1125 5558 1171 5590 ⁸⁸
1201 5558 1308 5632 τῶν
1335 5560 1675 5632 φθοροποιῶν
1708 5561 1832 5614 τού-

1942 5479 1999 5526 et
2033 5485 2143 5525 non
2173 5485 2378 5539 paucos
2403 5485 2466 5524 ex
2501 5471 2765 5525 comitatu
2823 5470 2941 5541 ipso
2999 5469 3346 5538 imperatoris
3395 5483 3512 5520 wa-

1941 5573 2133 5634 gnates
2179 5565 2327 5620 viros
2391 5564 2504 5634 jam
2541 5566 2860 5640 corrupisse
2893 5565 3230 5644 ferebantur.
3266 5561 3395 5644 Quae
3427 5577 3512 5617 res

1291 5673 1491 5746 Varie)
1525 5673 1828 5747 lectiones
1871 5694 1953 5739 ex
1995 5678 2140 5740 eod.
2168 5678 2434 5756 Coislin.

307 5795 372 5876 _”
402 5796 690 5870 μαθητῶν.
717 5871 737 5879 _
752 5800 810 5881 1‘
849 5798 1073 5866 Γαριδά.
1138 5800 1184 5882 ξ³
1215 5799 1580 5874 μεταποιήσῃ.
1648 5801 1693 5835 ⁵⁸
1713 5801 1806 5857 καὶ
1830 5802 1879 5861 ὀ.
1950 5803 1995 5839 ⁸⁷
2033 5802 2249 5870 πολλοῖς
2279 5803 2409 5860 τῶν.
2442 5865 2452 5878 ,
2486 5803 2529 5837 ³⁸
2560 5803 2694 5861 ἀπό.

261 5885 290 5900 Ι
