3942 6208
403 324 506 388 447
1726 319 1950 381 ΑΝΝΕ
1977 319 2014 380 C

2115 318 2362 380 [ΝΕΝιΕ
3427 359 3438 368 ι
3510 315 3600 381 448

405 428 696 508 velletque,
722 446 776 494 et
803 437 857 492 iu
890 451 954 491 eo
992 434 1149 489 iidem
1179 445 1334 489 suam
1363 433 1757 504 interponeret,
1789 440 1844 484 ut
1876 430 1968 499 qui
2012 429 2076 482 ad
2115 429 2592 500 templummagni
2629 427 2886 500 martyris
2910 439 2969 482 se
2997 423 3299 481 conferrent
3366 425 3461 481 sub
3520 427 3610 482 im-

406 535 557 601 perio
592 534 825 602 Augusti
861 531 1117 601 deinceps
1151 531 1438 593 viverent,
1487 527 1579 598 qui
1629 526 1694 581 ad
1750 527 1979 581 alterum
2023 523 2218 577 Auloni
2253 525 2544 578 obversum
2577 523 2791 592 signum
2831 521 2994 593 155.
3023 519 3308 586 ferrentur,
3374 519 3436 574 iis
3492 519 3611 576 liber

407 629 460 682 in
522 631 752 698 patriam
807 629 1216 696 permitteretur
1307 625 1534 680 reditus.
1590 620 1684 674 llis
1744 619 2002 687 utrinque
2041 619 2213 688 pactis
2279 617 2557 684 stipulatis
2592 617 2822 673 comites
2883 616 2951 668 ad
2988 613 3324 684 imperatoris
3349 621 3513 680 partes
3538 626 3614 666 ac-

410 726 653 790 cedunt;
695 725 746 778 id
788 723 930 791 quod
982 723 1290 794 Bryenuius
1325 717 1691 787 generositate
1725 714 2006 782 indignum
2050 729 2148 767 sua
2181 721 2453 777 statuens,
2492 728 2772 783 nunquam
2805 709 3001 766 adduci
3047 708 3219 778 potuit
3283 715 3338 760 ut
3410 705 3616 761 imitare.

409 826 516 869 tur.
555 815 764 867 Juravit
793 823 1001 867 tantum
1041 811 1353 881 imperatori
1378 825 1436 864 se
1460 821 1736 877 nunquam
1809 805 1862 858 in
1921 817 2046 856 eum
2087 812 2364 858 moturum
2402 820 2574 874 arma,
2638 804 2800 858 modo
2851 817 2912 859 se
2960 803 3158 857 idoneo
3200 800 3265 855 ad
3309 799 3612 854 securitatem

410 909 664 980 pra-sidio
694 906 884 960 deduci
912 906 1129 973 juberet
1161 904 1226 957 ad
1260 902 1466 957 limites
1495 898 1732 969 imperii,
1760 893 1904 950 unde
1925 908 1984 947 se
2023 893 2266 962 recipere
2297 895 2520 948 domum
2549 907 2766 965 posset;
2837 893 2984 966 quod
3020 893 3070 948 ei
3105 891 3308 963 prolixe
3365 892 3609 958 Augustus

408 998 655 1057 indulsit.
695 999 912 1066 lterque
946 1013 1068 1050 mox
1103 1011 1294 1051 versus
1329 993 1649 1065 Byzantium
1683 985 1984 1060 splendidae
2023 983 2266 1040 victoria:
2298 1001 2522 1055 compos
2550 986 2800 1055 arripuit.

482 1093 767 1162 Digrediar
801 1093 887 1146 hic
921 1091 1200 1160 paululum
1241 1088 1307 1142 ad
1342 1085 1676 1141 narrandum
1711 1081 1986 1151 quomodo

2161 1080 2375 1151 Μικρὸν
2426 1080 2484 1132 δὲ
2531 1079 2796 1144 ἐνταῦθα,
2826 1078 2926 1150 τὴν
2960 1077 3056 1132 τοῦ
3083 1079 3243 1146 λόγου
3269 1077 3504 1146 διήγησιν
3531 1077 3626 1132 δια-

411 1186 758 1240 Paulieianos
800 1186 945 1238 ultus
973 1184 1254 1251 Augustus
1287 1181 1379 1236 sit.
1419 1179 1742 1234 Deiecerant
1789 1175 1890 1239 illi,
1925 1183 1986 1229 ut

2115 1171 2310 1241 ιόψασα
2338 1174 2382 1204 ⁷⁵
2413 1172 2562 1235 ὅπως
2602 1173 2728 1233 τοὺς
2762 1172 3165 1234 Παυλικιανοὺς
3194 1171 3300 1242 (72)
3353 1173 3628 1242 κατηγωνί-

412 1280 563 1349 prius
595 1278 802 1332 dictum
838 1285 920 1330 est
944 1315 958 1338 ,
992 1273 1337 1345 pudebatque
1371 1272 1756 1340 imperatorem
1806 1265 1988 1344 redire

2115 1280 2226 1316 rato
2279 1263 2642 1334 διηγήσομαι.
2695 1264 2808 1316 Οὐκ
2859 1265 3024 1334 ἔφερε
3076 1264 3212 1333 μηδὲ
3264 1262 3472 1325 τούτους
3523 1263 3629 1324 τοὺς

412 1371 468 1426 in
500 1371 720 1424 domum
774 1369 975 1437 regiam
1031 1367 1352 1436 priusquam
1385 1361 1547 1418 istius
1580 1359 1822 1430 perfidia:
1853 1373 1990 1426 sup-

2115 1360 2408 1419 ὶποστᾶτας
2453 1356 2934 1424 καταγωνίσασθαι
2998 1355 3105 1426 πρὸ
3169 1354 3260 1407 τοῦ
3304 1355 3370 1407 τά
3417 1354 3629 1424 βασίλεια

414 1463 580 1533 plicio
613 1469 920 1527 auctorum,
967 1460 1140 1512 labem
1196 1457 1440 1512 cluisset.
1476 1454 1764 1506 Victoriam
1825 1449 1992 1521 igitur

2115 1449 2443 1514 ιαταλαϐεῖν,
2502 1448 2618 1501 ἀλλ’
2671 1448 2860 1518 ὥσπερ
2919 1448 3027 1501 ἀπό
3079 1463 3228 1508 τινος
3280 1446 3428 1515 νίκης
3467 1445 3629 1514 ἑτέραν

2093 1541 2252 1607 νίκην
2287 1540 2787 1610 πρυτανευόμενος,
2819 1540 2910 1592 καὶ
2937 1539 3035 1610 τὴν
3103 1537 3313 1608 πληθὺν
3357 1538 3455 1590 τῶν
3483 1538 3633 1592 Μανε-

2094 1634 2268 1703 χαίων
2296 1633 2388 1686 τὸν
2422 1631 2626 1686 κύκλον
2657 1631 3090 1703 συμπληροῦσαν
3115 1632 3227 1684 τῶν
3253 1627 3438 1684 ἑαυτοῦ
3467 1648 3636 1701 κατορ-

415 1573 479 1612 ex
514 1557 743 1612 victoria
777 1570 988 1618 serens,
1025 1553 1153 1607 dum
1188 1550 1374 1620 gloria:
1397 1549 1699 1618 ejectorum
1739 1543 1988 1600 Castoria

415 1643 698 1698 Gallorum
738 1642 906 1696 decus
941 1641 1163 1695 ultionis
1220 1639 1287 1695 de
1326 1637 1750 1693 Manichaeorum
1789 1643 1992 1689 contu-

418 1732 591 1787 macia
646 1741 876 1799 sumptae
908 1731 1176 1801 adjungit,
1232 1729 1539 1783 facinorum
1594 1743 1819 1782 suorum
1866 1727 1992 1781 illu-

419 1824 612 1878 strium
647 1823 834 1878 orbem
875 1838 939 1877 ac
973 1838 1232 1878 coronam
1283 1823 1495 1892 implet.
1535 1821 1649 1876 Nec
1681 1821 1826 1875 enim
1885 1834 1990 1889 qua

419 1923 535 1970 erat
566 1914 882 1969 excelsitate
914 1915 1102 1977 animi,
1146 1915 1256 1984 pati
1292 1922 1506 1984 poterat
1543 1912 1761 1982 tropaeis
1790 1913 1998 1980 magni-

420 2007 521 2062 ﬁce
566 2007 633 2062 de
684 2007 930 2063 occiduis
990 2006 1248 2062 hostibus
1289 2006 1490 2062 erectis
1535 2007 1677 2061 hanc
1729 2007 1994 2060 maculam

421 2100 610 2156 multm
650 2099 1098 2154 Paulicianorum
1130 2099 1269 2170 fuga:
1304 2099 1453 2154 velut
1488 2100 1724 2154 inustam
1756 2110 1998 2160 exstare.

422 2194 489 2248 ad
517 2190 970 2261 interpellandam
1015 2192 1439 2261 gratulationem
1482 2191 1780 2260 publicam.
1822 2189 1999 2245 Carte-

424 2299 545 2339 rum
594 2300 708 2339 rem
748 2297 866 2338 eam
916 2281 1061 2337 ferro
1099 2297 1162 2337 ac
1195 2281 1366 2338 Marte
1414 2292 1602 2352 aperto
1638 2283 1866 2352 transigi
1904 2298 2002 2337 no-

426 2375 546 2442 luit,
576 2375 828 2446 sanguini
860 2383 975 2429 tum
1010 2390 1262 2440 suorum,
1295 2384 1408 2429 tum
1439 2377 1682 2443 ipsorum
1719 2390 1864 2429 nunc
1897 2375 2002 2429 ho-

425 2470 631 2535 stium,
670 2485 793 2523 mox
829 2467 1356 2524 reconciliandorum
1386 2482 1638 2538 parcens.
1675 2468 1847 2523 Norat
1878 2470 2000 2523 ani-

428 2576 548 2617 mos
577 2561 753 2632 gentis
792 2577 857 2617 ac
883 2570 1045 2616 sectae
1089 2561 1390 2632 periclitari
1426 2570 1729 2633 promptos,
1759 2563 2002 2618 indomi-

430 2654 580 2725 tique
631 2654 684 2708 in
728 2654 930 2723 pmliis
975 2654 1215 2727 impetus
1257 2671 1272 2710 :
1321 2669 1424 2709 nec
1473 2671 1596 2709 cum
1645 2657 1712 2712 iis
1767 2672 2004 2728 pugnam

431 2748 552 2803 sine
589 2747 758 2801 multa
803 2741 1063 2816 utrinque
1087 2747 1234 2801 caede
1269 2745 1537 2802 committi
1567 2761 1727 2816 posse
1750 2763 2006 2817 comper-

434 2839 707 2896 tissimum
742 2838 995 2894 habebat.
1029 2838 1279 2894 Decrevit
1307 2853 1438 2910 ergo
1481 2847 1600 2894 arte
1631 2841 1871 2907 grassari
1892 2879 1909 2904 ,
1943 2856 2009 2897 ac

432 2931 657 2990 sceleris
691 2931 906 3000 quidem
940 2938 1194 2987 auctores
1221 2946 1415 3002 capere
1441 2932 1658 2989 insidiis
1693 2941 1748 2988 et
1791 2934 2007 3004 punire;

434 3023 841 3080 multitudinem
872 3038 1114 3090 servare,
1146 3039 1211 3078 ac
1239 3031 1454 3079 caeteras
1503 3041 1618 3080 sum
1652 3027 1870 3096 corpori
1908 3025 2012 3079 mi-

435 3115 566 3172 litia!
596 3116 944 3186 postmodum
988 3115 1251 3170 inserere.
1301 3115 1448 3170 Sane.
1485 3116 1589 3170 viri
1628 3115 1799 3172 fortes
1855 3125 2012 3172 tanto

436 3222 668 3263 numero
690 3206 745 3261 in
771 3204 1018 3261 criminis
1041 3204 1125 3259 sui
1147 3205 1483 3261 conscientia
1510 3204 1680 3275 quieti
1709 3215 1884 3262 tamen
1911 3206 2010 3261 ad-

439 3302 548 3357 huc
585 3315 752 3371 seque
780 3298 1036 3355 domibus
1068 3298 1184 3354 suis
1217 3314 1282 3354 ac
1313 3298 1516 3354 ﬁnibus
1551 3299 1674 3356 sine
1705 3299 2012 3355 vicinorum

438 3408 605 3462 noxa,
639 3392 758 3449 sine
775 3390 957 3463 praeda
982 3391 1329 3448 continentes
1354 3398 1559 3448 temere
1582 3391 1883 3449 lacessendi
1905 3410 2014 3450 non

2096 1726 2365 1795 θωμάτων
2421 1724 2619 1779 ἐποίει.
2653 1723 2788 1778 Οὐδὲ
2824 1723 2932 1794 γὰρ
2983 1723 3109 1792 ἐνῆν
3141 1723 3224 1792 τῷ
3273 1721 3498 1792 λαμπρῷ
3535 1739 3638 1792 τρο-

2098 1819 2245 1888 παίῳ
2291 1818 2398 1871 τῶν
2436 1817 2705 1887 ἑσπερίων
2759 1815 3056 1888 πολεμίων,
3090 1810 3208 1869 οἷον
3241 1813 3418 1868 σπῖλον
3471 1816 3638 1868 ἐνεῖναι

2095 1912 2223 1975 τοὺς
2284 1911 2350 1963 ἐκ
2407 1909 2792 1963 ΙΙαυλικιανῶν
2849 1908 3212 1980 ὁρμωμένους
3271 1907 3513 1968 ἐκείνους.
3561 1906 3641 1958 Διά

2099 2004 2342 2073 πολέμου
2382 2003 2438 2056 δὲ
2469 2002 2563 2056 καὶ
2617 2004 2794 2074 μάχης
2841 2004 2940 2056 οὐκ
2987 2000 3207 2070 ἤθελεν,
3264 2001 3349 2053 ἵνα
3391 1999 3459 2069 μὴ
3500 1999 3551 2052 ἐν
3588 2000 3641 2070 τῇ

2103 2101 2346 2169 συμεῑολῇ
2386 2099 2480 2153 τοῦ
2515 2099 2754 2168 πολέμου
2812 2097 2996 2151 πολλοὶ
3034 2097 3094 2162 ἐξ
3129 2097 3405 2167 ἑκατέρων
3455 2096 3642 2162 ἀναιρε-

2103 2192 2387 2262 θήσονται,
2448 2193 2617 2246 πά).αι
2675 2189 2899 2253 τούτους
2940 2188 3231 2258 γινώσκων
3288 2185 3646 2257 ὲκθυμοτάτους

2102 2287 2333 2356 ἄνδρας,
2392 2285 2489 2339 καὶ
2547 2284 2714 2352 δριμῦ
2773 2282 2919 2337 κατὰ
2972 2281 3083 2335 τῶν
3135 2281 3351 2352 ἐχθρῶν
3402 2279 3646 2337 πνέοντας.

2110 2378 2411 2433 Ἐσπευδεν
2436 2372 2530 2430 οὖν
2560 2373 2651 2428 διὰ
2677 2374 2840 2429 τοῦτο
2869 2375 2996 2436 τοὺς
3051 2372 3416 2441 πρωταιτίους
3459 2369 3546 2440 μὲν
3583 2385 3650 2421 τις

2111 2469 2495 2542 μωρήσασθαι,
2523 2469 2650 2532 τοὺς
2677 2467 2736 2522 δέ
2767 2485 2832 2536 γε
2861 2468 3085 2531 λοιποὺς
3115 2469 3202 2537 τῷ
3251 2465 3344 2520 τοῦ
3387 2461 3647 2536 στρατοπέ-

2106 2567 2198 2620 δου
2232 2563 2632 2634 συγκαταλέξαι
2656 2559 2892 2629 σώματι.
2916 2561 3111 2614 Ἔνθεν
3141 2578 3231 2614 τοι
3257 2560 3346 2614 καὶ
3373 2557 3456 2612 διὰ
3478 2555 3648 2627 τρόπον

2106 2656 2298 2712 τούτου
2328 2657 2373 2688 ⁷⁸
2408 2653 2621 2726 μετῄει.
2651 2653 2939 2706 Γινώσκων
2969 2651 3026 2706 δὲ
3059 2651 3122 2704 τὸ
3159 2650 3515 2721 φιλοκίνδυνον
3561 2646 3650 2699 τῶν

2109 2747 2321 2820 ἀνδρῶν
2371 2746 2618 2809 ἐκείνων,
2671 2745 2767 2799 καὶ
2807 2745 2936 2816 περὶ
2984 2744 3112 2809 τοὺς
3149 2743 3420 2813 πολέμους
3460 2738 3654 2801 καὶτὰς

2114 2839 2298 2912 μάχας
2341 2838 2664 2900 ἀκάθεκτον,
2701 2837 2891 2890 ἐδεδίει
2924 2835 2998 2908 μὴ
3032 2836 3369 2906 ἀπογνόντες
3419 2831 3580 2904 χεῖρόν
3610 2847 3654 2882 τι

2115 2931 2490 3004 μελετήσαιενο
2525 2929 2768 3000 ἠρέμουν
2799 2928 2910 2999 γὰρ
2936 2927 3078 2991 τέως
3106 2928 3214 3000 τὴν
3247 2928 3396 2998 σφῶν
3420 2923 3656 2986 οἰκοῦντες

2113 3023 2372 3094 πατρίδα.
2401 3023 2498 3076 καλ⁵
2531 3023 2687 3075 οὔπω
2727 3022 2864 3091 πρὸς
2893 3018 3195 3089 λεηλασίας
3223 3019 3386 3081 ἄλλας
3429 3016 3516 3072 καὶ
3549 3030 3661 3084 προα

2113 3118 2282 3188 νομάς
2313 3115 2678 3187 ἐξετράποντο
2711 3127 2727 3144 ⁸
2769 3112 3164 3185 μετεπέμπετο
3191 3109 3284 3167 οὖν
3308 3112 3396 3166 διὰ
3427 3105 3660 3180 γραμμά-

2113 3226 2224 3262 των
2250 3207 2473 3270 τούτους
2499 3207 2556 3259 iv
2581 3205 2662 3277 τῷ
2693 3203 2832 3276 πρὸς
2859 3204 2921 3258 τδ
2948 3203 3254 3270 Βυζάντιον
3299 3197 3660 3272 ἐπανέρχεσθαι

2119 3303 2343 3374 συχναῖς
2392 3299 2775 3373 ὑποσχέσεσιν.
2808 3302 2872 3354 Οί
2901 3299 2959 3354 δὲ
2998 3299 3098 3370 τὴν
3145 3298 3290 3354 κατὰ
3337 3297 3442 3351 τῶν
3474 3288 3661 3348 Κελτῶν

2118 3397 2278 3466 νίκην
2304 3394 2469 3450 αὐτοῦ
2509 3392 2893 3464 μεμαθηκότες
2933 3392 3234 3457 ἐδεδίεσαν,
3265 3391 3315 3445 εί
3348 3390 3482 3459 τάχα
3509 3385 3589 3440 καὶ
3609 3379 3666 3435 τὰ

438 3500 616 3554 erant,
656 3495 707 3541 et
741 3493 1017 3542 ostentato
1039 3493 1251 3541 terrore
1275 3499 1553 3542 armorum
1592 3487 1646 3542 in
1681 3487 2014 3559 desperatio-

2119 3489 2428 3561 γράμματα
2491 3488 2760 3560 χρησταῖς
2815 3485 3016 3548 αὐτοὺς
3070 3485 3293 3540 ἐλπίσιν
3365 3481 3664 3537 ύπὲσαινονο

441 3595 562 3636 nem
604 3579 934 3650 conjiciendi
969 3594 1063 3648 per
1089 3593 1250 3649 quam
1285 3578 1572 3634 sinistrum
1627 3579 1769 3637 forte
1810 3583 2014 3652 aliquid

2121 3583 2272 3651 ὅμως
2304 3579 2398 3632 καὶ
2447 3578 2523 3650 μὴ
2573 3577 2888 3648 βουλόμενοι
2937 3578 3040 3646 τῆς
3088 3576 3234 3646 πρδς
3284 3573 3443 3630 αὑτὸν
3470 3571 3668 3640 είχοντο.

440 3681 494 3730 ct
541 3673 862 3744 reipublicae
897 3671 1055 3728 valde
1095 3672 1320 3727 noxium
1375 3683 1600 3741 possent
1648 3675 2014 3732 consciscere.

2136 3674 2373 3736 Ἐκεῖνος
2421 3670 2478 3723 δὲ
2509 3671 2609 3742 τὴν
2638 3669 3052 3725 Μοσυνούπολιν
3079 3666 3202 3739 (75)
3237 3661 3565 3724 καταλαϐὼν,
3590 3656 3670 3712 αὖ·

448 3765 654 3820 SCribit
680 3767 848 3836 igitur
882 3765 948 3819 ad
982 3779 1077 3820 eos
1108 3765 1162 3820 in
1190 3764 1311 3836 ipso
1337 3782 1530 3822 versus
1554 3767 2014 3839 Constantinopo-

2123 3766 2240 3822 τόθι
2263 3763 2625 3836 προσέμενεν,
2652 3762 3087 3831 ὑποκρινόμενος
3116 3759 3313 3832 [αὐτοῦ
3349 3753 3471 3827 που]
3494 3753 3555 3807 δι’
3571 3746 3671 3843 ,ἀλλ’

444 3857 538 3912 lim
575 3858 752 3913 reditu
791 3858 1004 3929 magnis
1034 3859 1325 3929 promissis
1363 3859 1599 3917 invitans
1633 3871 1695 3917 ut
1723 3863 1788 3917 ad
1822 3878 1882 3920 se
1923 3880 2014 3920 ve-

2121 3857 2262 3911 ἄττα
2289 3855 2670 3926 ἐγκαρτερεῖν,
2688 3853 2748 3906 τὸ
2775 3853 2832 3907 δέ
2855 3870 2920 3921 γε
2951 3852 3072 3906 ὅλον
3093 3852 3198 3923 τὴν
3215 3850 3395 3905 αὐτῶν
3419 3841 3672 3913 ἀναμένων

449 3949 654 4005 nirent.
711 3947 831 4003 Jam
892 3950 1018 4004 illos
1070 3951 1381 4018 perculerat
1441 3954 1672 4008 nuntius
1729 3965 2014 4024 reportata

2122 3945 2328 4016 ἄφιξιν.
2352 3942 2778 4004 Καταλασόντας
2796 3943 2842 3976 ⁷⁷
2875 3941 2933 3995 δὲ
2957 3940 3364 4012 ἐσχηματίζετο
3393 3929 3674 4024 ἀναθεωρῆ-

446 4038 691 4096 victoria
735 4040 802 4095 de
826 4039 1020 4096 Gallis.
1066 4041 1202 4110 Spes
1243 4041 1410 4110 igitur
1443 4021 1906 4111 promissioni-bus
1932 4064 2014 4104 ex-

2126 4054 2218 4090 σαι
2259 4035 2484 4098 τούτους
2541 4034 2853 4107 βούλεσθαι,
2882 4034 2978 4088 καὶ
3005 4033 3244 4088 ἑκάστου
3280 4031 3381 4102 τὴν
3409 4021 3674 4096 ὀνομασίαν

449 4129 615 4186 citata
641 4130 819 4196 novis,
845 4147 969 4186 cum
995 4133 1146 4201 prius
1162 4139 1431 4202 concepto
1457 4133 1652 4190 timore
1679 4138 2025 4208 conspirans,

453 4218 705 4274 homines
754 4219 844 4273 diu
882 4221 1182 4276 reluctatos
1226 4223 1446 4278 tandem
1495 4227 1736 4297 perpulit
1782 4239 1842 4284 ut
1882 4232 2028 4286 viam

452 4310 636 4366 aulam
667 4326 863 4368 versus
893 4321 1270 4384 capesserent.
1311 4313 1573 4372 Substitit
1605 4319 1827 4376 interim
1856 4320 2030 4396 Mosy-

452 4403 637 4471 nopoli
689 4403 912 4460 Alexius
934 4443 950 4472 ,
998 4404 1134 4461 lictis
1167 4409 1460 4462 'morarum
1496 4409 1704 4478 causis,
1747 4427 1938 4470 revera
1973 4423 2034 4470 ut

454 4495 787 4553 Manichteos
821 4496 933 4552 illic
961 4497 1392 4569 opperireturjli
1426 4509 1486 4556 ut
1523 4501 1821 4560 adfuerunt
1851 4507 2035 4575 priva-

454 4588 552 4644 tim
588 4604 860 4659 quemque
914 4590 1158 4660 ipsorum
1209 4606 1412 4663 cupere
1442 4607 1503 4649 se
1529 4609 1695 4651 nosse
1739 4596 2034 4667 imperator

455 4680 700 4738 simulat.
733 4679 964 4737 Nomina
991 4683 1234 4752 exquirit
1277 4684 1616 4756 singulorum
1660 4694 1716 4743 et
1766 4691 2031 4758 perscribi

454 4770 630 4840 jubet.
668 4770 806 4827 l‘liuc
833 4772 944 4842 jam
981 4784 1204 4844 aspectu
1237 4774 1292 4828 in
1316 4789 1569 4830 severum
1603 4785 1814 4833 mutato
1846 4781 2034 4834 multi-

457 4863 703 4920 tudinem
753 4863 1177 4922 Manichaeorum
1213 4883 1322 4922 non
1374 4866 1441 4921 ad
1487 4883 1546 4924 se
1575 4870 1904 4935 confertam,
1939 4871 2034 4926 sed

2127 4127 2508 4200 ἐγγράψασθαι
2540 4125 2608 4193 ’⁸,
2643 4126 2796 4180 ἔνθεν
2824 4142 2909 4179 τοι
2939 4125 3036 4178 καὶ
3080 4124 3316 4197 φοϐερὸς
3345 4117 3676 4193 προύκάθητον

2129 4223 2225 4278 καὶ
2253 4223 2298 4254 ⁷⁸
2334 4223 2394 4275 οὐ
2432 4220 2661 4292 φύρδην,
2692 4219 2830 4274 ἀλλὰ
2872 4219 2966 4274 καὶ
2990 4218 3224 4283 δεκάδας
3249 4219 3377 4280 τοὺς
3404 4211 3614 4281 λογάδας
3635 4205 3675 4237 ⁸³

2127 4313 2238 4369 τῶν
2269 4314 2593 4384 Μανιχαίων
2625 4311 2902 4366 ποιεῖσθαι
2933 4311 3221 4375 ἐκέλευσε,
3255 4310 3356 4381 τὴν
3379 4307 3484 4362 τῶν
3515 4297 3678 4357 κοινῶν

2132 4405 2261 4480 θέαον
2296 4408 2354 4470 ὲς
2385 4405 2563 4461 νέωτα
2611 4405 3008 4476 ὑποσχόμενος,
3049 4399 3176 4476 κᾷθ’
3229 4403 3407 4465 οὕτως
3436 4398 3558 4452 εἴσω
3591 4390 3679 4444 τῶν

2130 4496 2316 4550 πυλῶν
2348 4493 2848 4566 ἀπογραφομένους
2879 4493 3254 4564 εἰσέρχεσθαι.
3291 4480 3682 4558 Ἦτοιμασμένοι

2131 4588 2190 4641 δὲ
2219 4587 2371 4650 δντες
2394 4587 2445 4640 οἱ
2472 4586 2702 4650 τούτους
2740 4586 2964 4656 δεσμεῖν
3002 4584 3338 4655 ὀφείλοντες,
3369 4579 3491 4641 τοὺς
3512 4576 3685 4629 ἵππους

2136 4680 2236 4734 καὶ
2267 4679 2336 4733 τὰ
2363 4679 2507 4734 ὅπλα
2533 4677 3071 4747 ἀναλαμϐανόμενοι,
3099 4675 3328 4737 τούτους
3363 4673 3422 4726 ὲν
3449 4667 3554 4729 τοῖς
3573 4664 3685 4717 ἀπο·

2135 4774 2500 4846 τεταγμένοις
2561 4771 2844 4844 φρουρίοις
2883 4770 3174 4824 ὲνέκλειον.
3224 4767 3289 4821 Οἱ
3329 4765 3386 4820 δὲ
3413 4780 3475 4830 γε
3516 4751 3687 4827 ἑφεξῆς

2139 4871 2431 4942 ἐρχόμενοι
2459 4867 2700 4939 παντελῆ
2728 4866 2838 4920 τῶν
2891 4864 3290 4939 πραττομένων
3317 4861 3536 4929 ἄγνοιαν
3559 4849 3687 4921 ἕχον·

1535 5002 1734 5065 Varite
1779 5002 2082 5067 lectiones
2127 5020 2206 5066 ex
2235 5003 2380 5067 cod.
2409 5002 2683 5065 Coislin.

532 5099 580 5170 τ’
598 5097 864 5170 τεμοῦσα.

466 5169 665 5242 γάδας.

973 5103 1021 5135 ⁷⁸
1049 5100 1294 5166 τούτους.
1395 5102 1444 5136 ⁷⁷
1470 5101 1912 5158 καταλαϐόντων.

2015 5104 2063 5138 ’⁸
2094 5101 2546 5175 ἀναγράψασθαι.

2644 5101 2690 5136 τ’
2718 5098 2881 5156 κατά.
2985 5094 3034 5130 ⁸⁸
3059 5095 3272 5152 Desunt
3294 5107 3458 5150 voces
3482 5087 3595 5148 τοὺς
3619 5080 3691 5136 λο-

1505 5286 1650 5349 Car.
1699 5285 2034 5348 Dufresnii
2083 5289 2179 5351 Du
2211 5288 2434 5371 Cangii
2467 5297 2654 5353 notae.

545 5413 659 5489 (72)
691 5412 1157 5489 ΠαυαῑικιοίνοῃςΓ
1195 5410 1541 5489 Paulicianps
1566 5426 1690 5489 cum
1724 5410 2009 5489 Manichaei

2115 5422 2121 5456 ’
2148 5417 2332 5489 αὐτῶν
2357 5416 2695 5489 βλασφήμφν
2741 5413 2886 5489 «es
2907 5413 3196 5489 ἀὶ-λήλουςε
3247 5409 3427 5471 οὕτως
3452 5391 3688 5489 ,Αειαϊτὲῖ

475 5481 582 5541 hoc
615 5481 736 5540 loco
762 5484 918 5537 Anna
945 5491 998 5536 et
1029 5482 1155 5535 alibi
1181 5497 1326 5551 smpe
1353 5481 1679 5545 confundit;
1708 5491 1867 5538 erant
1889 5485 2037 5536 enim

475 5555 778 5610 Pauliciani
813 5553 1238 5621 Manichaeorum
1273 5552 1516 5607 assechc.
1552 5551 1875 5606 Timotheus
1908 5567 2034 5621 pre-

475 5627 684 5695 sbyter,
714 5626 804 5678 lib.
836 5625 988 5695 [lepl
1011 5620 1119 5675 τῶν
1152 5621 1610 5695 προσερχομένων
1634 5623 1870 5695 τῇ-άγίᾳ
1913 5620 2039 5695 ‘Ex:

476 5689 713 5765 τιλῆσίᾳζ·
744 5689 1119 5749 Γειτονεύουσι
1165 5689 1222 5746 δέ
1263 5689 1395 5765 mg
1424 5689 1520 5746 καὶ
1566 5689 1878 5765 ἀγχίθυροὶ,
1905 5689 2038 5765 μείσί

479 5761 623 5830 τινες
657 5761 767 5821 τῶν
798 5767 1114 5839 αἱρετικῶν,
1143 5765 1308 5837 ἤγουν
1358 5762 1414 5819 ἓν
1446 5778 1556 5818 τισι
1599 5761 1709 5817 τῶν
1749 5761 2034 5832 δογμάτων

2145 5469 2519 5558 τῷὟἾᾹρείῳ..
2550 5469 2806 5558 Ναύατ-αὶ
2847 5469 3206 5558 Σίιρἧέτξᾳλίῷ
3228 5523 3243 5544 ν
3279 5511 3352 5521 ⁸-
3376 5469 3473 5558 δαὶ
3513 5469 3689 5558 “alii.

2145 5533 2476 5621 έῖανοῖὲῐίξ
2496 5533 3272 5624 ’Μξςιξάεδίςῖνωεξνυοί.
3327 5547 3553 5624 adupag.

2914 5603 3320 5698 V_\’rillltartlttino
3392 5603 3688 5686 Μόεῇηορίϐ·

2145 5689 2279 5757 Vidc
2308 5689 2545 5756 Obscrv.
2575 5705 2794 5752 nostras
2820 5693 2886 5748 ad
2919 5693 3065 5749 hunc
3093 5689 3445 5760 scriptorem.
