3942 6208
286 310 387 371 419

1552 309 1969 372 ALEXIADIS
2010 312 2157 372 LIB.
2201 311 2303 372 νΙ.

3388 340 3389 343 ‘
3440 321 3546 387 450

284 444 371 487 τες
398 428 652 496 εἰσῄεσαν
685 425 1013 491 ἀγνοοῦντες
1054 424 1116 477 τὸ
1147 424 1853 497 ἀποδησδμενον,ἑκαστῳ.

1966 444 2058 496 per
2081 428 2314 485 decadas
2343 428 2610 500 digestam
2648 428 2920 486 introduci
2947 428 3125 499 jubet.
3160 430 3310 487 Velle
3332 447 3391 488 se
3417 450 3548 492 cum

284 519 517 580 Τούτους
547 516 650 585 μὲν
672 512 765 571 οὖν
784 517 929 570 οὕτω
964 517 1222 587 κατέσχε,
1252 519 1345 571 καὶ
1374 517 1473 581 τὰς
1498 518 1679 572 αὐτῶν
1709 535 1865 588 περι-

285 606 469 669 ουσίας
534 605 801 675 δημεύσει
867 604 1304 672 καθυποῦαλὼν,
1368 607 1681 678 διενείματο
1750 609 1864 670 τοῖς

286 700 725 768 συγκεκοπακόσι
755 699 798 731 ⁸¹
824 699 1003 770 τούτῳ
1034 700 1094 751 ὲν
1140 703 1261 762 ταῖς
1307 699 1722 770 συμπεσούσαις
1763 700 1865 770 μά-

281 812 424 863 χαις,
456 794 689 855 καὶτοῖς
721 791 992 855 κινδύνοις
1019 793 1295 860 γενναίοις
1317 793 1552 857 ἐκείνοις
1588 810 1648 845 στ
1662 794 1865 863 ρατιώ-

281 904 421 948 ταις.
465 882 746 937 Ἀπελθὼν
770 882 826 960 δὲ
849 884 877 936 ὁ
919 883 1017 953 τὴν
1044 885 1363 955 οἰκονομίαν
1402 886 1613 955 ταύτην
1667 887 1860 939 ἀναδε-

284 979 531 1044 ξάμενος,
561 976 779 1039 καὶτὰς
819 975 1001 1029 αὐτῶν
1045 979 1313 1043 γυναῖκας
1342 978 1452 1030 τῶν
1501 978 1693 1031 οἰκιῶν
1725 980 1862 1031 ἁπε-

282 1070 470 1133 λὰσας,
502 1068 642 1122 κατά
666 1070 768 1137 τὴν
796 1068 1097 1138 ἀκρόπολιν
1123 1069 1476 1139 ἐμφρούρους
1509 1064 1677 1139 εἶχεν.
1720 1069 1860 1131 Τοὺς

282 1162 335 1213 δέ
367 1178 428 1228 γε
490 1159 933 1229 κατασχεθέντας
985 1159 1096 1212 τῶν
1151 1161 1473 1228 Μανιχαίων
1511 1159 1860 1228 συμπαθείας

281 1255 414 1307 κατὰ
449 1251 648 1322 μικρὸν
676 1255 702 1305 ὁ
734 1253 1093 1324 αὐτοκράτωρ
1122 1252 1355 1321 ἠξίωσεν
1380 1268 1393 1283 ’
1430 1253 1620 1306 ὁπόσοι
1663 1252 1721 1305 δὲ
1766 1254 1861 1306 καὶ

277 1348 367 1400 τοῦ
403 1348 552 1399 Θείου
584 1347 965 1416 βαπτίσματος
994 1348 1181 1415 τυχεῖν
1216 1346 1553 1416 προείλοντο,
1582 1346 1703 1399 οὐδὲ
1736 1345 1863 1397 τού-

278 1459 366 1494 του
407 1441 808 1512 ἀπετύγχανον.
837 1441 934 1494 Διὰ
963 1442 1226 1505 παντοίας
1253 1441 1311 1493 δὲ
1338 1439 1641 1510 περιελθὼν
1659 1441 1859 1503 αὐτοὺς

283 1534 525 1605 μεθόδου,
566 1536 664 1586 καὶ
725 1533 982 1601 διαγνοὺς
1031 1533 1157 1595 τοὺς
1210 1534 1419 1597 αἰτίους
1459 1533 1559 1603 τῆς
1601 1532 1859 1602 τοιαύτης

277 1627 531 1689 ἀπονοίας
563 1628 623 1680 ὲν
646 1629 832 1697 νήσοις
866 1626 1187 1697 περιορίσας
1224 1627 1512 1698 καθεῖρξεο
1545 1629 1663 1689 τοῖς
1695 1626 1752 1680 δέ.
1782 1642 1844 1692 γε

1965 519 2033 575 iis
2066 520 2146 575 sic
2183 523 2250 573 ad
2286 518 2550 588 colloquii
2589 518 2909 574 facilitatem
2946 521 3140 578 divisis
3187 524 3352 579 modo
3383 540 3546 594 agere

1963 611 2032 666 de
2086 611 2314 683 privatis
2355 612 2540 679 rebus,
2570 614 2638 667 de
2669 611 2890 681 publica
2932 613 3219 683 legationis
3264 618 3550 673 accersita

1963 720 2131 760 causa
2182 703 2379 759 deinde
2429 715 2705 757 acturum.
2763 704 2841 758 Ex
2876 704 2979 758 hoc
3021 706 3242 763 decreto
3292 708 3551 761 admitte-

1962 798 2165 853 bantur
2202 798 2342 851 intra
2387 796 2616 866 jauuas,
2675 796 2833 867 155
2881 813 3117 866 quorum
3180 816 3246 854 ex
3299 803 3549 871 catalogo

1964 889 2189 945 nomina
2240 889 2648 953 recitabantur;
2691 890 2989 944 introducti
3030 892 3236 960 paratis
3273 907 3540 947 occurre-

1964 981 2093 1035 bant
2140 980 2231 1046 qui
2292 996 2391 1035 eos
2437 980 2596 1048 equis
2648 981 2927 1050 armisque
2978 981 3175 1037 ablatis
3228 984 3444 1039 vinctos
3490 985 3545 1039 in

1961 1073 2237 1127 custodias
2268 1073 2603 1128 deducerent
2634 1074 2835 1142 cuique
2862 1075 3214 1129 constitutas.
3246 1073 3543 1129 Vocabau-

1965 1174 2053 1219 tnr
2081 1182 2203 1217 mox
2233 1166 2321 1218 alii
2354 1166 2601 1219 omnium
2634 1182 2754 1234 quae
2795 1166 2945 1234 prius
2997 1167 3261 1237 ingressis
3295 1170 3545 1237 contige-

1964 1268 2085 1312 rant
2135 1274 2370 1327 quaeque
2429 1259 2539 1313 sibi
2588 1259 2722 1326 ipsis
2778 1260 3157 1328 impenderent
3206 1261 3404 1327 ignari.
3445 1260 3549 1314 Per

1963 1352 2110 1406 hunc
2141 1353 2358 1405 modum
2396 1350 2572 1420 capita
2603 1351 2716 1419 ipsa
2746 1351 3014 1404 tumultus
3047 1351 3213 1420 cepit,
3240 1366 3306 1404 ex
3330 1366 3548 1406 eorum-

1961 1460 2069 1514 que
2103 1443 2397 1512 publicatis
2445 1442 2605 1498 bouis
2656 1442 2825 1496 fortes
2859 1452 2914 1497 et
2953 1440 3141 1496 fideles
3197 1442 3396 1497 milites
3450 1444 3544 1508 qui

1962 1544 2307 1591 constantem
2338 1534 2392 1587 in
2428 1535 2688 1603 periculis
2723 1533 2824 1602 ipsi
2860 1549 2926 1588 ac
2970 1533 3172 1602 praeliis
3204 1542 3258 1587 et
3301 1534 3541 1589 laborio-

1961 1643 2077 1683 sam
2117 1636 2382 1681 navarant
2411 1641 2632 1696 operam
2657 1635 3041 1682 remuneratus
3072 1636 3178 1680 est.
3204 1625 3351 1680 Misit
3377 1627 3543 1681 etiam

277 1720 477 1781 λοιποῖς
505 1719 696 1774 ἄδειαν
717 1718 990 1786 δεδωκὼς,
1010 1719 1190 1772 ὂποι⁸¹
1207 1719 1467 1790 βουλητὸν
1486 1720 1671 1781 αὐτοῖς
1698 1718 1854 1771 ἀπιέ-

1966 1724 2052 1790 qui
2091 1736 2288 1775 uxores
2317 1721 2660 1774 detentorum
2691 1719 2948 1774 domibus
2972 1719 3259 1785 ejicerent,
3286 1719 3541 1787 bonaque

276 1828 355 1861 ναι
378 1810 676 1863 ἀπέλυσεν.
705 1809 771 1865 Οἱ
800 1811 855 1863 δὲ
883 1812 980 1881 τὴν
1006 1811 1385 1881 ὲνεγκαμένην
1410 1810 1522 1883 (7i)
1550 1811 1659 1863 τῶν
1683 1811 1859 1865 ἄλλων

1966 1813 2150 1868 enmia
2208 1812 2343 1867 fisco
2387 1811 2727 1866 vindicarent
2762 1827 2776 1863 :
2808 1812 2945 1879 ipsis
2997 1812 3215 1865 interim
3267 1812 3370 1866 sub
3422 1818 3541 1864 tuta

278 1902 751 1969 προτιμησὰμενοι
816 1901 1013 1955 αὐτίκα
1069 1902 1203 1972 πρὸς
1247 1901 1419 1972 αὐτὴν
1465 1901 1855 1972 ὲπανέτρεχον,

1966 1906 2298 1960 Inunitarum
2325 1906 2531 1958 arcium
2566 1905 2814 1958 custodia
2849 1916 3037 1973 prunas
3071 1903 3306 1957 desertae
3334 1900 3542 1956 militia:

274 1989 346 2054 ὡς
372 1992 493 2043 ἐνὸν
528 1991 599 2044 τὰ
627 1993 746 2045 κατ’
775 1992 973 2056 αὐτοὺς
996 1995 1479 2065 οίκονομήσαντες.

1966 1998 2261 2060 luentibus,
2304 1996 2506 2066 quibus
2556 2003 2736 2049 tamen
2787 1996 3131 2065 postmodum
3188 2010 3301 2048 suae
3337 2003 3548 2046 naturae

281 2084 569 2155 indulgens
599 2099 848 2153 magnam
882 2085 1142 2156 paulatim
1173 2089 1386 2143 remisit
1408 2104 1580 2158 paena:
1605 2100 1847 2158 partem:
1891 2090 2150 2144 admissis
2190 2089 2355 2144 etiam
2429 2089 2497 2142 ad
2571 2088 2827 2157 baptismi
2876 2092 3106 2156 gratiam
3157 2094 3426 2154 quotquot
3475 2100 3540 2139 ex

277 2174 401 2243 ipsis
434 2174 503 2226 ad
535 2188 656 2226 eain
690 2173 908 2228 invitati
976 2191 1086 2229 non
1158 2188 1485 2234 renuerunt.
1555 2177 1824 2234 Omnibus
1899 2180 2137 2249 denique
2178 2196 2313 2235 usus
2359 2180 2571 2234 artibus
2606 2178 2674 2233 ad
2717 2179 2984 2248 liquidum
3018 2179 3367 2247 explorandre
3393 2179 3543 2233 veri-

280 2266 416 2329 tatis,
453 2281 597 2334 quos
640 2266 884 2336 ipsorum
914 2272 1181 2340 corruperit
1224 2272 1348 2326 mali
1406 2274 1623 2327 consilii
1674 2275 1843 2328 fuisse
1881 2284 2135 2329 auctores
2164 2290 2256 2329 eos
2287 2275 2436 2330 solos
2461 2274 2841 2343 deportatione
2879 2274 2930 2326 in
2998 2274 3204 2327 insulas
3304 2272 3539 2343 punivit.

277 2357 483 2413 exteris
506 2359 756 2416 dimissis
778 2368 1100 2431 potestatein
1136 2364 1390 2434 fecitquo
1453 2367 1668 2420 mallent
1737 2367 1927 2421 eundi.
1972 2367 2048 2422 Eo
2099 2370 2173 2422 illi
2228 2370 2458 2424 arbitrio
2513 2369 2585 2421 ita
2628 2370 2709 2423 usi
2746 2378 2874 2421 sunt
2922 2375 2981 2420 ut
3027 2368 3229 2420 nullam
3266 2375 3540 2422 terrarum

278 2465 425 2506 oram
472 2450 871 2522 prafereudain
912 2458 1099 2526 patria:
1134 2466 1414 2525 putarent,
1443 2460 1508 2513 ad
1536 2474 1655 2513 eam
1688 2475 1818 2528 ergo
1863 2461 2187 2517 festinarent
2219 2462 2463 2517 universi
2532 2477 2630 2517 sua
2664 2462 2777 2517 illic
2819 2477 2921 2531 pro
2954 2477 3013 2517 se
3078 2462 3315 2533 quisque
3377 2477 3541 2516 cura-

1888 1781 1934 1839 Β

280 2547 408 2600 turi.

358 2636 599 2701 Ἐκεῖνος
615 2638 669 2691 δὲ
689 2639 826 2709 πρὸς
844 2640 940 2712 τὴν
965 2641 1214 2712 βασιλίδα
1235 2630 1344 2698 τῶν
1362 2646 1568 2701 πόλεων
1589 2646 1859 2702 ἐπάνεισι.

277 2729 392 2785 οὐκ
422 2729 586 2784 ἐλαθε
620 2731 677 2784 δὲ
708 2732 898 2786 τοῦτον
929 2736 997 2787 τὰ
1026 2738 1149 2789 κατ’
1189 2737 1360 2790 αὐτοῦ
1414 2740 1474 2793 ὲν
1514 2740 1752 2812 τριόδοις
1798 2756 1858 2792 τε

275 2824 375 2875 καὶ
429 2823 660 2890 γωνίαις
718 2825 1244 2900 ὑποψηθυριξόμενα
1299 2831 1368 2884 ⁸³.
1432 2831 1594 2884 Ἀλλὰ
1638 2831 1860 2886 ἁκούων

272 2915 645 2985 ἐτιτρώσκετο
671 2916 769 2987 τὴν
802 2919 1003 2991 ψυχὴν,
1030 2921 1113 2974 ὅτι
1144 2922 1219 2991 μὴ
1257 2921 1512 2977 τοσοῦτον
1541 2923 1863 2994 είργασμό-

272 3024 363 3070 νος
395 3008 794 3065 πολλαπλασίω
826 3013 894 3065 τὰ
923 3014 1172 3083 στόματα
1212 3016 1320 3069 τῶν
1349 3018 1859 3086 συκοφαντούντων,

272 3098 426 3171 εἶχεν
484 3102 670 3172 ἑαυτῷ
733 3105 1143 3176 περιχαίνοντα.
1215 3108 1455 3171 Ἐκεῖνος
1502 3111 1613 3179 γὰρ
1664 3110 1860 3181 χρείας

272 3192 746 3263 κατεπειγούσης,
782 3196 877 3247 καὶ
907 3196 1177 3265 κοσμικοῦ
1228 3198 1497 3263 κλύδωνος
1533 3200 1591 3266 ἐξ
1624 3201 1859 3272 ἀπορίας

272 3287 388 3338 τῶν
417 3285 723 3356 βασιλικῶν
780 3288 1047 3356 ταμείων,
1082 3290 1221 3358 πρὸς
1251 3290 1427 3344 ’τοῦτο
1468 3292 1744 3363 ἀπέϐλεψε
1766 3294 1862 3347 καὶΙ

272 3378 352 3440 ὡς
404 3377 625 3431 δάνειον
679 3378 986 3447 ἐλογίζετο,
1020 3380 1135 3433 ἀλλ’
1161 3384 1258 3453 οὐχ
1287 3382 1362 3445 ὡς
1404 3383 1675 3455 ἅρπαγμα
1703 3386 1736 3456 ἢ
1766 3404 1862 3438 τυ-

276 3474 549 3540 ραννικῆς
579 3470 762 3541 χειρὸς
813 3471 1136 3543 ὲπιὸουλὴν,
1167 3474 1241 3536 ὡς
1272 3476 1323 3529 oi
1366 3475 1860 3549 διαλοιδορούμενοι

275 3561 519 3627 λέξειαν.
565 3561 728 3615 Ἀλλὰ
760 3561 858 3616 καί¹
923 3562 1153 3633 γνώμης
1183 3564 1355 3629 οὕτως
1414 3565 1561 3637 εἶχεν
1609 3568 1685 3632 ὡς
1722 3572 1862 3639 μετὰ

274 3656 337 3708 τὸ
364 3654 722 3724 κατορθῶσαι
749 3654 879 3717 τοὺς
919 3656 1307 3726 ἐπικειμένους
1342 3658 1609 3729 πολέμους
1646 3661 1863 3714 ἀποδώ-

279 3766 389 3801 σων
411 3750 539 3811 ταῖς
572 3748 893 3815 ἐκκλησίαις
915 3749 1010 3802 τὸν
1045 3751 1402 3822 ἀφῃρημένον
1430 3753 1637 3823 κόσμον
1657 3753 1859 3808 αὐτῶν.

279 3843 391 3895 Καὶ
443 3841 549 3894 οὐκ
586 3840 785 3910 ἔφερεν
841 3840 1226 3906 ύπαναζεύξας
1275 3842 1323 3875 ⁸⁸
1360 3846 1423 3914 τῇ
1482 3843 1713 3913 βασιλίδι
1756 3846 1864 3899 τῶν

280 3933 500 3987 πόλεων
542 3932 801 3986 ὑπόθεσιν
850 3933 1101 4001 γίνεσθαι
1143 3938 1257 3997 τοῖς
1326 3934 1572 3988 ἐθέλουσι
1633 3936 1862 4008 διασύρ-
1902 3991 1923 4002 _

278 4043 392 4079 νειν
417 4026 465 4057 ⁸⁸
497 4026 567 4078 τὰ
597 4025 831 4079 ἐκείνου.
858 4026 1052 4079 Ἔνθεν
1084 4044 1169 4080 τοι
1197 4028 1293 4080 καὶ
1328 4027 1625 4097 ἐκκλησίαν
1654 4029 1864 4100 κηρύτ-

272 4134 384 4180 τει,
441 4117 542 4171 καὶ
594 4117 870 4188 συνέδριον
916 4119 1176 4189 μέγιστον
1214 4120 1293 4182 είς
1330 4120 1399 4173 τὰ
1436 4122 1496 4173 ἐν
1528 4121 1865 4194 Βλαχέρναις

272 4211 588 4281 ἀνάκτορα,
612 4210 806 4262 ἑαυτὸν
828 4210 1030 4264 ἐθέλων
1059 4212 1278 4282 πρῶτον
1303 4213 1560 4267 ὑπόδικον
1590 4217 1865 4287 καταστή-

274 4302 507 4367 σασθαι,
542 4304 638 4354 καὶ
689 4300 832 4355 οὕτω
861 4303 931 4356 τὰ
962 4304 1101 4376 ὑπὲρ
1148 4304 1345 4358 ἑαυτοῦ
1390 4307 1860 4378 ἀπολογήσασθαι.

274 4393 475 4463 Παρῆν
506 4393 562 4446 δὲ
584 4393 686 4463 ἠδη
728 4394 823 4445 καὶ
850 4394 882 4463 ἡ
910 4394 1215 4463 σύγκλητος
1239 4396 1450 4460 ἅπασα,
1487 4401 1581 4453 καὶ
1611 4401 1675 4453 τὸ*
1701 4418 1865 4472 στρα-

2038 2647 2425 2702 Revertentem
2464 2658 2631 2716 porro
2666 2644 3053 2714 imperatorem
3112 2644 3167 2698 iu
3216 2644 3406 2699 urbem
3450 2660 3543 2698 rc-

1964 2740 2108 2810 giaiu
2159 2754 2262 2793 nec
2310 2739 2489 2802 latuit,
2539 2752 2637 2791 nec
2682 2752 2874 2805 parum
2934 2737 3235 2790 commovit
3293 2752 3544 2791 murmur

1965 2830 2255 2886 sinistrum
2289 2830 2432 2884 male
2471 2829 2526 2883 in
2558 2830 2739 2897 ipsum
2781 2828 3010 2881 animati
3043 2828 3189 2896 vulgi
3220 2843 3329 2897 quo
3379 2829 3542 2884 trivia

1962 2933 2130 2990 atque
2181 2922 2507 2990 angiportus
2562 2918 2960 2988 personabant.
3018 2917 3314 2973 Enimvero
3349 2920 3544 2974 urebat

1966 3014 2244 3069 hominem
2279 3012 2444 3067 tantis
2474 3010 2640 3066 modo
2683 3011 2943 3081 periculis
2976 3024 3076 3080 pro
3109 3011 3387 3081 republica
3421 3027 3545 3082 per-

1963 3105 2210 3162 functum
2245 3105 2379 3159 nihil
2424 3111 2504 3158 tot
2547 3103 2860 3171 talibusque
2906 3103 3075 3159 rebus
3110 3104 3281 3174 gestis
3338 3104 3542 3158 lucrari

1963 3214 2025 3254 se
2061 3199 2242 3252 visum
2273 3197 2421 3251 aliud
2447 3196 2552 3251 nisi
2583 3204 2642 3249 ut
2676 3195 2899 3249 illorum
2948 3195 3195 3264 ipsorum
3233 3211 3373 3265 quos
3419 3212 3539 3252 ser-

1964 3301 2150 3347 vasset
2175 3289 2684 3357 ingratissimoruin
2720 3288 2925 3342 civium
2955 3296 3110 3342 tanto
3152 3288 3310 3358 plura
3343 3289 3397 3343 in
3424 3289 3544 3357 ejus

1963 3382 2355 3436 contumeliam
2401 3394 2465 3432 ac
2515 3379 2922 3448 sugillationem
2969 3394 3065 3433 ora
3110 3389 3381 3448 paterent.
3433 3384 3541 3435 Su-

1964 3472 2109 3526 surri
2164 3470 2578 3525 mussitantium
2632 3470 2688 3523 lii
2737 3468 3109 3524 ferebantur:
3153 3470 3421 3539 spoliatas
3473 3470 3544 3524 ab

1966 3565 2306 3633 imperatore
2330 3574 2521 3617 saeras
2569 3559 2713 3616 redes
2749 3576 2893 3629 quas
2934 3561 3123 3615 ornari
3165 3562 3234 3613 ab
3284 3560 3405 3630 ipso
3446 3575 3545 3616 cu-

1968 3655 2276 3724 niularique
2315 3661 2666 3723 oportuerat.
2714 3653 2879 3721 Atqui
2924 3651 3111 3707 fatalis
3160 3651 3401 3720 impulsu
3455 3668 3544 3707 nc-

1963 3747 2263 3807 cessitatis,
2299 3743 2367 3798 ad
2400 3743 2737 3813 frangendos
2760 3742 3002 3813 impetus
3036 3742 3372 3797 suavissimus
3409 3757 3544 3812 pro-

1931 3888 1933 3891 .
1963 3836 2117 3889 cellae
2142 3835 2431 3903 cujusdam
2462 3831 2832 3885 ineluctabilis
2860 3846 2925 3886 ex
2959 3830 3149 3884 mundi
3203 3846 3342 3901 pene
3373 3834 3543 3889 totius

1966 3930 2021 3983 in
2051 3945 2218 3983 unum
2247 3926 2555 3980 Romanum
2604 3939 2804 3979 nomen
2837 3924 3256 3993 conspiratione
3279 3925 3539 3981 coorien-

1967 4023 2060 4083 tis,
2096 4021 2292 4075 ultimo
2322 4018 2640 4088 reipublicae
2666 4017 2915 4088 periculo
2937 4024 3185 4083 vocante,
3222 4019 3274 4072 in
3296 4030 3542 4075 extrema

1966 4115 2151 4184 inopia
2209 4112 2328 4167 fisci
2384 4112 2450 4166 ad
2507 4110 2655 4166 istud
2715 4110 2968 4164 ultimum
3024 4112 3200 4165 mutui
3258 4114 3543 4183 atemplis

1967 4205 2221 4260 sumendi
2277 4204 2577 4258 remedium
2632 4213 2854 4257 ventum
2905 4204 3105 4257 fuerat.
3148 4203 3339 4259 Mutuo
3389 4206 3537 4259 enim

1966 4297 2323 4352 duutaxatad
2378 4306 2594 4366 tempus
2638 4297 2980 4352 discriminis
3027 4295 3276 4366 urgentis
3324 4297 3413 4348 illa
3450 4310 3544 4349 sn-

1968 4392 2256 4446 mebanlur
2290 4390 2587 4459 aliquando
2634 4404 2758 4444 cum
2800 4405 2967 4443 usura
3021 4388 3384 4453 refundenda,
3432 4402 3540 4442 non

270 4485 505 4550 τιωκὸν,
537 4485 636 4537 καὶ
676 4484 800 4537 ὅσον
828 4484 923 4537 τοῦ
971 4486 1250 4553 ἱερατικοῦ
1288 4489 1590 4555 καταλόγου
1625 4494 1859 4563 καραδοο

1968 4493 2026 4538 ιιι
2084 4480 2339 4536 maledici
2384 4481 2795 4544 obtrectabant,
2866 4480 3153 4550 tyrannica
3193 4479 3540 4547 grassatione

275 4575 511 4637 κοῦντες
535 4576 599 4627 τδ
623 4574 677 4626 τί
699 4574 766 4627 ἂν
785 4573 1031 4645 βούλοιτο
1053 4578 1085 4645 ἡ
1110 4576 1219 4630 τῶν
1236 4578 1490 4631 ἁπάντων
1526 4581 1859 4646 συνέλευσις.

1970 4575 2345 4644 rapiebantur.
2376 4575 2455 4628 Ac
2484 4588 2799 4641 quanquam
2839 4573 2942 4627 sibi
2970 4580 3089 4626 erat
3119 4572 3378 4625 conscius
3405 4572 3541 4624 recti

274 4664 353 4716 Τὸ
382 4665 443 4716 δὲ
495 4660 565 4735 ἦν
613 4663 722 4733 ἄρα
776 4664 905 4718 ἄλλο
932 4663 1103 4732 οὐδὲν,
1133 4666 1166 4738 ἢ
1206 4669 1240 4738 ἡ
1272 4667 1382 4721 τῶν
1414 4669 1554 4723 κατὰ
1584 4669 1678 4723 τοῦ
1712 4671 1860 4742 βασι·

1971 4667 2237 4739 propositi
2270 4680 2379 4736 quo
2410 4675 2531 4735 post
2565 4666 2799 4734 primam
2831 4678 2860 4715 a
2890 4664 3046 4718 bellis
3078 4664 3320 4733 requiem
3345 4663 3540 4717 ἀθετε-

274 4754 419 4818 ὶέως
464 4752 886 4825 θρυλλουμένων
942 4755 1252 4826 ἀνάκρισις.
1282 4758 1549 4829 Παρῆσαν
1594 4759 1688 4814 οὖν
1716 4778 1868 4831 τηνι-

279 4848 465 4901 καῦτα
500 4847 550 4899 oi
592 4845 702 4898 τῶν
751 4846 913 4915 ιερῶν
945 4849 1378 4919 φροντιστηρίων
1429 4851 1723 4921 κηδεμόνες
1772 4855 1867 4907 καὶ

277 4944 353 4989 τὰ
381 4936 567 5007 βιϐλία
594 4936 652 4998 ὲς
690 4934 855 5003 μέσον
889 4936 1196 5005 τηνικαῦτα
1242 4939 1597 5010 προύτίθεντο
1634 4941 1679 4971 ⁸⁸
1717 4942 1865 5013 (βρέ-

286 5027 378 5083 tia
432 5028 545 5101 (75)
600 5028 779 5081 ταῦτα
829 5029 865 5099 ἡ
924 5028 1182 5099 συνήθεια
1231 5023 1339 5082 οἶδε
1390 5030 1621 5104 καλεῖν),
1674 5035 1732 5086 ὲν
1781 5028 1863 5098 οἷς

1973 4766 2127 4814 verat
2175 4767 2500 4812 ornamenta
2555 4771 2656 4810 sua
2730 4755 2948 4823 templis
2995 4753 3247 4816 reddere.
3292 4769 3400 4807 non
3448 4768 3544 4807 ne-

1974 4853 2145 4921 glexit
2197 4858 2378 4904 tamen
2436 4850 2490 4901 in
2542 4861 2784 4917 praesens
2830 4844 2986 4899 fama:
3043 4860 3155 4899 sua:
3219 4859 3543 4899 succurrere

1977 4942 2272 5007 laboranti,
2316 4949 2370 4996 et
2394 4954 2707 4994 sermonum
2760 4938 2853 5008 qui
2890 4946 3021 4993 tunc
3058 4937 3374 4992 ferebantur
3408 4953 3541 4991 cau-

1973 5052 2089 5091 sam
2112 5036 2296 5106 quoad
2349 5033 2501 5089 licuit
2544 5033 2757 5088 curavit
2791 5032 3004 5086 tollere.
3055 5031 3337 5087 Convocat
3380 5032 3543 5103 igitur

1357 5164 1555 5228 Variae
1584 5166 1898 5229 lectiones
1919 5185 1997 5231 ex
2031 5168 2172 5231 cod.
2218 5160 2488 5231 Coislin.

358 5313 404 5346 ⁸³
427 5312 925 5384 συγκεκοπιακόσι.
1000 5313 1047 5347 ⁸⁸
1079 5314 1208 5385 ὅπη.

1289 5315 1335 5347 ⁸³
1364 5314 1891 5389 ὑποψιθυριζόμενι.
1967 5321 2015 5357 “li
2044 5319 2445 5385 ὲπαναζεύξας.
2522 5318 2567 5350 ⁸⁸
2597 5316 2899 5387 διασύρειν.
2973 5316 3021 5349 ⁸⁸
3052 5317 3396 5387 προυτίθετο.

1326 5454 1468 5521 Car.
1508 5456 1835 5521 Dufresuii
1869 5460 1968 5521 Du
1999 5458 2222 5538 Cangii
2270 5469 2461 5521 notes.

365 5586 481 5657 (7‘)
527 5586 655 5661 Τὴν
677 5586 1119 5661 ἐνεγκαμένην.
1137 5584 1695 5661 l‘bilippppolitanam
1731 5605 1860 5661 pro-

283 5656 559 5733 nnciam:
596 5656 731 5733 Vide
759 5658 1085 5733 inifatpag.
1104 5656 1203 5710 158
1229 5666 1284 5733 et
1314 5658 1438 5712 430.
1458 5730 1468 5733 Α
1679 5728 1707 5733 ᾧ
1733 5656 1763 5733 ’λ
1816 5714 1835 5733 σ

363 5727 482 5799 (75)
515 5729 749 5797 Βρέόια.
794 5726 1043 5785 Laudant
1074 5729 1233 5811 hunc
1257 5727 1429 5811 Anna;
1458 5730 1635 5787 locum
1668 5726 1858 5805 Cujaé.

1969 5593 2033 5645 ad
2054 5592 2161 5661 leg.
2191 5591 2225 5645 4
2254 5592 2319 5645 de
2343 5592 2710 5647 conveniend.
2764 5593 2880 5647 fisci
2915 5593 3082 5647 debit.
3113 5592 3171 5645 P.
3206 5591 3454 5645 Pitlimus
3482 5587 3537 5643 in

1970 5661 2149 5716 Gloss.
2185 5663 2252 5714 ad
2295 5661 2468 5730 Capit.
2503 5663 2631 5716 Car.
2672 5663 2768 5726 M.,
2816 5664 3109 5728 Meursius,
3146 5661 3443 5715 Gretzerus
3485 5668 3540 5714 et

1965 5730 2221 5809 .alii.rEsl
2249 5742 2434 5811 autem
2469 5732 2674 5804 Brevis,
2726 5735 3114 5800 inventariuiu,
3164 5732 3406 5799 rotulus,
3455 5734 3537 5788 vel
