3942 6208
273 387 369 449 4η

1540 393 1951 453 ALEXIADIS
1986 393 2131 450 LlB-
2166 394 2266 455 Vl.

3407 389 3524 455 ινα

272 501 584 573 χρημάτων.
619 503 830 559 Γίνεται
859 506 912 560 δέ
940 525 990 561 τι
1019 509 1263 562 τοῖοῦτον
1291 511 1346 562 ἐν
1370 508 1446 580 τῷ
1474 509 1565 578 τῆς
1594 507 1843 578 Σινώπης

1974 519 2170 563 iet-ator
2215 518 2272 562 ut
2319 509 2382 563 ad
2437 509 2601 564 urbes
2655 525 2916 579 arresquc
2951 512 3083 566 istas
3118 526 3176 566 se
3217 511 3528 583 conferret,

271 593 582 663 ἑξέρχεσθαι
614 597 778 649 αὐτὴν
809 599 1077 665 κατεάξας
1103 602 1162 654 τὸ
1196 603 1283 654 ἐπ’
1308 601 1645 673 ὀνόματιτῆς
1675 603 1841 672 ὑπερ-

271 686 499 754 αμὼμου
527 689 826 756 Δεσποίνης
869 691 1026 760 ἡμῶν
1049 694 1314 748 Θεοτόκου
1346 695 1592 763 τέμενος,
1627 695 1844 762 δαίμονί

271 793 374 827 τινι
401 776 657 846 καθάπερ
705 777 967 851 ἀλάστορι
1002 783 1065 834 ἐκ
1111 781 1263 845 θείας
1310 785 1567 853 προνοίας
1612 784 1847 853 παραδο-

271 867 404 928 θεὶς,
434 867 611 922 ἔκειτο
633 870 882 940 ἀφρίζων
909 888 924 902 ⁶
964 875 1059 926 καὶ
1091 873 1265 938 οὕτως
1299 876 1506 928 ἐκεῖθεν
1552 877 1846 943 δαιμονιῶν

271 959 600 1028 ἐξεληλύθει.
653 963 760 1017 Καὶ
813 963 911 1033 τὴν
955 964 1142 1033 μέντοι
1172 969 1369 1036 κυρίαν
1404 967 1502 1036 τῆς
1541 967 1790 1036 Σινώπης
1817 967 1846 1018 ὁ

271 1050 463 1113 Σ;αοὺς
525 1053 916 1125 Κωνσταντίνῳ
967 1057 1046 1126 τῷ
1097 1058 1428 1129 Δαλασσηνῷ
1489 1059 1709 1112 ἀνέθετο
1759 1060 1847 1112 ἐπ’

273 1142 410 1194 αὐτὸ
439 1143 484 1174 ⁸⁵
527 1145 678 1214 παρὰ
709 1146 802 1198 τοῦ
839 1146 1103 1217 βασιλέως
1139 1149 1520 1213 ἀπσσταλέντι,
1555 1145 1678 1220 κᾷθ’
1707 1149 1848 1202 οὕτω

269 1233 368 1295 τὰς
398 1234 566 1298 ἄλλας
601 1235 780 1298 πόλεις
809 1239 1040 1306 περιιὼν
1072 1241 1168 1292 καὶ
1201 1242 1300 1303 τὰς
1350 1240 1708 1304 σουλτανικάς
1739 1244 1849 1304 τοῖς

273 1326 584 1394 σατράπαις
628 1327 997 1381 ὑποδεικνύων
1038 1331 1280 1400 γραφὰς,
1336 1332 1546 1385 ἐκεῖθεν
1589 1332 1850 1402 ἐξήλαυνε

271 1418 600 1485 παραδιδοὺς
634 1421 772 1488 πρὸς
801 1422 927 1485 τοὺς
972 1422 1064 1475 τοῦ
1115 1424 1513 1495 αὐτοκράτορος
1543 1427 1849 1495 σατράπας.

272 1509 458 1563 Ταῦτα
506 1507 599 1564 οὖν
643 1513 671 1565 ὁ
721 1514 918 1578 Σιαοὺς
964 1516 1406 1586 διαπραξάμενος
1453 1519 1768 1591 ὑποστρέφη
1807 1520 1851 1552 ⁸⁵

273 1605 412 1671 πρὸς
441 1605 626 1670 αὐτὸν,
652 1606 946 1661 κάντεῦθεν
980 1609 1072 1661 τοῦ
1116 1609 1259 1664 θείου
1293 1610 1669 1682 βαπτίσματος
1699 1631 1854 1666 τετυ·

272 1697 482 1766 χῃκὼς,
517 1699 606 1752 καὶ
637 1701 847 1753 πολλῶν
874 1701 1092 1773 δωρεῶν
1125 1703 1514 1770 ἐπαπολαὺσας
1562 1705 1686 1770 δοὺξ
1730 1707 1847 1774 Ἀγ-

273 1787 466 1854 χιάλου
499 1789 930 1857 προχειρίζεται.

1951 597 2268 667 Turcasque
2328 599 2568 669 ips:irum
2651 602 3016 670 przcsidiarios
3077 617 3199 655 cum
3259 601 3520 654 Rmuanis

1951 699 2348 752 cummutaret,
2401 691 2596 745 litteris
2647 693 2880 747 sultanis
2933 693 3306 759 ostendendis,
3350 708 3523 762 eaque

1951 798 2008 836 re
2045 785 2282 850 perfecta
2322 783 2849 850 Constantinopolim
2884 801 2941 840 se
2997 787 3283 854 reciperet.
3314 787 3521 838 Annuit

1955 879 2037 934 his
2082 881 2310 936 Siansus
2374 881 2754 944 libentissime,
2823 885 3174 952 Sinopenque
3243 883 3522 952 profectus

1952 970 2210 1039 primum,
2252 973 2536 1026 sultanieis
2583 975 2775 1029 litteris
2827 975 3102 1028 Charalici
3160 975 3358 1029 oblatis
3399 990 3522 1028 eum

1951 1065 2077 1118 inde
2109 1065 2334 1133 expulit,
2372 1082 2439 1121 ne
2481 1083 2589 1120 uno
2621 1067 2838 1136 quidem
2882 1083 3106 1136 nummo
3147 1068 3378 1136 potitum
3439 1083 3528 1120 re-

1953 1156 2052 1219 gia-
2086 1159 2332 1225 pecunia:
2379 1173 2540 1228 quam
2571 1162 2943 1230 concupierat.
2974 1160 3216 1232 Contigit
3255 1161 3304 1214 ei
3345 1160 3524 1230 siqui-

1953 1249 2075 1302 dem
2128 1250 2233 1304 tale
2289 1253 2592 1320 quippiam.
2631 1251 2685 1304 lu
2753 1254 2843 1306 illa
2903 1255 3244 1323 grassatione
3299 1254 3370 1314 tle
3417 1240 3523 1322 qua

1955 1341 2195 1396 diximus
2242 1358 2366 1396 cum
2455 1346 2989 1412 superimmm'ulatm
3040 1345 3281 1406 Domina:
3330 1354 3530 1397 nostra:

1957 1431 2144 1488 Matris
2179 1434 2268 1488 Dei
2317 1434 2554 1490 fanatice
2585 1439 2844 1506 templum
2895 1439 3171 1499 violasset,
3237 1437 3399 1490 ultori
3446 1453 3529 1487 rc-

1958 1532 2119 1592 pente
2155 1525 2389 1580 da‘motti
2427 1527 2690 1582 divinitus
2724 1538 2808 1582 est
2849 1531 3108 1589 traditus,
3139 1531 3212 1587 ita
3247 1538 3305 1582 ut
3339 1529 3527 1583 statim

1962 1614 2112 1667 ίιιιιιιί
2149 1614 2382 1670 afﬂictus
2415 1617 2758 1671 volutaretur
2798 1635 3080 1688 spumans.
3133 1618 3330 1676 Eodem
3367 1632 3532 1686 porro

1958 1707 2135 1760 adhuc
2169 1708 2220 1765 in
2254 1719 2398 1768 sratu
2445 1719 2561 1763 erat
2587 1711 2803 1779 quando
2834 1728 2956 1766 cum
2996 1712 3226 1774 Siausus
3271 1710 3533 1772 mandato

1959 1799 2192 1854 sultauis
2226 1801 2374 1857 illiue
2405 1803 2584 1871 ejeeit.
2626 1803 2952 1865 Praefectura
2978 1821 3102 1857 vero
3143 1803 3376 1872 Sinopes
3405 1815 3528 1856 eum

272 1887 432 1952 plena
477 1893 746 1954 potesmte
795 1902 824 1940 a
879 1885 1078 1941 Siauso
1127 1885 1319 1942 eodem
1370 1889 1636 1944 translata
1663 1898 1744 1944 est
1781 1890 1835 1944 in
1880 1891 2306 1950 Constantinum
2340 1899 2724 1962 Dalasseumu,
2757 1901 2822 1953 ad
2865 1899 3098 1970 idipsum
3161 1901 3231 1954 ab
3297 1901 3535 1968 impera-

278 1987 399 2034 tore
431 1981 689 2036 missum.
730 1981 861 2036 lmle
888 1982 1022 2037 alias
1051 1983 1306 2037 similiter
1361 1984 1614 2039 civitates
1678 1985 1910 2042 Siausus
1949 1989 2152 2044 obiens.
2189 1991 2606 2060 sultanieasque
2658 1993 2893 2062 satrapis
2956 1993 3253 2053 ostendens
3301 1992 3530 2056 litteras,

276 2071 511 2128 Turcica
541 2091 604 2130 ex
639 2076 895 2129 oumihus
918 2077 1170 2145 praesidia
1203 2079 1592 2134 cum..ducibus
1649 2081 1868 2148 eduxit;
1909 2081 2306 2156 deatinatisque
2363 2089 2448 2146 ab.
2497 2089 2826 2158 imperatore
2879 2089 3149 2157 praefectis
3223 2105 3286 2142 ac
3353 2089 3528 2158 copiis

277 2185 436 2226 arces
489 2172 765 2238 urbesque
834 2172 1074 2226 tradidit.
1110 2172 1248 2228 Tum
1289 2174 1354 2228 iis
1396 2175 1494 2228 rite
1535 2174 1796 2243 perfectis
1846 2177 1914 2233 ad
1955 2178 2258 2250 Augustum
2293 2199 2568 2249 reversus,
2597 2200 2756 2238 sacro
2786 2183 3113 2253 baptismate
3139 2183 3526 2261 171,digna-

279 2275 370 2320 tus
425 2274 536 2326 est,
570 2280 634 2318 ac
662 2280 785 2318 eum
825 2266 1013 2320 multis
1059 2265 1183 2320 aliis
1241 2267 1564 2322 muneribus
1601 2281 1713 2322 tum
1743 2270 1942 2326 ducatu
1981 2273 2229 2328 Anchiali
2263 2277 2521 2333 donatus.

350 2360 462 2426 Τῆς
525 2361 737 2429 σφαγῆς
807 2359 863 2412 δὲ
912 2359 1006 2412 τοῦ
1062 2360 1216 2431 άμὴρ
1267 2361 1483 2430 Σολυμᾶ
1545 2363 1688 2415 κατὰ
1755 2365 1858 2434 τὴν

2030 2369 2187 2423 Caede
2220 2385 2383 2439 porro
2407 2371 2620 2426 Ameris
2661 2369 2896 2439 Solyma:
2932 2385 3026 2439 per
3059 2369 3244 2426 Asiam
3283 2371 3498 2439 vulgata
3517 2405 3535 2436 -,

291 2452 475 2505 Ἀσίαν
504 2452 723 2506 ἃπασαν
772 2452 1196 2522 διαδραμούσης,
1245 2455 1428 2507 ὁπόσοι
1489 2455 1599 2507 τῶν
1661 2473 1859 2526 σατρα-

284 2547 399 2599 πῶν
456 2547 646 2609 πόλεις
707 2547 802 2599 καὶ
879 2547 1126 2616 πολίχνια
1197 2545 1388 2616 ἔτυχον
1455 2547 1858 2615 φυλάσσοντες,

281 2639 516 2700 ἕκαστος
548 2639 682 2708 ὅπερ
718 2638 873 2708 ἔτυχε
910 2639 1198 2706 φυλάσσων
1229 2637 1462 2706 κάστρον
1499 2638 1732 2708 κατέσχε
1769 2639 1864 2692 καὶ

287 2732 678 2800 ίίιοποιήσατο.
715 2732 825 2784 Καὶ
875 2733 984 2801 γὰρ
1014 2731 1253 2800 ὁπηνίκα
1293 2731 1429 2795 πρὸς
1462 2729 1557 2782 τὸν.
1598 2731 1865 2802 Ἀπελχα-

286 2825 395 2892 οὴμ
444 2827 549 2892 τὴν
609 2825 846 2878 Νίκαιαν
919 2824 1209 2895 παρεδίδου
1243 2827 1500 2896 φρουρεῖν
1526 2825 1586 2878 ἐν
1625 2825 1701 2896 τῷ
1725 2825 1866 2895 πρὺς

288 2916 383 2990 τὴν
417 2917 756 2986 Ἀντιόχειαν
806 2915 969 2968 αὑτὸν
1034 2915 1279 2980 ἀπιέναι,
1330 2917 1609 2987 διαφόροις
1665 2916 1866 2986 σατρά-

289 3027 444 3074 παις,
470 3010 545 3061 τά
575 3025 631 3060 τε
663 3011 805 3061 κατὰ
861 3010 958 3078 τὴν
994 3008 1289 3078 παραλίαν,
1325 3011 1415 3062 καὶ
1442 3010 1539 3080 τὴν
1571 3009 1869 3063 Καππαδο-

285 3102 435 3167 κίαν,
479 3103 576 3154 καὶ
600 3100 699 3171 τὴν
728 3102 951 3155 ἅπασαν
991 3102 1200 3165 Ἀσίαν,
1236 3102 1313 3167 ὡς
1346 3104 1589 3172 εἴρηται,
1622 3100 1866 3166 ἀνέθετο,

287 3193 428 3248 ὥστε
455 3196 692 3247 ἕκαστον
735 3195 794 3246 τὸ
827 3195 958 3246 ἴδιον
1008 3193 1174 3262 λάχος
1235 3196 1494 3263 φρουρεῖν
1544 3193 1640 3263 τὴν
1703 3191 1867 3245 αὐτοῦ

287 3290 502 3342 ἐκεῖθεν
530 3286 794 3338 ἑπανέλευ
803 3303 883 3337 σιν
899 3285 1168 3352 ἁπεκδεχό
1176 3302 1357 3355 μενον.
1374 3286 1431 3337 ’0
1447 3286 1502 3337 δὲ
1519 3285 1871 3356 ’Λπελχασὴμ

288 3377 710 3452 ἀρχισατράπης
759 3375 836 3448 τῷ
891 3379 1011 3429 τότε
1083 3377 1182 3445 τῆς
1252 3377 1487 3439 Νικαίας
1533 3376 1610 3428 ὢν
1668 3375 1872 3447 ταύτην

292 3468 608 3538 κατασχὼν,
655 3471 713 3519 ἐν
763 3464 922 3540 ἦκα)⁵
950 3468 1010 3520 τὸ
1070 3467 1440 3523 σουλτανίκιον
1491 3463 1581 3537 ἦν,
1649 3469 1743 3521 καὶ
1794 3467 1873 3538 τῷ

293 3559 410 3630 ἰδίῳ
442 3557 655 3625 ἀδελφῷ
684 3557 968 3629 Πουλχάσῃ
998 3556 1105 3609 τῶν
1159 3559 1299 3612 κατὰ
1341 3557 1440 3630 τὴν
1468 3557 1871 3610 Καππαδοκίαν

293 3652 734 3721 παραχωρήσας,
792 3651 849 3702 ὲν
897 3649 1200 3722 ἀμεριμνίᾳ
1257 3667 1315 3703 τε
1368 3646 1434 3723 ἦν
1474 3651 1520 3682 ⁵⁸
1552 3691 1567 3716 ,
1616 3649 1716 3721 τὴν
1776 3651 1870 3703 τοῦ

296 3745 672 3798 σουλτανικίου
747 3743 904 3808 ἀξίαν
929 3744 971 3775 ⁸⁷
1020 3743 1428 3814 περιζώσασθαι
1471 3746 1736 3813 οἰόμενος,
1781 3745 1877 3797 καλ¹

296 3838 398 3910 ἤδη
447 3838 506 3888 ὲν
546 3838 702 3907 χερσὶ
765 3837 1000 3905 νομίζων
1059 3837 1308 3906 κατέχειν
1371 3837 1562 3904 (δεινὸς
1626 3838 1735 3904 γὰρ
1757 3834 1879 3906 ἦνό

299 3931 444 3999 ἀνὴρ
479 3930 575 3982 καὶ
603 3929 1019 4001 φιλοκίνδυνος),
1071 3930 1163 3983 καὶ
1191 3929 1481 3998 ἀρκεῖσθαι
1528 3931 1638 3991 τοῖς
1669 3931 1879 3982 ἐνοῦσιν

301 4022 403 4072 οὐκ
435 4020 648 4090 ἢθελεν,
714 4021 830 4072 ἀλλ’
865 4024 943 4084 εἰς
999 4023 1277 4092 προνομὰς
1311 4021 1354 4052 ⁸⁸
1383 4019 1748 4082 ἀποστέλλων,
1782 4021 1881 4089 τὴν

307 4115 544 4169 Βιθυνῶν
579 4114 824 4185 ἐληῖξετο
891 4115 1109 4168 ἃπασαν
1171 4112 1264 4165 καὶ
1307 4113 1499 4181 μέχρις
1543 4112 1710 4180 αὐτῆς
1745 4113 1882 4179 Upo-

309 4207 574 4270 ποντὶδος.
609 4207 688 4276 Τῇ
742 4205 872 4274 γοῦν
922 4207 1164 4278 προτέρᾳ
1215 4202 1422 4276 μεθὲδῳ
1485 4203 1827 4276 χρησάμενος
1857 4205 1884 4256 ὁ

311 4298 694 4367 αὐτοκράτωρ,
726 4297 852 4358 τοὺς
913 4296 1012 4365 μὲν
1050 4299 1342 4365 προνομεῖς
1370 4296 1680 4359 ἀνέστελλε,
1709 4295 1799 4347 τὸν
1827 4295 1882 4348 δὲ

319 4389 673 4460 Ἀπελχασὴμ
725 4389 863 4459 πρὸς
927 4389 1209 4458 εἰρηνικὰς
1267 4389 1500 4450 σπονδάς
1561 4388 1886 4459 συνήλαυνε.

311 4483 786 4554 Βυσσοδομεύοντα
841 4484 896 4537 δὲ
955 4483 1142 4537 τοῦτον
1205 4481 1581 4549 διαγινώσκων
1627 4483 1714 4535 ἀεὶ
1754 4484 1889 4536 κατ’

309 4578 496 4644 αὑτοῦ,
536 4577 760 4640 καὶτὰς
811 4577 1043 4639 σπονδὰς
1103 4575 1564 4644 ἀναϐαλλόμενον,
1625 4576 1735 4629 δεῖν
1771 4575 1886 4628 ἐλοο

309 4676 509 4739 γίσατο
532 4671 656 4724 κατ’
685 4669 853 4723 αὐτοῦ
903 4668 1200 4737 ἀξιόμαχον
1255 4665 1534 4735 ἐκπέμψαι
1586 4665 1889 4735 παράταξιν

311 4762 704 4836 Ῑστράτευ.μα].
739 4763 841 4816 Τὸν
864 4762 1119 4814 Τατίκιον
1144 4761 1221 4826 δὲ,
1267 4760 1394 4828 περί
1425 4752 1485 4812 οὗ
1534 4759 1592 4810 ἐν
1629 4758 1844 4819 πολλοῖς
1865 4759 1892 4809 ὁ

316 4865 474 4929 loro;
508 4862 814 4930 ἐμέμνητο,
876 4857 1014 4925 μετὰ
1069 4855 1352 4922 δυνάμεως
1410 4852 1737 4923 ἀποχρώσης
1793 4851 1892 4902 πέ-

316 4971 506 5024 πομφε
540 4951 686 5005 κατὰ
712 4951 810 5017 τῆς
870 4947 1104 5009 Νικαίας
1137 4945 1513 5014 ἐντειλάμενος
1560 4943 1708 5010 αὐτῷ
1756 4940 1892 5011 μετὰ

313 5043 636 5112 νουνεχείας
680 5043 790 5102 τοῖς
856 5038 1070 5108 ἐχθροῖς
1098 5035 1581 5103 ἁντικαταστῆναι,
1615 5032 1729 5098 εἴγε
1761 5031 1896 5092 τέως

315 5138 570 5206 ἐντυχεῖν
598 5132 798 5196 ἔξωθέν
837 5149 946 5183 τισι
978 5131 1211 5199 γένοιτο.
1255 5125 1606 5187 ’Λπελθὸντος
1625 5125 1671 5155 ⁴⁵⁰
1703 5123 1759 5175 δὲ
1800 5120 1896 5176 τοῦ

315 5231 605 5291 Τατικὲου,
631 5228 732 5280 καὶ
758 5225 928 5295 ἀγχοῦ
958 5224 1064 5277 τῶν
1098 5222 1294 5292 τειχῶν
1322 5221 1508 5289 σχῆμα
1537 5215 1900 5287 παρατάξεως

315 5321 768 5382 διατυπώσαντος
815 5319 904 5373 διὰ
937 5318 999 5371 τὸ
1035 5317 1239 5388 μηδένα
1297 5316 1407 5367 τῶν
1454 5312 1716 5381 Τούρκων
1748 5325 1901 5375 τηνι-

317 5416 502 5468 καῦτα
575 5415 861 5483 παρεῖναι.
923 5412 1370 5470 ἀναπετάσαντες
1400 5408 1451 5460 οι
1495 5404 1756 5474 Τοῦρκοι,
1819 5402 1900 5462 είς

317 5507 633 5570 διακοσίους
695 5505 1021 5575 ποσοΰμενοι
1089 5501 1306 5571 ἁθρόως
1362 5499 1484 5552 κατ’
1541 5497 1709 5550 αὑτοῦ
1746 5493 1908 5558 ἐξιπ-

1964 2459 2277 2527 quicuuque
2315 2466 2660 2526 satraparum
2700 2458 2866 2511 urbes
2895 2467 2990 2511 aut
3023 2458 3223 2526 oppida
3260 2459 3535 2528 praesidiis

1964 2547 2305 2610 obtinebant,
2340 2548 2617 2602 vindicare
2639 2549 2730 2602 illa
2767 2549 2868 2602 sibi
2900 2548 3180 2618 privatim,
3204 2565 3267 2604 ac
3292 2559 3534 2605 castrum

1964 2640 2198 2709 quisque
2231 2639 2340 2693 sibi
2374 2640 2641 2694 creditura
2683 2655 2742 2693 ut
2795 2655 2907 2693 rem
2947 2640 3209 2709 deinceps
3255 2643 3533 2711 propriam

1967 2727 2163 2782 habere
2204 2744 2265 2782 ac
2295 2729 2432 2782 tueri
2475 2737 2780 2796 coeperunt.
2825 2729 3032 2783 Etenim
3058 2746 3168 2799 quo
3200 2740 3446 2800 tempore
3490 2732 3536 2788 is

1968 2816 2156 2872 Nicaea:
2189 2817 2496 2872 custodiam
2539 2819 2933 2887 Apelchasemo
2968 2820 3289 2884 committit,
3344 2822 3538 2875 Antio-

1967 2909 2142 2963 chiam
2213 2908 2478 2964 festinans
2520 2908 2601 2974 (ut
2653 2909 2861 2964 dictum
2915 2910 3023 2980 est)
3085 2911 3373 2980 plerasque
3402 2912 3539 2978 ζρυιιι

1968 3015 2077 3052 orae
2114 2997 2418 3061 maritimm,
2449 3010 2559 3052 tum
2610 2999 2987 3067 Cappadociae,
3021 3008 3186 3069 atque
3232 3001 3371 3054 adeo
3421 3002 3546 3054 uni-

1969 3101 2136 3140 versae
2171 3086 2335 3151 Asise,
2363 3087 2608 3142 civitates
2640 3087 2876 3143 diversis
2907 3089 3087 3143 obiter
3118 3090 3398 3144 distribuit
3457 3107 3547 3145 sa.-

1971 3178 2163 3246 trapis,
2198 3192 2257 3231 ea
2295 3177 2412 3246 lege
2445 3185 2502 3231 ut
2523 3179 2754 3248 quisque
2780 3195 2938 3248 quem
2971 3179 3201 3234 sortitus
3226 3192 3394 3242 esset,
3423 3198 3547 3234 eum

1975 3270 2074 3324 tide
2101 3285 2164 3325 ac
2191 3286 2323 3324 cura
2355 3279 2598 3325 tueretur
2621 3271 2823 3335 locum,
2847 3273 3024 3340 quoad
3047 3271 3163 3340 ipse
3183 3274 3346 3325 Amer
3371 3285 3552 3326 rever-

1975 3372 2200 3418 teretur.
2237 3366 2304 3418 At
2337 3363 2766 3430 Apelchasemus
2796 3362 2990 3418 Nicasae
3024 3364 3398 3432 arehisatrapa
3442 3379 3548 3432 qua

1973 3456 2028 3508 in
2061 3456 2280 3509 civitate
2310 3463 2448 3508 stata
2491 3454 2652 3509 sedes
2691 3462 2745 3507 et
2784 3453 3046 3522 palatium
3094 3454 3368 3506 sultanum
3406 3463 3548 3512 erat.

1979 3548 2342 3603 Sultanicium
2380 3547 2744 3617 appellatum,
2779 3562 2905 3600 cum
2947 3545 3104 3599 fratri
3136 3559 3236 3599 suo
3265 3545 3555 3597 Pulehasa‘.

1979 3641 2378 3710 Cappadociam
2409 3639 2798 3703 concessisset,
2832 3652 3064 3692 securus
3107 3645 3248 3698 erat,
3280 3636 3415 3688 nihil
3448 3637 3554 3690 du--

1985 3735 2161 3788 hitans
2194 3733 2324 3802 quin
2359 3731 2675 3787 evehendus
2713 3731 2828 3798 ipse
2862 3745 2978 3783 mox
3005 3740 3152 3783 esset
3179 3727 3232 3780 iu
3262 3720 3544 3791 sultanicii

1979 3827 2323 3895 dignitatem,
2352 3840 2417 3878 ac
2455 3834 2712 3890 tanquam
2743 3837 2863 3875 eam
2904 3836 3014 3873 rem
3041 3819 3154 3888 jam
3205 3826 3558 3882 teneretma-

1980 3919 2162 3981 nibus,
2208 3917 2370 3970 homo
2399 3930 2526 3969 acer
2552 3924 2603 3968 et
2637 3913 2866 3981 inquieti
2919 3911 3298 3981 pugnacisquc
3330 3909 3555 3982 ingenii.

1983 4009 2251 4080 possessis
2308 4007 2452 4062 haud
2503 4015 2800 4060 contentus
2853 4003 3178 4072 erumpebat
3224 4003 3276 4057 in
3337 4003 3561 4068 rapinas

1985 4103 2313 4163 alienorum,
2344 4109 2400 4154 et
2463 4098 2771 4168 Bithyniam
2814 4097 3127 4151 universam
3164 4109 3338 4163 usque
3387 4093 3453 4146 ad
3483 4093 3563 4160 ip-

1987 4211 2100 4251 sam
2132 4192 2544 4262 Propoutidem,
2595 4187 2935 4260 quotidianis
2966 4186 3268 4244 latrociniis
3304 4186 3560 4244 infestam

1988 4305 2083 4360 per
2117 4301 2248 4341 suos
2307 4285 2564 4338 habebat.
2615 4283 2894 4336 Adversus
2949 4294 3068 4332 eam
3101 4277 3206 4329 vim
3241 4279 3561 4346 imperator,

1988 4390 2211 4449 experta
2245 4377 2450 4432 dudum
2485 4375 2748 4429 methodo
2777 4389 2931 4432 usus.
2964 4383 3018 4426 et
3049 4371 3447 4426 latrocinantes
3479 4383 3560 4421 re-

1991 4475 2211 4544 pressit.
2247 4481 2302 4527 et
2327 4471 2786 4539 Apelchasemum
2821 4467 2885 4521 ad
2927 4482 3116 4536 pacem
3170 4479 3235 4517 ac.
3263 4462 3565 4517 fwdusco-

1991 4568 2271 4639 gitandum
2326 4562 2611 4632 compulit.
2671 4560 2726 4613 In
2781 4574 2888 4628 qua
2978 4568 3159 4612 tamen
3234 4554 3565 4624 cogitatione

1993 4674 2115 4713 eum
2157 4639 2262 4711 ille
2322 4659 2698 4715 cunctaretur,
2745 4650 2912 4700 multa
2948 4646 3235 4707 meditans,
3300 4641 3573 4709 facileqre

1995 4749 2266 4808 indicans,
2296 4760 2355 4798 se
2387 4758 2493 4796 non
2525 4740 2631 4794 nisi
2662 4751 2860 4807 magno
2891 4744 3144 4788 eoactum
3170 4742 3272 4784 aut
3295 4731 3572 4790 maloant
3651 4757 3654 4760 -

1998 4849 2142 4895 metu
2176 4837 2241 4892 ad
2294 4830 2744 4905 quietaconsilia
2772 4827 3136 4896 appulsurum
3193 4823 3472 4887 animum;
3515 4821 3568 4874 id

1998 4938 2292 5004 imperator
2389 4926 2679 4984 sentiens.
2756 4917 3192 4975 eonveniendmn
3293 4914 3570 4969 hominem

1933 5044 1974 5096 ι)
2005 5033 2212 5081 armata
2245 5037 2427 5084 mauu,
2487 5027 2540 5072 et
2569 5015 2805 5069 validum
2843 5021 3034 5065 contra
3071 5025 3199 5061 eum
3265 5006 3569 5062 exercitum

2002 5115 2325 5174 mittendum
2363 5108 2622 5167 decrevit.
2688 5105 2803 5157 Dux
2845 5100 2910 5154 ad
2961 5101 3014 5153 id
3065 5101 3274 5155 electus
3305 5098 3572 5159 Taticius,

2004 5213 2162 5280 cujus
2216 5207 2445 5262 multam
2501 5211 2554 5256 et
2607 5199 2736 5253 alibi
2777 5196 2897 5250 lnec
2946 5192 3186 5248 llistoria
3241 5191 3575 5245 mentionem

2008 5284 2190 5361 habet.
2253 5300 2392 5352 Huic
2432 5297 2601 5350 firma:
2651 5291 3042 5355 iustruetmque
3091 5283 3290 5336 idoneo
3352 5294 3578 5333 numero

2008 5398 2148 5453 data:
2177 5392 2348 5461 capia:
2378 5395 2528 5452 sunt,
2551 5397 2670 5439 cum
2705 5376 2977 5434 mandatis
3013 5383 3069 5428 ut
3095 5385 3239 5430 recta
3269 5373 3321 5425 in
3337 5372 3572 5428 Nicaeam

2013 5501 2236 5544 movens
2263 5491 2420 5538 clute
2456 5493 2564 5533 rem
2587 5479 2822 5546 gereret,
2841 5484 2942 5524 nec
2979 5478 3184 5522 temere
3213 5463 3581 5534 prmcipitaret

1342 5613 1542 5677 Variae
1573 5612 1880 5672 lectiones
1924 5624 2002 5669 ex
2055 5602 2195 5666 cod.
2230 5595 2500 5659 Coisiin.

402 5753 447 5784 “’
485 5754 657 5823 αὐτῷ.
737 5753 784 5782 ’θ’
815 5752 1168 5821 ὑποστρὲςςει.
1246 5750 1290 5781 ‘3“
1327 5747 1453 5810 τέως
1493 5743 1579 5818 ἦν.

331 5823 569 5895 τύχοιεν,
603 5823 952 5885 ἀπελθόντος.

1699 5743 1740 5774 ⁸⁷
1778 5737 2047 5806 ἐξουσίαν.

2166 5733 2209 5764 θ’
2250 5729 2562 5790 ποονοξιεῖς.
2667 5725 2709 5756 ⁶⁹
2764 5721 2876 5790 εἴγε
2917 5717 3047 5779 τέως
3096 5709 3298 5777 ἓξωθέθ
3331 5723 3470 5761 τισιν
3502 5704 3580 5757 ἔνι
