3942 6208
167 408 270 466 30';

1439 407 1851 465 ALEXIADIS
1896 409 2041 469 LIB.
2086 409 2186 468 VI.

3319 409 3420 471 506

163 510 530 584 διφρηλάταις
577 509 830 563 ἐκέλευσε
881 510 1020 564 κατὰ
1069 511 1128 564 τὸ
1180 511 1347 565 πάλαι
1395 513 1472 581 τῷ
1527 515 1744 584 μεγάλῳ

1855 512 2155 570 Nicaeenses
2181 515 2434 585 prmsidio
2475 515 2764 588 tenebant)
2796 516 2863 573 ad
2887 531 3116 588 eamque
3142 532 3255 572 rem
3280 533 3418 587 opus

162 607 566 676 Κωνσταντίνῳ
591 606 943 676 οἰκοδομηθὲν
968 607 1192 678 θέατρον
1217 609 1347 674 (55),
1372 609 1464 661 καὶ
1489 609 1607 661 καθ’
1625 608 1753 660 ἐκά-

161 715 298 768 στην
342 701 400 750 ἐν
445 698 622 766 τούτῳ
667 698 1106 767 παραγίνεσθαι,
1151 697 1245 751 καὶ
1283 699 1382 761 τὰς
1419 700 1526 751 τῶν
1568 700 1752 751 ἵππων

158 791 494 861 δοκιμασίας
527 792 658 862 ὁρᾷν
687 791 940 861 ἠρέθισεν
963 791 1027 855 ⁸⁷,
1063 791 1130 843 ἵν’
1153 789 1400 842 ἐντεῦθεν
1428 789 1750 859 τριϐομένου

159 885 254 936 τοῦ
287 885 515 953 καιροῦ,
546 883 819 953 ἐκεχειρία
846 884 957 944 τοῖς
985 882 1291 949 οἰκοδόμοις
1321 880 1545 934 δίδοται.
1578 881 1664 942 Ὠς
1693 878 1750 931 δὲ

159 977 222 1028 τὸ
256 975 540 1045 πολίχνιον
573 977 671 1047 ἤδη
702 976 1050 1036 τετέλεσται,
1083 977 1175 1026 καὶ
1215 975 1386 1044 πέρας
1419 974 1478 1025 τὸ
1515 971 1749 1024 σκοπού-

161 1085 326 1134 μενον
352 1069 612 1138 ἔσχηκεν,
637 1068 848 1120 πλείοσι
877 1069 1107 1136 δωρεαῖς
1137 1067 1325 1119 τοῦτον
1352 1066 1747 1134 ἀμειψάμενος,

155 1159 237 1226 τῷ
271 1159 660 1227 σεϐαστοτὰτῳ
688 1176 744 1212 τε
777 1159 1047 1227 ἀξιώματι
1078 1159 1313 1227 τιμήσας
1344 1159 1436 1209 καὶ
1467 1157 1558 1209 ἐπὶ
1591 1156 1750 1208 πλέον

157 1249 255 1310 τὰς
286 1249 570 1320 συνθήκας
600 1250 924 1318 ἐμπεδώσεις
951 1251 1038 1302 διὰ
1063 1252 1228 1318 τιμῆς
1261 1247 1564 1317 ἐξέπεμψεν
1591 1249 1749 1300 αὑτὸν

158 1341 493 1395 διαπόντιον.
535 1342 918 1410 Ἀγγελθείσης
955 1341 1010 1393 δὲ
1049 1341 1197 1410 αὖτῷ
1240 1341 1338 1408 τῆς
1375 1340 1467 1392 τοῦ
1509 1341 1748 1409 κάστρον

159 1433 481 1501 οἰκοδομῆς,
509 1432 615 1485 κᾶν
647 1435 737 1485 ἐπὶ
770 1437 833 1502 τῇ
863 1433 1053 1486 τούτου
1085 1432 1371 1502 ἀνεγέρσει
1400 1431 1459 1484 τὸ
1488 1432 1749 1497 παράπαν

161 1523 545 1589 κατετέτρωτο
565 1522 609 1554 ⁸⁸
651 1523 750 1591 τὴν
790 1521 1005 1593 ψυχὴν,
1043 1522 1156 1575 ἀλλ’
1181 1518 1275 1574 οὖν
1319 1522 1410 1576 τὸν
1451 1521 1750 1588 ἀγνοοῦντα

161 1615 491 1683 ὑποκριθεὶς
535 1614 594 1666 τὸ
638 1617 904 1684 παράπαν
949 1615 1226 1683 ἐσίγησεν.
1269 1613 1521 1667 Τοιοῦτόν
1563 1631 1613 1668 τι
1657 1616 1751 1665 καὶ.

162 1706 287 1770 περὶ
324 1704 711 1766 Ἀλκιῦιὰδους
743 1704 1043 1774 ἱστόρηται.
1071 1703 1228 1758 Οὕτω
1258 1705 1363 1774 γὰρ
1394 1705 1682 1766 κάκείνους
1704 1705 1748 1738 δ’

160 1793 634 1863 Λακεδαιμονίους
669 1793 1005 1866 ἐξηπατήκει
1045 1795 1120 1864 μὴ
1157 1795 1575 1866 συγχωροῦντας
1608 1796 1752 1847 ἀνοι-

1854 625 1977 664 esse
2035 611 2246 666 videret
2301 612 2718 667 constructione
2778 614 3066 666 maritimm
3097 614 3266 675 areis,
3300 628 3421 680 qua:

1854 718 2014 756 usum
2071 703 2404 758 Nicomediae
2433 704 2736 774 suppleret,
2771 705 3033 776 perﬁcere
3082 705 3135 758 id
3179 705 3420 758 decrevit

1853 810 1918 848 eo
1948 796 2065 864 ipso
2102 807 2343 865 tempore
2393 813 2502 865 quo
2547 798 2980 867 Apelehasemus
3029 797 3420 852 Constantino-

1853 888 1960 955 poli
2001 889 2248 943 relaxans
2280 891 2545 953 animum,
2599 890 2665 944 de
2697 890 2848 960 pacis
2885 889 3295 945 conditionibus
3321 901 3418 954 per

1853 979 2020 1031 otium
2062 988 2340 1036 tractaret.
2370 979 2636 1036 Omnibus
2663 998 2792 1052 ergo
2821 997 2943 1050 qua:
2991 981 3058 1033 ad
3092 979 3420 1033 mdiﬁcatio-

1853 1087 2118 1126 nemcsse
2158 1083 2411 1141 poterant
2452 1075 2572 1127 usui
2609 1074 2663 1126 in
2699 1089 2865 1127 naves
2910 1072 3193 1126 onerarias
3234 1071 3418 1138 impoo

1853 1161 1993 1223 sitis,
2027 1177 2152 1214 cum
2181 1179 2373 1230 magna
2400 1163 2875 1216 carmentariorum
2906 1171 3070 1228 atque
3106 1160 3223 1225 ejus
3258 1173 3421 1227 gene-

1852 1254 1928 1306 ris
1961 1254 2214 1321 opiﬁcuni
2251 1271 2435 1318 manu,
2487 1255 2776 1308 Eustathio
2835 1253 3031 1307 classis
3093 1250 3416 1318 drungario,

1853 1346 2019 1398 totius
2047 1346 2248 1415 negotii
2285 1361 2474 1399 curam
2514 1347 2829 1404 demandat,
2860 1343 3214 1414 suggeritque
3236 1343 3288 1395 in
3318 1357 3414 1395 au-

1852 1453 1965 1491 rem
2003 1439 2133 1506 quid
2178 1453 2440 1493 arcanum
2475 1439 2695 1508 quidem
2733 1437 2952 1500 habere,
2983 1442 3240 1488 cmterum
3267 1446 3421 1486 exse-

1852 1530 1942 1599 qui
1981 1539 2204 1584 strenue
2233 1547 2370 1600 opus
2400 1532 2494 1585 sit.
2549 1529 2707 1584 Omni
2743 1545 2935 1598 nempe
2968 1527 3203 1588 ratione,
3255 1523 3421 1577 moris

1852 1635 1900 1679 ct
1945 1623 2356 1693 impedimentis
2389 1625 2664 1692 perruptis
2719 1622 2993 1683 omnibus,
3053 1631 3215 1687 quam
3251 1615 3425 1669 celero

1854 1718 1989 1771 rime
2017 1716 2443 1770 construendam
2477 1731 2653 1770 arcem
2683 1732 2697 1768 :
2724 1715 2770 1768 ei
2804 1714 2881 1768 rei
2909 1714 2952 1766 si
2989 1711 3081 1781 qui
3119 1711 3257 1763 forte
3279 1707 3422 1761 Tur-

1852 1822 2038 1860 eorum
2091 1804 2510 1869 interrenirent,
2556 1805 2590 1858 ii
2639 1802 2910 1872 pecuniis.
2961 1801 2997 1854 ii
3047 1797 3337 1858 conviviis,
3384 1795 3420 1850 ii

159 1887 468 1954 κιδομῆσαι
500 1888 731 1959 Ἀθήνας
757 1889 1176 1958 καθαιρεθείσας
1204 1888 1308 1941 ὑπὸ
1335 1888 1579 1957 Περσῶν.
1601 1891 1744 1958 Παρ-

1855 1900 2134 1955 beneﬁciis
2167 1914 2328 1951 omne
2354 1914 2525 1967 genus
2551 1898 2920 1952 obruerentur
2953 1913 2966 1948 :
3004 1903 3116 1948 tum
3156 1895 3422 1946 admone-

158 1978 424 2044 αγγείλας
452 1980 561 2048 γὰρ
589 1979 959 2048 ἀνοικοδομεῖν
990 1980 1336 2049 Ἀθηναίους,
1366 1980 1575 2034 ἐκεῖθεν
1598 1981 1746 2050 ἀπῴ-

157 2085 283 2136 χετο
307 2069 640 2139 πρεσϐεύων
659 2071 739 2140 είς
757 2071 1158 2140 Λακεδαίμονα.
1183 2069 1313 2125 Εἶτα
1333 2073 1429 2140 τῆς
1453 2071 1747 2142 πρεσϐείας

156 2163 248 2213 τον
275 2161 480 2230 χρόνον
511 2163 822 2232 τρίϐοντος,
857 2165 952 2218 καὶ
981 2166 1212 2228 διδόντος
1245 2164 1304 2216 τὸ
1332 2165 1609 2234 ἐνδόσιμον
1634 2167 1743 2228 τοῖς

155 2254 573 2322 οἰκοδομοῦσιν,
609 2255 746 2324 μετὰ
777 2255 873 2324 τὴν
906 2255 1181 2326 ἔξαπάτην
1212 2256 1339 2327 ὃλην
1369 2257 1609 2328 ἥκουσαν
1637 2258 1750 2310 Λα-

155 2345 506 2414 κεδαιμόνιοι
543 2346 642 2416 τὴν
682 2347 976 2417 οἰκοδομὴν
1016 2347 1277 2414 Ἀθηνῶν.
1322 2349 1430 2400 Καὶ
1475 2349 1749 2419 μέμνηται

157 2439 253 2505 τῆς
292 2439 473 2506 καλῆς
513 2441 726 2512 ἀπάτης
762 2439 993 2511 ταυτησὶ
1028 2442 1124 2494 καὶ
1151 2442 1178 2493 ὁ
1213 2442 1500 2504 Παιανιεὺς
1533 2442 1749 2512 ἐνιαχοῦ

155 2534 268 2585 τῶν
302 2535 482 2600 λὸγων
519 2536 706 2590 αὑτοῦ.
738 2536 994 2590 Τοιοῦτον
1028 2538 1136 2607 ἄρα
1173 2538 1268 2591 καὶ
1301 2537 1502 2607 τούμοῦ
1545 2537 1750 2607 πατρὸς

156 2626 215 2678 τὸ
243 2627 526 2697 ἐπινᾶημα
555 2623 642 2698 ἦν,
678 2629 877 2697 μᾶλλον
905 2629 961 2681 δὲ
990 2632 1080 2681 καὶ
1116 2630 1487 2693 Ἀλκιϐιάδους
1517 2648 1751 2700 στρατη-

155 2718 494 2788 γικὼτερον.
531 2721 948 2791 Ἰπποδρομὶαις
993 2722 1102 2790 γὰρ
1148 2724 1242 2775 καὶ
1285 2726 1519 2792 τρυφαῖς
1564 2722 1753 2784 ἄλλαις

160 2810 253 2862 τὸν
281 2811 577 2880 Βάρϐαρον
619 2813 807 2866 τοῦτον
849 2815 1180 2875 ὑποπίνων,
1221 2815 1313 2867 καὶ
1356 2819 1436 2877 εἰς
1478 2815 1690 2884 ἡμέρας
1706 2815 1752 2846 ⁹⁰

158 2901 213 2966 ἐξ
257 2903 484 2970 ἡμέρας
521 2907 1030 2975 παραπεμπόμενος
1071 2907 1307 2973 ἔφθασεν
1348 2907 1654 2977 ἁπαρτῐσας
1693 2907 1753 2958 τὸ

158 2992 450 3062 φρούριον.
477 2997 584 3048 Καὶ
613 2996 914 3065 τηνικαῦτα
941 2998 1031 3049 τοῦ
1064 2998 1382 3067 σύμπαντος
1403 2997 1751 3059 τελεσθέντος

157 3080 355 3152 ἔργον,
387 3085 482 3136 τὸν
509 3087 679 3156 ἄνδρα
705 3091 805 3158 τῆς
837 3089 1109 3156 βασιλίδος
1138 3090 1373 3142 ἀπέλυσε
1409 3088 1640 3152 πόλεως.

1857 2000 2044 2048 rentur
2076 1992 2233 2063 quasi
2260 1992 2461 2058 obiter,
2495 1999 2552 2043 ut
2586 1989 2652 2044 de
2686 2003 2743 2042 re
2773 2002 2936 2057 quam
2968 1988 3211 2053 ipsorum
3250 1995 3417 2036 causa

1857 2083 2068 2152 vulgari
2134 2081 2378 2136 nondum
2441 2088 2744 2148 oporteret,
2791 2077 3245 2146 Apelchasemum
3300 2083 3423 2123 esse

1852 2173 2327 2243 Constantiimpoli
2349 2170 2862 2240 conjunctissimum
2886 2163 3230 2235 imperatori,
3285 2159 3423 2214 nihil

1858 2281 2046 2320 eorum
2078 2279 2199 2334 quae
2228 2262 2476 2316 viderent
2508 2262 2629 2316 sine
2656 2258 3000 2315 conscientia
3042 2265 3098 2309 et
3145 2253 3426 2306 voluntate

1858 2357 2034 2426 ipsius
2069 2355 2210 2419 ﬁeri,
2248 2354 2467 2407 interim
2502 2351 2694 2406 sedula
2729 2364 2896 2418 opera
2943 2348 3172 2402 daretur
3217 2357 3288 2396 ne
3317 2356 3424 2410 qua

1857 2449 2015 2504 navis
2043 2463 2107 2502 ex
2137 2445 2416 2500 maritima
2456 2443 2721 2514 Bithynia:
2749 2456 2845 2494 ora
2881 2432 3422 2502 Constantinopolim

1857 2540 2044 2594 venire
2078 2540 2368 2600 sineretur,
2402 2551 2524 2605 qua:
2551 2533 2811 2588 indicimn
2848 2529 3242 2600 Apelchascuto
3272 2538 3426 2578 nova:

1860 2629 2296 2684 constructionis
2322 2627 2518 2682 aﬁ‘erre
2558 2631 2766 2693 posset.
2798 2622 2924 2675 “me
2961 2618 3247 2675 Eustathio
3277 2630 3423 2684 prats

1862 2722 2090 2790 scripta.
2125 2719 2350 2773 Interim
2397 2718 2857 2788 Apelchasemum
2897 2718 3195 2782 imperator
3250 2707 3428 2774 quoti-

1860 2812 2042 2865 dianis
2073 2810 2300 2879 implere
2357 2805 2746 2877 largitionibus
2811 2820 2918 2858 non
2984 2801 3238 2856 cessabat
3293 2814 3308 2850 :
3359 2797 3424 2848 ad

1862 2903 2088 2957 balneas
2132 2901 2406 2954 hominem
2450 2897 2852 2953 oﬁiciosissime
2901 2893 3160 2951 invitans.
3196 2899 3308 2943 tum
3359 2884 3427 2938 ad

1860 2993 2172 3065 spectacula
2206 2990 2543 3060 equestrium
2577 2990 2856 3050 ludorum,
2892 2996 3053 3054 atque
3087 2984 3152 3036 ad
3185 2978 3428 3034 venatio-

1862 3104 1958 3142 nes
1983 3101 2165 3141 serum
2193 3086 2422 3151 ducens,
2447 3093 2844 3152 ostentansque
2871 3078 3072 3148 hospiti
3105 3077 3425 3131 ornament-1

158 3179 388 3243 publica
437 3182 820 3236 columnarum
857 3193 1270 3253 statuarumque
1303 3186 1356 3238 in
1397 3185 1592 3252 plateis
1640 3184 1933 3237 exstantia.
1973 3183 2114 3248 Quin
2167 3181 2332 3236 etiam
2395 3181 2512 3249 ejus
2556 3179 2610 3234 in
2665 3177 2891 3245 gratiam
2949 3177 3111 3225 "nius
3147 3177 3423 3224 certamen

156 3285 436 3339 eqvarum
469 3274 742 3327 curulium
805 3277 1055 3344 apparari
1124 3277 1509 3346 committique
1550 3276 1718 3345 jussit
1761 3277 1814 3329 in
1857 3276 2074 3330 theatro
2105 3275 2248 3345 quod
2289 3288 2516 3342 magnus
2561 3274 2690 3326 olim
2725 3268 2926 3325 struxit
2979 3262 3423 3319 Constantinus:

158 3361 547 3430 delectarique
588 3377 654 3416 eo
689 3363 900 3418 ludicro
932 3365 1281 3434 potissimum
1315 3367 1593 3421 hominem
1626 3374 1744 3421 sent

1855 3365 2132 3425 s.'blandc
2163 3365 2414 3434 urgebat,
2441 3373 2499 3418 ut
2529 3380 2594 3418 co
2659 3363 2905 3434 quotidie
2977 3359 3141 3413 itaret
3197 3361 3419 3424 specta-

159 3464 306 3520 tum,
360 3460 446 3512 vel
484 3461 875 3530 quadrigarum
934 3478 1153 3526 cursus,
1215 3462 1297 3515 rel
1360 3463 1748 3517 domitationes
1787 3477 2078 3532 equorum.
2108 3464 2212 3518 Per
2237 3462 2337 3515 has
2370 3461 2724 3516 remissiones
2801 3456 3198 3526 Apelchasemo
3275 3456 3420 3499 tem-

162 3564 269 3616 Pus
308 3552 559 3606 suaviter
599 3563 829 3618 terente,
867 3555 1108 3625 perlecta
1185 3555 1419 3609 munitio
1491 3565 1577 3610 est
1612 3572 1626 3609 :
1665 3556 1824 3623 cuius
1865 3557 1941 3610 rei
1985 3557 2188 3611 certior
2211 3557 2488 3625 Augustus
2547 3553 2743 3616 factus,
2805 3551 3074 3617 hospitem
3129 3541 3427 3610 majoribus

161 3643 347 3698 adhuc
395 3653 659 3700 onustum
692 3646 849 3702 donis
881 3656 934 3702 et
969 3647 1291 3703 sebastotati
1344 3648 1542 3716 (quasi
1614 3649 2069 3717 augustissimum
2131 3646 2373 3714 diceres)
2424 3645 2684 3714 dignitate
2745 3642 3119 3698 honestatum,
3191 3631 3427 3697 ﬁrmati;

159 3751 328 3805 quam
366 3737 606 3790 maxime
632 3746 1022 3792 conventorum
1061 3739 1259 3807 pactis,
1291 3753 1318 3792 a
1347 3754 1550 3793 secum
1593 3739 1734 3792 bona
1768 3739 1939 3807 gratia
1977 3735 2539 3792 honoriﬁcentissime
2580 3730 2792 3784 dimisit
2852 3728 3052 3781 itinere
3120 3722 3422 3776 maritimo.

160 3835 225 3888 Ei
253 3849 383 3887 eum
411 3833 578 3903 paulo
610 3843 732 3902 post
757 3835 1008 3888 nuntiata
1035 3843 1185 3890 esset
1221 3836 1364 3890 arcis
1389 3835 1754 3899 constructio,
1794 3849 2107 3904 quanquam
2135 3849 2196 3886 ea
2227 3847 2316 3886 res
2346 3833 2456 3884 alto
2512 3828 2588 3882 illi
2669 3826 2898 3879 vulnere
2967 3818 3270 3890 penetravit
3313 3815 3426 3868 ani-

161 3947 341 3994 mum,
389 3932 582 3986 habuit
607 3943 789 3986 tamen
819 3933 1029 3986 vultum
1057 3939 1111 3986 et
1140 3946 1329 3985 vocem
1394 3930 1446 3984 in
1527 3940 1819 3999 potestate,
1854 3939 1908 3983 et
1937 3929 2094 3993 quasi
2129 3926 2322 3981 audire
2344 3923 2699 3980 dissimulans
2726 3921 2778 3975 in
2800 3917 3020 3973 silentio
3045 3931 3105 3970 se
3129 3911 3422 3968 continuit.

161 4019 297 4076 Tale
330 4021 596 4091 quiddam
634 4031 687 4076 ct
738 4023 806 4077 de
858 4023 1140 4076 Alcibiade
1202 4030 1557 4075 memoratur.
1611 4019 1746 4074 Cum
1782 4020 1924 4074 enim
1961 4017 2354 4072 Lacedaamonii
2391 4031 2499 4069 non
2571 4014 2815 4068 sinerent
2866 4005 3166 4064 instaurari
3253 4002 3423 4056 Athe-

163 4132 268 4170 nas
291 4117 519 4171 deletas
554 4130 582 4168 a
613 4113 819 4177 Persis,
868 4114 1024 4186 175
1073 4115 1198 4168 dato
1254 4113 1368 4167 suis
1421 4113 1654 4166 consilio
1689 4126 1745 4165 ut
1779 4126 1988 4166 summa
2019 4125 2120 4180 Ope
2163 4109 2411 4180 totisque
2438 4106 2602 4162 simul
2644 4119 2835 4159 omnes
2883 4101 3092 4156 viribus
3155 4097 3208 4150 in
3271 4095 3426 4150 urbis

163 4209 595 4262 aediﬁcationem
656 4208 1060 4270 incumberent,
1157 4208 1275 4275 ipse
1325 4207 1539 4276 legatus
1594 4204 1773 4275 pergit
1841 4203 2314 4267 Lacedaemonem,
2376 4201 2465 4255 ubi
2505 4199 2873 4269 negotiatione
2912 4201 3086 4249 tracta
3113 4205 3210 4261 per
3245 4189 3427 4243 lentas

165 4318 354 4357 moras
396 4301 571 4354 otium
615 4300 1049 4356 Atheniensibus
1099 4299 1336 4354 confecit
1393 4300 1737 4369 perpetrandi
1781 4299 1992 4367 empti:
2056 4311 2288 4366 seroque
2340 4293 2556 4349 tandem
2612 4306 2671 4345 se
2721 4289 2944 4343 delusos
3027 4279 3425 4338 Lacedzcmonii

164 4411 414 4460 sensere,
477 4395 684 4448 nuntiis
746 4394 1116 4449 indicantibus
1152 4395 1458 4449 restitutam
1504 4395 1557 4447 in
1603 4395 1874 4460 integrum
1915 4403 2063 4449 stare
2089 4392 2281 4447 urbem
2344 4398 2509 4458 atque
2584 4401 2766 4440 arcem
2831 4381 3212 4436 Athenarum:
3266 4388 3429 4440 prout

167 4487 308 4538 hanc
333 4485 617 4554 egregiam
651 4485 1066 4553 prudentissimi
1127 4485 1284 4540 ducis
1341 4485 1591 4539 fraudem
1620 4485 1817 4538 alicubi
1857 4500 2079 4538 suorum
2117 4497 2344 4552 operum
2389 4478 2698 4544 Pacancnsis
2740 4485 2946 4529 narrat.
3001 4470 3110 4524 Nec
3144 4469 3250 4521 isto
3283 4463 3428 4518 infe-

166 4577 284 4632 rius
313 4578 495 4647 patris
533 4578 635 4631 hoc
676 4578 779 4632 mei
821 4588 1155 4646 stratagema
1192 4579 1339 4642 fuit;
1400 4577 1533 4648 quin
1561 4577 1744 4632 dicere
1787 4579 1962 4632 ausim
1986 4586 2041 4631 et
2071 4577 2330 4631 solertius
2375 4571 2694 4627 Alcibiadeo
2725 4571 2842 4632 illo,
2910 4581 3007 4636 per
3040 4561 3180 4630 quod
3251 4556 3426 4628 epulis

167 4687 232 4726 ac
262 4672 608 4740 spectaculis
635 4670 908 4726 deliniens
939 4671 1266 4737 Barbarum,
1299 4673 1552 4741 diemque
1631 4679 1688 4722 ut

1857 4671 1946 4723 die
1978 4685 2208 4724 securus
2257 4667 2504 4721 traheret
2541 4662 2738 4717 blande
2781 4661 3108 4727 impetrans.
3165 4653 3426 4707 munitio-

167 4780 294 4819 nem
336 4762 560 4817 interim
595 4761 742 4814 arcis
773 4760 1042 4826 absolvit;
1079 4770 1305 4831 tumque
1343 4759 1561 4815 demum
1591 4772 1754 4827 opere
1793 4756 2034 4828 perfecto
2064 4773 2131 4812 ex
2163 4759 2298 4812 urit.
2333 4755 2479 4825 regia
2519 4752 2694 4805 virum
2729 4747 2940 4803 dimisit
3004 4745 3144 4798 bene
3207 4749 3424 4810 pastqu

166 4867 222 4913 et
243 4853 467 4926 egregie
494 4851 770 4907 delusum.

1239 4949 1432 5010 Variae
1463 4947 1766 5010 lectiones
1809 4965 1886 5008 ex
1931 4945 2068 5007 cod.
2108 4939 2375 5004 Coislin.

1112 5053 1156 5084 ⁸⁸
1195 5052 1468 5116 κάκεῖνος,
1505 5060 1670 5104 recte.
1747 5052 1793 5083 9°
1825 5051 1906 5112 εἰς
1962 5047 2200 5116 ἡμέραν.

1257 5145 1396 5204 Car.
1442 5142 1764 5203 Dufrcsnii
1802 5143 1899 5202 Du
1933 5137 2154 5216 Cangii
2193 5140 2383 5196 notae.

249 5248 362 5317 (5'5)
424 5245 706 5317 Θέατρον.
741 5244 1036 5299 Theatrum
1091 5254 1216 5300 ante
1257 5243 1441 5317 Severi
1505 5253 1748 5317 tempora
1779 5251 1820 5308 (ζ
1854 5240 2064 5317 οδειίιίι
2109 5237 2161 5317 i_n
2343 5233 2588 5317 regiune.
2621 5230 2890 5317 Neutrum
3139 5225 3246 5281 hoe
3298 5227 3425 5317 Loco

241 5056 287 5088 η
321 5051 603 5124 ἠρᾶθιξεν.
677 5049 727 5084 ⁸⁸
749 5051 1034 5120 ἐτέτρωτο.

180 5314 665 5383 Consmntinupoli
701 5317 974 5370 exstitisse
1008 5318 1243 5384 produnt
1270 5314 1474 5381 passim
1511 5314 1748 5384 scripto-

179 5403 287 5440 res.
325 5381 594 5439 Eversum
659 5385 900 5438 restituit
949 5381 1089 5438 idem
1145 5384 1383 5438 Severus
1433 5381 1746 5453 Iiyzantinis

179 5457 597 5516 reconciliatus,
651 5464 710 5506 ut
745 5464 937 5507 auctor
969 5464 1053 5509 est
1089 5454 1398 5511 Cedri-nus.
1431 5468 1460 5504 e
1524 5453 1746 5517 regione

180 5527 369 5587 templi
404 5523 654 5584 Veneris.
690 5533 749 5576 ut
797 5536 878 5577 est
933 5525 986 5577 in
1027 5525 1283 5577 Chronico
1335 5520 1693 5575 Alexandrino
1726 5534 1744 5572 :

181 5597 324 5661 quod
383 5596 605 5662 quidem
663 5595 938 5647 theatrum
986 5595 1119 5646 illud
1160 5610 1284 5648 esse
1333 5598 1564 5661 Opinor,
1599 5591 1742 5657 quod

181 5667 352 5720 Vetus
394 5665 551 5718 urbis
599 5664 906 5732 Descriptio
951 5665 1142 5717 statuit
1177 5665 1228 5716 in
1280 5664 1314 5716 2
1349 5663 1740 5732 regionc,qua;

186 5737 326 5788 intra
386 5734 594 5788 veteris
634 5729 877 5802 Byzantii
936 5735 1069 5788 ﬁnes
1125 5733 1244 5787 fuit.
1275 5733 1570 5786 Theatrum
1602 5729 1733 5802 illud

185 5808 360 5859 Μιιιιιε
409 5798 781 5872 nuncupatur,
809 5805 875 5858 ad
904 5803 1023 5872 ejus
1053 5802 1192 5858 forte
1236 5803 1556 5865 discrimen,
1589 5798 1736 5869 quod

1855 5311 1922 5362 ab
1945 5311 2096 5360 Anna
2129 5297 2482 5372 intelligitur;
2521 5319 2644 5354 nam
2681 5298 3132 5372 llippodromjtm,
3167 5297 3421 5372 seu_(_2ir-

1857 5395 1976 5434 eum
2009 5379 2080 5430 ita
2117 5364 2422 5444 appella-ssc
2467 5364 2705 5431 constat,
2744 5364 2977 5444 quolct
3011 5364 3233 5444 Nicetat.
3275 5366 3421 5420 Mar-

1855 5449 2055 5500 cellino
2089 5437 2302 5507 comiti,
2335 5455 2388 5497 et
2434 5444 2555 5496 aliis
2610 5457 2718 5494 non
2747 5437 2916 5494 semel
2943 5437 3153 5507 evenit,
3191 5451 3351 5504 quem
3388 5448 3419 5487 a

1856 5517 2060 5571 Severo
2093 5504 2429 5573 inchoatum,
2464 5529 2493 5565 τι
2530 5511 2893 5566 Constantino
2942 5504 3010 5557 Μ.
3048 5506 3415 5557 instauratum

1853 5598 1907 5641 et
1936 5585 2246 5641 confectum
2293 5584 2514 5636 tradunt
2561 5581 2836 5642 lusimus,
2891 5575 2984 5630 lib.
3019 5589 3089 5634 lt:
3135 5576 3325 5642 myras
3363 5581 3419 5642 et

1850 5640 2121 5718 Codinus,
2191 5657 2243 5709 in
2286 5654 2492 5722 Origin.
2527 5652 2667 5724 CP._
2693 5640 2959 5724 Θεᾱιτροχ⁵
2991 5643 3105 5724 €99.
3131 5640 3415 5724 Ἱπποδρό-

1853 5711 2122 5850 μοἩΙὶιιίι
2179 5711 2477 5797 Gregorius
2521 5724 2575 5778 in
2627 5719 2747 5776 Vita
2809 5711 2867 5774 S.
2921 5712 3106 5767 Bdsilti
3141 5711 3411 5776 ιιωιίυτὶει

1847 5813 1903 5850 ιι.
2011 5838 2026 5850 .
