3942 6208
177 393 282 456 509

1448 401 1872 463 ALEXlADlS
1910 404 2059 465 LIB.
2100 407 2202 469 VI.

3327 407 3430 470 5l0

177 508 403 578 γνώμης
432 504 578 580 εἶχεν
612 507 711 580 οὐχ
738 507 805 562 ἵν’
830 509 1034 562 ἐκεῖνον
1074 510 1323 580 ἐξέληται
1351 513 1447 567 τοῦ
1475 515 1746 578 κινδύνου,

1861 518 2119 587 incolunt)
2157 538 2168 573 :
2208 527 2263 572 at
2310 517 2412 573 hoc
2448 527 2714 588 tempore,
2762 518 2830 572 ab
2877 526 3000 572 ortu
3031 517 3250 589 quidem
3289 519 3430 574 Bos-

175 602 294 654 ἀλλ’
326 603 480 664 ὅπως
523 600 592 655 ἂν
641 600 821 669 ἑαυτῷ
867 601 966 672 τὴν
991 602 1152 673 νίκην
1192 605 1642 676 περιποιήσηται.
1675 608 1750 659 Οὐ

175 693 287 762 μὴν
319 694 352 762 ὴ
387 691 524 760 τύχη
559 692 698 763 πρὸς
745 693 921 764 τούτῳ
952 695 1316 747 συνέπνευσεν
1341 699 1406 749 ⁸³.
1447 699 1613 766 Ἔσχε
1644 699 1753 768 γὰρ

173 780 320 834 οὕτω
354 780 426 833 τὰ
457 780 577 832 κατ’
603 780 822 844 αὐτούς.
861 785 926 835 Οἱ
958 784 1069 854 γὰρ
1099 785 1499 848 ἀποσταλέντες
1537 788 1616 856 τῷ
1657 789 1751 840 τοῦ

174 872 372 941 κυρίου
448 872 487 923 Γ
490 873 725 942 εώργίου
792 875 1199 946 ὀνομαζόμενον
1251 878 1550 931 κατέλαϐον
1599 879 1752 932 πολί-

172 980 346 1032 χνιον.
401 965 543 1017 Οίδὲ
579 965 814 1035 Τοῦρκοι
845 970 1184 1038 παραχρῆμα
1225 971 1323 1032 τὰς
1365 971 1539 1034 πύλας
1573 973 1752 1032 αὐτοῖς

172 1056 551 1110 ἀνεπέτασαν.
600 1060 664 1110 Οἱ
708 1059 763 1110 δὲ
816 1060 1023 1113 ἄνωθεν
1061 1062 1159 1123 τῆς
1189 1063 1514 1130 ἀνατολικῆς
1549 1064 1754 1134 πόρτης

73 1220 84 1230 ⁹
175 1149 310 1216 περὶ
344 1150 416 1200 τὰ
448 1150 732 1220 κρήδεμνα
780 1152 878 1205 τοῦ
909 1154 1122 1222 τείχους
1156 1153 1488 1218 ἀνελθὸντες,
1522 1155 1622 1218 τὰς
1655 1173 1751 1225 σησ

175 1237 347 1314 μαίας
402 1239 502 1291 καὶ
537 1240 607 1292 τὰ
653 1241 908 1310 σκῆπτρα
937 1243 1114 1294 ἰλαδὸν
1157 1245 1501 1314 κατέστησαν
1549 1246 1754 1300 ἀλαλά-

173 1327 366 1390 ζοντες
391 1328 509 1397 ἄμα
535 1330 629 1383 καὶ
657 1333 717 1384 τὸ
742 1331 986 1385 ἐνυάλιον
1015 1333 1255 1403 συνεχῶς
1284 1335 1627 1406 ἐνηχοῦντες,
1659 1337 1750 1405 ὑφ’

171 1411 248 1470 ὧν
277 1419 330 1470 οἱ
353 1420 456 1488 μὲν
484 1420 684 1483 ἔξωθεν
701 1423 1195 1490 ὲκδειματωθέντες
1213 1427 1300 1479 διὰ
1319 1428 1514 1491 νυκτὸς
1544 1428 1751 1480 ἐκεῖθεν

176 1505 416 1594 ᾤχοντο,
449 1511 608 1564 αὐτὸν
631 1512 951 1582 ἐληλυθέναι
973 1516 1064 1568 τὸν
1085 1517 1466 1588 αὐτοκράτορα
1495 1519 1754 1588 νομίσαν-

168 1616 262 1657 τες
282 1616 297 1628 ·
327 1601 388 1652 αἱ
426 1602 483 1653 δὲ
513 1603 821 1670 Ῥωμαϊκαὶ
847 1606 1106 1675 δυνάμεις
1130 1604 1286 1670 αὖθις
1316 1610 1455 1676 πρὸς
1479 1610 1576 1678 τὴν
1601 1609 1752 1679 βασι-

173 1692 449 1747 λεύουσαν
487 1696 857 1766 ὑπέστρεψαν.
885 1700 959 1751 Οὐ
983 1701 1089 1768 γὰρ
1115 1696 1257 1770 ἦσαν
1284 1702 1582 1771 ἀξιόμαχον
1613 1702 1752 1771 πλῆ-

175 1784 269 1844 θος
301 1787 443 1855 πρὸς
473 1787 662 1854 ἔφοδον
691 1792 970 1859 Περσικὴν
1004 1793 1372 1862 ἐλπιζομένην
1422 1797 1484 1847 ὲκ
1518 1793 1613 1847 τοῦ
1665 1794 1750 1864 βά-

1857 608 2085 674 phorus.
2141 609 2210 662 ab
2280 623 2482 663 occasu
2533 617 2712 662 autem
2765 607 3151 677 Adrianopolis
3201 607 3430 664 ditionis

1858 698 2117 754 Romanae
2181 700 2383 753 limites
2450 709 2628 755 erant.
2673 699 2825 761 Quos
2887 699 3118 753 nimium
3177 699 3429 754 admotos

1857 793 2154 860 imperator
2205 793 2429 846 Alexius
2483 793 2758 860 utrimque
2807 806 2969 845 manu
3027 791 3329 859 propellere
3364 806 3427 844 ac

1856 885 2116 938 diducere
2149 884 2540 938 submovendis
2572 885 2938 952 undecunque
2984 882 3427 936 incumbentibus

1858 978 2114 1031 Barbaris
2135 993 2401 1047 generose
2440 978 2599 1030 simul
2638 991 2702 1031 ac
2749 976 2982 1029 feliciter
3013 990 3327 1043 aggressus.
3361 990 3428 1027 ex

1858 1070 1992 1123 urbe
2036 1071 2296 1138 Byzantio
2344 1071 2500 1138 quiasi
2553 1083 2615 1121 ex
2663 1078 2856 1121 centro
2907 1066 3221 1134 prosiliens,
3295 1066 3428 1117 adeo

1856 1159 2181 1221 circumegit
2247 1172 2312 1211 ac
2380 1157 2630 1210 dilatavit
2683 1157 2870 1209 orbem
2923 1154 3158 1222 imperii,
3209 1161 3266 1206 ut
3315 1153 3426 1221 jam

1855 1250 1976 1319 ejus
2038 1250 2267 1305 occidua
2327 1251 2546 1320 quidem
2615 1251 2855 1303 claustra
2909 1248 3020 1301 sint
3083 1246 3423 1300 Adriaticum

1857 1358 2039 1406 mare;
2085 1343 2152 1396 ab
2204 1342 2418 1395 oriente
2461 1357 2591 1396 vero
2618 1339 2823 1410 Tigrim
2879 1346 3042 1408 atque
3095 1338 3426 1405 Euphratem

1857 1448 1954 1502 pro
1989 1433 2144 1486 OStiis
2177 1433 2410 1496 habent;
2460 1433 2730 1501 planeque
2787 1431 2841 1485 in
2893 1432 3225 1500 primmvum
3275 1429 3429 1481 illum

1858 1525 2136 1580 fclicitatis
2185 1527 2372 1580 liorem
2421 1524 2722 1579 Romanam
2764 1523 3159 1592 rempublicam
3199 1520 3423 1574 restitu—

1858 1626 2014 1669 turus
2039 1616 2344 1680 videbatur,
2387 1617 2486 1670 nisi
2520 1616 2656 1670 bella
2687 1631 2751 1669 ex
2785 1616 2908 1668 aliis
2931 1614 3036 1667 alia
3067 1610 3430 1672 suborient-ia,

1857 1706 2182 1774 laboresque
2209 1721 2270 1759 ac
2304 1706 2545 1774 pericula
2577 1708 2767 1760 crebra
2801 1706 2966 1760 simul
3002 1712 3057 1758 et
3105 1702 3431 1774 gravissima

1859 1797 2004 1867 (nam
2051 1805 2106 1851 et
2154 1811 2354 1866 genere
2401 1809 2454 1851 et
2507 1813 2738 1851 numero
2786 1797 3158 1866 periculorum
3212 1794 3429 1846 fortuna

171 1874 299 1939 Oou;
321 1877 429 1946 τῆς
471 1880 783 1950 Τουρκικῆς
807 1882 853 1913 ’δ
875 1884 1123 1948 ἐξουσίας
1146 1877 1300 1947 aridi;
1332 1884 1656 1937 ὲλεύσασθαι
1683 1887 1748 1938 ⁸³.

1861 1899 2064 1958 patrem
2101 1905 2278 1944 meum
2312 1904 2424 1958 prae
2446 1891 2662 1943 caeteris
2688 1887 2958 1956 exercuit)
2980 1902 3103 1941 eum
3134 1901 3162 1938 a
3193 1883 3430 1954 perfecta

168 1971 249 2023 rei
279 1979 451 2024 tanta!
483 1972 833 2027 assecutione
860 1974 1250 2030 retardasseut.
1283 1976 1552 2030 Cancrum
1604 1985 1664 2030 ut
1690 1994 1756 2032 eo
1794 1980 2008 2033 redeam
2045 1981 2188 2035 unde
2219 1981 2468 2050 digressa
2517 1996 2661 2048 sum,
2694 1996 2761 2034 ex
2806 1982 2914 2034 isto
2979 1979 3255 2049 preposito
3319 1977 3424 2028 im-

173 2067 313 2130 perii
390 2065 662 2121 dilatandi
738 2068 998 2122 hauserat
1059 2071 1342 2139 Augusms
1397 2073 1685 2127 consilium
1741 2074 1988 2128 mittendi
2041 2075 2275 2130 Nicmam
2352 2077 2627 2130 exercitus
2683 2075 2960 2143 suppetias
3012 2071 3429 2141 Apelchnsemo.

169 2176 280 2212 non
313 2174 428 2226 quo
457 2159 610 2212 illum
644 2161 890 2230 periculo
918 2163 1179 2231 eriperet,
1213 2165 1307 2218 sed
1343 2176 1401 2218 ut
1447 2165 1552 2220 sibi
1583 2167 1870 2221 victoriam
1907 2176 2144 2236 pararet.
2180 2168 2250 2222 At
2323 2170 2469 2223 enim
2523 2183 2631 2222 non
2688 2167 2950 2236 aspiravit
3017 2173 3133 2219 tum
3202 2163 3424 2231 quidem

167 2252 216 2304 ei
249 2263 440 2320 empto
500 2253 738 2310 fortuna.
794 2255 884 2309 Sic
911 2257 1058 2311 enim
1103 2274 1190 2313 res
1219 2259 1292 2313 ibi
1339 2268 1451 2314 tum
1499 2271 1652 2331 gesta
1703 2276 1763 2315 se
1801 2263 2012 2319 habuit.
2079 2263 2230 2319 Missi
2282 2265 2485 2320 auxilio
2547 2263 2774 2318 Romani
2824 2262 3142 2330 oppidulum
3189 2271 3433 2328 occupa-

171 2353 302 2397 runt
337 2361 367 2398 a
416 2347 640 2402 domino
668 2347 903 2418 Georgio
939 2366 1135 2404 nomen
1171 2353 1378 2408 habens
1417 2371 1431 2407 :
1467 2369 1576 2424 quo
1638 2366 1944 2422 comperto,
2008 2356 2099 2425 qui
2155 2357 2549 2412 obsidebantur
2591 2355 2788 2410 Nicaea:
2855 2353 3018 2408 Tur-ci
3075 2360 3261 2421 portas
3334 2365 3433 2402 ex-

169 2430 382 2510 templo
432 2441 568 2509 ipsis
617 2454 974 2510 aperuerunt.
1050 2443 1179 2497 lude
1244 2445 1319 2498 illi
1395 2461 1518 2498 cum
1605 2448 2063 2502 conscendissent
2118 2463 2286 2516 supra
2364 2453 2576 2516 portam
2635 2444 2957 2499 orientalem
3014 2443 3066 2496 in
3128 2442 3324 2509 pinnas
3377 2449 3433 2492 et

172 2533 591 2604 propugnacula
644 2550 947 2599 murorum,
976 2537 1242 2606 signaque
1279 2537 1390 2591 illic
1445 2553 1511 2592 ac
1535 2549 1749 2609 sceptra
1796 2540 1850 2594 in
1885 2542 2081 2596 seriem
2111 2542 2346 2595 terriﬁca
2385 2540 2780 2610 proculspeeie
2846 2535 3172 2590 statuissent
3242 2542 3432 2587 osten-

174 2629 435 2693 tabundi,
485 2629 646 2683 simul
699 2629 975 2684 alacribus
1019 2630 1506 2685 vociferationibus
1581 2633 1782 2701 iugiter
1821 2635 2216 2703 minaciterque
2258 2642 2637 2703 personantes,
2671 2629 3017 2701 perfecerunt
3066 2629 3285 2682 demum
3365 2635 3432 2680 ut

171 2726 264 2793 qu-i
293 2722 535 2776 Nicaeam
566 2721 954 2791 oppugnabant
980 2722 1200 2774 Barbari
1236 2720 1542 2775 Romanum
1568 2722 1744 2790 ipsum
1788 2723 2169 2793 imperatorem
2211 2740 2335 2777 cum
2369 2723 2624 2777 omnibus
2658 2721 2777 2776 suis
2818 2720 2988 2789 copiis
3032 2719 3086 2772 in
3150 2733 3269 2772 eam
3342 2719 3434 2771 in-

173 2828 449 2881 gressum,
486 2821 696 2865 terrore
759 2827 822 2865 ac
890 2811 1272 2882 desperatione
1324 2814 1454 2868 inde
1502 2815 1639 2868 ortis
1692 2815 2005 2869 conturbati
2058 2831 2154 2885 per
2211 2823 2423 2869 noctem
2486 2815 2878 2868 abscesseriut.
2934 2811 3060 2865 Post
3139 2824 3259 2879 quas
3310 2807 3425 2862 Ro-

173 2919 376 2957 manus
399 2901 680 2958 exercitus
701 2902 1228 2971 ConstantinOpolim
1258 2904 1584 2968 rediit;uon
1642 2907 1785 2957 enim
1826 2919 1885 2960 se
1920 2920 2106 2975 parem
2132 2906 2404 2960 sentiebat
2431 2903 2873 2975 excipiendis,in
2917 2904 3157 2969 ipsorum
3223 2897 3423 2961 reditu.

174 2995 490 3049 Barbarie:
532 3009 672 3063 quos
699 2994 835 3048 satis
869 2994 1155 3048 constabat
1199 2996 1382 3048 animo
1438 2996 1747 3050 revertendi
1787 2981 2082 3052 recessisse
2133 2997 2186 3051 in
2245 2997 2494 3051 intimam
2573 2997 2834 3050 ditionem
2891 2993 3217 3060 Turcicam;
3301 2991 3429 3047 inde

174 3105 299 3143 mox
327 3097 492 3142 aucto
515 3089 759 3143 exercitu
791 3089 844 3142 in
869 3103 1155 3142 numerum
1176 3091 1742 3158 quantummaximum
1816 3092 2054 3146 conflare
2105 3091 2298 3146 ultimo
2326 3099 2526 3146 conatu
2589 3088 2882 3144 Turcicum
2939 3105 3140 3143 nomen
3210 3088 3432 3144 univer-

173 3200 293 3236 sum
347 3183 521 3246 γςιιοι,
574 3182 641 3236 ad
691 3181 1032 3251 expulsionis
1091 3198 1203 3238 sme
1262 3186 1343 3238 vel
1405 3185 1756 3254 ignominiam
1796 3185 2107 3252 eluendam,
2145 3187 2228 3241 vel
2280 3186 2536 3256 iniuriam
2620 3183 2994 3240 ulciscendam
3046 3183 3226 3239 denuo
3291 3197 3428 3236 ven-

174 3289 351 3332 turns.

244 3370 359 3438 Τὴν
385 3369 443 3422 δὲ
477 3369 570 3422 τοῦ
605 3369 798 3432 Σιαοὶις
835 3368 1186 3439 ὑποστρςφὴν
1216 3371 1242 3422 ὁ
1290 3370 1524 3423 ocul-riu
1579 3371 1754 3425 ἀπεκ·
1785 3373 1828 3434 C

181 3464 498 3533 δεχόμενος,
533 3463 656 3514 ἐπεὶ
705 3462 852 3530 ἑώρα
893 3463 1079 3514 τοῦτον
1133 3461 1568 3530 ἐμϐραδύνοντα,
1622 3465 1752 3531 ἐμε-

182 3557 425 3626 μαθήκει
489 3555 545 3608 δὲ
597 3555 666 3606 τὰ
730 3555 850 3607 κατ’
913 3555 1100 3617 αὑτὸν,
1141 3555 1217 3616 ὼς
1265 3555 1356 3606 τὸν
1428 3557 1749 3624 Χαρατικὴν

180 3649 315 3717 μετα
351 3648 558 3716 τρόπου
588 3647 684 3714 τῆς
712 3645 961 3718 Σινώπης
1007 3646 1143 3715 (55),
1169 3647 1453 3716 ἀπήλασεν
1475 3646 1568 3698 τοῦ
1609 3647 1754 3700 θείου

183 3740 572 3810 βαπτίσματος
593 3739 639 3770 ⁸⁸
667 3739 742 3800 ὡς
775 3740 1067 3808 τετυχήκει
1100 3739 1192 3790 καὶ
1221 3739 1362 3790 κατὰ
1390 3738 1488 3807 τὴν
1516 3739 1756 3806 ἑσπέραν

179 3830 329 3900 παρὰ
382 3828 476 3879 τοῦ
535 3829 937 3899 αὐτοκράτορος
991 3829 1293 3897 ἀπεστάλη,
1358 3828 1458 3897 τὴν
1500 3828 1757 3899 δουκικὴν

177 3921 429 3985 ἐξουσίαν
446 3922 731 3989 Ἀγχιάλου
749 3920 1212 3990 περιζωσάμενος,
1236 3922 1425 3989 ἠνιᾶτο
1445 3922 1541 3974 καὶ
1557 3919 1755 3990 ﬁexa.)-

175 4017 286 4066 λεν.
315 4017 439 4067 Δεῖν
478 4011 574 4067 οὖν
603 4014 884 4080 ἐλογίσατο
937 4014 1027 4066 τὸν
1076 4015 1348 4082 Πουζάνον
1403 4009 1558 4074 αὖθις
1620 4012 1755 4081 μετὰ

176 4105 464 4174 δυνάμεων
493 4105 633 4156 κατὰ
663 4105 756 4156 τοῦ
805 4105 1158 4174 Ἀπελχασὴμ
1184 4107 1520 4166 ἀποστεῖλαι,
1557 4106 1671 4173 ἅμα
1698 4103 1752 4154 δὲ

178 4199 268 4248 καὶ
303 4199 446 4264 πρὸς
483 4196 577 4248 τὸν
609 4197 989 4265 αὐτοκράτορα
1018 4198 1236 4266 γραφὴν
1259 4197 1386 4266 περὶ
1438 4195 1533 4248 τοῦ
1591 4192 1754 4248 αὐτοῦ

178 4291 378 4357 κήδους
408 4287 886 4355 διαλ.αμ6ἀνουσαν
912 4287 1062 4354 αὐτῷ
1091 4287 1415 4357 ἑγχειρίσαι.
1437 4283 1562 4356 Εἶχε
1597 4285 1652 4339 δὲ
1691 4286 1758 4339 τὰ

176 4383 485 4450 γράμματα
513 4380 687 4442 οὕτως
720 4395 733 4408 ⁸
785 4379 1119 4445 Ἦκηκόειν,
1147 4374 1500 4443 ὧβασιλεῦ,
1538 4379 1610 4432 τὰ
1645 4396 1748 4432 κα-

178 4475 246 4526 τὰ
291 4475 368 4528 σὲ
405 4470 505 4525 καὶ
546 4470 704 4535 ὅπως
734 4470 850 4536 τὴν
881 4470 991 4536 τῆς
1033 4470 1356 4535 βασιλείας
1385 4469 1762 4540 ἀναδησάμε-

177 4583 271 4632 νος
318 4563 546 4633 ἀρχὴν,
582 4565 649 4616 ἐκ
676 4562 989 4632 προοιμίου
1023 4562 1276 4627 πολλοῖς
1314 4562 1543 4630 ἀγῶσιν
1569 4563 1752 4632 ἐμπέ-

1951 3298 1976 3336 /

1934 3371 2153 3425 Interim
2203 3369 2468 3432 sultancs,
2513 3369 2604 3423 diu
2663 3375 2976 3437 exspectato
3011 3363 3218 3427 Siausi,
3273 3379 3429 3432 quem

1857 3462 2100 3526 miserat,
2134 3461 2332 3523 reditu,
2369 3469 2659 3529 postquam
2707 3459 2942 3527 denique
2988 3453 3265 3524 cognovit,
3320 3469 3431 3507 non

1853 3553 1964 3622 jam
1991 3554 2190 3608 morari
2228 3554 2428 3620 ipsum,
2460 3551 2552 3605 sed
2586 3551 2743 3619 plane
2771 3551 3037 3618 migrasse
3074 3554 3130 3599 ut
3164 3549 3216 3598 in
3247 3559 3429 3599 mores

1858 3653 2020 3713 atque
2051 3643 2102 3697 in
2160 3643 2320 3708 ritus,
2352 3645 2424 3697 ita
2450 3641 2613 3695 etiam
2650 3641 2704 3694 in
2734 3651 2912 3694 terras
2957 3638 3424 3698 Christianorum,

1857 3736 2139 3804 eiectoque
2196 3735 2400 3803 Sinope
2423 3731 2716 3786 Cbaratice
2746 3729 3088 3784 fraudulenta
3117 3727 3431 3781 ostensione

1860 3828 2186 3886 litterarum,
2214 3841 2336 3879 mox
2374 3824 2560 3878 divino
2601 3823 2875 3890 baptismo
2923 3819 3098 3888 palam
3137 3826 3426 3885 suscepto,

1861 3919 1913 3971 iu
1966 3917 2228 3972 occiduas
2283 3915 2441 3985 177
2489 3929 2615 3968 oras
2669 3912 2737 3965 ab
2787 3913 3117 3978 imperatore
3173 3909 3426 3968 missum,

1864 4011 2156 4063 fruiturum
2185 4009 2255 4062 ibi
2291 4006 2540 4061 Anchiali
2577 4005 2802 4070 ducatu,
2828 4017 2988 4072 quam
3020 4003 3068 4055 ei
3103 4001 3423 4070 dignitatem

1862 4103 2158 4171 imperator
2206 4099 2347 4154 idem
2396 4097 2450 4153 in
2504 4098 2785 4167 praemium
2841 4095 3172 4148 attribuerat
3223 4107 3238 4144 :
3290 4091 3435 4153 lure,

1861 4194 2105 4263 inquam,
2159 4193 2403 4247 sultanes
2449 4189 2537 4242 ubi
2588 4187 2842 4258 cognovit
2895 4186 3015 4239 tulit
3070 4183 3328 4254 primum,
3369 4191 3430 4236 ut-

1862 4301 1959 4356 par
1993 4294 2130 4349 erat,
2165 4283 2576 4338 molestissime.
2613 4279 2971 4335 Dissimulato
2998 4288 3173 4331 tamen
3200 4275 3254 4329 in
3284 4289 3423 4341 pra:-

1861 4394 1988 4433 scns
2017 4378 2207 4432 dolore
2234 4386 2394 4446 atque
2443 4375 2547 4438 ira,
2598 4372 2913 4427 faciendum
2968 4369 3072 4424 sibi
3117 4366 3335 4426 statuit,
3371 4375 3432 4418 ut-

1862 4469 2138 4522 Puzanum
2170 4483 2363 4522 rursus
2401 4481 2528 4520 cum
2561 4465 2736 4535 copiis
2777 4463 3044 4517 adversus
3085 4457 3427 4528 Apelchase-

1864 4576 2008 4614 mum
2051 4560 2310 4620 mitteret.
2335 4557 2624 4625 eidemque
2675 4555 2888 4608 litteras
2917 4551 2983 4606 ad
3039 4552 3426 4619 imperatorem

177 4674 439 4721 πτωκας,
473 4655 569 4707 καὶ
595 4654 677 4718 ὡς
708 4654 838 4720 ἄρτι
867 4652 938 4705 τὰ
957 4651 1107 4705 κατὰ
1135 4652 1276 4717 τοὺς
1297 4655 1593 4717 Λατίνους
1613 4671 1753 4706 κατα

1861 4652 2037 4715 daret,
2071 4650 2273 4718 quibus
2307 4646 2584 4701 aiiiuitatis
2629 4661 2750 4698 cum
2787 4660 2853 4695 eo
2896 4641 3285 4696 contrahenda:
3326 4654 3428 4692 ιιοσι

176 4750 582 4813 ευνίὶσαντος,
623 4749 678 4799 οἱ
706 4747 928 4801 Σκύθαι
961 4747 1110 4798 κατὰ
1173 4746 1289 4800 σοῦ
1323 4747 1747 4816 ἐτοιμάζονται,

177 4843 266 4893 ναὶ
304 4845 338 4895 ὁ
389 4842 572 4904 αὐτὸς
611 4838 653 4870 ⁸⁷
689 4841 722 4891 ό
765 4839 925 4907 ἀμὴρ
991 4836 1382 4906 Ἀπελχασὴμ
1448 4839 1555 4904 τὰς
1603 4839 1754 4907 μετὰ

176 4933 290 4985 σοῦ
322 4933 369 4964 ’⁸
392 4931 502 4984 τοῦ
536 4929 778 4998 Σολυμᾶ
809 4929 1085 4996 σπονδὰς
1131 4932 1485 4996 καταλύσας
1539 4930 1752 4999 μέχρις

175 5022 365 5088 αὐτῆς
391 5020 713 5088 Δτιμὰλεως
742 5020 854 5087 τὴν
897 5021 1097 5074 Ἀσίαν
1156 5020 1437 5088 ληΐζεται.
1488 5024 1554 5074 El
1605 5021 1754 5090 γοῦν

175 5115 386 5176 βούλει
430 5112 532 5164 καὶ
560 5112 664 5164 τὸν
719 5113 1104 5179 Ἆπελχασὴμ
1156 5110 1274 5165 τῶν
1329 5113 1530 5166 αὐτόθι
1560 5112 1756 5180 μερῶν

177 5203 555 5272 ἀπελαθῆναι
583 5203 682 5257 καὶ
738 5203 855 5271 τὴν
919 5205 1130 5258 Ἀσίαν
1164 5204 1264 5258 καὶ
1312 5203 1508 5270 αὐτὴν
1543 5204 1757 5271 anthr

1859 4746 2061 4815 gotium
2093 4749 2330 4811 urgeret.
2367 4739 2454 4792 Eae
2487 4739 2682 4791 litterae
2723 4736 2776 4789 in
2821 4737 2966 4789 hunc
2999 4734 3222 4786 modum
3271 4737 3430 4783 erant

1859 4837 2075 4906 scriptae
2111 4853 2124 4889 :
2165 4833 2376 4893 Audivi,
2397 4831 2653 4898 Auguste,
2686 4845 2786 4897 quo
2819 4830 2932 4881 loco
2962 4842 3044 4879 res
3069 4835 3174 4878 tua:
3205 4824 3436 4890 fuerint,

1858 4940 1906 4983 et
1929 4930 2056 4982 sint.
2095 4926 2185 4987 Ut,
2235 4926 2472 4994 inquam,
2497 4923 2678 4975 statim
2725 4921 2789 4971 ab
2825 4917 2990 4971 initiis
3037 4916 3245 4981 imperii
3304 4929 3428 4966 sus-

1861 5022 1990 5089 cepti
2021 5018 2307 5072 certamina
2333 5016 2386 5067 in
2419 5014 2582 5065 multa
2619 5011 2897 5068 incideris:
2935 5019 3091 5076 utque
3138 5008 3292 5061 modo
3342 5021 3430 5059 so-

1859 5116 1968 5179 pito
2012 5109 2202 5164 Latino
2234 5107 2482 5169 tumultu,
2536 5103 2658 5157 belli
2684 5112 2731 5156 te
2749 5119 2910 5156 novus
2939 5102 3342 5167 circumstrepet
3391 5113 3424 5148 a

1862 5203 2072 5274 Scythis
2099 5215 2279 5254 rumor
2319 5195 2704 5259 expeditionem
2742 5196 2795 5248 in
2827 5211 2913 5247 vos
2950 5192 3275 5262 parantibus
3313 5203 3332 5242 :
3365 5196 3423 5239 ut

1234 5322 1432 5383 Variae
1475 5321 1774 5382 lectiones
1819 5337 1894 5381 ex
1929 5319 2068 5380 cod.
2105 5317 2373 5379 Coislin.

243 5429 289 5459 ’3
309 5425 504 5477 τοῦτον
531 5422 871 5478 συνένευσεν.

177 5496 219 5527 ⁵⁸
245 5497 406 5550 Deest
447 5494 640 5548 vocula
660 5510 774 5545 σου.

947 5425 991 5458 ’⁸
1022 5424 1304 5493 δουκικῆς.

1379 5425 1423 5457 ⁸⁵
1447 5423 1788 5476 ἐλεύσεσθαι.

1883 5423 1928 5455 ⁹⁴
1959 5422 2099 5474 ὥστε
2129 5419 2282 5490 τύχοι
2318 5417 2412 5470 τοῖ
2452 5416 2598 5470 θείου
2641 5413 3041 5486 βαπτίσματος.
3117 5413 3162 5445 ⁸⁷
3183 5408 3342 5469 αὐτὸς
3368 5409 3418 5462 ὁ.

1243 5605 1384 5665 Car.
1420 5600 1746 5663 Dufresnii
1785 5605 1878 5664 Du
1911 5603 2130 5682 Cangii
2160 5614 2352 5664 intra.

243 5714 356 5782 (55)
393 5712 692 5779 Σινώπης.
730 5709 989 5782 Sinopem
1061 5710 1116 5764 in
1147 5780 1156 5782 Α
1189 5717 1456 5776 potestate
1520 5706 1690 5782 fuisse
1749 5709 1943 5778 Alcvii,
1993 5725 2116 5766 cuzn
2171 5709 2341 5763 nostri

179 5776 437 5839 obSer'vat
464 5776 935 5838 ctiam—Albanus
967 5781 1068 5852 Aq.
1104 5780 1204 5837 lib.
1239 5793 1352 5847 Vill,
1391 5792 1514 5846 cap.
1544 5776 1634 5830 2'2.

2441 5704 2873 5776 Hierosolymam
2964 5693 3195 5769 profecti
3263 5697 3420 5756 sunt,
