3942 6208
205 183 304 246 513

1491 193 1908 253 ALEXlADlS
1951 196 2090 256 LIB.
2120 149 2234 261 VI.-

3350 200 3457 265 514

201 290 488 360 προϐῆναι,
523 280 634 344 οὐδ’
669 292 738 348 ἂν
784 293 866 357 εῑς
919 294 1102 349 στενὸν
1140 298 1471 370 κατηντήκει
1527 300 1676 370 αὐτῷ
1708 300 1777 353 τά

1886 299 2069 354 divina
2100 305 2336 372 sinebat,
2395 315 2450 362 et
2499 315 2761 379 paternus
2817 309 3165 379 imperatoris
3217 310 3287 366 ab
3343 314 3457 382 ipsa

201 383 527 452 πράγματα.
572 385 748 442 Εὐθὺς
779 387 888 459 γάρ
920 389 1014 442 καὶ
1047 390 1190 443 κατὰ
1224 393 1449 462 πρώτην
1497 393 1669 464 ἀκοὴν
1689 393 1782 446 τοῦ

198 474 554 544 γράμματος,
576 475 677 545 τῆς
701 476 797 528 τοῦ
823 476 1112 548 Βαρϐάρου
1135 481 1499 548 κατεγέλασεν
1526 481 1780 551 ὀρέξεως⁹

198 566 716 638 ὕποφθεγξάμενος,
750 569 832 623 ὅτι
861 572 889 623 ὁ
914 571 1127 640 δαίμων
1150 572 1308 624 τοῦτο
1336 573 1415 636 εἰς
1456 573 1582 626 νοῦν
1611 570 1780 627 αὐτοῦ

195 659 547 712 ἀνεϐίϐασεν.
614 661 752 731 Περὶ
800 664 894 713 τοῦ
947 662 1048 730 μὲν
1111 664 1306 733 κήδους
1363 644 1536 728 οὕτως
1581 667 1784 734 ἐσχενὸ

197 751 585 822 αὐτοκράτωρ·
639 751 822 804 ἐλπίσι
852 751 910 804 δὲ
965 757 1147 816 κεναῖς
1178 755 1269 807 τὸν
1303 753 1396 807 τοῦ
1435 755 1666 808 σουλτᾶν
1698 756 1786 809 λο-

195 844 393 913 γισμὸν
413 845 720 913 ἀπαιωρεῖν
738 843 850 897 δεῖν
869 843 1250 914 λογισάμενος,
1277 848 1784 918 καταπεμψάμενος

193 935 284 988 τὸν
319 936 657 1007 Κουρτεκιον
685 936 809 1008 μεθ’
827 937 1032 1007 ἑτέρων
1063 940 1253 1008 τριῶν,
1285 939 1608 992 ἀποστέλλει
1656 941 1781 992 τού-

192 1043 318 1090 τους
349 1028 636 1098 πρέσϐεις,
670 1029 768 1080 καὶ
823 1030 1133 1100 γράμματα
1177 1030 1247 1084 δι’
1291 1024 1366 1084 ὧν
1396 1031 1496 1101 τὴν
1549 1031 1778 1101 εἰρήνην

192 1118 488 1186 ἐνέφαινεν
546 1120 921 1184 ἀσπάζεσθαι,
987 1121 1083 1174 καὶ
1129 1120 1267 1189 πρὸς
1325 1123 1392 1174 τά
1469 1119 1782 1192 μηνυθέντα

192 1211 546 1277 κατανεύειν,
573 1211 826 1264 άπαιτῶν
860 1213 976 1281 ἅμα
1020 1213 1117 1266 καὶ
1157 1213 1340 1277 αὐτὸς,
1374 1212 1510 1267 ἄλλα
1539 1213 1609 1266 τὰ
1637 1215 1658 1245 ⁹
1688 1213 1780 1265 τοῦ

189 1303 387 1371 χρόνου
409 1303 720 1372 παράτασιν
751 1305 1064 1373 εἰσάγοντα.
1095 1303 1263 1359 Οὔπω
1288 1307 1337 1358 οἱ
1361 1307 1422 1360 ἐκ
1452 1306 1544 1359 τοῦ
1572 1306 1780 1370 Βυζαν-

189 1396 308 1449 τίου
337 1398 694 1467 πεμφθέντες
725 1397 986 1467 πρέσϐεις
1016 1397 1108 1449 τὸν
1136 1398 1383 1468 Χοροσὰν
1414 1397 1526 1466 (58)
1551 1399 1782 1451 κατέλα-

189 1487 307 1552 ϐον,
332 1490 430 1540 καὶ
456 1487 557 1559 τὴν
585 1488 681 1540 τοῦ
703 1488 932 1542 σουλτᾶν
959 1488 1240 1558 ἀναίρεσιν
1259 1489 1371 1561 (59)
1397 1489 1780 1560 μεμαθηκότες

186 1580 568 1650 ὑπέστρεψαν.
615 1579 725 1634 Καὶ
749 1579 860 1649 γάρ
889 1581 917 1632 δ
950 1579 1288 1648 αὑτάδελφος
1323 1581 1490 1634 αὐτοῦ
1538 1582 1779 1634 Τουτού-

188 1689 313 1740 σης,
351 1673 493 1741 μετὰ
532 1672 594 1725 τὸ
653 1671 864 1725 ἀνελεῖν
900 1673 990 1726 τὸν
1039 1672 1193 1744 άμὴρ
1224 1673 1494 1743 Σολυμᾶν,
1545 1677 1640 1728 καὶ
1683 1674 1777 1727 τὸν

187 1763 323 1818 ἴδιον
355 1763 610 1834 γαμϐρδν
649 1765 709 1826 ἐξ
748 1764 1013 1832 Ἀραϐιας
1053 1765 1095 1795 ‘°
1117 1764 1240 1817 κατ’
1279 1765 1446 1818 αὑτοῦ
1501 1765 1769 1837 στρατεύ-

187 1871 386 1916 σαντα,
431 1856 731 1922 τυφωθεὶς,
765 1856 859 1908 καὶ
907 1856 998 1907 τὸν
1031 1856 1263 1910 σουλτᾶν
1324 1856 1666 1927 μεμαθηκὼς
1696 1861 1776 1922 εἰς

184 1945 478 2017 εἰρηνικὰς
535 1947 770 2010 σπονδὰς
832 1948 972 2017 μετά
1034 1947 1129 2000 τοῦ
1210 1950 1616 2021 αὐτοκράτορος
1675 1951 1775 2022 ἥδη

181 2037 532 2105 ἐπείγεσθαι,
597 2040 735 2108 πρὸς
785 2040 876 2092 τὸν
925 2040 1189 2110 τάδελφοῦ
1259 2041 1420 2110 φόνον
1475 2042 1774 2112 ἀπέϐλεψε.

181 2129 532 2183 Δυοκαὶδεκα
566 2130 750 2182 τοίνυν
807 2131 1048 2193 Χασίους
1102 2131 1212 2201 (60)
1275 2130 1424 2186 οὕτω
1451 2135 1516 2203 τῇ
1555 2135 1777 2202 Περσίδι

180 2219 458 2289 διαλέκτῳ
478 2220 858 2288 καλουμένους
887 2223 1072 2289 φόνιον
1101 2224 1368 2286 πνέοντας
1400 2225 1779 2292 μετακαλεσά-

184 2331 376 2381 μενος,
408 2312 482 2375 ὠς
521 2313 783 2382 πρέσϐεις
809 2319 952 2384 τάχα
971 2316 1108 2386 πρὸς
1130 2315 1221 2367 τὸν
1247 2316 1478 2368 σουλτᾶν
1505 2316 1778 2386 ἐξέπεμψε.

183 2404 285 2456 καὶ
333 2404 429 2457 τὸν
470 2405 678 2473 τρόπον
737 2407 920 2468 αὐτοῖς
979 2406 1316 2476 ὑποθέμενος
1382 2409 1497 2478 ἅμα
1539 2408 1642 2477 τῆς
1681 2409 1777 2462 τοῦ

181 2495 426 2565 ἀδελφοῦ
510 2499 749 2568 σφαγῆς,
808 2501 1052 2563 Ἀπιτε,
1109 2501 1372 2570 φάμενος,
1425 2500 1525 2554 καὶ
1577 2500 1780 2568 ,ττρὼτά

177 2589 301 2656 μὲν
336 2589 859 2657 διακηρυκεύσατε
897 2592 976 2657 ὡς
1029 2591 1337 2661 ἀπόρῤητιὶ
1370 2608 1504 2645 τινα
1525 2591 1779 2660 μέλλειν

181 2680 262 2745 τῷ
296 2680 582 2735 Σουλτᾶν
603 2683 986 2752 ἀπαγγεῖλαι,
1013 2685 1168 2738 ἐπὰν
1205 2683 1273 2737 δὲ
1312 2699 1579 2752 παραχωχ
1595 2683 1780 2751 ηοῆτε

181 2773 298 2839 τῆς
328 2774 580 2828 εἰσόδου
615 2776 694 2840 ὡς
718 2774 873 2845 τάχα
901 2777 1052 2844 πρὸς
1083 2773 1191 2842 οὖς
1220 2775 1380 2840 αὐτῷ
1413 2776 1780 2844 ὡμιληκέναι

174 2868 495 2930 ,ϐούλεσθε
525 2867 588 2933 “,
621 2869 1084 2935 πλησιάσαντες
1109 2869 1474 2938 παραχρῆμα
1503 2869 1608 2922 τὸν
1635 2869 1782 2937 ἐμὸν

1889 391 2064 460 prima
2110 395 2334 452 infausti
2375 402 2611 472 conjugii
2665 404 2844 471 specie
2894 404 3078 457 statim
3127 404 3458 459 abhorrebat.

1887 485 2112 537 anin'ius
2149 501 2160 537 :
2195 497 2357 554 atque
2389 500 2442 542 ut
2479 501 2593 542 tum
2628 506 2714 545 res
2745 491 2862 560 ejus
2885 503 3044 547 erant
3076 493 3214 548 satis
3237 509 3299 548 es
3327 509 3456 548 sen-

1886 575 2058 630 tentia
2124 575 2382 638 ﬂuentes,
2418 580 2564 632 nulla
2600 581 2813 648 imperii
2864 583 3174 638 necessitas
3227 587 3460 653 cogeLat

1886 667 2186 721 amicitiam
2250 670 2612 727 Barbarorutu
2675 683 2784 727 tant
2831 677 2984 730 chari
3029 678 3224 745 capitis
3281 687 3457 745 pretio

1887 773 2092 812 emere.
2132 757 2274 813 Risit
2306 779 2436 832 ergo
2468 779 2616 831 spem
2645 765 2908 819 audacem
2948 765 3128 820 Persa:
3159 769 3334 836 primo
3357 786 3460 822 an.

1886 849 2001 902 ditu
2033 851 2332 906 litterarum
2364 856 2506 921 ejus,
2543 856 2910 925 sulajecitque,
2955 859 3100 912 istud
3138 860 3237 928 ipsi
3269 871 3452 914 votum

1887 943 2088 994 amato
2136 944 2307 997 videri
2363 946 2610 1002 daemone
2663 959 3005 1017 suggestum.
3054 948 3250 1003 Verum
3310 952 3453 1005 idem

1889 1041 2072 1086 tamen
2130 1050 2228 1102 pro
2260 1050 2357 1088 sua
2397 1037 2744 1103 puliticarum
2786 1054 2970 1092 rerum
3012 1039 3302 1109 prudentia
3347 1059 3454 1094 non

1888 1123 2102 1191 putavit
2137 1136 2508 1194 opportunum
2541 1128 2852 1199 signiﬁcare
2881 1132 3085 1185 sultani
3116 1142 3456 1202 quantopere

1886 1211 2201 1264 allinitatein
2257 1213 2375 1282 ejus
2439 1226 2854 1284 aspernaretur.
2911 1219 3054 1284 Quin
3115 1222 3297 1289 potius
3358 1239 3458 1290 spe

1887 1298 2037 1352 inani
2075 1301 2280 1354 lactare
2314 1303 2516 1370 ipsum,
2553 1313 2608 1358 et
2638 1307 2786 1360 velut
2819 1309 3085 1364 trahenda
3121 1313 3457 1368 tractatione

1885 1391 2012 1444 talis
2048 1393 2249 1460 negetii
2283 1401 2469 1448 tenere
2493 1395 2714 1450 interim
2741 1397 3020 1454 hominem
3044 1409 3208 1470 atque
3233 1403 3457 1456 incertis

1884 1485 2315 1552 cogitationibus
2372 1492 2714 1557 suspendere
2770 1505 2998 1545 suarum
3044 1507 3169 1548 esse
3216 1494 3453 1563 partium

1883 1577 2134 1631 credidit.
2177 1577 2708 1650 Curticiam'igitur,
2753 1592 2974 1653 tresque
3011 1585 3173 1638 simul
3206 1587 3345 1639 alios
3387 1586 3457 1640 ad

1881 1682 2003 1721 cum
2068 1670 2276 1739 legatos
2332 1673 2503 1736 misit,
2539 1689 2664 1726 cum
2703 1678 2912 1730 mutuis
2945 1676 3189 1732 oﬂiciose
3228 1679 3456 1748 scriptis

1882 1760 2102 1826 litteris,
2139 1762 2342 1831 quibus
2397 1765 2742 1834 signiﬁcabat
2773 1779 3085 1836 pergratatlt
3147 1770 3252 1824 sibi
3307 1771 3456 1826 acci-

1880 1853 2031 1908 disse
2078 1855 2226 1923 pacis
2262 1856 2480 1910 allatam
2514 1857 2581 1911 ab
2631 1872 2694 1912 eo
2741 1859 3098 1924 intentionem,
3129 1859 3447 1930 habereque

1881 1944 1933 1997 in
1977 1948 2160 1998 animo
2209 1948 2502 2015 postulatis
2561 1948 2681 2016 ejus
2715 1964 2981 2014 adnuere,
3024 1967 3210 2006 verum
3253 1964 3441 2020 petere

1880 2049 1934 2092 et
1959 2038 2134 2108 ipsum
2157 2039 2338 2109 aliqua
2361 2040 2625 2102 vicissim,
2651 2057 2774 2110 quae
2801 2041 3065 2098 distincte
3091 2043 3409 2098 declarabat
3435 2059 3451 2109 ;

1883 2147 1986 2185 non
2021 2146 2118 2200 spe
2149 2132 2501 2200 impetrandi,
2530 2134 2626 2186 scd
2659 2142 2778 2187 arte
2823 2133 3107 2197 eludendi,
3139 2137 3446 2189 cxtetnlen-

1882 2222 2044 2292 dique
2081 2221 2323 2277 Barbam
2379 2225 2721 2278 deliberandi
2780 2232 3020 2293 tempus,
3067 2241 3177 2294 quo
3225 2225 3459 2280 durante

1881 2313 2142 2368 innoxius
2175 2313 2222 2367 is
2257 2313 2482 2367 futurus
2546 2308 2693 2367 esset
2729 2311 2993 2367 ltomana:
3048 2316 3147 2368 rei.
3185 2314 3454 2369 Caeterum

1881 2406 2206 2474 priusquam
2257 2405 2378 2460 hinc
2417 2407 2685 2476 Byzantio
2709 2403 2957 2474 profecta
3017 2404 3220 2474 legatio
3248 2404 3460 2458 Choro-

1881 2508 2078 2546 zanum
2115 2495 2458 2562 pervenisset
2500 2495 2690 2548 audita
2727 2494 2972 2548 sultanis
3002 2496 3177 2548 caedes
3209 2494 3458 2548 Cui-licio

1882 2584 2290 2653 comitibusque
2339 2586 2575 2640 reditum
2612 2587 2812 2642 suasit.
2873 2585 2984 2638 Nec
3029 2602 3192 2654 porro
3223 2587 3459 2640 sultanis

1883 2661 2164 2730 auctorem
2203 2678 2392 2730 habuit
2426 2693 2590 2746 quem
2641 2678 2868 2730 minime
2919 2677 3166 2746 oportuit
3231 2679 3456 2732 l'ratrcu't

1886 2769 2057 2838 ipsius
2093 2769 2361 2822 Tutuscu.
2392 2769 2462 2834 ls,
2497 2768 2714 2822 sublato
2754 2783 2938 2823 amere
2989 2769 3236 2840 Solyma,
3293 2785 3461 2841 gene-

1884 2876 2057 2931 roque
2108 2862 2336 2931 insuper
2391 2861 2618 2930 proprio
2668 2876 2734 2914 ex
2783 2861 2988 2916 Arabia
3044 2871 3239 2916 contra
3275 2863 3456 2932 ipsum

179 2957 605 3025 ὃιαμελήσατε
659 2960 952 3028 ἀδελφόν.
1009 2963 1070 3014 Οἱ
1107 2961 1164 3014 δὲ
1222 2961 1546 3031 πρέσϐειςῆ
1580 2961 1777 3028 μᾶλλον

1886 2968 2011 3008 cum
2045 2954 2219 3024 copiis
2245 2969 2535 3024 progresso
2567 2954 2714 3007 victo
2747 2953 3005 3009 similiter
3047 2964 3212 3023 atque
3245 2957 3458 3020 occiso,

181 3053 374 3118 φονεῖς
434 3051 688 3122 καθάπερ
720 3055 800 3116 εἰς
833 3053 1108 3125 δεῖπνονῆ
1141 3054 1378 3124 εὐωχίαν
1407 3054 1776 3123 πεμπόμενοι,

183 3147 593 3216 προθυμότατα
648 3147 785 3218 πρὸς
830 3148 928 3219 τὴν
965 3147 1058 3200 τοῦ
1105 3147 1333 3200 σουλτᾶν
1381 3149 1599 3219 σφαγὴν
1635 3147 1782 3218 ἀπῄ·

177 3255 338 3291 εσαν.
397 3239 684 3294 Μεθύοντα
739 3239 928 3292 τοῦτον
981 3239 1407 3306 καταλαϐόντες,
1450 3242 1574 3293 ἐπεὶ
1628 3242 1778 3294 πᾶσα

178 3332 474 3402 ἐκεχειρία
519 3331 733 3394 τούτοις
779 3331 1003 3398 ἐδίδοτο,
1073 3332 1185 3385 τῶν
1245 3331 1774 3402 ἐμπεπιστευμένων

177 3425 280 3492 τὴν
315 3424 416 3475 τοῦ
459 3426 689 3478 σουλτᾶν
720 3425 1280 3497 φυλακὴν,πόρῤωθεν
1313 3426 1646 3495 ἑστηκότων,
1673 3425 1776 3477 αῦ-

178 3516 269 3566 τοὶ
308 3515 739 3582 πλησιάσαντες,
782 3518 850 3570 τά
884 3518 1012 3588 ξίφη
1059 3519 1157 3588 τῆς
1208 3517 1386 3587 μάλης
1432 3518 1775 3588 σπασάμενοι

179 3608 572 3676 διαμελίζουσι
610 3610 721 3678 (61)
755 3614 1102 3681 παραχρῆμα
1133 3611 1225 3663 τὸν
1269 3611 1476 3665 ἄθλιον.
1521 3610 1776 3664 Τοιοῦτον

182 3695 298 3763 γὰρ
318 3695 383 3746 τὸ
411 3695 523 3747 τῶν
548 3697 772 3750 Χασίων
804 3700 952 3752 ἐστὶν
976 3699 1174 3768 αἵμασι
1203 3701 1416 3770 χαῖρον,
1443 3701 1539 3753 καὶ
1560 3701 1776 3770 τρυφὴν

183 3782 321 3832 αὐτὸ
368 3783 533 3836 τοῦτο
589 3783 953 3855 λογιζόμενοι,
1001 3789 1050 3840 εὶ
1097 3790 1258 3858 μόνον
1310 3789 1398 3843 διά
1450 3789 1779 3858 σπλάγχνων

184 3873 504 3944 ἀνθρώπων
548 3876 610 3928 τὺ
657 3877 811 3945 ξίφος
851 3878 1125 3945 ἐλάσειαν,
1156 3881 1250 3933 τοῦ
1289 3879 1479 3933 λοιποῦ
1514 3881 1555 3912 ³³
1590 3881 1646 3933 δέ
1678 3879 1778 3932 κᾶν

181 3982 338 4028 τινες
365 3967 568 4030 αὐτοὺς
602 3967 732 4030 ἴσως
773 3969 860 4022 ἐπ’
901 3971 1055 4042 αὐτῷ
1103 3972 1278 4042 τούτῳ
1328 3969 1642 4042 ἐπιθέμενοι
1680 3989 1779 4024 κα-

1887 3047 2050 3100 tamis
2097 3047 2447 3102 successibus
2509 3047 2729 3101 inﬂatus
2799 3046 3052 3116 accipere
3097 3063 3211 3102 non
3281 3052 3461 3119 potuit

1879 3139 2051 3205 tequis
2083 3139 2312 3193 auribus
2345 3137 2492 3208 quod
2526 3139 2593 3192 de
2626 3140 2800 3193 l'ratre
2833 3141 3052 3192 sultaue
3080 3140 3260 3193 nuntii
3312 3142 3458 3194 iere-

1879 3232 2014 3286 bant
2043 3248 2056 3280 :
2112 3231 2257 3285 serio
2289 3246 2415 3285 eum
2466 3231 2532 3285 de
2562 3246 2695 3300 pace
2721 3246 2846 3284 cum
2904 3231 3236 3301 imperatore
3268 3247 3454 3303 agere,

1883 3325 2225 3394 multumque
2275 3323 2389 3392 jam
2453 3334 2764 3394 promotqu
2835 3322 2888 3377 id
2969 3322 3246 3394 negotium
3311 3341 3459 3381 esse.

1882 3415 2056 3482 Cujus
2097 3424 2429 3485 prinvertere
2465 3417 2766 3470 clausulam
2813 3415 3054 3470 tollendo
3099 3426 3316 3472 mature
3343 3418 3457 3471 fra-

1885 3519 1967 3562 tre
2015 3520 2222 3573 certus,
2253 3509 2543 3563 duodecim
2595 3508 2901 3563 accersitos
2933 3510 3138 3563 caedem
3183 3510 3460 3578 spirantes

1883 3599 2113 3656 Chasios
2147 3600 2252 3669 (sic
2311 3599 2498 3668 lingua
2537 3597 2760 3654 Persica
2810 3597 3108 3668 vocantur)
3157 3599 3458 3668 legatorum

1887 3692 2108 3748 nomine
2128 3707 2192 3746 ac
2211 3692 2339 3760 jure
2366 3702 2594 3746 strenue
2621 3705 2848 3759 pergere
2871 3688 2939 3743 ad
2959 3689 3234 3746 sultanem
3257 3689 3457 3758 jussit:

1883 3782 2108 3836 modum
2145 3781 2370 3849 insuper
2404 3780 2633 3832 tradens
2660 3779 3135 3834 circumveniendi
3173 3778 3318 3848 ejus.
3357 3778 3456 3840 Ite,

1882 3873 2163 3941 inquiens,
2208 3884 2256 3926 et
2303 3874 2473 3941 primo
2503 3870 2732 3924 adventu
2775 3852 2885 3937 pro:
2934 3870 3077 3924 robis
3105 3872 3237 3938 [crte
3268 3871 3458 3926 habere

1881 3985 1968 4020 vos
2003 3983 2206 4018 arcana
2239 3981 2355 4034 qua:
2393 3964 2596 4016 snttani
2624 3963 2917 4026 nuntietis;
2947 3963 3022 4016 sic
3053 3964 3274 4018 admissi
3306 3975 3354 4019 et
3377 3981 3460 4020 se-

1261 4085 1462 4147 νοτ-ιιι)
1505 4084 1809 4146 lectiones
1842 4101 1918 4142 ex.
1955 4081 2095 4142 cod.
2131 4077 2401 4142 Coislin.

265 4188 446 4242 “tum
482 4204 538 4240 τε
579 4187 666 4241 τά.
744 4188 786 4219 ¹⁰
825 4188 1143 4258 Ἀρῤαϐίας.
1220 4189 1261 4222 ¹¹
1293 4190 1599 4260 βούλεσθαι.

1713 4190 1757 4220 ⁸⁸
1787 4190 1994 4242 Desunt
2030 4202 2192 4241 voces
2215 4184 2308 4236 τοῦ
2338 4183 2550 4248 λοιποῦ,
2583 4195 2712 4250 etc.,
2747 4186 3258 4256 καταχορδεύσειαν.

1273 4307 1412 4368 Car.
1447 4305 1770 4368 Dufresnii
1808 4307 1901 4366 Du
1934 4305 2158 4382 Cangii
2197 4315 2384 4368 notae.

261 4407 382 4470 (58)
415 4406 714 4474 Χοροσάν.
752 4407 831 4461 Ita
871 4408 1016 4462 dicta
1061 4407 1243 4479 Persis
1271 4409 1501 4463 interior
1531 4409 1765 4477 scripto-

1882 4424 1996 4479 pag.
2035 4407 2123 4461 87.

191 4479 349 4530 rillus
374 4495 561 4530 rerum
591 4480 798 4530 Orient.
843 4479 1070 4543 passim.
1109 4477 1239 4531 Vide
1265 4479 1481 4532 Leuncl.
1521 4496 1573 4532 ll.
1603 4481 1658 4532 4.

264 4548 382 4614 (59)
421 4547 541 4601 Τοῦ
590 4545 864 4603 Σουλτᾶν
896 4548 1236 4616 ἀναίρεσιν.
1265 4548 1492 4618 'l‘opara:
1547 4550 1774 4616 soltani,

193 4630 253 4670 ut
284 4633 416 4670 mox
449 4633 572 4684 pag.
615 4633 728 4688 seq.

268 4691 388 4754 (60)
429 4685 718 4752 Χησίουςζ
777 4685 1009 4743 Chasios
1062 4689 1163 4743 hoc
1223 4689 1344 4742 loco
1401 4698 1560 4742 vocat
1595 4688 1776 4753 Anna,

199 4779 341 4829 quos
377 4761 557 4811 nostri
601 4760 760 4824 vulgo
794 4758 1119 4822 Assnssinos,
1162 4757 1401 4822 Persica,
1435 4760 1638 4829 inquit,
1671 4761 1776 4812 lin-

197 4828 304 4890 eua
341 4847 357 4883 :
394 4843 506 4897 qua
571 4831 933 4896 appellatione
981 4831 1155 4882 utitur
1219 4833 1382 4883 etiam
1443 4828 1663 4885 Nicetas
1721 4831 1774 4884 iu

199 4901 440 4959 Isaacio,
481 4898 574 4951 lib.
607 4915 643 4960 ι,
681 4916 734 4952 ιι.
760 4899 813 4959 6,
840 4900 972 4952 etin
1012 4901 1218 4963 Alexio,
1256 4901 1348 4951 lib.
1382 4915 1459 4961 ιιι,
1494 4917 1545 4953 ιι.
1575 4900 1622 4954 6.
1663 4901 1778 4952 Χα-

201 4971 388 5022 σὺσιοι
417 4970 678 5022 dicuntur
731 4968 929 5022 Juanni
970 4968 1164 5023 Phocae
1199 4971 1250 5022 in
1299 4969 1553 5037 Descript.
1603 4968 1778 5024 Terra:

202 5039 444 5101 Sanctw,
497 5051 614 5107 cap.
668 5039 718 5092 5.
774 5041 1157 5094 Saraccuicaiu
1220 5038 1392 5093 fuisse
1447 5041 1772 5093 sicariorum

203 5112 450 5163 istorum
500 5110 970 5162 nomenclaturam
1009 5120 1203 5163 auctor
1229 5119 1314 5164 est
1359 5111 1526 5163 etiam
1560 5108 1766 5164 Willet.

207 5197 335 5233 tuus
373 5178 596 5249 Tyrius,
643 5180 739 5233 lib.
794 5195 883 5238 xx,
918 5195 1038 5246 cap.
1067 5181 1156 5234 2|.
1189 5179 1442 5234 Caisinos
1473 5180 1526 5249 in
1573 5180 1773 5233 Arabia

210 5247 484 5303 memorat
510 5267 616 5302 non
645 5252 808 5303 semel
841 5249 1226 5318 Theophanes,
1267 5267 1386 5319 pag.
1420 5247 1546 5313 556,
1584 5249 1688 5303 558
1721 5260 1774 5304 et

209 5320 340 5386 563,
373 5321 577 5390 quibus
605 5320 856 5374 lortassis
878 5324 1143 5389 originem
1173 5333 1223 5374 et
1250 5337 1444 5390 nomen
1481 5321 1630 5390 dedit
1671 5321 1776 5372 Ca-

213 5394 334 5446 sius
370 5394 462 5445 ille
490 5392 764 5444 lsmaelita
796 5391 993 5452 Arabs,
1027 5392 1185 5458 cujus
1224 5389 1475 5443 meruinit
1502 5389 1773 5443 Abraham

213 5462 558 5517 licbellensis
596 5461 652 5514 in
686 5460 826 5512 Hist.
861 5461 1116 5525 Arabum,
1142 5476 1262 5530 cap.
1289 5459 1343 5513 ὅ.
1375 5459 1478 5515 Sed
1508 5475 1577 5512 an
1609 5461 1676 5512 ab
1713 5461 1780 5514 iis

214 5535 401 5589 (Iliasii
467 5532 889 5601 appellationem
940 5532 1169 5584 mutuati
1228 5532 1359 5596 sint,
1423 5546 1530 5601 non
1574 5531 1772 5601 ausim

222 5598 727 5659 altiunareI'V'idc
808 5598 976 5655 Notas
1054 5610 1269 5656 tmstras
1349 5602 1416 5655 ad
1501 5599 1768 5654 Joinvilla:

1956 4480 2066 4544 (6|)
2103 4479 2534 4547 Διιιμελίζουσι.
2566 4479 3256 4534 Ga-laloldulutusultanqu
3289 4496 3316 4532 ιι
3352 4481 3460 4535 fra-

1884 4554 1969 4600 tre
2004 4547 2238 4609 Tutuse.
2275 4565 2369 4603 seu
2419 4548 2751 4618 Tageoldulo
2789 4551 3056 4604 immissis
3098 4550 3341 4610 Chasiis,
3372 4554 3456 4605 vel

1883 4617 2578 4682 Assassinis,interfectum
2625 4620 2712 4672 hic
2765 4619 2929 4672 rcl'ert
2962 4622 3140 4684 Anna,
3170 4634 3276 4687 qua
3309 4620 3362 4672 in
3403 4637 3459 4674 re

1887 4703 2009 4758 cum
2043 4703 2222 4742 rerum
2247 4688 2608 4743 Turcicarum
2629 4697 2702 4758 iet
2733 4687 3186 4758 Saracenicarum
3213 4689 3458 4758 scripto-

1887 4757 2045 4812 ribus
2095 4773 2203 4812 non
2257 4759 2552 4812 consentit.
2607 4757 2797 4812 Tradit
2848 4758 3047 4825 quippe
3112 4756 3457 4814 EI—Macinus

1885 4831 2167 4881 sultanum
2201 4829 2253 4881 in
2287 4831 2425 4882 urbe
2456 4827 2788 4892 Bagttatensi
2825 4828 2935 4879 {ato
2970 4828 3208 4880 naturali
3246 4831 3457 4882 exstin-

1886 4906 2036 4950 ctum
2096 4913 2188 4950 an.
2252 4899 2453 4968 hcgirae
2514 4896 2918 4968 485,7(Jhristi
2982 4895 3137 4958 lll92,
3201 4898 3458 4968 illiusque

1888 4977 2145 5038 percepta
2178 4978 2352 5022 morte
2394 4967 2784 5036 Tageoldulum
2815 4969 3233 5038 sesesultanum
3267 4967 3454 5038 appel-

1887 5035 2070 5100 lassc,
2105 5037 2460 5108 mississeque
2486 5038 2902 5106 adllhalipham
2925 5035 3452 5106 Mttt’juetadibillani,

1885 5122 1996 5175 quo
2041 5109 2108 5162 ab
2138 5126 2202 5162 eo
2232 5108 2457 5178 Bagdati
2501 5111 2978 5178 inauguraretur:
3035 5108 3131 5162 sed
3180 5113 3452 5176 repulsam

1884 5192 2108 5248 passum
2140 5193 2284 5233 esse.
2318 5178 2519 5234 Vereor
2548 5180 2735 5248 igitur,
2770 5194 2838 5234 ne
2859 5179 3004 5247 quod
3040 5180 3180 5232 idem
3217 5181 3456 5248 scriptor

1886 5250 1954 5318 de
1983 5247 2312 5303 Chasiorum
2348 5247 2544 5303 fiducia
2576 5247 2630 5302 et
2664 5250 2971 5303 temeritate
2998 5249 3193 5318 ingerit
3223 5251 3325 5303 sub
3359 5267 3451 5304 an.

1883 5316 2009 5387 lteg.
2061 5318 2225 5390 326
2281 5320 2409 5384 485,
2467 5319 2815 5390 (Σὶιιοκίθ9θ,
2849 5321 3021 5374 Anna:
3067 5316 3386 5390 imposuerit
3433 5336 3448 5372 :

1883 5403 1995 5456 quo
2045 5391 2168 5444 loco
2197 5389 2566 5444 'El-Maciuus
2608 5389 2821 5444 Batiam
2849 5400 3026 5454 vocat,
3060 5389 3152 5459 qui
3195 5391 3316 5444 aliis
3349 5391 3394 5459 ,Α
3409 5409 3458 5439 s-

1883 5459 2080 5512 sassini
2137 5468 2190 5512 et
2239 5459 2422 5515 Clmsii
2501 5476 2808 5525 prorniscue
2889 5458 3251 5530 appellantur.
3324 5458 3454 5514 γιαυ

1882 5533 2132 5586 eumdem
2165 5549 2254 5586 an.
2290 5530 2424 5602 llcg.
2464 5531 2588 5585 495.
