  <div class='ocr_page' id='page_1' title='image "/cluster/home/n/w/nwhite01/storage/ocr_20150623/131/hvd.32044073502379/276.png"; bbox 0 0 3942 6208; ppageno 0'>
   <div class='ocr_carea' id='block_1_1' title="bbox 220 286 3400 388">
    <p class='ocr_par' dir='ltr' id='par_1_1' title="bbox 220 286 3400 388">
     <span class='ocr_line' id='line_1_1' title="bbox 220 286 3400 388; baseline -0.012 -2"><span class='ocrx_word' id='word_1_1' title='bbox 220 322 300 388; x_wconf 71' lang='lat'><strong>5&#39;21</strong></span> <span class='ocrx_word' id='word_1_2' title='bbox 1391 301 1838 375; x_wconf 61' lang='lat' dir='ltr'><strong>‘ALEXIADts</strong></span> <span class='ocrx_word' id='word_1_3' title='bbox 1866 312 2012 371; x_wconf 88' lang='lat' dir='ltr'><strong>LIB.</strong></span> <span class='ocrx_word' id='word_1_4' title='bbox 2059 311 2158 369; x_wconf 67' lang='grc' dir='ltr'><strong>γι.</strong></span> <span class='ocrx_word' id='word_1_5' title='bbox 2537 313 2539 316; x_wconf 38' lang='grc'><em>⁴</em></span> <span class='ocrx_word' id='word_1_6' title='bbox 3295 286 3400 352; x_wconf 72' lang='lat'><strong>5.22</strong></span> 
     </span>
    </p>
   </div>
   <div class='ocr_carea' id='block_1_2' title="bbox 228 404 1762 494">
    <p class='ocr_par' dir='ltr' id='par_1_2' title="bbox 228 423 1762 494">
     <span class='ocr_line' id='line_1_2' title="bbox 228 423 1762 494; baseline -0.007 -10"><span class='ocrx_word' id='word_1_7' title='bbox 228 431 398 485; x_wconf 79' lang='grc' dir='ltr'>Διελὼν</span> <span class='ocrx_word' id='word_1_8' title='bbox 426 426 478 480; x_wconf 78' lang='grc' dir='ltr'>δὲ</span> <span class='ocrx_word' id='word_1_9' title='bbox 504 427 598 479; x_wconf 75' lang='grc' dir='ltr'>καὶ</span> <span class='ocrx_word' id='word_1_10' title='bbox 622 426 728 478; x_wconf 80' lang='grc' dir='ltr'><strong>τῶν</strong></span> <span class='ocrx_word' id='word_1_11' title='bbox 766 423 910 478; x_wconf 83' lang='grc' dir='ltr'>ἰδίων</span> <span class='ocrx_word' id='word_1_12' title='bbox 938 423 1233 493; x_wconf 83' lang='grc' dir='ltr'><strong>ταγμάτων</strong></span> <span class='ocrx_word' id='word_1_13' title='bbox 1266 423 1468 494; x_wconf 78' lang='grc' dir='ltr'>ἄνδρας</span> <span class='ocrx_word' id='word_1_14' title='bbox 1495 440 1731 492; x_wconf 83' lang='grc' dir='ltr'>τειχεσι-</span> <span class='ocrx_word' id='word_1_15' title='bbox 1759 473 1762 481; x_wconf 12' lang='grc' dir='ltr'><strong>ς</strong></span> 
     </span>
    </p>
   </div>
   <div class='ocr_carea' id='block_1_3' title="bbox 1861 404 3395 494">
    <p class='ocr_par' dir='ltr' id='par_1_3' title="bbox 1861 404 3395 475">
     <span class='ocr_line' id='line_1_3' title="bbox 1861 404 3395 475; baseline -0.008 -3"><span class='ocrx_word' id='word_1_16' title='bbox 1861 422 1950 473; x_wconf 72' lang='grc' dir='ltr'>ιῑιυ</span> <span class='ocrx_word' id='word_1_17' title='bbox 1981 419 2046 473; x_wconf 90' lang='lat' dir='ltr'><strong>ad</strong></span> <span class='ocrx_word' id='word_1_18' title='bbox 2083 413 2256 471; x_wconf 83' lang='lat' dir='ltr'><strong>cladis</strong></span> <span class='ocrx_word' id='word_1_19' title='bbox 2299 412 2458 468; x_wconf 93' lang='lat' dir='ltr'><strong>istius</strong></span> <span class='ocrx_word' id='word_1_20' title='bbox 2508 411 2767 464; x_wconf 87' lang='lat' dir='ltr'><strong>ultionem</strong></span> <span class='ocrx_word' id='word_1_21' title='bbox 2811 407 3072 462; x_wconf 83' lang='lat' dir='ltr'><strong>destinat.</strong></span> <span class='ocrx_word' id='word_1_22' title='bbox 3133 404 3312 475; x_wconf 77' lang='lat' dir='ltr'><strong>Pergit</strong></span> <span class='ocrx_word' id='word_1_23' title='bbox 3347 405 3395 459; x_wconf 88' lang='lat' dir='ltr'><strong>is</strong></span> 
     </span>
    </p>
   </div>
   <div class='ocr_carea' id='block_1_4' title="bbox 217 495 1762 590">
    <p class='ocr_par' dir='ltr' id='par_1_4' title="bbox 217 514 1732 590">
     <span class='ocr_line' id='line_1_4' title="bbox 217 514 1732 590; baseline -0.006 -16"><span class='ocrx_word' id='word_1_24' title='bbox 217 523 394 590; x_wconf 73' lang='grc' dir='ltr'>πλήτας</span> <span class='ocrx_word' id='word_1_25' title='bbox 427 517 517 571; x_wconf 79' lang='grc' dir='ltr'>καὶ</span> <span class='ocrx_word' id='word_1_26' title='bbox 557 516 960 584; x_wconf 77' lang='grc' dir='ltr'>φιλοκινδύνους</span> <span class='ocrx_word' id='word_1_27' title='bbox 1006 515 1140 567; x_wconf 75' lang='grc' dir='ltr'>ὡσεὶ</span> <span class='ocrx_word' id='word_1_28' title='bbox 1189 515 1536 585; x_wconf 76' lang='grc' dir='ltr'><strong>τριακοσίους</strong></span> <span class='ocrx_word' id='word_1_29' title='bbox 1591 514 1732 566; x_wconf 70' lang='grc' dir='ltr'>κατὰ</span> 
     </span>
    </p>
   </div>
   <div class='ocr_carea' id='block_1_5' title="bbox 1861 495 3400 590">
    <p class='ocr_par' dir='ltr' id='par_1_5' title="bbox 1861 495 3400 577">
     <span class='ocr_line' id='line_1_5' title="bbox 1861 495 3400 577; baseline -0.011 -13"><span class='ocrx_word' id='word_1_30' title='bbox 1861 519 2082 564; x_wconf 74' lang='grc' dir='ltr'>ιοιιιιιιιη</span> <span class='ocrx_word' id='word_1_31' title='bbox 2108 522 2205 577; x_wconf 90' lang='lat' dir='ltr'><strong>per</strong></span> <span class='ocrx_word' id='word_1_32' title='bbox 2236 506 2607 560; x_wconf 71' lang='lat' dir='ltr'><strong>continentem</strong></span> <span class='ocrx_word' id='word_1_33' title='bbox 2657 509 2710 555; x_wconf 89' lang='lat' dir='ltr'><strong>et</strong></span> <span class='ocrx_word' id='word_1_34' title='bbox 2761 498 2958 570; x_wconf 87' lang='lat' dir='ltr'><strong>Cyzico</strong></span> <span class='ocrx_word' id='word_1_35' title='bbox 3007 505 3168 566; x_wconf 82' lang='lat' dir='ltr'><strong>capta</strong></span> <span class='ocrx_word' id='word_1_36' title='bbox 3221 495 3400 549; x_wconf 84' lang='lat' dir='ltr'><strong>obiter</strong></span> 
     </span>
    </p>
   </div>
   <div class='ocr_carea' id='block_1_6' title="bbox 217 587 1762 679">
    <p class='ocr_par' dir='ltr' id='par_1_6' title="bbox 217 587 1736 679">
     <span class='ocr_line' id='line_1_6' title="bbox 217 587 1736 679; baseline -0.007 -12"><span class='ocrx_word' id='word_1_37' title='bbox 217 587 646 679; x_wconf 25' lang='lat' dir='ltr'><strong>reuinctpaquoii</strong></span> <span class='ocrx_word' id='word_1_38' title='bbox 672 607 787 677; x_wconf 86' lang='lat'><strong>(70)</strong></span> <span class='ocrx_word' id='word_1_39' title='bbox 819 605 1220 671; x_wconf 78' lang='grc' dir='ltr'>ἐξαπέστειλεν.</span> <span class='ocrx_word' id='word_1_40' title='bbox 1246 607 1308 659; x_wconf 81' lang='grc' dir='ltr'><strong>Οἳ</strong></span> <span class='ocrx_word' id='word_1_41' title='bbox 1341 605 1433 658; x_wconf 77' lang='grc' dir='ltr'>καὶ</span> <span class='ocrx_word' id='word_1_42' title='bbox 1462 606 1520 672; x_wconf 80' lang='grc' dir='ltr'>ἐξ</span> <span class='ocrx_word' id='word_1_43' title='bbox 1545 605 1736 674; x_wconf 88' lang='grc' dir='ltr'>ἐφόδου</span> 
     </span>
    </p>
   </div>
   <div class='ocr_carea' id='block_1_7' title="bbox 1861 587 3402 679">
    <p class='ocr_par' dir='ltr' id='par_1_7' title="bbox 1861 587 3402 668">
     <span class='ocr_line' id='line_1_7' title="bbox 1861 587 3402 668; baseline -0.012 -13"><span class='ocrx_word' id='word_1_44' title='bbox 1861 600 2205 668; x_wconf 68' lang='grc' dir='ltr'>παιδὶιιὶοιμιο</span> <span class='ocrx_word' id='word_1_45' title='bbox 2257 596 2490 657; x_wconf 81' lang='lat' dir='ltr'><strong>ﬁrmata,</strong></span> <span class='ocrx_word' id='word_1_46' title='bbox 2549 601 2821 646; x_wconf 88' lang='lat' dir='ltr'><strong>trecentos</strong></span> <span class='ocrx_word' id='word_1_47' title='bbox 2877 587 3049 643; x_wconf 87' lang='lat' dir='ltr'><strong>fortes</strong></span> <span class='ocrx_word' id='word_1_48' title='bbox 3105 594 3161 639; x_wconf 89' lang='lat' dir='ltr'><strong>et</strong></span> <span class='ocrx_word' id='word_1_49' title='bbox 3225 597 3402 652; x_wconf 88' lang='lat' dir='ltr'><strong>oppu-</strong></span> 
     </span>
    </p>
   </div>
   <div class='ocr_carea' id='block_1_8' title="bbox 214 678 1762 769">
    <p class='ocr_par' dir='ltr' id='par_1_8' title="bbox 214 683 1738 769">
     <span class='ocr_line' id='line_1_8' title="bbox 214 683 1738 769; baseline -0.007 -11"><span class='ocrx_word' id='word_1_50' title='bbox 214 704 346 758; x_wconf 82' lang='grc' dir='ltr'>τοῦτο</span> <span class='ocrx_word' id='word_1_51' title='bbox 373 701 649 769; x_wconf 75' lang='grc' dir='ltr'><strong>κατέσχον,</strong></span> <span class='ocrx_word' id='word_1_52' title='bbox 674 699 772 752; x_wconf 71' lang='grc' dir='ltr'>καὶ</span> <span class='ocrx_word' id='word_1_53' title='bbox 798 700 926 760; x_wconf 85' lang='grc' dir='ltr'>τοὺς</span> <span class='ocrx_word' id='word_1_54' title='bbox 960 698 1058 768; x_wconf 83' lang='grc' dir='ltr'>μὲν</span> <span class='ocrx_word' id='word_1_55' title='bbox 1087 697 1196 750; x_wconf 73' lang='grc' dir='ltr'><strong>τῶν</strong></span> <span class='ocrx_word' id='word_1_56' title='bbox 1237 699 1386 758; x_wconf 76' lang='grc' dir='ltr'>ἐντὸς</span> <span class='ocrx_word' id='word_1_57' title='bbox 1418 683 1611 748; x_wconf 69' lang='grc' dir='ltr'>τούτου</span> <span class='ocrx_word' id='word_1_58' title='bbox 1637 695 1738 747; x_wconf 81' lang='grc' dir='ltr'><strong>αὺ-</strong></span> 
     </span>
    </p>
   </div>
   <div class='ocr_carea' id='block_1_9' title="bbox 1861 678 3401 769">
    <p class='ocr_par' dir='ltr' id='par_1_9' title="bbox 1861 678 3401 761">
     <span class='ocr_line' id='line_1_9' title="bbox 1861 678 3401 761; baseline -0.01 -18"><span class='ocrx_word' id='word_1_59' title='bbox 1861 692 2073 761; x_wconf 75' lang='lat' dir='ltr'><strong>;nandis</strong></span> <span class='ocrx_word' id='word_1_60' title='bbox 2131 690 2352 744; x_wconf 84' lang='lat' dir='ltr'><strong>arcibus</strong></span> <span class='ocrx_word' id='word_1_61' title='bbox 2410 686 2755 749; x_wconf 82' lang='lat' dir='ltr'><strong>exercitatos,</strong></span> <span class='ocrx_word' id='word_1_62' title='bbox 2815 696 2844 735; x_wconf 92' lang='lat' dir='ltr'><strong>a</strong></span> <span class='ocrx_word' id='word_1_63' title='bbox 2905 679 3124 735; x_wconf 66' lang='lat' dir='ltr'><strong>caeteris</strong></span> <span class='ocrx_word' id='word_1_64' title='bbox 3175 678 3401 732; x_wconf 81' lang='lat' dir='ltr'><strong>avulsus</strong></span> 
     </span>
    </p>
   </div>
   <div class='ocr_carea' id='block_1_10' title="bbox 216 769 1762 854">
    <p class='ocr_par' dir='ltr' id='par_1_10' title="bbox 216 783 1740 854">
     <span class='ocr_line' id='line_1_10' title="bbox 216 783 1740 854; baseline -0.01 -9"><span class='ocrx_word' id='word_1_65' title='bbox 216 793 295 845; x_wconf 79' lang='grc' dir='ltr'><strong>τοῦ</strong></span> <span class='ocrx_word' id='word_1_66' title='bbox 341 808 432 843; x_wconf 84' lang='grc' dir='ltr'><strong>που</strong></span> <span class='ocrx_word' id='word_1_67' title='bbox 479 789 768 851; x_wconf 84' lang='grc' dir='ltr'>κτείνουσι,</span> <span class='ocrx_word' id='word_1_68' title='bbox 803 791 931 849; x_wconf 68' lang='grc' dir='ltr'>τοὺς</span> <span class='ocrx_word' id='word_1_69' title='bbox 969 786 1025 838; x_wconf 85' lang='grc' dir='ltr'>δὲ</span> <span class='ocrx_word' id='word_1_70' title='bbox 1059 787 1154 839; x_wconf 78' lang='grc' dir='ltr'>καὶ</span> <span class='ocrx_word' id='word_1_71' title='bbox 1196 784 1440 853; x_wconf 77' lang='grc' dir='ltr'>ζωγρίαν</span> <span class='ocrx_word' id='word_1_72' title='bbox 1477 785 1615 854; x_wconf 69' lang='grc' dir='ltr'>πρδς</span> <span class='ocrx_word' id='word_1_73' title='bbox 1649 783 1740 835; x_wconf 75' lang='grc' dir='ltr'>τὸν</span> 
     </span>
    </p>
   </div>
   <div class='ocr_carea' id='block_1_11' title="bbox 1861 769 3399 854">
    <p class='ocr_par' dir='ltr' id='par_1_11' title="bbox 1861 769 3399 852">
     <span class='ocr_line' id='line_1_11' title="bbox 1861 769 3399 852; baseline -0.01 -15"><span class='ocrx_word' id='word_1_74' title='bbox 1861 784 2040 852; x_wconf 86' lang='lat' dir='ltr'><strong>:opiis,</strong></span> <span class='ocrx_word' id='word_1_75' title='bbox 2101 789 2300 836; x_wconf 86' lang='lat' dir='ltr'><strong>contra</strong></span> <span class='ocrx_word' id='word_1_76' title='bbox 2343 779 2734 833; x_wconf 80' lang='lat' dir='ltr'><strong>Peemanenum</strong></span> <span class='ocrx_word' id='word_1_77' title='bbox 2802 773 2993 828; x_wconf 85' lang='lat' dir='ltr'><strong>misit:</strong></span> <span class='ocrx_word' id='word_1_78' title='bbox 3044 771 3137 841; x_wconf 87' lang='lat' dir='ltr'><strong>qui</strong></span> <span class='ocrx_word' id='word_1_79' title='bbox 3186 780 3242 825; x_wconf 90' lang='lat' dir='ltr'><strong>et</strong></span> <span class='ocrx_word' id='word_1_80' title='bbox 3294 769 3399 836; x_wconf 86' lang='lat' dir='ltr'><strong>ipsi</strong></span> 
     </span>
    </p>
   </div>
   <div class='ocr_carea' id='block_1_12' title="bbox 215 860 1762 948">
    <p class='ocr_par' dir='ltr' id='par_1_12' title="bbox 215 874 1743 948">
     <span class='ocr_line' id='line_1_12' title="bbox 215 874 1743 948; baseline -0.008 -11"><span class='ocrx_word' id='word_1_81' title='bbox 215 881 362 937; x_wconf 77' lang='grc' dir='ltr'>Ὠπον</span> <span class='ocrx_word' id='word_1_82' title='bbox 389 879 750 948; x_wconf 79' lang='grc' dir='ltr'>πεπόμφασιν.</span> <span class='ocrx_word' id='word_1_83' title='bbox 802 879 860 930; x_wconf 88' lang='lat'><strong>&#39;0</strong></span> <span class='ocrx_word' id='word_1_84' title='bbox 893 877 948 930; x_wconf 82' lang='grc' dir='ltr'>δὲ</span> <span class='ocrx_word' id='word_1_85' title='bbox 987 876 1180 930; x_wconf 78' lang='grc' dir='ltr'>θᾶττον</span> <span class='ocrx_word' id='word_1_86' title='bbox 1209 877 1430 938; x_wconf 76' lang='grc' dir='ltr'><strong>τούτους</strong></span> <span class='ocrx_word' id='word_1_87' title='bbox 1480 875 1614 945; x_wconf 77' lang='grc' dir='ltr'>πρὸς</span> <span class='ocrx_word' id='word_1_88' title='bbox 1653 874 1743 926; x_wconf 82' lang='grc' dir='ltr'>τὸν</span> 
     </span>
    </p>
   </div>
   <div class='ocr_carea' id='block_1_13' title="bbox 1861 860 3401 948">
    <p class='ocr_par' dir='ltr' id='par_1_13' title="bbox 1861 860 3401 942">
     <span class='ocr_line' id='line_1_13' title="bbox 1861 860 3401 942; baseline -0.012 -14"><span class='ocrx_word' id='word_1_89' title='bbox 1861 881 2114 928; x_wconf 76' lang='lat' dir='ltr'><strong>tavarunt</strong></span> <span class='ocrx_word' id='word_1_90' title='bbox 2152 886 2369 942; x_wconf 76' lang='lat' dir='ltr'><strong>cperam</strong></span> <span class='ocrx_word' id='word_1_91' title='bbox 2393 877 2446 924; x_wconf 89' lang='lat' dir='ltr'><strong>et</strong></span> <span class='ocrx_word' id='word_1_92' title='bbox 2476 867 2621 922; x_wconf 89' lang='lat' dir='ltr'><strong>istud</strong></span> <span class='ocrx_word' id='word_1_93' title='bbox 2663 879 2886 934; x_wconf 91' lang='lat' dir='ltr'><strong>quoque</strong></span> <span class='ocrx_word' id='word_1_94' title='bbox 2930 872 3175 916; x_wconf 86' lang='lat' dir='ltr'><strong>castrum</strong></span> <span class='ocrx_word' id='word_1_95' title='bbox 3227 860 3401 929; x_wconf 87' lang='lat' dir='ltr'><strong>prima</strong></span> 
     </span>
    </p>
   </div>
   <div class='ocr_carea' id='block_1_14' title="bbox 218 955 1762 1042">
    <p class='ocr_par' dir='ltr' id='par_1_14' title="bbox 218 966 1744 1042">
     <span class='ocr_line' id='line_1_14' title="bbox 218 966 1744 1042; baseline -0.005 -16"><span class='ocrx_word' id='word_1_96' title='bbox 218 973 412 1042; x_wconf 80' lang='grc' dir='ltr'>βασιλέα</span> <span class='ocrx_word' id='word_1_97' title='bbox 439 971 814 1039; x_wconf 80' lang='grc' dir='ltr'>ἐκπέπομφεν·</span> <span class='ocrx_word' id='word_1_98' title='bbox 850 969 1014 1031; x_wconf 82' lang='grc' dir='ltr'>αὐτὸς</span> <span class='ocrx_word' id='word_1_99' title='bbox 1045 968 1102 1020; x_wconf 80' lang='grc' dir='ltr'>δὲ</span> <span class='ocrx_word' id='word_1_100' title='bbox 1135 967 1344 1021; x_wconf 79' lang='grc' dir='ltr'>ἐκεῖθεν</span> <span class='ocrx_word' id='word_1_101' title='bbox 1369 969 1609 1036; x_wconf 77' lang='grc' dir='ltr'>ἀπάρας,</span> <span class='ocrx_word' id='word_1_102' title='bbox 1644 966 1744 1036; x_wconf 69' lang='grc' dir='ltr'>τὴν</span> 
     </span>
    </p>
   </div>
   <div class='ocr_carea' id='block_1_15' title="bbox 1861 955 3407 1042">
    <p class='ocr_par' dir='ltr' id='par_1_15' title="bbox 1867 955 3407 1038">
     <span class='ocr_line' id='line_1_15' title="bbox 1867 955 3407 1038; baseline -0.014 -16"><span class='ocrx_word' id='word_1_103' title='bbox 1867 982 1965 1038; x_wconf 85' lang='lat' dir='ltr'><strong>psa</strong></span> <span class='ocrx_word' id='word_1_104' title='bbox 2005 965 2321 1020; x_wconf 81' lang='lat' dir='ltr'><strong>incursiOne</strong></span> <span class='ocrx_word' id='word_1_105' title='bbox 2343 969 2628 1029; x_wconf 90' lang='lat' dir='ltr'><strong>ceperunt,</strong></span> <span class='ocrx_word' id='word_1_106' title='bbox 2662 959 2729 1012; x_wconf 90' lang='lat' dir='ltr'><strong>iis</strong></span> <span class='ocrx_word' id='word_1_107' title='bbox 2750 958 2843 1026; x_wconf 88' lang='lat' dir='ltr'><strong>qui</strong></span> <span class='ocrx_word' id='word_1_108' title='bbox 2895 955 3047 1008; x_wconf 91' lang='lat' dir='ltr'><strong>intus</strong></span> <span class='ocrx_word' id='word_1_109' title='bbox 3096 957 3253 1006; x_wconf 87' lang='lat' dir='ltr'><strong>erant</strong></span> <span class='ocrx_word' id='word_1_110' title='bbox 3281 964 3407 1019; x_wconf 88' lang='lat' dir='ltr'><strong>par-</strong></span> 
     </span>
    </p>
   </div>
   <div class='ocr_carea' id='block_1_16' title="bbox 224 1041 1762 1128">
    <p class='ocr_par' dir='ltr' id='par_1_16' title="bbox 224 1059 1745 1128">
     <span class='ocr_line' id='line_1_16' title="bbox 224 1059 1745 1128; baseline -0.005 -11"><span class='ocrx_word' id='word_1_111' title='bbox 224 1063 586 1117; x_wconf 79' lang='grc' dir='ltr'>Ἇπολλωνιάδα</span> <span class='ocrx_word' id='word_1_112' title='bbox 607 1060 1042 1126; x_wconf 74' lang='grc' dir='ltr'>καταλαμϐάνει,</span> <span class='ocrx_word' id='word_1_113' title='bbox 1069 1059 1164 1113; x_wconf 73' lang='grc' dir='ltr'>καὶ</span> <span class='ocrx_word' id='word_1_114' title='bbox 1196 1059 1500 1126; x_wconf 81' lang='grc' dir='ltr'>πολιορκῶν</span> <span class='ocrx_word' id='word_1_115' title='bbox 1540 1059 1745 1128; x_wconf 75' lang='grc' dir='ltr'>ταύτην</span> 
     </span>
    </p>
   </div>
   <div class='ocr_carea' id='block_1_17' title="bbox 1861 1041 3408 1128">
    <p class='ocr_par' dir='ltr' id='par_1_17' title="bbox 1861 1041 3408 1124">
     <span class='ocr_line' id='line_1_17' title="bbox 1861 1041 3408 1124; baseline -0.012 -14"><span class='ocrx_word' id='word_1_116' title='bbox 1861 1060 1946 1112; x_wconf 92' lang='lat' dir='ltr'><strong>.im</strong></span> <span class='ocrx_word' id='word_1_117' title='bbox 1983 1056 2206 1118; x_wconf 86' lang='lat' dir='ltr'><strong>occisis,</strong></span> <span class='ocrx_word' id='word_1_118' title='bbox 2240 1054 2434 1124; x_wconf 86' lang='lat' dir='ltr'><strong>partim</strong></span> <span class='ocrx_word' id='word_1_119' title='bbox 2475 1051 2529 1106; x_wconf 91' lang='lat' dir='ltr'><strong>in</strong></span> <span class='ocrx_word' id='word_1_120' title='bbox 2573 1049 2886 1104; x_wconf 89' lang='lat' dir='ltr'><strong>servitutem</strong></span> <span class='ocrx_word' id='word_1_121' title='bbox 2946 1043 3249 1113; x_wconf 75' lang='lat' dir='ltr'><strong>subjugatis</strong></span> <span class='ocrx_word' id='word_1_122' title='bbox 3285 1041 3408 1108; x_wconf 83' lang='lat' dir='ltr'><strong>jure</strong></span> 
     </span>
    </p>
   </div>
   <div class='ocr_carea' id='block_1_18' title="bbox 213 1129 1762 1219">
    <p class='ocr_par' dir='ltr' id='par_1_18' title="bbox 213 1148 1746 1219">
     <span class='ocr_line' id='line_1_18' title="bbox 213 1148 1746 1219; baseline -0.003 -13"><span class='ocrx_word' id='word_1_123' title='bbox 213 1154 300 1206; x_wconf 67' lang='grc' dir='ltr'><strong>οὒκ</strong></span> <span class='ocrx_word' id='word_1_124' title='bbox 357 1151 598 1204; x_wconf 83' lang='grc' dir='ltr'>ἐνεδίδου.</span> <span class='ocrx_word' id='word_1_125' title='bbox 643 1151 703 1203; x_wconf 90' lang='lat'><strong>&#39;0</strong></span> <span class='ocrx_word' id='word_1_126' title='bbox 724 1150 781 1202; x_wconf 84' lang='grc' dir='ltr'>δὲ</span> <span class='ocrx_word' id='word_1_127' title='bbox 821 1149 1082 1219; x_wconf 79' lang='grc' dir='ltr'>Ἐλχὰνης</span> <span class='ocrx_word' id='word_1_128' title='bbox 1113 1149 1438 1219; x_wconf 78' lang='grc' dir='ltr'>ἀποχρῶσαν</span> <span class='ocrx_word' id='word_1_129' title='bbox 1469 1150 1565 1202; x_wconf 80' lang='grc' dir='ltr'><strong>ἀπ’</strong></span> <span class='ocrx_word' id='word_1_130' title='bbox 1621 1148 1746 1218; x_wconf 80' lang='grc' dir='ltr'>ἄρτι</span> 
     </span>
    </p>
   </div>
   <div class='ocr_carea' id='block_1_19' title="bbox 1861 1129 3407 1219">
    <p class='ocr_par' dir='ltr' id='par_1_19' title="bbox 1861 1129 3407 1216">
     <span class='ocr_line' id='line_1_19' title="bbox 1861 1129 3407 1216; baseline -0.011 -16"><span class='ocrx_word' id='word_1_131' title='bbox 1861 1149 1996 1210; x_wconf 79' lang='lat' dir='ltr'><strong>belli,</strong></span> <span class='ocrx_word' id='word_1_132' title='bbox 2031 1161 2172 1216; x_wconf 91' lang='lat' dir='ltr'><strong>quos</strong></span> <span class='ocrx_word' id='word_1_133' title='bbox 2217 1153 2273 1199; x_wconf 91' lang='lat' dir='ltr'><strong>et</strong></span> <span class='ocrx_word' id='word_1_134' title='bbox 2323 1142 2389 1195; x_wconf 88' lang='lat' dir='ltr'><strong>ad</strong></span> <span class='ocrx_word' id='word_1_135' title='bbox 2425 1143 2596 1211; x_wconf 92' lang='lat' dir='ltr'><strong>Opum</strong></span> <span class='ocrx_word' id='word_1_136' title='bbox 2649 1139 2954 1202; x_wconf 86' lang='lat' dir='ltr'><strong>miserunt;</strong></span> <span class='ocrx_word' id='word_1_137' title='bbox 3009 1135 3099 1189; x_wconf 90' lang='lat' dir='ltr'><strong>ille</strong></span> <span class='ocrx_word' id='word_1_138' title='bbox 3121 1133 3303 1188; x_wconf 86' lang='lat' dir='ltr'><strong>statim</strong></span> <span class='ocrx_word' id='word_1_139' title='bbox 3338 1129 3407 1183; x_wconf 90' lang='lat' dir='ltr'><strong>ad</strong></span> 
     </span>
    </p>
   </div>
   <div class='ocr_carea' id='block_1_20' title="bbox 214 1222 1762 1310">
    <p class='ocr_par' dir='ltr' id='par_1_20' title="bbox 214 1238 1748 1310">
     <span class='ocr_line' id='line_1_20' title="bbox 214 1238 1748 1310; baseline -0.004 -17"><span class='ocrx_word' id='word_1_140' title='bbox 214 1242 329 1310; x_wconf 75' lang='grc' dir='ltr'>πρὸς</span> <span class='ocrx_word' id='word_1_141' title='bbox 345 1240 494 1292; x_wconf 75' lang='grc' dir='ltr'>αὑτὸν</span> <span class='ocrx_word' id='word_1_142' title='bbox 519 1238 595 1309; x_wconf 79' lang='grc' dir='ltr'>μὴ</span> <span class='ocrx_word' id='word_1_143' title='bbox 620 1238 758 1308; x_wconf 74' lang='grc' dir='ltr'>ἔχων</span> <span class='ocrx_word' id='word_1_144' title='bbox 779 1238 1028 1308; x_wconf 82' lang='grc' dir='ltr'>δύναμιν,</span> <span class='ocrx_word' id='word_1_145' title='bbox 1045 1239 1146 1308; x_wconf 82' lang='grc' dir='ltr'>τὴν</span> <span class='ocrx_word' id='word_1_146' title='bbox 1169 1239 1268 1309; x_wconf 79' lang='grc' dir='ltr'>μὲν</span> <span class='ocrx_word' id='word_1_147' title='bbox 1293 1239 1444 1291; x_wconf 75' lang='grc' dir='ltr'>πόλιν</span> <span class='ocrx_word' id='word_1_148' title='bbox 1465 1238 1748 1305; x_wconf 79' lang='grc' dir='ltr'>ἐθελοντὴς</span> 
     </span>
    </p>
   </div>
   <div class='ocr_carea' id='block_1_21' title="bbox 1861 1222 3410 1310">
    <p class='ocr_par' dir='ltr' id='par_1_21' title="bbox 1861 1222 3410 1305">
     <span class='ocr_line' id='line_1_21' title="bbox 1861 1222 3410 1305; baseline -0.008 -18"><span class='ocrx_word' id='word_1_149' title='bbox 1861 1239 2238 1305; x_wconf 65' lang='lat' dir='ltr'><strong>imperatorem</strong></span> <span class='ocrx_word' id='word_1_150' title='bbox 2277 1231 2491 1285; x_wconf 83' lang='lat' dir='ltr'><strong>curavit</strong></span> <span class='ocrx_word' id='word_1_151' title='bbox 2551 1226 2854 1283; x_wconf 89' lang='lat' dir='ltr'><strong>ducendos.</strong></span> <span class='ocrx_word' id='word_1_152' title='bbox 2910 1224 3048 1279; x_wconf 88' lang='lat' dir='ltr'><strong>Hinc</strong></span> <span class='ocrx_word' id='word_1_153' title='bbox 3095 1226 3207 1293; x_wconf 88' lang='lat' dir='ltr'><strong>jam</strong></span> <span class='ocrx_word' id='word_1_154' title='bbox 3257 1222 3410 1290; x_wconf 85' lang='lat' dir='ltr'><strong>Opus</strong></span> 
     </span>
    </p>
   </div>
   <div class='ocr_carea' id='block_1_22' title="bbox 211 1318 1762 1400">
    <p class='ocr_par' dir='ltr' id='par_1_22' title="bbox 211 1323 1753 1400">
     <span class='ocr_line' id='line_1_22' title="bbox 211 1323 1753 1400; baseline -0.001 -18"><span class='ocrx_word' id='word_1_155' title='bbox 211 1330 569 1400; x_wconf 73' lang='grc' dir='ltr'>παραδίδωσιν,</span> <span class='ocrx_word' id='word_1_156' title='bbox 607 1330 769 1392; x_wconf 79' lang='grc' dir='ltr'>αὐτὸς</span> <span class='ocrx_word' id='word_1_157' title='bbox 793 1329 848 1382; x_wconf 85' lang='grc' dir='ltr'>δὲ</span> <span class='ocrx_word' id='word_1_158' title='bbox 881 1331 1021 1398; x_wconf 81' lang='grc' dir='ltr'>μετά</span> <span class='ocrx_word' id='word_1_159' title='bbox 1053 1329 1162 1382; x_wconf 84' lang='grc' dir='ltr'><strong>τῶν</strong></span> <span class='ocrx_word' id='word_1_160' title='bbox 1206 1329 1326 1382; x_wconf 78' lang='grc' dir='ltr'>καθ’</span> <span class='ocrx_word' id='word_1_161' title='bbox 1353 1323 1492 1398; x_wconf 77' lang='grc' dir='ltr'>αἷμα</span> <span class='ocrx_word' id='word_1_162' title='bbox 1536 1345 1753 1397; x_wconf 82' lang='grc' dir='ltr'>προση-</span> 
     </span>
    </p>
   </div>
   <div class='ocr_carea' id='block_1_23' title="bbox 1861 1318 3410 1400">
    <p class='ocr_par' dir='ltr' id='par_1_23' title="bbox 1861 1318 3410 1392">
     <span class='ocr_line' id='line_1_23' title="bbox 1861 1318 3410 1392; baseline -0.011 -11"><span class='ocrx_word' id='word_1_163' title='bbox 1861 1337 1999 1383; x_wconf 84' lang='lat' dir='ltr'><strong>recta</strong></span> <span class='ocrx_word' id='word_1_164' title='bbox 2032 1326 2184 1380; x_wconf 89' lang='lat' dir='ltr'><strong>ducit</strong></span> <span class='ocrx_word' id='word_1_165' title='bbox 2211 1325 2277 1378; x_wconf 91' lang='lat' dir='ltr'><strong>ad</strong></span> <span class='ocrx_word' id='word_1_166' title='bbox 2301 1320 2713 1392; x_wconf 81' lang='lat' dir='ltr'><strong>Apolloniadem</strong></span> <span class='ocrx_word' id='word_1_167' title='bbox 2770 1318 3059 1387; x_wconf 87' lang='lat' dir='ltr'><strong>validaque</strong></span> <span class='ocrx_word' id='word_1_168' title='bbox 3121 1329 3410 1385; x_wconf 79' lang='lat' dir='ltr'><strong>oppugna-</strong></span> 
     </span>
    </p>
   </div>
   <div class='ocr_carea' id='block_1_24' title="bbox 213 1407 1762 1492">
    <p class='ocr_par' dir='ltr' id='par_1_24' title="bbox 213 1418 1751 1492">
     <span class='ocr_line' id='line_1_24' title="bbox 213 1418 1751 1492; baseline -0.001 -18"><span class='ocrx_word' id='word_1_169' title='bbox 213 1423 390 1474; x_wconf 80' lang='grc' dir='ltr'>κὸντων</span> <span class='ocrx_word' id='word_1_170' title='bbox 417 1421 714 1490; x_wconf 74' lang='grc' dir='ltr'><strong>αὐτομολεῖ</strong></span> <span class='ocrx_word' id='word_1_171' title='bbox 742 1422 880 1492; x_wconf 79' lang='grc' dir='ltr'>πρὸς</span> <span class='ocrx_word' id='word_1_172' title='bbox 911 1420 1002 1473; x_wconf 85' lang='grc' dir='ltr'><strong>τὸν</strong></span> <span class='ocrx_word' id='word_1_173' title='bbox 1021 1419 1246 1491; x_wconf 83' lang='grc' dir='ltr'><strong>βασιλέα</strong></span> <span class='ocrx_word' id='word_1_174' title='bbox 1275 1419 1371 1473; x_wconf 75' lang='grc' dir='ltr'>καὶ</span> <span class='ocrx_word' id='word_1_175' title='bbox 1395 1420 1601 1490; x_wconf 76' lang='grc' dir='ltr'>μυρίων</span> <span class='ocrx_word' id='word_1_176' title='bbox 1651 1418 1751 1486; x_wconf 83' lang='grc' dir='ltr'>μὲν</span> 
     </span>
    </p>
   </div>
   <div class='ocr_carea' id='block_1_25' title="bbox 1861 1407 3413 1492">
    <p class='ocr_par' dir='ltr' id='par_1_25' title="bbox 1861 1407 3413 1488">
     <span class='ocr_line' id='line_1_25' title="bbox 1861 1407 3413 1488; baseline -0.009 -16"><span class='ocrx_word' id='word_1_177' title='bbox 1861 1421 2001 1474; x_wconf 81' lang='lat' dir='ltr'><strong>tione</strong></span> <span class='ocrx_word' id='word_1_178' title='bbox 2030 1419 2143 1473; x_wconf 90' lang='lat' dir='ltr'><strong>cito</strong></span> <span class='ocrx_word' id='word_1_179' title='bbox 2179 1421 2451 1488; x_wconf 84' lang='lat' dir='ltr'><strong>expressit</strong></span> <span class='ocrx_word' id='word_1_180' title='bbox 2484 1414 2774 1470; x_wconf 67' lang='lat' dir='ltr'><strong>Helchanaa</strong></span> <span class='ocrx_word' id='word_1_181' title='bbox 2808 1410 3210 1465; x_wconf 82' lang='lat' dir='ltr'><strong>confessionem</strong></span> <span class='ocrx_word' id='word_1_182' title='bbox 3259 1407 3413 1460; x_wconf 84' lang='lat' dir='ltr'><strong>infir-</strong></span> 
     </span>
    </p>
   </div>
   <div class='ocr_carea' id='block_1_26' title="bbox 211 1499 1762 1580">
    <p class='ocr_par' dir='ltr' id='par_1_26' title="bbox 211 1509 1751 1580">
     <span class='ocr_line' id='line_1_26' title="bbox 211 1509 1751 1580; baseline -0.003 -15"><span class='ocrx_word' id='word_1_183' title='bbox 211 1512 518 1566; x_wconf 75' lang='grc' dir='ltr'>ἐπαπολαύει</span> <span class='ocrx_word' id='word_1_184' title='bbox 553 1510 770 1578; x_wconf 82' lang='grc' dir='ltr'>δωρεῶν</span> <span class='ocrx_word' id='word_1_185' title='bbox 793 1526 808 1540; x_wconf 77' lang='grc' dir='ltr'><strong>ο</strong></span> <span class='ocrx_word' id='word_1_186' title='bbox 841 1511 1098 1580; x_wconf 82' lang='grc' dir='ltr'><strong>τυγχάνει</strong></span> <span class='ocrx_word' id='word_1_187' title='bbox 1127 1510 1182 1562; x_wconf 81' lang='grc' dir='ltr'>δὲ</span> <span class='ocrx_word' id='word_1_188' title='bbox 1216 1509 1426 1562; x_wconf 77' lang='grc' dir='ltr'>καὶτοῦ</span> <span class='ocrx_word' id='word_1_189' title='bbox 1470 1510 1751 1578; x_wconf 84' lang='grc' dir='ltr'>μεγίστου,-</span> 
     </span>
    </p>
   </div>
   <div class='ocr_carea' id='block_1_27' title="bbox 1861 1499 3412 1580">
    <p class='ocr_par' dir='ltr' id='par_1_27' title="bbox 1861 1499 3412 1565">
     <span class='ocr_line' id='line_1_27' title="bbox 1861 1499 3412 1565; baseline -0.012 0"><span class='ocrx_word' id='word_1_190' title='bbox 1861 1511 2061 1565; x_wconf 86' lang='lat' dir='ltr'><strong>mitatis</strong></span> <span class='ocrx_word' id='word_1_191' title='bbox 2119 1524 2255 1563; x_wconf 66' lang='lat' dir='ltr'><strong>suae.</strong></span> <span class='ocrx_word' id='word_1_192' title='bbox 2308 1507 2358 1560; x_wconf 89' lang='lat' dir='ltr'><strong>ls</strong></span> <span class='ocrx_word' id='word_1_193' title='bbox 2426 1504 2752 1559; x_wconf 81' lang='lat' dir='ltr'><strong>necessitate</strong></span> <span class='ocrx_word' id='word_1_194' title='bbox 2804 1505 2858 1554; x_wconf 89' lang='lat' dir='ltr'><strong>in</strong></span> <span class='ocrx_word' id='word_1_195' title='bbox 2911 1499 3200 1555; x_wconf 89' lang='lat' dir='ltr'><strong>consilium</strong></span> <span class='ocrx_word' id='word_1_196' title='bbox 3253 1510 3412 1549; x_wconf 84' lang='lat' dir='ltr'><strong>versa</strong></span> 
     </span>
    </p>
   </div>
   <div class='ocr_carea' id='block_1_28' title="bbox 211 1591 1762 1672">
    <p class='ocr_par' dir='ltr' id='par_1_28' title="bbox 211 1602 1754 1672">
     <span class='ocr_line' id='line_1_28' title="bbox 211 1602 1754 1672; baseline -0.001 -16"><span class='ocrx_word' id='word_1_197' title='bbox 211 1605 289 1656; x_wconf 70' lang='grc' dir='ltr'>τοῦ</span> <span class='ocrx_word' id='word_1_198' title='bbox 317 1604 462 1670; x_wconf 75' lang='grc' dir='ltr'>ἁγίου</span> <span class='ocrx_word' id='word_1_199' title='bbox 489 1604 636 1672; x_wconf 76' lang='grc' dir='ltr'>φημὶ</span> <span class='ocrx_word' id='word_1_200' title='bbox 678 1602 1026 1672; x_wconf 84' lang='grc' dir='ltr'>φωτίσματος</span> <span class='ocrx_word' id='word_1_201' title='bbox 1057 1603 1125 1656; x_wconf 83' lang='lat'><strong>&quot;.</strong></span> <span class='ocrx_word' id='word_1_202' title='bbox 1165 1602 1384 1656; x_wconf 84' lang='grc' dir='ltr'>Ὀπόσοι</span> <span class='ocrx_word' id='word_1_203' title='bbox 1430 1603 1488 1654; x_wconf 82' lang='grc' dir='ltr'>δὲ</span> <span class='ocrx_word' id='word_1_204' title='bbox 1528 1602 1754 1672; x_wconf 80' lang='grc' dir='ltr'>συνέψε-</span> 
     </span>
    </p>
   </div>
   <div class='ocr_carea' id='block_1_29' title="bbox 1861 1591 3415 1672">
    <p class='ocr_par' dir='ltr' id='par_1_29' title="bbox 1861 1591 3415 1669">
     <span class='ocr_line' id='line_1_29' title="bbox 1861 1591 3415 1669; baseline -0.01 -11"><span class='ocrx_word' id='word_1_205' title='bbox 1861 1605 2011 1658; x_wconf 82' lang='lat' dir='ltr'><strong>urbis</strong></span> <span class='ocrx_word' id='word_1_206' title='bbox 2047 1603 2191 1656; x_wconf 92' lang='lat' dir='ltr'><strong>ultro</strong></span> <span class='ocrx_word' id='word_1_207' title='bbox 2231 1607 2396 1669; x_wconf 85' lang='lat' dir='ltr'><strong>atque</strong></span> <span class='ocrx_word' id='word_1_208' title='bbox 2426 1597 2572 1652; x_wconf 87' lang='lat' dir='ltr'><strong>arcis</strong></span> <span class='ocrx_word' id='word_1_209' title='bbox 2600 1598 2729 1665; x_wconf 90' lang='lat' dir='ltr'><strong>quin</strong></span> <span class='ocrx_word' id='word_1_210' title='bbox 2761 1595 2924 1650; x_wconf 90' lang='lat' dir='ltr'><strong>etiam</strong></span> <span class='ocrx_word' id='word_1_211' title='bbox 2947 1605 3035 1648; x_wconf 58' lang='lat' dir='ltr'><strong>vet</strong></span> <span class='ocrx_word' id='word_1_212' title='bbox 3063 1591 3151 1645; x_wconf 78' lang='lat' dir='ltr'><strong>sui</strong></span> <span class='ocrx_word' id='word_1_213' title='bbox 3195 1603 3415 1660; x_wconf 83' lang='lat' dir='ltr'><strong>quoque</strong></span> 
     </span>
    </p>
   </div>
   <div class='ocr_carea' id='block_1_30' title="bbox 208 1687 1762 1765">
    <p class='ocr_par' dir='ltr' id='par_1_30' title="bbox 208 1694 1754 1765">
     <span class='ocr_line' id='line_1_30' title="bbox 208 1694 1754 1765; baseline 0.001 -18"><span class='ocrx_word' id='word_1_214' title='bbox 208 1696 314 1748; x_wconf 78' lang='grc' dir='ltr'>σθαι</span> <span class='ocrx_word' id='word_1_215' title='bbox 339 1695 413 1764; x_wconf 81' lang='grc' dir='ltr'>τῷ</span> <span class='ocrx_word' id='word_1_216' title='bbox 437 1696 594 1763; x_wconf 84' lang='grc' dir='ltr'><strong>Ὠπῳ</strong></span> <span class='ocrx_word' id='word_1_217' title='bbox 625 1695 726 1746; x_wconf 83' lang='grc' dir='ltr'>οὐκ</span> <span class='ocrx_word' id='word_1_218' title='bbox 770 1694 982 1764; x_wconf 64' lang='grc' dir='ltr'>ἤθελον,</span> <span class='ocrx_word' id='word_1_219' title='bbox 1028 1695 1056 1747; x_wconf 83' lang='grc' dir='ltr'><strong>ὅ</strong></span> <span class='ocrx_word' id='word_1_220' title='bbox 1088 1711 1146 1746; x_wconf 87' lang='grc' dir='ltr'><strong>τε</strong></span> <span class='ocrx_word' id='word_1_221' title='bbox 1176 1694 1498 1765; x_wconf 78' lang='grc' dir='ltr'>Σκαλιάριος</span> <span class='ocrx_word' id='word_1_222' title='bbox 1530 1695 1574 1726; x_wconf 67' lang='grc'>⁸⁸</span> <span class='ocrx_word' id='word_1_223' title='bbox 1605 1697 1698 1748; x_wconf 77' lang='grc' dir='ltr'><strong>καὶ</strong></span> <span class='ocrx_word' id='word_1_224' title='bbox 1727 1696 1754 1748; x_wconf 88' lang='grc' dir='ltr'>ὁ</span> 
     </span>
    </p>
   </div>
   <div class='ocr_carea' id='block_1_31' title="bbox 1861 1687 3415 1765">
    <p class='ocr_par' dir='ltr' id='par_1_31' title="bbox 1861 1687 3415 1756">
     <span class='ocr_line' id='line_1_31' title="bbox 1861 1687 3415 1756; baseline -0.011 -6"><span class='ocrx_word' id='word_1_225' title='bbox 1861 1695 2193 1750; x_wconf 82' lang='lat' dir='ltr'><strong>deditionem</strong></span> <span class='ocrx_word' id='word_1_226' title='bbox 2241 1692 2414 1756; x_wconf 80' lang='lat' dir='ltr'><strong>facit;</strong></span> <span class='ocrx_word' id='word_1_227' title='bbox 2465 1703 2592 1744; x_wconf 91' lang='lat' dir='ltr'><strong>nam</strong></span> <span class='ocrx_word' id='word_1_228' title='bbox 2639 1687 3064 1754; x_wconf 78' lang='lat' dir='ltr'><strong>consanguineis</strong></span> <span class='ocrx_word' id='word_1_229' title='bbox 3112 1697 3297 1738; x_wconf 86' lang='lat' dir='ltr'><strong>secum</strong></span> <span class='ocrx_word' id='word_1_230' title='bbox 3328 1696 3415 1734; x_wconf 87' lang='lat' dir='ltr'><strong>as-</strong></span> 
     </span>
    </p>
   </div>
   <div class='ocr_carea' id='block_1_32' title="bbox 206 1768 1762 1857">
    <p class='ocr_par' dir='ltr' id='par_1_32' title="bbox 206 1786 1755 1857">
     <span class='ocr_line' id='line_1_32' title="bbox 206 1786 1755 1857; baseline -0.001 -17"><span class='ocrx_word' id='word_1_231' title='bbox 206 1789 258 1840; x_wconf 76' lang='grc' dir='ltr'>ὲν</span> <span class='ocrx_word' id='word_1_232' title='bbox 320 1789 563 1857; x_wconf 75' lang='grc' dir='ltr'>ὑστέροις</span> <span class='ocrx_word' id='word_1_233' title='bbox 621 1786 1176 1856; x_wconf 79' lang='grc' dir='ltr'>’Υπερπερξλαμπρος</span> <span class='ocrx_word' id='word_1_234' title='bbox 1231 1787 1504 1856; x_wconf 73' lang='grc' dir='ltr'>τιμηθείς.</span> <span class='ocrx_word' id='word_1_235' title='bbox 1575 1787 1755 1855; x_wconf 82' lang='grc' dir='ltr'>Ἀρχι-</span> 
     </span>
    </p>
   </div>
   <div class='ocr_carea' id='block_1_33' title="bbox 1861 1768 3418 1857">
    <p class='ocr_par' dir='ltr' id='par_1_33' title="bbox 1861 1776 3418 1855">
     <span class='ocr_line' id='line_1_33' title="bbox 1861 1776 3418 1855; baseline -0.01 -14"><span class='ocrx_word' id='word_1_236' title='bbox 1861 1785 2096 1855; x_wconf 86' lang='lat' dir='ltr'><strong>sumptis</strong></span> <span class='ocrx_word' id='word_1_237' title='bbox 2125 1783 2193 1837; x_wconf 88' lang='lat' dir='ltr'><strong>ad</strong></span> <span class='ocrx_word' id='word_1_238' title='bbox 2232 1793 2414 1852; x_wconf 88' lang='lat' dir='ltr'><strong>partes</strong></span> <span class='ocrx_word' id='word_1_239' title='bbox 2455 1780 2802 1849; x_wconf 87' lang='lat' dir='ltr'><strong>imperatoris</strong></span> <span class='ocrx_word' id='word_1_240' title='bbox 2842 1777 3115 1830; x_wconf 86' lang='lat' dir='ltr'><strong>transiens</strong></span> <span class='ocrx_word' id='word_1_241' title='bbox 3147 1776 3418 1830; x_wconf 78' lang='lat' dir='ltr'><strong>Constan-</strong></span> 
     </span>
    </p>
   </div>
   <div class='ocr_carea' id='block_1_34' title="bbox 208 1869 1762 1950">
    <p class='ocr_par' dir='ltr' id='par_1_34' title="bbox 208 1872 1754 1949">
     <span class='ocr_line' id='line_1_34' title="bbox 208 1872 1754 1949; baseline 0.001 -17"><span class='ocrx_word' id='word_1_242' title='bbox 208 1879 462 1949; x_wconf 73' lang='grc' dir='ltr'>σατράπαι</span> <span class='ocrx_word' id='word_1_243' title='bbox 486 1879 548 1930; x_wconf 77' lang='grc' dir='ltr'>δὲ</span> <span class='ocrx_word' id='word_1_244' title='bbox 575 1881 618 1910; x_wconf 80' lang='grc'><strong><em>³⁹</em></strong></span> <span class='ocrx_word' id='word_1_245' title='bbox 647 1872 793 1946; x_wconf 72' lang='grc' dir='ltr'>οὗτοι</span> <span class='ocrx_word' id='word_1_246' title='bbox 822 1878 930 1932; x_wconf 83' lang='grc' dir='ltr'>τῶν</span> <span class='ocrx_word' id='word_1_247' title='bbox 959 1878 1237 1948; x_wconf 74' lang='grc' dir='ltr'>ἐπιφανῶν</span> <span class='ocrx_word' id='word_1_248' title='bbox 1268 1878 1526 1948; x_wconf 78' lang='grc' dir='ltr'>μαθόντες</span> <span class='ocrx_word' id='word_1_249' title='bbox 1553 1877 1646 1949; x_wconf 84' lang='grc' dir='ltr'>[με</span> <span class='ocrx_word' id='word_1_250' title='bbox 1655 1895 1754 1946; x_wconf 84' lang='grc' dir='ltr'>μα-</span> 
     </span>
    </p>
   </div>
   <div class='ocr_carea' id='block_1_35' title="bbox 1861 1869 3416 1950">
    <p class='ocr_par' dir='ltr' id='par_1_35' title="bbox 1861 1869 3416 1950">
     <span class='ocr_line' id='line_1_35' title="bbox 1861 1869 3416 1950; baseline -0.009 -16"><span class='ocrx_word' id='word_1_251' title='bbox 1861 1881 2141 1950; x_wconf 86' lang='lat' dir='ltr'><strong>tinopolim</strong></span> <span class='ocrx_word' id='word_1_252' title='bbox 2173 1880 2241 1932; x_wconf 89' lang='lat' dir='ltr'><strong>ad</strong></span> <span class='ocrx_word' id='word_1_253' title='bbox 2293 1892 2418 1932; x_wconf 90' lang='lat' dir='ltr'><strong>eum</strong></span> <span class='ocrx_word' id='word_1_254' title='bbox 2450 1876 2618 1930; x_wconf 84' lang='lat' dir='ltr'><strong>venit.</strong></span> <span class='ocrx_word' id='word_1_255' title='bbox 2657 1873 2876 1927; x_wconf 79' lang='lat' dir='ltr'><strong>Nullum</strong></span> <span class='ocrx_word' id='word_1_256' title='bbox 2911 1872 2961 1924; x_wconf 93' lang='lat' dir='ltr'><strong>in</strong></span> <span class='ocrx_word' id='word_1_257' title='bbox 3006 1886 3128 1925; x_wconf 92' lang='lat' dir='ltr'><strong>eum</strong></span> <span class='ocrx_word' id='word_1_258' title='bbox 3173 1869 3416 1938; x_wconf 84' lang='lat' dir='ltr'><strong>liberali-</strong></span> 
     </span>
    </p>
   </div>
   <div class='ocr_carea' id='block_1_36' title="bbox 207 1961 1762 2043">
    <p class='ocr_par' dir='ltr' id='par_1_36' title="bbox 207 1967 1754 2041">
     <span class='ocr_line' id='line_1_36' title="bbox 207 1967 1754 2041; baseline -0.001 -21"><span class='ocrx_word' id='word_1_259' title='bbox 207 1967 432 2041; x_wconf 64' lang='lat' dir='ltr'><strong>6qu=2;]</strong></span> <span class='ocrx_word' id='word_1_260' title='bbox 471 1971 575 2032; x_wconf 82' lang='grc' dir='ltr'>τὰς</span> <span class='ocrx_word' id='word_1_261' title='bbox 615 1970 694 2029; x_wconf 85' lang='grc' dir='ltr'><strong>είς</strong></span> <span class='ocrx_word' id='word_1_262' title='bbox 725 1969 818 2021; x_wconf 77' lang='grc' dir='ltr'>τὸν</span> <span class='ocrx_word' id='word_1_263' title='bbox 885 1967 1151 2038; x_wconf 80' lang='grc' dir='ltr'>Ἐλχάνην</span> <span class='ocrx_word' id='word_1_264' title='bbox 1197 1967 1599 2037; x_wconf 81' lang='grc' dir='ltr'>φιλοφροσύνας</span> <span class='ocrx_word' id='word_1_265' title='bbox 1661 1967 1754 2020; x_wconf 78' lang='grc' dir='ltr'>καὶ</span> 
     </span>
    </p>
   </div>
   <div class='ocr_carea' id='block_1_37' title="bbox 1861 1961 3412 2043">
    <p class='ocr_par' dir='ltr' id='par_1_37' title="bbox 1861 1961 3412 2043">
     <span class='ocr_line' id='line_1_37' title="bbox 1861 1961 3412 2043; baseline -0.008 -17"><span class='ocrx_word' id='word_1_266' title='bbox 1861 1975 1984 2027; x_wconf 88' lang='lat' dir='ltr'><strong>latis</strong></span> <span class='ocrx_word' id='word_1_267' title='bbox 2041 1987 2214 2043; x_wconf 82' lang='lat' dir='ltr'><strong>genus</strong></span> <span class='ocrx_word' id='word_1_268' title='bbox 2273 1970 2460 2024; x_wconf 84' lang='lat' dir='ltr'><strong>omisit</strong></span> <span class='ocrx_word' id='word_1_269' title='bbox 2509 1969 2819 2037; x_wconf 77' lang='lat' dir='ltr'><strong>AugUstus.</strong></span> <span class='ocrx_word' id='word_1_270' title='bbox 2886 1966 3152 2018; x_wconf 87' lang='lat' dir='ltr'><strong>donorum</strong></span> <span class='ocrx_word' id='word_1_271' title='bbox 3215 1961 3412 2015; x_wconf 81' lang='lat' dir='ltr'><strong>tamen</strong></span> 
     </span>
    </p>
   </div>
   <div class='ocr_carea' id='block_1_38' title="bbox 200 2055 1762 2129">
    <p class='ocr_par' dir='ltr' id='par_1_38' title="bbox 200 2056 1758 2128">
     <span class='ocr_line' id='line_1_38' title="bbox 200 2056 1758 2128; baseline -0.001 -18"><span class='ocrx_word' id='word_1_272' title='bbox 200 2057 418 2127; x_wconf 71' lang='grc' dir='ltr'>δαψιλεῖς</span> <span class='ocrx_word' id='word_1_273' title='bbox 444 2057 662 2128; x_wconf 77' lang='grc' dir='ltr'>δωρεὰς</span> <span class='ocrx_word' id='word_1_274' title='bbox 689 2058 781 2110; x_wconf 76' lang='grc' dir='ltr'><strong>τοῦ</strong></span> <span class='ocrx_word' id='word_1_275' title='bbox 817 2058 1238 2127; x_wconf 75' lang='grc' dir='ltr'>αὐτοκράτορος,</span> <span class='ocrx_word' id='word_1_276' title='bbox 1293 2056 1758 2126; x_wconf 80' lang='grc' dir='ltr'>προσεληλυθὸτες</span> 
     </span>
    </p>
   </div>
   <div class='ocr_carea' id='block_1_39' title="bbox 1861 2055 3413 2129">
    <p class='ocr_par' dir='ltr' id='par_1_39' title="bbox 1861 2055 3413 2129">
     <span class='ocr_line' id='line_1_39' title="bbox 1861 2055 3413 2129; baseline -0.005 -12"><span class='ocrx_word' id='word_1_277' title='bbox 1861 2064 2100 2117; x_wconf 78' lang='lat' dir='ltr'><strong>ninnium</strong></span> <span class='ocrx_word' id='word_1_278' title='bbox 2162 2063 2322 2129; x_wconf 81' lang='lat' dir='ltr'><strong>longe</strong></span> <span class='ocrx_word' id='word_1_279' title='bbox 2377 2061 2670 2114; x_wconf 76' lang='lat' dir='ltr'><strong>maximum</strong></span> <span class='ocrx_word' id='word_1_280' title='bbox 2724 2072 2884 2113; x_wconf 89' lang='lat' dir='ltr'><strong>sacer</strong></span> <span class='ocrx_word' id='word_1_281' title='bbox 2934 2055 3238 2124; x_wconf 88' lang='lat' dir='ltr'><strong>baptismus</strong></span> <span class='ocrx_word' id='word_1_282' title='bbox 3289 2056 3413 2118; x_wconf 88' lang='lat' dir='ltr'><strong>fuit.</strong></span> 
     </span>
    </p>
   </div>
   <div class='ocr_carea' id='block_1_40' title="bbox 203 2143 1758 2219">
    <p class='ocr_par' dir='ltr' id='par_1_40' title="bbox 203 2143 1758 2219">
     <span class='ocr_line' id='line_1_40' title="bbox 203 2143 1758 2219; baseline -0.001 -17"><span class='ocrx_word' id='word_1_283' title='bbox 203 2153 284 2202; x_wconf 78' lang='grc' dir='ltr'>καὶ</span> <span class='ocrx_word' id='word_1_284' title='bbox 307 2151 474 2214; x_wconf 74' lang='grc' dir='ltr'>αὐτοὶ,</span> <span class='ocrx_word' id='word_1_285' title='bbox 499 2149 616 2202; x_wconf 81' lang='grc' dir='ltr'><strong>τῶν</strong></span> <span class='ocrx_word' id='word_1_286' title='bbox 653 2149 856 2219; x_wconf 83' lang='grc' dir='ltr'>ὁμοίων</span> <span class='ocrx_word' id='word_1_287' title='bbox 884 2149 930 2181; x_wconf 76' lang='grc'><strong>³⁸</strong></span> <span class='ocrx_word' id='word_1_288' title='bbox 964 2149 1446 2218; x_wconf 81' lang='grc' dir='ltr'>ἐπιτυγχάνουσιν.</span> <span class='ocrx_word' id='word_1_289' title='bbox 1482 2143 1592 2199; x_wconf 87' lang='grc' dir='ltr'>Ἦν</span> <span class='ocrx_word' id='word_1_290' title='bbox 1649 2149 1758 2217; x_wconf 73' lang='grc' dir='ltr'><strong>γὰρ</strong></span> 
     </span>
    </p>
   </div>
   <div class='ocr_carea' id='block_1_41' title="bbox 199 2234 1757 2311">
    <p class='ocr_par' dir='ltr' id='par_1_41' title="bbox 199 2234 1757 2311">
     <span class='ocr_line' id='line_1_41' title="bbox 199 2234 1757 2311; baseline -0.003 -17"><span class='ocrx_word' id='word_1_291' title='bbox 199 2242 224 2294; x_wconf 83' lang='grc' dir='ltr'>ό</span> <span class='ocrx_word' id='word_1_292' title='bbox 261 2241 507 2310; x_wconf 72' lang='grc' dir='ltr'>βασιλεὺς</span> <span class='ocrx_word' id='word_1_293' title='bbox 557 2234 712 2304; x_wconf 74' lang='grc' dir='ltr'>οὗτος</span> <span class='ocrx_word' id='word_1_294' title='bbox 767 2239 1028 2310; x_wconf 78' lang='grc' dir='ltr'>ἄντικρυς</span> <span class='ocrx_word' id='word_1_295' title='bbox 1061 2240 1503 2311; x_wconf 81' lang='grc' dir='ltr'>ίερατικώτατος,</span> <span class='ocrx_word' id='word_1_296' title='bbox 1535 2239 1628 2291; x_wconf 74' lang='grc' dir='ltr'>καὶ</span> <span class='ocrx_word' id='word_1_297' title='bbox 1658 2239 1757 2309; x_wconf 80' lang='grc' dir='ltr'>τὴν</span> 
     </span>
    </p>
   </div>
   <div class='ocr_carea' id='block_1_42' title="bbox 201 2331 1759 2402">
    <p class='ocr_par' dir='ltr' id='par_1_42' title="bbox 201 2331 1759 2402">
     <span class='ocr_line' id='line_1_42' title="bbox 201 2331 1759 2402; baseline -0.001 -18"><span class='ocrx_word' id='word_1_298' title='bbox 201 2334 387 2402; x_wconf 76' lang='grc' dir='ltr'>ἀρετὴν</span> <span class='ocrx_word' id='word_1_299' title='bbox 416 2334 510 2386; x_wconf 75' lang='grc' dir='ltr'><strong>καὶ</strong></span> <span class='ocrx_word' id='word_1_300' title='bbox 567 2333 658 2384; x_wconf 79' lang='grc' dir='ltr'>τὸν</span> <span class='ocrx_word' id='word_1_301' title='bbox 692 2331 869 2398; x_wconf 73' lang='grc' dir='ltr'>λόγον,</span> <span class='ocrx_word' id='word_1_302' title='bbox 909 2332 984 2395; x_wconf 83' lang='grc' dir='ltr'><strong>ὡς</strong></span> <span class='ocrx_word' id='word_1_303' title='bbox 1014 2333 1191 2384; x_wconf 85' lang='grc' dir='ltr'>είπετν</span> <span class='ocrx_word' id='word_1_304' title='bbox 1225 2331 1509 2392; x_wconf 77' lang='grc' dir='ltr'>εὐσεϐείας</span> <span class='ocrx_word' id='word_1_305' title='bbox 1542 2331 1759 2400; x_wconf 82' lang='grc' dir='ltr'>ἁπάσης</span> 
     </span>
    </p>
   </div>
   <div class='ocr_carea' id='block_1_43' title="bbox 200 2419 1765 2496">
    <p class='ocr_par' dir='ltr' id='par_1_43' title="bbox 200 2419 1765 2496">
     <span class='ocr_line' id='line_1_43' title="bbox 200 2419 1765 2496; baseline -0.002 -19"><span class='ocrx_word' id='word_1_306' title='bbox 200 2426 496 2496; x_wconf 79' lang='grc' dir='ltr'>ἀρχιερεύς.</span> <span class='ocrx_word' id='word_1_307' title='bbox 539 2423 1082 2486; x_wconf 77' lang='grc' dir='ltr'>Διδασκαλικὼτατός</span> <span class='ocrx_word' id='word_1_308' title='bbox 1121 2440 1179 2476; x_wconf 84' lang='grc' dir='ltr'><strong>τε</strong></span> <span class='ocrx_word' id='word_1_309' title='bbox 1207 2422 1316 2492; x_wconf 74' lang='grc' dir='ltr'><strong>γὰρ</strong></span> <span class='ocrx_word' id='word_1_310' title='bbox 1343 2419 1414 2494; x_wconf 76' lang='grc' dir='ltr'>ἦν</span> <span class='ocrx_word' id='word_1_311' title='bbox 1438 2422 1532 2474; x_wconf 81' lang='grc' dir='ltr'><strong>τοῦ</strong></span> <span class='ocrx_word' id='word_1_312' title='bbox 1567 2422 1765 2492; x_wconf 74' lang='grc' dir='ltr'>ἡμετέ-</span> 
     </span>
    </p>
   </div>
   <div class='ocr_carea' id='block_1_44' title="bbox 198 2512 1765 2585">
    <p class='ocr_par' dir='ltr' id='par_1_44' title="bbox 198 2512 1765 2585">
     <span class='ocr_line' id='line_1_44' title="bbox 198 2512 1765 2585; baseline -0.001 -19"><span class='ocrx_word' id='word_1_313' title='bbox 198 2532 284 2585; x_wconf 81' lang='grc' dir='ltr'><strong>ρου</strong></span> <span class='ocrx_word' id='word_1_314' title='bbox 311 2517 614 2585; x_wconf 73' lang='grc' dir='ltr'>δόγματος,</span> <span class='ocrx_word' id='word_1_315' title='bbox 648 2515 743 2568; x_wconf 76' lang='grc' dir='ltr'><strong>καὶ</strong></span> <span class='ocrx_word' id='word_1_316' title='bbox 774 2514 1135 2577; x_wconf 83' lang='grc' dir='ltr'>ἁποστολικδς</span> <span class='ocrx_word' id='word_1_317' title='bbox 1163 2512 1261 2584; x_wconf 78' lang='grc' dir='ltr'>τὴν</span> <span class='ocrx_word' id='word_1_318' title='bbox 1319 2513 1640 2585; x_wconf 78' lang='grc' dir='ltr'>προαίρεσιν</span> <span class='ocrx_word' id='word_1_319' title='bbox 1669 2512 1765 2565; x_wconf 72' lang='grc' dir='ltr'>καὶ</span> 
     </span>
    </p>
   </div>
   <div class='ocr_carea' id='block_1_45' title="bbox 198 2605 1764 2678">
    <p class='ocr_par' dir='ltr' id='par_1_45' title="bbox 198 2605 1764 2678">
     <span class='ocr_line' id='line_1_45' title="bbox 198 2605 1764 2678; baseline -0.001 -21"><span class='ocrx_word' id='word_1_320' title='bbox 198 2606 280 2658; x_wconf 77' lang='grc' dir='ltr'>τὸν</span> <span class='ocrx_word' id='word_1_321' title='bbox 304 2607 480 2676; x_wconf 80' lang='grc' dir='ltr'>λόγον,</span> <span class='ocrx_word' id='word_1_322' title='bbox 519 2607 622 2660; x_wconf 79' lang='grc' dir='ltr'>καὶ</span> <span class='ocrx_word' id='word_1_323' title='bbox 646 2607 778 2660; x_wconf 81' lang='grc' dir='ltr'>εἴσω</span> <span class='ocrx_word' id='word_1_324' title='bbox 824 2608 922 2678; x_wconf 83' lang='grc' dir='ltr'>τῆς</span> <span class='ocrx_word' id='word_1_325' title='bbox 954 2606 1232 2676; x_wconf 79' lang='grc' dir='ltr'>ἡμετέρας</span> <span class='ocrx_word' id='word_1_326' title='bbox 1272 2605 1508 2668; x_wconf 78' lang='grc' dir='ltr'>πίστεως</span> <span class='ocrx_word' id='word_1_327' title='bbox 1541 2605 1764 2673; x_wconf 83' lang='grc' dir='ltr'>ποιῆσαι</span> 
     </span>
    </p>
   </div>
   <div class='ocr_carea' id='block_1_46' title="bbox 198 2695 1767 2768">
    <p class='ocr_par' dir='ltr' id='par_1_46' title="bbox 198 2695 1767 2768">
     <span class='ocr_line' id='line_1_46' title="bbox 198 2695 1767 2768; baseline -0.001 -20"><span class='ocrx_word' id='word_1_328' title='bbox 198 2696 534 2766; x_wconf 83' lang='grc' dir='ltr'>βουλόμενος,</span> <span class='ocrx_word' id='word_1_329' title='bbox 583 2699 644 2750; x_wconf 83' lang='grc' dir='ltr'>οὐ</span> <span class='ocrx_word' id='word_1_330' title='bbox 678 2699 838 2768; x_wconf 87' lang='grc' dir='ltr'>μόνον</span> <span class='ocrx_word' id='word_1_331' title='bbox 872 2699 999 2760; x_wconf 77' lang='grc' dir='ltr'>τοὺς</span> <span class='ocrx_word' id='word_1_332' title='bbox 1037 2695 1292 2766; x_wconf 80' lang='grc' dir='ltr'>Νομάδας</span> <span class='ocrx_word' id='word_1_333' title='bbox 1321 2697 1570 2749; x_wconf 81' lang='grc' dir='ltr'>τουτουσὶ</span> <span class='ocrx_word' id='word_1_334' title='bbox 1627 2696 1767 2747; x_wconf 77' lang='grc' dir='ltr'><strong>Σκύο</strong></span> 
     </span>
    </p>
   </div>
   <div class='ocr_carea' id='block_1_47' title="bbox 199 2786 1763 2860">
    <p class='ocr_par' dir='ltr' id='par_1_47' title="bbox 199 2786 1763 2860">
     <span class='ocr_line' id='line_1_47' title="bbox 199 2786 1763 2860; baseline 0 -22"><span class='ocrx_word' id='word_1_335' title='bbox 199 2786 302 2851; x_wconf 82' lang='grc' dir='ltr'>θας,</span> <span class='ocrx_word' id='word_1_336' title='bbox 327 2790 464 2842; x_wconf 80' lang='grc' dir='ltr'><strong>ἀλλὰ</strong></span> <span class='ocrx_word' id='word_1_337' title='bbox 493 2790 603 2843; x_wconf 78' lang='grc' dir='ltr'>καὶ</span> <span class='ocrx_word' id='word_1_338' title='bbox 633 2791 732 2859; x_wconf 81' lang='grc' dir='ltr'>τὴν</span> <span class='ocrx_word' id='word_1_339' title='bbox 772 2790 1008 2860; x_wconf 82' lang='grc' dir='ltr'>Περσίδα</span> <span class='ocrx_word' id='word_1_340' title='bbox 1051 2791 1256 2855; x_wconf 68' lang='grc' dir='ltr'>πᾶσαν,</span> <span class='ocrx_word' id='word_1_341' title='bbox 1299 2789 1395 2841; x_wconf 73' lang='grc' dir='ltr'>καὶ</span> <span class='ocrx_word' id='word_1_342' title='bbox 1444 2789 1630 2840; x_wconf 63' lang='grc' dir='ltr'>ὁπῦσοι</span> <span class='ocrx_word' id='word_1_343' title='bbox 1665 2788 1763 2856; x_wconf 85' lang='grc' dir='ltr'>τὴν</span> 
     </span>
    </p>
   </div>
   <div class='ocr_carea' id='block_1_48' title="bbox 1859 2153 3419 2227">
    <p class='ocr_par' dir='ltr' id='par_1_48' title="bbox 1859 2153 3419 2227">
     <span class='ocr_line' id='line_1_48' title="bbox 1859 2153 3419 2227; baseline 0.004 -18"><span class='ocrx_word' id='word_1_344' title='bbox 1859 2170 1891 2209; x_wconf 89' lang='lat' dir='ltr'><strong>a</strong></span> <span class='ocrx_word' id='word_1_345' title='bbox 1926 2154 2170 2209; x_wconf 86' lang='lat' dir='ltr'><strong>Barbaro</strong></span> <span class='ocrx_word' id='word_1_346' title='bbox 2225 2166 2518 2224; x_wconf 89' lang='lat' dir='ltr'><strong>susceptus</strong></span> <span class='ocrx_word' id='word_1_347' title='bbox 2568 2153 2834 2210; x_wconf 85' lang='lat' dir='ltr'><strong>suadente</strong></span> <span class='ocrx_word' id='word_1_348' title='bbox 2881 2154 3096 2209; x_wconf 84' lang='lat' dir='ltr'><strong>Alexio.</strong></span> <span class='ocrx_word' id='word_1_349' title='bbox 3151 2155 3419 2227; x_wconf 83' lang='lat' dir='ltr'><strong>Vulgante</strong></span> 
     </span>
    </p>
   </div>
   <div class='ocr_carea' id='block_1_49' title="bbox 1860 2245 3422 2316">
    <p class='ocr_par' dir='ltr' id='par_1_49' title="bbox 1860 2245 3422 2316">
     <span class='ocr_line' id='line_1_49' title="bbox 1860 2245 3422 2316; baseline 0.002 -15"><span class='ocrx_word' id='word_1_350' title='bbox 1860 2263 1985 2301; x_wconf 81' lang='lat' dir='ltr'><strong>mox</strong></span> <span class='ocrx_word' id='word_1_351' title='bbox 2027 2245 2171 2299; x_wconf 88' lang='lat' dir='ltr'><strong>fama</strong></span> <span class='ocrx_word' id='word_1_352' title='bbox 2225 2260 2390 2315; x_wconf 88' lang='lat' dir='ltr'><strong>quam</strong></span> <span class='ocrx_word' id='word_1_353' title='bbox 2447 2245 2735 2314; x_wconf 85' lang='lat' dir='ltr'><strong>splendide</strong></span> <span class='ocrx_word' id='word_1_354' title='bbox 2788 2261 3065 2316; x_wconf 91' lang='lat' dir='ltr'><strong>quamque</strong></span> <span class='ocrx_word' id='word_1_355' title='bbox 3126 2248 3422 2305; x_wconf 83' lang='lat' dir='ltr'><strong>honorifice</strong></span> 
     </span>
    </p>
   </div>
   <div class='ocr_carea' id='block_1_50' title="bbox 1861 2331 3424 2405">
    <p class='ocr_par' dir='ltr' id='par_1_50' title="bbox 1861 2331 3424 2405">
     <span class='ocr_line' id='line_1_50' title="bbox 1861 2331 3424 2405; baseline 0.007 -21"><span class='ocrx_word' id='word_1_356' title='bbox 1861 2332 2340 2402; x_wconf 68' lang='lat' dir='ltr'><strong>Constantinopoli</strong></span> <span class='ocrx_word' id='word_1_357' title='bbox 2394 2331 2695 2388; x_wconf 90' lang='lat' dir='ltr'><strong>llelchanes</strong></span> <span class='ocrx_word' id='word_1_358' title='bbox 2747 2334 3061 2405; x_wconf 88' lang='lat' dir='ltr'><strong>haberetur,</strong></span> <span class='ocrx_word' id='word_1_359' title='bbox 3101 2338 3209 2394; x_wconf 90' lang='lat' dir='ltr'><strong>duo</strong></span> <span class='ocrx_word' id='word_1_360' title='bbox 3237 2341 3424 2395; x_wconf 83' lang='lat' dir='ltr'><strong>archi-</strong></span> 
     </span>
    </p>
   </div>
   <div class='ocr_carea' id='block_1_51' title="bbox 1861 2424 3426 2498">
    <p class='ocr_par' dir='ltr' id='par_1_51' title="bbox 1861 2424 3426 2498">
     <span class='ocr_line' id='line_1_51' title="bbox 1861 2424 3426 2498; baseline 0.006 -21"><span class='ocrx_word' id='word_1_361' title='bbox 1861 2433 2098 2493; x_wconf 81' lang='lat' dir='ltr'><strong>satrapae</strong></span> <span class='ocrx_word' id='word_1_362' title='bbox 2127 2439 2193 2478; x_wconf 84' lang='lat' dir='ltr'><strong>ex</strong></span> <span class='ocrx_word' id='word_1_363' title='bbox 2223 2424 2527 2480; x_wconf 86' lang='lat' dir='ltr'><strong>illustribus</strong></span> <span class='ocrx_word' id='word_1_364' title='bbox 2571 2425 2714 2479; x_wconf 92' lang='lat' dir='ltr'><strong>inter</strong></span> <span class='ocrx_word' id='word_1_365' title='bbox 2748 2425 2976 2493; x_wconf 90' lang='lat' dir='ltr'><strong>&#39;l‘urcos,</strong></span> <span class='ocrx_word' id='word_1_366' title='bbox 3021 2445 3162 2498; x_wconf 88' lang='lat' dir='ltr'><strong>quos</strong></span> <span class='ocrx_word' id='word_1_367' title='bbox 3216 2430 3426 2488; x_wconf 88' lang='lat' dir='ltr'><strong>frustra</strong></span> 
     </span>
    </p>
   </div>
   <div class='ocr_carea' id='block_1_52' title="bbox 1862 2514 3430 2594">
    <p class='ocr_par' dir='ltr' id='par_1_52' title="bbox 1862 2514 3430 2594">
     <span class='ocr_line' id='line_1_52' title="bbox 1862 2514 3430 2594; baseline 0.007 -24"><span class='ocrx_word' id='word_1_368' title='bbox 1862 2517 2120 2570; x_wconf 88' lang='lat' dir='ltr'><strong>invitarat</strong></span> <span class='ocrx_word' id='word_1_369' title='bbox 2146 2514 2298 2586; x_wconf 88' lang='lat' dir='ltr'><strong>Opus</strong></span> <span class='ocrx_word' id='word_1_370' title='bbox 2324 2525 2385 2571; x_wconf 87' lang='lat' dir='ltr'><strong>ut</strong></span> <span class='ocrx_word' id='word_1_371' title='bbox 2411 2517 2490 2573; x_wconf 87' lang='lat' dir='ltr'><strong>ire</strong></span> <span class='ocrx_word' id='word_1_372' title='bbox 2521 2518 2624 2587; x_wconf 87' lang='lat' dir='ltr'><strong>ipsi</strong></span> <span class='ocrx_word' id='word_1_373' title='bbox 2658 2535 2878 2590; x_wconf 89' lang='lat' dir='ltr'><strong>quoque</strong></span> <span class='ocrx_word' id='word_1_374' title='bbox 2925 2521 2992 2575; x_wconf 87' lang='lat' dir='ltr'><strong>ad</strong></span> <span class='ocrx_word' id='word_1_375' title='bbox 3046 2522 3278 2594; x_wconf 80' lang='lat' dir='ltr'><strong>Augusti</strong></span> <span class='ocrx_word' id='word_1_376' title='bbox 3333 2541 3430 2580; x_wconf 89' lang='lat' dir='ltr'><strong>co-</strong></span> 
     </span>
    </p>
   </div>
   <div class='ocr_carea' id='block_1_53' title="bbox 1862 2607 3431 2686">
    <p class='ocr_par' dir='ltr' id='par_1_53' title="bbox 1862 2607 3431 2686">
     <span class='ocr_line' id='line_1_53' title="bbox 1862 2607 3431 2686; baseline 0.007 -26"><span class='ocrx_word' id='word_1_377' title='bbox 1862 2607 2112 2660; x_wconf 88' lang='lat' dir='ltr'><strong>mitatum</strong></span> <span class='ocrx_word' id='word_1_378' title='bbox 2169 2608 2393 2673; x_wconf 86' lang='lat' dir='ltr'><strong>vellent,</strong></span> <span class='ocrx_word' id='word_1_379' title='bbox 2473 2611 2771 2664; x_wconf 87' lang='lat' dir='ltr'><strong>voluntarii</strong></span> <span class='ocrx_word' id='word_1_380' title='bbox 2835 2611 3061 2668; x_wconf 86' lang='lat' dir='ltr'><strong>adfuere</strong></span> <span class='ocrx_word' id='word_1_381' title='bbox 3116 2614 3431 2686; x_wconf 86' lang='lat' dir='ltr'><strong>similiaque</strong></span> 
     </span>
    </p>
   </div>
   <div class='ocr_carea' id='block_1_54' title="bbox 1861 2698 3430 2777">
    <p class='ocr_par' dir='ltr' id='par_1_54' title="bbox 1861 2698 3430 2777">
     <span class='ocr_line' id='line_1_54' title="bbox 1861 2698 3430 2777; baseline 0.006 -25"><span class='ocrx_word' id='word_1_382' title='bbox 1861 2698 2168 2753; x_wconf 87' lang='lat' dir='ltr'><strong>consecuti.</strong></span> <span class='ocrx_word' id='word_1_383' title='bbox 2197 2698 2404 2753; x_wconf 81' lang='lat' dir='ltr'><strong>Nomen</strong></span> <span class='ocrx_word' id='word_1_384' title='bbox 2431 2701 2549 2764; x_wconf 89' lang='lat' dir='ltr'><strong>uni,</strong></span> <span class='ocrx_word' id='word_1_385' title='bbox 2577 2700 2918 2766; x_wconf 89' lang='lat' dir='ltr'><strong>Scaliarius;</strong></span> <span class='ocrx_word' id='word_1_386' title='bbox 2948 2705 3088 2758; x_wconf 89' lang='lat' dir='ltr'><strong>alter</strong></span> <span class='ocrx_word' id='word_1_387' title='bbox 3113 2705 3159 2760; x_wconf 91' lang='lat' dir='ltr'><strong>is</strong></span> <span class='ocrx_word' id='word_1_388' title='bbox 3200 2707 3301 2760; x_wconf 84' lang='lat' dir='ltr'><strong>fuit</strong></span> <span class='ocrx_word' id='word_1_389' title='bbox 3334 2712 3430 2777; x_wconf 89' lang='lat' dir='ltr'><strong>qui</strong></span> 
     </span>
    </p>
   </div>
   <div class='ocr_carea' id='block_1_55' title="bbox 1869 2787 3434 2865">
    <p class='ocr_par' dir='ltr' id='par_1_55' title="bbox 1869 2787 3434 2865">
     <span class='ocr_line' id='line_1_55' title="bbox 1869 2787 3434 2865; baseline 0.006 -23"><span class='ocrx_word' id='word_1_390' title='bbox 1869 2787 2068 2842; x_wconf 89' lang='lat' dir='ltr'><strong>deinde</strong></span> <span class='ocrx_word' id='word_1_391' title='bbox 2100 2787 2611 2857; x_wconf 77' lang='lat' dir='ltr'><strong>hyperperilampri,</strong></span> <span class='ocrx_word' id='word_1_392' title='bbox 2648 2792 2806 2858; x_wconf 85' lang='lat' dir='ltr'><strong>quasi</strong></span> <span class='ocrx_word' id='word_1_393' title='bbox 2833 2791 3068 2858; x_wconf 88' lang='lat' dir='ltr'><strong>diceres,</strong></span> <span class='ocrx_word' id='word_1_394' title='bbox 3123 2797 3434 2865; x_wconf 89' lang='lat' dir='ltr'><strong>supercele-</strong></span> 
     </span>
    </p>
   </div>
   <div class='ocr_carea' id='block_1_56' title="bbox 193 2879 1762 2957">
    <p class='ocr_par' dir='ltr' id='par_1_56' title="bbox 193 2879 1762 2951">
     <span class='ocr_line' id='line_1_56' title="bbox 193 2879 1762 2951; baseline -0.001 -20"><span class='ocrx_word' id='word_1_395' title='bbox 193 2879 464 2945; x_wconf 76' lang='grc' dir='ltr'>Αἴγυπτον</span> <span class='ocrx_word' id='word_1_396' title='bbox 496 2879 608 2934; x_wconf 74' lang='grc' dir='ltr'>καὶ</span> <span class='ocrx_word' id='word_1_397' title='bbox 633 2880 840 2951; x_wconf 79' lang='grc' dir='ltr'><strong>Λιϐύην</strong></span> <span class='ocrx_word' id='word_1_398' title='bbox 883 2880 1139 2949; x_wconf 86' lang='grc' dir='ltr'>νέμονται</span> <span class='ocrx_word' id='word_1_399' title='bbox 1197 2879 1492 2951; x_wconf 70' lang='grc' dir='ltr'>Βαρϐαροι.</span> <span class='ocrx_word' id='word_1_400' title='bbox 1522 2880 1616 2932; x_wconf 76' lang='grc' dir='ltr'>καὶ</span> <span class='ocrx_word' id='word_1_401' title='bbox 1644 2881 1762 2941; x_wconf 87' lang='grc' dir='ltr'>ταῖς</span> 
     </span>
    </p>
   </div>
   <div class='ocr_carea' id='block_1_57' title="bbox 1861 2879 3436 2957">
    <p class='ocr_par' dir='ltr' id='par_1_57' title="bbox 1870 2879 3436 2957">
     <span class='ocr_line' id='line_1_57' title="bbox 1870 2879 3436 2957; baseline 0.006 -25"><span class='ocrx_word' id='word_1_402' title='bbox 1870 2880 2097 2933; x_wconf 86' lang='lat' dir='ltr'><strong>berrimi</strong></span> <span class='ocrx_word' id='word_1_403' title='bbox 2128 2879 2288 2934; x_wconf 91' lang='lat' dir='ltr'><strong>titulo</strong></span> <span class='ocrx_word' id='word_1_404' title='bbox 2315 2880 2705 2935; x_wconf 85' lang='lat' dir='ltr'><strong>cohonestatus</strong></span> <span class='ocrx_word' id='word_1_405' title='bbox 2731 2891 2832 2936; x_wconf 88' lang='lat' dir='ltr'><strong>est.</strong></span> <span class='ocrx_word' id='word_1_406' title='bbox 2862 2882 2987 2937; x_wconf 86' lang='lat' dir='ltr'><strong>Fuit</strong></span> <span class='ocrx_word' id='word_1_407' title='bbox 3045 2885 3131 2939; x_wconf 87' lang='lat' dir='ltr'><strong>hic</strong></span> <span class='ocrx_word' id='word_1_408' title='bbox 3191 2886 3436 2957; x_wconf 84' lang='lat' dir='ltr'><strong>impera-</strong></span> 
     </span>
    </p>
   </div>
   <div class='ocr_carea' id='block_1_58' title="bbox 193 2969 1762 3047">
    <p class='ocr_par' dir='ltr' id='par_1_58' title="bbox 193 2969 1273 3040">
     <span class='ocr_line' id='line_1_58' title="bbox 193 2969 1273 3040; baseline 0.007 -23"><span class='ocrx_word' id='word_1_409' title='bbox 193 2969 278 3020; x_wconf 74' lang='grc' dir='ltr'>τοῦ</span> <span class='ocrx_word' id='word_1_410' title='bbox 315 2971 582 3040; x_wconf 60' lang='lat' dir='ltr'><strong>Minitny</strong></span> <span class='ocrx_word' id='word_1_411' title='bbox 626 2972 871 3033; x_wconf 81' lang='grc' dir='ltr'>τελεταῖς</span> <span class='ocrx_word' id='word_1_412' title='bbox 902 2969 1273 3040; x_wconf 80' lang='grc' dir='ltr'>ὀργιάζουσιν.</span> 
     </span>
    </p>
   </div>
   <div class='ocr_carea' id='block_1_59' title="bbox 1861 2969 3440 3047">
    <p class='ocr_par' dir='ltr' id='par_1_59' title="bbox 1871 2970 3440 3047">
     <span class='ocr_line' id='line_1_59' title="bbox 1871 2970 3440 3047; baseline 0.006 -22"><span class='ocrx_word' id='word_1_413' title='bbox 1871 2980 1957 3026; x_wconf 82' lang='lat' dir='ltr'><strong>tor</strong></span> <span class='ocrx_word' id='word_1_414' title='bbox 1986 2985 2068 3025; x_wconf 73' lang='grc' dir='ltr'>διο</span> <span class='ocrx_word' id='word_1_415' title='bbox 2090 2970 2318 3026; x_wconf 74' lang='lat' dir='ltr'><strong>allectus</strong></span> <span class='ocrx_word' id='word_1_416' title='bbox 2350 2972 2552 3037; x_wconf 77' lang='lat' dir='ltr'><strong>animo.</strong></span> <span class='ocrx_word' id='word_1_417' title='bbox 2587 2983 2646 3027; x_wconf 94' lang='lat' dir='ltr'><strong>ut</strong></span> <span class='ocrx_word' id='word_1_418' title='bbox 2691 2974 2824 3028; x_wconf 89' lang='lat' dir='ltr'><strong>nihil</strong></span> <span class='ocrx_word' id='word_1_419' title='bbox 2873 2977 3059 3030; x_wconf 85' lang='lat' dir='ltr'><strong>mallet</strong></span> <span class='ocrx_word' id='word_1_420' title='bbox 3093 2993 3256 3047; x_wconf 83' lang='lat' dir='ltr'><strong>quain</strong></span> <span class='ocrx_word' id='word_1_421' title='bbox 3309 2981 3440 3034; x_wconf 86' lang='lat' dir='ltr'><strong>reli-</strong></span> 
     </span>
    </p>
   </div>
   <div class='ocr_carea' id='block_1_60' title="bbox 192 3059 3439 3138">
    <p class='ocr_par' dir='ltr' id='par_1_60' title="bbox 192 3059 3439 3138">
     <span class='ocr_line' id='line_1_60' title="bbox 192 3059 3439 3138; baseline 0.004 -22"><span class='ocrx_word' id='word_1_422' title='bbox 192 3065 398 3134; x_wconf 70' lang='lat' dir='ltr'><strong>gionem</strong></span> <span class='ocrx_word' id='word_1_423' title='bbox 431 3079 757 3136; x_wconf 76' lang='lat' dir='ltr'><strong>propagare</strong></span> <span class='ocrx_word' id='word_1_424' title='bbox 787 3063 1182 3130; x_wconf 84' lang='lat' dir='ltr'><strong>Christianam,</strong></span> <span class='ocrx_word' id='word_1_425' title='bbox 1217 3064 1300 3118; x_wconf 86' lang='lat' dir='ltr'><strong>vir</strong></span> <span class='ocrx_word' id='word_1_426' title='bbox 1324 3070 1379 3118; x_wconf 92' lang='lat' dir='ltr'><strong>et</strong></span> <span class='ocrx_word' id='word_1_427' title='bbox 1409 3063 1633 3119; x_wconf 86' lang='lat' dir='ltr'><strong>virtutis</strong></span> <span class='ocrx_word' id='word_1_428' title='bbox 1701 3077 1801 3117; x_wconf 91' lang='lat' dir='ltr'><strong>usu</strong></span> <span class='ocrx_word' id='word_1_429' title='bbox 1845 3077 1910 3118; x_wconf 89' lang='lat' dir='ltr'><strong>ac</strong></span> <span class='ocrx_word' id='word_1_430' title='bbox 1975 3066 2151 3128; x_wconf 89' lang='lat' dir='ltr'><strong>cultu,</strong></span> <span class='ocrx_word' id='word_1_431' title='bbox 2209 3074 2264 3120; x_wconf 89' lang='lat' dir='ltr'><strong>et</strong></span> <span class='ocrx_word' id='word_1_432' title='bbox 2324 3066 2679 3122; x_wconf 79' lang='lat' dir='ltr'><strong>meditatione</strong></span> <span class='ocrx_word' id='word_1_433' title='bbox 2735 3083 2803 3122; x_wconf 88' lang='lat' dir='ltr'><strong>ac</strong></span> <span class='ocrx_word' id='word_1_434' title='bbox 2857 3059 3439 3138; x_wconf 19' lang='lat' dir='ltr'><strong>exquisitione&#39;sacra:</strong></span> 
     </span>
    </p>
   </div>
   <div class='ocr_carea' id='block_1_61' title="bbox 191 3151 3439 3226">
    <p class='ocr_par' dir='ltr' id='par_1_61' title="bbox 191 3151 3439 3226">
     <span class='ocr_line' id='line_1_61' title="bbox 191 3151 3439 3226; baseline 0.002 -20"><span class='ocrx_word' id='word_1_435' title='bbox 191 3155 647 3224; x_wconf 65' lang='lat' dir='ltr'><strong>doctrinae,ultra</strong></span> <span class='ocrx_word' id='word_1_436' title='bbox 675 3156 892 3208; x_wconf 86' lang='lat' dir='ltr'><strong>modum</strong></span> <span class='ocrx_word' id='word_1_437' title='bbox 914 3165 1244 3225; x_wconf 88' lang='lat' dir='ltr'><strong>captuntque</strong></span> <span class='ocrx_word' id='word_1_438' title='bbox 1261 3154 1574 3218; x_wconf 67' lang='lat' dir='ltr'><strong>vittelaicaa,</strong></span> <span class='ocrx_word' id='word_1_439' title='bbox 1599 3167 1773 3222; x_wconf 88' lang='lat' dir='ltr'><strong>usque</strong></span> <span class='ocrx_word' id='word_1_440' title='bbox 1810 3151 1878 3206; x_wconf 87' lang='lat' dir='ltr'><strong>ad</strong></span> <span class='ocrx_word' id='word_1_441' title='bbox 1907 3155 2312 3208; x_wconf 76' lang='lat' dir='ltr'><strong>aetitulationem</strong></span> <span class='ocrx_word' id='word_1_442' title='bbox 2364 3155 2756 3225; x_wconf 84' lang='lat' dir='ltr'><strong>episcopalinm</strong></span> <span class='ocrx_word' id='word_1_443' title='bbox 2803 3172 3083 3226; x_wconf 89' lang='lat' dir='ltr'><strong>curarum,</strong></span> <span class='ocrx_word' id='word_1_444' title='bbox 3159 3170 3212 3216; x_wconf 92' lang='lat' dir='ltr'><strong>et</strong></span> <span class='ocrx_word' id='word_1_445' title='bbox 3271 3162 3439 3218; x_wconf 86' lang='lat' dir='ltr'><strong>studii</strong></span> 
     </span>
    </p>
   </div>
   <div class='ocr_carea' id='block_1_62' title="bbox 189 3246 3440 3324">
    <p class='ocr_par' dir='ltr' id='par_1_62' title="bbox 189 3246 3440 3324">
     <span class='ocr_line' id='line_1_62' title="bbox 189 3246 3440 3324; baseline 0.001 -26"><span class='ocrx_word' id='word_1_446' title='bbox 189 3248 486 3317; x_wconf 78' lang='lat' dir='ltr'><strong>Apostolici</strong></span> <span class='ocrx_word' id='word_1_447' title='bbox 557 3262 922 3318; x_wconf 77' lang='lat' dir='ltr'><strong>progressus,</strong></span> <span class='ocrx_word' id='word_1_448' title='bbox 1007 3247 1459 3316; x_wconf 86' lang='lat' dir='ltr'><strong>promptissimus</strong></span> <span class='ocrx_word' id='word_1_449' title='bbox 1529 3246 1596 3300; x_wconf 89' lang='lat' dir='ltr'><strong>ad</strong></span> <span class='ocrx_word' id='word_1_450' title='bbox 1637 3246 1946 3301; x_wconf 86' lang='lat' dir='ltr'><strong>docendum</strong></span> <span class='ocrx_word' id='word_1_451' title='bbox 2005 3261 2103 3316; x_wconf 88' lang='lat' dir='ltr'><strong>per</strong></span> <span class='ocrx_word' id='word_1_452' title='bbox 2154 3261 2215 3301; x_wconf 91' lang='lat' dir='ltr'><strong>se</strong></span> <span class='ocrx_word' id='word_1_453' title='bbox 2269 3246 2390 3316; x_wconf 87' lang='lat' dir='ltr'><strong>ipse</strong></span> <span class='ocrx_word' id='word_1_454' title='bbox 2442 3249 3009 3319; x_wconf 82' lang='lat' dir='ltr'><strong>promulgandumque</strong></span> <span class='ocrx_word' id='word_1_455' title='bbox 3075 3253 3269 3324; x_wconf 79' lang='lat' dir='ltr'><strong>dogma</strong></span> <span class='ocrx_word' id='word_1_456' title='bbox 3335 3273 3440 3311; x_wconf 72' lang='lat' dir='ltr'><strong>no.</strong></span> 
     </span>
    </p>
   </div>
   <div class='ocr_carea' id='block_1_63' title="bbox 194 3338 3444 3416">
    <p class='ocr_par' dir='ltr' id='par_1_63' title="bbox 194 3338 3444 3416">
     <span class='ocr_line' id='line_1_63' title="bbox 194 3338 3444 3416; baseline 0.003 -22"><span class='ocrx_word' id='word_1_457' title='bbox 194 3349 382 3404; x_wconf 86' lang='lat' dir='ltr'><strong>strum,</strong></span> <span class='ocrx_word' id='word_1_458' title='bbox 420 3352 545 3396; x_wconf 86' lang='lat' dir='ltr'><strong>tum</strong></span> <span class='ocrx_word' id='word_1_459' title='bbox 589 3341 727 3395; x_wconf 87' lang='lat' dir='ltr'><strong>nulli</strong></span> <span class='ocrx_word' id='word_1_460' title='bbox 761 3341 828 3394; x_wconf 85' lang='lat' dir='ltr'><strong>ad</strong></span> <span class='ocrx_word' id='word_1_461' title='bbox 876 3340 928 3392; x_wconf 88' lang='lat' dir='ltr'><strong>id</strong></span> <span class='ocrx_word' id='word_1_462' title='bbox 959 3338 1225 3408; x_wconf 88' lang='lat' dir='ltr'><strong>sumptui,</strong></span> <span class='ocrx_word' id='word_1_463' title='bbox 1271 3339 1404 3393; x_wconf 91' lang='lat' dir='ltr'><strong>nulli</strong></span> <span class='ocrx_word' id='word_1_464' title='bbox 1453 3339 1629 3393; x_wconf 87' lang='lat' dir='ltr'><strong>labori</strong></span> <span class='ocrx_word' id='word_1_465' title='bbox 1670 3347 1854 3393; x_wconf 89' lang='lat' dir='ltr'><strong>certus</strong></span> <span class='ocrx_word' id='word_1_466' title='bbox 1905 3353 2130 3408; x_wconf 86' lang='lat' dir='ltr'><strong>parcere</strong></span> <span class='ocrx_word' id='word_1_467' title='bbox 2157 3356 2171 3391; x_wconf 90' lang='lat'><strong>:</strong></span> <span class='ocrx_word' id='word_1_468' title='bbox 2199 3339 2290 3408; x_wconf 91' lang='lat' dir='ltr'><strong>qui</strong></span> <span class='ocrx_word' id='word_1_469' title='bbox 2315 3338 2452 3393; x_wconf 86' lang='lat' dir='ltr'><strong>nihil</strong></span> <span class='ocrx_word' id='word_1_470' title='bbox 2499 3339 2601 3394; x_wconf 85' lang='lat' dir='ltr'><strong>sibi</strong></span> <span class='ocrx_word' id='word_1_471' title='bbox 2645 3339 2896 3409; x_wconf 87' lang='lat' dir='ltr'><strong>amplius,</strong></span> <span class='ocrx_word' id='word_1_472' title='bbox 2930 3343 3065 3396; x_wconf 86' lang='lat' dir='ltr'><strong>nihil</strong></span> <span class='ocrx_word' id='word_1_473' title='bbox 3093 3347 3444 3416; x_wconf 80' lang='lat' dir='ltr'><strong>cxpetibilius</strong></span> 
     </span>
    </p>
   </div>
   <div class='ocr_carea' id='block_1_64' title="bbox 190 3433 3440 3512">
    <p class='ocr_par' dir='ltr' id='par_1_64' title="bbox 190 3433 3440 3512">
     <span class='ocr_line' id='line_1_64' title="bbox 190 3433 3440 3512; baseline 0.004 -24"><span class='ocrx_word' id='word_1_474' title='bbox 190 3439 448 3504; x_wconf 79' lang='lat' dir='ltr'><strong>lingeret,</strong></span> <span class='ocrx_word' id='word_1_475' title='bbox 498 3451 680 3508; x_wconf 82' lang='lat' dir='ltr'><strong>quant</strong></span> <span class='ocrx_word' id='word_1_476' title='bbox 714 3436 758 3490; x_wconf 90' lang='lat' dir='ltr'><strong>si</strong></span> <span class='ocrx_word' id='word_1_477' title='bbox 791 3452 899 3504; x_wconf 89' lang='lat' dir='ltr'><strong>quo</strong></span> <span class='ocrx_word' id='word_1_478' title='bbox 949 3436 1110 3490; x_wconf 86' lang='lat' dir='ltr'><strong>modo</strong></span> <span class='ocrx_word' id='word_1_479' title='bbox 1170 3444 1356 3503; x_wconf 88' lang='lat' dir='ltr'><strong>posset</strong></span> <span class='ocrx_word' id='word_1_480' title='bbox 1396 3434 1684 3504; x_wconf 81' lang='lat' dir='ltr'><strong>consequi,</strong></span> <span class='ocrx_word' id='word_1_481' title='bbox 1728 3442 1805 3498; x_wconf 87' lang='lat' dir='ltr'><strong>ut,</strong></span> <span class='ocrx_word' id='word_1_482' title='bbox 1838 3449 1946 3488; x_wconf 89' lang='lat' dir='ltr'><strong>non</strong></span> <span class='ocrx_word' id='word_1_483' title='bbox 1993 3434 2154 3488; x_wconf 86' lang='lat' dir='ltr'><strong>modo</strong></span> <span class='ocrx_word' id='word_1_484' title='bbox 2203 3434 2293 3489; x_wconf 87' lang='lat' dir='ltr'><strong>isti</strong></span> <span class='ocrx_word' id='word_1_485' title='bbox 2329 3433 2602 3491; x_wconf 83' lang='lat' dir='ltr'><strong>Nomades</strong></span> <span class='ocrx_word' id='word_1_486' title='bbox 2645 3438 2887 3510; x_wconf 76' lang='lat' dir='ltr'><strong>Scytlne,</strong></span> <span class='ocrx_word' id='word_1_487' title='bbox 2921 3441 3018 3494; x_wconf 89' lang='lat' dir='ltr'><strong>sed</strong></span> <span class='ocrx_word' id='word_1_488' title='bbox 3064 3443 3222 3512; x_wconf 71' lang='lat'><strong>183</strong></span> <span class='ocrx_word' id='word_1_489' title='bbox 3251 3444 3440 3502; x_wconf 86' lang='lat' dir='ltr'><strong>Persis</strong></span> 
     </span>
    </p>
   </div>
   <div class='ocr_carea' id='block_1_65' title="bbox 191 3527 3442 3602">
    <p class='ocr_par' dir='ltr' id='par_1_65' title="bbox 191 3527 3442 3602">
     <span class='ocr_line' id='line_1_65' title="bbox 191 3527 3442 3602; baseline 0.003 -20"><span class='ocrx_word' id='word_1_490' title='bbox 191 3545 401 3600; x_wconf 82' lang='lat' dir='ltr'><strong>quoque</strong></span> <span class='ocrx_word' id='word_1_491' title='bbox 455 3535 730 3586; x_wconf 87' lang='lat' dir='ltr'><strong>universa</strong></span> <span class='ocrx_word' id='word_1_492' title='bbox 769 3537 974 3599; x_wconf 81' lang='lat' dir='ltr'><strong>quanta</strong></span> <span class='ocrx_word' id='word_1_493' title='bbox 1004 3537 1123 3594; x_wconf 86' lang='lat' dir='ltr'><strong>est,</strong></span> <span class='ocrx_word' id='word_1_494' title='bbox 1156 3540 1210 3583; x_wconf 92' lang='lat' dir='ltr'><strong>et</strong></span> <span class='ocrx_word' id='word_1_495' title='bbox 1239 3537 1510 3597; x_wconf 84' lang='lat' dir='ltr'><strong>quotquot</strong></span> <span class='ocrx_word' id='word_1_496' title='bbox 1571 3527 1862 3598; x_wconf 72' lang='lat' dir='ltr'><strong>[Egyptum</strong></span> <span class='ocrx_word' id='word_1_497' title='bbox 1909 3527 2259 3597; x_wconf 83' lang='lat' dir='ltr'><strong>Africamque</strong></span> <span class='ocrx_word' id='word_1_498' title='bbox 2298 3528 2545 3582; x_wconf 88' lang='lat' dir='ltr'><strong>incolunt</strong></span> <span class='ocrx_word' id='word_1_499' title='bbox 2573 3529 2801 3586; x_wconf 88' lang='lat' dir='ltr'><strong>Barbari</strong></span> <span class='ocrx_word' id='word_1_500' title='bbox 2833 3533 3077 3601; x_wconf 79' lang='lat' dir='ltr'><strong>profanis</strong></span> <span class='ocrx_word' id='word_1_501' title='bbox 3115 3535 3442 3602; x_wconf 70' lang='lat' dir='ltr'><strong>Moamcthis</strong></span> 
     </span>
    </p>
   </div>
   <div class='ocr_carea' id='block_1_66' title="bbox 191 3619 3158 3693">
    <p class='ocr_par' dir='ltr' id='par_1_66' title="bbox 191 3619 3158 3693">
     <span class='ocr_line' id='line_1_66' title="bbox 191 3619 3158 3693; baseline 0.002 -20"><span class='ocrx_word' id='word_1_502' title='bbox 191 3619 380 3678; x_wconf 87' lang='lat' dir='ltr'><strong>initiati</strong></span> <span class='ocrx_word' id='word_1_503' title='bbox 418 3624 632 3693; x_wconf 79' lang='lat' dir='ltr'><strong>orgiis,</strong></span> <span class='ocrx_word' id='word_1_504' title='bbox 675 3621 743 3675; x_wconf 71' lang='lat' dir='ltr'><strong>ad</strong></span> <span class='ocrx_word' id='word_1_505' title='bbox 779 3635 965 3674; x_wconf 88' lang='lat' dir='ltr'><strong>saeros</strong></span> <span class='ocrx_word' id='word_1_506' title='bbox 997 3629 1215 3674; x_wconf 88' lang='lat' dir='ltr'><strong>nostros</strong></span> <span class='ocrx_word' id='word_1_507' title='bbox 1255 3623 1414 3685; x_wconf 80' lang='lat' dir='ltr'><strong>ritus,</strong></span> <span class='ocrx_word' id='word_1_508' title='bbox 1453 3622 1634 3690; x_wconf 87' lang='lat' dir='ltr'><strong>patria</strong></span> <span class='ocrx_word' id='word_1_509' title='bbox 1662 3623 1905 3689; x_wconf 86' lang='lat' dir='ltr'><strong>ipsorum</strong></span> <span class='ocrx_word' id='word_1_510' title='bbox 1945 3619 2204 3674; x_wconf 90' lang='lat' dir='ltr'><strong>damnata</strong></span> <span class='ocrx_word' id='word_1_511' title='bbox 2238 3620 2650 3690; x_wconf 85' lang='lat' dir='ltr'><strong>superstitione,</strong></span> <span class='ocrx_word' id='word_1_512' title='bbox 2686 3637 2745 3677; x_wconf 87' lang='lat' dir='ltr'><strong>se</strong></span> <span class='ocrx_word' id='word_1_513' title='bbox 2778 3624 3158 3680; x_wconf 83' lang='lat' dir='ltr'><strong>transferrent.</strong></span> 
     </span>
    </p>
   </div>
   <div class='ocr_carea' id='block_1_67' title="bbox 264 3705 1762 3784">
    <p class='ocr_par' dir='ltr' id='par_1_67' title="bbox 264 3710 1762 3784">
     <span class='ocr_line' id='line_1_67' title="bbox 264 3710 1762 3784; baseline -0.004 -17"><span class='ocrx_word' id='word_1_514' title='bbox 264 3715 428 3766; x_wconf 76' lang='grc' dir='ltr'>Ἀλλὰ</span> <span class='ocrx_word' id='word_1_515' title='bbox 477 3714 624 3784; x_wconf 79' lang='grc' dir='ltr'>περὶ</span> <span class='ocrx_word' id='word_1_516' title='bbox 669 3711 768 3780; x_wconf 81' lang='grc' dir='ltr'>μὲν</span> <span class='ocrx_word' id='word_1_517' title='bbox 792 3710 998 3763; x_wconf 80' lang='grc' dir='ltr'>τούτων</span> <span class='ocrx_word' id='word_1_518' title='bbox 1027 3712 1168 3773; x_wconf 83' lang='grc' dir='ltr'>ἆλις.</span> <span class='ocrx_word' id='word_1_519' title='bbox 1190 3710 1497 3780; x_wconf 81' lang='grc' dir='ltr'>Βουλομένη</span> <span class='ocrx_word' id='word_1_520' title='bbox 1523 3710 1579 3763; x_wconf 77' lang='grc' dir='ltr'>δὲ</span> <span class='ocrx_word' id='word_1_521' title='bbox 1609 3710 1762 3762; x_wconf 83' lang='grc' dir='ltr'>δεινο-</span> 
     </span>
    </p>
   </div>
   <div class='ocr_carea' id='block_1_68' title="bbox 1861 3705 3438 3784">
    <p class='ocr_par' dir='ltr' id='par_1_68' title="bbox 1952 3705 3438 3779">
     <span class='ocr_line' id='line_1_68' title="bbox 1952 3705 3438 3779; baseline 0.008 -19"><span class='ocrx_word' id='word_1_522' title='bbox 1952 3705 2056 3760; x_wconf 76' lang='lat' dir='ltr'><strong>Sel</strong></span> <span class='ocrx_word' id='word_1_523' title='bbox 2098 3707 2165 3762; x_wconf 90' lang='lat' dir='ltr'><strong>de</strong></span> <span class='ocrx_word' id='word_1_524' title='bbox 2203 3710 2286 3761; x_wconf 87' lang='lat' dir='ltr'><strong>his</strong></span> <span class='ocrx_word' id='word_1_525' title='bbox 2310 3709 2529 3776; x_wconf 86' lang='lat' dir='ltr'><strong>quidem</strong></span> <span class='ocrx_word' id='word_1_526' title='bbox 2579 3711 2734 3766; x_wconf 88' lang='lat' dir='ltr'><strong>satis.</strong></span> <span class='ocrx_word' id='word_1_527' title='bbox 2781 3712 2919 3763; x_wconf 80' lang='lat' dir='ltr'><strong>illnc</strong></span> <span class='ocrx_word' id='word_1_528' title='bbox 2949 3712 3063 3779; x_wconf 88' lang='lat' dir='ltr'><strong>jam</strong></span> <span class='ocrx_word' id='word_1_529' title='bbox 3096 3730 3238 3770; x_wconf 79' lang='lat' dir='ltr'><strong>noro</strong></span> <span class='ocrx_word' id='word_1_530' title='bbox 3275 3717 3438 3772; x_wconf 89' lang='lat' dir='ltr'><strong>initio</strong></span> 
     </span>
    </p>
   </div>
   <div class='ocr_carea' id='block_1_69' title="bbox 187 3797 1762 3874">
    <p class='ocr_par' dir='ltr' id='par_1_69' title="bbox 187 3797 1762 3874">
     <span class='ocr_line' id='line_1_69' title="bbox 187 3797 1762 3874; baseline -0.003 -20"><span class='ocrx_word' id='word_1_531' title='bbox 187 3803 342 3874; x_wconf 75' lang='grc' dir='ltr'>τέραν</span> <span class='ocrx_word' id='word_1_532' title='bbox 370 3804 471 3856; x_wconf 76' lang='grc' dir='ltr'>καὶ</span> <span class='ocrx_word' id='word_1_533' title='bbox 508 3801 751 3873; x_wconf 79' lang='grc' dir='ltr'>μείζονα</span> <span class='ocrx_word' id='word_1_534' title='bbox 783 3801 879 3867; x_wconf 78' lang='grc' dir='ltr'>τῆς</span> <span class='ocrx_word' id='word_1_535' title='bbox 930 3799 1310 3870; x_wconf 79' lang='grc' dir='ltr'>προλαϐούσης</span> <span class='ocrx_word' id='word_1_536' title='bbox 1369 3801 1509 3852; x_wconf 83' lang='grc' dir='ltr'>κατὰ</span> <span class='ocrx_word' id='word_1_537' title='bbox 1541 3801 1638 3868; x_wconf 83' lang='grc' dir='ltr'>τῆς</span> <span class='ocrx_word' id='word_1_538' title='bbox 1668 3797 1762 3850; x_wconf 48' lang='grc' dir='ltr'><strong>τῶν</strong></span> 
     </span>
    </p>
   </div>
   <div class='ocr_carea' id='block_1_70' title="bbox 1861 3797 3446 3874">
    <p class='ocr_par' dir='ltr' id='par_1_70' title="bbox 1879 3797 3446 3866">
     <span class='ocr_line' id='line_1_70' title="bbox 1879 3797 3446 3866; baseline 0.01 -19"><span class='ocrx_word' id='word_1_539' title='bbox 1879 3797 2222 3866; x_wconf 82' lang='lat' dir='ltr'><strong>aceingcnda</strong></span> <span class='ocrx_word' id='word_1_540' title='bbox 2276 3797 2516 3852; x_wconf 76' lang='lat' dir='ltr'><strong>Historia</strong></span> <span class='ocrx_word' id='word_1_541' title='bbox 2552 3810 2637 3854; x_wconf 90' lang='lat' dir='ltr'><strong>est</strong></span> <span class='ocrx_word' id='word_1_542' title='bbox 2671 3801 2736 3854; x_wconf 87' lang='lat' dir='ltr'><strong>ad</strong></span> <span class='ocrx_word' id='word_1_543' title='bbox 2769 3803 3144 3858; x_wconf 86' lang='lat' dir='ltr'><strong>narrationem</strong></span> <span class='ocrx_word' id='word_1_544' title='bbox 3181 3805 3446 3862; x_wconf 85' lang='lat' dir='ltr'><strong>formido-</strong></span> 
     </span>
    </p>
   </div>
   <div class='ocr_carea' id='block_1_71' title="bbox 196 3889 1762 3964">
    <p class='ocr_par' dir='ltr' id='par_1_71' title="bbox 196 3889 1762 3964">
     <span class='ocr_line' id='line_1_71' title="bbox 196 3889 1762 3964; baseline -0.007 -18"><span class='ocrx_word' id='word_1_545' title='bbox 196 3895 497 3964; x_wconf 77' lang='grc' dir='ltr'>Ῥωμαίων</span> <span class='ocrx_word' id='word_1_546' title='bbox 561 3893 750 3962; x_wconf 82' lang='grc' dir='ltr'>ἀρχῆς</span> <span class='ocrx_word' id='word_1_547' title='bbox 805 3891 992 3959; x_wconf 77' lang='grc' dir='ltr'>ἔφοδον</span> <span class='ocrx_word' id='word_1_548' title='bbox 1039 3890 1424 3961; x_wconf 76' lang='grc' dir='ltr'>διηγήσασθαι,</span> <span class='ocrx_word' id='word_1_549' title='bbox 1475 3892 1554 3952; x_wconf 83' lang='grc' dir='ltr'>εἰς</span> <span class='ocrx_word' id='word_1_550' title='bbox 1605 3889 1762 3958; x_wconf 67' lang='grc' dir='ltr'>ἀρχὴι</span> 
     </span>
    </p>
   </div>
   <div class='ocr_carea' id='block_1_72' title="bbox 1861 3889 3440 3964">
    <p class='ocr_par' dir='ltr' id='par_1_72' title="bbox 1880 3889 3440 3960">
     <span class='ocr_line' id='line_1_72' title="bbox 1880 3889 3440 3960; baseline 0.008 -19"><span class='ocrx_word' id='word_1_551' title='bbox 1880 3890 2102 3944; x_wconf 84' lang='lat' dir='ltr'><strong>losioris</strong></span> <span class='ocrx_word' id='word_1_552' title='bbox 2138 3891 2323 3958; x_wconf 86' lang='lat' dir='ltr'><strong>priore</strong></span> <span class='ocrx_word' id='word_1_553' title='bbox 2369 3889 2517 3944; x_wconf 81' lang='lat' dir='ltr'><strong>belli.</strong></span> <span class='ocrx_word' id='word_1_554' title='bbox 2552 3891 2726 3960; x_wconf 83' lang='lat' dir='ltr'><strong>Major</strong></span> <span class='ocrx_word' id='word_1_555' title='bbox 2776 3908 2960 3947; x_wconf 89' lang='lat' dir='ltr'><strong>rerum</strong></span> <span class='ocrx_word' id='word_1_556' title='bbox 2994 3899 3440 3954; x_wconf 85' lang='lat' dir='ltr'><strong>turbulentarum</strong></span> 
     </span>
    </p>
   </div>
   <div class='ocr_carea' id='block_1_73' title="bbox 187 3979 1762 4052">
    <p class='ocr_par' dir='ltr' id='par_1_73' title="bbox 187 3979 1762 4052">
     <span class='ocr_line' id='line_1_73' title="bbox 187 3979 1762 4052; baseline -0.006 -13"><span class='ocrx_word' id='word_1_557' title='bbox 187 3980 336 4048; x_wconf 74' lang='grc' dir='ltr'>αὖθις</span> <span class='ocrx_word' id='word_1_558' title='bbox 362 3985 634 4039; x_wconf 77' lang='grc' dir='ltr'>καθιστῶ</span> <span class='ocrx_word' id='word_1_559' title='bbox 664 3984 758 4036; x_wconf 83' lang='grc' dir='ltr'>τὸν</span> <span class='ocrx_word' id='word_1_560' title='bbox 779 3983 955 4050; x_wconf 78' lang='grc' dir='ltr'>λόγον’</span> <span class='ocrx_word' id='word_1_561' title='bbox 977 3981 1112 4036; x_wconf 70' lang='grc' dir='ltr'>ἄλλα</span> <span class='ocrx_word' id='word_1_562' title='bbox 1143 3985 1251 4052; x_wconf 81' lang='grc' dir='ltr'><strong>γὰρ</strong></span> <span class='ocrx_word' id='word_1_563' title='bbox 1272 3981 1358 4033; x_wconf 85' lang='grc' dir='ltr'>ἐπ’</span> <span class='ocrx_word' id='word_1_564' title='bbox 1387 3980 1569 4041; x_wconf 81' lang='grc' dir='ltr'>ἄλλοις</span> <span class='ocrx_word' id='word_1_565' title='bbox 1595 3979 1762 4032; x_wconf 82' lang='grc' dir='ltr'>διεκυ·</span> 
     </span>
    </p>
   </div>
   <div class='ocr_carea' id='block_1_74' title="bbox 1861 3979 3444 4052">
    <p class='ocr_par' dir='ltr' id='par_1_74' title="bbox 1881 3979 3444 4046">
     <span class='ocr_line' id='line_1_74' title="bbox 1881 3979 3444 4046; baseline 0.008 -13"><span class='ocrx_word' id='word_1_566' title='bbox 1881 3979 2015 4033; x_wconf 90' lang='lat' dir='ltr'><strong>mihi</strong></span> <span class='ocrx_word' id='word_1_567' title='bbox 2047 3980 2220 4035; x_wconf 89' lang='lat' dir='ltr'><strong>moles</strong></span> <span class='ocrx_word' id='word_1_568' title='bbox 2265 3981 2514 4035; x_wconf 89' lang='lat' dir='ltr'><strong>nascitur</strong></span> <span class='ocrx_word' id='word_1_569' title='bbox 2549 3999 2562 4036; x_wconf 92' lang='lat'>:</span> <span class='ocrx_word' id='word_1_570' title='bbox 2593 3991 2646 4037; x_wconf 89' lang='lat' dir='ltr'><strong>et</strong></span> <span class='ocrx_word' id='word_1_571' title='bbox 2684 3983 2739 4037; x_wconf 92' lang='lat' dir='ltr'><strong>in</strong></span> <span class='ocrx_word' id='word_1_572' title='bbox 2787 3984 2928 4040; x_wconf 89' lang='lat' dir='ltr'><strong>alios</strong></span> <span class='ocrx_word' id='word_1_573' title='bbox 2972 4003 3038 4040; x_wconf 76' lang='lat' dir='ltr'><strong>ex</strong></span> <span class='ocrx_word' id='word_1_574' title='bbox 3094 3989 3217 4045; x_wconf 87' lang='lat' dir='ltr'><strong>aliis</strong></span> <span class='ocrx_word' id='word_1_575' title='bbox 3265 3996 3444 4046; x_wconf 84' lang='lat' dir='ltr'><strong>oratio</strong></span> 
     </span>
    </p>
   </div>
   <div class='ocr_carea' id='block_1_75' title="bbox 193 4070 1762 4147">
    <p class='ocr_par' dir='ltr' id='par_1_75' title="bbox 193 4071 1762 4147">
     <span class='ocr_line' id='line_1_75' title="bbox 193 4071 1762 4147; baseline -0.005 -19"><span class='ocrx_word' id='word_1_576' title='bbox 193 4078 506 4147; x_wconf 66' lang='grc' dir='ltr'>μάνθησαν.</span> <span class='ocrx_word' id='word_1_577' title='bbox 553 4077 727 4136; x_wconf 57' lang='grc' dir='ltr'>Γένος</span> <span class='ocrx_word' id='word_1_578' title='bbox 762 4093 812 4126; x_wconf 87' lang='grc' dir='ltr'><strong>τι</strong></span> <span class='ocrx_word' id='word_1_579' title='bbox 840 4074 1100 4128; x_wconf 72' lang='grc' dir='ltr'>Σκυθικὸν</span> <span class='ocrx_word' id='word_1_580' title='bbox 1123 4073 1234 4142; x_wconf 80' lang='grc' dir='ltr'><strong>(Ἠ)</strong></span> <span class='ocrx_word' id='word_1_581' title='bbox 1265 4072 1414 4140; x_wconf 64' lang='grc' dir='ltr'>παρὰ</span> <span class='ocrx_word' id='word_1_582' title='bbox 1439 4071 1547 4122; x_wconf 85' lang='grc' dir='ltr'>τῶν</span> <span class='ocrx_word' id='word_1_583' title='bbox 1579 4071 1762 4139; x_wconf 72' lang='grc' dir='ltr'>Σαυροι</span> 
     </span>
    </p>
   </div>
   <div class='ocr_carea' id='block_1_76' title="bbox 1861 4070 3446 4147">
    <p class='ocr_par' dir='ltr' id='par_1_76' title="bbox 1884 4070 3446 4141">
     <span class='ocr_line' id='line_1_76' title="bbox 1884 4070 3446 4141; baseline 0.01 -19"><span class='ocrx_word' id='word_1_584' title='bbox 1884 4084 2000 4123; x_wconf 90' lang='lat' dir='ltr'><strong>mea</strong></span> <span class='ocrx_word' id='word_1_585' title='bbox 2035 4070 2197 4123; x_wconf 83' lang='lat' dir='ltr'><strong>simul</strong></span> <span class='ocrx_word' id='word_1_586' title='bbox 2237 4085 2361 4126; x_wconf 91' lang='lat' dir='ltr'><strong>cum</strong></span> <span class='ocrx_word' id='word_1_587' title='bbox 2415 4073 2702 4141; x_wconf 82' lang='lat' dir='ltr'><strong>republica</strong></span> <span class='ocrx_word' id='word_1_588' title='bbox 2760 4074 2958 4131; x_wconf 84' lang='lat' dir='ltr'><strong>fluctus</strong></span> <span class='ocrx_word' id='word_1_589' title='bbox 3002 4079 3260 4133; x_wconf 86' lang='lat' dir='ltr'><strong>trahitur.</strong></span> <span class='ocrx_word' id='word_1_590' title='bbox 3299 4079 3446 4137; x_wconf 88' lang='lat' dir='ltr'><strong>Gens</strong></span> 
     </span>
    </p>
   </div>
   <div class='ocr_carea' id='block_1_77' title="bbox 190 4161 1762 4243">
    <p class='ocr_par' dir='ltr' id='par_1_77' title="bbox 190 4161 1762 4236">
     <span class='ocr_line' id='line_1_77' title="bbox 190 4161 1762 4236; baseline -0.006 -17"><span class='ocrx_word' id='word_1_591' title='bbox 190 4169 377 4236; x_wconf 76' lang='grc' dir='ltr'>ματὼν</span> <span class='ocrx_word' id='word_1_592' title='bbox 423 4169 566 4222; x_wconf 77' lang='grc' dir='ltr'>καθ’</span> <span class='ocrx_word' id='word_1_593' title='bbox 605 4166 852 4234; x_wconf 78' lang='grc' dir='ltr'>ἑκάστην</span> <span class='ocrx_word' id='word_1_594' title='bbox 894 4164 1278 4232; x_wconf 65' lang='grc' dir='ltr'>σκυλευόμενος</span> <span class='ocrx_word' id='word_1_595' title='bbox 1322 4163 1632 4231; x_wconf 78' lang='grc' dir='ltr'>ἀπάραντες</span> <span class='ocrx_word' id='word_1_596' title='bbox 1665 4161 1762 4212; x_wconf 54' lang='grc' dir='ltr'>λτῶι</span> 
     </span>
    </p>
   </div>
   <div class='ocr_carea' id='block_1_78' title="bbox 1861 4161 3449 4243">
    <p class='ocr_par' dir='ltr' id='par_1_78' title="bbox 1890 4161 3449 4243">
     <span class='ocr_line' id='line_1_78' title="bbox 1890 4161 3449 4243; baseline 0.009 -29"><span class='ocrx_word' id='word_1_597' title='bbox 1890 4163 2134 4230; x_wconf 63' lang='lat' dir='ltr'><strong>quaedam</strong></span> <span class='ocrx_word' id='word_1_598' title='bbox 2152 4161 2405 4233; x_wconf 89' lang='lat' dir='ltr'><strong>Scythica</strong></span> <span class='ocrx_word' id='word_1_599' title='bbox 2422 4179 2594 4233; x_wconf 79' lang='lat' dir='ltr'><strong>genus</strong></span> <span class='ocrx_word' id='word_1_600' title='bbox 2627 4167 2836 4222; x_wconf 88' lang='lat' dir='ltr'><strong>ducens</strong></span> <span class='ocrx_word' id='word_1_601' title='bbox 2873 4183 2900 4220; x_wconf 90' lang='lat' dir='ltr'><strong>a</strong></span> <span class='ocrx_word' id='word_1_602' title='bbox 2928 4168 3292 4239; x_wconf 88' lang='lat' dir='ltr'><strong>Sauromatis,</strong></span> <span class='ocrx_word' id='word_1_603' title='bbox 3324 4190 3449 4243; x_wconf 78' lang='lat' dir='ltr'><strong>pro-</strong></span> 
     </span>
    </p>
   </div>
   <div class='ocr_carea' id='block_1_79' title="bbox 186 4245 1762 4329">
    <p class='ocr_par' dir='ltr' id='par_1_79' title="bbox 186 4245 1762 4328">
     <span class='ocr_line' id='line_1_79' title="bbox 186 4245 1762 4328; baseline -0.001 -22"><span class='ocrx_word' id='word_1_604' title='bbox 186 4261 320 4311; x_wconf 66' lang='grc' dir='ltr'>οικοι</span> <span class='ocrx_word' id='word_1_605' title='bbox 341 4245 805 4328; x_wconf 63' lang='grc' dir='ltr'>κατῆλθονπρὸς</span> <span class='ocrx_word' id='word_1_606' title='bbox 832 4256 922 4308; x_wconf 83' lang='grc' dir='ltr'>τὸν</span> <span class='ocrx_word' id='word_1_607' title='bbox 949 4256 1231 4310; x_wconf 76' lang='grc' dir='ltr'>Δάνουὸιν.</span> <span class='ocrx_word' id='word_1_608' title='bbox 1271 4253 1361 4314; x_wconf 84' lang='grc' dir='ltr'>Ὠς</span> <span class='ocrx_word' id='word_1_609' title='bbox 1384 4253 1438 4305; x_wconf 82' lang='grc' dir='ltr'>δὲ</span> <span class='ocrx_word' id='word_1_610' title='bbox 1460 4252 1594 4321; x_wconf 84' lang='grc' dir='ltr'>πρὸς</span> <span class='ocrx_word' id='word_1_611' title='bbox 1616 4252 1762 4316; x_wconf 72' lang='grc' dir='ltr'>ἀνάγε</span> 
     </span>
    </p>
   </div>
   <div class='ocr_carea' id='block_1_80' title="bbox 1861 4245 3449 4329">
    <p class='ocr_par' dir='ltr' id='par_1_80' title="bbox 1893 4252 3449 4329">
     <span class='ocr_line' id='line_1_80' title="bbox 1893 4252 3449 4329; baseline 0.01 -26"><span class='ocrx_word' id='word_1_612' title='bbox 1893 4252 2026 4320; x_wconf 92' lang='lat' dir='ltr'><strong>priis</strong></span> <span class='ocrx_word' id='word_1_613' title='bbox 2059 4253 2280 4307; x_wconf 90' lang='lat' dir='ltr'><strong>sedibus</strong></span> <span class='ocrx_word' id='word_1_614' title='bbox 2311 4255 2516 4308; x_wconf 86' lang='lat' dir='ltr'><strong>relictis</strong></span> <span class='ocrx_word' id='word_1_615' title='bbox 2541 4257 2604 4309; x_wconf 88' lang='lat' dir='ltr'><strong>ad</strong></span> <span class='ocrx_word' id='word_1_616' title='bbox 2638 4256 2943 4311; x_wconf 89' lang='lat' dir='ltr'><strong>Danubium</strong></span> <span class='ocrx_word' id='word_1_617' title='bbox 2973 4260 3274 4316; x_wconf 87' lang='lat' dir='ltr'><strong>descendit.</strong></span> <span class='ocrx_word' id='word_1_618' title='bbox 3303 4263 3449 4329; x_wconf 85' lang='lat' dir='ltr'><strong>Quo-</strong></span> 
     </span>
    </p>
   </div>
   <div class='ocr_carea' id='block_1_81' title="bbox 187 4343 1762 4422">
    <p class='ocr_par' dir='ltr' id='par_1_81' title="bbox 187 4344 1762 4422">
     <span class='ocr_line' id='line_1_81' title="bbox 187 4344 1762 4422; baseline -0.003 -21"><span class='ocrx_word' id='word_1_619' title='bbox 187 4367 283 4421; x_wconf 75' lang='grc' dir='ltr'>κης</span> <span class='ocrx_word' id='word_1_620' title='bbox 339 4348 412 4422; x_wconf 73' lang='grc' dir='ltr'>ἦν</span> <span class='ocrx_word' id='word_1_621' title='bbox 466 4353 675 4412; x_wconf 71' lang='grc' dir='ltr'>αὐτοῖς</span> <span class='ocrx_word' id='word_1_622' title='bbox 701 4348 839 4419; x_wconf 79' lang='grc' dir='ltr'>μετὰ</span> <span class='ocrx_word' id='word_1_623' title='bbox 863 4348 968 4400; x_wconf 85' lang='grc' dir='ltr'><strong>τῶν</strong></span> <span class='ocrx_word' id='word_1_624' title='bbox 993 4348 1130 4400; x_wconf 68' lang='grc' dir='ltr'>κατὰ</span> <span class='ocrx_word' id='word_1_625' title='bbox 1159 4347 1250 4398; x_wconf 83' lang='grc' dir='ltr'>τὸν</span> <span class='ocrx_word' id='word_1_626' title='bbox 1284 4345 1538 4399; x_wconf 71' lang='grc' dir='ltr'>Δάνουϐιν</span> <span class='ocrx_word' id='word_1_627' title='bbox 1571 4344 1762 4398; x_wconf 74' lang='grc' dir='ltr'>οἰκοῦν·</span> 
     </span>
    </p>
   </div>
   <div class='ocr_carea' id='block_1_82' title="bbox 1861 4343 3448 4422">
    <p class='ocr_par' dir='ltr' id='par_1_82' title="bbox 1892 4343 3448 4417">
     <span class='ocr_line' id='line_1_82' title="bbox 1892 4343 3448 4417; baseline 0.008 -21"><span class='ocrx_word' id='word_1_628' title='bbox 1892 4343 2038 4396; x_wconf 89' lang='lat' dir='ltr'><strong>niam</strong></span> <span class='ocrx_word' id='word_1_629' title='bbox 2092 4359 2220 4399; x_wconf 89' lang='lat' dir='ltr'><strong>vero</strong></span> <span class='ocrx_word' id='word_1_630' title='bbox 2279 4346 2651 4401; x_wconf 86' lang='lat' dir='ltr'><strong>necessarium</strong></span> <span class='ocrx_word' id='word_1_631' title='bbox 2703 4347 2837 4417; x_wconf 84' lang='lat' dir='ltr'><strong>ipsis</strong></span> <span class='ocrx_word' id='word_1_632' title='bbox 2896 4358 3015 4404; x_wconf 86' lang='lat' dir='ltr'><strong>erat</strong></span> <span class='ocrx_word' id='word_1_633' title='bbox 3070 4355 3364 4408; x_wconf 86' lang='lat' dir='ltr'><strong>convenire</strong></span> <span class='ocrx_word' id='word_1_634' title='bbox 3395 4357 3448 4409; x_wconf 90' lang='lat' dir='ltr'><strong>in</strong></span> 
     </span>
    </p>
   </div>
   <div class='ocr_carea' id='block_1_83' title="bbox 184 4434 1762 4508">
    <p class='ocr_par' dir='ltr' id='par_1_83' title="bbox 184 4440 1762 4508">
     <span class='ocr_line' id='line_1_83' title="bbox 184 4440 1762 4508; baseline -0.002 -14"><span class='ocrx_word' id='word_1_635' title='bbox 184 4461 286 4495; x_wconf 81' lang='grc' dir='ltr'><strong>των</strong></span> <span class='ocrx_word' id='word_1_636' title='bbox 327 4443 723 4504; x_wconf 72' lang='grc' dir='ltr'>σπείσασθαι.</span> <span class='ocrx_word' id='word_1_637' title='bbox 758 4442 949 4494; x_wconf 78' lang='grc' dir='ltr'>τούτου</span> <span class='ocrx_word' id='word_1_638' title='bbox 985 4440 1334 4506; x_wconf 79' lang='grc' dir='ltr'>συνδόξαντος</span> <span class='ocrx_word' id='word_1_639' title='bbox 1368 4441 1535 4493; x_wconf 81' lang='grc' dir='ltr'>πᾶσιν</span> <span class='ocrx_word' id='word_1_640' title='bbox 1557 4442 1636 4501; x_wconf 79' lang='grc' dir='ltr'><strong>είς</strong></span> <span class='ocrx_word' id='word_1_641' title='bbox 1661 4441 1762 4508; x_wconf 77' lang='grc' dir='ltr'>ὁμι</span> 
     </span>
    </p>
   </div>
   <div class='ocr_carea' id='block_1_84' title="bbox 1861 4434 3448 4508">
    <p class='ocr_par' dir='ltr' id='par_1_84' title="bbox 1891 4434 3448 4507">
     <span class='ocr_line' id='line_1_84' title="bbox 1891 4434 3448 4507; baseline 0.004 -20"><span class='ocrx_word' id='word_1_642' title='bbox 1891 4443 2074 4487; x_wconf 82' lang='lat' dir='ltr'><strong>certas</strong></span> <span class='ocrx_word' id='word_1_643' title='bbox 2125 4434 2474 4490; x_wconf 86' lang='lat' dir='ltr'><strong>conditiones</strong></span> <span class='ocrx_word' id='word_1_644' title='bbox 2543 4437 2696 4504; x_wconf 90' lang='lat' dir='ltr'><strong>pacis</strong></span> <span class='ocrx_word' id='word_1_645' title='bbox 2757 4452 2880 4491; x_wconf 90' lang='lat' dir='ltr'><strong>cum</strong></span> <span class='ocrx_word' id='word_1_646' title='bbox 2939 4440 3140 4494; x_wconf 88' lang='lat' dir='ltr'><strong>accolis</strong></span> <span class='ocrx_word' id='word_1_647' title='bbox 3194 4441 3448 4507; x_wconf 88' lang='lat' dir='ltr'><strong>Danubii,</strong></span> 
     </span>
    </p>
   </div>
   <div class='ocr_carea' id='block_1_85' title="bbox 186 4524 1762 4608">
    <p class='ocr_par' dir='ltr' id='par_1_85' title="bbox 186 4531 1759 4608">
     <span class='ocr_line' id='line_1_85' title="bbox 186 4531 1759 4608; baseline -0.001 -23"><span class='ocrx_word' id='word_1_648' title='bbox 186 4533 302 4589; x_wconf 81' lang='grc' dir='ltr'>λίαν</span> <span class='ocrx_word' id='word_1_649' title='bbox 325 4533 506 4608; x_wconf 72' lang='grc' dir='ltr'>ἦλθον</span> <span class='ocrx_word' id='word_1_650' title='bbox 551 4534 706 4606; x_wconf 81' lang='grc' dir='ltr'>μετὰ</span> <span class='ocrx_word' id='word_1_651' title='bbox 734 4533 843 4586; x_wconf 84' lang='grc' dir='ltr'>τῶν</span> <span class='ocrx_word' id='word_1_652' title='bbox 895 4533 1188 4602; x_wconf 86' lang='grc' dir='ltr'>ἐκκρίτων,</span> <span class='ocrx_word' id='word_1_653' title='bbox 1220 4532 1311 4584; x_wconf 79' lang='grc' dir='ltr'>τοῦ</span> <span class='ocrx_word' id='word_1_654' title='bbox 1345 4549 1405 4584; x_wconf 88' lang='grc' dir='ltr'><strong>τε</strong></span> <span class='ocrx_word' id='word_1_655' title='bbox 1443 4531 1620 4585; x_wconf 83' lang='grc' dir='ltr'><strong>Τατοῦ</strong></span> <span class='ocrx_word' id='word_1_656' title='bbox 1645 4531 1759 4601; x_wconf 70' lang='lat'><strong>(72)</strong></span> 
     </span>
    </p>
   </div>
   <div class='ocr_carea' id='block_1_86' title="bbox 1861 4524 3447 4608">
    <p class='ocr_par' dir='ltr' id='par_1_86' title="bbox 1888 4524 3447 4596">
     <span class='ocr_line' id='line_1_86' title="bbox 1888 4524 3447 4596; baseline 0.007 -20"><span class='ocrx_word' id='word_1_657' title='bbox 1888 4524 2184 4579; x_wconf 88' lang='lat' dir='ltr'><strong>mittuntttr</strong></span> <span class='ocrx_word' id='word_1_658' title='bbox 2229 4527 2502 4596; x_wconf 88' lang='lat' dir='ltr'><strong>utrimque</strong></span> <span class='ocrx_word' id='word_1_659' title='bbox 2526 4528 2620 4596; x_wconf 89' lang='lat' dir='ltr'><strong>qui</strong></span> <span class='ocrx_word' id='word_1_660' title='bbox 2659 4529 3028 4584; x_wconf 88' lang='lat' dir='ltr'><strong>communiter</strong></span> <span class='ocrx_word' id='word_1_661' title='bbox 3073 4534 3447 4595; x_wconf 82' lang='lat' dir='ltr'><strong>consulerent,</strong></span> 
     </span>
    </p>
   </div>
   <div class='ocr_carea' id='block_1_87' title="bbox 184 4617 1762 4698">
    <p class='ocr_par' dir='ltr' id='par_1_87' title="bbox 184 4621 1762 4698">
     <span class='ocr_line' id='line_1_87' title="bbox 184 4621 1762 4698; baseline -0.004 -18"><span class='ocrx_word' id='word_1_662' title='bbox 184 4630 276 4681; x_wconf 77' lang='grc' dir='ltr'>καὶ</span> <span class='ocrx_word' id='word_1_663' title='bbox 303 4631 473 4698; x_wconf 75' lang='grc' dir='ltr'><strong>Χαλῆ</strong></span> <span class='ocrx_word' id='word_1_664' title='bbox 542 4625 990 4696; x_wconf 78' lang='grc' dir='ltr'>ὀνομαζομένου,</span> <span class='ocrx_word' id='word_1_665' title='bbox 1033 4623 1127 4676; x_wconf 78' lang='grc' dir='ltr'>καὶ</span> <span class='ocrx_word' id='word_1_666' title='bbox 1181 4622 1275 4675; x_wconf 82' lang='grc' dir='ltr'>τοῦ</span> <span class='ocrx_word' id='word_1_667' title='bbox 1320 4621 1647 4682; x_wconf 76' lang='grc' dir='ltr'>Σεσθλάὸου.</span> <span class='ocrx_word' id='word_1_668' title='bbox 1698 4639 1762 4674; x_wconf 89' lang='grc' dir='ltr'><strong>κα</strong></span> 
     </span>
    </p>
   </div>
   <div class='ocr_carea' id='block_1_88' title="bbox 1861 4617 3450 4698">
    <p class='ocr_par' dir='ltr' id='par_1_88' title="bbox 1888 4617 3450 4689">
     <span class='ocr_line' id='line_1_88' title="bbox 1888 4617 3450 4689; baseline 0.005 -19"><span class='ocrx_word' id='word_1_669' title='bbox 1888 4631 1954 4670; x_wconf 79' lang='lat' dir='ltr'><strong>ex</strong></span> <span class='ocrx_word' id='word_1_670' title='bbox 1984 4617 2148 4672; x_wconf 82' lang='lat' dir='ltr'><strong>novis</strong></span> <span class='ocrx_word' id='word_1_671' title='bbox 2173 4618 2394 4686; x_wconf 87' lang='lat' dir='ltr'><strong>quidem</strong></span> <span class='ocrx_word' id='word_1_672' title='bbox 2432 4617 2646 4670; x_wconf 90' lang='lat' dir='ltr'><strong>colonis</strong></span> <span class='ocrx_word' id='word_1_673' title='bbox 2678 4620 2934 4687; x_wconf 61' lang='lat' dir='ltr'><strong>praecipui</strong></span> <span class='ocrx_word' id='word_1_674' title='bbox 2961 4622 3186 4689; x_wconf 80' lang='lat' dir='ltr'><strong>quique,</strong></span> <span class='ocrx_word' id='word_1_675' title='bbox 3227 4638 3290 4676; x_wconf 77' lang='lat' dir='ltr'><strong>ex</strong></span> <span class='ocrx_word' id='word_1_676' title='bbox 3327 4623 3450 4678; x_wconf 85' lang='lat' dir='ltr'><strong>aliis</strong></span> 
     </span>
    </p>
   </div>
   <div class='ocr_carea' id='block_1_89' title="bbox 184 4707 1762 4784">
    <p class='ocr_par' dir='ltr' id='par_1_89' title="bbox 184 4711 1755 4784">
     <span class='ocr_line' id='line_1_89' title="bbox 184 4711 1755 4784; baseline -0.003 -18"><span class='ocrx_word' id='word_1_677' title='bbox 184 4717 274 4768; x_wconf 79' lang='grc' dir='ltr'><strong>τοῦ</strong></span> <span class='ocrx_word' id='word_1_678' title='bbox 310 4719 515 4782; x_wconf 69' lang='lat' dir='ltr'><strong>Sa.th</strong></span> <span class='ocrx_word' id='word_1_679' title='bbox 557 4717 608 4746; x_wconf 79' lang='grc'><strong>³⁸</strong></span> <span class='ocrx_word' id='word_1_680' title='bbox 655 4714 783 4784; x_wconf 80' lang='grc' dir='ltr'>(χρὴ</span> <span class='ocrx_word' id='word_1_681' title='bbox 816 4714 924 4783; x_wconf 84' lang='grc' dir='ltr'><strong>γὰρ</strong></span> <span class='ocrx_word' id='word_1_682' title='bbox 955 4712 1048 4766; x_wconf 75' lang='grc' dir='ltr'>καὶ</span> <span class='ocrx_word' id='word_1_683' title='bbox 1079 4715 1178 4782; x_wconf 83' lang='grc' dir='ltr'>τῆς</span> <span class='ocrx_word' id='word_1_684' title='bbox 1209 4711 1524 4780; x_wconf 77' lang='grc' dir='ltr'>ἐπωνυμίας</span> <span class='ocrx_word' id='word_1_685' title='bbox 1577 4713 1755 4780; x_wconf 83' lang='grc' dir='ltr'>μεμνῆ</span> 
     </span>
    </p>
   </div>
   <div class='ocr_carea' id='block_1_90' title="bbox 1861 4707 3451 4784">
    <p class='ocr_par' dir='ltr' id='par_1_90' title="bbox 1889 4707 3451 4778">
     <span class='ocr_line' id='line_1_90' title="bbox 1889 4707 3451 4778; baseline 0.004 -17"><span class='ocrx_word' id='word_1_686' title='bbox 1889 4707 2079 4773; x_wconf 80' lang='lat' dir='ltr'><strong>Talus,</strong></span> <span class='ocrx_word' id='word_1_687' title='bbox 2114 4717 2167 4763; x_wconf 91' lang='lat' dir='ltr'><strong>et</strong></span> <span class='ocrx_word' id='word_1_688' title='bbox 2193 4710 2286 4778; x_wconf 89' lang='lat' dir='ltr'><strong>qui</strong></span> <span class='ocrx_word' id='word_1_689' title='bbox 2324 4707 2494 4763; x_wconf 86' lang='lat' dir='ltr'><strong>Chale</strong></span> <span class='ocrx_word' id='word_1_690' title='bbox 2551 4708 2902 4772; x_wconf 86' lang='lat' dir='ltr'><strong>nominatur,</strong></span> <span class='ocrx_word' id='word_1_691' title='bbox 2929 4720 2982 4764; x_wconf 91' lang='lat' dir='ltr'><strong>et</strong></span> <span class='ocrx_word' id='word_1_692' title='bbox 3048 4712 3371 4768; x_wconf 84' lang='lat' dir='ltr'><strong>Sestblabus</strong></span> <span class='ocrx_word' id='word_1_693' title='bbox 3398 4728 3451 4768; x_wconf 90' lang='lat' dir='ltr'><strong>et</strong></span> 
     </span>
    </p>
   </div>
   <div class='ocr_carea' id='block_1_91' title="bbox 184 4799 1762 4873">
    <p class='ocr_par' dir='ltr' id='par_1_91' title="bbox 184 4801 1762 4873">
     <span class='ocr_line' id='line_1_91' title="bbox 184 4801 1762 4873; baseline -0.003 -13"><span class='ocrx_word' id='word_1_694' title='bbox 184 4809 304 4862; x_wconf 70' lang='grc' dir='ltr'>συαι</span> <span class='ocrx_word' id='word_1_695' title='bbox 333 4810 457 4862; x_wconf 82' lang='grc' dir='ltr'><strong>τῶν</strong></span> <span class='ocrx_word' id='word_1_696' title='bbox 522 4805 668 4861; x_wconf 72' lang='grc' dir='ltr'>κατ’</span> <span class='ocrx_word' id='word_1_697' title='bbox 722 4805 922 4866; x_wconf 77' lang='grc' dir='ltr'>αὐτοὺς</span> <span class='ocrx_word' id='word_1_698' title='bbox 953 4803 1190 4873; x_wconf 83' lang='grc' dir='ltr'>ἀρίστων</span> <span class='ocrx_word' id='word_1_699' title='bbox 1233 4801 1464 4872; x_wconf 78' lang='grc' dir='ltr'>ἀνδρῶν,</span> <span class='ocrx_word' id='word_1_700' title='bbox 1517 4803 1682 4855; x_wconf 76' lang='grc' dir='ltr'>εἰκαὶ</span> <span class='ocrx_word' id='word_1_701' title='bbox 1727 4820 1762 4855; x_wconf 63' lang='grc' dir='ltr'><strong>τι</strong></span> 
     </span>
    </p>
   </div>
   <div class='ocr_carea' id='block_1_92' title="bbox 1861 4799 3451 4873">
    <p class='ocr_par' dir='ltr' id='par_1_92' title="bbox 1897 4799 3451 4870">
     <span class='ocr_line' id='line_1_92' title="bbox 1897 4799 3451 4870; baseline 0.004 -16"><span class='ocrx_word' id='word_1_702' title='bbox 1897 4799 2058 4854; x_wconf 83' lang='lat' dir='ltr'><strong>Satza</strong></span> <span class='ocrx_word' id='word_1_703' title='bbox 2092 4799 2242 4870; x_wconf 91' lang='lat' dir='ltr'><strong>(nam</strong></span> <span class='ocrx_word' id='word_1_704' title='bbox 2271 4808 2327 4853; x_wconf 90' lang='lat' dir='ltr'><strong>et</strong></span> <span class='ocrx_word' id='word_1_705' title='bbox 2374 4801 2616 4854; x_wconf 84' lang='lat' dir='ltr'><strong>virorum</strong></span> <span class='ocrx_word' id='word_1_706' title='bbox 2657 4801 2801 4855; x_wconf 86' lang='lat' dir='ltr'><strong>inter</strong></span> <span class='ocrx_word' id='word_1_707' title='bbox 2845 4801 2946 4855; x_wconf 89' lang='lat' dir='ltr'><strong>hos</strong></span> <span class='ocrx_word' id='word_1_708' title='bbox 2987 4801 3260 4862; x_wconf 80' lang='lat' dir='ltr'><strong>Barbaros</strong></span> <span class='ocrx_word' id='word_1_709' title='bbox 3327 4807 3451 4860; x_wconf 90' lang='lat' dir='ltr'><strong>illn-</strong></span> 
     </span>
    </p>
   </div>
   <div class='ocr_carea' id='block_1_93' title="bbox 1274 4933 2423 4999">
    <p class='ocr_par' dir='ltr' id='par_1_93' title="bbox 1274 4933 2423 4999">
     <span class='ocr_line' id='line_1_93' title="bbox 1274 4933 2423 4999; baseline 0.003 -4"><span class='ocrx_word' id='word_1_710' title='bbox 1274 4935 1470 4996; x_wconf 70' lang='lat' dir='ltr'><strong>Variie</strong></span> <span class='ocrx_word' id='word_1_711' title='bbox 1511 4933 1814 4997; x_wconf 83' lang='lat' dir='ltr'><strong>lectiones</strong></span> <span class='ocrx_word' id='word_1_712' title='bbox 1850 4953 1928 4998; x_wconf 77' lang='lat' dir='ltr'><strong>ex</strong></span> <span class='ocrx_word' id='word_1_713' title='bbox 1982 4937 2119 4999; x_wconf 87' lang='lat' dir='ltr'><strong>cod.</strong></span> <span class='ocrx_word' id='word_1_714' title='bbox 2161 4935 2423 4998; x_wconf 91' lang='lat' dir='ltr'><strong>Coislin.</strong></span> 
     </span>
    </p>
   </div>
   <div class='ocr_carea' id='block_1_94' title="bbox 249 5037 2575 5116">
    <p class='ocr_par' dir='ltr' id='par_1_94' title="bbox 249 5037 2575 5116">
     <span class='ocr_line' id='line_1_94' title="bbox 249 5037 2575 5116; baseline -0.003 -18"><span class='ocrx_word' id='word_1_715' title='bbox 249 5047 295 5077; x_wconf 83' lang='grc'><strong>³⁷</strong></span> <span class='ocrx_word' id='word_1_716' title='bbox 322 5045 772 5116; x_wconf 76' lang='grc' dir='ltr'>βαπτίσματος.</span> <span class='ocrx_word' id='word_1_717' title='bbox 849 5041 896 5072; x_wconf 75' lang='grc'><strong>’⁸</strong></span> <span class='ocrx_word' id='word_1_718' title='bbox 931 5037 1259 5108; x_wconf 78' lang='grc' dir='ltr'>Σκαλιάρης.</span> <span class='ocrx_word' id='word_1_719' title='bbox 1335 5038 1380 5070; x_wconf 83' lang='grc'><strong>¹⁹</strong></span> <span class='ocrx_word' id='word_1_720' title='bbox 1435 5037 1492 5090; x_wconf 79' lang='grc' dir='ltr'>δὲ</span> <span class='ocrx_word' id='word_1_721' title='bbox 1545 5038 1660 5090; x_wconf 85' lang='grc' dir='ltr'>καί.</span> <span class='ocrx_word' id='word_1_722' title='bbox 1737 5040 1782 5070; x_wconf 80' lang='grc' dir='ltr'><strong>³ο</strong></span> <span class='ocrx_word' id='word_1_723' title='bbox 1815 5039 2195 5109; x_wconf 80' lang='grc' dir='ltr'>ίμειρομένων.</span> <span class='ocrx_word' id='word_1_724' title='bbox 2273 5039 2315 5069; x_wconf 77' lang='grc'><strong>³⁸</strong></span> <span class='ocrx_word' id='word_1_725' title='bbox 2353 5038 2575 5102; x_wconf 69' lang='grc' dir='ltr'>Σατξοῦ.</span> 
     </span>
    </p>
   </div>
   <div class='ocr_carea' id='block_1_95' title="bbox 1289 5154 2402 5233">
    <p class='ocr_par' dir='ltr' id='par_1_95' title="bbox 1289 5154 2402 5233">
     <span class='ocr_line' id='line_1_95' title="bbox 1289 5154 2402 5233; baseline -0.001 -18"><span class='ocrx_word' id='word_1_726' title='bbox 1289 5155 1430 5216; x_wconf 85' lang='lat' dir='ltr'><strong>Car.</strong></span> <span class='ocrx_word' id='word_1_727' title='bbox 1476 5154 1805 5217; x_wconf 87' lang='lat' dir='ltr'><strong>Dufresnii</strong></span> <span class='ocrx_word' id='word_1_728' title='bbox 1836 5156 1930 5216; x_wconf 87' lang='lat' dir='ltr'><strong>Du</strong></span> <span class='ocrx_word' id='word_1_729' title='bbox 1959 5155 2178 5233; x_wconf 80' lang='lat' dir='ltr'><strong>Cangii</strong></span> <span class='ocrx_word' id='word_1_730' title='bbox 2214 5162 2402 5217; x_wconf 73' lang='lat' dir='ltr'><strong>notes.</strong></span> 
     </span>
    </p>
   </div>
   <div class='ocr_carea' id='block_1_96' title="bbox 246 5273 3452 5352">
    <p class='ocr_par' dir='ltr' id='par_1_96' title="bbox 246 5273 3452 5352">
     <span class='ocr_line' id='line_1_96' title="bbox 246 5273 3452 5352; baseline -0 -16"><span class='ocrx_word' id='word_1_731' title='bbox 246 5287 364 5352; x_wconf 74' lang='lat'><strong>(70)</strong></span> <span class='ocrx_word' id='word_1_732' title='bbox 406 5276 856 5352; x_wconf 67' lang='grc' dir='ltr'>Ποιμανηνοῦ.</span> <span class='ocrx_word' id='word_1_733' title='bbox 885 5273 1802 5352; x_wconf 42' lang='lat' dir='ltr'><strong>UrbsVillharduino&#39;Pumcnienor</strong></span> <span class='ocrx_word' id='word_1_734' title='bbox 1832 5280 1878 5336; x_wconf 82' lang='grc' dir='ltr'>ο</span> <span class='ocrx_word' id='word_1_735' title='bbox 1905 5285 1957 5352; x_wconf 77' lang='lat' dir='ltr'><strong>et</strong></span> <span class='ocrx_word' id='word_1_736' title='bbox 1992 5275 2274 5352; x_wconf 69' lang='lat' dir='ltr'><strong>Scylitaes,</strong></span> <span class='ocrx_word' id='word_1_737' title='bbox 2305 5293 2424 5352; x_wconf 69' lang='lat' dir='ltr'><strong>pag.</strong></span> <span class='ocrx_word' id='word_1_738' title='bbox 2459 5276 2580 5352; x_wconf 63' lang='lat'><strong>775.</strong></span> <span class='ocrx_word' id='word_1_739' title='bbox 2619 5277 2690 5352; x_wconf 65' lang='lat' dir='ltr'><strong>De</strong></span> <span class='ocrx_word' id='word_1_740' title='bbox 2723 5275 2791 5331; x_wconf 91' lang='lat' dir='ltr'><strong>iis</strong></span> <span class='ocrx_word' id='word_1_741' title='bbox 2833 5279 3000 5352; x_wconf 82' lang='lat' dir='ltr'><strong>multa</strong></span> <span class='ocrx_word' id='word_1_742' title='bbox 3039 5281 3236 5352; x_wconf 76' lang='lat' dir='ltr'><strong>pas_Sitn</strong></span> <span class='ocrx_word' id='word_1_743' title='bbox 3292 5281 3452 5336; x_wconf 82' lang='lat' dir='ltr'><strong>hauet</strong></span> 
     </span>
    </p>
   </div>
   <div class='ocr_carea' id='block_1_97' title="bbox 174 5343 3452 5470">
    <p class='ocr_par' dir='ltr' id='par_1_97' title="bbox 174 5343 3452 5470">
     <span class='ocr_line' id='line_1_97' title="bbox 174 5343 3452 5470; baseline -0.003 -59"><span class='ocrx_word' id='word_1_744' title='bbox 174 5343 551 5424; x_wconf 55' lang='lat' dir='ltr'><strong>nuncupata;</strong></span> <span class='ocrx_word' id='word_1_745' title='bbox 583 5353 652 5402; x_wconf 83' lang='lat' dir='ltr'><strong>in</strong></span> <span class='ocrx_word' id='word_1_746' title='bbox 687 5349 966 5414; x_wconf 82' lang='lat' dir='ltr'><strong>provincia</strong></span> <span class='ocrx_word' id='word_1_747' title='bbox 1004 5346 1358 5415; x_wconf 85' lang='lat' dir='ltr'><strong>Hellesponti.</strong></span> <span class='ocrx_word' id='word_1_748' title='bbox 1394 5343 1610 5398; x_wconf 78' lang='lat' dir='ltr'><strong>Notitiu:</strong></span> <span class='ocrx_word' id='word_1_749' title='bbox 1639 5356 1782 5398; x_wconf 80' lang='lat' dir='ltr'><strong>vele-</strong></span> <span class='ocrx_word' id='word_1_750' title='bbox 1903 5343 2320 5470; x_wconf 45' lang='lat' dir='ltr'><strong>cibariistantinus.</strong></span> <span class='ocrx_word' id='word_1_751' title='bbox 2349 5343 2420 5399; x_wconf 77' lang='lat' dir='ltr'><strong>lie</strong></span> <span class='ocrx_word' id='word_1_752' title='bbox 2457 5348 2601 5399; x_wconf 85' lang='lat' dir='ltr'><strong>adm.</strong></span> <span class='ocrx_word' id='word_1_753' title='bbox 2638 5347 2768 5414; x_wconf 86' lang='lat' dir='ltr'><strong>imp.</strong></span> <span class='ocrx_word' id='word_1_754' title='bbox 2799 5363 2920 5416; x_wconf 83' lang='lat' dir='ltr'><strong>cap.</strong></span> <span class='ocrx_word' id='word_1_755' title='bbox 2954 5350 3002 5412; x_wconf 88' lang='lat' dir='ltr'><strong>l,</strong></span> <span class='ocrx_word' id='word_1_756' title='bbox 3037 5343 3092 5413; x_wconf 74' lang='lat'><strong>‘2,</strong></span> <span class='ocrx_word' id='word_1_757' title='bbox 3120 5349 3174 5415; x_wconf 79' lang='lat'><strong>5,</strong></span> <span class='ocrx_word' id='word_1_758' title='bbox 3203 5349 3234 5402; x_wconf 76' lang='grc'><strong>4</strong></span> <span class='ocrx_word' id='word_1_759' title='bbox 3260 5362 3314 5404; x_wconf 87' lang='lat' dir='ltr'><strong>et</strong></span> <span class='ocrx_word' id='word_1_760' title='bbox 3337 5368 3452 5420; x_wconf 84' lang='lat' dir='ltr'><strong>seq.</strong></span> 
     </span>
     <span class='ocr_line' id='line_1_98' title="bbox 175 5426 2058 5470; baseline 0 0"><span class='ocrx_word' id='word_1_761' title='bbox 175 5441 261 5470; x_wconf 66' lang='lat' dir='ltr'><strong>res</strong></span> <span class='ocrx_word' id='word_1_762' title='bbox 292 5427 552 5470; x_wconf 57' lang='lat' dir='ltr'><strong>llﬂSxilH.</strong></span> <span class='ocrx_word' id='word_1_763' title='bbox 1891 5426 1942 5468; x_wconf 90' lang='lat' dir='ltr'><strong>et</strong></span> <span class='ocrx_word' id='word_1_764' title='bbox 2044 5457 2058 5470; x_wconf 90' lang='lat'><strong>.</strong></span> 
     </span>
    </p>
   </div>
   <div class='ocr_carea' id='block_1_98' title="bbox 175 5426 1762 5564">
    <p class='ocr_par' dir='ltr' id='par_1_98' title="bbox 175 5427 1762 5564">
     <span class='ocr_line' id='line_1_99' title="bbox 175 5427 552 5492; baseline -0.013 -14"><span class='ocrx_word' id='word_1_765' title='bbox 175 5441 261 5479; x_wconf 75' lang='lat' dir='ltr'><strong>res</strong></span> <span class='ocrx_word' id='word_1_766' title='bbox 292 5427 552 5492; x_wconf 66' lang='lat' dir='ltr'><strong>paSsittt.</strong></span> 
     </span>
     <span class='ocr_line' id='line_1_100' title="bbox 244 5486 1762 5564; baseline -0.007 -18"><span class='ocrx_word' id='word_1_767' title='bbox 244 5497 362 5564; x_wconf 74' lang='grc'><strong>(71)</strong></span> <span class='ocrx_word' id='word_1_768' title='bbox 397 5494 627 5553; x_wconf 79' lang='grc' dir='ltr'><strong>Γένος</strong></span> <span class='ocrx_word' id='word_1_769' title='bbox 667 5488 975 5564; x_wconf 52' lang='grc' dir='ltr'><strong>Σκυθιθςρν.</strong></span> <span class='ocrx_word' id='word_1_770' title='bbox 1005 5486 1414 5564; x_wconf 68' lang='lat' dir='ltr'><strong>Patzinacarunt</strong></span> <span class='ocrx_word' id='word_1_771' title='bbox 1443 5486 1638 5564; x_wconf 71' lang='lat' dir='ltr'><strong>bellum</strong></span> <span class='ocrx_word' id='word_1_772' title='bbox 1661 5499 1762 5535; x_wconf 86' lang='lat' dir='ltr'><strong>cun</strong></span> 
     </span>
    </p>
   </div>
   <div class='ocr_carea' id='block_1_99' title="bbox 1861 5426 3455 5564">
    <p class='ocr_par' dir='ltr' id='par_1_99' title="bbox 1891 5426 3455 5564">
     <span class='ocr_line' id='line_1_101' title="bbox 1891 5426 2058 5470; baseline 0.012 -2"><span class='ocrx_word' id='word_1_773' title='bbox 1891 5426 1942 5468; x_wconf 90' lang='lat' dir='ltr'><strong>et</strong></span> <span class='ocrx_word' id='word_1_774' title='bbox 2015 5426 2058 5470; x_wconf 82' lang='lat'><strong>1.</strong></span> 
     </span>
     <span class='ocr_line' id='line_1_102' title="bbox 1934 5426 3455 5564; baseline 0.003 -28"><span class='ocrx_word' id='word_1_775' title='bbox 1934 5426 2079 5564; x_wconf 61' lang='grc' dir='ltr'><strong>⁷ῗἹὲ)</strong></span> <span class='ocrx_word' id='word_1_776' title='bbox 2128 5486 2332 5564; x_wconf 64' lang='grc' dir='ltr'>Τιίτου.</span> <span class='ocrx_word' id='word_1_777' title='bbox 2377 5485 2519 5549; x_wconf 85' lang='lat' dir='ltr'><strong>Tati,</strong></span> <span class='ocrx_word' id='word_1_778' title='bbox 2568 5487 3455 5564; x_wconf 34' lang='lat' dir='ltr'><strong>seu_Tatwt‘l’atzinacarutnilu-</strong></span> 
     </span>
    </p>
   </div>
   <div class='ocr_carea' id='block_1_100' title="bbox 174 5555 3449 5626">
    <p class='ocr_par' dir='ltr' id='par_1_100' title="bbox 174 5555 3449 5626">
     <span class='ocr_line' id='line_1_103' title="bbox 174 5555 3449 5626; baseline -0.001 -10"><span class='ocrx_word' id='word_1_779' title='bbox 174 5555 372 5622; x_wconf 48' lang='lat' dir='ltr'><strong>usus</strong></span> <span class='ocrx_word' id='word_1_780' title='bbox 408 5570 635 5616; x_wconf 79' lang='lat' dir='ltr'><strong>narrat</strong></span> <span class='ocrx_word' id='word_1_781' title='bbox 673 5559 829 5608; x_wconf 79' lang='lat' dir='ltr'><strong>etiam</strong></span> <span class='ocrx_word' id='word_1_782' title='bbox 863 5555 1125 5610; x_wconf 78' lang='lat' dir='ltr'><strong>Zonaras.</strong></span> <span class='ocrx_word' id='word_1_783' title='bbox 1156 5556 1292 5626; x_wconf 83' lang='lat' dir='ltr'><strong>Sunt</strong></span> <span class='ocrx_word' id='word_1_784' title='bbox 1322 5572 1451 5609; x_wconf 88' lang='lat' dir='ltr'><strong>vero</strong></span> <span class='ocrx_word' id='word_1_785' title='bbox 1481 5555 1784 5626; x_wconf 56' lang='lat' dir='ltr'><strong>Patainacae</strong></span> <span class='ocrx_word' id='word_1_786' title='bbox 1896 5560 1978 5626; x_wconf 81' lang='lat' dir='ltr'><strong>cis</strong></span> <span class='ocrx_word' id='word_1_787' title='bbox 2048 5559 2295 5610; x_wconf 82' lang='lat' dir='ltr'><strong>meminit</strong></span> <span class='ocrx_word' id='word_1_788' title='bbox 2360 5569 2622 5626; x_wconf 67' lang='lat' dir='ltr'><strong>praeterea</strong></span> <span class='ocrx_word' id='word_1_789' title='bbox 2677 5561 2816 5614; x_wconf 67' lang='lat' dir='ltr'><strong>idem</strong></span> <span class='ocrx_word' id='word_1_790' title='bbox 2872 5557 3115 5615; x_wconf 75' lang='lat' dir='ltr'><strong>Zonaras</strong></span> <span class='ocrx_word' id='word_1_791' title='bbox 3171 5561 3224 5612; x_wconf 91' lang='lat' dir='ltr'><strong>iu</strong></span> <span class='ocrx_word' id='word_1_792' title='bbox 3286 5558 3449 5614; x_wconf 79' lang='lat' dir='ltr'><strong>Mich.</strong></span> 
     </span>
    </p>
   </div>
   <div class='ocr_carea' id='block_1_101' title="bbox 176 5624 2058 5707">
    <p class='ocr_par' dir='ltr' id='par_1_101' title="bbox 176 5624 2058 5707">
     <span class='ocr_line' id='line_1_104' title="bbox 176 5624 2058 5707; baseline -0.004 -22"><span class='ocrx_word' id='word_1_793' title='bbox 176 5653 310 5707; x_wconf 67' lang='lat' dir='ltr'><strong>gens</strong></span> <span class='ocrx_word' id='word_1_794' title='bbox 363 5631 697 5703; x_wconf 77' lang='lat' dir='ltr'><strong>Scythica,</strong></span> <span class='ocrx_word' id='word_1_795' title='bbox 727 5637 782 5677; x_wconf 90' lang='lat' dir='ltr'><strong>ut</strong></span> <span class='ocrx_word' id='word_1_796' title='bbox 827 5629 964 5680; x_wconf 86' lang='lat' dir='ltr'><strong>idem</strong></span> <span class='ocrx_word' id='word_1_797' title='bbox 1007 5636 1237 5680; x_wconf 84' lang='lat' dir='ltr'><strong>testatur</strong></span> <span class='ocrx_word' id='word_1_798' title='bbox 1264 5625 1316 5679; x_wconf 91' lang='lat' dir='ltr'><strong>in</strong></span> <span class='ocrx_word' id='word_1_799' title='bbox 1349 5627 1554 5682; x_wconf 85' lang='lat' dir='ltr'><strong>lsaacio</strong></span> <span class='ocrx_word' id='word_1_800' title='bbox 1585 5624 1781 5680; x_wconf 75' lang='lat' dir='ltr'><strong>Count.</strong></span> <span class='ocrx_word' id='word_1_801' title='bbox 1891 5625 2058 5678; x_wconf 81' lang='lat' dir='ltr'><strong>l&#39;nra.</strong></span> 
     </span>
    </p>
   </div>
   <div class='ocr_carea' id='block_1_102' title="bbox 528 5720 1762 5788">
    <p class='ocr_par' dir='ltr' id='par_1_102' title="bbox 528 5720 1267 5788">
     <span class='ocr_line' id='line_1_105' title="bbox 528 5720 1267 5788; baseline -0.008 0"><span class='ocrx_word' id='word_1_802' title='bbox 528 5728 826 5788; x_wconf 70' lang='grc' dir='ltr'>ΡΑτΒοι..</span> <span class='ocrx_word' id='word_1_803' title='bbox 863 5725 978 5784; x_wconf 81' lang='lat' dir='ltr'><strong>Gtt.</strong></span> <span class='ocrx_word' id='word_1_804' title='bbox 1011 5720 1267 5785; x_wconf 76' lang='lat' dir='ltr'><strong>CXXXI.</strong></span> 
     </span>
    </p>
   </div>
   <div class='ocr_carea' id='block_1_103' title="bbox 1861 5720 3021 5788">
    <p class='ocr_par' dir='ltr' id='par_1_103' title="bbox 2661 5720 3021 5779">
     <span class='ocr_line' id='line_1_106' title="bbox 2661 5720 3021 5779; baseline 0 0"><span class='ocrx_word' id='word_1_805' title='bbox 2661 5763 2670 5770; x_wconf 84' lang='grc'><strong>-</strong></span> <span class='ocrx_word' id='word_1_806' title='bbox 2957 5720 3021 5779; x_wconf 86' lang='grc'><strong>17</strong></span> 
     </span>
    </p>
   </div>
  </div>
