3942 6208
211 283 318 348 525

1475 274 1888 338 ALEXIADIS
1930 275 2076 338 LIB.
2120 277 2222 340 VI.

3353 278 3456 346 ξπ

206 407 456 466 neretur,
491 396 729 470 perculsi
787 395 1044 455 nimirum
1077 413 1268 454 omnes
1301 405 1520 467 aspectu
1563 405 1713 459 sunt,
1737 403 1792 449 et
1829 394 1976 449 fmdo
2006 395 2181 452 cladis
2247 395 2478 466 augurio
2518 396 2858 450 conturbati.
2905 395 3202 467 congressi
3273 405 3456 456 tamen

205 508 333 547 Cum
388 494 633 566 Scythis,
684 494 840 550 multi
875 492 1098 563 quidem
1130 493 1184 545 in
1218 506 1394 560 pugna
1479 489 1605 543 εειξεί
1685 495 1852 553 sunt;
1892 487 2010 556 ipse
2044 496 2226 543 autem
2266 486 2475 545 Branas
2525 489 2711 545 lethali
2740 490 2966 545 vulnere
3003 491 3229 547 cecidit.
3257 493 3327 546 At
3364 495 3464 547 du-

206 583 483 636 mesticus
525 582 829 638 fortissime
864 581 1156 645 dimicans,
1210 579 1518 648 saepiusque
1546 576 1778 631 collecto
1822 577 2032 646 impetu
2066 578 2304 634 infestus
2329 581 2587 650 equitans
2621 581 2676 634 in
2719 580 2982 638 cohortes
3056 584 3308 652 hostiles,
3369 589 3461 642 de-

211 676 385 744 nique
419 677 487 729 ad
533 676 719 744 fagum
788 689 956 729 cursu
1029 673 1318 731 oll'endens
1357 671 1710 726 examinatus
1757 676 1861 722 est.
1905 668 2170 740 Reliquus
2209 672 2486 726 exercitus
2519 688 2628 743 quo
2682 688 2954 744 quemque
2982 689 3107 731 sors
3144 677 3273 732 tulit
3313 679 3464 733 varie

215 764 504 835 dispersus
532 767 946 838 dissipatosque
973 776 1077 823 est.

183 833 206 943 ξ
299 833 465 912 Ταῦτ’
498 860 592 912 οὖν
624 833 962 930 μεμαθηκὼς
989 862 1018 912 ὁ
1043 858 1402 929 αύτοκράτωρ
1429 857 1644 912 ἐπένθει
1687 855 1786 926 μέν

1961 852 2192 907 Gravem
2227 853 2433 908 luctum
2484 855 2606 925 eius
2653 856 2827 911 cladis
2869 859 3095 913 nuntius
3144 859 3460 931 imperatori

205 954 341 1016 τοὺς
371 954 736 1015 πεπτωκότας
763 951 1034 1016 ἅπαντας,
1077 953 1205 1022 ἰδία,
1239 953 1335 1005 καὶ
1364 949 1489 1004 καθ’
1529 950 1782 1011 ἕκαστον,

184 1025 305 1097 ’καὶ
335 1043 494 1112 ὁμοῦ.
541 1045 663 1096 Ἐπὶ
705 1043 762 1096 δέ
795 1044 873 1111 τῷ
911 1043 1002 1096 τοῦ
1055 1042 1375 1111 δομεστικου
1420 1041 1657 1109 θανάτῳ,
1693 1040 1788 1093 καὶ

205 1137 360 1206 μάλα
396 1136 440 1167 ³⁸
480 1135 781 1197 στενάζων,
803 1135 1067 1205 κρουνοὺς
1090 1135 1240 1203 malst
1277 1135 1549 1204 δακρύων.
1583 1133 1786 1201 Ἐφίλει

199 1231 322 1298 γὰρ
377 1227 580 1296 ἐξόχως
633 1226 726 1279 τὸν
758 1225 950 1296 ἄνδρα,
983 1228 1075 1278 καὶ
1106 1226 1211 1295 πρὸ
1262 1226 1364 1295 τῆς
1404 1225 1785 1296 ἀναρρήσεως.

203 1322 290 1372 Οὐ
349 1320 538 1388 μέντοι
609 1318 698 1371 διὰ
753 1319 926 1370 ταῦτα
978 1318 1395 1379 ἁναπέπτωκεν,
1438 1317 1573 1369 ἀλλὰ
1623 1332 1790 1386 μετα-

204 1431 278 1466 πε
289 1412 578 1480 μψάμενος
603 1412 694 1464 τὸν
720 1410 1010 1466 Ταττίκιον
1039 1411 1105 1473 ⁸⁸,
1151 1413 1288 1479 μετὰ
1323 1408 1625 1480 χρημάτων
1665 1409 1783 1460 lxa-

200 1504 323 1558 νῶν
369 1504 649 1571 ἐκπέμπει
709 1502 846 1572 πρὸς
913 1501 1380 1571 Ἀδριανούπολιν,
1435 1501 1525 1570 ἐφ’
1581 1496 1624 1566 ᾧ
1673 1501 1788 1560 τοῖς

205 1597 321 1666 μὲν
377 1594 741 1666 στρατιώταις
788 1593 916 1655 τοὺς
957 1595 1237 1657 ἐπετείους
1283 1592 1488 1646 διδόναι
1538 1591 1783 1660 μισθοὺς,

203 1685 502 1752 συλλέγειν
544 1685 600 1738 δὲ
634 1683 982 1753 ἁπανταχόσε
1025 1683 1308 1751 δυνάμεις,
1347 1682 1432 1734 ἵνα
1468 1683 1786 1750 στράτευμα

200 1779 518 1848 ἀξιόμαχον
545 1777 704 1841 αὖθις
737 1774 1095 1848 συσεήσὴται.
1131 1777 1235 1830 Τδν
1265 1776 1320 1833 δέ
1353 1775 1786 1845 υὺμπερτόπου-

201 1873 306 1925 λον
355 1874 437 1934 εἰς
478 1870 716 1934 Κύζικον
759 1869 1005 1940 φρουρὰν
1047 1870 1344 1940 ἀξιόμαχον
1386 1867 1782 1928 καταλιπόντα.

204 1964 359 2032 μετὰ
395 1962 554 2030 μόνον
604 1961 712 2016 τῶν
753 1962 997 2025 Κελτῶν,
1033 1963 1112 2024 εἰς
1148 1962 1238 2015 τὸν
1269 1959 1624 2018 Ταττίκιονδο
1655 1976 1786 2030 γορ-

202 2053 334 2123 γῶς
362 2053 662 2120 ἐφθακέναι
688 2052 1146 2123 παρεκελεύσατο.
1181 2047 1350 2114 Οὗτος
1373 2052 1430 2104 δὲ
1455 2052 1584 2114 τοὺς
1620 2051 1786 2106 Λατί-

202 2164 348 2210 νους
407 2147 503 2200 καὶ
575 2147 666 2199 τὸν
723 2145 1218 2216 υύμπερτόπουλον
1287 2145 1641 2213 θεασάμενος,
1696 2147 1788 2196 καὶ

199 2235 582 2307 τεθαρρηκὼς
635 2236 779 2307 (ἐπεὶ
809 2211 936 2288 *καὶ*
976 2236 1166 2289 ἱκανὸν
1214 2211 1555 2306 προεφθὲικει
1607 2234 1795 2288 συλλὲ-
1831 2211 1868 2265 Β

199 2329 424 2394 ξασθαι
466 2328 806 2400 στράτευμα)
851 2330 1088 2382 κατευθὺ
1123 2328 1346 2381 Σκυθῶν
1393 2327 1643 2399 ἐχώρησε
1690 2345 1797 2381 ’πα-ο

203 2423 516 2495 ραχρῆιια.
536 2418 874 2474 Καταλαὸὼν
907 2419 962 2472 δὲ
993 2421 1060 2474 τὰ
1087 2422 1216 2491 περὶ
1246 2420 1342 2491 τὴν
1366 2420 1796 2473 Φιλιππούπολιν

204 2515 377 2584 παρὰ
424 2513 502 2582 τῷ
547 2513 716 2582 χείλει
768 2514 810 2544 ⁴¹
854 2511 948 2565 τοῦ
1000 2513 1142 2566 κατὰ
1194 2513 1288 2566 τὸν
1348 2513 1575 2569 Σαλῖνον
1606 2513 1649 2544 ⁸⁸
1683 2512 1796 2584 (76)

209 2610 446 2679 ῥέοντος
477 2606 745 2674 ποταμοῦ,
779 2608 1002 2677 χάρακα
1043 2607 1340 2676 πήγνυται.
1382 2607 1551 2661 Ἐπὰν
1581 2607 1635 2658 δέ
1666 2609 1793 2670 τοὺς

207 2696 440 2757 Σκύθας
509 2697 573 2749 ἐκ
633 2695 916 2765 προνομῆς
971 2696 1445 2766 ἐπανερχομένους
1507 2695 1793 2760 ἐθεάσατο.

211 2789 379 2842 λείαν
435 2788 638 2858 πολλὴν
701 2790 798 2841 καὶ
867 2786 1246 2856 δορυαλώτους
1316 2787 1796 2857 συνεπαγομένους

208 2885 394 2951 μήπω
421 2881 610 2950 σχεδὸν
641 2881 740 2943 τὰς
781 2880 983 2943 σκευὰς
1025 2879 1158 2933 εῐσω
1190 2878 1284 2934 τοῦ
1331 2879 1574 2949 χάρακος
1623 2898 1796 2933 καταο

204 2972 450 3037 Θὲμενος
501 2971 722 3031 ἱκανοὺς
773 2971 1188 3040 ἀποτεμόμενος
1217 2971 1338 3024 κατ’
1382 2971 1560 3025 αὐτῶν
1591 2973 1800 3041 ἐκπέμο

206 3079 329 3114 πει.
361 3060 541 3122 Αὐτὸς
569 3059 628 3112 δέ
656 3060 1043 3130 ὁπλισάμενος,
1071 3061 1164 3113 καὶ
1195 3062 1405 3124 πάντας
1437 3061 1793 3132 θωρήξασοαι

206 3152 510 3214 κελεύσας,
541 3152 641 3213 τὰς
675 3152 963 3221 φάλαγγας
1001 3153 1490 3223 καταστησάμενος
1519 3155 1634 3215 τοῖς
1665 3171 1798 3223 προ-

205 3243 524 3312 πεμφθεῖσι
576 3245 880 3314 παρείπετο
930 3243 1315 3312 στρατιώταις.
1346 3244 1698 3311 Θεασάμενος
1739 3245 1796 3299 δὲ

205 3337 342 3392 τοὺς
375 3334 596 3397 Σκύθας
638 3336 778 3404 μετὰ
809 3335 917 3388 τῶν
959 3335 1224 3404 λαφύρων
1271 3335 1366 3388 καὶ
1413 3335 1795 3405 δορυαλώτων,

207 3428 291 3494 τῷ
331 3426 612 3496 ἐπιλοίπῳ
659 3427 1033 3496 στρατεύματι
1081 3427 1192 3479 τῶν
1236 3425 1458 3483 Σκυθῶν
1499 3427 1797 3490 ἐνωθέντας

1897 946 2098 1008 attulit,
2125 962 2270 1000 nunc
2296 948 2663 1002 communiter
2688 949 2974 1004 universos
3006 950 3095 1020 qui
3131 952 3462 1017 ceciderant,

1897 1053 2043 1091 nunc
2075 1040 2356 1107 sigillatim
2391 1055 2835 1110 unumquemque
2867 1043 3225 1110 lamentanti;
3264 1049 3461 1101 acriori

1870 1136 2076 1182 -tamen
2111 1129 2262 1182 illum
2307 1129 2497 1183 urebat
2523 1129 2728 1186 doloris
2757 1145 2920 1186 sensu
2953 1146 3100 1186 mors
3139 1135 3318 1205 magni
3358 1133 3466 1189 Do-

1897 1216 2109 1271 mestici
2147 1232 2306 1285 quem
2336 1227 2389 1272 et
2420 1219 2691 1289 praecipue
2736 1221 2954 1276 amabat
2991 1229 3046 1277 et
3073 1223 3300 1289 dudum,
3351 1225 3464 1294 jam

1897 1319 2010 1362 tum
2035 1325 2098 1363 ex
2131 1323 2196 1362 eo
2226 1309 2436 1365 scilicet
2466 1327 2576 1380 quo
2623 1319 2748 1366 ante
2784 1323 3069 1382 susceptas
3118 1315 3335 1384 imperii
3372 1319 3469 1372 ha~

1895 1403 2065 1458 benas
2124 1405 2223 1458 viri
2286 1405 2404 1474 ejus
2459 1407 2686 1461 virtutes
2748 1411 3146 1467 consuetudine
3205 1412 3466 1468 familiari

1897 1494 2102 1550 militiae
2140 1505 2191 1549 et
2221 1497 2342 1550 vitae
2376 1498 2552 1553 civilis
2601 1514 2700 1553 usu
2752 1513 3126 1571 perspexerat.
3172 1503 3312 1574 Ergo
3358 1521 3466 1565 non

1895 1601 1952 1640 se
1976 1586 2247 1640 continuit
2275 1587 2405 1656 quin
2432 1588 2497 1641 ad
2519 1589 2645 1643 talis
2673 1591 3122 1660 amicijacturam
3155 1605 3208 1649 et
3234 1597 3469 1665 suspiria

1895 1677 2094 1732 eximo
2126 1679 2354 1734 duceret
2406 1691 2649 1750 pectore.
2707 1692 2760 1738 et
2813 1684 2958 1739 rivos
2997 1687 3362 1757 lacrymarum
3403 1706 3468 1750 ex

1898 1769 2073 1824 oculis
2135 1771 2408 1826 funderet.
2444 1771 2553 1827 Nec
2600 1783 2778 1828 tamen
2829 1775 3013 1830 animo
3061 1781 3320 1844 concidit,
3375 1793 3471 1837 aut

1899 1860 1953 1915 in
1983 1859 2092 1914 isto
2139 1860 2405 1917 dedecore
2431 1878 2494 1917 ac
2522 1865 2762 1934 periculo
2818 1867 2895 1920 rei
2951 1867 3206 1925 Romana:
3254 1873 3472 1942 ignavis

1898 1947 2116 2019 defungi
2146 1951 2432 2019 questibus
2461 1954 2597 2008 satis
2634 1954 2846 2018 habuit.
2887 1972 3076 2011 verum
3136 1964 3468 2020 accersitum

1898 2041 2174 2096 curriculo
2203 2041 2472 2098 Taticium
2501 2061 2626 2103 cum
2660 2050 2892 2116 pecunia
2919 2051 3090 2105 multa
3121 2052 3470 2121 Adrianopo-

1901 2135 1995 2188 lim
2028 2136 2201 2202 misit,
2235 2151 2417 2192 annua
2458 2139 2569 2193 illic
2600 2142 2873 2210 stipendia
2911 2154 3326 2202 numeraturum
3357 2148 3470 2216 jam

1901 2229 2232 2297 conscriptis
2280 2231 2573 2297 militibus,
2602 2249 2887 2304 novosque
2939 2245 3202 2304 praeterea
3263 2240 3471 2294 circum

1902 2318 2140 2388 umlique
2167 2318 2412 2376 delectus
2446 2322 2760 2377 habiturum
2807 2327 2986 2394 quoad
3021 2326 3294 2384 conflatus
3325 2339 3476 2386 esset

1901 2412 2178 2466 exercitus
2205 2412 2326 2483 ejus
2359 2414 2636 2471 firmitatis
2669 2430 2732 2471 ac
2764 2419 2978 2473 roboris
3013 2427 3071 2472 ut
3096 2430 3216 2476 tuto
3252 2421 3475 2493 Scythis

1901 2503 2098 2571 opponi
2125 2512 2326 2572 posset.
2382 2503 2555 2558 Jussit
2583 2505 2747 2560 etiam
2783 2503 3255 2578 Umpertopulum,
3290 2514 3478 2580 prmsie

1901 2594 2015 2654 dio,
2051 2602 2316 2663 quantum
2360 2597 2651 2661 sufﬁceret,
2699 2597 2886 2668 Cyzici
2935 2600 3147 2664 relicto,
3193 2616 3314 2655 eum
3345 2604 3474 2659 solis

1901 2685 2072 2742 Gallis
2121 2687 2188 2741 ad
2245 2687 2521 2742 Taticium
2559 2697 2782 2742 strenue
2832 2703 3102 2760 pergere:
3136 2691 3231 2761 qui
3269 2695 3476 2762 paratis

1898 2779 2009 2848 jam
2043 2780 2255 2834 idoneis
2286 2782 2462 2849 ecpiis
2503 2780 2886 2851 Umpertopuli
2936 2782 3330 2854 Gallorumque
3379 2787 3476 2840 ad-

1903 2881 2066 2924 ventu
2098 2880 2430 2943 aspectuque
2481 2889 2591 2926 non
2650 2889 2840 2942 parum
2902 2874 3281 2942 conﬁrmatus.
3328 2879 3476 2940 nulla

1899 2958 2012 3026 jam
2044 2961 2278 3028 amplius
2316 2961 2686 3030 expeditionis
2721 2965 3074 3032 capessenda:
3129 2981 3280 3020 mora
3333 2967 3477 3024 facta

1903 3052 2057 3122 signa
2091 3052 2288 3107 infesm
2322 3054 2375 3107 in
2419 3053 2654 3126 Scythas
2689 3064 2893 3110 movet.
2955 3057 3027 3111 Eo
3077 3057 3276 3114 itinere
3329 3061 3478 3119 circa

1904 3141 2321 3212 Philippopolim
2359 3144 2631 3212 perlatus,
2678 3143 2807 3197 dum
2846 3152 3027 3199 castra
3076 3147 3254 3198 munit
3311 3161 3478 3215 prope

1906 3233 2050 3300 ripas
2081 3233 2319 3289 fluminis
2343 3233 2562 3290 fluentis
2592 3235 2837 3289 Saliuum
2875 3252 3092 3298 versus,
3115 3237 3262 3294 videt
3292 3254 3478 3294 rever,

1907 3333 2082 3378 tentes
2107 3341 2137 3379 e
2162 3325 2499 3393 praedatione
2553 3326 2783 3398 Scythas
2811 3343 2936 3381 cum
2969 3344 3170 3398 magno
3207 3346 3389 3385 rerum
3423 3345 3478 3386 et

1906 3431 2268 3483 personarum
2326 3419 2667 3486 captivarum
2751 3419 3163 3488 impedimento.
3223 3420 3476 3476 Nondum

210 3520 358 3573 κατὰ
391 3519 489 3570 τὸν
524 3517 749 3588 σπιορὸν
774 3517 820 3548 ⁸³
845 3517 1028 3587 ὄχθον,
1075 3517 1198 3587 διχῆ
1232 3519 1290 3570 τὸ
1323 3518 1643 3588 στράτευμα
1691 3520 1791 3572 διε-

1908 3518 2035 3556 vasa
2059 3503 2201 3556 intra
2233 3505 2431 3558 vallum
2462 3506 2828 3574 deposuerat;
2862 3515 3041 3560 tamen
3075 3517 3478 3562 momentorum

205 3612 340 3676 λὼν,
374 3611 476 3663 καὶ
513 3609 573 3662 τὸ
600 3608 850 3663 ἐνυάλιον
880 3609 1226 3679 ἑκατέρωθεν
1272 3610 1478 3680 ὴχῆσαι
1505 3611 1794 3674 κελεύσας,

207 3702 307 3754 σὺν
343 3698 661 3769 ἀλαλαγμῷ
691 3699 789 3752 καὶ
811 3699 908 3770 βοῇ
939 3699 1104 3770 πολλῇ
1138 3701 1467 3768 προσϐάλλει
1498 3706 1609 3764 τοῖς
1657 3703 1794 3772 Βαρ-

203 3795 430 3863 ϐἁροις.
502 3792 613 3843 Καὶ
659 3793 938 3860 καρτερᾶς
975 3791 1072 3860 τῆς
1121 3792 1299 3862 μάχης
1365 3796 1663 3864 γενομένης
1708 3797 1769 3850 πί

208 3902 414 3939 meum
449 3883 565 3935 τῶν
614 3881 836 3938 Σκυθῶν
870 3884 921 3934 οἱ
967 3883 1231 3945 πλείονες,
1263 3885 1448 3936 πολλοὶ
1476 3886 1530 3937 δέ
1563 3888 1657 3938 καὶ
1683 3888 1797 3938 δια-

211 3977 536 4044 σπαρέντες
597 3971 899 4042 ἐσώθησαν.
971 3972 1028 4024 '0
1103 3971 1160 4024 δὲ
1223 3973 1320 4042 τὴν
1395 3973 1548 4026 λείαν
1616 3978 1799 4028 πᾶσαν

206 4065 662 4133 ἁναλαόόμενος,
729 4063 956 4132 νικητὴς
1009 4064 1108 4132 τὴν
1167 4063 1596 4118 Φιλιππούπολιν
1640 4085 1800 4122 κατα-

205 4159 524 4229 λαμϐάνει.
555 4155 711 4209 Κεῖοι
769 4155 825 4208 δὲ
869 4156 930 4208 τὸ
963 4155 1187 4210 όπλικὸν
1218 4155 1264 4190 ⁸⁴
1310 4157 1458 4210 ἅπαν
1492 4162 1800 4230 καταθέμε-

203 4270 324 4315 νος,
357 4251 595 4302 ἐσκόπει
640 4249 766 4300 ὅθεν
817 4246 922 4318 χρὴ
969 4249 1062 4299 καὶ
1120 4248 1269 4310 ὅπως
1327 4251 1442 4312 τοῖς
1488 4250 1797 4323 Βαρϐἁροις

208 4344 374 4404 αὖθις
433 4339 788 4409 προσϐαλεῖν.
854 4337 1310 4408 ’Λπειροπληθεῖς
1356 4340 1410 4393 δὲ
1467 4342 1564 4404 τὰς
1619 4345 1795 4398 αὐτῶν

204 4431 512 4499 γινώσκων
556 4429 838 4495 δυνάμεις.
882 4428 1118 4489 σκοποὺς
1173 4430 1520 4499 ἁπανταχόσε
1574 4433 1798 4503 ἐξέπεμ-

202 4539 339 4586 πεν,
383 4519 454 4571 ἶν’
505 4518 716 4569 ἐκεῖθεν
748 4517 861 4586 ἔχοι
897 4517 967 4568 τὰ
1003 4517 1146 4570 κατὰ
1179 4522 1307 4582 τοὺς
1351 4521 1567 4586 Σκύθας
1599 4527 1794 4593 συχνά-

206 4631 303 4674 κις
343 4609 666 4682 μανθάνειν.
709 4607 1328 4679 Ἐπαναδεδραμηκότες
1377 4612 1434 4664 δὲ
1480 4615 1528 4665 οἱ
1574 4619 1791 4680 σκοποὶ,

209 4707 426 4775 πλῆθος
457 4702 758 4772 Βαρϐάρων
790 4702 978 4769 ελεγον
1009 4703 1143 4756 πολὺ
1176 4706 1305 4773 περὶ
1339 4705 1435 4776 τὴν
1468 4708 1794 4766 Βελιάτοϐαν

204 4797 608 4866 ἐνόατρίόειν,
660 4798 753 4848 καὶ
803 4795 873 4848 τὰ
925 4794 1083 4863 πέριξ
1127 4796 1429 4866 ληῖζεσθαι.
1464 4802 1626 4855 Καὶὸ
1658 4804 1793 4855 Τατ-

1906 3596 1960 3647 in
2002 3597 2290 3650 occasione
2315 3597 2552 3664 pretium
2582 3597 2884 3660 mstimans,
2935 3597 3176 3656 immittit
3205 3600 3386 3651 statim
3423 3599 3476 3651 iu

1905 3687 2141 3757 Scythas
2170 3689 2320 3742 viros
2356 3688 2528 3741 fortes
2561 3703 2589 3739 a
2623 3697 2820 3740 cmtero
2855 3689 3138 3743 abscissos
3191 3691 3476 3758 copiarum

1902 3793 2151 3846 corpore,
2189 3778 2389 3831 idoneo
2419 3792 2670 3831 numero.
2701 3778 2964 3830 Armatur
3018 3780 3130 3848 ipse
3177 3780 3398 3833 interim
3427 3793 3480 3835 et

1901 3870 2158 3924 omnibus
2202 3879 2261 3921 ut
2307 3876 2592 3922 armentur
2626 3867 2794 3921 edicit
2825 3869 3160 3938 struetisque
3190 3871 3478 3941 phalangi-

1905 3963 2008 4015 bus
2035 3971 2089 4015 et
2115 3963 2231 4013 acie
2268 3960 2567 4027 descripta,
2604 3968 2828 4028 paratus
2881 3961 2950 4013 ad
3000 3962 3246 4030 pros-lium
3287 3978 3482 4032 seque-

1905 4056 2064 4106 batur
2119 4054 2306 4107 velites
2340 4051 2673 4121 praemissos.
2733 4051 2837 4105 Sed
2873 4066 2993 4105 eum
3026 4054 3255 4109 vidisset
3294 4055 3481 4111 hostes

1902 4162 2027 4200 cum
2079 4145 2260 4216 prmda
2315 4155 2368 4199 et
2417 4144 2648 4213 captivis
2708 4159 2830 4198 sese
2879 4145 3200 4212 adjunxisse
3257 4148 3481 4217 reliquis

1906 4240 2233 4310 Scytharum
2269 4237 2442 4305 copiis
2492 4237 2558 4289 ad
2619 4237 2908 4292 humentes
2967 4239 3115 4307 ripas
3172 4244 3482 4309 stagnantis

1906 4334 2111 4394 amnis,
2169 4331 2286 4400 ipse
2327 4329 2578 4384 bifariam
2635 4330 2825 4384 divisis
2876 4331 3012 4395 suis,
3077 4330 3196 4385 dari
3249 4334 3482 4389 classico

1898 4427 2110 4495 signum
2139 4426 2284 4479 utrin
2310 4423 2596 4494 tuejussit,
2624 4424 2895 4491 simulque
2919 4440 3039 4478 cum
3061 4426 3296 4480 clamore
3315 4428 3484 4480 alacri

1897 4531 1952 4576 et
1974 4535 2218 4575 consono
2269 4518 2476 4572 invadit
2511 4516 2674 4586 184
2716 4517 3006 4572 Barbaros.
3044 4517 3228 4587 Pugna
3289 4534 3485 4575 conse-

1900 4616 2036 4667 ritur
2068 4611 2232 4672 acris,
2263 4625 2368 4678 qua
2396 4609 2722 4677 Scytharum
2756 4609 2972 4677 plurimi
3008 4611 3276 4676 cecidere,
3323 4616 3484 4678 multi

1897 4703 2129 4774 dispersi
2182 4700 2304 4770 fuga
2334 4699 2530 4753 servati
2580 4706 2730 4752 sunt.
2785 4698 3048 4768 Taticius,
3098 4707 3279 4773 praeda
3331 4713 3484 4766 omni

1900 4807 2142 4866 recepta,
2181 4793 2356 4846 victor
2389 4788 2806 4858 Philippopolim
2857 4795 3068 4860 tenuit;
3100 4797 3282 4866 ibique
3327 4820 3497 4862 exer-

201 4897 394 4952 τξκισς
459 4885 824 4956 προσδόκιμον
865 4886 910 4918 ⁸⁵
959 4886 1058 4956 τὴν
1091 4887 1202 4942 τῶν
1246 4889 1469 4944 Σκυθῶν
1505 4893 1789 4947 ἐπελευσιν

1903 4891 2012 4944 eitu
2055 4887 2203 4940 omni
2230 4886 2482 4947 collecto,
2511 4900 2668 4952 quaSI
2716 4903 2778 4942 ex
2813 4891 3031 4958 specula
3067 4895 3389 4952 imminebat
3425 4899 3478 4954 in

207 4982 389 5048 ἔχων,
446 4981 545 5029 καὶ
592 4977 726 5046 πρὸς
774 4973 1067 5039 τοσούτους
1120 4977 1197 5045 μὴ
1255 4979 1589 5049 ἁποχρώσας
1651 4982 1794 5053 ἔχων

202 5072 483 5140 δυνάμεις
536 5070 598 5122 τὸ
649 5071 780 5130 πᾶν,
813 5067 1064 5121 ἀναλύων
1114 5068 1159 5099 ⁸⁸
1210 5071 1324 5133 τοῖς
1375 5071 1680 5142 λογισμοῖς,
1741 5081 1796 5129 ἐν

204 5163 514 5235 ἀμηχανίᾳ
549 5162 923 5225 καθειστήκει.
963 5159 1102 5215 Ἀλλ’
1139 5161 1292 5229 ὅμως
1332 5164 1424 5215 καὶ
1457 5169 1518 5216 τὸ
1557 5169 1796 5240 σιδήριον

1907 4983 2252 5038 occasionem
2314 4997 2532 5037 rursum
2575 4982 2962 5051 congrediendi
3021 4999 3145 5038 cum
3201 4986 3480 5054 Barbaris,

1906 5078 2041 5132 Cum
2112 5086 2292 5132 autem
2343 5075 2738 5131 innumerabile
2810 5077 3050 5144 ipsorum
3129 5082 3483 5138 circumstare

1913 5172 2155 5238 undique
2208 5169 2396 5236 copias
2440 5169 2630 5231 sciret,
2663 5171 2844 5224 minus
2877 5186 2989 5226 sua:
3023 5175 3184 5230 unius
3232 5180 3480 5245 specula-

1287 5281 1485 5342 Varia:
1529 5281 1838 5352 lectiones
1880 5308 1959 5353 ex
1989 5287 2130 5349 cod.
2163 5283 2430 5345 Coislin.

295 5382 341 5414 ⁸⁸
385 5383 554 5450 μάλα.
631 5382 965 5452 ⁸³1ἀτίκιον.
992 5382 1083 5436 Sic
1124 5397 1339 5452 semper
1361 5392 1566 5452 postea.

203 5454 397 5511 τικόν.
476 5452 520 5482 ⁸⁸
540 5451 995 5521 προαδικήσιμον.

1642 5389 1687 5419 ⁵⁸
1724 5391 1999 5446 Τατξκιον.

1073 5455 1118 5484 ⁸⁸
1151 5457 1212 5505 τὸ
1244 5457 1504 5522 παράπαν
1532 5456 1730 5521 ἀλύων,
1761 5465 1988 5531 Optime.

2073 5385 2118 5420 “
2160 5388 2229 5442 τὰ
2257 5387 2432 5458 χειλη.
2507 5390 2552 5420 ’δ’
2577 5389 2816 5443 Βλῐσνον.
2894 5398 2940 5422 ’⁸
2963 5393 3181 5464 πιρρὁ.
3259 5398 3305 5427 ⁸⁸
3327 5392 3481 5453 enim.

1303 5547 1444 5607 Car.
1477 5549 1804 5612 Dufresuii
1845 5557 1940 5614 Du
1966 5537 2185 5632 Congii
2221 5563 2408 5614 natm.

324 5650 414 5716 76)
468 5645 751 5703 Σὰλινον.
813 5644 1038 5703 Rectius
1093 5645 1261 5702 editio
1329 5648 1602 5710 llwschel.
1671 5655 1791 5709 Βλίι

1929 5657 2110 5712 habet.
2152 5654 2280 5712 Vide
2310 5655 2433 5711 Not.
2465 5656 2529 5710 ad
2570 5659 2835 5714 Villhard.
2864 5675 2917 5711 ιι.
2959 5656 3064 5711 232
