3942 6208
529 230 634 293 527

1827 210 2050 274 ANN/E
2091 200 2476 270 CUMNENxE

3614 207 3703 270 5‘28

527 340 721 398 talioni
755 336 944 398 ﬁdens,
982 330 1121 384 alios
1145 340 1361 382 onmem
1393 322 1449 376 in
1475 329 1686 392 partem
1718 319 2091 388 speculatores

2203 316 2356 384 Ξθηγε
2404 313 2498 366 καὶ
2547 313 2696 381 πρὸς·
2746 311 2926 380 μάχας
2992 307 3255 379 ὲθάῤῥυνε
3302 312 3362 362 τὸ
3408 313 3704 384 στράτευμα,

517 431 674 485 'ntisit
702 446 715 479 :
749 426 841 494 qui
873 424 947 488 ei,
979 435 1098 489 quae
1130 417 1366 486 quisque
1394 411 1915 467 observaratstatim
1944 421 2086 460 nun-

521 524 754 582 titntes,
789 523 1050 585 quantam
1083 508 1378 562 maximam
1407 504 1670 573 consequi
1695 509 1878 571 posset
1906 513 2088 552 rerum

528 629 699 678 quam
732 606 953 677 Scythis
1001 608 1293 672 agerentur
1353 603 1770 666 pararenturve,
1825 588 2095 658 cognitio-

529 723 648 760 nem
681 697 1039 768 impertirent.
1070 693 1276 745 Horum
1309 689 1714 758 speculatorum
1741 697 1978 737 concors
2007 680 2092 733 in-

527 797 725 850 dicium
765 791 888 854 fuit,
942 782 1342 839 multitudinem
1401 781 1674 847 ingentem
1715 775 2090 829 Barbarorum

531 895 756 938 tnelatas
794 881 992 933 habere
1044 875 1201 930 sedes
1259 871 1406 925 circa
1460 867 1818 928 Beliatobam,
1862 862 2092 930 indeque

528 970 969 1048 populationibus
991 962 1295 1033 obiacentia
1321 969 1558 1015 vastare.
1588 957 1667 1010 Ad
1695 970 1818 1010 eum
1848 952 2093 1048 Taticins

530 1042 802 1127 nuntium,
834 1071 1145 1130 quanquam
1185 1052 1446 1107 audiebat
1473 1049 1639 1103 alium
1669 1045 1888 1100 aliunde
1936 1042 2092 1094 insu-

527 1173 621 1224 per
647 1157 944 1225 ad'ventare
970 1144 1272 1200 exercitum
1325 1137 1676 1209 Scytharum,
1711 1145 1766 1187 et
1800 1131 1962 1184 facile
2015 1129 2092 1181 vi-

527 1243 687 1298 debat
720 1240 824 1295 sibi
859 1249 1199 1304 nequaquam
1237 1244 1395 1297 pares
1433 1229 1627 1282 adesse
1649 1225 1917 1282 adversus
1969 1231 2094 1274 lan-

531 1349 640 1388 tum
676 1331 910 1384 hostium
965 1338 1259 1378 numerum
1321 1319 1530 1385 cupias,
1569 1314 1772 1385 quibus
1804 1313 1872 1365 de
1904 1309 2092 1364 causis

531 1423 672 1478 hand
705 1423 841 1473 liene
881 1415 946 1468 de
984 1428 1196 1466 summa
1228 1424 1412 1462 rerum
1465 1421 1716 1476 sperans,
1767 1409 2094 1455 consterna-

530 1525 617 1567 tus
657 1504 970 1576 aliquandiu
999 1512 1052 1556 et
1081 1513 1318 1553 mmrens
1351 1497 1622 1557 Incserat;
1659 1491 1726 1546 ad
1779 1499 2090 1546 extremum

530 1614 712 1657 tamen
783 1599 980 1650 innata-
1040 1589 1419 1662 generositatis
1482 1585 1742 1639 memoria
1813 1593 2092 1651 resumpta

2199 403 2538 460 Καταλαὸὼν
2581 404 2640 455 δέ
2687 419 2774 464 τις
2811 401 2910 472 τὴν
2938 399 3050 453 τῶν
3077 401 3377 471 Βαρϐάρων
3424 405 3532 456 κατ’
3561 409 3700 461 αὑτοῦ

2197 494 2407 547 ἔλευσιν
2427 494 2679 561 διεμήνυε
2709 491 2804 544 καὶ
2830 491 3056 559 φθάνειν
3083 491 3181 560 ήδη
3203 490 3387 551 δεινῶς
3418 493 3704 561 ἰσχυρίζετο.

2208 586 2269 638 '0
2295 585 2352 638 δὲ
2388 583 2550 644 εὐθὺς
2588 584 2644 634 ὲν
2672 584 2786 644 τοῖς
2822 581 3012 643 ὅπλοις
3041 576 3130 650 ἦν.
3159 581 3268 634 Καὶ
3313 581 3454 634 ἅπαν
3492 585 3546 635 τὸ
3573 588 3706 654 στρά-

2196 693 2374 745 τευμα
2423 674 2733 739 ὲξοπλίσας,
2769 672 2862 726 τὸν
2895 669 3071 741 Εὗρον
3101 673 3442 740 παραχρῆμα
3485 673 3706 744 διαπερά-

2200 784 2320 832 σας,
2354 767 2449 829 τὰς
2493 765 2779 835 φάλαγγας
2833 764 3009 817 ἰλαδὸν
3068 763 3440 832 καταστήσας.
3487 765 3704 834 εἱστήκει,

2201 857 2440 928 πολέμου
2499 857 2684 925 σχῆμα
2736 852 3108 915 διατυπώσας.
3161 851 3334 912 Αὐτὸς
3379 852 3433 904 δὲ
3470 850 3528 904 τὸ
3583 862 3707 922 μέσον

2199 946 2310 1020 εἶχε
2357 949 2458 1016 τῆς
2522 945 2916 1016 παρατάξεως,
2972 944 3066 997 καὶ
3123 945 3171 996 οἱ
3232 943 3498 1011 Βάρϐαροι
3553 946 3709 999 Σκυθι-

2199 1043 2312 1105 κῶς
2366 1039 2838 1112 παραταξάμενοι,
2881 1039 2978 1092 καὶ
3039 1037 3138 1099 τὰς
3189 1037 3353 1089 αὑτὸν
3409 1036 3453 1068 ⁸⁷
3495 1038 3709 1106 δυνάμεις

2200 1134 2336 1203 πρὸς
2375 1133 2554 1201 μάχην
2582 1130 3085 1199 καταστησάμενοι,
3118 1128 3366 1199 ἐῴκεσαν
3400 1130 3492 1200 μὲν
3517 1131 3712 1200 πόλεμον

2199 1225 2506 1292 ἀναζητεῖν,
2542 1225 2636 1276 καὶ
2663 1222 2789 1284 τοὺς
2820 1221 3151 1282 ἀντιπάλους
3185 1221 3448 1290 ἐρεθίζειν
3477 1216 3577 1274 οἷον
3603 1226 3710 1289 πρδς

2203 1317 2403 1386 μάχην.
2449 1315 2754 1367 Ἐδεδίεσαν
2783 1313 2840 1366 δὲ
2865 1313 3014 1382 ὅμως
3047 1313 3142 1364 καὶ
3173 1315 3340 1381 ἄμφω
3375 1313 3441 1365 τὰ
3489 1315 3712 1381 στρατεύ-

2203 1421 2372 1474 ματα,
2401 1404 2493 1456 καὶ
2519 1403 2619 1472 τὴν
2649 1401 2968 1471 συμπλοκὴν
3009 1402 3387 1463 ἀνεϐάλλοντο,
3407 1403 3463 1454 τὸ
3493 1403 3580 1470 μὲν
3610 1404 3716 1456 Ῥωο

2201 1495 2429 1566 μαῖκῦν,
2478 1498 2540 1548 τὸ
2577 1494 2922 1565 ύπερπληθὲς
2962 1495 3072 1546 τῶν
3123 1493 3348 1546 Σκυθῶν
3391 1494 3712 1564 ὑποπτήσσων,

2207 1588 2269 1639 τὸ
2313 1588 2371 1639 δὲ
2426 1585 2694 1639 Σκυθικὸν
2749 1586 3265 1655 τεθωρακισμένους
3316 1587 3550 1650 ἅπαντας
3583 1590 3717 1658 ὁρῶν.

531 1695 735 1749 ferrum
759 1687 921 1743 simul
949 1693 998 1739 et
1033 1683 1275 1736 animum
1309 1677 1547 1740 exacuit,
1580 1676 1993 1742 exercitumque
2027 1674 2092 1724 ad

2203 1680 2294 1741 τάς
2329 1695 2387 1731 τε
2433 1679 2700 1745 σημαίας,
2735 1679 2830 1731 καὶ
2862 1677 2922 1728 τὸ
2968 1677 3225 1747 λαμπρὸν
3255 1678 3366 1730 τῶν
3396 1681 3614 1749 ἀμφίων,
3641 1681 3717 1732 καὶ

530 1781 882 1856 pugnandum
913 1773 1209 1828 animavit.
1242 1770 1298 1824 Id
1328 1769 1416 1822 ille
1450 1769 1670 1837 agebat,
1702 1781 1824 1820 cum
1858 1778 2092 1834 procur-

530 1854 658 1928 rens
686 1869 983 1940 quispiam,
1018 1859 1268 1924 nuntius,
1299 1870 1354 1912 ut
1392 1857 1709 1926 apparebat,
1743 1870 1952 1925 magna:
1991 1854 2094 1918 rei,

532 1965 740 2034 trepide
773 1960 978 2014 indicat
1012 1953 1230 2009 infestis
1285 1953 1338 2005 in
1390 1947 1669 2003 Romanos
1701 1947 1874 2018 signis
1907 1947 2096 2000 venire

530 2057 826 2115 Barbaros,
860 2050 1105 2117 adeoque
1135 2045 1246 2115 jam
1277 2057 1397 2096 esse
1426 2042 1478 2094 in
1510 2039 1758 2110 proximo
1784 2037 2093 2092 conﬁrmat.

532 2145 916 2203 Perturbasset
957 2140 1255 2208 imparatos
1291 2133 1338 2187 is
1364 2146 1596 2195 rumor;
1649 2139 1703 2182 at
1735 2129 1910 2182 nostri
1947 2128 2093 2197 quod

531 2254 690 2311 agere
717 2247 873 2290 antea
907 2238 1189 2300 ceperant,
1218 2227 1461 2280 alacrius
1497 2239 1632 2277 nova
1660 2223 1770 2291 jam
1803 2239 1868 2276 ex
1902 2235 2092 2286 causa,

531 2329 756 2401 exsequi
837 2331 1125 2397 pergentes
1203 2317 1399 2372 armati
1480 2315 1717 2368 universi
1786 2314 2096 2384 prodeunt,

529 2425 846 2489 Ebrumqne
874 2416 1136 2468 audacter
1168 2409 1472 2479 trajiciunt.
1497 2405 1742 2461 Taticins
1776 2409 1916 2459 ultra
1954 2406 2099 2460 hunc

534 2522 747 2562 amnem
783 2503 1026 2573 legiones
1057 2497 1313 2566 eXpli‘cat,
1355 2495 1643 2564 aciemque
1681 2504 1804 2562 apte
1832 2510 1893 2548 ac
1923 2494 2098 2563 perite

533 2597 818 2658 describit,
851 2593 1083 2649 medium
1121 2591 1177 2643 in
1209 2604 1270 2642 ea
1300 2587 1400 2641 sibi
1457 2587 1634 2641 locum
1682 2601 1928 2639 sumens.
1963 2584 2098 2637 Bar-

534 2691 653 2746 bari
689 2696 878 2742 contra
913 2699 1014 2739 suo
1061 2691 1114 2735 ct
1173 2680 1274 2749 ipsi
1338 2676 1500 2732 modo
1561 2677 1733 2731 aciem
1795 2678 2098 2740 instruunt,

531 2783 830 2852 copiasque
869 2776 934 2829 ad
969 2773 1214 2844 praelium
1241 2770 1518 2823 ordinant.
1551 2767 1796 2836 Uterque
1823 2767 2100 2820 exercitus

533 2889 629 2929 eas
661 2873 838 2925 minas
859 2868 1011 2922 vultu
1066 2881 1130 2920 ac
1184 2871 1335 2916 motu
1371 2860 1698 2929 praeferebat
1733 2870 1789 2914 ut
1826 2859 2100 2914 lacessere

535 2968 748 3021 hostem
773 2963 930 3024 Velle,
963 2971 1312 3030 pugnamque
1348 2956 1556 3010 ambire
1581 2956 1896 3019 videretur;
1935 2970 1992 3008 re
2017 2962 2100 3006 ta—

537 3072 661 3110 men
696 3067 823 3108 vera
855 3051 1108 3103 timorem
1139 3049 1394 3114 utrinque
1423 3055 1670 3099 mutuum
1700 3045 1822 3100 istis
1858 3045 2102 3099 audaciae

535 3140 1031 3216 signiﬁcationibus
1065 3138 1339 3191 celabant.
1369 3136 1504 3190 Nam
1539 3146 1593 3190 et
1617 3134 1879 3190 Romanis
1902 3150 2103 3195 anceps

533 3237 848 3295 videbatur,
884 3244 1086 3303 paucos
1111 3230 1259 3298 ipsos
1282 3243 1406 3282 cum
1440 3225 1660 3296 Scythis
1684 3225 2100 3279 inmtmerabili-

537 3331 639 3384 bus
669 3325 948 3396 congredi,
979 3332 1032 3376 et
1063 3321 1296 3391 Scythas
1332 3319 1666 3389 percellebat
1711 3317 1946 3372 terribili
1978 3332 2104 3386 Spe-

532 3422 616 3478 cie
645 3416 872 3472 [tertiani
902 3415 1049 3468 acies
1074 3411 1353 3466 exercitus
1379 3418 1569 3480 aperto
1593 3409 1862 3478 explicata
1888 3425 2102 3478 campo,

535 3509 904 3568 emicantibus
935 3514 1016 3560 tot
1050 3504 1224 3572 signis
1253 3502 1603 3571 vexillisque,
1665 3512 1776 3554 tum
1837 3502 2006 3555 armis
2051 3509 2105 3554 et

537 3603 782 3658 vestibus
806 3598 1150 3668 splendorem
1181 3593 1296 3650 sole
1327 3593 1558 3647 adverso
1593 3592 1960 3648 vibrantibus.
1993 3591 2102 3646 Soli

535 3711 601 3750 ex
637 3692 892 3748 omnibus
945 3689 1204 3743 thasones
1251 3695 1305 3738 et
1341 3685 1622 3739 temerarii
1658 3683 1840 3739 Latini
1869 3699 2105 3754 pugnam

539 3787 682 3840 ultro
710 3782 1097 3852 deposwbant,
1122 3784 1175 3832 et
1203 3777 1476 3831 lacessere
1507 3776 1694 3846 utique
1735 3790 1800 3831 ac
1837 3785 2104 3830 cunctan-

539 3887 649 3931 tem
710 3873 1054 3942 praecipitare
1111 3867 1459 3921 conabantur
1502 3885 1515 3920 :
1551 3881 1786 3934 quorum
1844 3865 2104 3920 ferociam

540 3965 814 4018 mulcebat
865 3964 1086 4029 vimque
1124 3957 1422 4012 cohibebat
1484 3953 1745 4020 'l‘aticius,
1794 3958 1969 4010 sedati
2028 3957 2109 4010 \ir

537 4055 726 4114 animi,
775 4063 828 4106 et
873 4051 1262 4121 sagacissimus
1316 4061 1456 4100 unus
1497 4047 1744 4099 omnium
1799 4047 1867 4099 ad
1923 4046 2110 4114 conje-

537 4152 749 4196 cturam
776 4143 884 4194 cito
914 4150 966 4193 et
988 4147 1140 4190 certo
1169 4135 1518 4188 statuendam
1568 4135 1635 4189 de
1671 4136 1874 4190 futuris
1903 4139 2107 4192 eventi-

538 4236 643 4289 bus
672 4233 1004 4286 incertorum
1039 4242 1286 4281 casuum.
1321 4224 1380 4277 In
1427 4240 1493 4279 eo
1519 4235 1664 4280 statu
1706 4235 1762 4280 et
1813 4237 2106 4297 conspectu

2197 1767 2295 1835 τὴν
2366 1769 2573 1819 ἐκεῖθεν
2650 1766 3110 1836 άποπαλλομένην
3182 1768 3414 1837 αἴγλην,
3473 1771 3595 1838 πρὸς
3640 1771 3717 1837 τὴν

2197 1855 2449 1926 ἀστρῲαν
2486 1857 2648 1928 βολὴν
2691 1857 3161 1912 ἀντιστίλὸουσαν.
3199 1861 3366 1913 Μόνοι
3413 1861 3638 1914 ἁπάντων
3672 1862 3718 1914 δὲ

2196 1949 2246 2000 οἱ
2313 1949 2602 2016 τολμητίαι
2665 1951 2886 2002 Λατῖνοι
2956 1951 3052 2003 καὶ
3121 1951 3370 2019 θρασεῖς,
3430 1953 3523 2022 τὴν
3577 1953 3721 2020 μάχην

2198 2039 2577 2108 προαρπάζειν
2633 2040 2847 2110 ἦθελον,
2905 2039 3166 2111 θήγοντες
3220 2043 3434 2104 ὀδόντας
3495 2044 3614 2113 ὁμοῦ
3648 2044 3722 2096 καὶ

2200 2131 2439 2201 σιδήρια.
2482 2130 2792 2184 ’Λνέστελλε
2837 2131 2895 2184 δὲ
2942 2133 3140 2195 αὐτοὺς
3173 2135 3206 2185 ὁ
3250 2134 3546 2196 Ταττὶκιος.
3584 2135 3719 2204 Ἀνὴρ

2198 2221 2306 2290 γάρ
2359 2214 2510 2284 οὗτος
2568 2221 2873 2290 εὐσταθὴς,
2935 2223 3031 2276 καὶ
3094 2223 3191 2275 τοῦ
3247 2224 3526 2293 μέλλοντος
3576 2225 3718 2294 ῥᾷστα

2205 2312 2718 2382 καταστοχάσασθαι
2768 2315 3009 2378 δυνατός.
3063 2315 3401 2386 Ἰσταμένων
3453 2313 3538 2370 οὖν
3576 2317 3723 2384 ἀμφοο

2198 2404 2378 2472 τέρων
2433 2404 2542 2456 τῶν
2591 2406 3015 2474 στρατευμάτων
3048 2407 3093 2439 ⁸⁸
3147 2409 3246 2460 καὶ
3291 2403 3404 2460 οἷον
3435 2408 3606 2476 ἑτέρου
3646 2411 3724 2474 τὴν

2198 2494 2259 2558 ἐξ
2309 2495 2498 2566 ἑτέρου
2544 2497 2762 2565 κίνησιν
2813 2496 3283 2567 άπεκδεχομὲνου,
3319 2500 3411 2552 καὶ
3458 2500 3580 2569 μηδέ
3604 2516 3724 2560 τινος

2199 2585 2291 2639 οὖν
2348 2585 2496 2657 [μηδ’
2537 2586 2882 2658 οὑτινοσοῦν]
2941 2589 3048 2640 τῶν
3112 2591 3466 2659 στρατιωτῶν
3516 2591 3638 2644 κατὰ
3677 2589 3728 2641 τὸ

2203 2679 2534 2748 μεσαίχμιον
2578 2680 2640 2743 ἐξ
2672 2680 2955 2752 οὐδετέρου
2990 2681 3099 2734 τῶν
3142 2684 3562 2752 στρατευμάτων
3589 2683 3727 2734 ἱππά-

2203 2768 2400 2822 οασθαι
2430 2771 2910 2842 κατατολμῶντος,
2945 2775 3068 2827 ἐπεὶ
3093 2775 3148 2825 ἐν
3169 2775 3407 2841 δυσμαῖς
3437 2775 3532 2844 ἤδη
3555 2773 3724 2843 ὁὴλιος

2199 2855 2293 2929 ἦν,
2331 2860 2564 2924 ἕκαστος
2604 2861 2714 2913 τῶν
2745 2863 3066 2932 στρατηγῶν
3116 2863 3214 2916 ἐπὶ
3241 2864 3340 2934 τὴν
3389 2863 3519 2919 ἰδίαν
3550 2880 3728 2932 παρεμ-

2203 2951 2365 3022 6ολὴν
2389 2953 2658 3006 ἐπάνεισι.
2698 2953 2871 3007 Τοῦτο
2903 2956 2995 3009 ἐπὶ
3037 2955 3191 3008 δυσὶν
3243 2956 3477 3026 ἡμέραις
3521 2957 3722 3022 ἐγένετο,

2205 3043 2300 3094 καὶ
2341 3043 2480 3111 πρὸς
2514 3042 2695 3114 μάχην
2723 3044 3202 3114 εύτρεπιζομένων
3243 3048 3353 3100 τῶν
3399 3045 3723 3117 δημαγωγῶν,

2203 3132 2296 3184 καὶ
2336 3132 2573 3202 πολέμου
2630 3138 2818 3204 σχῆμα
2868 3136 2994 3190 καθ’
3043 3137 3287 3209 ἑκάστην
3345 3137 3722 3192 διατυπούντων.

2214 3223 2370 3276 Ἐπεὶ
2399 3224 2589 3293 μηδεὶς
2619 3225 2716 3295 τὴν
2750 3227 2888 3296 πρὸς
2937 3228 3126 3296 ἕτερον
3157 3230 3514 3301 άπεοάῤῥησε
3553 3227 3720 3299 μάχην,

2204 3317 2345 3370 κατὰ
2403 3318 2462 3369 τὸ
2516 3321 2615 3387 τῆς
2668 3319 2856 3388 τρίτης
2913 3321 3242 3392 περίορθρον
3292 3321 3642 3393 ἀναχωροῦσιν
3687 3321 3724 3370 οἱ

2204 3407 2431 3462 Σκύθαι.
2475 3408 2808 3480 Δίσθόμενος
2840 3411 2898 3464 δὲ
2937 3413 2966 3464 ὁ
3014 3412 3305 3475 Ταττίκεος
3345 3413 3552 3476 τούτου,
3580 3427 3727 3480 παρα·

2205 3501 2392 3569 χρῆμα
2421 3499 2647 3552 κατόπιν
2676 3501 2856 3554 αὐτῶν
2895 3504 3144 3572 ἤλαυνεν.
3167 3505 3331 3558 Ἀλλὰ
3359 3505 3514 3568 πεζὸς
3539 3506 3578 3536 δ’
3602 3502 3693 3571 (77)
3717 3537 3730 3561 9

2206 3594 2392 3658 φασιν,
2442 3591 2595 3662 παρὰ
2622 3591 2812 3646 Λύδιον
2861 3594 3038 3662 ἅρμα.
3096 3594 3519 3666 Προφθάσαντες
3564 3594 3655 3660 γάρ
3686 3590 3724 3641 οἱ

2207 3680 2432 3745 Σκύθαι,
2461 3681 2675 3751 διῆλθον
2709 3682 2806 3752 τὴν
2849 3684 3080 3754 Σιδηράν
3125 3685 3242 3755 (78)
3279 3687 3501 3755 (τέμπη
3525 3685 3565 3736 δ’
3591 3683 3731 3739 οὕτως

2207 3773 2313 3824 εἰσὶ
2346 3772 2880 3846 κατονομαζόμενα),
2908 3777 3134 3829 κάκεῖσε
3159 3777 3217 3830 δὲ
3248 3777 3473 3840 τούτους
3499 3775 3568 3846 μὴ
3591 3789 3731 3828 xam-

2207 3863 2421 3929 λαϐὼν,
2476 3865 2879 3936 ἁναλαϐόμενος
2931 3866 3033 3930 τὰς
3105 3869 3234 3930 ὅλας
3290 3869 3569 3938 δυνάμεις,
3623 3865 3732 3930 πρὸς

2224 3958 2660 4029 Ἀδριανούτιολιν
2710 3960 3169 4030 ὲπαναζεύγνυσι.
3202 3963 3316 4017 Καὶ
3348 3965 3471 4024 τοὺς
3498 3961 3588 4030 μὲν
3614 3957 3732 4010 Κελ-

2207 4051 2334 4112 τοὺς
2385 4049 2552 4102 αὐτοῦ
2608 4067 2711 4102 που
2750 4050 3071 4106 καταλιπὼν
3105 4093 3121 4119 ,
3156 4053 3266 4105 τῶν
3327 4054 3386 4106 δὲ
3435 4043 3734 4122 στρατιωτῶν

2209 4139 2350 4193 οἶκοι
2399 4142 2730 4211 πορευθῆναι
2780 4141 3012 4196 ἕκαστον
3065 4144 3370 4211 κελεύσας,
3432 4145 3562 4214 μετά
3615 4153 3731 4198 τινῡς

2227 4231 2446 4301 μερίδος
2493 4231 2592 4301 τῆς
2641 4235 2926 4304 στρατιᾶς,
2967 4236 3130 4300 αὐτὸς
3163 4236 3590 4306 ὲπαναζεύγνυσι
3628 4231 3734 4301 πρὸς

519 4321 959 4398 perseverarunt
979 4319 1142 4373 ambo
1168 4319 1444 4373 exercitus
1475 4317 1618 4370 diem
1650 4326 1858 4384 totum;
1891 4320 2097 4374 nemine

2211 4323 2310 4395 τὴν
2343 4323 2755 4392 βασιλεύουσαν.

541 4435 650 4472 ιιιιο
683 4415 889 4470 utravis
917 4429 981 4468 ex
1011 4418 1165 4482 parte
1205 4408 1456 4478 progredi
1493 4418 1585 4460 aut
1614 4409 1860 4476 equitare
1889 4407 1944 4462 in
1981 4411 2215 4464 medium
2289 4428 2446 4467 auso.
2515 4414 2739 4468 Demum
2809 4415 3088 4472 occidente
3159 4420 3275 4474 sole
3344 4427 3566 4488 uterque
3605 4415 3735 4481 impe-

537 4521 684 4567 rator
737 4506 977 4576 receptui
1032 4503 1149 4558 suis
1190 4501 1411 4565 cecinit,
1480 4515 1760 4554 recessum
1847 4500 1902 4553 in
1959 4514 2137 4556 castra
2207 4505 2469 4573 utrinque
2525 4520 2590 4559 ac
2641 4506 2856 4562 duobus
2905 4509 3168 4562 continuo
3235 4509 3435 4565 diebus
3473 4511 3576 4563 haec
3606 4505 3732 4574 quasi

536 4616 746 4672 pompa:
792 4597 1090 4653 ostentatio
1147 4596 1376 4664 repetita
1449 4596 1824 4665 productaqne
1888 4603 1993 4660 est,
2031 4596 2351 4652 ductoribus
2379 4598 2535 4670 185
2607 4616 2964 4671 utrorumque
3029 4603 3164 4657 nihil
3233 4601 3598 4659 omittentibus
3649 4607 3734 4664 quo

535 4698 721 4749 minus
763 4707 887 4745 mox
911 4689 1257 4744 commissuri
1306 4699 1586 4742 certamen
1654 4689 1996 4741 viderentur.
2059 4686 2262 4743 Verum
2298 4708 2420 4744 cum
2491 4695 2672 4748 neutri
2724 4694 2864 4748 ultra
2915 4695 3096 4750 minas
3162 4699 3570 4763 processissent,
3620 4689 3734 4744 circa

537 4787 644 4840 diei
696 4784 871 4838 tertiae
915 4781 1216 4836 diluculum
1294 4780 1513 4850 Scytha:
1571 4779 1948 4834 retrocednnt.
2005 4778 2117 4834 Nec
2158 4780 2429 4836 'l‘attcium
2459 4784 2720 4850 fefellere,
2749 4785 2842 4854 qui
2863 4791 3044 4839 statim
3072 4795 3185 4840 toto
3255 4788 3461 4855 impetu
3520 4785 3732 4838 abeuntes

538 4877 817 4928 insecutus
841 4880 944 4925 est.
987 4870 1093 4924 Sed
1129 4871 1316 4938 pedes,
1379 4869 1526 4938 quod
1594 4869 1772 4932 aiunt,
1829 4869 1897 4922 ad
1950 4867 2180 4939 Lydium
2221 4887 2474 4927 currum.
2509 4873 2790 4944 Siquidem
2815 4877 2891 4929 illi
2921 4876 3167 4931 Sideram
3194 4878 3311 4931 sive
3337 4877 3578 4932 Fcrream
3598 4881 3736 4925 trans.

539 4963 711 5028 gressi
751 4963 979 5030 (neuneu
1015 4963 1064 5014 id
1117 4962 1217 5014 loci
1270 4971 1355 5016 est
1411 4962 1463 5014 in
1515 4962 1774 5016 concavis
1831 4964 2097 5030 angustiis
2137 4964 2392 5038 vallium)
2425 4967 2514 5021 ubi
2546 4969 2749 5037 recepti
2776 4969 2890 5038 jam
2931 4969 2986 5024 in
3016 4978 3189 5023 tutum
3257 4970 3432 5035 luere,
3490 4983 3600 5022 cum
3652 4960 3732 5013 llo-

1607 5077 1806 5138 Varim
1832 5077 2144 5139 lectiones
2173 5096 2246 5140 ex
2282 5083 2420 5142 cod.
2463 5081 2729 5144 Coisiin.

608 5199 650 5231 ⁸⁷
674 5194 871 5251 αὐτῶν.
945 5197 990 5226 ⁸⁸
1019 5199 1218 5251 Desunt
1243 5215 1402 5253 voces
1427 5201 1535 5251 τῶν
1566 5201 2030 5271 στρατευμάτων.

2203 5202 2411 5267 τεζούς.

1593 5322 1736 5381 Car.
1775 5323 2103 5383 Dufresnii
2133 5326 2230 5384 Du
2264 5324 2485 5405 (Σελιιὸἱί
2521 5335 2710 5388 noue.

612 5446 727 5516 (77)
763 5439 944 5516 Ἀλλά
983 5439 1178 5505 πεζός.
1235 5444 1590 5516 Proverbium
1630 5445 2005 5508 Pindaricum,
2036 5449 2104 5502 de

539 5513 650 5584 quo
710 5513 1312 5585 'Utogeltian.”Centnr.
1349 5515 1403 5579 6,
1442 5533 1494 5566 n.
1546 5515 1658 5579 28;
1706 5517 1956 5585 Αρυειυι,
1994 5518 2100 5570 [εει-

538 5582 707 5642 stult.
745 5589 808 5639 ad
835 5585 990 5641 Dion.
1036 5582 1416 5649 MUSCltup'lllls
1452 5586 1585 5654 Περὶ
1619 5582 1844 5655 σχεδών,
1882 5598 1989 5641 etc.

2235 5518 2246 5529 ,
2279 5449 2388 5516 (78)
2417 5451 2584 5520 328
2615 5455 2896 5529 Σιθηράκ.
2933 5454 3164 5509 Clusura
3185 5455 3505 5529 adllamnnn
3532 5459 3722 5529 montem

2205 5523 2286 5572 sic
2326 5535 2668 5589 ttttttt'ttpula;
2705 5527 2824 5588 ejus
2856 5523 3048 5575 iterum
3105 5527 3346 5580 meminit
3380 5527 3548 5588 Anna,
3577 5524 3654 5575 lib.
3685 5535 3723 5582 ι,

2204 5604 2256 5656 p.
2295 5590 2419 5657 281,
2455 5605 2506 5645 et
2546 5593 2835 5662 Seylitzes,
2885 5607 3007 5662 pag.
3043 5594 3166 5649 784.
