3942 6208
221 295 335 361 533

1486 305 1898 365 ALEXIADIS
1928 306 2076 366 LIB.
2103 307 2240 369 VII.

3366 308 3472 377 534

219 413 491 480 πόλεμον.
533 411 771 475 Ἐκεῖνος
803 409 860 464 δὲ
915 413 1059 465 κατὰ
1111 413 1202 467 τὸν
1253 415 1649 486 ὑπερκείμενον
1701 421 1798 491 τῆς

1926 422 1999 474 )ie
2040 421 2390 475 illucescente
2420 421 2565 475 sistit
2609 438 2737 477 suos
2776 421 2999 493 Tzelgu,
3035 434 3088 480 et
3123 428 3189 480 ad
3237 442 3471 496 pugnam

219 506 476 568 πεδιάδος
514 505 717 575 αὐχένα
754 506 952 576 ἀνῆλθε
989 509 1127 577 μετά
1154 527 1314 562 τινων
1357 509 1619 576 λογάδων,
1672 530 1799 564 σκο-

220 601 421 665 πήσων
449 597 496 630 ⁸³³
525 598 622 660 τὰς
670 597 1014 669 βαρϐαρικάς
1053 601 1335 670 δυνάμεις.
1403 603 1579 672 Ὀρῶν
1633 605 1690 657 δὲ
1737 604 1800 657 τὸ

224 688 437 757 πλῆθος
465 688 574 742 τῶν
603 690 850 754 Σκυθῶν,
884 693 1155 759 ἐσφάδαζε
1195 696 1295 765 μὲν
1345 695 1442 765 τὴν
1476 697 1797 767 συμπλοκὴν

222 778 325 830 τοῦ
359 779 625 848 πολέμου,
659 781 984 836 ἀνεϐάλλετο
1024 784 1100 848 δὲ,
1132 787 1230 853 τὴν
1270 786 1587 856 Ῥωμαῖκίῖν
1637 806 1802 858 στρα-

224 871 356 920 τιάν
400 871 684 923 κατανοῶν
745 873 882 941 μηδὲ
931 875 990 926 τὸ
1048 877 1337 930 πολλοστὸν
1377 878 1658 941 σώζουσαν
1702 882 1800 947 τῆς

225 960 343 1011 τῶν
383 961 684 1030 Βαρϐάρων
725 961 1028 1032 δυνάμεως.
1079 967 1416 1021 Ἐπανελθὼν
1438 969 1493 1022 δὲ
1533 971 1669 1038 μετᾶ
1692 970 1801 1022 τῶν

224 1050 498 1116 λογάδων,
560 1053 654 1105 τοῦ
703 1054 984 1108 ὁπλιτικοῦ
1043 1060 1287 1122 παντὸς,
1334 1060 1430 1113 καὶ
1483 1061 1648 1114 αὐτοῦ
1704 1062 1802 1115 τοῦ

239 1143 569 1214 Ἰωαννιάκη
598 1144 645 1176 ⁸⁵
671 1145 1032 1213 διεσκοπεῖτο,
1082 1152 1130 1201 εί
1173 1151 1280 1221 χρὴ
1318 1152 1651 1222 προσϐαλεῖν
1690 1155 1802 1218 τοῖς

228 1233 499 1296 Σκύθαις.
546 1235 669 1288 Τῶν
723 1236 781 1290 δὲ
816 1239 949 1309 πρὸς
999 1241 1159 1293 τοῦτο
1203 1243 1632 1312 ὲποτρυνόντων,
1680 1245 1802 1297 ἐπεὶ

230 1328 329 1379 καὶ
359 1327 522 1390 αὐτὸς
562 1329 763 1398 μᾶλλον
782 1331 918 1400 πρὸς
950 1333 1108 1386 τοῦτο
1138 1335 1483 1407 κατάρῥοπος
1516 1332 1606 1407 ἦν,
1639 1336 1802 1408 τριχῆ

229 1418 428 1469 διελὼν
454 1419 552 1482 τὰς
576 1419 858 1492 δυνάμεις,
892 1426 986 1477 καὶ
1011 1426 1071 1478 τὸ
1101 1427 1345 1479 ἐνυάλιον
1368 1429 1572 1498 ὴχῆσαι
1610 1429 1802 1483 κελεύ-

234 1530 361 1578 σας,
393 1512 767 1583 ξυμμίγνυται
823 1519 936 1580 τοῖς
984 1519 1312 1588 Βαρϐάροις.
1351 1521 1545 1576 Πολλοὶ
1573 1523 1670 1592 μὲν
1711 1518 1804 1577 οὖν

229 1609 539 1674 τη·.ικαῦτα
599 1609 900 1678 τρωθέντες
946 1611 1226 1678 πίπτουσι,
1281 1613 1583 1666 κτείνονται
1626 1614 1683 1666 δὲ
1709 1615 1805 1684 οὐχ

227 1699 457 1767 ἥττους.
491 1701 603 1752 Καὶ
629 1701 790 1763 αὐτὸς
813 1703 841 1754 ὁ
871 1703 1112 1768 Τζελγοὺ
1155 1704 1423 1772 γενναίως
1474 1706 1801 1775 μαχόμενος,

232 1791 327 1842 καὶ
365 1793 496 1856 ὅλας
535 1794 924 1865 συνταράσσων
955 1794 1264 1863 φάλαγγας,
1295 1797 1516 1868 καιρίαν
1554 1798 1806 1868 πληγεὶς,

231 1883 519 1954 ἀςῄρηται
569 1885 664 1954 τὴν
695 1886 899 1956 ψυχήν.
952 1887 1014 1939 Οί
1049 1888 1266 1950 πλείους
1293 1888 1348 1940 δὲ
1383 1891 1442 1941 ἐν
1481 1889 1557 1958 τῷ
1582 1893 1808 1958 φεύγειν

233 1974 556 2038 πίπτοντες,
583 1979 660 2040 είς
689 1978 780 2029 τὸν
819 1980 1132 2048 ἀναμεταξὺ
1177 1980 1272 2033 τοῦ
1305 1981 1641 2050 καλουμένου
1673 1985 1810 2036 Σκε-

232 2066 442 2129 τεινοῦ,
503 2069 596 2120 καὶ
651 2069 741 2122 τού
786 2071 965 2142 Κούλη
1021 2071 1241 2141 ῥύακα,
1301 2075 1668 2142 ἀπεπνίγοντο
1719 2077 1808 2129 ὐπ’

235 2158 488 2226 ἀλλήλων
519 2161 990 2230 συμπατούμενοι.
1021 2165 1296 2235 Λαμπράν
1329 2166 1510 2219 τοίνυν
1540 2167 1641 2236 τὴν
1670 2167 1811 2220 κατὰ

233 2245 348 2295 τῶν
410 2246 636 2299 Σκυθῶν
683 2249 840 2317 νίκην
901 2252 1166 2322 ἀράμενοι
1209 2254 1258 2306 οί
1301 2255 1394 2308 τοῦ
1436 2257 1700 2327 βασιλέως
1744 2259 1811 2325 ⁸⁸,

235 2335 494 2405 εἰσῆλθον
529 2341 609 2402 είς
641 2340 738 2410 τὴν
760 2343 1160 2411 Μεγαλόπολιν.
1196 2347 1418 2414 Δωρεὰς
1445 2349 1500 2401 δὲ
1525 2351 1617 2402 καὶ
1649 2353 1816 2420 τιμὰς

237 2426 350 2478 ἀπὸ
407 2426 504 2479 τοῦ
553 2428 818 2500 βασιλέως
879 2434 1167 2505 δεξάμενοι
1222 2438 1365 2491 κατὰ
1407 2440 1468 2492 τὸ
1511 2441 1816 2509 ἀνάλογον,

237 2522 598 2594 ὑπέστρεψαν
650 2530 786 2597 μετὰ
840 2530 932 2582 τοῦ
989 2532 1293 2602 τηνικαῦτα
1337 2537 1818 2606 προχειρισθέντος

242 2617 492 2686 μεγάλου
516 2619 840 2687 δομεστίκου
874 2623 972 2692 τῆς
1011 2624 1228 2686 Δύσεως
1275 2627 1554 2697 Ἀδριανοῦ
1592 2631 1814 2700 Κομνη-

242 2709 339 2762 νοῦ
375 2711 474 2764 καὶ
515 2713 854 2782 αὐταδέ).φου
903 2716 995 2769 τοῦ
1048 2718 1478 2788 αὐτοκράτορος.
1542 2719 1700 2773 Οὕτω
1760 2719 1816 2772 δὲ

238 2803 354 2854 τῶν
413 2803 557 2856 κατὰ
606 2806 968 2872 Μακεδονίαν,
1022 2807 1118 2860 καὶ
1163 2810 1594 2863 Φιλιππούπολιν
1634 2811 1817 2880 μερῶν

238 2895 640 2962 ἀπελαθέντες,
675 2898 826 2966 παρὰ
858 2898 1038 2970 [περὶ]
1064 2900 1153 2953 τὸν
1182 2902 1395 2973 Ἵστρον
1421 2901 1576 2964 αὖθις
1607 2904 1814 2956 ἐπανα-

241 2986 582 3057 στρέψαντες
617 2989 923 3057 ηὐλίζοντο.

1908 527 2028 563 cum
2077 513 2580 568 Maurocatacahme
2621 531 2742 569 mox
2797 517 3166 572 lacessendam
3231 519 3484 574 instruit.

1908 603 2001 659 Ille
2028 620 2147 659 cum
2180 606 2316 660 lecto
2357 607 2615 659 comitatu
2675 607 3013 661 tribunorqu
3061 611 3475 664 eminentiorem

1909 707 2103 751 cetera
2153 695 2376 765 planitie
2411 697 2584 751 locum
2617 708 2856 768 superat,
2891 699 3200 754 barbaricas
3230 701 3352 754 inde
3379 716 3475 754 co-

1908 789 2026 858 pias
2083 789 2519 858 speculaturos:
2565 805 2791 859 quarum
2851 792 3040 860 ingens
3103 794 3475 848 animadversa

1912 885 2195 939 multitudo
2224 898 2472 954 magnam
2498 884 2546 938 ei
2581 884 2970 938 dubitationem
3005 883 3201 953 obiecit
3237 901 3252 937 :
3286 885 3477 953 ecquid

1910 989 1939 1027 e
1976 991 2032 1027 re.
2056 974 2194 1027 foret
2226 973 2502 1029 Romanas
2537 990 2656 1044 quae
2686 974 2759 1029 ibi
2808 983 2933 1028 tunc
2962 984 3115 1027 erant
3146 975 3387 1043 legiones
3411 989 3480 1027 ne

1911 1082 2030 1119 cmu
2059 1076 2211 1132 parte
2249 1066 2467 1134 quidem
2511 1081 2616 1121 una
2661 1065 2724 1121 de
2784 1066 2970 1121 multis
3023 1065 3267 1135 Scyzbici
3319 1080 3478 1126 quem

1911 1157 2190 1223 speetabat
2223 1158 2495 1210 exercitus
2542 1172 2766 1210 numero
2789 1157 3206 1224 comparabiles,
3238 1157 3327 1210 tali
3356 1158 3478 1211 loco

1912 1249 2254 1303 committere
2290 1264 2412 1302 cum
2444 1248 2746 1302 Barbaris?
2793 1248 2954 1302 Multa
3004 1249 3200 1302 dehinc
3247 1248 3482 1302 reversis

1913 1357 1939 1393 ιι
1976 1339 2305 1410 ερθι-ιιιοιιιιο
2333 1339 2651 1396 deliberatio
2679 1339 2777 1394 fuit
2808 1339 2934 1408 quid
2972 1339 3113 1392 Iacto
3135 1350 3277 1393 esset
3306 1354 3479 1409 opus;

1915 1434 2138 1487 adhibiti
2175 1441 2304 1488 sunt
2340 1433 2520 1488 ett-teri
2549 1433 2855 1488 cohortium
2895 1434 3170 1494 ductores.
3206 1432 3256 1484 in
3287 1433 3484 1500 quibus

1911 1521 2234 1578 Joaunaces.
2266 1521 2516 1589 Plerique
2540 1537 2728 1577 omnes
2753 1531 2938 1576 contra
2964 1519 3486 1574 Maurocatacalonis

1913 1615 2262 1677 sententiam,
2299 1628 2402 1667 non
2437 1614 2850 1667 detrectandum
2885 1611 3129 1680 przelium
3162 1611 3481 1672 censebant,

1917 1693 2335 1774 frequentesque
2392 1703 2772 1758 iucuu'ibebaut
2825 1704 2890 1756 ad
2946 1703 3340 1756 adhortantium
3385 1701 3486 1753 du-

1917 1814 2057 1865 cem,
2116 1798 2420 1866 prudentize
2468 1797 2699 1861 ratione,
2756 1811 2861 1849 non
2919 1795 3118 1862 frigore
3169 1793 3335 1845 animi
3395 1803 3488 1846 aut

1916 1895 2142 1964 ignavia:
2181 1893 2308 1947 vitio
2333 1901 2697 1954 cunctantem,
2728 1899 2782 1944 ut
2812 1890 2996 1942 virtuti
3024 1903 3133 1942 suae
3158 1901 3488 1953 suorumque

1919 1985 2129 2038 liderct.
2168 1983 2304 2050 Quid
2345 1981 2505 2035 multa
2529 1980 2560 2033 τ’
2592 1980 2958 2048 pervicerunt.
3013 1980 3239 2045 Ipseque
3273 1977 3492 2028 Mauro--

1918 2076 2163 2130 catacalo
2202 2076 2430 2144 propria)
2452 2072 2826 2144 generositatis
2862 2072 3117 2140 impetum
3163 2067 3488 2123 commilito-

1919 2186 2048 2224 num
2084 2167 2351 2236 suﬂ'ragiis
2376 2167 2659 2236 probatum
2696 2172 2884 2220 contra
2915 2178 3026 2218 sua:
3054 2155 3229 2232 ipsius
3254 2161 3489 2215 interdi-

1924 2270 2011 2315 c1a
2039 2259 2314 2328 sapientiae
2344 2265 2582 2322 secutus,
2618 2255 2881 2310 trifariam
2913 2254 3115 2310 divisas
3133 2253 3318 2322 copias
3343 2251 3490 2304 ducit

1925 2353 1978 2406 in
2010 2352 2299 2413 Barbaros,
2336 2364 2568 2420 aereque
2606 2365 2728 2404 cum
2775 2347 2906 2416 ipsis
2941 2345 3182 2400 conserit
3223 2342 3490 2412 praelium,

1927 2459 2034 2512 quo
2066 2443 2276 2498 illorum
2299 2441 2452 2496 multi
2484 2441 2797 2495 vulneribus
2821 2437 3101 2508 prostrati,
3129 2435 3281 2490 multi
3304 2433 3492 2498 occisi,

1926 2535 2129 2605 Tzclgu
2167 2536 2280 2604 ipse
2331 2534 2436 2587 dux
2498 2531 2710 2588 fortiter
2764 2544 3033 2600 pugnans,
3093 2526 3496 2595 phalangesque

1926 2627 2256 2684 conturbans
2285 2634 2425 2680 totas
2459 2623 2775 2678 interfectus
2830 2631 2932 2676 est.
2993 2619 3250 2688 Plerique
3285 2631 3381 2687 per
3415 2615 3497 2668 l‘u-

1925 2733 2044 2786 gam
2077 2716 2337 2786 trepidam
2371 2726 2573 2769 temere
2605 2731 2662 2768 se
2694 2724 2879 2767 nmtuo
2905 2713 3245 2768 incurrentes
3271 2706 3497 2762 concul-

1926 2819 2218 2877 cantesque
2247 2807 2478 2875 indeque
2517 2808 2568 2860 in
2603 2805 2914 2874 voraginem
2953 2803 3130 2857 medio
3155 2803 3295 2854 inter
3323 2797 3500 2852 Scoti-

1927 2916 2054 2953 num
2092 2909 2148 2954 et
2183 2900 2351 2954 Culen
2381 2899 2577 2952 itinere
2621 2899 2858 2952 hiantem
2911 2895 3206 2951 acervatim
3235 2890 3497 2961 prolapsi,

1921 2991 2165 3046 sulfocati
2190 2999 2334 3044 sunt.
2356 2990 2607 3057 Itonuani,
2633 2990 2924 3061 splendida:
2937 2997 3211 3056 compotes
3239 2982 3498 3045 victeriae,

241 3081 494 3152 Magnam
532 3085 761 3154 ingressi
803 3087 1101 3151 civitatem,
1149 3099 1430 3158 postquam
1462 3088 1620 3143 donis
1652 3087 1726 3144 ibi
1758 3097 1810 3144 et
1851 3087 2148 3143 honoribus
2193 3101 2290 3155 pro
2322 3085 2588 3155 cujusque
2655 3086 2848 3140 merito
2894 3080 3154 3139 cumulati
3224 3087 3371 3142 sunt,
3418 3091 3506 3129 re.

243 3182 393 3235 dicre
423 3195 550 3233 cum
586 3197 755 3249 llttpel'
785 3191 970 3237 creato
1011 3197 1206 3251 magno
1235 3183 1535 3237 domestico
1595 3181 1908 3238 Occidentis
1968 3179 2211 3235 Adriano
2274 3179 2555 3234 Comneno
2604 3178 2835 3248 Augusti
2878 3178 3067 3231 fratre.
3105 3173 3364 3240 Purgavit
3439 3185 3506 3226 ea

242 3279 475 3332 victoria
511 3277 880 3334 Macedoniam
909 3279 1149 3350 Scythis,
1181 3288 1234 3334 et
1265 3279 1516 3350 regiones
1560 3277 1920 3347 Pbilippopoli
1953 3277 2182 3332 vicinas.
2251 3275 2327 3330 Ex
2391 3276 2588 3344 quibus
2648 3281 2794 3328 retro
2856 3273 2995 3342 pulsi
3048 3272 3191 3325 unde
3248 3276 3508 3325 venerant

247 3372 501 3438 Barbari,
538 3374 747 3428 haesere
777 3382 958 3428 tamen
1022 3375 1104 3429 cis
1159 3372 1358 3429 Istrum
1385 3413 1402 3439 ,
1459 3387 1856 3443 perrexereque
1929 3371 2088 3425 solita
2127 3369 2348 3423 licentia
2373 3369 2613 3438 undique
2636 3367 2974 3436 obiacentem
3002 3363 3375 3418 Romanorum
3407 3363 3505 3415 ina

246 3482 474 3524 cursare
509 3481 573 3520 ac
605 3469 902 3548 deprtedari
927 3469 1205 3524 ditionem.

318 3562 510 3616 Ταῦτα
549 3562 594 3594 ⁸⁸
626 3564 654 3615 ὁ
698 3561 954 3631 βασιλεὺς
1001 3563 1242 3624 ἀκούσας
1274 3563 1374 3618 οὐκ
1401 3564 1683 3634 ἠνέσχετο,
1711 3561 1821 3615 τῶν
1851 3562 1895 3621 C

261 3652 595 3720 Ῥωμαϊκῶν
621 3654 785 3724 ὁρίων
807 3656 936 3708 εἵσω
965 3658 1090 3719 τοὺς
1125 3656 1336 3720 Σκύθας
1375 3659 1680 3726 παροικεῖν,
1715 3656 1833 3724 ἄμα

250 3745 305 3797 δὲ
334 3748 432 3796 καὶ
447 3745 635 3808 δεδιὼς
660 3747 735 3815 μὴ
766 3747 854 3800 διὰ
875 3747 984 3800 τῶν
1013 3750 1304 3801 στενωπῶν
1327 3748 1646 3809 διελθόντες,
1676 3747 1832 3809 αὖθις

251 3837 474 3904 χείρονα
523 3835 633 3889 τῶν
677 3837 960 3906 προτέρων
1013 3839 1458 3907 άπεργάτωνται.
1518 3839 1711 3890 Ἔνθεν
1749 3854 1833 3889 τοι

256 3928 802 3996 παρεσκευασμένος,
854 3928 948 3981 καὶ
1005 3929 1184 3989 καλῶς
1235 3927 1524 3991 ἐξοπλίσας
1559 3928 1619 3979 τὺ
1666 3926 1833 3996 στράο

256 4035 461 4086 τευμα,
492 4017 909 4086 καταλαμϐάνει
943 4019 1040 4086 τὴν
1083 4017 1521 4088 Ἀδριανούπολιν
1570 4017 1664 4071 καὶ
1693 4018 1837 4069 ἐκεῖ·

261 4110 352 4162 θεν
375 4111 514 4179 πρὸς
540 4109 630 4162 τὸν
687 4109 938 4179 Λαρδὲαν
989 4109 1100 4179 (8'))
1152 4110 1374 4163 ἄπεισιν
1411 4111 1466 4161 ὲν
1519 4109 1836 4179 μεταιχμίῳ

189 4183 198 4192 ἡ
260 4207 359 4272 τῆς
418 4202 753 4270 Δαμπόλεως
783 4201 892 4270 (84)
938 4204 1032 4255 καὶ
1085 4201 1284 4270 Γολόης
1317 4199 1426 4272 (85)
1467 4200 1835 4270 διακείμενον.

264 4295 506 4348 Κάκείσε
559 4296 1058 4363 προχειρισάμενος
1119 4293 1364 4362 ἡγεμόνα
1421 4292 1692 4363 Γεὼργιον
1749 4292 1839 4345 τὸν

267 4384 622 4454 Εὐφορϐηνον
652 4384 698 4414 "
739 4385 882 4437 κατὰ
933 4383 1032 4452 τῆς
1086 4383 1356 4454 Δρίστρας
1394 4384 1700 4437 διαπόντιον
1757 4383 1841 4448 ἐξ·

269 4475 539 4543 ἐπεμψεν.
577 4473 636 4527 '0
665 4473 721 4527 δὲ
753 4474 1107 4545 αὐτοκράτωρ
1138 4475 1230 4526 ἐπὶ
1251 4475 1662 4542 τεσσαράκοντα
1701 4473 1840 4543 ὴμέ-

272 4583 389 4635 ραις
429 4564 597 4618 αὐτοῦ
650 4583 751 4618 που
800 4566 1152 4634 ὲγκαρτερῶν
1206 4566 1272 4628 ⁸⁸,
1325 4566 1423 4627 τὰς
1466 4564 1842 4633 ἁπανταχόθεν

268 4660 528 4728 δυνάμεις
565 4659 974 4728 μετεπέμπετο.
1012 4659 1214 4712 Ἱκανὸν
1245 4658 1301 4711 δὲ
1328 4657 1650 4726 συνειλοχὼς
1683 4657 1844 4727 στρά-

270 4766 446 4818 τευμα
477 4749 822 4810 ἐϐουλεύετο.
856 4751 904 4802 εί
937 4749 1065 4819 χρὴ,
1107 4749 1206 4812 τὰς
1241 4748 1566 4818 κλεισούρας
1595 4747 1845 4815 διεληλυ-

272 4839 417 4904 θότα,
469 4843 570 4910 τὴν
610 4842 748 4909 μετὰ
809 4842 915 4894 τῶν
975 4841 1200 4893 Σκυθῶν
1243 4839 1605 4904 ἀναδέξασθαι
1640 4839 1841 4908 μάχην,

1996 3556 2054 3611 Id
2112 3557 2410 3622 imperator
2457 3553 2704 3619 audiens,
2749 3561 2800 3606 et
2841 3567 2953 3604 rem
3011 3550 3289 3620 indignam
3355 3559 3508 3604 ratus

1933 3654 2074 3707 intra
2108 3649 2386 3704 Romanos
2425 3648 2558 3700 lines
2604 3646 2805 3713 injussu
2849 3643 3097 3698 habitare
3131 3641 3396 3712 Scythas;
3431 3641 3506 3694 si-

1935 3745 2045 3798 mul
2077 3753 2318 3796 metuens
2353 3755 2418 3794 ne
2444 3739 2742 3808 penetralis
2773 3739 2967 3789 iterum
3003 3736 3264 3804 angustiis
3311 3748 3507 3787 novam

1933 3834 2102 3906 priori
2138 3829 2590 3900 periculosiorem
2636 3826 3195 3896 perniciosioremque
3248 3823 3510 3891 irruptio-

1936 3942 2055 3980 uem
2088 3922 2428 3983 molirentur,
2460 3917 2760 3973 exercitum
2786 3916 3153 3983 copiosissime
3187 3915 3526 3968 instructum-

1936 4016 2301 4086 prmclareque
2332 4020 2596 4066 armatum
2633 4011 2746 4079 ipse
2779 4009 2831 4060 in
2872 4023 2968 4062 eos
3000 4006 3200 4060 ducens
3235 4006 3510 4059 Andrino-

1936 4110 2102 4180 polim
2129 4105 2395 4177 processit
2426 4120 2441 4157 :
2476 4104 2708 4172 indeque
2753 4115 2950 4154 versus
3007 4099 3267 4152 Lardeam
3322 4099 3509 4161 movit,

1938 4204 2118 4258 locum
2156 4201 2296 4253 inter
2327 4193 2624 4263 Dampolim
2655 4203 2708 4247 et
2742 4190 2946 4246 Goloen
2983 4191 3168 4244 situm.
3223 4190 3373 4243 Illinc
3422 4206 3512 4244 se-

1941 4302 2214 4364 gregatum
2281 4296 2490 4358 partem
2559 4285 2834 4339 exercitus
2905 4283 3040 4337 duce
3105 4282 3204 4350 ipsi
3256 4280 3515 4350 prml‘ecto

1940 4383 2172 4453 Georgio
2195 4378 2571 4448 Euphorbeno,
2596 4375 2727 4428 mari
2753 4373 2973 4429 tendere
2991 4376 3041 4427 iu
3060 4372 3314 4427 Dristram
3332 4374 3512 4441 jussit.

1942 4479 2063 4543 Ipse
2103 4488 2252 4527 mora
2289 4467 2651 4540 quadraginta
2687 4465 2895 4520 dierum
2931 4467 3127 4519 ibidem
3181 4473 3351 4518 tracta
3383 4480 3517 4518 cou-

1945 4567 2152 4622 vocatis
2180 4565 2557 4631 undecumque
2591 4562 2784 4630 copiis,
2837 4575 2960 4612 cum
2988 4557 3101 4626 jam
3136 4557 3389 4610 idoneum
3415 4571 3515 4608 cx-

1944 4660 2175 4712 ercitum
2205 4662 2607 4723 congregasset,
2635 4650 2994 4711 deliberabat,
3024 4648 3215 4717 ecquid
3240 4648 3518 4716 expediret

1946 4750 2198 4804 claustris
2231 4745 2599 4816 transgressis
2647 4742 2846 4798 adoriri
2885 4739 3135 4812 Scythas,
3171 4739 3294 4793 belli
3344 4741 3517 4792 fortu-

1949 4859 2071 4896 nam
2108 4840 2342 4909 experiri
2369 4837 2578 4908 ιιι-ωηο,
2613 4835 2665 4887 lu
2699 4834 2860 4902 190
2879 4841 3084 4900 partem
3111 4831 3343 4884 aientem
3373 4831 3518 4884 haud

271 4930 346 4984 (οὐ
382 4933 511 5004 χρὴ,
544 4932 741 5002 λέγων,
773 4933 1083 5003 ἐκίχειρίαν
1116 4934 1253 4992 ὅλως
1304 4935 1418 4994 τοῖς
1448 4932 1684 4994 Σκύθαις
1711 4931 1820 4985 δίδο

1953 4936 2185 4988 obscura
2221 4942 2338 4985 erat
2371 4928 2650 4983 inclinatio
2691 4925 2942 4997 Augusti,
2977 4924 3276 4979 dictitantis
3311 4926 3521 4978 instau-

1337 5073 1537 5133 νεηνίαι
1569 5073 1885 5134 lectiones
1912 5090 1992 5134 ex
2026 5073 2164 5133 eod.
2204 5067 2475 5130 Coislin.

341 5200 385 5230 "
410 5208 878 5265 κατασκοπησων.
953 5197 1000 5228 ⁸⁵
1027 5194 1396 5248 Ίωαννακῖου.

1473 5197 1517 5228 ⁸⁸
1564 5199 1769 5250 Desunt
1836 5211 1998 5250 voces
2033 5192 2082 5244 οἱ
2107 5192 2200 5244 τοῦ
2235 5189 2521 5260 βατιλέως.

279 5271 367 5336 τὴν
390 5267 677 5338 ήμεδαπὴν
725 5263 929 5330 άνὲτως
983 5266 1161 5327 πάντη
1191 5264 1580 5332 παροικοῦντες
1616 5267 1912 5337 ἐληίζοντο.
1968 5263 2175 5316 Ταῦτα.

2600 5189 2645 5220 ⁸⁸
2678 5187 2988 5260 ηὐλίζοντο,
3013 5193 3108 5260 καὶ
3132 5187 3320 5260 ὥσπερ
3363 5189 3505 5244 ἰδίαν

2254 5263 2298 5293 ⁸⁷
2342 5258 2636 5330 Φορὸηνὸν.
2698 5257 2760 5290 ’⁸³
2795 5257 3099 5329 καρτιρῶν.
3293 5257 3303 5260 ⁷
3349 5289 3376 5312 θ

1319 5408 1454 5469 Car.
1498 5406 1822 5468 Dufresnii
1875 5407 1967 5467 Du
1999 5401 2226 5480 Cangii
2254 5408 2444 5462 notae.

352 5556 461 5625 (85)
492 5555 784 5623 Λαρδέαν.
824 5553 1078 5609 Occurrit
1110 5556 1266 5611 locus
1293 5558 1394 5610 istc
1437 5555 1577 5625 apud
1611 5554 1856 5610 Nicetam

289 5622 338 5676 in
375 5624 544 5679 Isaac.
573 5622 667 5678 lib.
692 5642 748 5684 ιι,
787 5642 841 5677 ιι.
882 5626 934 5677 i.

356 5693 466 5764 (85)
497 5695 870 5763 Δαμπόλεως,
903 5696 1200 5767 Dampolis,
1232 5696 1490 5767 φριύριον
1544 5696 1684 5750 haud
1720 5711 1847 5765 pro-

1966 5517 2058 5608 cul
2092 5551 2159 5605 ab
2190 5548 2574 5620 Adrianopoli,
2603 5545 3007 5620 Scylitwepag.
3040 5543 3168 5620 783.

2037 5623 2150 5691 (85)
2203 5608 2458 5688 Γολόηςῖ
2504 5608 2835 5674 Μοιηοὶειιιιι
2863 5608 3030 5672 Gelae
3059 5615 3125 5668 ab
3154 5609 3344 5667 eodem
3396 5608 3525 5681 Scy-

1958 5694 2084 5748 litze
2106 5706 2226 5762 pag.
2255 5691 2373 5745 787.
