3942 6208
221 305 312 369 571
813 346 818 351 ο
1450 305 1862 368 ALEXIADIS
1900 307 2047 368 LIB.
2089 307 2223 368 VII.
3312 315 3418 378 538

218 416 444 484 τρέπετο,
472 411 500 464 6
517 408 772 482 Βρυὲνὶος
802 411 972 465 πολλὰ
999 410 1224 466 κωλύων
1251 411 1341 466 τὸν
1371 413 1750 486 αὐτοκράτορα

1858 416 2153 470 dicentibus
2188 414 2640 485 promulgaretur,
2676 416 2939 488 Bryenius
2975 417 3160 474 multis
3190 432 3418 479 conatus

216 505 298 559 τοῦ
321 503 730 574 ἐγχειρήματος,
759 502 832 566 ὡς
864 503 963 556 οὐκ
993 503 1228 569 ἔπειθεν,
1253 506 1751 576 ἑπιφωνηματικῶς

1858 509 2234 574 imperatorem
2273 507 2340 560 ab
2380 509 2592 576 incepto
2645 523 2920 567 revocare.
2953 509 3106 579 191
3147 520 3206 566 ut
3248 515 3420 568 sensit

215 598 304 666 ἔφη
333 595 395 626 ⁸⁸⁸
427 595 601 656 Ἵσθι,
642 586 688 646 ὦ
710 594 996 658 βασιλεῦ,
1030 597 1082 648 ει
1128 596 1234 649 τὸν
1252 591 1438 664 Αἷμον
1460 596 1750 662 διέλθητε,

1858 614 1912 654 se
1939 600 2096 652 verba
2141 602 2386 668 perdere.
2415 600 2480 653 ad
2511 609 2812 655 extremum
2855 617 2869 654 :
2907 599 2995 655 Sic
3027 604 3180 666 habe,
3218 605 3415 673 inquit,

215 687 340 752 τοὺς
354 683 812 754 δρομικωτέρους
834 685 952 737 τῶν
973 685 1172 738 ἵππων
1186 685 1549 754 δοκιμάσας.
1583 687 1751 755 Ἐρω-

1858 691 2102 758 Auguste.
2131 691 2177 742 si
2216 690 2450 744 [hvmum
2494 689 2634 744 ultra
2659 693 3035 755 processeritis,
3077 695 3417 759 explorabilis

213 779 448 846 τήσαντος
477 774 532 828 δέ
559 791 704 838 τινος
740 777 790 827 τί
817 777 844 828 ὁ
863 775 1018 843 λόγος
1045 776 1224 829 οὑτοσὶ
1254 777 1523 844 βούλεται,
1553 775 1658 831 Ἐν
1674 778 1751 843 τῷ

1858 793 2101 851 quantum
2125 797 2372 851 equorum
2401 783 2617 853 quisque
2645 783 2812 837 valeat
2841 801 3017 838 cursu.
3043 785 3268 839 Cuidam
3293 803 3420 840 vero

213 869 450 938 φεύγειν,
482 866 667 936 φησὶν,
697 867 984 932 ἅπαντας.
1018 863 1186 932 Οὗτος
1209 870 1319 939 γὰρ
1344 872 1372 922 6
1401 871 1560 940 ἀνὴρ,
1591 871 1751 924 εἶκαὶ

1858 876 2190 942 percontanti
2227 893 2240 927 :
2278 877 2404 944 quid
2449 875 2551 929 sibi
2589 877 2689 929 hoc
2719 875 2914 929 vellet?
2973 873 3238 931 Nimirum
3293 881 3418 932 dum

212 959 322 1020 τοὺς
373 957 678 1026 ὀφθαλμοὺς
729 957 797 1010 δι’
845 958 1184 1012 ἀποστασίαν
1233 961 1580 1026 ἐξεκέκοπτο,
1616 961 1751 1014 ἀλλά

1858 981 2030 1018 omnes
2063 966 2284 1034 fugient,
2322 966 2614 1032 respondit.
2652 964 2779 1018 Erat
2804 965 2849 1017 is
2877 966 2978 1024 vir,
3013 982 3317 1034 quanquam
3348 967 3418 1020 ob

213 1050 264 1103 τό
295 1067 350 1113 γε
391 1050 468 1111 είς
502 1049 1022 1119 στρατηγικωτάτην
1071 1050 1268 1121 βουλὴν
1321 1053 1416 1105 καὶ
1449 1052 1751 1122 παράταξιν

1858 1055 2195 1108 rebellionem
2249 1055 2504 1108 multatus
2549 1055 2740 1117 oculis,
2775 1055 3206 1111 censultissimus
3237 1066 3415 1110 tamen

211 1140 484 1201 δεινότατος
507 1139 617 1192 τῶν
639 1139 850 1192 πολλῶν
873 1141 968 1194 καὶ
991 1141 1380 1205 ποικιλώτατος
1401 1144 1748 1214 ἑγνωρίζετο.

1858 1147 2028 1200 adhuc
2067 1146 2378 1199 bellicarum
2418 1161 2596 1199 rerum
2636 1163 2650 1199 :
2692 1146 2762 1199 ita
2799 1156 2856 1198 ut
2886 1161 2950 1199 eo
2983 1163 3140 1200 nemo
3181 1149 3418 1202 circum-

215 1229 379 1292 Ὅπως
403 1229 459 1282 δὲ
491 1228 602 1282 τῶν
630 1230 896 1299 ὀμμάτων
925 1231 953 1282 6
983 1233 1480 1301 πριμνημονευθεὶς
1507 1233 1551 1265 ⁸⁸
1578 1234 1751 1302 Βρυέ-

1858 1238 2113 1303 spectius,
2155 1250 2312 1289 nemo
2349 1236 2553 1290 certius
2581 1238 2646 1290 de
2677 1237 2964 1289 momentis
2993 1237 3318 1303 praeliorum.
3352 1238 3418 1293 de

211 1338 304 1383 νιος
352 1321 693 1392 ἀπεστέρητο
741 1322 809 1375 δι’
861 1323 1204 1376 ἀποστασίαν
1283 1325 1314 1397 ἦ
1381 1325 1750 1380 ἐπανάστασιν

1858 1327 1983 1381 aciei
2021 1326 2215 1391 forma,
2266 1329 2333 1380 de
2380 1336 2489 1380 tota
2546 1327 2757 1381 ratione
2815 1327 3091 1392 multiplici
3161 1342 3223 1382 ac
3267 1327 3416 1380 varia

211 1412 329 1466 κατὰ
357 1412 444 1464 τοῦ
467 1413 866 1483 αὐτοκράτορος
900 1415 1277 1481 Βοτανειάτου,
1311 1417 1406 1469 καὶ
1440 1417 1543 1482 ὅτι,
1599 1418 1751 1486 παρά

1858 1419 2100 1472 trahendi
2142 1418 2496 1486 patrandique
2530 1418 2652 1471 belli
2685 1419 3007 1470 sententiam
3041 1418 3263 1470 diceret.
3299 1419 3417 1483 Quo

210 1503 288 1556 τοῦ
335 1504 618 1573 Κομνηνοῦ
663 1505 902 1570 Ἀλεξίου
956 1509 1076 1561 τότε
1130 1509 1370 1577 μεγάλου
1425 1510 1748 1576 δομεστίκου

208 1595 539 1663 τυγχάνοντος
563 1595 670 1648 τῶν
697 1596 931 1651 δυτικῶν
975 1614 1036 1650 τε
1089 1599 1183 1651 καὶ
1217 1599 1551 1652 ἀνατολικῶν
1582 1617 1748 1670 στρα-

210 1685 465 1753 τευμάτων
519 1689 906 1757 κατασχεθεὶς,
940 1689 1016 1758 τῷ
1065 1690 1303 1760 Βορίλλῳ
1337 1691 1606 1761 παρεδόθη
1650 1693 1749 1754 τὰς

208 1776 334 1846 ﬁdet;
364 1777 622 1843 ἀϐλασεῖς
649 1779 810 1850 ἔχων,
843 1782 969 1845 τοὺς
1001 1782 1285 1848 ἐθέλοντας
1313 1784 1738 1856 λεπτομερέστεο

211 1885 287 1937 ρον
337 1871 547 1939 μαθεῖν.
582 1872 1034 1942 παραπέμπομεν
1071 1874 1152 1937 εἰς
1185 1875 1276 1928 τὸν
1313 1876 1574 1945 μέγιστον
1607 1878 1746 1929 Καί-

212 1977 352 2031 σαρι.
395 1961 449 2016 ὐ
475 1963 588 2034 γὰρ
639 1965 854 2034 Καίσαρ
883 1958 1037 2028 οὗτος
1085 1964 1180 2020 τοῦ
1218 1967 1315 2036 μὲν
1362 1967 1599 2032 Ἀλεξίου
1645 1970 1743 2038 ιἤδη

209 2054 264 2106 τὶ
300 2055 576 2122 Ῥωμαίων
605 2057 879 2119 διέποντος
901 2057 1178 2128 σκῆπτρα,
1207 2058 1458 2128 γαμϐρὸς
1482 2061 1745 2126 ἐγεγόνει,

209 2143 288 2196 τοῦ
313 2145 362 2198 δὲ
389 2147 644 2215 Βρυενίου
678 2148 886 2200 ἐκείνου
917 2149 1188 2216 ἀπόγονος
1216 2149 1348 2218 (87).
1391 2149 1534 2202 Ἀλλ’
1561 2151 1747 2202 ἐνταυ-

211 2234 280 2286 θοῖ
303 2237 554 2305 γενομένη
588 2240 886 2309 συνέχομαι
921 2242 1019 2311 τὴν
1048 2240 1248 2310 ψυχὴν,
1276 2240 1372 2294 τοῦ
1421 2241 1516 2294 καὶ
1543 2241 1748 2303 πάθους

210 2325 575 2398 ἑμπίμπλαμαι
606 2330 672 2382 ⁸⁷.
705 2330 874 2398 Σοφὸς
905 2330 1002 2399 μὲν
1025 2333 1134 2402 γὰρ
1166 2331 1263 2402 τὴν
1299 2332 1528 2400 γνώμην
1561 2327 1628 2402 ἦν
1656 2325 1746 2383 οὗ·

210 2433 286 2478 τος
328 2421 354 2472 6
395 2420 556 2491 ἀνὴρ,
596 2421 810 2474 καὶτὸν
865 2423 1021 2490 λόγον
1057 2424 1385 2493 σοφώτατος.
1419 2424 1601 2476 Πάντα
1638 2424 1747 2493 γὰρ

211 2511 289 2561 καὶ
337 2511 508 2581 ῥώμη,
570 2513 668 2566 καὶ
726 2514 907 2584 τάχος,
943 2514 1036 2568 καὶ
1100 2516 1294 2578 κάλλος
1327 2514 1598 2585 σώματος,
1654 2516 1748 2567 καὶ

211 2599 370 2662 ἁπλῶς
396 2605 449 2664 ὲς
479 2604 680 2656 ταυτὸν
706 2603 751 2635 ⁸⁸
786 2605 1104 2658 συνελθόντα
1136 2607 1236 2659 ὅσα
1286 2606 1466 2676 ψυχῆς
1510 2606 1605 2658 καὶ
1640 2605 1747 2659 σώ-

213 2710 354 2759 ματος
376 2695 550 2762 ἀγαθά
579 2696 672 2749 τὸν
697 2697 866 2768 ἀνδρα
891 2699 1097 2752 ἐκεῖνον
1123 2701 1449 2768 ἐκόσμησεν.
1479 2701 1615 2752 Ἕνα
1638 2699 1748 2770 γὰρ

209 2785 348 2838 αὑτὸν
379 2789 432 2841 ὲν
483 2790 605 2853 τοῖς
639 2789 841 2843 ἅπασιν
868 2789 1196 2859 ὲξοχώτατον
1226 2790 1320 2843 καὶ
1347 2791 1379 2856 ἡ
1431 2788 1593 2856 φύσις
1623 2792 1749 2844 ἀνε-

212 2876 469 2946 ϐλάττησε,
501 2880 604 2932 καὶ
635 2881 664 2932 6
697 2879 829 2944 Θεὸς
881 2881 1305 2951 ἐδημιούργησε.
1361 2882 1471 2934 Καὶ
1501 2877 1611 2934 οἷον
1658 2881 1750 2934 τὸν

223 2966 435 3034 Ἀχιλλέα
487 2968 737 3037 ὕμνησεν
764 2970 1011 3039 Ὄμηρος
1041 2971 1099 3022 ὲν
1128 2973 1238 3035 τοῖς
1266 2971 1534 3041 ἀρχαίοις,
1574 2969 1751 3024 τοιοῦ-

1854 1511 1939 1565 ille
1968 1526 2095 1564 casu
2127 1510 2388 1578 cujusque
2413 1510 2562 1579 jussu
2601 1522 2665 1562 ac
2697 1523 2856 1559 manu
2908 1507 3274 1560 calamitatem
3309 1522 3416 1558 c.12-

1851 1603 2039 1657 eitatis
2065 1603 2315 1655 inciderit
2341 1641 2355 1665 ,
2392 1610 2559 1670 utque
2605 1601 2777 1669 ipsum
2800 1599 3056 1653 adversus
3085 1598 3417 1650 Botouiatem

1855 1695 2153 1764 Angustum
2178 1693 2301 1747 forti
2339 1709 2460 1748 cum
2487 1695 2726 1748 exercitu
2757 1707 2865 1744 rem
2896 1700 3167 1760 gerentem
3198 1689 3416 1743 Alexius

1858 1796 1982 1840 tunc
2010 1800 2234 1854 magnus
2259 1785 2581 1838 domesticus
2608 1789 2661 1836 et
2689 1782 2857 1850 c0piis
2881 1780 3158 1833 orientalis
3180 1779 3422 1847 occidui-

1855 1894 1956 1946 que
1982 1879 2168 1932 limitis
2201 1877 2525 1946 praepositus
2569 1875 2686 1928 acie
2719 1874 2918 1926 victum
2969 1881 3294 1940 captumque
3318 1869 3420 1921 Bo-

1856 1971 1954 2024 rilo
1992 1969 2295 2032 tradiderit,
2351 1968 2484 2021 nihil
2532 1967 2708 2021 adhuc
2745 1965 2795 2017 in
2841 1963 3013 2017 oculis
3073 1964 3282 2025 lassum,
3325 1963 3416 2028 qui

1855 2077 2016 2117 nosse
2041 2060 2348 2114 distinctius
2377 2057 2668 2128 cupierint.
2705 2071 2798 2110 eos
2822 2056 2886 2107 ad
2913 2054 3204 2108 maximum
3230 2052 3416 2106 remit-

1823 2157 1826 2160 ’
1855 2153 2015 2206 timus
2042 2151 2337 2213 Cresarem,
2372 2149 2460 2218 qui
2484 2148 2660 2202 Alexii
2683 2145 2926 2215 ejusdem
2963 2143 3154 2198 deinde
3191 2141 3416 2211 Augusti

1854 2256 2019 2310 gener
2057 2243 2175 2306 fuit,
2221 2241 2472 2310 idemque
2513 2238 2726 2309 Bryenii
2785 2236 2942 2290 istius
2978 2249 3166 2303 nepos.
3219 2234 3417 2287 Verum

1854 2336 1970 2390 haec
2017 2323 2342 2388 memoranti
2373 2329 2682 2400 scriptionis
2715 2326 3050 2396 propositum
3079 2325 3273 2378 excidit
3297 2364 3311 2386 ,
3364 2332 3422 2378 et

1855 2425 2013 2478 unius
2040 2423 2328 2477 mentiOuis
2359 2420 2634 2474 admonitu
2676 2417 2969 2472 revolvitur
3003 2417 3054 2468 in
3097 2415 3418 2468 familiarem

1855 2515 2057 2571 luctum
2090 2513 2240 2585 gravi
2274 2511 2543 2568 desiderio
2576 2513 2680 2564 icta
2713 2525 2884 2564 mens.
2934 2508 3048 2561 Heu
3081 2505 3240 2575 quale
3273 2505 3419 2556 colu-

1855 2624 1975 2662 men
2006 2616 2380 2677 quantumque
2428 2605 2584 2659 nobis
2635 2605 2800 2658 decus
2852 2603 2905 2656 in
2963 2600 3179 2656 Caesare
3232 2607 3423 2652 nostro

1855 2701 2186 2755 subtractum
2221 2707 2322 2760 est,
2362 2698 2477 2750 viro
2521 2697 2572 2748 in
2601 2710 2756 2764 quem
2791 2692 3050 2760 sapientia
3081 2702 3134 2745 et
3168 2690 3424 2756 eloquen-

1859 2793 1952 2857 tia,
1983 2792 2171 2854 robur,
2207 2789 2437 2859 agilitas,
2485 2787 2677 2849 forma,
2725 2789 2862 2841 bona
2915 2782 3155 2851 corporis
3220 2781 3424 2848 pariter

1857 2887 2113 2940 universa
2159 2897 2281 2936 cum
2317 2880 2568 2935 omnibus
2617 2893 2724 2932 una
2757 2876 2915 2931 simul
2950 2874 3170 2930 dotibus
3231 2871 3422 2935 animi,

1857 2977 2044 3050 quales
2070 2976 2291 3045 singula:
2321 2973 2558 3042 singulos
2588 2970 2800 3024 abunde
2819 2967 3262 3022 commendarent
3297 2976 3422 3016 rara

210 3073 285 3108 τον
307 3059 364 3112 ἄν
390 3077 471 3123 τις
526 3057 658 3114 εἷπε
689 3061 782 3115 τὸν
812 3061 942 3132 ἐμὸν
977 3063 1227 3133 Καίσαρα
1273 3065 1330 3115 ὲν
1361 3066 1472 3126 τοῖς
1525 3064 1632 3117 ὑπὸ
1661 3064 1751 3117 τὸν

1858 3069 2218 3126 consensione
2248 3073 2635 3122 convenerant.
2669 3063 2818 3119 Unus
2849 3061 3010 3131 plane
3045 3061 3090 3115 is
3130 3070 3242 3115 erat
3274 3065 3327 3111 in
3370 3057 3421 3109 id

211 3147 334 3217 ἥλιον
376 3151 583 3206 ἅπασιν
617 3153 1024 3224 ἀναπεφηνότα.
1057 3150 1224 3217 Οὗτος
1249 3154 1432 3208 τοίνυν
1461 3157 1488 3208 6
1536 3156 1752 3225 Καῖσαρ

213 3242 288 3294 καὶ
314 3243 375 3296 τὰ
408 3244 780 3317 στρατιωτικά
835 3243 1078 3313 γεγονὼς
1133 3246 1352 3316 ἄριστος
1416 3247 1518 3299 οὐκ
1555 3246 1754 3316 ἀμελε-

212 3332 360 3400 τήτως
384 3335 503 3406 ἔσχε
540 3337 683 3406 πρὸς
726 3336 936 3404 λόγους.
984 3337 1147 3391 Ἀλλά
1194 3339 1373 3391 πᾶσαν
1408 3337 1590 3408 βίϐλον
1619 3341 1751 3392 ἀνα-

213 3425 543 3496 πτυξάμενος,
599 3428 696 3481 κα)⁸
726 3430 806 3490 είς
835 3430 1018 3482 πᾶσαν
1065 3430 1381 3500 ἐπιστήμην
1421 3431 1754 3500 ἐγκεκυφὼς

214 3516 382 3586 πολλὴν
435 3521 635 3589 σουίαν
679 3520 889 3573 ἐκεῖθεν
925 3519 1188 3590 ἠρύσατο,
1231 3522 1333 3591 ὅση
1371 3539 1430 3574 τε
1483 3523 1750 3592 ἡμετέρα.

218 3607 293 3658 καὶ
334 3607 426 3676 ὅση
485 3609 624 3665 ποτὲ
659 3609 757 3678 οὐχ
793 3609 1056 3681 ἡμετέρα.
1100 3610 1366 3682 ’Ὕστερον
1397 3611 1452 3664 δὲ
1497 3612 1589 3665 καὶ
1617 3612 1753 3681 προς

215 3703 502 3768 συγγραφὰς
540 3701 811 3766 ἐξέδωκεν
840 3702 1052 3764 ἑαυτὸν,
1077 3703 1172 3754 καὶ
1203 3703 1266 3771 δὴ
1293 3702 1385 3756 καὶ
1411 3701 1754 3772 σύγγραμμα

213 3789 260 3854 ἑξ
296 3792 545 3864 ἐπιταγῆς
583 3793 682 3862 τῆς
727 3792 866 3860 ἐμῆς
901 3793 1210 3856 δεσπότιδος
1270 3795 1363 3846 καὶ
1392 3795 1616 3863 μητρὸς,
1657 3794 1755 3861 τῆς

215 3877 467 3950 βασιλίδος,
508 3883 682 3953 φημὶ,
724 3883 982 3953 Εἰρήνης,
1032 3884 1342 3954 ὲσχεδίασεν
1393 3885 1544 3950 ἀξιον
1595 3884 1752 3949 λόγου

215 3974 290 4026 καὶ
343 3976 744 4044 ἀναγνώσεως,
795 3978 1037 4043 ἱστορίαν
1096 3975 1437 4045 συντεταχὼς
1492 3977 1601 4028 τῶν
1651 3977 1756 4045 πρὸ

213 4066 290 4130 τοῦ
316 4069 678 4136 ἀναδήσασθαι
707 4069 806 4131 τὰς
845 4069 944 4136 τῆς
973 4067 1249 4136 βασιλείας
1297 4067 1453 4136 ἡνίας
1501 4067 1756 4138 πράξεων

213 4153 385 4220 τούμοῦ
417 4157 649 4226 πατρὸς,
683 4157 740 4208 ἐν
847 4155 912 4209 τὰ
957 4157 1100 4209 κατά
1127 4155 1218 4208 τὸν
1253 4155 1504 4226 Βρυένιον
1533 4157 1757 4226 ἀκρισέο

218 4258 377 4313 στερον
401 4248 776 4318 ἐπεξέρχεται.
825 4248 938 4300 Καὶ
983 4245 1116 4315 ὁμοῦ
1148 4247 1246 4308 τάς
1274 4263 1334 4299 τε
1359 4244 1454 4298 τοῦ
1489 4246 1755 4316 προγόνου

218 4339 473 4408 συμφορὰς
520 4340 599 4402 ὡς
628 4337 843 4408 ἀληθῶς
873 4338 1216 4408 ἀφηγήσατο,
1231 4337 1331 4390 ’καὶ
1379 4337 1477 4400 τάς
1505 4338 1600 4390 τοῦ
1627 4355 1753 4390 πεν-

1857 3177 1885 3216 a
1920 3171 2109 3215 natura
2143 3161 2342 3224 editus,
2376 3172 2405 3211 a
2442 3157 2550 3212 Deo
2593 3155 2770 3217 nctus,
2803 3167 2864 3209 ut
2907 3155 3146 3208 omnimu
3194 3152 3246 3202 in
3277 3146 3421 3202 omni

1856 3268 2052 3323 genere
2117 3250 2620 3320 przestantissimus,
2680 3249 2881 3302 variam
2919 3249 3024 3300 vim
3080 3259 3142 3298 ac
3197 3242 3422 3295 formam

1856 3345 2188 3400 diversarum
2220 3342 2436 3396 laudum
2465 3340 2693 3410 exempli
2729 3340 2891 3393 unius
2939 3337 3074 3390 miro
3103 3331 3424 3402 compendio

1857 3435 2170 3504 colligeret,
2204 3447 2302 3487 nec
2333 3433 2514 3486 dicere
2531 3429 2888 3484 dubitaverim
2913 3427 3126 3498 qualem
3159 3439 3222 3476 ac
3253 3437 3428 3489 quan-

1859 3534 1971 3578 tum
2008 3522 2274 3577 Homerus
2317 3520 2612 3577 celebravit
2657 3518 2916 3572 Achillem
2977 3517 3117 3568 inter
3165 3512 3423 3575 Graecos,

1859 3613 2016 3667 talem
2045 3627 2256 3676 revera,
2296 3612 2571 3681 nihiloque
2603 3608 2908 3663 inferiorem
2952 3605 3224 3661 Caasarem
3253 3605 3428 3656 exsti-

1860 3707 1990 3760 tisse
2023 3720 2202 3758 meum
2236 3705 2379 3758 inter
2409 3718 2597 3758 omnes
2629 3701 2718 3769 qui
2765 3703 2863 3755 sub
2886 3699 3001 3754 sole
3031 3697 3242 3750 vivunt.
3279 3692 3424 3746 Idem

1858 3795 2064 3850 bellicis
2089 3804 2270 3863 aptus,
2295 3794 2438 3848 idem
2483 3791 2785 3859 tranquillis
2844 3788 3073 3842 artibus.
3137 3785 3426 3839 Dubitarcs

1857 3887 2099 3956 magisne
2159 3886 2227 3940 ad
2268 3895 2442 3953 togam
2475 3897 2543 3936 an
2578 3882 2643 3936 ad
2668 3881 2915 3935 militiam
2943 3889 3102 3931 natus
3129 3876 3424 3927 videretur.

1859 3977 1964 4030 Par
1994 3976 2264 4046 ingenium
2299 3975 2478 4029 robori
2513 3993 2528 4028 :
2561 3989 2659 4029 nec
2689 3970 2968 4027 contentio
2991 3979 3083 4022 aut
3115 3965 3424 4023 constantia

1859 4068 2042 4137 dispar
2066 4067 2115 4120 in
2145 4065 2406 4120 utriusvis
2437 4065 2783 4118 meditatione
2839 4062 3076 4116 virtutis.
3113 4058 3282 4112 Nemo
3335 4056 3428 4108 illo

1861 4157 2059 4218 tritior,
2115 4171 2274 4211 nemo
2304 4156 2578 4210 subactior
2614 4155 2667 4209 iu
2697 4153 2842 4208 omni
2875 4153 3250 4222 experimento
3284 4147 3429 4200 mili-

1863 4248 1998 4303 taris
2030 4247 2342 4310 (unctionis,
2369 4247 2434 4300 ad
2461 4261 2622 4315 quam
2649 4257 2702 4299 et
2732 4244 2887 4299 unice
2931 4243 3107 4297 factus
3136 4239 3386 4294 audiebat
3412 4254 3428 4300 ;

1867 4355 2026 4395 nemo
2050 4353 2240 4394 rursus
2265 4340 2455 4395 eodem
2488 4339 2541 4392 in
2563 4337 2861 4407 disciplinis
2883 4333 3252 4396 exercitatior,
3275 4345 3431 4384 nemo

218 4425 350 4496 θεροῦ
401 4430 684 4500 ἀριστείας
729 4429 1058 4498 συνέγραψε,
1099 4431 1196 4482 καὶ
1221 4429 1321 4482 οὐκ
1369 4428 1436 4482 ἂν
1465 4429 1751 4498 ἐψεύσατο,

1861 4433 1928 4486 ab
1959 4433 2262 4499 eloquentia
2304 4429 2566 4500 paratior.
2606 4428 2775 4495 Quem
2801 4427 2890 4481 ille
2921 4426 3116 4479 librum
3150 4437 3254 4476 non
3286 4420 3432 4473 evol-

219 4521 394 4590 καίπερ
415 4523 458 4556 ⁸⁸
488 4524 693 4593 ἀμφοῖν
720 4521 795 4585 ὡς
820 4521 914 4574 τοῦ
947 4522 1048 4590 μὲν
1078 4521 1392 4588 ἀγχιστεὺς.
1421 4519 1514 4573 τοῦ
1541 4521 1598 4573 δὲ
1631 4520 1756 4572 καθ’

217 4604 333 4676 αἷμα
362 4617 673 4685 προσήκων.
698 4614 808 4667 Καὶ
835 4613 1108 4682 μέμνηται
1139 4609 1518 4684 [μεμνήμεθα]
1550 4611 1756 4665 τούτων

217 4702 304 4754 κᾶν
329 4707 432 4767 τοῖς
469 4705 755 4774 προτέροις
783 4703 961 4772 λόγοις
989 4704 1153 4772 τῆσδε
1204 4701 1488 4772 Ἱστορίας.
1567 4723 1582 4737 ’

1860 4525 2054 4576 verat?
2089 4522 2143 4577 in
2177 4537 2338 4591 quam
2372 4521 2634 4576 doctrina:
2677 4528 2883 4589 partem
2944 4531 3048 4570 non
3108 4528 3167 4567 se
3217 4511 3431 4580 penitus

1864 4613 2495 4681 immiserathuantam
2539 4625 2666 4665 vero
2718 4610 2843 4663 inde
2898 4604 3177 4673 sapientiae
3233 4607 3434 4653 nostrae

1883 4704 2090 4774 pariter
2115 4712 2170 4758 et
2204 4711 2440 4757 externte
2470 4701 2659 4753 hausta
2687 4699 2737 4751 in
2779 4712 2838 4751 se
2883 4696 3099 4749 ﬂumina
3125 4692 3405 4744 corrivave
3424 4713 3436 4726 -

220 4794 328 4846 rat?
355 4794 574 4852 Exslant
597 4796 918 4850 documenta
951 4793 1274 4849 eruditionis
1303 4793 1458 4862 ejus;
1494 4793 1797 4848 contulerat
1835 4799 1976 4849 enim
2009 4793 2402 4863 posterioribus
2425 4791 2752 4858 temporibus
2781 4802 2903 4842 sese
2965 4787 3030 4839 ad
3061 4781 3431 4838 scribendum.

219 4880 437 4955 interque
483 4887 585 4941 alia
619 4888 832 4941 hortatu
880 4886 1108 4940 domina:
1139 4899 1200 4940 ac
1229 4885 1417 4940 matris
1450 4900 1580 4940 mem
1613 4885 1973 4954 imperatricis
2004 4885 2186 4940 lrenes
2210 4898 2347 4953 opus
2380 4883 2523 4937 lectu
2603 4896 2666 4936 ac
2715 4879 2875 4934 laude
2959 4877 3178 4945 dignum
3243 4874 3433 4928 elucu-

1243 5000 1441 5062 νοτία)
1483 5000 1788 5063 lectiones
1831 5019 1908 5063 ex
1940 5001 2078 5065 cod.
2111 5000 2378 5063 Coisliu.

298 5106 536 5178 ⁸⁸φησίν.
610 5109 654 5140 ⁸⁸
689 5103 1216 5180 προμνημονευθείς.
1293 5104 1338 5136 ⁸⁷
1363 5105 1460 5159 καὶ
1499 5105 1726 5170 πένθους
1767 5106 2144 5176 ὲμπίπλαμαι.
2221 5105 2266 5136 ⁸⁸
2293 5102 2481 5156 ταυτό.
2556 5101 2601 5134 ⁶⁹
2633 5099 2727 5153 καὶ
2755 5098 2910 5167 περί.

1245 5220 1386 5283 Car.
1431 5219 1763 5284 Dufresnii
1796 5224 1896 5286 Du
1929 5221 2150 5302 Cangii
2195 5225 2386 5282 notua.

255 5322 383 5399 ,(87)
432 5326 778 5399 'Agzdroroc.
831 5326 1120 5397 Nicepliori
1162 5324 1403 5396 Bryenii,
1449 5325 1541 5399 qui
1574 5334 1764 5399 ιςι-ίδη-

223 5395 384 5470 fidem
439 5395 712 5470 all'ectavit
756 5395 1036 5452 Botaniata
1083 5395 1430 5470 imperante,‘
1473 5395 1615 5470 illius
1658 5396 1763 5452 fuit

223 5455 540 5530 Nicephorus
589 5467 792 5527 Czcsar.
849 5469 1022 5521 Anna:
1092 5455 1346 5523 maritus.
1387 5455 1432 5516 si
1489 5463 1758 5518 Zunaram

222 5529 576 5605 audimust
607 5553 764 5592 secus
795 5538 947 5590 Anna
981 5538 1094 5605 ipsa
1116 5575 1134 5598 ,
1168 5533 1360 5605 scribit
1385 5533 1530 5605 enim
1574 5535 1669 5588 lib.
1703 5550 1757 5597 χ,

224 5611 332 5676 lng-
401 5603 553 5676 2η,
626 5601 1016 5676 Νίοερῑιοιιιηῖ
1059 5603 1394 5674 Bryenium,
1461 5601 1755 5676 Nicephori

1871 5326 2096 5396 perinde
2153 5324 2452 5396 privatum‘
2485 5321 2678 5396 fuisse.
2699 5319 3018 5396 ⁸Νἰιεορῑιοιιι,
3047 5317 3263 5396 tyranni
3299 5315 3430 5396 lilii...

1873 5383 1980 5450 ἱιοιι
2015 5383 2180 5448 semel
2233 5391 2482 5447 meminit
2522 5391 2782 5461 Bryenius
2836 5383 3042 5461 Ctesar.
3072 5383 3185 5454 'qui
3221 5383 3434 5461 patricii

1868 5465 2189 5523 dignitatem
2248 5463 2297 5515 ei
2363 5454 2913 5528 videtur’assignare,
2948 5458 3040 5509 lib.
3078 5471 3158 5528 tu,
3206 5469 3326 5528 cap.
3359 5454 3430 5516 9;

1869 5534 1964 5587 lib.
2002 5550 2074 5593 tv,
2113 5548 2234 5600 cap.
2266 5531 2353 5591 l2.
2391 5531 2456 5584 l5
2485 5539 2559 5600 et,
2599 5529 2688 5582 14.
2726 5524 2862 5582 Fuit
2893 5528 3058 5600 igitur
3085 5524 3430 5600 Nicephorius

1869 5592 2344 5673 (.Izesarisly'ranni
2375 5615 2442 5656 ex
2491 5598 2603 5657 ﬁlio
2658 5613 2848 5668 nepos,
2896 5592 3040 5666 quod
3093 5592 3293 5646 evincit
3329 5604 3434 5646 vox

223 5674 421 5734 tyranni
485 5673 669 5740 lilium,
733 5673 836 5730 una
886 5691 1009 5731 cum
1072 5673 1223 5744 patre
1280 5683 1519 5742 captum,
1585 5675 1760 5729 oculis
1861 5673 2150 5742 ἀπόγονος.
