3942 6208
238 265 350 327 5ἲ5

1510 272 1919 332 ALEXIADIS
1958 273 2104 337 LIB.
2147 270 2282 337 VII.

3393 285 3499 351 546

234 381 316 442 ὡς
352 378 398 409 ⁹⁰
433 379 856 458 ἡττηθήσονται,
893 382 988 437 καὶ
1018 383 1181 454 ἡμεῖς
1210 385 1305 439 τοῦ
1344 384 1533 439 λοιποῦ
1566 386 1808 458 ὀχύρωμι

1936 404 2035 444 nos
2091 390 2380 457 lacessant,
2433 402 2642 446 certum
2689 402 2778 449 est
2831 395 3190 451 temeritatem
3240 412 3336 453 eos
3372 416 3541 492 mox1

235 471 616 540 ἐρυμνότατον
677 473 778 542 τὴν
846 475 1091 547 μεγάλην
1162 477 1359 547 ἕξομεν
1420 479 1820 547 Περισθλάὁαν.

236 564 408 626 Πόλις
459 564 514 618 δὲ
563 563 700 633 αὕτη
764 569 1075 639 περιφανὴς
1109 571 1237 640 περὶ
1288 571 1381 623 τὸν
1440 570 1655 639 Ἴστρον
1708 569 1824 623 δια.

236 655 476 726 κειμένη
535 659 664 710 ποτὲ
731 660 831 728 μὲν
885 660 999 712 οὔτ’
1057 662 1230 732 ὄνομα
1279 663 1438 717 τοῦτο
1500 664 1700 733 ἔχουσα
1758 662 1821 715 τὸ

236 744 606 815 βαρϐαρικὸν,
665 748 784 801 ἀλλ’
844 749 1229 819 Ἐλληνίζουσα
1287 755 1416 822 περὶ
1465 753 1561 824 τὴν
1611 770 1821 824 προση-

233 838 435 904 γορίαν
465 840 692 909 Μεγάλη
726 842 878 905 πόλις
915 843 1009 895 καὶ
1056 841 1191 898 οὖσα
1236 847 1329 897 καὶ
1370 845 1643 916 λεγομένη
1677 862 1690 876 °
1726 844 1826 915 ἀφ’

231 924 300 982 οὗ
352 930 408 981 δὲ
464 931 683 1000 Μόκρος
711 932 878 1004 (97)ό
907 937 1012 987 τῶν
1039 935 1365 1006 Βουλγάρων
1422 937 1677 1007 βασιλεὺς
1727 939 1823 991 καὶ

232 1021 289 1072 oi
321 1020 383 1084 ἐξ
411 1022 623 1075 ἐκείνου
675 1027 983 1096 γενόμενοι,
1043 1027 1138 1081 καὶ⁵
1194 1030 1421 1100 προσέτι
1467 1046 1531 1096 γε
1561 1030 1818 1100 Σαμουὴλ

230 1112 267 1162 ὁ
298 1112 608 1175 τελευταῖος
640 1115 736 1178 τῆς
771 1114 1146 1188 Βουλγαρικῆς
1176 1118 1514 1181 δυναστείας,
1536 1119 1817 1186 καθάπερ·

230 1204 266 1255 ὁ
324 1203 578 1269 Σεδεκίας
620 1207 729 1259 τῶν
775 1207 1064 1275 Ἰουδαίων,
1104 1211 1202 1278 τῆς
1252 1210 1489 1281 ἑσπέρας
1550 1210 1820 1279 κατέδρα-

234 1314 343 1365 μον
375 1299 443 1360 ⁸¹,
471 1297 727 1352 σύνθετον
756 1303 1031 1370 ἐκτήσατο
1079 1301 1179 1367 τὴν
1220 1306 1596 1371 προσηγορίαν
1622 1302 1730 1354 ἀπό
1756 1317 1816 1353 τε

227 1388 337 1456 τῆς
373 1390 695 1461 Ἑλληνικῆς
732 1393 1030 1463 σημασίας,
1063 1392 1290 1462 Μεγάλη
1340 1392 1815 1463 ἐπονομαζομένη,

230 1482 331 1533 καὶ
362 1483 460 1549 τὴν
479 1482 588 1535 ἀπὸ
616 1484 726 1536 τῶν
752 1484 1139 1553 Σθλασογενῶν
1162 1486 1539 1556 ὲπισυρομένη
1572 1483 1718 1549 λέξιν
1743 1484 1813 1550 θ’,

228 1572 453 1642 μεγάλη
511 1575 857 1644 Περισθλάὅα
918 1578 1259 1647 πανταχόθεν
1308 1575 1520 1637 τούτοις
1578 1574 1818 1645 φημιζο-

228 1662 398 1734 μένη.
431 1664 649 1734 Ταύτην
676 1667 855 1719 τοίνυν
895 1669 1277 1739 κρησφύγετον
1308 1667 1549 1739 ἔχοντες,
1588 1667 1636 1718 οί
1669 1665 1813 1735 ἀμφὶ

1931 480 2185 546 praesenti
2216 480 2365 534 clade
2386 481 2636 536 luiturus.
2669 483 2777 537 Nos
2812 496 3014 550 autem,
3048 489 3319 544 tutissimo
3347 480 3541 567 dein-7

1929 581 2057 636 ceps
2087 568 2226 631 loco.
2260 586 2454 639 magna
2506 573 2661 640 potiti
2707 572 3065 640 Peristhlaba,
3105 577 3323 633 civitate
3374 595 3498 633 mu-
3533 574 3545 671 ἶ

1931 658 2221 723 uilissima,
2253 676 2338 714 res
2375 676 2605 730 spesque
2642 673 2855 717 nostras
2889 666 3228 721 habebimus.
3263 669 3351 723 Est
3387 671 3499 725 haec
3538 658 3546 684 ⁵

1931 749 2061 800 urbs
2108 747 2249 801 inter
2298 750 2435 804 lstro
2482 752 2892 820 circumpositas
2933 755 3126 809 nubilis
3177 757 3230 810 in
3288 760 3495 827 paucis,

1932 833 2085 889 Tunc
2132 840 2346 905 quidem
2379 840 2481 893 isto
2517 840 2753 896 Barbare
2792 844 2934 911 quod
2976 845 3285 912 retulimus,
3314 847 3494 902 defur-

1933 937 2077 980 mata
2114 929 2398 995 vocabulo,
2451 930 2691 985 Graecam
2736 944 2916 988 tamen
2971 952 3035 989 ex
3083 951 3209 991 vero
3257 940 3491 1007 appella-

1927 1020 2127 1074 tionem
2181 1023 2432 1077 obtincns
2487 1023 2857 1095 Megalopolis,
2916 1043 3036 1094 qua:
3102 1030 3339 1085 civitatis
3395 1032 3494 1101 ipsi

1929 1128 2136 1180 magna:
2174 1113 2386 1167 titulum
2439 1118 2631 1169 merito
2668 1118 2924 1181 vindicat,
2976 1128 3062 1172 est
3108 1120 3251 1173 enim
3308 1135 3494 1176 revera

1929 1206 2071 1257 talis.
2105 1205 2181 1258 Ex
2229 1220 2337 1274 quo
2375 1219 2555 1262 autem
2608 1212 2823 1265 Murrus
2873 1213 3226 1282 Bulgarorum
3274 1230 3388 1279 rex,
3441 1225 3493 1269 et

1925 1294 2017 1363 qui
2048 1311 2112 1350 ex
2144 1297 2232 1350 illo
2267 1297 2437 1363 luere,
2477 1310 2701 1369 postque
2741 1304 2836 1356 hos
2863 1304 3102 1368 Samuel,
3140 1306 3227 1372 qui
3273 1306 3493 1360 ultimus

1926 1387 2169 1455 Bulgaris
2197 1392 2461 1459 regnavit,
2497 1401 2551 1446 ut
2585 1395 2836 1448 Sedccias
2868 1394 3087 1459 Judacis,
3138 1396 3295 1465 195
3344 1400 3481 1453 occi-

1925 1476 2088 1532 duum
2118 1481 2466 1537 incursavere
2503 1484 2723 1537 limitem
2753 1500 2768 1537 :
2798 1501 2990 1540 nomen
3020 1485 3106 1539 isti
3144 1488 3264 1541 urbi
3292 1488 3489 1541 factum

1924 1581 2005 1625 est
2030 1574 2223 1639 partim
2257 1589 2321 1627 ex
2358 1573 2543 1627 Graeco
2576 1577 2744 1631 veteri
2772 1580 3154 1647 compesitum,
3194 1581 3386 1649 partim
3423 1595 3490 1632 ex

1922 1664 2234 1717 colonorum
2266 1665 2558 1719 recentium
2596 1684 2625 1720 a
2666 1668 2901 1722 Sthlavis
2933 1686 3102 1737 genus
3135 1672 3485 1733 trahentium,

225 1753 327 1805 τὸν
392 1755 918 1825 Μαυροκατακαλὼν
980 1757 1190 1826 ἔλεγον,
1260 1759 1353 1809 καὶ
1412 1755 1685 1824 ὁσημέραι
1748 1751 1808 1804 δι¹

1918 1755 2104 1823 gentili
2139 1757 2378 1819 nomine,
2425 1768 2483 1810 ut
2511 1756 2701 1828 Magna
2742 1760 3079 1815 Peristhlaba
3121 1764 3318 1830 passim
3348 1763 3489 1831 apud

226 1846 653 1917 ἀκροϐολισμῶν
677 1852 788 1913 τοῖς
824 1849 1061 1911 Σκύθαις
1094 1847 1552 1919 προσϐάλλοντες,
1577 1844 1637 1898 ού
1670 1853 1808 1897 παυ-

1917 1857 2105 1916 gentes
2138 1848 2553 1917 circumpositas
2582 1836 2693 1919 jam
2740 1853 2942 1907 audiat.
2989 1853 3066 1907 Ex
3118 1855 3220 1909 hac
3269 1855 3489 1909 civitate

225 1936 445 2002 σόμεθα
495 1938 823 2009 ζημιοῦντες
868 1940 1091 2003 αὐτοὺς,
1139 1939 1385 2010 μηδὸλως
1433 1936 1661 1999 τούτους
1712 1936 1808 2003 τῆς

1918 1946 2173 2005 tanquam
2207 1952 2273 1992 ex
2317 1949 2430 1994 tuto
2481 1943 2820 2010 receptaculo
2864 1944 3163 2013 (inqaiebat
3205 1944 3487 1999 Manrnca-

224 2027 444 2089 οἱκεέας
512 2029 874 2099 παρεμϐολῆς
927 2029 1313 2100 χορταγωγὶας
1375 2026 1540 2097 χάριν
1610 2025 1643 2095 ἢ
1711 2024 1808 2092 τῆς

1917 2027 2091 2081 tacalo
2113 2037 2167 2081 et
2189 2030 2281 2097 qui
2309 2043 2431 2084 cum
2456 2044 2520 2085 eo
2542 2031 2868 2103 sentiebant)
2894 2035 3133 2102 quotidie
3161 2034 3486 2102 prodeuntes

219 2118 338 2170 τῶν
400 2120 680 2189 χρειωδῶν
744 2121 1083 2191 συγκομιδῆς
1137 2119 1554 2190 συγχωροῦντες
1617 2116 1808 2187 ἐξελη-

1918 2118 2270 2174 velitabitnur
2322 2136 2443 2175 cum
2500 2122 2739 2194 Scythis,
2794 2139 3184 2195 carpemusque
3227 2128 3371 2195 ipsos
3420 2141 3487 2180 ac

218 2206 471 2265 λνθέναι.
1918 2209 2259 2278 fatigabitnus
2284 2213 2523 2280 assidue,
2555 2215 2756 2269 nullum
2782 2216 2889 2269 illis
2915 2232 3068 2271 usum
3101 2216 3482 2284 pabulationis,

226 2302 549 2372 lignationis
615 2316 708 2358 aut
781 2305 1007 2361 alterius
1064 2319 1294 2360 annona:
1357 2298 1811 2372 comportatiouis
1849 2297 2077 2355 liberum
2109 2303 2397 2360 sinentes:
2435 2307 2560 2361 dum
2595 2322 2689 2361 eos
2755 2309 2846 2378 qui
2884 2307 3074 2363 harum
3139 2322 3319 2363 rerum
3358 2322 3484 2377 gra-

228 2396 306 2447 tia
362 2395 637 2461 paululum
696 2397 894 2451 castris
942 2397 1183 2465 ipsorum
1234 2395 1602 2465 processerint
1661 2391 1803 2447 haud
1845 2392 2004 2447 dubie
2033 2394 2502 2452 obtruncabimus.

300 2486 526 2538 Τούτων
555 2485 647 2538 οὖν
677 2486 786 2538 τῶν
834 2487 1011 2550 λόγων
1064 2487 1428 2556 τριϐομένων,
1500 2483 1807 2543 ἀποὸάντες

222 2581 276 2631 οἱ
310 2578 407 2631 τοῦ
442 2579 731 2645 Διογένους
756 2580 864 2632 υἱοὶ
889 2580 998 2634 τῶν
1029 2578 1313 2648 σφετέρων
1342 2579 1529 2631 ἵππων
1550 2569 1637 2629 οἷα
1667 2576 1802 2640 νέοι,

225 2672 328 2723 καὶ
358 2669 461 2738 τῆς
487 2671 595 2724 τῶν
618 2670 800 2740 μόθων
832 2672 1135 2739 κακότητος
1173 2671 1430 2738 ἄγευστοι
1481 2668 1508 2721 ὃ
1545 2684 1606 2720 τε
1632 2667 1807 2735 Νικη-

222 2765 404 2833 (popa;
442 2764 537 2817 καὶ
574 2765 602 2816 ὁ
643 2764 796 2817 Λέων
834 2764 961 2826 τοὺς
994 2763 1247 2833 χαλινοὺς
1302 2760 1807 2830 ἁφελόμενοι,πλή-
1845 2743 1851 2751 ’

224 2857 427 2920 guns;
466 2872 527 2908 τε
568 2857 763 2918 αὐτοὺς
824 2857 968 2910 κατὰ
1027 2857 1136 2909 τῶν
1194 2856 1446 2923 κέγχρων
1513 2851 1805 2922 ἐξήλασαν,

220 2950 577 3013 ἐπειπόντες,
602 2948 692 3016 Μὴ
720 2948 925 3010 δέδιθι,
963 2946 1230 3011 ,βασιλεῦ
1259 2962 1273 2977 ο
1306 2944 1476 2999 αὐτοί
1510 2944 1622 3013 γὰρ
1664 2942 1807 3008 τοὺς

222 3040 537 3103 ἀκινάκας
598 3041 978 3107 σπασάμενοι
1054 3037 1478 3106 διαμελίσομεγ
1559 3034 1802 3099 αὐτούς.

1986 2482 2082 2537 llis
2137 2484 2440 2554 talibusque
2500 2487 2843 2543 sermonibus
2898 2489 3170 2557 pendente
3219 2491 3486 2547 delibera-

1914 2575 2083 2640 tione,
2121 2575 2370 2645 Diogenis
2395 2578 2489 2632 lilii
2521 2579 2733 2635 feroces
2778 2580 3007 2648 juvenes
3059 2582 3324 2652 inexperti
3368 2600 3486 2639 ma-

1914 2662 2130 2728 lorum,
2194 2665 2516 2738 fervoreque
2573 2671 2751 2725 artatis
2810 2670 2935 2725 elati
2968 2712 2983 2735 ,
3039 2674 3193 2743 equis
3266 2687 3484 2744 repente

1916 2759 2252 2824 desilientes,
2306 2761 2490 2817 l‘raenis
2542 2777 2635 2817 eos
2688 2772 2884 2818 exutos
2937 2766 2990 2819 in
3046 2767 3182 2820 milii
3244 2779 3481 2834 segezem

1914 2859 2130 2918 pastum
2183 2851 2499 2918 admittunt,
2559 2854 2717 2907 simul
2791 2856 3170 2923 imperatorem
3218 2858 3295 2909 sic
3350 2858 3485 2912 alto—

1913 2948 2142 3007 quenles
2178 2959 2194 2997 :
2224 2940 2307 2995 Ne
2328 2942 2553 3007 dubites,
2586 2944 2839 3011 Auguste,
2886 2962 2978 2998 nos
3007 2947 3142 2998 enim
3182 2946 3480 2999 acinucibus

1912 3031 2112 3085 strictis
2132 3034 2461 3088 concidamus
2484 3034 2575 3087 Iros
2597 3033 2886 3089 Barbaros.
2917 3036 3044 3089 Erat
3064 3037 3116 3090 in
3140 3036 3480 3107 imperatoris

238 3133 299 3184 Ὀ
324 3132 383 3183 δὲ
416 3130 675 3200 βασιλεὺς
723 3130 1227 3200 φιλοκινδυνότατος
1267 3129 1344 3184 ῶν
1381 3128 1475 3183 καὶ
1518 3129 1806 3201 προαρπά-

1917 3136 2131 3193 pectore
2176 3123 2368 3191 ipsius,
2420 3125 2514 3195 qui
2552 3125 2769 3181 ferocia:
2799 3126 3198 3182 adulescentum
3244 3130 3478 3192 faveret,

225 3225 346 3286 ζειν
384 3220 647 3290 πεφυκὼς
679 3223 778 3286 τὰς
815 3223 1019 3293 μάχας,
1048 3223 1159 3276 οὐδ’
1193 3224 1277 3286 είς
1336 3221 1463 3276 νοῦν
1505 3222 1642 3284 ὅλως
1698 3221 1806 3273 τῶν

1917 3213 2108 3268 sitnilis
2143 3213 2376 3281 impetus
2405 3217 2802 3271 consuetudine
2848 3216 3078 3271 audendi
3112 3221 3369 3287 nutritus,
3411 3219 3480 3273 ad

225 3315 611 3384 ἀπειργόντων
644 3314 806 3367 αὐτὸν
841 3317 972 3377 τοὺς
1004 3314 1196 3382 λόγους
1230 3313 1508 3380 ἐϐάλλετο,
1542 3312 1679 3368 ἀλλὰ
1707 3312 1808 3383 τὴν

1917 3306 2221 3373 occupanda
2271 3305 2577 3375 praeliorum
2627 3306 2868 3375 pericula
2914 3318 3105 3376 sponte
3140 3309 3476 3377 prominens.

228 3404 521 3476 βασιλικὴν
544 3406 770 3475 σκηνὴν,
796 3406 891 3457 καὶ
920 3406 1021 3469 τὰς
1059 3405 1259 3468 σκευὰς
1288 3406 1508 3467 ἁπάσας
1534 3403 1700 3458 ἀναθέ
1711 3421 1807 3475 με·

1917 3396 2038 3450 inde
2069 3395 2211 3450 haud
2248 3397 2383 3452 adeo
2414 3396 2838 3452 dissuadentium
2866 3400 3136 3452 rationum
3175 3401 3313 3467 apud
3343 3416 3479 3466 pra:-

226 3515 316 3560 νος
352 3498 429 3567 τῷ
453 3496 800 3566 Κουτζομίτη
830 3497 875 3528 ⁸³
928 3497 1188 3567 Γεωργίῳ
1265 3497 1403 3565 πρὸς
1453 3496 1514 3548 τδ
1553 3496 1807 3567 Βέτρινον

1917 3488 2146 3547 iudicato
2181 3488 2498 3542 inclinatum
2529 3490 2706 3544 studio
2758 3500 3030 3543 momenta
3068 3490 3301 3544 valuere.
3336 3490 3477 3558 Ergo

231 3591 529 3660 ἐξέπεμψε.
562 3590 635 3644 Τὸ
685 3590 741 3643 δὲ
795 3591 1111 3661 στράτευμα
1167 3589 1395 3657 ἐπέταξε
1466 3590 1540 3662 μὴ
1586 3590 1799 3659 λύχνον,

236 3682 366 3751 μηδὲ
420 3681 536 3753 πῦρ
590 3681 793 3751 ἀνάψαι
822 3682 882 3735 τὸ
915 3683 1181 3753 παράπαν
1223 3681 1365 3735 κατὰ
1403 3683 1501 3753 τὴν
1563 3682 1804 3750 ἑσπέραν

231 3777 470 3847 ἐκείνην,
504 3775 640 3828 ἀλλὰ
692 3777 815 3839 τοὺς
871 3776 1075 3840 ἵππους
1122 3775 1448 3845 κατέχοντας
1504 3772 1807 3842 ἐγρηγορέ-

232 3888 315 3922 ναι
396 3870 594 3938 μέχρις
641 3869 793 3938 ηλίου
852 3869 1140 3938 ἀνατολῆς.
1201 3868 1375 3931 Αὐτὸς
1431 3866 1490 3920 δὲ
1543 3867 1686 3920 κατὰ
1742 3865 1803 3918 τὸ

230 3960 557 4030 περξορθρον
602 3959 769 4022 ἔξεισι
825 3960 924 4029 τῆς
990 3957 1343 4028 παρεμϐολῆς
1407 3958 1502 4009 καὶ
1564 3957 1661 4019 τὰς
1708 3956 1803 4009 δυ-

231 4054 426 4122 νάμεις
480 4049 710 4114 διελὼν,
768 4051 863 4103 καὶ
919 4049 1018 4112 τὰς
1072 4049 1360 4118 φάλαγγας
1410 4051 1488 4112 εἰς
1560 4047 1800 4119 πολέμου

230 4145 723 4212 καταστησάμενος
755 4143 948 4213 σχῆμα
978 4142 1271 4211 παραθέων
1301 4142 1492 4195 ἐθεᾶτο
1540 4141 1600 4194 τὸ
1631 4142 1801 4208 στρά-

227 4254 425 4305 τευμα.
466 4233 595 4288 Εἶτα
616 4236 713 4306 τὴν
750 4234 993 4306 μεγάλην
1025 4232 1247 4307 [μέσην]
1305 4233 1407 4303 τῆς
1436 4235 1800 4305 παρατάξεως

229 4325 414 4393 χώραν
442 4322 588 4394 εἶχεν
611 4326 773 4385 αὐτὸς
799 4323 1301 4394 συμπληρουμένην
1332 4324 1440 4376 άπό
1470 4341 1527 4376 τε
1571 4324 1678 4376 τῶν
1739 4324 1798 4388 ἐξ

227 4420 460 4485 αἵματος
491 4417 585 4469 καὶ
603 4416 920 4486 ἀγχιστείας
979 4416 1364 4484 προσηκόντων
1410 4415 1556 4485 αύτῷ
1597 4432 1796 4483 συγγε-

1905 3581 2201 3648 Augustale
2236 3593 2299 3633 ac
2328 3580 2445 3646 ejus
2475 3580 2893 3633 instrumentum
2923 3595 3104 3644 omne,
3139 3594 3382 3647 vasaque
3411 3597 3475 3634 ac

1906 3672 2153 3725 Sarcinas
2184 3672 2460 3725 exercitus
2492 3671 2677 3735 totius,
2710 3669 3030 3724 Cutzomita:
3061 3671 3293 3741 Georgio
3320 3688 3474 3725 com-

1908 3764 2158 3817 meudata
2184 3763 2462 3818 Belrinum
2497 3772 2612 3817 tuto
2642 3761 2964 3831 perferenda
2993 3774 3164 3817 curat.
3197 3764 3470 3819 Exercitui

1908 3857 2074 3911 edicit
2105 3870 2170 3910 ne
2203 3856 2403 3923 ignem,
2439 3868 2572 3907 neve
2601 3836 2910 3921 lampadem
2953 3851 3040 3904 illa
3070 3853 3276 3921 uspiam
3314 3864 3473 3908 nocte

1908 3946 2290 4008 accenderent,
2325 3945 2420 3999 sed
2456 3944 2658 4011 paratis
2684 3943 2750 3997 ad
2778 3956 2993 3997 manum
3024 3942 3181 4009 equis
3205 3957 3374 4011 usque
3395 3942 3467 3997 ad

1904 4038 2039 4092 solis
2092 4044 2267 4089 ortum
2318 4032 2588 4088 excubare
2632 4033 2820 4103 vigiles
2879 4041 3313 4102 perseverarent.
3351 4031 3473 4101 ipse

1902 4131 2045 4185 circa
2071 4129 2361 4184 diluculum
2393 4129 2589 4181 castris
2626 4127 2828 4196 prodit,
2865 4126 3164 4195 divisisque
3215 4125 3384 4193 copiis
3411 4134 3470 4179 et

1902 4224 2252 4292 phalangihus
2275 4221 2326 4273 in
2352 4220 2484 4272 aciei
2510 4219 2734 4272 fortnam
2755 4218 2999 4287 digestis,
3026 4218 3221 4272 obiens
3246 4218 3470 4272 ordines

1901 4316 2196 4370 exercitum
2258 4312 2568 4365 lustrabat:
2620 4310 2707 4363 nbi
2763 4310 2898 4364 satis
2956 4308 3213 4377 placuere
3266 4309 3468 4369 omnia,

1901 4406 2077 4459 media
2118 4404 2172 4457 in
2206 4403 2325 4456 acie
2358 4402 2459 4455 sibi
2513 4399 2712 4467 delegit
2765 4398 2966 4463 locum,
3013 4398 3217 4451 circum
3271 4396 3467 4450 ibidem

227 4511 355 4573 νῶν,
394 4509 489 4559 καί
527 4505 794 4575 τάδελφοῦ
829 4504 1109 4575 Ἀδριανοῦ
1137 4506 1245 4559 τῶν
1277 4506 1527 4559 Λατίνων
1569 4507 1647 4575 τῷ
1674 4510 1795 4559 τότε

1917 4494 2174 4564 lispositis
2204 4489 2527 4547 necessariis
2577 4489 2713 4553 suis,
2764 4486 2857 4555 qui
2905 4486 3149 4554 proxime
3183 4486 3330 4538 illum
3384 4484 3467 4537 vel

228 4598 660 4667 ἡγεμονεύοντος
685 4599 782 4650 καὶ
818 4598 1022 4666 ἑτέρων
1082 4598 1348 4665 γενναίων
1397 4598 1628 4667 ἀνδρῶν,
1700 4598 1794 4651 τοῦ

227 4692 279 4744 δέ
307 4708 369 4759 γε
404 4690 699 4761 ἀριστεροῦ
729 4691 908 4758 κέρως
942 4692 1185 4762 κατῆρχε
1231 4689 1545 4761 Νικηφόρος
1576 4693 1796 4761 Καῖσαρ

226 4786 252 4834 ὁ
282 4781 627 4851 Μελισσηνδς
659 4782 684 4832 ὁ
714 4782 804 4833 ἐπ’
830 4781 1031 4851 ἀδελφῇ
1077 4780 1327 4853 γαμϐρὸς
1367 4780 1555 4835 αὑτοῦ.

228 4874 281 4926 δὲ
300 4875 361 4926 τὸ
383 4873 564 4939 δεξιὸν
588 4874 856 4942 ἡγεμόνες
887 4874 1107 4927 ἵσταντο
1150 4874 1178 4926 ὅ
1200 4889 1258 4926 τε
1289 4874 1792 4943 Κασταμμωνίτης,

229 4966 702 5028 καὶὸΤαττίκιος.
734 4966 854 5018 Τῶν
883 4964 939 5017 δὲ
980 4964 1209 5018 ἐθνικῶν
1258 4964 1287 5017 ὃ
1337 4982 1397 5017 τε
1458 4964 1660 5028 Ούζᾶς,
1704 4966 1795 5018 καὶ

230 5061 257 5109 ὁ
280 5058 580 5128 Καρατζᾶς
603 5059 653 5110 oi
696 5057 1062 5127 Σαυρομάται.
1097 5056 1194 5121 Ἐξ
1216 5055 1273 5108 δὲ
1302 5055 1392 5107 τὸν
1415 5056 1649 5126 ἀριθμὸν
1681 5056 1758 5109 διε
1786 5092 1789 5095 -

1902 4584 2395 4652 consanguinitate,
2435 4578 2521 4634 vel
2552 4577 2810 4631 affinitate
2844 4577 3225 4643 contingebant
3253 4592 3267 4629 :
3299 4574 3468 4627 fratre

1902 4675 2158 4729 nimirum
2199 4672 2442 4723 Adriano
2494 4667 2718 4721 Latinos
2773 4675 2882 4718 tum
2929 4666 3203 4726 ductante,
3257 4674 3309 4718 et
3344 4663 3466 4717 aliis

1639 4755 1797 4834 Κατὰ
1897 4768 2026 4821 viris
2055 4766 2204 4832 juxta
2236 4759 2534 4815 illustribus
2577 4770 2631 4811 et
2680 4756 2930 4810 fortibus.
2984 4756 3216 4809 Sinistro
3264 4755 3455 4808 cornui

1899 4856 2114 4928 praefuit
2142 4853 2481 4922 Nicephorus
2509 4850 2692 4905 Cmsar
2724 4857 3078 4917 cognomento
3125 4846 3462 4909 Melissenus,

1899 4952 1989 5020 qui
2039 4962 2281 5002 sororem
2336 4945 2680 5014 imperatoris
2715 4944 2766 4996 in
2819 4941 3162 4995 matrimonio
3209 4940 3462 4994 habebat.

1903 5041 2162 5095 Dextrum
2194 5050 2363 5090 cornu
2396 5033 2647 5088 ductores
2674 5029 2863 5085 habuit
2886 5028 3365 5086 Castammonitcm
3410 5038 3466 5083 et

1289 5172 1487 5233 Variae
1518 5173 1825 5236 lectiones
1868 5192 1945 5236 ex
1974 5172 2115 5233 cod.
2145 5167 2407 5231 Coislin.

297 5283 342 5314 ⁸⁸
385 5280 548 5336 Deest
584 5280 775 5333 vocula
798 5280 891 5338 ὼς.

969 5278 1011 5309 ⁸¹
1037 5278 1404 5349 κατέδραμεν.
1480 5276 1528 5307 ⁸⁸
1560 5276 1734 5340 τάξιν.
1811 5278 1857 5309 ⁸³
1888 5276 2273 5344 Κουτζομύτῃ.

1289 5414 1428 5477 Car.
1470 5412 1792 5476 Dul‘resnii
1826 5415 1922 5475 Du
1956 5412 2173 5490 Caugii
2210 5416 2397 5471 uoltu.

295 5548 408 5607 (97)
440 5546 699 5613 Μάκρος.
735 5542 836 5608 Qui
873 5552 926 5598 ct
961 5540 1177 5613 Samuel
1208 5540 1407 5613 dictus.
1450 5540 1583 5595 Vide
1610 5538 1773 5602 infra,
1816 5537 1909 5592 lib.
1946 5552 2045 5601 xu,
2119 5549 2244 5605 pag.
2277 5532 2404 5601 571,
2453 5538 2507 5589 οι
2554 5538 2753 5589 seriem
2812 5544 2998 5599 regum
3078 5526 3345 5597 Bulgaria:
3402 5523 3458 5577 in

235 5615 472 5670 Familiis
508 5611 849 5668 Scrlavonicis.
886 5630 978 5667 seu
1012 5611 1344 5666 Dalmaticis.
