3970 6200
346 259 414 315 5ίί
426 261 456 316 ἱ)

1584 269 2007 331 ALEXIADIS
2045 273 2194 334 LIB.
2220 275 2356 334 VII.

3481 283 3586 344 570

341 375 442 425 τοῦ
503 373 775 444 βασιλέως
835 375 1090 441 σπονδὰς,
1145 378 1482 443 ἐξαιτοῦνται
1534 383 1763 437 διελθεῖν
1827 386 1929 448 τὰς

2038 389 2286 446 claustris
2318 393 2613 460 penetralis
2647 407 2886 464 pugnare
2906 409 3027 450 cum
3057 395 3297 469 Scythis.
3340 397 3458 454 Non
3499 417 3600 470 po-

344 463 696 533 κλεισούρας.
755 465 848 518 καὶ
906 467 1234 537 προσϐαλεῖν
1291 474 1405 536 τοῖς
1456 474 1714 538 Σκύθαις.
1764 478 1823 528 Ὀ
1871 477 1928 528 δὲ

344 555 488 625 πρὸς
536 556 693 609 τοῦτο
732 559 979 614 ἀνένευσε
1020 563 1383 634 προεφθακὼς
1419 566 1749 621 σπείσασθαι
1789 568 1928 638 μετὰ

342 646 458 699 τῶν
489 647 732 713 Σκυθῶν,
751 651 944 719 εἰπὼν,
980 654 1085 717 dig”
1109 656 1178 708 Οὐ
1213 657 1369 725 χρεία
1395 657 1453 710 τὸ
1478 659 1650 727 παρὸν
1680 659 1928 730 βοηθείας

342 741 504 806 ἡμῖν,
560 738 820 803 λαϐόντες
870 743 1030 796 ἱκανὰ
1087 746 1562 816 ἐπαναστρέψατε.
1616 751 1724 802 Καὶ
1781 752 1929 818 φιλο·

343 831 757 900 φρονησάμενος
842 835 967 896 τοὺς
1033 837 1329 906 πρὲτϐεις’,
1403 839 1556 909 δῶρά
1617 859 1674 893 τε
1763 842 1929 896 ἱκανὰ

343 921 569 982 ἐπιδοὺς
623 917 739 986 μετ’
815 925 1036 995 εἰρήνης
1098 928 1406 983 ἀπέστειλε.
1471 929 1644 983 Τοῦτο
1725 931 1926 1000 θάρσος

867 1019 1120 1080 ἐνέϐαλε,
1187 1021 1282 1073 καὶ
1358 1023 1920 1093 πχρασπονδὴσαντες

533 1110 798 1178 προτέρας
866 1111 1262 1181 άπανθρωτίας
1333 1115 1541 1184 εἴχοντο
1612 1117 1926 1187 ληϊζόμενοι

342 1197 448 1256 τὰς
509 1201 932 1269 παρακειμένας
1003 1203 1187 1265 πόλεις
1251 1205 1346 1258 καὶ
1400 1205 1605 1276 χώρας.
1667 1207 1927 1261 ’Δστατεῖ

344 1290 459 1360 γὰρ
508 1290 585 1352 ὡς
654 1291 858 1346 ἐπίπαν
927 1297 1074 1349 ἅπαν
1131 1297 1194 1349 τὸ
1257 1297 1552 1368 βάρϐαρον,
1607 1300 1702 1353 καὶ
1765 1317 1925 1354 σπον-

341 1381 444 1443 δὰς
477 1382 765 1450 φυλάττειν
802 1385 864 1438 οὐ
887 1387 1116 1455 πέφυκε.
1149 1387 1316 1440 Τοῦτο
1358 1387 1688 1457 θεασὲιμενος
1727 1394 1754 1444 ὁ
1786 1391 1926 1444 Συν-

342 1473 498 1537 Esto;
537 1476 904 1545 ἐπανέρχεται
946 1479 1080 1550 πρδς
1125 1480 1216 1532 τὸν
1295 1481 1520 1551 βασιλέα
1549 1483 1926 1553 αὐτεπάγγελ-

342 1584 439 1628 τος
469 1566 876 1638 [αὐτάγγελοςᾌ.
907 1571 1153 1642 μηνυτὴς
1179 1574 1416 1639 γεγονὼς
1447 1573 1544 1641 τῆς
1567 1574 1674 1628 τῶν
1705 1575 1926 1628 Σκυθῶν

341 1659 744 1728 ἀγνωμοσύνης
776 1664 869 1714 καὶ
904 1663 1292 1731 παραϐάσεως.
1323 1664 1434 1732 Τὴν
1496 1665 1923 1721 Φιλιππούπολιν

342 1015 460 1075 τοῖς
542 1014 774 1078 Σκύθαις

342 1105 447 1171 τῆς

2034 477 2134 531 tuit
2157 478 2210 531 id
2241 495 2480 535 annuere
2514 482 2808 549 Angustus,
2846 481 3052 538 findere
3085 486 3246 553 paulo
3295 497 3420 542 ante
3467 488 3603 559 Scy-

2034 567 2176 622 thico
2205 570 2480 626 concluso.
2511 570 2738 640 Legatos
2783 583 2959 626 tamen
3007 574 3377 632 Comanorum
3434 580 3600 635 bene-

2031 658 2146 712 vole
2173 676 2235 714 ac
2277 662 2526 715 muniﬁce
2554 665 2784 733 accepit,
2823 666 3089 733 donisque
3126 679 3381 723 oneratos
3415 673 3590 724 dimit-

2031 757 2172 814 tens,
2222 754 2497 806 mandavit
2529 763 2584 806 ut
2616 769 2714 808 suo
2740 757 2958 810 nomine
2987 759 3242 811 Cumanis
3286 762 3555 813 referrent
3583 779 3600 814 τ

2031 840 2410 908 imperatorem
2447 843 2496 896 in
2554 860 2793 912 prmsens
2820 847 3034 913 quidem
3073 849 3274 902 habere
3308 849 3440 916 ipsis
3474 867 3602 917 gra-

2033 932 2155 994 tias,
2201 947 2302 988 nec
2349 935 2493 988 enim
2546 937 2746 990 auxilio
2792 953 3002 1004 egere:
3065 955 3266 1007 cupere
3314 953 3490 994 autem
3547 955 3603 995 ut

2031 1024 2130 1091 ipsi
2166 1026 2478 1080 muneribus
2509 1043 2611 1080 non
2665 1031 2844 1094 parvis
2882 1045 3000 1097 qua
3042 1033 3106 1084 ad
3150 1035 3299 1100 ipsos
3338 1034 3604 1088 missurus

2029 1125 2190 1177 esset,
2232 1118 2496 1183 acceptis.
2534 1119 2771 1172 redirent
2815 1121 2867 1172 in
2899 1122 3089 1176 domos
3122 1138 3268 1176 suas.
3305 1123 3379 1175 Eo
3422 1123 3602 1185 facto,

2031 1203 2239 1258 liberati
2285 1217 2430 1260 metu
2478 1208 2712 1278 Scythae,
2748 1210 2896 1264 nullo
2936 1212 3048 1280 jam
3095 1212 3315 1267 ftederis
3351 1225 3602 1282 respectu

2031 1294 2310 1348 audaciam
2347 1297 2770 1364 continuerunt,
2804 1301 2899 1354 sed
2942 1302 2994 1355 in
3037 1302 3324 1358 latrocinia
3366 1316 3425 1360 ut
3452 1308 3603 1375 prius

2029 1386 2182 1441 emisi
2226 1387 2435 1442 vicinas
2477 1389 2583 1445 late
2619 1391 2784 1445 urbes
2826 1400 2879 1447 et
2911 1395 3162 1460 regiones
3207 1395 3605 1450 crudelissimis

2031 1479 2460 1548 grassatiouibus
2509 1480 2734 1538 infestas
2773 1491 2828 1537 et
2871 1483 3367 1550 depraedationibus
3433 1488 3605 1541 babe-

2031 1570 2180 1622 bant.
2218 1568 2616 1638 lnquietissima
2653 1575 2850 1642 quippe
2893 1585 3084 1628 natura
3117 1577 3479 1630 Barbarorum
3499 1587 3602 1641 est,

2033 1661 2384 1730 indocilisque
2414 1663 2647 1718 maxime
2668 1665 2826 1735 203
2853 1667 3060 1721 indoles
3078 1669 3143 1722 ad
3171 1678 3456 1736 pactorum
3477 1684 3610 1724 con-

341 1750 403 1801 δὲ
451 1751 659 1804 τούτων
693 1730 1221 1822 καταλαμϐανόντων
1251 1758 1270 1788 ⁹
1294 1795 1310 1819 ,
1346 1730 1504 1809 τοῦτο
1535 1757 1869 1828 μεμαθηκὼς
1902 1760 1928 1811 ἐ-

2038 1763 2312 1807 ventorum
2345 1757 2800 1810 observationem.
2847 1757 3003 1811 Redit
3034 1773 3165 1826 ergo
3201 1761 3266 1812 ad
3315 1761 3610 1826 imperato-

349 1841 638 1910 βασιλεὺς,
677 1844 734 1893 ἑν
765 1845 1043 1915 ἀμηχανίᾳ
1081 1846 1395 1910 καθίστατο,
1424 1848 1752 1917 ἀποχρώσας
1783 1849 1914 1918 πρὸς

345 1931 590 1986 τοσαῦτα
627 1933 800 2003 πλήθη
842 1937 915 2004 μή
956 1936 1093 2004 ἔχων
1138 1937 1418 2008 δυνάμεις,
1470 1938 1610 1992 ὥστε
1643 1941 1780 2003 ὅλως
1825 1943 1924 2010 τὴν

350 2022 471 2090 μετ’
498 2023 684 2076 αὐτῶν
717 2026 897 2094 μάχην
946 2026 1324 2091 ἀναδέξασθαι.
1401 2029 1616 2094 Ὀποῖος
1675 2030 1732 2084 δὲ
1779 2033 1928 2084 ἐκεῖ·

347 2131 438 2176 νος
469 2116 530 2167 ὲν
562 2116 868 2186 ἀμηχάνοις
898 2119 1093 2188 πόρους
1122 2120 1412 2189 εὑρίσκων,
1447 2121 1541 2174 καὶ
1573 2122 1932 2192 μηδοπωσοῦν

358 2207 733 2259 καταπίπτειν
761 2210 819 2260 ἐν
862 2211 1251 2278 περιστάσεσιν
1283 2211 1512 2276 εἰωθὼς,
1555 2213 1664 2267 δεῖν
1698 2213 1840 2282 ἔγνω
1863 2213 1932 2266 δι’

353 2295 771 2364 ἀκροϐολισμῶν
802 2299 892 2349 καὶ
907 2297 1083 2367 λόχων
1111 2300 1210 2368 τὴν
1237 2300 1440 2352 τούτων
1470 2300 1766 2370 μελετῆσαι
1791 2301 1928 2354 καθ-

355 2387 593 2457 αίρεσιν.
670 2389 777 2441 Καὶ
809 2387 951 2442 οὕτω
984 2393 1390 2460 στοχασάμενος
1428 2392 1536 2444 τῶν
1569 2394 1773 2452 τόπων,
1829 2394 1927 2446 καὶ

352 2480 460 2533 τῶν
503 2481 736 2544 πόλεων,
785 2481 912 2534 ἔνθα
971 2483 1417 2551 καταλαμϐάνειν
1473 2485 1672 2554 ἐκεῖνοι
1712 2485 1924 2554 πρωῖας

355 2572 608 2640 ἔμελλον,
657 2573 816 2636 αὐτὸς
844 2573 1083 2643 ἑσπέρας
1113 2573 1210 2644 τὴν
1242 2574 1448 2628 τούτων
1479 2575 1934 2646 προκατελάμϐα-

354 2679 445 2715 νεν
478 2663 717 2726 ἔλευσιν,
765 2664 812 2715 εἰ
857 2663 913 2716 δὲ
944 2663 1183 2732 ἑσπέρας
1209 2663 1434 2726 τούτους
1467 2666 1811 2734 ἐμεμαθήκει
1842 2665 1934 2718 =6-

355 2770 459 2806 πον
490 2753 615 2805 τινὰ
647 2753 1002 2817 καταλαϐεῖν,
1059 2756 1267 2818 ἐκεῖνος
1301 2757 1389 2808 τὸν
1437 2754 1683 2808 τοιοῦτον
1717 2757 1933 2824 πρωῖας

353 2843 769 2914 κατελάμϐανε.
810 2847 916 2898 Καὶ
938 2847 1012 2908 ὡς
1042 2847 1270 2916 δύναμις
1301 2847 1367 2901 δι’
1399 2848 1816 2918 ἀκροϐολισμῶν
1841 2852 1935 2902 καὶ

354 2937 534 3008 λόχων
575 2939 861 3011 πόρρωθεν
912 2940 1048 3009 πρὸς
1101 2941 1298 3001 αὐτοὺς
1352 2941 1690 3011 ἀπεμάχετο,
1745 2941 1820 3004 ὡς
1858 2943 1933 3011 μὴ

352 3031 650 3101 ἐγκρατεῖς
698 3031 899 3092 αὐτοὺς
946 3031 1192 3099 γίνεσθαι
1241 3033 1348 3085 τῶν
1396 3035 1694 3104 φρουρίων.
1747 3033 1934 3088 Κατα-

349 3123 729 3194 λαμϐάνουσιν
767 3123 823 3176 δὲ
863 3124 1031 3195 ἄμφω
1059 3125 1112 3178 οἵ
1133 3143 1190 3178 τε
1223 3125 1426 3179 Σκύθαι
1463 3128 1555 3180 καὶ
1607 3129 1635 3180 ὁ
1670 3127 1938 3198 αὐτοκρά-

351 3231 466 3280 τωρ
514 3213 585 3266 τὰ
630 3213 884 3282 Κύψελλα
922 3217 1021 3283 (7).
1075 3215 1228 3269 Ἐπεὶ
1256 3216 1313 3268 δὲ
1357 3217 1420 3269 τὸ
1448 3216 1802 3286 ἐλπιζόμενον
1844 3235 1935 3287 μι-

357 3304 687 3374 σθοφορικὸν
713 3303 866 3359 οῦπω
893 3306 1182 3370 κατέλαϐε,
1207 3305 1494 3375 γινώσκων
1525 3308 1552 3359 ὁ
1580 3308 1938 3377 αὐτοκράτωρ

354 3395 420 3448 τδ
466 3395 790 3466 ὀξυκενητον
825 3395 932 3448 τῶν
986 3396 1230 3462 Σκυθῶν,
1297 3398 1389 3449 καὶ
1423 3397 1567 3467 ὁρῶν
1606 3399 1804 3460 αὐτοὺς
1835 3399 1936 3468 ἤδη

357 3491 454 3540 καὶ
483 3487 655 3556 αὐτὴν
686 3489 786 3558 τὴν
827 3487 1076 3558 βασιλίδα
1117 3487 1643 3558 καταλαμϐάνοντας
1689 3490 1798 3541 τῶν
1835 3491 1934 3542 πό-

356 3581 497 3632 λεων
527 3580 624 3645 ξὺν
677 3580 831 3650 τάχει
884 3580 1069 3649 πολλῷ
1119 3581 1177 3632 ὲν
1221 3580 1502 3650 ἀμηχανία
1553 3575 1643 3651 ἦν.
1698 3581 1809 3634 Καὶ
1862 3581 1938 3650 μὴ

355 3671 695 3742 ἀποχρὼσας
727 3671 986 3738 δυνάμεις
1023 3671 1159 3741 πρὸς
1193 3671 1429 3726 τοσαῦτα
1463 3671 1642 3742 πλήθη
1679 3673 1841 3740 ἔχων,
1877 3671 1939 3726 τὸ

361 3765 435 3834 μὴ
453 3766 663 3834 χεῖρον,
693 3763 720 3814 ὅ
742 3779 925 3830 φασιν,
952 3762 1162 3832 βέλτιον
1179 3762 1557 3833 λογισάμενος,
1583 3764 1937 3833 πρδςείρηνι-

358 3859 462 3919 uti;
496 3851 654 3918 αὖθις
676 3853 867 3908 ἀπεῖδε
889 3853 932 3884 ⁸ο
958 3854 1212 3915 σπονδάς.
1253 3854 1469 3924 Ἐρωτᾷ
1491 3853 1644 3920 γοῦν,
1679 3855 1940 3924 πρέσϐεις

357 3946 688 4009 ἀποστείλας
721 3945 857 4011 πρὸς
889 3943 1084 4006 αὐτοὺς
1106 3943 1173 3996 τὰ
1206 3946 1335 4013 περὶ
1375 3945 1623 4013 εἰρήνης.
1679 3945 1742 3996 Οἱ
1772 3944 1816 3995 δ’
1839 3940 1936 3996 αὗ-

361 4041 443 4104 θις
469 4040 542 4108 τῷ
565 4039 659 4091 τοῦ
685 4039 948 4107 βασιλέως
979 4036 1206 4100 ὓπειξαν
1231 4036 1517 4106 θελήματι.
1553 4037 1874 4108 Προέφθακε
1897 4037 1938 4068 ¹⁸

361 4132 420 4184 δὲ
450 4133 557 4200 πρε,
581 4130 692 4182 τῶν
726 4129 1019 4200 εξρηνικῶν
1039 4127 1281 4180 σπονδῶν
1304 4129 1600 4198 αὐτόμολος
1626 4129 1934 4200 παραγενέ-

362 4224 488 4273 σθαι
509 4224 536 4272 ὀ
561 4220 633 4272 Na
645 4221 864 4290 :Vtqu.
889 4218 1370 4287 Πέμπεταιτοίνυν
1396 4221 1424 4272 ὁ
1454 4219 1768 4288 Μιγιὸηνὸς,
1797 4220 1936 4273 ὥστε

361 4313 705 4384 πανηγύρεις
727 4314 941 4381 ἐξάγειν
968 4315 1030 4366 ὲκ
1054 4313 1158 4366 τῶν
1182 4313 1606 4382 παρακειμένων
1638 4312 1853 4382 χωρῶν,
1879 4306 1940 4362 οὒ

2032 1859 2145 1896 rem
2207 1841 2466 1914 Synesius
2515 1845 2761 1899 oculatus
2811 1847 2968 1900 index
3035 1858 3254 1900 mutatae
3311 1849 3610 1904 voluntatis

2032 1943 2196 2003 atque
2264 1935 2661 2004 ingratissima:
2719 1936 2961 2004 perﬁdiae
3009 1937 3398 1992 Barbarorum.
3453 1940 3609 1995 Brevi

2031 2037 2216 2094 postea
2260 2028 2538 2080 nuntiatur
2589 2028 2899 2094 pervenisse
2947 2029 3057 2095 jam
3109 2044 3204 2084 eos
3267 2028 3612 2098 Philippopo-

2033 2118 2163 2182 lim;
2211 2134 2328 2185 ψιελδ
2383 2135 2468 2174 res
2519 2135 2704 2172 curam
2755 2121 3025 2194 ingentem
3089 2121 3326 2175 incussit
3375 2122 3609 2189 impera-

2035 2210 2134 2263 tori
2165 2211 2230 2262 ad
2263 2211 2503 2279 prwlium
2534 2223 2723 2264 contra
2758 2221 2961 2264 tantam
3000 2212 3401 2266 multitudinem
3440 2212 3611 2266 band-

2035 2315 2303 2369 qnaquam
2372 2301 2579 2354 idoneis
2651 2301 2918 2355 instructo
2984 2303 3179 2370 copiis.
3250 2302 3497 2364 Tamen,
3553 2313 3609 2355 ut

2033 2391 2212 2444 animo
2241 2400 2358 2444 erat
2413 2401 2596 2445 erecto
2633 2407 2848 2460 semper
2889 2408 2954 2446 ac
2993 2395 3272 2462 praesenti,
3303 2411 3472 2461 quem
3511 2411 3612 2448 nec

2034 2485 2255 2536 adversa
2285 2483 2594 2552 dejicerent,
2617 2498 2712 2536 nec
2741 2485 3148 2548 conturbarent,
3177 2486 3336 2539 dubia
3361 2501 3614 2550 casuum,

2033 2589 2140 2644 quo
2187 2575 2365 2629 minus
2421 2587 2630 2628 certum
2691 2576 2743 2627 in
2807 2575 2971 2628 rebus
3018 2577 3317 2642 quamlibet
3389 2577 3614 2631 incertis

2035 2666 2320 2719 consilium
2348 2666 2650 2732 expediret,
2687 2666 2931 2720 decrevit
2975 2667 3065 2719 tali
3114 2678 3357 2732 tempore
3403 2668 3614 2721 insidiis

2037 2763 2244 2810 tantum
2277 2770 2340 2810 ac
2370 2754 2530 2808 furtis
2564 2756 2708 2816 belli,
2730 2756 3036 2824 subitisque
3062 2757 3468 2809 velitationibus
3500 2772 3612 2810 rem

2036 2847 2346 2916 gerendam.
2388 2846 2494 2899 lsto
2527 2847 2661 2899 adeo
2689 2847 2917 2900 consilio
2943 2847 3238 2916 procedere
3273 2849 3438 2901 audet
3485 2863 3612 2900 cum

2037 2938 2223 3006 paucis
2278 2938 2329 2989 in
2363 2936 2834 2990 innumerabilium
2880 2953 3199 2998 occursum,
3239 2939 3456 2991 obstare
3493 2953 3614 2992 cer—

1963 3039 2130 3128 Ctus
2205 3029 2582 3097 progressibus
2663 3029 2957 3082 ruentium.
3023 3029 3429 3083 Intercludebat
3514 3031 3616 3082 iter

1952 3120 2007 3190 _"
2045 3120 2280 3175 hostium
2328 3120 2516 3187 positis
2571 3130 2758 3172 contra
2805 3135 3023 3173 suorum
3075 3122 3272 3175 castris
3316 3138 3332 3176 :

3387 3136 3504 3188 qua:
3558 3131 3618 3175 ut

2042 3211 2202 3264 ﬁdam
2237 3221 2286 3262 ιιι
2325 3211 2618 3265 hostilibus
2647 3212 2966 3280 imperviam
2999 3212 3294 3266 assultibus
3319 3214 3612 3265 stationem

2043 3304 2325 3367 baberent,
2378 3303 2477 3357 loci
2528 3304 2738 3357 delectu
2767 3313 2822 3358 et
2882 3304 3008 3357 valli
3066 3305 3369 3358 munitione
3425 3319 3619 3358 coasc-

2041 3398 2330 3466 quebatur.
2368 3397 2507 3450 Hinc
2539 3397 2979 3464 exploratoribus
3019 3412 3457 3466 quoquoversum
3492 3397 3618 3450 mis-

2041 3489 2114 3541 sis
2175 3489 2436 3549 intentus,
2489 3495 2542 3540 et
2595 3503 2690 3555 pro
2724 3502 2782 3541 se
2846 3487 2958 3555 ipse
2993 3488 3105 3540 acri
3139 3488 3320 3552 vigilia
3362 3489 3412 3539 in
3455 3502 3622 3540 omne

2044 3589 2372 3634 ntonnentum
2443 3581 2788 3638 occasionis.
2859 3591 3067 3632 motum
3159 3593 3618 3648 progressumque

2041 3674 2314 3727 exercitus
2366 3676 2430 3726 ad
2484 3674 2610 3728 belli
2649 3690 2802 3727 usum
2839 3673 3250 3727 accuratissima
3287 3674 3497 3725 ratione
3529 3689 3622 3738 gu-

2043 3766 2323 3820 bernabat.
2372 3765 2718 3818 Odorabatur
2745 3766 2987 3819 videlicet
3019 3768 3314 3836 sagacitate
3346 3769 3481 3820 mira
3512 3784 3618 3835 quo

2043 3855 2385 3923 potissimum
2447 3855 2748 3922 cogitarent
2825 3855 3078 3924 Scythae;
3163 3872 3228 3910 eo
3296 3868 3616 3925 comperto,

2043 3960 2203 4012 quam
2239 3944 2420 3996 urbem
2463 3959 2692 4011 quemve
2725 3945 2906 3998 locum
2942 3945 3091 4000 adire
3125 3945 3197 3999 illi
3223 3948 3483 4014 postridie
3519 3951 3612 3999 de.

2044 4035 2363 4099 stillassent,
2414 4052 2476 4090 ea
2522 4036 2607 4090 ille
2655 4039 3068 4107 praeoccupabat
3111 4039 3220 4107 jam
3282 4041 3620 4107 praecedente

2044 4145 2266 4198 vespera
2298 4146 2310 4184 :
2349 4145 2536 4182 rursus
2563 4144 2671 4196 quo
2694 4130 2854 4184 iidem
2886 4143 3139 4184 venturos
3174 4147 3232 4184 se
3263 4145 3490 4200 vespere
3519 4147 3617 4195 pu-

2047 4230 2246 4285 tarant,
2277 4235 2342 4273 eo
2372 4221 2667 4288 imperator
2706 4237 2918 4276 summo
2948 4237 3106 4276 mane
3139 4231 3510 4290 prmcesserat.
3541 4221 3620 4275 Ad

2049 4315 2160 4367 bzec
2185 4314 2611 4382 jarulationibus
2637 4316 2823 4383 procul
2853 4319 3005 4377 tutis,
3033 4316 3342 4383 subitisque
3368 4314 3625 4368 coorien—

363 4413 390 4462 ὁ
431 4410 549 4472 vis;
615 4410 698 4470 εἰς
765 4408 855 4460 τὸν
912 4407 1176 4473 γεγονότα
1226 4404 1450 4473 ὓστερον
1506 4405 1743 4472 πόλεμον
1799 4403 1933 4455 κατὰ

2049 4407 2180 4458 tium
2234 4421 2298 4459 ex
2344 4406 2560 4458 occulto
2611 4406 3057 4473 impressionibns
3100 4421 3320 4458 suorum
3368 4406 3624 4470 carpebat

363 4504 454 4553 τὶν
487 4505 503 4522 ¹
534 4507 549 4522 ⁹
575 4503 591 4519 '
616 4503 631 4520 '
656 4504 671 4518 '
719 4501 885 4552 τόπον
917 4498 1083 4562 ὀξέως
1128 4496 1272 4550 κατὰ
1299 4496 1408 4548 τῶν
1459 4497 1817 4560 Πατ-ζινάκων
1847 4497 1940 4564 ὁρ-

371 4597 578 4664 μήσας,
633 4594 728 4646 καὶ
769 4591 1106 4662 παρασυρεὶς
1161 4588 1313 4656 παρὰ
1361 4588 1621 4656 γυναικὸς
1679 4587 1939 4648 Σκυθίόος

367 4689 510 4739 ἑάλω
549 4685 641 4737 διὰ
678 4684 900 4754 σιδηρᾶς
953 4685 1135 4752 ᾰρπης
1194 4680 1325 4732 εἴσω
1369 4679 1478 4732 τῶν
1510 4678 1736 4748 ἁμαξῶν
1783 4679 1942 4730 ἑλκυ-

373 4779 540 4840 σθείς.
583 4771 658 4829 Ob
709 4778 809 4843 τὴν
862 4775 1106 4843 κεφαλὴν
1159 4773 1572 4842 ἀποτμηθεῖσαν
1630 4769 1864 4839 ἐπρίατο
1912 4773 1940 4822 ὁ

355 4868 630 4938 ’βασιλεὺς
677 4867 735 4931 ἐξ
783 4868 1050 4935 αἰτήσεως
1093 4863 1186 4916 τοῦ
1224 4865 1426 4934 πατρὸς
1467 4862 1656 4917 αὐτοῦ.
1710 4861 1850 4914 Ὑπὸ
1892 4861 1948 4913 δὲ

373 4962 468 5026 τῆς
515 4960 795 5027 ἀφορήτου
832 4956 1066 5024 θλίψεως
1101 4954 1196 5006 ἐπὶ
1233 4957 1382 5024 τρισὶ
1413 4955 1778 5025 νυχθήμεροις
1823 4956 1946 5005 δια-

369 5051 646 5119 γερμάδος
677 5051 720 5081 ¹¹
752 5050 900 5102 λίθου
933 5048 1137 5102 τύπτον
1166 5050 1208 5082 ¹³
1235 5049 1296 5100 τὸ
1329 5047 1551 5117 στέρνον
1574 5047 1601 5096 ὁ
1637 5047 1820 5114 πατὴρ
1856 5061 1948 5096 τε-

374 5143 559 5196 lauri.

2041 4497 2255 4549 assidue
2294 4494 2583 4558 Barbaros,
2618 4497 2964 4549 successibus
3013 4495 3092 4546 vel
3137 4509 3198 4546 ea
3241 4509 3299 4548 re
3345 4510 3448 4546 non
3497 4509 3626 4547 con-

2045 4587 2381 4649 temnendis,
2406 4585 2546 4653 quod
2585 4585 2724 4638 nulla
2755 4585 2987 4654 jactura,
3019 4600 3083 4638 ne
3120 4585 3356 4650 periculo
3384 4583 3624 4652 quidem,

2046 4681 2235 4744 empti,
2276 4689 2454 4730 tamen
2501 4677 2566 4730 ad
2603 4678 2920 4729 morandum
2955 4677 3221 4728 victorum
3257 4689 3477 4727 cursum
3519 4676 3623 4726 im-

2045 4771 2483 4840 pediendumque
2525 4784 2592 4821 ne
2650 4768 2866 4820 arcibus
2915 4766 3143 4832 aliisque
3185 4765 3415 4820 subinde
3475 4766 3627 4817 inva-

2056 4859 2249 4914 dendis
2285 4858 2540 4910 ditionem
2584 4855 2880 4907 Romanam
2913 4861 3218 4918 arctarent,
3254 4867 3404 4906 suam
3435 4860 3631 4904 exten-

2059 4955 2267 5012 derent,
2301 4949 2654 5003 conferebant
2685 4948 2996 5014 plurimum.
3045 4944 3159 4998 Non
3193 4953 3403 5014 poterat
3449 4951 3627 4995 tamen

2055 5045 2214 5112 plane
2255 5042 2374 5094 sisti
2423 5051 2654 5102 torrens,
2683 5038 2811 5106 quin
2844 5037 3074 5090 evolutis
3105 5035 3352 5090 obicibus
3387 5031 3635 5102 quantis-

2059 5147 2272 5200 cnnqne
2313 5135 2412 5184 iret
2463 5145 2678 5198 semper
2707 5137 2760 5181 et
2791 5128 3024 5181 ferretur
3048 5142 3154 5196 quo
3183 5127 3450 5196 pendebat
3492 5140 3627 5193 pra?-

373 5253 516 5304 reps.
560 5237 742 5301 itaque
765 5232 877 5301 jam
912 5247 1082 5302 usque
1111 5236 1179 5285 ad
1207 5229 1452 5302 Cyspclia
1478 5228 1692 5298 Scytha:
1721 5236 2129 5297 promoverant.
2184 5224 2293 5278 Nec
2337 5220 2507 5275 defuil
2553 5223 2848 5288 imperator
2909 5220 3038 5289 quin
3111 5218 3306 5273 castris
3375 5217 3482 5272 illic
3565 5218 3637 5270 de

1403 5345 1603 5405 Varia:
1637 5341 1939 5402 lectiones
1979 5356 2056 5400 ex
2081 5337 2231 5399 cod.
2265 5335 2536 5395 Coisliu.

443 5448 464 5480 ⁸
493 5449 657 5503 Deest
674 5445 866 5501 vocula
1059 5445 1081 5475 '
1111 5443 1551 5498 καταλαϐόντων.
1633 5443 1673 5473 ¹⁰
1692 5443 1890 5494 ἐπεῖδε,
1974 5440 2014 5471 “
2045 5436 2380 5508 προέφθασε.
2463 5435 2506 5464 ¹²
2543 5433 2631 5486 διὰ
2662 5432 2954 5503 χερμάδος.
3037 5433 3080 5463 ¹³
3111 5432 3352 5486 τύπτων.

1436 5562 1577 5625 Car.
1611 5560 1940 5624 Dufresnii
1979 5559 2071 5619 Du
2105 5556 2329 5634 Cangii
2373 5564 2561 5616 nota).

451 5693 530 5762 (7)
568 5691 877 5757 Κύψελλα.
921 5687 1163 5744 Thracia:
1195 5689 1324 5744 urbs
1358 5688 1424 5742 ad
1456 5685 1718 5753 Hebrum,
1749 5687 1813 5740 de
1842 5700 1946 5754 qua
1986 5679 2275 5753 geographi
2307 5679 2530 5748 passim.
