3970 6200
381 190 485 252 573

1589 201 2006 264 ALEXIADIS
2048 204 2194 267 LIB.
2246 210 2378 270 VII.

3519 230 3625 296 574

385 300 626 364 Ἀλεξίου
711 301 942 373 πρώτως
1035 304 1326 377 ἐφεύρητο.
1423 307 1746 379 Ἀστρατίαν
1830 314 1925 382 γὰρ

2043 318 2312 412 cumdueti
2363 336 2393 374 ιι
2445 330 2595 393 tergo
2647 323 2880 398 Scythas
2933 330 3274 388 adorirentur
3322 352 3417 392 eos
3462 346 3554 412 qui
3595 365 3624 399 θ

368 388 604 460 ἐχούσης
657 391 758 462 τῆς
811 395 923 446 τῶν
965 395 1254 464 Ῥωμαίων
1305 398 1483 468 ἀρχῆς
1524 400 1612 454 διὰ
1664 403 1942 472 ρᾳθυμίαν

361 483 633 537 ἀνέκαθεν
654 484 698 515 ³⁸
729 485 1186 556 αὐτοκρατόρων,
1244 489 1642 560 συλλεξάμενος
1695 495 1943 546 ἁπαντα-

363 575 525 644 χόθεν
550 576 752 638 αὐτοὺς
779 577 888 630 τῶν
918 580 1402 636 ἀποπεπτωκότων
1426 586 1779 655 στρατιωτῶν
1809 587 1945 651 υἱεῖς

367 665 653 734 ἐγύμνασέ
691 683 750 719 τε
799 667 933 737 πρὸς
989 668 1130 723 ὅπλα
1171 671 1265 723 καὶ
1317 672 1577 742 πόλεμον,
1611 676 1704 727 καὶ⁵
1738 679 1938 746 αρχον-

360 758 647 820 τοπώλους
691 759 975 826 ὠνόμασεν
1012 761 1211 814 ὡσανεὶ
1256 764 1314 830 ἐξ
1355 765 1630 836 ἀρχόντων
1661 769 1810 830 υἱοὺς
1849 785 1942 835 γε·

361 850 592 918 γονότας
625 851 715 904 ἴνα
745 851 834 905 διά
870 851 964 906 τοῦ
1000 855 1268 922 ὀνόματος
1311 860 1395 920 είς
1440 859 1541 929 τὴν
1594 861 1700 913 τῶν
1733 864 1940 930 γονέων

358 941 645 1008 εὐγένειάν
691 959 751 995 τε
805 944 897 997 καὶ
950 944 1176 1014 ἀνδρίαν
1211 947 1613 1018 ἀναφερόμενοι
1644 953 1734 1003 καὶ
1768 945 1936 1016 οὗτοι,

361 1031 610 1102 θούριδος
647 1034 824 1104 ἀλκῆς
861 1036 1162 1106 μνήσαιντό
1195 1055 1252 1091 τε
1294 1041 1386 1094 καὶ
1433 1042 1806 1112 ἀνδρειότεροι
1840 1045 1936 1112 γέ-

359 1141 557 1189 νοιντο,
592 1125 687 1178 τοῦ
724 1127 917 1196 καιροῦ
945 1129 1156 1192 τούτοις
1188 1130 1392 1200 τόλμαν
1439 1134 1531 1186 καὶ
1567 1133 1756 1204 ῥώμην
1793 1135 1939 1189 ὑπα·

355 1215 701 1284 γορεύοντος.
749 1217 1002 1272 Τοιοῦτον
1055 1221 1118 1290 δὴ
1203 1223 1264 1274 τὸ
1335 1222 1446 1275 τῶν
1504 1224 1937 1295 ἀρχοντοπὼλων

354 1308 568 1378 τάγμα,
599 1307 674 1372 ὡς
708 1310 765 1362 ἐν
790 1309 958 1382 ὀλίγῳ
984 1313 1188 1377 εἰπεῖν,
1209 1313 1290 1377 είς
1318 1312 1410 1366 δύο
1442 1312 1685 1384 χιλιάδας
1722 1333 1935 1382 συμπο-

357 1398 644 1468 σούμενον.
682 1398 875 1470 ὥσπερ
907 1403 1043 1455 ποτέ
1082 1403 1178 1456 καὶ
1209 1405 1323 1465 τοῖς
1353 1404 1610 1458 Λάκωσιν
1663 1407 1935 1476 ἐφεύρητο

351 1488 383 1539 ὁ
420 1489 567 1559 ἱερὸς
617 1489 912 1560 λεγόμενος
951 1491 1127 1562 λόχος.
1165 1486 1327 1547 Οὗτοι
1361 1495 1544 1549 τοίνυν
1580 1499 1629 1550 οἱ
1661 1499 1934 1553 νεόλεκτοι

351 1581 760 1651 ἀρχοντόπωλοι
805 1584 1124 1650 ἐσταλμένοι
1173 1587 1488 1652 πολεμικῶς
1550 1591 1738 1661 ᾔεσαν.
1775 1593 1926 1645 υίδέ

352 1673 605 1728 κάτωθεν
635 1675 730 1728 τοῦ
772 1676 996 1746 αὐχένος
1051 1679 1468 1749 προλοχίζοντες
1522 1683 1727 1737 Σκύθαι
1753 1685 1793 1715 ¹⁶
1829 1686 1924 1749 τὰς

351 1765 561 1818 τούτων
591 1767 814 1835 ἐφόδους
845 1771 1152 1842 ἐπετήρουν
1174 1787 1188 1802 ⁸
1223 1773 1316 1824 καὶ
1347 1772 1669 1844 Θεασάμενοι
1698 1778 1924 1842 τούτους

350 1859 497 1912 κατὰ
550 1860 660 1912 τῶν
723 1860 949 1928 ἁμαξῶν
1001 1865 1436 1935 ἁφωρμηκότας,
1507 1868 1720 1940 ἁσχὲτῳ
1777 1870 1927 1944 ῥύμῃ

349 1951 474 2003 κατ’
515 1951 696 2002 αὐτῶν
726 1951 916 2007 ἵενται.
957 1953 1068 2006 Καὶ
1103 1953 1422 2025 ἀγχεμάχου
1460 1958 1558 2026 τῆς
1602 1961 1927 2032 συμπλοκῆς

351 2044 724 2113 καταστάσης,
751 2045 1008 2098 πίπτουσι
1037 2047 1143 2099 τῶν
1167 2048 1595 2118 ἁρχοντοπὼλων
1619 2052 1748 2104 ὡσεὶ
1773 2071 1930 2125 τρια-

349 2134 526 2188 κόσιοι
555 2137 809 2206 ἐκθύμως
847 2138 1168 2208 μαχόμενοι.
1203 2143 1337 2210 Περὶ
1359 2136 1435 2195 ὧν
1465 2144 1632 2196 πολὺν
1661 2144 1704 2176 ⁸⁸
1735 2149 1927 2217 χρόνον

359 2224 547 2293 βύθιον
576 2226 794 2279 ἔστενεν
826 2231 853 2280 ὁ
886 2227 1164 2297 βασιλεὺς,
1189 2231 1398 2302 δάκρυα
1463 2234 1641 2304 θερμὰ
1698 2240 1923 2307 ἐκχέων,

360 2317 454 2368 καὶ
486 2317 750 2387 ὀνομαστὶ
789 2317 1023 2371 ἕκαστον
1061 2322 1314 2393 καθάπερ
1347 2323 1390 2354 ¹⁹
1415 2325 1696 2396 ἀπόδημον
1726 2330 1928 2382 ἀνακα-

355 2407 640 2478 λούμενος.
711 2411 1079 2481 Ἥττήσαντες
1114 2413 1206 2466 οὖν
1233 2417 1284 2467 οἱ
1315 2417 1651 2480 Πατζινάκοι
1679 2421 1804 2476 τοὺς
1829 2423 1927 2476 ἀν-

353 2501 798 2570 τιτεταγμένους,
843 2503 934 2556 διὰ
982 2505 1082 2574 τῆς
1135 2507 1556 2577 Χαριουπόλεως
1603 2510 1927 2578 διελθόντες,

349 2593 754 2647 ἁπονενεύκασι
787 2595 922 2665 πρὸς
947 2597 1037 2650 τὸν
1064 2597 1298 2668 Ἀπρον,
1336 2601 1553 2652 ἅπαντα
1577 2598 1926 2671 ληϊζόμενοι.

349 2685 430 2756 Τῇ
465 2685 599 2752 γοῦν
651 2689 899 2758 προτέρᾳ
953 2688 1164 2759 μεθόδῳ
1203 2691 1550 2760 χρησάμενος
1591 2691 1748 2756 αὖθις
1775 2697 1803 2746 ό
1831 2695 1930 2765 βα-

354 2778 548 2842 σιλεὺς
589 2780 1113 2850 προκαταλαμϐάνει
1165 2782 1414 2846 τούτους,
1462 2786 1551 2838 καὶ
1581 2784 1817 2840 εἴσεισιν
1848 2790 1929 2853 εἰς

345 2871 438 2923 τὸν
506 2871 716 2936 Ἀπρον
769 2870 880 2942 (10)
915 2887 929 2903 ο
964 2872 1025 2926 οὐ
1084 2873 1192 2942 γὰρ
1251 2875 1531 2944 προσῆςαν
1591 2877 1740 2948 αὐτῷ
1787 2879 1926 2933 ἀπο·

2052 410 2280 464 summis
2315 413 2598 468 exstabant
2632 417 2905 484 plaustris.
2941 418 3064 476 ilzec
3107 410 3618 498 archontopulorum

2050 501 2246 554 cohors
2278 502 2554 558 inventum
2589 507 2763 562 Alexii
2800 517 2902 571 est.
2956 512 3154 566 nullum
3205 533 3312 570 non
3363 527 3625 580 moventis

2047 590 2279 660 lapidem
2314 606 2369 647 ιιι
2402 594 2774 652 labefactatam
2807 617 2871 653 ac
2925 603 3167 658 funditus
3219 610 3478 674 perditam
3529 629 3623 665 su-

2046 685 2318 750 periorum
2351 688 2554 742 desidia
2591 691 2976 758 imperatorum
3027 695 3325 752 Romanam
3374 703 3620 756 militiam

2045 779 2374 841 ι’θειὶιιιει-ιιι,
2409 781 2452 833 si
2483 797 2586 850 qua
2634 786 2842 839 ratione
2889 797 3094 856 posset.
3150 791 3280 843 Illud
3333 795 3399 847 ad
3460 797 3619 851 istum

2044 869 2202 922 linem
2254 871 2544 926 utileinter
2566 874 2667 927 alia
2716 876 2762 928 ei
2817 880 3100 934 occurrit:
3135 882 3365 936 militum
3432 886 3622 940 delun-

2041 970 2252 1015 ctormn
2288 962 2428 1017 ﬁlios
2457 972 2804 1036 congregavit
2832 971 3068 1039 undique
3096 1011 3110 1034 .
3174 975 3620 1046 conscriptosque

2041 1051 2093 1104 in
2127 1067 2323 1104 novum
2355 1068 2545 1118 agmen
2589 1057 2839 1118 armavit,
2876 1063 3230 1129 exercuitque
3251 1063 3618 1138 diligenterad

2041 1157 2298 1211 pugnam,
2341 1146 2511 1197 indito
2535 1147 3050 1217 archontopolorum
3108 1155 3329 1209 nomine
3388 1159 3482 1212 toti
3531 1159 3620 1212 isti

2042 1243 2231 1287 turmae
2263 1238 2503 1304 proprio,
2532 1251 2596 1291 ex
2625 1239 2836 1308 origine
2869 1243 3139 1298 indicante
3191 1261 3312 1300 esse
3359 1247 3504 1316 ipsos
3562 1250 3622 1302 tio

2040 1327 2142 1381 lios
2186 1330 2526 1382 tribunorum
2560 1332 3050 1403 centurionumque
3097 1349 3189 1390 aut
3239 1340 3494 1393 similium
3531 1342 3621 1410 qui

2037 1421 2296 1473 ducendis
2327 1423 2605 1477 ordinibus
2655 1441 2872 1492 operam
2933 1428 3072 1483 bello
3139 1445 3473 1487 navassent:
3513 1449 3623 1502 quo

2036 1511 2280 1564 vocabuli
2311 1513 2589 1568 admonitu
2625 1518 2918 1571 verisimile
2968 1530 3084 1574 erat
3136 1534 3494 1591 concepturos
3527 1540 3622 1579 eos

2034 1616 2356 1670 generosum
2391 1608 2724 1672 propositum
2759 1627 2860 1662 non
2900 1613 3260 1680 degenerandi
3317 1632 3343 1667 a
3397 1625 3619 1683 paterna

2033 1695 2252 1758 virtute,
2294 1705 2347 1748 el
2391 1698 2624 1752 heroicis
2669 1703 2720 1750 lu
2778 1703 3067 1756 occasione
3119 1704 3453 1759 facinoribus
3497 1722 3622 1759 sau-

2033 1787 2212 1853 gninis
2265 1786 2420 1840 [idem
2469 1803 2532 1842 ac
2585 1791 2922 1844 nobilitatem
2985 1793 3315 1849 aﬂirmandi.
3369 1796 3621 1850 Excrevil

2032 1878 2176 1933 brevi
2201 1893 2262 1930 ea
2293 1878 2483 1932 cohors
2513 1896 2680 1949 usque
2709 1883 2772 1934 ad
2808 1898 3088 1936 numerqu
3137 1885 3298 1937 duum
3332 1885 3554 1938 millium
3596 1903 3612 1940 :

2031 1969 2314 2038 simileque
2353 1972 2549 2025 habere
2578 1974 2851 2042 quippiam
2895 1975 3007 2028 visa
3060 1986 3142 2029 est
3199 1976 3274 2030 illi
3321 1992 3478 2032 sacro
3529 1994 3620 2046 ag-

2033 2060 2161 2114 mini
2196 2076 2223 2113 a
2254 2061 2558 2116 Laconibus
2587 2064 2714 2117 olim
2759 2067 3064 2134 excogitato
3110 2069 3516 2137 nominatoque.
3553 2069 3613 2124 lli

2033 2167 2161 2220 ergo
2198 2170 2384 2209 recens
2411 2155 2534 2209 lecti
2560 2157 2932 2225 archontopoli
2960 2157 3179 2224 juvenes
3211 2159 3261 2212 in
3306 2161 3538 2232 Scythas
3559 2172 3615 2216 ut

2027 2243 2359 2312 jubebantur
2411 2249 2606 2302 armati
2656 2249 2875 2303 vadunt.
2929 2251 3000 2303 At
3070 2249 3293 2305 Barbari
3365 2253 3482 2306 loco
3517 2253 3612 2306 de-

2032 2350 2219 2403 presso
2247 2353 2412 2406 prope
2435 2337 2626 2407 jugum
2655 2356 2720 2394 ex
2751 2356 2857 2408 quo
2895 2342 3246 2408 eminebant,
3275 2344 3487 2398 insidiis
3515 2359 3611 2412 po-

2032 2425 2152 2480 sitis
2181 2427 2404 2482 exitium
2432 2429 2663 2486 incautis
2692 2431 3147 2486 machinabantur
3179 2450 3192 2486 :
3235 2433 3476 2500 adeoque
3500 2433 3610 2500 jam

2033 2518 2328 2572 commisso
2354 2534 2478 2574 cum
2534 2521 2897 2576 iusessoribus
2959 2523 3319 2592 plaustrorum
3372 2525 3612 2580 intentos

2033 2611 2340 2676 certamini,
2372 2626 2402 2665 a
2430 2621 2577 2682 tergo
2613 2628 2826 2666 summo
2851 2614 3053 2682 impetu
3087 2616 3286 2680 adorti,
3328 2628 3612 2671 conserto-

2033 2703 2271 2770 queacri
2309 2704 2514 2773 ριἰειίο,
2557 2715 2829 2760 trecentos
2875 2722 2942 2762 ex
3001 2705 3137 2778 ipsis
3184 2725 3451 2778 generose
3509 2726 3606 2778 pu.

2033 2804 2262 2863 gnantes
2294 2807 2488 2850 necant
2522 2816 2535 2852 :
2571 2814 2707 2868 quos
2737 2800 2896 2870 longo
2930 2810 3174 2869 tempore
3202 2802 3329 2855 altis
3357 2803 3610 2870 Suspiriis

2033 2885 2334 2956 calidisque
2362 2887 2613 2959 lacrymis
2639 2898 2955 2954 prosecutus
2977 2892 3272 2959 imperator
3295 2900 3394 2952 est,
3429 2892 3609 2944 nomi-

348 2961 565 3032 χρῶσαι
648 2961 955 3032 δυνάμεις,
1015 2962 1270 3034 καθάπερ
1347 2965 1611 3030 πολλάκις
1683 2969 1923 3038 εἴρηται,

2033 2976 2201 3029 natim
2229 2993 2672 3048 unumquemque
2704 2980 3023 3047 inclamans,
3051 2991 3303 3049 tanquam
3334 2995 3437 3034 n0n
3464 2996 3611 3032 mor-

344 3053 483 3123 πρδς
549 3054 732 3123 μάχην
788 3057 900 3117 τοῖς
962 3055 1537 3126 ἀντικαθισταμὲνοις.
1615 3059 1922 3131 Τοιγαροῦν

344 3144 634 3213 γινώσκων
671 3147 869 3209 αὐτοὺς
912 3146 1056 3199 κατὰ
1085 3147 1182 3209 τὰς
1209 3147 1383 3215 αὐγὰς
1421 3151 1574 3220 ἡλίου
1609 3153 1688 3214 εἰς
1727 3170 1926 3221 προνο-

347 3237 455 3308 μὴν
499 3238 914 3306 ἐξερχομένους,
945 3239 1462 3309 μετακαλεσάμενος
1486 3244 1578 3294 τὴν
1609 3244 1921 3308 Ταττίκιον,

345 3325 406 3384 οὗ
431 3333 459 3383 ὁ
491 3329 650 3397 λόγος
675 3331 736 3382 ἐν
777 3331 991 3394 πολλοῖς
1025 3332 1325 3401 ἐμέμνητο,
1366 3334 1669 3388 ἐνετείλατο
1702 3354 1926 3404 συμπα-

344 3420 607 3495 ραλαὸεῖν
642 3420 761 3490 μεθ’
793 3420 990 3473 ἐαυτοῦ
1017 3422 1146 3483 τούς
1175 3439 1234 3474 τε
1263 3423 1634 3492 καλουμένους
1663 3425 1926 3494 ἡνδρειω-

343 3514 543 3584 μένους
574 3513 680 3568 τῶν
695 3512 943 3583 ἀγούρων
970 3514 1192 3586 (Η)καὶ
1222 3515 1328 3568 τῶν
1355 3518 1483 3583 περὶ
1501 3517 1596 3586 τὴν
1629 3517 1924 3587 θεραπείαν

341 3603 515 3658 αὐτοῦ
560 3605 910 3674 οἰκειοτέρων
940 3606 1063 3668 τοὺς
1103 3603 1336 3673 λογάδας
1367 3607 1614 3671 καὶτοὺς
1656 3609 1920 3674 Λατίνους

345 3699 604 3760 ἅπαντας
647 3698 742 3750 καὶ
762 3699 904 3752 κατὰ
927 3698 990 3751 τὸ
1021 3699 1347 3770 περίορθρον
1379 3701 1474 3764 τὰς
1513 3701 1784 3765 Σκυθικὰς
1833 3705 1926 3756 ἐκ-

341 3789 553 3858 δρομὰς
596 3788 1014 3852 διυπνισθέντας
1060 3791 1274 3860 τηρεῖν,
1339 3789 1470 3843 ὥσθ’
1518 3793 1757 3860 ὁπηνίκα
1797 3794 1923 3856 τοὺς

343 3883 560 3944 Σκύθας
609 3883 692 3946 είς
748 3883 1029 3952 προνομὴν
1090 3883 1330 3947 ἐξιόντας
1379 3885 1476 3952 τῆς
1541 3881 1676 3946 ἰδίας
1733 3887 1922 3958 πόρρω

339 3974 596 4042 γενέσθαι
622 3974 975 4046 παρεμϐολῆς
1001 3975 1368 4046 στοχάζοιντο,
1397 3977 1518 4027 κατ’
1550 3977 1730 4028 αὐτῶν
1757 3995 1911 4046 τηνι-

339 4067 519 4118 καῦτα
547 4064 704 4127 ὅλους
750 4066 994 4135 ῥυτῆρας
1021 4065 1288 4120 ἐνδοῦναι.
1334 4066 1389 4118 Ὀ
1430 4065 1485 4120 δέ
1523 4067 1663 4119 κατὰ
1691 4067 1750 4120 τὸ
1773 4070 1920 4122 ἐντε-

339 4157 609 4224 ταλμένον
670 4157 1006 4228 πεποιηκὼς,
1073 4159 1272 4211 κτείνει
1349 4159 1448 4228 μέν
1506 4161 1916 4228 τετρακοσίους,

340 4253 560 4316 ἱκανοὺς
594 4251 649 4304 δέ
689 4251 786 4305 καὶ⁸
828 4252 1068 4320 ζωγρίαν
1123 4253 1167 4284 ¹⁰
1215 4252 1363 4319 ἄγει.
1396 4253 1461 4305 Τί
1512 4253 1574 4305 τὸ
1621 4253 1914 4322 ἐντεῦθεη

2033 3079 2175 3136 tuos,
2201 3070 2293 3124 sed
2323 3086 2547 3141 peregre
2589 3071 2864 3140 profectos
2891 3089 3014 3127 cum
3063 3089 3159 3143 spe
3211 3073 3418 3128 reditus
3467 3073 3613 3128 arbi-

2031 3168 2288 3215 traretur.
2331 3160 2577 3218 Victores
2609 3162 2884 3220 Patziuaci
2919 3166 3147 3219 transita
3197 3165 3504 3233 Chariupoli
3541 3167 3608 3218 ad

2027 3253 2232 3323 Aprum
2271 3255 2495 3310 tendunt
2516 3267 2706 3312 cuncta
2727 3257 2904 3311 obiter
2930 3266 3224 3312 vastantes.
3251 3256 3388 3323 Quid
3408 3259 3610 3312 faceret

2029 3344 2324 3414 imperator
2366 3362 2501 3401 nova
2541 3348 2692 3402 clade
2748 3350 3006 3412 domitus,
3057 3350 3162 3404 nisi
3223 3351 3445 3402 audacia
3503 3364 3608 3403 non

2029 3436 2352 3490 succedente
2382 3439 2446 3490 ad
2502 3436 2772 3493 Fabianas
2826 3450 2972 3492 artes
3018 3449 3070 3492 et
3122 3450 3401 3504 expertam
3454 3443 3612 3504 paulo

2029 3538 2152 3582 ante
2183 3531 2379 3583 rediret
2415 3531 2751 3585 sustentandi
2799 3532 2922 3585 belli
2974 3531 3326 3584 methodum?
3374 3532 3610 3598 Occupat

2026 3635 2156 3690 ergo
2190 3621 2612 3675 destinationem
2666 3622 3028 3676 Barbarorum
3060 3633 3114 3675 et
3143 3638 3264 3674 cum
3299 3623 3413 3676 suis
3438 3626 3608 3690 Copiis

2026 3713 2090 3764 ad
2149 3722 2332 3782 aperte
2394 3712 2758 3780 pugnandum,
2817 3723 2871 3764 ut
2916 3728 3057 3779 sarpe
3081 3714 3344 3778 diximus,
3379 3715 3604 3768 nimium

2025 3805 2238 3872 paucis,
2268 3807 2332 3854 ad
2366 3803 2684 3856 tardandum
2717 3803 2877 3873 205
2931 3805 3198 3858 victorum
3246 3821 3465 3860 cursum
3519 3816 3605 3858 ut-

2025 3907 2239 3960 cunque
2273 3891 2618 3955 sull'ccturis,
2674 3896 2878 3963 Aprum
2941 3894 3241 3961 ingreditur
3291 3897 3604 3964 priusquam

2022 4004 2087 4043 eo
2117 3988 2330 4058 Scytha:
2360 3988 2756 4056 pervenissent.
2785 3987 2981 4040 Eodem
3037 3988 3269 4041 admotis
3339 3987 3607 4041 Barbaro-

2024 4097 2141 4136 rmn
2193 4081 2390 4134 castris
2431 4095 2552 4133 cum
2605 4082 2950 4148 cognovisset
3002 4079 3300 4149 imperator
3346 4080 3608 4150 postridie

2021 4177 2118 4229 sub
2142 4174 2271 4228 solis
2303 4182 2476 4226 ortum
2508 4174 2817 4238 prodituros
2850 4174 2973 4228 inde
3006 4175 3356 4243 praedatores,
3392 4189 3585 4228 accer-

2021 4267 2145 4333 sito,
2173 4267 2324 4330 cujus
2352 4279 2492 4332 saepe
2522 4266 2892 4330 Inetitinitutts,
2923 4265 3157 4320 Tattieio
3181 4267 3452 4321 mandavit
3474 4308 3488 4331 ,
3545 4277 3602 4321 ut

341 4343 876 4413 Καταλαμϐάνουσιν
919 4345 969 4396 οἱ
1001 4345 1095 4398 τοῦ
1143 4346 1185 4376 ²¹
1217 4347 1467 4416 Φλάντρα
1516 4348 1918 4412 ἀποσταλέντες

2032 4361 2252 4430 sumptis
2315 4374 2498 4413 secum
2560 4373 2590 4412 e
2645 4359 2954 4428 pwdagogio
3005 4360 3139 4413 aulae
3207 4360 3369 4429 regiis
3423 4361 3605 4426 pueris

339 4439 528 4500 ἱππεῖς
571 4437 817 4507 ἔκκριτοι
851 4439 986 4492 ὡσεὶ
1024 4440 1392 4506 πεντακόσιοι,
1460 4443 1706 4513 χάρισμα
1758 4444 1916 4512 κομί-

336 4531 522 4592 ζοντες
555 4529 731 4598 τούτῳ
765 4531 965 4595 ἵππους
998 4534 1285 4602 ἐκκρίτους
1326 4534 1418 4586 τὸν
1454 4535 1686 4605 αριθμδν
1721 4535 1918 4588 ἑκατὸν

343 4619 482 4690 πρὸς
503 4622 620 4683 τοῖς
655 4623 999 4690 πεντήκοντα
1020 4640 1034 4653 ·
1071 4625 1208 4678 ἀλλά
1243 4628 1338 4678 καὶ
1367 4627 1524 4690 ὅσους
1559 4627 1654 4696 τῆς
1691 4645 1917 4696 προκει-

339 4717 510 4785 μένης
557 4717 737 4782 αὐτοῖς
761 4719 948 4791 χρείας
1000 4717 1145 4792 εἶχον
1206 4725 1483 4788 ἐπέκεινα,
1543 4722 1918 4776 ἀποδεδώκασι

334 4808 513 4882 τούτῳ
530 4811 716 4882 τιμῆς.
760 4814 820 4867 ’0
857 4815 913 4868 δὲ
950 4814 1206 4886 βασιλεὺς
1248 4815 1487 4880 ’Λλέξιος
1517 4816 1914 4880 δεξιωσάμενος

2030 4452 2169 4505 bello
2200 4451 2312 4520 jam
2347 4450 2572 4504 maturis
2603 4452 2832 4519 (cohors
2863 4461 2981 4504 erat
3031 4465 3061 4502 e
3107 4467 3164 4504 re
3192 4467 3384 4505 nomen
3423 4461 3600 4514 nacta,

2027 4553 2084 4596 ut
2114 4543 2443 4609 epheborum
2479 4542 2533 4594 in
2563 4541 2715 4595 virile
2748 4543 2912 4595 robur
2947 4545 3254 4596 adultorum
3301 4543 3594 4612 diceretur)

2029 4632 2303 4685 ﬁdissimis
2357 4648 2571 4701 quoque
2623 4649 2759 4701 quos
2825 4635 3052 4687 haberet
3111 4635 3428 4688 domesticis
3485 4636 3605 4689 suis

2028 4725 2195 4794 ipsius
2221 4740 2281 4777 ac
2317 4725 2552 4787 famulis,
2582 4733 2838 4792 prmterea
2884 4724 3087 4778 Latinis
3113 4727 3402 4791 universis,
3424 4727 3600 4794 primo

2023 4815 2261 4870 diluculo
2331 4815 2624 4870 excubaret
2684 4816 2749 4869 ad
2821 4815 3182 4870 observandas
3249 4818 3601 4873 excursiones

1377 4972 1577 5032 Variae
1626 4973 1936 5034 lectiones
1974 4989 2049 5034 ex
2091 4973 2231 5034 cod.
2261 4973 2532 5037 Coislin.

411 5072 458 5103 "
515 5072 627 5126 τῶν
667 5072 953 5131 ἀνέκαθεν.
1027 5074 1069 5107 ’⁷
1112 5075 1268 5131 Deest
1311 5093 1409 5130 vox
1444 5077 1668 5130 Σκύθαι.

1788 5075 1831 5110 ³⁸
1855 5078 1946 5130 ἐπὶ
1982 5078 2166 5131 πολύν.

2299 5079 2342 5112 ³³
2370 5077 2698 5148 καθαπερεί.
2773 5080 2818 5112 ²⁰
2846 5078 3157 5150 ζωγρήσας.
3233 5082 3276 5113 ¹¹
3305 5086 3456 5154 παρὰ
3482 5082 3597 5154 τοῦ,

1412 5192 1550 5254 Car.
1605 5192 1920 5253 Dufresnii
1956 5194 2052 5252 Du
2088 5193 2308 5270 Cangii
2345 5201 2539 5254 notre.

405 5295 520 5356 (ιο)
551 5294 792 5360 Ἄκρον.
851 5298 1043 5362 Apros,
1070 5293 1317 5348 Thracirc
1349 5293 1507 5357 urbs,
1533 5295 1906 5358 an-biepism-

337 5366 438 5433 pali
497 5375 554 5418 cl:
607 5365 1019 5432 metropolitaua
1078 5363 1624 5433 dignitaterinsignis,
1687 5365 1752 5417 de
1800 5382 1904 5433 qua

337 5437 778 5496 Cantacuzenns,
813 5435 906 5488 lib.
934 5450 971 5494 ι.
995 5445 1049 5490 et
1074 5435 1294 5488 Veteres
1320 5432 1552 5486 Notium.

407 5505 523 5575 (ll)
566 5505 907 5571 ’Δγ-οὔρους.
948 5503 1060 5559 Hoc
1097 5503 1370 5575 vocabulo
1412 5505 1650 5575 ephebos
1680 5519 1706 5554 ιι
1737 5500 1910 5575 Thra-

342 5572 509 5628 cibus
560 5586 897 5642 nuncupatos
963 5589 1026 5628 ex
1093 5573 1376 5628 Eustathio
1450 5573 1654 5641 pridem
1722 5572 1907 5626 docuit

2022 5293 2090 5352 ΙΙ.
2139 5295 2467 5361 Stephanus,
2519 5311 2620 5362 qua
2666 5295 2856 5358 etiam,
2910 5296 3128 5349 notione
3177 5296 3386 5354 eadem.
3438 5311 3596 5348 nsum

2017 5365 2262 5418 Nil-etum
2296 5370 2550 5418 observat
2581 5364 2868 5417 Meursius.
2900 5363 3007 5418 Leo
3035 5365 3334 5419 Grammal.
3359 5381 3409 5430 [ι.
3443 5367 3544 5417 4;.0
3574 5381 3592 5418 ς

2015 5434 2363 5499 Θεασάμενος
2416 5434 2509 5487 οὖν
2554 5436 2716 5487 αὑτὸν
2780 5437 3110 5504 ἐπιαγουρον
3181 5435 3276 5488 καὶ
3335 5435 3587 5504 μεγάλην

2015 5504 2261 5574 κεφαλὴν
2300 5506 2513 5575 ἔχοντα,
2549 5504 2822 5576 ἐπέθηκεν
2850 5503 3132 5574 Κεφαλᾶν.
