3970 6200
251 291 343 353 593
1455 288 1788 350 ALEXlAD

1899 288 2050 364 LIB,
2073 289 2142 348 v1
2164 291 2208 350 ι.

3354 287 3459 350 59!

249 401 522 472 πειράζειν,
580 396 677 450 καὶ
731 393 888 456 αὖθις
933 395 1194 450 ἐνδιδόναι
1250 395 1340 448 τὸν
1393 396 1631 465 χαλινὸν,
1691 393 1786 446 καὶ

1892 396 2037 450 vobis
2061 398 2284 464 impetus
2319 399 2372 450 in
2406 399 2614 452 eosdem
2649 416 2678 452 a
2724 408 2876 468 ιρι-9ο·
2909 398 3104 467 factus,
3144 397 3458 466 improvisus

246 488 534 544 ἀποϐαίνειν
573 485 683 539 τῶν
743 485 949 552 ἵππων,
1009 486 1057 538 εί
1110 487 1204 538 καὶ
1253 485 1414 538 τοῦτο
1443 484 1574 554 χρή.
1625 483 1790 536 Ἀλλὰ

246 580 400 635 ταῦτα
430 580 524 650 μὲν
555 579 622 631 τά
651 579 750 646 τῆς
774 578 967 642 νυκτὸς
996 578 1154 649 ἔργα.
1183 579 1397 650 Μικρὸν
1426 579 1483 632 δὲ
1509 577 1789 644 ὑπνώσας,

245 675 350 727 ἐπεὶ
386 673 482 741 τῆς
509 671 720 741 ἡμέρας
767 670 868 742 ἤδη
931 669 1334 741 ῖεπιφωσκὼσης
1368 671 1417 703 ⁸⁵
1462 672 1511 723 οἱ
1569 670 1790 737 λογάδες

245 765 459 826 ἅπαντες
489 762 596 814 τῶν
656 761 880 815 Σκυθῶν
927 761 1423 830 διαπεραιωθέντες
1468 761 1562 816 τὸν
1619 777 1789 814 ποτα-

246 858 333 926 μὸν
359 857 419 911 θ’.
455 896 469 910 .
508 897 521 910 .
556 856 647 909 τὸν
682 857 917 927 πόλεμον
939 855 1229 925 ἀναζητεῖν
1261 855 1530 925 ἐῴκεσαν,
1561 854 1656 907 καὶ
1687 855 1789 924 ἤδη

243 949 399 1018 πέρας
444 947 471 999 ὁ
524 945 619 999 τοῦ
680 947 1088 1016 αὐτοκράτορος
1147 945 1419 1016 ἐλάμϐανε
1485 945 1791 1014 στοχασμὸς

244 1041 416 1111 (δεινὸς
460 1040 568 1111 γὰρ
613 1035 681 1110 ἦν
739 1040 1060 1110 προϊδέσθαι
1105 1040 1164 1092 τὸ
1227 1039 1441 1110 μέλλον,
1497 1037 1790 1108 ἐμπειρίαν

240 1133 421 1201 πολλὴν
457 1135 522 1201 τῇ
586 1135 884 1201 πυκνότητι
939 1131 1050 1185 τῶν
1109 1133 1378 1200 ὁσημέραι
1437 1131 1556 1184 κατ’
1622 1127 1791 1183 αὐτοῦ

239 1221 664 1292 ἐπανισταμένων
691 1223 942 1291 πολέμων
968 1220 1169 1281 λαϐὼν)
1204 1221 1398 1284 ἐπιϐὰς
1443 1223 1790 1291 παραχρῆμα

237 1314 319 1368 τοῦ
349 1316 532 1378 ἵππου,
557 1315 656 1384 τὴν
717 1314 968 1367 ἐνυάλιον
1004 1313 1214 1385 ὴχῆσαι
1263 1312 1600 1382 προσέταττε
1664 1311 1792 1365 σάλ-

237 1425 409 1475 πιγγα,
439 1408 533 1460 καὶ
586 1407 686 1470 τὰς
734 1407 1023 1475 φάλαγγας
1076 1407 1564 1476 καταστησάμενος
1625 1406 1790 1469 αὐτὸς

237 1500 317 1551 ἐπὶ
344 1499 428 1551 τοῦ
463 1498 721 1568 μετώπου
751 1499 1016 1568 εἱστήκει.
1055 1497 1230 1568 Ὁρῶν
1283 1497 1340 1549 δὲ
1399 1497 1525 1560 τοὺς
1578 1496 1790 1560 Σκύθας

240 1588 554 1659 ἰταμώτερον
595 1589 626 1658 ἦ
674 1588 945 1658 πρότερον
1005 1587 1648 1657 ὲπικαταλαμϐἀνοντας,
1692 1604 1790 1640 πα-

236 1682 470 1751 ραχρῆμα
500 1681 627 1742 τοὺς
658 1680 759 1748 τῆς
791 1680 1003 1743 τοξείας
1027 1679 1321 1748 εἰδήμονας
1359 1679 1635 1746 ἀπ-·.6ἦναι
1679 1679 1790 1730 τῶν

235 1776 396 1826 ἵππων
425 1774 518 1826 καὶ
561 1772 731 1842 βάδην
766 1773 888 1826 κατ’
913 1773 1096 1825 αὐτῶν
1128 1772 1271 1824 ἱέναι
1309 1772 1647 1839 ἐπέσκηψεν,
1692 1771 1787 1823 καὶ

236 1868 408 1934 συνεχῆ
432 1866 498 1920 τὰ
537 1865 667 1928 τόξα
692 1865 922 1916 τείνεινο
952 1866 1009 1917 τὸ
1032 1865 1088 1918 δέ
1118 1881 1181 1932 γε
1211 1863 1399 1916 λοιπὸν
1431 1861 1792 1929 παρατάξεως

235 1957 435 2009 κατόπιν
457 1955 666 2009 τούτων
691 1957 800 2008 ἵετο
829 1956 920 2008 καὶ
956 1955 1116 2018 αὐτὸς
1140 1957 1167 2008 ὁ
1201 1954 1561 2025 αὐτοκράτωρ
1593 1953 1652 2005 τὸ
1691 1953 1792 2022 μὲ-

234 2066 311 2100 σον
329 2048 524 2101 διέπων
555 2046 651 2100 τοῦ
689 2047 1124 2118 στρατεύματος.
1181 2049 1242 2098 Οἱ
1271 2045 1328 2098 δὲ
1377 2047 1490 2105 τοῖς
1548 2043 1790 2106 Σκύθαις

235 2140 355 2208 μετᾶ
385 2138 594 2208 τόλμης
624 2137 980 2207 προσέϐαλον.
1039 2139 1328 2207 Καρτερᾶς
1364 2136 1419 2188 δὲ
1451 2137 1546 2205 τῆς
1611 2137 1790 2204 μάχης

233 2235 515 2302 γεγονυίας,
557 2234 617 2285 τὸ
643 2234 740 2300 μὲν
770 2233 870 2302 τὴν
902 2233 1217 2302 πυκνότητα
1264 2231 1375 2284 τῶν
1414 2230 1608 2301 βελῶν,
1649 2230 1708 2282 τὸ
1733 2229 1788 2281 δὲ

233 2326 424 2378 καὶτὸν
473 2324 578 2378 τοῦ
629 2322 946 2392 Ῥωμαϊκοῦ
967 2325 1349 2391 συντάγματος
1405 2322 1787 2390 συνασπισμὸν

230 2419 459 2487 ἱρῶντες,
497 2417 604 2472 καὶ
642 2417 805 2472 αὑτὸν
847 2417 910 2488 δὴ
971 2416 1062 2468 τὸν
1103 2415 1484 2485 αὐτοκράτορα
1527 2413 1788 2485 ἐκθύμως

235 2513 560 2582 μαχόμενον,
597 2511 1093 2582 ὲκδειματωθέντες
1159 2509 1595 2578 παλιμπόρευτοι
1631 2508 1788 2575 γεγό-

230 2605 746 2674 νασιτδνποταμδν,
793 2607 872 2667 είς
909 2604 1159 2656 τούπίσω
1219 2601 1544 2664 σπεύδοντες
1593 2601 1788 2653 διαπε-

231 2700 314 2767 ιᾷν
342 2698 469 2768 πρὸς
494 2697 604 2759 τὰς
637 2697 785 2766 σφῶν
818 2695 1152 2766 ἁρμαμάξας
1198 2693 1298 2762 τὴν
1358 2693 1537 2763 φυγὴν
1603 2692 1790 2744 ποιού-

231 2805 379 2855 μενοι.
424 2789 690 2842 Ἐδίωκον
733 2788 840 2858 γὰρ
887 2788 1044 2850 ὅλους
1108 2786 1347 2857 ροτῆρας
1408 2785 1451 2815 ⁸⁸
1485 2783 1714 2853 ἀφέντες
1740 2783 1789 2835 οἱ

226 2881 305 2950 τῆς
375 2882 702 2952 Ῥωμαῖκῆς
749 2882 793 2915 ⁸³
853 2880 1153 2948 φάλαγγος,
1209 2879 1260 2930 οἱ
1313 2877 1413 2949 μὲν
1444 2879 1557 2940 τοῖς
1603 2877 1790 2946 δόρασι

228 2975 350 3026 κατὰ
373 2975 480 3027 τῶν
512 2972 881 3045 μεταφρένων
909 2972 1187 3032 παίοντες,
1221 2970 1272 3021 οἱ
1327 2969 1386 3022 δὲ
1433 2972 1546 3032 τοῖς
1606 2967 1789 3038 βέλεσι

1891 489 2008 542 item
2040 500 2087 542 et
2123 493 2411 542 vehemens.
2453 489 2668 544 Dictum
2691 530 2705 553 ,
2754 488 2976 544 factum.
3008 488 3119 544 Nec
3183 490 3462 544 exsecutio

1893 593 2187 650 praecepto.
2218 599 2318 638 nec
2353 586 2566 653 incepto
2590 585 2893 638 destinatus
2922 584 3098 637 exitus
3129 583 3324 638 defuit.
3359 583 3465 636 Ex-

1895 676 2095 746 templo
2126 676 2399 746 Augustus
2430 678 2480 728 in
2526 687 2746 744 partem
2765 676 2946 744 operis
2971 676 3073 728 sibi
3122 676 3460 745 desumptam

1893 767 2133 822 intentus
2164 769 2227 820 ad
2264 767 2476 820 fortiter
2495 767 2846 834 excipiendos
2873 781 3011 834 quos
3040 765 3092 819 in
3126 779 3185 818 se
3215 773 3462 820 avertere

1893 875 2012 913 cras
2041 860 2265 930 parabat
2285 858 2517 930 Scythas
2542 873 2724 913 curam
2743 872 2954 912 omnem
2981 874 3041 912 ac
3057 857 3458 912 contentionem

1891 954 2076 1008 vertit.
2112 953 2369 1008 Somnum
2419 953 2506 1009 illa
2539 963 2694 1007 nocte
2723 967 2827 1006 non
2861 953 3034 1015 vidit,
3085 966 3148 1006 ac
3176 967 3241 1005 ne
3266 951 3460 1004 conni-

1892 1059 2018 1100 vere
2047 1045 2260 1114 quidem
2302 1044 2609 1113 palpebram
2637 1059 2826 1112 passus
2857 1053 2974 1108 est,
3007 1051 3151 1096 totus
3195 1042 3248 1096 in
3280 1057 3464 1096 accer-

1895 1137 2076 1190 sendis
2101 1174 2117 1199 ,
2155 1135 2574 1196 confirmandis.
2621 1134 3137 1203 commonendisqne
3163 1133 3462 1195 militibus,

1886 1227 2278 1300 jacnlatoribus
2295 1229 2595 1296 praesertlm
2620 1227 2815 1296 quibus
2835 1225 3182 1294 prtecipiebat
3207 1225 3368 1278 multa
3396 1224 3463 1278 ad

1894 1334 2047 1372 usum
2082 1333 2274 1388 pugnae
2307 1319 2557 1372 crastinas
2579 1358 2594 1384 ,
2627 1319 2690 1371 de
2720 1320 2879 1371 modo
2913 1331 3072 1385 quam
3105 1316 3339 1370 maxime
3365 1330 3466 1369 no-

1893 1409 2049 1464 cendi
2095 1409 2356 1472 barbaris.
2385 1409 2557 1476 deque
2593 1408 2792 1477 Optima
2831 1408 3040 1460 ratione
3073 1406 3321 1460 tondendi
3381 1420 3467 1459 ar-

1893 1516 1988 1555 cus
2019 1501 2293 1570 jacnliqne
2323 1498 2663 1554 collimeandi
2695 1514 2712 1552 :
2743 1515 2842 1552 nec
2864 1497 3083 1552 erudire
3111 1497 3275 1551 verbo
3303 1497 3368 1550 ad
3402 1511 3467 1551 ea

1893 1597 2180 1641 contentus
2238 1585 2398 1641 etiam
2462 1586 2792 1648 exercebat,
2853 1583 3228 1652 formabatque
3280 1599 3466 1648 manu,

1894 1689 2202 1733 monstrans
2233 1678 2395 1732 etiam
2430 1678 2505 1731 uti
2537 1689 2881 1745 compescere
2916 1676 3187 1730 interdum
3223 1676 3468 1742 angustis

1895 1772 2120 1826 habenis
2146 1786 2208 1824 ac
2235 1770 2510 1823 reflectere
2543 1777 2818 1837 oporteret
2849 1783 3068 1837 equum,
3099 1777 3152 1820 ut
3181 1768 3469 1821 admittere

1894 1878 2081 1917 rursus
2125 1861 2320 1914 laxatis
2345 1858 2512 1914 frenis
2531 1899 2546 1923 ,
2573 1869 2631 1911 ut
2659 1858 2830 1928 perite
2862 1859 3230 1927 expediteque
3251 1857 3302 1910 in
3332 1867 3469 1910 tem-

1893 1969 2025 2025 pore
2065 1954 2302 2008 desilire.
2339 1952 2464 2006 llzec
2500 1952 2644 2005 illam
2681 1959 2892 2004 noctem
2925 1950 3268 2017 imperatoris
3303 1965 3465 2018 opera

1893 2046 2130 2111 fuerunt,
2177 2045 2279 2099 nisi
2326 2045 2465 2112 quod
2499 2042 2600 2096 sub
2654 2041 2890 2110 vigiliam
2923 2053 3220 2094 extremam
3256 2039 3464 2093 modica

1892 2139 2070 2207 quiete
2095 2148 2325 2205 sumpta,
2357 2136 2446 2191 die
2471 2135 2848 2190 illuscescente
2873 2135 3076 2188 audivit
3099 2147 3329 2201 moxque
3354 2131 3468 2197 ipse

1891 2232 2027 2284 vidit
2051 2232 2212 2284 duces
2235 2229 2558 2300 Scytharum
2585 2242 2705 2282 cum
2733 2225 3036 2292 instructis,
3069 2235 3124 2280 ut
3149 2225 3465 2296 apparebat,

1893 2323 2234 2394 adprzelium
2266 2321 2437 2390 copiis
2468 2321 2664 2375 vadere
2695 2320 2748 2374 in
2776 2319 3073 2384 ltomanos,
3101 2319 3322 2388 jamque
3355 2327 3467 2372 tra-

1885 2419 2086 2489 jecisse
2111 2414 2353 2469 ﬂuvium.
2388 2414 2480 2468 Sic
2507 2413 2649 2482 quod
2683 2413 2980 2482 imperator
3009 2411 3470 2479 Uzmﬁtlonastrar—

1891 2525 1996 2580 que
2019 2509 2258 2562 futurum
2298 2504 2624 2575 praedixerat
2650 2501 2856 2556 evenit.
2898 2501 2963 2554 Et
2993 2517 3189 2556 novum
3216 2500 3267 2554 id
3301 2516 3464 2554 unum

1891 2600 1957 2654 de
1983 2597 2232 2666 plurimis
2261 2595 2693 2664 experimentum
2730 2591 2830 2646 fuit
2861 2592 3076 2647 eximia:
3101 2592 3307 2662 peritia:
3339 2607 3469 2646 con-

1892 2688 2132 2758 jectandi
2173 2695 2430 2753 certoque
2471 2682 2860 2753 pronuntiandi
2887 2683 2950 2735 de
2995 2682 3191 2738 futuris
3220 2681 3344 2736 belli
3377 2697 3468 2736 ca-

1893 2782 2043 2836 s‘hus
2066 2818 2081 2842 ,
2113 2793 2219 2848 qua
2257 2791 2472 2842 semper
2503 2774 2719 2828 Alexius
2751 2773 3037 2833 excelluit.
3072 2788 3194 2827 eum
3227 2771 3462 2826 fructum

1895 2891 1961 2929 ex
2009 2886 2203 2942 magno
2239 2885 2336 2925 usu
2392 2870 2655 2936 longaque
2705 2876 2760 2921 et
2808 2865 3077 2920 laboriosa
3129 2865 3466 2933 experientia

1897 2979 2076 3019 rerum
2114 2962 2317 3015 militiae
2351 2959 2697 3013 toleratarum
2724 2965 3136 3026 gestarumque,
3171 2955 3315 3009 inter
3335 2954 3469 3011 alios

226 3063 426 3127 τούτους
465 3065 791 3135 βάλλοντες.
823 3063 1019 3117 Πολλοὶ
1052 3063 1150 3133 μὲν
1182 3061 1274 3114 οὖν
1305 3061 1415 3132 πρὸ
1480 3060 1578 3115 τοῦ
1633 3060 1788 3130 παρὰ

1895 3057 2146 3126 adeptus,
2205 3052 2504 3120 reputando
2562 3048 2814 3104 videlicet
2864 3047 3368 3117 comparandoque,
3417 3053 3473 3100 et

225 3155 274 3206 τὶ
300 3158 460 3225 χεῖλος
491 3157 808 3224 ἐφθακέναι
836 3155 931 3208 τοῦ
960 3155 1210 3223 ποταμοῦ
1261 3151 1646 3223 ἀναιρεθέντες
1692 3154 1780 3204 πί-

226 3262 413 3313 πτουσι,
448 3248 647 3302 πολλοὶ
703 3248 757 3300 δὲ
790 3249 884 3299 καὶ
923 3247 1028 3300 ἀνὰ
1068 3247 1270 3316 κράτος
1325 3244 1620 3316 φεύγοντες
1666 3247 1785 3308 ταῖς

224 3335 373 3401 δὶναις
426 3339 814 3408 ἐμπίπτοντες
859 3338 954 3390 τοῦ
1013 3336 1268 3405 ποταμοῦ
1341 3336 1786 3406 παρασυρόμενοι

227 3431 574 3500 ἀπεπνίγοντο
605 3432 670 3487 ⁷ο.
722 3430 1120 3500 Ἐκθυμότερον
1145 3431 1201 3483 δὲ
1232 3428 1488 3482 ἁπάντων
1520 3428 1659 3480 κατά
1688 3429 1787 3498 τὴν

230 3521 418 3592 ἡμέραν
461 3523 687 3592 ἐκείνην
744 3524 796 3574 οἱ
851 3521 976 3590 περὶ
1028 3521 1118 3574 τὸν
1176 3519 1552 3590 αὐτοκράτορα
1602 3517 1790 3571 διαπο-

230 3613 455 3682 νούμενοι
481 3616 824 3685 θεράποντες
861 3613 1218 3682 ἠγωνίσαντο.
1255 3607 1438 3665 Ἦσαν
1468 3610 1575 3679 γὰρ
1606 3610 1790 3679 ἀκμῆ-

230 3723 306 3770 τες
334 3708 594 3771 ἀπαντες.
615 3711 672 3761 '0
699 3709 760 3782 6é_
784 3725 846 3776 γε
881 3708 1240 3776 αὐτοκράτωρ
1273 3704 1498 3774 ἔκδηλος
1530 3702 1788 3770 ἀριστεὺς

229 3798 350 3850 κατὰ
398 3799 634 3868 ταυτηνὶ
702 3799 800 3868 τὴν
855 3798 1071 3867 ἡμέραν
1125 3795 1490 3861 ἀναδειχθεὶς,
1554 3791 1785 3863 νικητὴς

230 3889 344 3954 πρὸς
373 3891 467 3958 τὴν
493 3891 636 3943 ἰδίαν
659 3906 798 3960 παρε
810 3889 1008 3959 μϐολὴν
1035 3888 1136 3942 ὓπέ
1148 3887 1396 3956 στρ-εψεν.

1885 3147 2202 3205 memoriam
2233 3141 2889 3210 animadversionemque-
2918 3137 3133 3194 cunctis
3179 3138 3465 3193 eventibus

1887 3236 2215 3294 adhibmulo.
2253 3235 2402 3290 Tunc
2432 3249 2564 3304 ergo
2591 3233 2771 3288 statim
2798 3247 2938 3303 equo
2966 3245 3266 3301 conscenso
3309 3229 3470 3285 simul

1890 3331 2187 3402 phalanges
2225 3328 2459 3392 ordinat,
2500 3325 2723 3393 acieque
2757 3324 3027 3389 descripta
3067 3323 3182 3390 ipse
3217 3322 3269 3376 in
3295 3323 3473 3375 fronte.

1898 3425 2072 3476 locum
2106 3421 2292 3475 sumit.
2326 3419 2456 3473 lude
2487 3417 2924 3471 animadvertens
2955 3415 3188 3470 ferocius
3221 3413 3465 3467 concita-

1895 3519 2112 3582 tinsque
2143 3513 2305 3569 solito
2364 3510 2548 3565 venire
2601 3507 3224 3579 Scythas,jaculatores
3271 3505 3471 3574 raptim

1895 3607 2230 3664 exscendere
2251 3619 2314 3660 ex
2352 3602 2698 3672 equisjubet,
2738 3601 2923 3669 sicque
2953 3596 3244 3669 procedere
3277 3595 3473 3648 adver-

1898 3717 1990 3756 sos
2031 3697 2304 3761 barbaris,
2358 3705 2572 3749 maturo
2604 3693 3098 3759 gradu,_nusquam
3134 3688 3358 3741 remissa
3387 3685 3472 3754 ja-

1900 3792 2206 3854 culatione;
2257 3795 2378 3854 post
2410 3801 2505 3840 eos
2536 3785 2848 3838 universum
2887 3781 3001 3850 ipse
3034 3778 3242 3832 medius
3277 3793 3468 3846 agmen

1901 3876 2382 3934 animansductat.
2408 3873 2674 3927 Audacter
2694 3870 2954 3933 imperata
2978 3868 3183 3921 faciunt
3208 3865 3469 3934 praemissi

229 3986 396 4042 velites
424 3996 476 4042 ct
509 3985 631 4041 acri
658 3987 864 4040 eminus
890 3985 1178 4039 commisso
1208 3985 1507 4035 certamine
1543 3976 1846 4033 incredibili
1871 3975 2080 4046 ingesta
2102 3969 2444 4026 multitudine
2510 3967 2740 4020 telorum
2809 3963 3056 4018 hostilem
3113 3961 3253 4016 haud
3312 3961 3472 4014 dubie

229 4083 484 4136 retardant
523 4082 815 4151 impetum.
852 4079 1030 4133 Semel
1062 4078 1344 4133 concussis
1385 4087 1688 4131 extremum
1720 4079 1784 4129 ad
1827 4081 2094 4128 terrorem
2146 4069 2394 4137 fugatque
2478 4063 2767 4120 consilium
2817 4068 3151 4114 momentum
3239 4057 3472 4114 accessit

229 4162 556 4227 formidolosa
614 4173 823 4242 species
882 4173 1143 4227 Romana:
1225 4170 1381 4236 aciei,
1441 4179 1813 4238 consertaeque
1854 4182 2024 4222 nexus
2077 4162 2408 4233 phalangis:
2446 4173 2606 4228 super
2636 4157 2816 4211 omnia
2865 4153 3032 4208 facies
3058 4153 3173 4222 ipsa
3203 4151 3473 4217 minaeque

228 4261 464 4325 spirantis
501 4279 769 4330 martem,
803 4268 1117 4337 ruentisque
1148 4266 1200 4320 in
1230 4265 1528 4336 perniciem
1566 4265 1809 4333 ipsorum
1851 4278 1956 4318 non
2010 4261 2227 4314 dubiam
2283 4253 2644 4326 imperatoris.
2679 4250 2841 4321 215
2892 4249 3034 4320 Ergo
3100 4249 3267 4317 tergis
3332 4246 3471 4300 haud

227 4351 614 4411 dissimulanter
643 4361 814 4411 versis
843 4357 1060 4411 fluvium
1097 4358 1324 4428 impigre
1347 4365 1634 4426 repetunt,
1669 4357 1979 4424 iterumque
2021 4353 2326 4422 trajiciunt,
2391 4348 2456 4402 ad
2518 4361 2616 4400 sua
2693 4347 2939 4414 plaustra
2987 4351 3275 4410 castraque
3346 4353 3472 4407 pro-

228 4455 478 4506 perantes.
542 4447 716 4502 Instat
769 4448 1050 4519 fugacibus
1104 4458 1216 4503 toto
1269 4449 1468 4517 impetu
1513 4447 1753 4501 Rcuaua
1798 4446 2033 4517 phalanx
2096 4453 2148 4497 et
2203 4443 2398 4512 partim
2470 4439 2643 4492 hastis
2695 4435 2940 4490 cominus
2990 4433 3237 4489 fodiendo
3306 4443 3469 4498 terga,

228 4538 406 4600 partim
463 4539 681 4593 eminus
746 4543 958 4611 sagittis
1014 4540 1246 4612 figendo,
1318 4543 1516 4597 multos
1566 4552 1855 4610 antequam
1901 4541 1967 4592 ad
2022 4553 2234 4592 amnem
2290 4533 2663 4603 pervenissent
2711 4539 3004 4584 sternunt:
3052 4526 3200 4581 multi
3247 4522 3473 4577 ulterius

229 4625 335 4697 fuga
364 4635 534 4687 evecti
572 4633 868 4689 verticibus
899 4633 1136 4687 [luminis
1171 4635 1350 4689 hausti
1392 4633 1780 4704 przet'ocatiquc
1823 4632 2056 4700 periere.
2109 4628 2557 4681 Animadversum
2599 4629 2682 4677 est
2747 4620 3065 4675 lllClJrltiSse
3132 4616 3471 4685 pOtissimum

227 4722 368 4780 factis
390 4726 622 4782 fortibus
685 4743 751 4783 eo
817 4729 903 4783 die
975 4731 1228 4784 virtutem
1297 4731 1717 4785 domesticorum
1750 4721 2474 4791 famulorumimperatoris,
2525 4733 2664 4788 quos
2695 4717 2759 4771 ad
2812 4714 3183 4785 quotidianum
3227 4711 3475 4768 ministe-

227 4819 349 4871 rium
368 4820 664 4877 adhibebat
688 4823 929 4890 intimos,
961 4825 1131 4880 lectos
1160 4841 1370 4892 omnes,
1405 4826 1642 4894 etgplcno
1674 4825 1770 4877 teri
1803 4822 1996 4875 robore
2017 4821 2263 4889 juvenes.
2295 4817 2414 4886 ipse
2436 4816 2725 4894 ’Augustus
2784 4812 3000 4866 hetoica
3061 4809 3260 4864 νίτιυιε
3314 4817 3474 4876 al{ille

226 4916 438 4971 consilio
485 4917 930 4985 splemlidissimae
965 4919 1200 4974 victorias
1251 4935 1471 4987 compos
1518 4920 1615 4972 ista
1662 4917 1778 4970 luce
1818 4915 1992 4969 factus
2025 4915 2074 4967 in
2105 4919 2286 4966 castra
2316 4926 2373 4965 se
2412 4909 2616 4978 recepit
2648 4921 2768 4962 sua.

285 5013 402 5066 Ἐττε
430 5015 576 5084 τρισὶ
606 5013 734 5083 γοῦν
763 5017 998 5086 ἡμέραις
1020 5015 1182 5068 αὑτοῦ
1207 5033 1307 5068 που
1355 5015 1788 5082 διαναπαυσάμε-

1972 5011 2160 5065 Trium
2209 5010 2281 5062 ibi
2337 5007 2548 5060 dierum
2601 5005 2781 5072 quiete
2835 5011 3012 5071 capta,
3068 5003 3360 5055 Tznrulum
3418 5017 3475 5054 se

228 5119 306 5162 νος
340 5105 548 5156 ἐκεῖθεν
591 5105 808 5175 ἀπάρας
837 5104 1244 5175 καταλαμϐάνει
1290 5104 1387 5175 τὴν
1434 5102 1788 5174 Τζουρουλόν.

1906 5101 2181 5156 transtulit
2224 5118 2237 5153 :
2265 5099 2408 5153 unde
2433 5112 2537 5151 non
2563 5097 2673 5152 cito
2703 5095 2804 5148 sibi
2843 5095 3182 5163 migrandum
3219 5109 3338 5147 eum
3363 5104 3477 5146 sta-

229 5193 503 5263 Σκοπήσας
529 5195 582 5248 δὲ
625 5196 698 5258 ὡς
725 5195 830 5268 χρὴ
867 5196 939 5266 μὴ
971 5195 1178 5266 ταχέως
1204 5197 1408 5249 ἐκεῖθεν
1441 5195 1788 5264 μεταστῆναι,

1905 5193 2117 5256 luisset,
2149 5200 2328 5245 castra
2355 5190 2492 5250 suis,
2524 5202 2644 5256 quae
2681 5195 2793 5239 tum
2830 5195 3006 5248 erant,
3033 5186 3282 5239 omnibus
3308 5186 3478 5253 copiis

228 5283 421 5354 τάφρον
469 5288 795 5357 ἀποχρῶσαν
842 5288 976 5356 πρὸς
1023 5287 1084 5339 τὸ
1126 5286 1584 5355 ἀνατολικώτερον
1633 5287 1788 5354 μέρος

1903 5281 2036 5336 satis
2058 5279 2232 5349 ampla
2266 5279 2540 5349 capiendis
2572 5277 2637 5330 ad
2675 5276 2993 5330 orientalem
3026 5277 3204 5345 oppidi
3244 5287 3476 5330 metatus

229 5372 314 5423 τοῦ
345 5373 616 5442 πολιχνίου
660 5377 774 5438 ταῖς
818 5375 1146 5444 προσούσαις
1187 5375 1336 5444 αὑτῷ
1379 5376 1638 5444 δυνάμεσι
1688 5373 1788 5427 διο-

1904 5383 2132 5440 partem,
2160 5371 2300 5425 vallo
2345 5386 2406 5423 ea
2459 5371 2716 5437 fossaque
2752 5368 3014 5432 munivit,
3045 5367 3222 5436 quoad
3259 5367 3475 5419 abunde

237 5459 427 5527 Ρῦξας.
477 5467 578 5536 τήν
621 5484 680 5520 τε
732 5466 1014 5537 βασιλικὴν
1073 5465 1277 5536 σκηνὴν
1312 5467 1404 5519 καὶ
1452 5467 1549 5528 τὰς
1599 5466 1788 5528 σκευὰς

1904 5472 2017 5517 tuta
2040 5463 2288 5529 credidit,
2316 5471 2373 5514 ttt
2398 5461 2483 5526 iis,
2503 5459 2647 5530 quod
2679 5474 2798 5514 mox
2821 5458 2972 5524 fecit,
2992 5456 3282 5530 Augustale
3298 5471 3476 5552 suum,

1259 5578 1463 5641 Varia;
1493 5577 1800 5641 lectiones
1841 5593 1920 5639 ex
1950 5578 2090 5640 cod.
2125 5571 2402 5638 Coislin.

291 5697 333 5728 ’⁸
373 5701 820 5776 mammam.
899 5708 940 5740 ⁸⁷
976 5709 1219 5778 ποταμὸν
1272 5707 1364 5762 τὸν
1413 5706 1668 5776 πόλεμον.
1749 5706 1791 5738 δ’
1827 5705 2089 5774 ῥυτῆρας.
2167 5703 2212 5736 θ’
2251 5701 2566 5772 Ῥωμαίων,
2644 5704 2688 5734 ⁷⁸
2745 5697 3192 5764 έναπεπνίγοντο.
