3970 6200
324 203 432 268 597

1561 206 1975 268 ALEXIADIS
2006 209 2154 271 LIB.
2179 209 2311 273 VH.

3485 213 3593 277 598

323 309 557 380 τροχοὺς
593 311 732 380 μετὰ
770 311 880 365 τῶν
925 311 1131 379 ἀξόνων
1186 311 1396 366 ἄνωθεν
1442 311 1591 366 κάτω
1637 329 1886 383 κατακρη

2023 334 2109 374 ros
2137 332 2338 386 pronos
2373 319 2428 375 in
2481 320 2738 392 impetum
2769 331 2959 380 contra
2994 337 3053 379 se
3083 323 3272 380 ruendi
3304 339 3592 382 cernerem

327 401 639 470 μνίξεσθαι.
689 403 939 472 Ἐγένετο
978 404 1148 459 ταῦτα
1198 403 1340 458 κατὰ
1382 403 1443 456 τὸ
1501 403 1594 457 τοῦ
1651 405 1918 474 βασιλέως

325 493 724 564 παράγγελμα.
768 496 880 549 Καὶ
929 496 1117 566 ἀθρόοι
1202 496 1302 564 μέν
1351 494 1728 565 ἑπαράξαντες
1777 491 1918 566 ἦσαν

321 583 375 637 οι
407 585 612 640 Σκύθαι
645 587 742 639 σύν
783 587 1087 658 ἀλαλαγμῷ
1140 588 1461 659 βαρϐαρικῷ
1490 590 1717 641 ἱππόται
1775 573 1917 639 κατὰ

322 677 430 747 τῆς
475 678 768 750 ἡμεδαπῆς
819 681 1202 749 παρατάξεως,
1254 681 1391 753 πεζῇ
1437 683 1530 735 καὶ
1585 681 1754 752 βάδην
1790 681 1913 734 κατ’

323 767 510 821 αὐτῶν
544 769 773 838 ἱεμένων
805 770 1045 834 πάντων,
1104 773 1264 840 μόνου
1295 773 1350 826 δέ
1383 774 1478 826 τοῦ
1509 773 1915 845 αὐτοκράτορος

325 858 527 927 ἐπόχου
579 859 965 926 συγκατιόντος
1008 861 1215 924 αὐτοῖς.
1273 863 1334 914 Οἱ
1391 862 1447 915 δὲ
1490 862 1630 916 κατᾶ
1682 862 1779 932 τὴν
1818 861 1912 915 τοῦ

322 951 732 1021 αὐτοκράτορος
753 952 950 1022 τέχνην
981 951 1159 1020 ὀλίγον
1188 952 1315 1019 γόνυ
1348 951 1537 1021 γουνὸς
1584 953 1914 1021 ἀμείψαντες

323 1043 423 1097 καὶ
472 1036 584 1096 οἷον
617 1042 1044 1106 άναποδίσαντες
1086 1043 1469 1113 διεσχίσθησαν
1509 1043 1604 1097 ἀπ’
1641 1044 1909 1113 ἀλλήλων,

320 1135 404 1197 ὠς
439 1134 543 1186 οὐκ
571 1133 638 1186 ἄν
671 1151 756 1196 τις
811 1133 1060 1205 ἤλπισεν,
1096 1134 1284 1206 ῶσπερ
1335 1134 1505 1205 θύραν
1529 1136 1640 1197 τοῖς
1694 1135 1915 1206 Βαρϐά-

322 1243 445 1296 ροις
506 1225 854 1296 πλατυτάτην
919 1231 1000 1290 εἱς
1047 1225 1144 1297 τὴν
1218 1227 1422 1281 εἴσοδον
1468 1225 1804 1297 ἀνεῴξαντες
1839 1227 1910 1283 ⁸⁸.

318 1318 436 1371 Καὶ
477 1317 597 1389 ἅμα
640 1321 690 1372 οἱ
740 1321 839 1388 μὲν
875 1319 1080 1374 Σκύθαι
1128 1319 1260 1373 εῖσω
1301 1319 1395 1373 τοῦ
1439 1319 1485 1352 ⁸³
1538 1319 1761 1388 στομίου
1812 1319 1911 1389 τῆς

319 1407 672 1476 ἑκατέρωθεν
707 1409 988 1477 φάλαγγος
1033 1408 1078 1441 ⁸⁸
1108 1408 1478 1477 ἐγεγόνεισαν,
1512 1408 1562 1462 οἱ
1609 1408 1667 1461 δέ
1721 1408 1910 1479 τροχοὶ

321 1497 470 1567 μετά
503 1516 648 1562 τινος
693 1501 876 1571 ῥοίζου
919 1501 1012 1553 καὶ
1063 1502 1379 1572 καταφορᾶς
1417 1499 1732 1571 ἐνεχθέντες
1769 1500 1910 1571 ὑπὲρ

319 1591 532 1660 πῆχυν,
569 1591 675 1644 άπὸ
722 1591 816 1644 τοῦ
847 1590 1060 1666 ¹ςεείχους
1109 1593 1344 1656 ἕκαστος
1395 1591 1756 1660 ξφαλλδμενοι
1806 1589 1852 1624 ﬂ
1891 1631 1906 1656 ν

317 1680 424 1736 ἅτε
476 1682 586 1736 τῶν
613 1684 960 1754 κυρτοτήτων
1016 1679 1252 1737 ἑκάστου
1297 1683 1496 1754 τροχοῦ
1542 1683 1592 1715 ⁸⁸
1633 1685 1908 1752 ἀποκρου-

319 1772 558 1826 σθεισῶν
593 1775 658 1828 ἐκ
703 1774 799 1828 τοῦ
847 1775 1083 1845 τείχους,
1125 1776 1220 1829 καὶ
1270 1772 1381 1828 οἷον
1416 1773 1907 1844 άποσφενδονηθει-

317 1866 471 1933 σῶν,
529 1868 610 1929 εἱς
668 1868 868 1937 μέσους
925 1867 1054 1931 τούς
1109 1866 1344 1932 ἱππότας
1413 1867 1524 1919 τῶν
1603 1866 1904 1937 Βαρϐάρων

316 1959 786 2036 ἓξεκυλίσθησαν,
848 1958 1028 2030 ῥύμην
1080 1957 1338 2021 λαϐόντες
1404 1957 1774 2028 σφοδροτέραν
1834 1956 1902 2021 ⁸⁷,

314 2054 381 2104 το
425 2052 525 2121 μὲν
555 2051 648 2104 καὶ
693 2050 800 2104 άπὸ
826 2053 925 2121 τῆς
972 2050 1175 2121 ἀθρόας
1222 2051 1538 2120 καταφορᾶς
1582 2049 1658 2120 τῷ
1691 2049 1904 2120 φυσικῷ

316 2146 636 2213 πειθόμενοι
694 2143 848 2214 βάξει
903 2142 972 2207 ⁸⁸,
1038 2143 1098 2196 τὸ
1145 2143 1202 2197 δέ
1262 2143 1358 2196 καὶ
1413 2143 1585 2212 ῥοπὴν
1646 2141 1902 2204 λαϐόντες

312 2236 625 2290 ἀκάθεκτον
652 2236 759 2290 ἀπὸ
782 2236 873 2289 τοῦ
906 2237 1206 2298 κατάντους
1233 2235 1327 2288 τοῦ
1370 2235 1536 2288 τόπου
1577 2235 1622 2268 ⁸⁸
1658 2233 1903 2302 σφοδρῶς

312 2347 378 2381 τε
437 2330 550 2391 τοῖς
605 2327 912 2398 Βαρϐάροις
956 2328 1248 2380 ἐνέπιπτον
1290 2327 1372 2388 ⁹⁰.
1423 2325 1518 2380 καὶ
1566 2325 1901 2394 πανταχόθεν

314 2420 522 2484 αὐτοὺς
577 2419 923 2493 περιέθλιϐον
974 2420 1042 2472 τά
1093 2419 1260 2488 σκέλη
1309 2418 1418 2471 τῶν
1475 2419 1658 2472 ἵππων
1712 2416 1900 2489 ὥσπερ

313 2512 651 2582 θερίζοντες.
696 2511 789 2565 καὶ
821 2509 1106 2579 ἀμφότερα
1153 2508 1492 2578 ἑκατέρωθεν
1539 2508 1648 2562 άπό
1684 2525 1742 2561 τε
1790 2509 1900 2562 τῶν

311 2604 676 2674 ἐμπροσθίων
738 2604 834 2657 καὶ
898 2603 1161 2656 ὀπισθίων
1224 2601 1406 2673 μερῶν
1462 2601 1896 2672 διατεμνόμενοι,

310 2695 550 2747 ὀκλάσαι
598 2695 724 2756 τούς
760 2694 959 2757 ἵππους
1002 2692 1146 2762 ἐφ’ὃ.
1197 2693 1340 2763 μέρη
1387 2692 1486 2766 τὴν
1546 2693 1762 2764 πληγὴν
1812 2696 1900 2748 άν-

309 2787 571 2853 εδέξαντο
596 2787 640 2818 ⁹¹
669 2787 1125 2856 κατηνάγκασαν,
1161 2787 1256 2840 καὶ
1305 2786 1433 2850 τούς
1483 2787 1715 2851 ἱππότας
1763 2803 1896 2857 συγ-

306 2877 668 2940 καταϐαλεϊν,
699 2871 774 2931 ὧν
804 2879 890 2930 ἐπ’
916 2877 1163 2947 ἀλλήλων
1189 2879 1282 2931 καὶ
1313 2879 1522 2949 συχνῶν
1566 2879 1893 2942 πιπτόντων,

2015 407 2239 476 jamque
2289 410 2356 463 ad
2386 411 2632 466 cominus
2684 414 3046 468 accedendum
3087 415 3365 469 exhortari
3420 429 3592 486 equos
3639 459 3642 464 ι

2021 499 2304 562 audirent,
2341 508 2485 571 terga
2518 517 2582 556 ex
2610 505 2910 572 composito
2951 513 3260 573 verterent;
3294 507 3374 561 sic
3406 515 3587 562 tamen

2021 587 2259 643 iocosam
2306 593 2483 662 fugam
2519 596 2948 656 moderarentur.
2981 607 3038 650 ιιι
3070 598 3120 652 iu
3151 598 3310 652 aliam
3340 601 3428 654 alii
3463 616 3590 672 par-

2019 676 2199 734 tem‘a
2260 696 2317 736 se
2371 683 2598 737 invicem
2634 684 2996 753 discedentes,
3047 689 3252 742 hiatum
3305 690 3358 743 in
3412 691 3588 745 medio

2017 782 2288 842 patentem
2348 776 2500 842 quasi
2548 777 2832 848 phalangis
2881 790 3146 850 perrupta:
3195 782 3585 852 relinquerent,

2017 880 2112 930 per
2145 880 2302 936 quem
2333 876 2681 936 penetrantes
2707 870 2888 925 hostes
2919 870 3268 927 admoverent
3287 888 3344 927 se
3373 874 3589 942 propius

2017 957 2183 1009 nutris
2217 957 2419 1024 oppidi.
2456 958 2522 1013 Et
2574 972 2729 1014 erant
2752 976 2914 1031 supra
2951 978 3161 1016 murum
3203 962 3448 1034 dispositi
3495 965 3584 1034 qui

2017 1045 2068 1098 in
2101 1047 2151 1098 id
2174 1063 2336 1102 unum
2364 1049 2707 1120 invigilarent
2745 1067 2758 1105 :
2786 1053 3100 1122 quibusque
3124 1058 3433 1109 mandatum
3467 1066 3583 1111 erat

2015 1146 2070 1190 ιιι
2110 1135 2196 1191 ubi
2231 1140 2455 1194 scissam
2499 1142 2550 1194 in
2589 1151 2771 1211 partes
2802 1144 2932 1198 duas
2965 1143 3258 1220 Romanam
3301 1147 3470 1201 aciem
3504 1147 3584 1201 in-

2012 1244 2334 1301 gressosqne
2395 1247 2488 1301 per
2516 1247 2634 1287 eam
2687 1235 2980 1289 scissuram
3033 1249 3313 1305 provectos
3346 1240 3411 1294 ad
3443 1241 3581 1294 muri

2015 1321 2264 1375 viciniam
2293 1323 2528 1396 Scythas
2552 1338 2862 1392 cernerent,
2896 1328 3085 1397 gladiis
3123 1342 3344 1400 repente
3377 1334 3584 1389 strictis

2014 1411 2168 1466 funes
2200 1414 2396 1481 quibus
2426 1424 2558 1470 rotae
2589 1417 2959 1487 religabantur
3002 1435 3032 1474 e
3062 1421 3239 1488 pinnis
3274 1433 3586 1493 rumperent

2009 1515 2210 1572 easque
2236 1503 2553 1575 conjugatas
2574 1523 2691 1561 cum
2729 1510 2922 1564 axibus
2949 1526 3054 1567 una
3091 1513 3390 1581 praecipites
3422 1515 3584 1568 deor-

2017 1611 2131 1649 sum
2168 1597 2379 1654 darent.
2417 1597 2746 1656 Successere
2775 1605 2952 1658 omnia
2999 1619 3027 1658 e
3060 1609 3328 1660 sententia
3355 1615 3585 1675 votoque

2019 1687 2381 1755 imperatoris.
2433 1688 2566 1742 ltttm
2622 1691 2671 1744 iu
2721 1691 2952 1762 Scythas
3003 1692 3146 1746 lento
3183 1695 3436 1760 incessu,
3469 1695 3585 1750 solo

2013 1778 2152 1832 inter
2209 1777 2482 1836 Romanos
2541 1784 2780 1852 Augusto
2830 1786 3104 1853 equitante
3162 1796 3585 1857 prmseutcmquc
3653 1795 3656 1798 '

2009 1870 2167 1922 dante
2213 1886 2433 1940 operam
2487 1881 2540 1926 ut
2573 1884 2766 1927 cuncta
2808 1890 2870 1928 cx
2909 1889 3008 1929 usu
3049 1876 3264 1945 cogitati
3317 1886 3584 1947 stratage-

2007 1961 2166 2015 tnatis
2199 1972 2320 2032 apte
2352 1963 2562 2019 tierent.
2593 1965 2798 2020 Furunt
2825 1977 3012 2021 contra
3043 1968 3276 2039 Scythae,
3315 1969 3582 2038 minisque

2005 2065 2128 2106 eum
2163 2052 2241 2106 ira
2285 2056 2654 2111 crescentibus
2693 2058 2984 2127 expediunt
3029 2058 3262 2114 ferocem
3317 2061 3575 2130 impetum

2004 2157 2100 2210 spe
2133 2160 2256 2199 mox
2289 2147 2606 2203 invadentlze
2647 2151 2894 2206 cominus
2947 2167 3136 2221 pugnae
3168 2169 3288 2207 cum
3335 2154 3403 2208 iis
3441 2169 3578 2224 quo-

2007 2251 2122 2289 rum
2152 2234 2480 2305 jaeulatione
2514 2240 2698 2306 procul
2737 2251 2851 2296 tuta
2895 2244 3243 2311 petebantur.
3280 2246 3576 2302 liuentibus

2003 2325 2155 2380 addit
2197 2327 2375 2384 calcar
2407 2327 2526 2399 fuga
2581 2332 2836 2388 simulata
2871 2331 3264 2402 Romanorum,
3289 2337 3579 2392 discessio-

2003 2431 2107 2487 que
2148 2421 2434 2490 phalangis
2485 2421 2781 2492 obliquatis
2825 2437 3118 2496 mutuoque
3150 2429 3355 2484 aversis
3403 2429 3580 2484 artiﬁ-

2002 2513 2148 2567 ciose
2172 2514 2535 2568 recedentium
2559 2517 2810 2583 genibus,
2842 2517 2945 2572 iter
2974 2521 3146 2587 aperit
3167 2519 3357 2575 blande
3377 2520 3574 2588 pellax,

2000 2603 2189 2658 etsine
2217 2605 2524 2674 suspicione
2545 2607 2882 2675 insidiosum,
2917 2611 3030 2678 pari
3061 2611 3228 2666 nostri
3266 2621 3573 2681 contemptu

2001 2695 2192 2764 suique
2243 2695 2435 2752 ﬁducia
2479 2715 2597 2753 sese
2649 2701 3012 2758 iulereutibus
3049 2703 3314 2761 barbaris.
3372 2704 3474 2761 Per
3522 2707 3572 2761 id

2002 2787 2152 2855 quasi
2192 2785 2513 2843 latissimum
2538 2789 2760 2854 ostium,
2793 2804 2848 2845 ut
2871 2809 2990 2845 cum
3016 2809 3212 2861 magno
3240 2794 3476 2848 clamore.
3508 2810 3570 2847 ac

2001 2878 2244 2932 convicio
2275 2893 2551 2948 coeperant
2584 2883 2782 2948 invehi,
2812 2893 3165 2951 perrexerunt
3195 2884 3402 2953 equites
3431 2882 3574 2954 Scy-

309 2969 376 3034 ἐξ
438 2968 703 3040 ἐκατέρου
749 2968 805 3022 δέ
856 2968 1085 3022 καὶτῶν
1147 2969 1496 3040 στρατιωτῶν
1552 2971 1675 3023 κατ’
1716 2971 1896 3024 αὐτῶν

2004 2971 2108 3024 thas
2141 2988 2153 3024 :
2189 2973 2358 3027 donec
2389 2973 2438 3026 in
2469 2988 2564 3028 eos
2607 2973 2793 3030 divisa:
2823 2976 3103 3045 phalangis
3141 2977 3290 3032 velut
3329 2976 3572 3034 faucibus

311 3063 572 3131 ἱεμένων,
606 3062 700 3114 καὶ
733 3061 913 3129 δεινῆς
940 3059 1038 3129 τῆς
1072 3061 1252 3131 μάχης
1281 3064 1392 3124 τοῖς
1419 3060 1652 3126 Σκύθαις
1688 3079 1893 3116 παντα-

307 3157 475 3228 χόθεν
519 3155 913 3226 ἐφισταμένης,
945 3155 993 3206 οἱ
1051 3154 1149 3224 μὲν
1206 3157 1318 3216 τοῖς
1382 3156 1756 3226 πεμπομένοις
1803 3158 1894 3210 ἀν-

308 3247 547 3321 ⁴ηροῦντο
577 3246 804 3317 βέλεσιν,
835 3245 883 3297 οἱ
907 3245 964 3297 δέ
991 3245 1078 3297 διὶι
1116 3244 1224 3297 τῶν
1267 3245 1512 3316 δοράτων
1542 3247 1892 3316 ἐπλήττοντο,

307 3340 422 3392 τῶν
449 3339 506 3392 δέ
555 3339 757 3392 λοιπῶν
785 3340 833 3391 οἱ
861 3338 1080 3401 πλείους
1111 3338 1215 3390 ὐπὸ
1263 3337 1368 3390 τῶν
1399 3339 1607 3409 τροχῶν
1639 3340 1892 3411 σφοδρῶς

307 3432 781 3502 καταφερομένων
820 3430 1219 3500 συνωθούμενοι
1274 3429 1410 3500 πρὸς
1451 3428 1511 3483 τδ
1571 3432 1750 3502 ῥεῦμα
1797 3431 1892 3485 τοῦ

307 3524 562 3594 ποταμού
597 3525 1004 3595 ἀπεπνίγησαν.
1039 3523 1117 3594 Τῇ
1147 3523 1203 3575 δέ
1230 3525 1348 3594 μετ’
1381 3511 1552 3593 αὐτην
1581 3525 1706 3577 ἐπεὶ
1730 3524 1893 3579 πάλιν

307 3617 437 3680 τούς
464 3617 926 3686 καταλειφθέντας
975 3618 1185 3680 Σκύθας
1226 3617 1362 3686 πρὸς
1411 3619 1650 3688 πόλεμον
1680 3619 1894 3688 ὁρμῶν-

306 3725 411 3770 τας
465 3705 614 3771 ἐώρα
673 3709 799 3769 τούς
854 3708 960 3761 ὐπ’
1002 3707 1165 3761 αὐτὸν
1195 3707 1440 3771 ἅπαντας
1484 3708 1893 3778 τεθαρρηκότας

308 3804 680 3871 κατανοήσας,
716 3801 1043 3870 ὁπλίσασθαι
1080 3801 1543 3871 παρεκελεύσατο.
1596 3801 1891 3871 Σιδηροφοο

309 3897 489 3965 ρῖσας
512 3893 569 3945 δὲ
606 3894 700 3946 καὶ
732 3893 891 3956 αὐτὸς
917 3894 1011 3946 καὶ
1047 3893 1285 3961 πολέμου
1319 3891 1505 3961 σχῆμα
1543 3891 1890 3958 διατυπώσας

307 3990 451 4057 πρὸς
501 3985 562 4039 τὸ
605 3986 809 4057 πρανὲς
856 3987 1120 4040 κάτεισιν.
1170 3983 1300 4040 Εἶτα
1346 3987 1410 4058 δὴ
1463 3985 1562 4047 τὰς
1605 3986 1892 4058 φάλαγγας

307 4078 652 4150 ἐπισορέψας
703 4079 842 4132 κατὰ
891 4081 1180 4148 πρόσωπον
1232 4082 1342 4144 τοῖς
1387 4080 1621 4146 Σκύθαις
1669 4085 1890 4149 ἵστατο,

309 4169 398 4238 ἐῳ⁹
521 4171 614 4221 τὸν
657 4171 772 4239 μετ’
795 4169 993 4230 αὐτῶν,
1039 4169 1115 4234 ὡς
1151 4170 1290 4236 ἐνὸν,
1345 4173 1580 4242 συνάψαι
1633 4172 1885 4241 πόλεμον.

309 4260 486 4325 Αὐτὸς
537 4262 635 4331 μὲν
679 4257 772 4314 οὖν
815 4261 906 4314 τὸν
957 4263 1002 4293 ⁸⁸
1052 4264 1221 4334 μέσην
1266 4264 1376 4316 τῶν
1426 4264 1725 4335 ταγμάτων
1774 4261 1886 4335 εἶχε

309 4352 500 4424 χώραν
519 4368 536 4385 ο
590 4351 771 4423 μάχης
802 4353 855 4404 δὲ
897 4355 1169 4422 καρτερᾶς
1197 4353 1494 4424 γενομένης
1524 4354 1621 4424 τὴν
1648 4354 1886 4408 νικῶσαν

308 4445 616 4518 τηνικαῦτα
664 4443 795 4514 παρ’
829 4444 1046 4506 ἐλπίδας
1102 4446 1156 4497 αἱ
1219 4446 1530 4515 Ῥωμαῖκαὶ
1586 4439 1734 4514 εἶχον
1778 4445 1886 4513 φά-

310 4548 509 4608 λαγγες
543 4536 635 4589 καὶ
655 4537 877 4588 ἐδίωκον
897 4536 1113 4598 τούτους
1143 4537 1423 4606 ἀκρατῶς.
1457 4536 1605 4588 Ἐπεὶ
1627 4536 1670 4588 δ’
1704 4535 1886 4590 ἱκανὸν

310 4633 587 4700 διάστημα
633 4629 852 4691 τούτους
903 4629 1049 4699 ἐτῖιρα
1093 4629 1386 4688 διώκοντας
1419 4633 1446 4682 ὁ
1477 4629 1882 4700 αὐτοκράτωρ,

310 4721 495 4783 δεδιὼς
531 4722 606 4791 μὴ
633 4719 896 4789 λοχῶντες
942 4736 1082 4781 τινες
1129 4719 1410 4787 αἰφνιδίως
1460 4719 1884 4781 ἐπεισπεσόντες

311 4818 424 4878 τοῖς
470 4813 761 4882 Ῥωμαίοις
782 4811 1146 4881 παλίντροπον
1185 4813 1283 4882 τὴν
1305 4811 1417 4863 τῶν
1449 4811 1672 4864 Σκυθῶν
1702 4812 1882 4880 φυγὴν

311 4907 770 4976 άπεργάσωνται,
824 4902 921 4957 καὶ
978 4901 1366 4971 προστεθέντες
1419 4901 1631 4964 τούτοις
1691 4901 1783 4954 καὶ
1833 4902 1883 4953 οἱ

313 4998 640 5065 φεύγοντες,
695 4995 836 5065 μέγα
883 4993 946 5046 τὸ
993 4991 1165 5046 δεινὸν
1214 4995 1278 5063 τῇ
1327 4992 1605 5064 Ῥωμαϊκῇ
1656 4994 1884 5064 στρατιᾷ

314 5085 616 5150 ἐπάξωσιν,
675 5082 935 5145 ἱππασίας
991 5081 1200 5144 πυκνὰς
1254 5080 1603 5150 ποιούμενος,
1663 5083 1884 5134 ἀνασει-

313 5177 496 5247 ράζειν
541 5177 668 5238 τούς
708 5173 957 5244 χαλινοὺς
1001 5173 1098 5225 καὶ
1148 5173 1274 5235 τούς
1309 5173 1510 5233 ἵππους
1546 5171 1881 5242 ἀναψύχειν,

316 5272 420 5332 τοίς
473 5265 840 5338 στρατιώταις
891 5264 1163 5318 ἐκέλευεν.
1203 5263 1360 5316 Οὕτω
1407 5263 1540 5332 γοῦν
1594 5265 1734 5317 κατά
1782 5265 1881 5336 τὴν

1999 3065 2272 3134 utrimque
2303 3065 2514 3122 clausos
2549 3083 2780 3138 superne
2813 3069 3077 3124 devoluta
3113 3077 3352 3124 rotarum
3381 3071 3572 3126 orbitas

1997 3157 2236 3211 snbitum
2281 3158 2560 3229 ohjeccere
2614 3170 2896 3214 terrorem.
2939 3161 3059 3214 Alta
3109 3163 3262 3216 ruina
3296 3163 3348 3216 in
3377 3165 3569 3217 durum

1997 3239 2136 3300 allisi
2197 3249 2370 3302 solum
2433 3252 2595 3303 orbes
2663 3249 2823 3317 lignei
2891 3247 3304 3305 reﬂectehantur
3365 3251 3567 3305 resultu

1995 3339 2277 3410 plusquam
2310 3340 2554 3408 cubitali;
2603 3350 2710 3395 tum
2743 3343 2795 3396 in
2830 3356 3059 3411 pronum
3091 3353 3398 3411 vergentem
3426 3345 3566 3396 nacti

1995 3433 2386 3499 declivitatem,
2413 3443 2536 3501 apte
2566 3432 2744 3488 librati
2777 3436 3100 3490 transversis
3122 3437 3334 3496 axibus.
3367 3436 3571 3502 impetu

1989 3523 2138 3593 juxta
2177 3525 2338 3595 217
2361 3527 2697 3594 strepituque
2726 3541 2788 3578 ac
2821 3525 3030 3593 lragore
3057 3527 3322 3589 maximis,
3361 3527 3412 3579 itt
3446 3527 3570 3580 bar-

1994 3614 2157 3669 baros
2187 3615 2369 3669 intorti
2424 3616 2834 3681 evolvebantur,
2877 3615 3044 3670 nihilo
3093 3617 3264 3671 lenius
3300 3631 3460 3686 quam
3521 3619 3566 3670 si

1997 3708 2288 3761 muralibus
2312 3708 2572 3762 machinis
2595 3723 2820 3763 excussa
2851 3709 3082 3778 pondera
3108 3709 3359 3762 fulminea
3383 3710 3567 3779 perni-

1993 3809 2155 3851 cuate
2186 3810 2362 3852 ruant.
2383 3798 3057 3855 Circumveniunturnova
3081 3800 3316 3869 undique
3342 3799 3565 3870 appulsu

1994 3892 2158 3959 pestis
2186 3892 2420 3961 Scythae,
2454 3906 2612 3945 crura
2631 3908 2892 3961 equorum
2918 3893 3113 3964 quibus
3131 3893 3399 3948 vehebant
3419 3894 3568 3949 varie

1995 3975 2304 4036 tlct‘nctente
2330 3982 2694 4049 plaustrorum
2725 3982 2954 4052 procella
2986 3983 3151 4038 :aliis
3187 3983 3252 4060 ab
3297 3984 3566 4038 anteriore

1995 4083 2147 4143 [ιιι-ιε
2185 4073 2427 4127 incidens
2464 4073 2662 4128 malum
2721 4074 2954 4130 volubile
3005 4067 3426 4145 pedes'priores
3481 4089 3572 4128 ar-

1995 4181 2189 4220 tnusve-
2209 4168 2560 4232 cont-utlerat;
2587 4167 2721 4221 alios
2747 4165 2885 4222 forte
2906 4182 3125 4223 aversos
3146 4177 3301 4222 nacta
3327 4177 3566 4222 rutarutn

1997 4274 2233 4326 prwceps
2281 4258 2361 4310 vis
2396 4258 2445 4310 itt
2499 4257 2888 4327 posterioribus
2939 4259 3151 4314 laeserat
3204 4260 3466 4314 calcibus.
3501 4258 3574 4312 Αι-

1995 4363 2319 4418 qnacunque
2374 4363 2526 4417 parte
2563 4350 2756 4403 vulnus
2797 4366 2970 4420 equus
3005 4361 3310 4420 acceperat,
3349 4351 3400 4404 in
3445 4365 3578 4404 eam-

1995 4439 2301 4496 tzet-essario
2330 4440 2639 4495 claudicans
2683 4442 3008 4496 exscendere
3045 4443 3270 4512 cogebat
3302 4443 3564 4510 equitem,

1995 4532 2098 4585 nisi
2159 4545 2345 4585 secum
2381 4529 2644 4584 afflictum
2701 4532 2949 4585 trahebat
3004 4531 3056 4586 in
3083 4547 3288 4586 casum.
3347 4531 3566 4602 Strages

1994 4637 2122 4691 ergo
2157 4624 2315 4677 liebat
2339 4623 2579 4675 virorum
2621 4637 3016 4692 equorumque,
3053 4622 3107 4676 in
3135 4638 3359 4677 acervos
3385 4638 3441 4678 se
3473 4640 3551 4677 cn-

1996 4718 2208 4770 mnlans
2235 4725 2517 4784 grassante
2541 4714 2754 4770 assidue
2781 4716 3039 4784 pernicie,
3069 4732 3173 4771 non
3199 4719 3356 4772 modo
3385 4719 3560 4772 incur-

1994 4821 2055 4860 su
2101 4805 2554 4873 praecipitandum
2589 4815 2863 4874 rotarum,
2895 4805 2990 4861 sed
3018 4806 3130 4874 jam
3170 4809 3336 4862 etiam
3380 4822 3564 4864 tnutun

1995 4899 2150 4951 allisu
2184 4896 2546 4965 impulanue,
2604 4898 2732 4951 dum
2773 4899 2862 4966 qui
2922 4908 3051 4952 rota:
3095 4901 3570 4978 ruentisincursu,

1993 4992 2270 5056 sternitur,
2296 4990 2546 5045 comitem
2572 5000 2626 5045 et
2651 4991 3075 5046 commilitonem
3100 5007 3256 5047 suum
3295 4996 3435 5050 mole
3463 5012 3560 5050 sua

1995 5083 2045 5135 in
2076 5097 2263 5136 casum
2305 5097 2647 5137 communem
2693 5082 2894 5152 abripit
2926 5096 2941 5136 :
2971 5097 3034 5136 ac
3064 5099 3131 5139 ne
3165 5085 3216 5138 in
3263 5087 3364 5142 hoc
3410 5089 3562 5141 ruina

1991 5177 2154 5241 sistit,
2180 5175 2274 5231 sed
2308 5177 2375 5231 ab
2408 5191 2513 5230 uno
2542 5178 2920 5244 pereussototi
2947 5179 3166 5234 ordines
3188 5194 3404 5251 pessum
3448 5193 3552 5236 tru-

1995 5269 2221 5333 duntur,
2252 5276 2306 5321 et
2333 5265 2594 5324 Romanis
2626 5281 2762 5325 nova
2797 5267 3056 5326 felicitate
3094 5270 3205 5342 ipsa
3234 5269 3555 5342 Scytharum

1349 5422 1560 5484 Varia:
1598 5423 1910 5484 lectiones
1959 5443 2034 5485 ex
2063 5424 2209 5486 cod.
2243 5424 2513 5488 Coisliu.

376 5558 425 5590 "
468 5557 804 5620 ἀνοίξαντες.
905 5554 954 5588 ⁸³
993 5555 1122 5606 τῶν.
1235 5560 1280 5589 ⁸⁸
1332 5551 1646 5620 φαλάγγων.

315 5629 350 5659 ⁴’
381 5627 570 5682 τόπου.
645 5625 692 5662 ’⁸
730 5623 797 5678 τὰ
833 5623 1082 5693 βάρϐαρα
1104 5623 1419 5678 ἁνέπιπτον.
1496 5623 1536 5654 ⁹⁹
1567 5622 1828 5688 ἐδέξαντο.

699 5798 732 5813 κ

1751 5553 1797 5587 ⁸⁸
1830 5555 2178 5624 ἀφελόμενοι.

1907 5627 1952 5659 οι
1983 5627 2098 5696 τήν.

2286 5557 2331 5590 ⁸⁸
2370 5553 2599 5629 τροχῶν.
2712 5559 2755 5593 ³·
2809 5560 3199 5634 σφοδροτάτη-ι.
3298 5554 3345 5588 ⁸⁵
3377 5556 3552 5628 βάρει.
