3970 6200
492 271 599 334 59')

1790 276 2014 337 ΑΝΝᾸΞ
2055 281 2109 338 Ct

2170 278 2433 345 uNEN/E
3582 285 3661 344 δυο

487 399 717 455 corpora
745 384 798 439 in
840 383 1071 454 Scythas
1101 383 1272 439 vicem
1306 384 1532 439 telorum
1564 385 1864 454 fnngentia,
1909 389 2051 442 mili-
2086 413 2109 465 Α

2170 387 2367 458 ἡμέραν
2405 387 2622 457 εκείνην
2671 387 2839 456 ἄμφω
2873 387 3166 457 διαστήτην
3210 387 3274 441 τὰ
3314 390 3666 459 στρατεύματα,

485 487 624 531 tant.
649 478 976 532 Cooriuntur
1005 477 1145 531 inter
1180 478 1293 532 haec
1322 476 1388 530 ab
1417 488 1648 544 utroque
1685 477 1849 534 latere
1883 480 2051 533 nostri

488 566 854 636 barbarosque
920 567 1208 634 impeditos
1250 577 1305 621 et
1361 569 1665 638 perculsos,
1709 585 1812 637 qua
1868 572 2056 639 procul

491 657 826 727 ejaculandis
865 657 1096 727 sagittis,
1123 674 1229 728 qua
1260 660 1508 714 cominus
1540 659 1794 714 fodiendo
1832 675 1926 714 eos
1974 661 2054 714 in-

491 749 655 831 festis.
684 749 853 803 hastis
903 750 1075 804 Otiose
1132 748 1446 805 concidunt.
1498 751 1607 805 Nec
1640 749 1766 804 sola
1817 761 2054 806 rotarum

490 840 996 910 impellentiumqne
1030 855 1316 910 corporum
1345 841 1626 896 calamitas
1662 840 1762 894 fuit
1788 859 1802 906 ;
1825 843 2058 896 accessit

2161 482 2223 534 Οἱ
2256 479 2354 550 μὲν
2402 479 2508 550 γὰρ
2543 478 2801 548 φυγάδες,
2831 479 2860 530 ὁ
2889 478 2946 532 δὲ
2978 477 3229 548 βασιλεὺς
3260 479 3454 549 χαίρων
3484 484 3672 550 νικητὴς

2158 571 2412 641 λαμπρὸς
2463 569 2602 640 πρὸς
2628 571 2726 638 τὴν
2761 569 2897 623 ἰδίαν
2933 569 3283 640 παρεμῦολὴν
3316 571 3586 640 sitit/sicui.
3618 575 3673 626 Οἱ

2158 663 2214 715 δὲ
2289 660 2494 714 Σκύθαι
2559 661 2907 731 κατακράτος
2962 659 3288 731 ἡττηθέντες
3358 660 3544 729 μεταξὺ
3598 662 3672 716 τοῦ

2159 752 2612 822 Βουλγαροφύγου
2644 750 2738 804 καὶ
2761 751 2858 821 τῆς
2897 752 3103 822 μικρᾶς
3131 750 3361 815 Νικαίας
3389 752 3480 815 τὰς
3507 755 3672 826 σκηνὰς

2159 845 2487 913 ἐπήγνυντο.

491 934 544 987 in
572 947 778 1004 partem
821 934 991 989 cladis
1029 942 1244 988 torrens
1277 934 1413 987 unda
1443 933 1729 1003 propinqui
1770 935 1966 1001 amnis,
1999 935 2053 988 in
2094 951 2252 1006 quem
2278 935 2428 991 inulti
2463 944 2759 992 rotatorum
2785 951 3017 1006 superne
3039 937 3218 991 axium
3275 937 3409 992 mole
3456 947 3676 1008 motuque

491 1028 724 1094 correpti
773 1027 988 1080 barbari
1031 1028 1299 1082 submersi
1344 1037 1487 1080 sunt.
1553 1025 1821 1082 Postridie
1891 1028 2137 1082 residuos
2177 1028 2404 1098 Scythas
2444 1041 2688 1098 repetere
2722 1029 2964 1100 praelium
3010 1031 3144 1084 velle
3179 1031 3508 1099 conspicatus
3543 1034 3685 1102 impe.

504 1132 670 1185 rator,
702 1137 829 1175 suos
863 1131 916 1177 et
951 1122 1063 1191 ipse
1094 1123 1295 1176 recenti
1330 1136 1584 1178 successu
1609 1120 1841 1176 audaces
1867 1122 2068 1176 armari
2106 1137 2171 1176 ac
2207 1133 2390 1176 contra
2430 1123 2838 1192 prodirejnbet;
2873 1133 2929 1177 et
2969 1123 3021 1177 in
3071 1123 3187 1192 ipsa
3221 1122 3515 1179 declivitate
3572 1121 3682 1179 aciei

492 1214 718 1267 formam
755 1217 842 1270 tibi
876 1230 939 1268 ex
970 1223 1085 1267 arte
1119 1213 1424 1281 descripsit,
1455 1213 1664 1283 sibique
1698 1215 1750 1267 in
1782 1229 1841 1268 ea
1881 1216 2055 1270 media
2095 1213 2269 1271 locum
2296 1225 2598 1286 pugnaturo
2621 1215 2869 1283 sumpsit,
2906 1223 3120 1268 vertant
3154 1215 3207 1268 in
3269 1215 3470 1269 hostem
3516 1216 3686 1281 vultus,

490 1324 830 1379 pugnamque
849 1324 972 1363 cum
1001 1309 1244 1363 adversis
1269 1317 1575 1376 capessant,
1605 1307 1765 1361 edicit
1786 1310 1920 1364 suis.
1943 1309 2053 1364 Nec
2093 1324 2256 1378 penes
2292 1311 2522 1382 Scythas
2553 1326 2701 1365 mora
2730 1309 2857 1376 fuit;
2903 1308 3162 1366 miscetur
3237 1308 3476 1377 prtelinm
3539 1318 3686 1364 atrox.

493 1404 728 1459 Vincunt
759 1413 952 1473 praeter
1027 1416 1175 1471 spem
1211 1401 1467 1457 Romana:
1515 1401 1838 1470 phalanges,
1891 1401 2261 1474 barbarosque
2327 1404 2378 1458 in
2442 1405 2622 1474 fugam
2657 1405 3027 1460 incumbentes
3066 1403 3228 1471 longo
3284 1402 3453 1472 spatio
3510 1403 3683 1472 magnis

491 1497 688 1551 animis
736 1503 1052 1564 sequuntur.
1083 1493 1340 1561 Suspecta
1385 1509 1470 1548 res
1535 1495 1954 1562 prudentissimo
2019 1494 2328 1564 imperatori
2389 1497 2508 1563 fuit,
2575 1497 2780 1552 verenti
2807 1512 2870 1550 ne
2923 1512 3033 1566 quo
3080 1496 3223 1552 forte
3273 1498 3326 1551 in
3392 1497 3502 1550 loco
3546 1497 3692 1550 subsio

494 1589 734 1643 dentium
787 1585 1102 1641 insidiarum
1149 1586 1363 1654 Scythae
1417 1586 1617 1639 conscii
1680 1586 1730 1639 in
1790 1601 1884 1640 eas
1933 1595 2051 1641 astu
2094 1585 2366 1644 Romanos
2404 1589 2683 1659 abreptum
2719 1590 2878 1657 irent;
2947 1591 3135 1660 sicque
3205 1591 3401 1646 nostris
3442 1598 3528 1643 aut
3567 1589 3692 1644 caesis

495 1692 586 1735 aut
615 1679 848 1734 vicissim
888 1677 1214 1746 fugientibus
1247 1678 1586 1733 insidiatores
1626 1693 1749 1733 cum
1783 1679 1931 1747 prius
1977 1677 2259 1748 fugacibus
2284 1695 2516 1751 pugnam
2584 1681 2848 1736 acriorem
2905 1683 3277 1736 instaurarent
3329 1695 3510 1748 magna
3569 1678 3694 1735 clade

503 1773 658 1828 modo
716 1772 1071 1827 vincrntium.
1137 1771 1428 1825 Conventis
1483 1785 1610 1840 ergo
1664 1771 1930 1826 laboriose
1981 1787 2076 1842 per
2145 1774 2507 1843 equitationcs
2572 1779 2791 1830 crebras
2826 1775 3279 1844 commonitisque
3311 1771 3562 1842 plerisque
3591 1787 3694 1826 suo-

499 1881 636 1927 rum,
666 1875 719 1916 ut
747 1863 927 1918 frenos
949 1861 1570 1932 reﬂecterentequisqne
1589 1864 1825 1931 requiem
1847 1865 2058 1928 darent,
2097 1866 2394 1921 incolumes
2423 1868 2637 1923 reluxit
2673 1868 2970 1922 universos.
3015 1866 3106 1921 Sic
3136 1882 3200 1920 ea
3232 1866 3317 1920 die
3352 1866 3503 1921 ambo
3562 1881 3589 1918 a
3645 1879 3695 1918 se

495 1957 721 2012 invicem
753 1955 1027 2011 exercitus
1057 1955 1308 2028 disjuncti
1332 1966 1479 2018 sunt,
1511 1952 1768 2024 Scythico
1825 1957 1876 2009 in
1946 1956 2120 2026 fugam
2163 1974 2343 2022 verso,
2378 1960 2619 2015 Romano
2648 1977 2770 2015 cum
2803 1976 2902 2018 suo
2962 1963 3295 2031 imperatore
3327 1957 3600 2014 manifesta:
3621 1958 3688 2011 vi-

493 2051 683 2105 ctoria:
721 2059 971 2118 compote
1025 2048 1076 2102 in
1133 2046 1345 2116 propria
1389 2058 1567 2102 castra
1597 2046 1903 2103 ‘redennte.
1965 2049 2097 2104 Victi
2128 2048 2342 2122 Scytha:
2381 2063 2435 2108 et
2469 2054 2638 2108 victos
2673 2055 2904 2110 confessi
2944 2053 3420 2125 Bulgaropbygum
3459 2053 3586 2106 inter
3643 2066 3694 2104 ac

494 2159 712 2213 parvam
747 2140 981 2197 Nicaeam
1017 2140 1365 2194 tabernacula
1397 2141 1585 2193 fixere.

565 2238 758 2293 Adulta
790 2250 953 2306 porro
981 2234 1092 2303 jam
1121 2233 1326 2298 hieme,
1374 2234 1586 2302 putavit
1615 2236 1910 2304 imperator
1940 2250 1970 2289 e
2004 2251 2060 2289 re
2100 2243 2109 2298 ι

2239 2237 2519 2306 Χειμῶνος
2578 2237 2633 2290 δὲ
2685 2236 2788 2307 ἤδη
2830 2237 3354 2300 ὲπικαταλαὸὀντος,
3383 2236 3486 2289 δεῖν
3532 2233 3704 2300 ἓγνωὸ

497 2332 638 2396 fore,
662 2329 710 2383 si
743 2323 1278 2392 Constantinoriolim
1311 2324 1535 2388 rediret,
1559 2339 1664 2393 quo
1689 2335 1743 2379 et
1772 2341 1831 2380 se
1856 2325 2059 2394 ipsum,

499 2432 558 2475 et
585 2418 842 2486 majorem
877 2427 1088 2485 partem
1126 2415 1426 2478 exercitus,
1461 2429 1491 2470 e
1520 2415 1676 2484 longa
1711 2423 1766 2469 et
1796 2417 1942 2468 varia
1991 2426 2067 2470 tot

503 2512 860 2568 certaminum
892 2510 1208 2578 fatigatione
1244 2509 1508 2563 reficeret.
1549 2506 1748 2563 Divisis
1776 2523 1904 2576 ergo
1927 2506 2067 2562 bifa-

505 2606 640 2660 riam
670 2603 864 2672 copiis,
899 2602 1041 2671 quod
1069 2615 1252 2655 earum
1283 2599 1452 2667 magis
1490 2607 1733 2670 vegetum
1766 2598 2066 2667 integrum-

497 2711 608 2768 que
639 2694 763 2759 fuit,
799 2693 850 2748 id
897 2692 1275 2761 opponendum
1333 2690 1583 2745 hostibus
1618 2691 1796 2745 adhuc
1845 2689 2068 2744 armatis

498 2789 720 2858 reliquit
771 2787 969 2843 ibidem
1013 2784 1114 2840 sub
1162 2799 1293 2838 cura
1363 2783 1554 2838 ducum
1601 2783 1852 2847 duorum,
1903 2781 2070 2852 218

501 2881 725 2938 Jiannis
784 2895 980 2949 nempe
1028 2886 1085 2934 et
1132 2876 1662 2932 Maurocatacalonis
1721 2872 1956 2940 Nicolai,
2005 2877 2072 2928 de

502 2990 732 3045 quorum
781 2983 1010 3040 utroque
1066 2985 1208 3039 saepe
1254 2971 1505 3039 superius
1565 2969 1890 3022 mentionem
1934 2966 2068 3020 feci-

506 3083 648 3130 mus,
683 3067 808 3119 dato
843 3064 976 3130 ipsis
1023 3065 1299 3126 mandatu,
1333 3061 1754 3131 prazoccupandi
1807 3058 2070 3128 praesidiis

504 3159 717 3213 idoneis
735 3156 932 3225 Oppida
952 3154 1184 3222 singula,
1221 3170 1288 3208 ne
1312 3155 1362 3206 in
1393 3151 1718 3223 Scytharum
1743 3159 2070 3219 potestatein

506 3248 697 3304 venire
757 3254 1084 3315 cogerentur
1131 3261 1145 3298 :
1201 3253 1460 3313 praeterea
1513 3239 1842 3295 corradendi
1901 3237 2073 3293 abdu-

511 3340 780 3409 cendique
800 3355 864 3393 ex
913 3337 1132 3408 regione
1163 3335 1416 3390 universa
1457 3334 1665 3404 pedites
1695 3331 1934 3386 rusticos
1967 3346 2071 3385 una

507 3449 632 3488 cum
661 3431 921 3501 plaustris
953 3441 1007 3484 ct
1037 3430 1210 3484 bobus
1249 3428 1366 3496 ipsa
1411 3426 1774 3482 trahentibus.
1809 3423 1928 3478 Jam
1961 3433 2073 3476 tum

507 3525 651 3579 enim
677 3523 962 3593 providens
987 3522 1212 3590 parabat
1233 3535 1353 3589 qua:
1387 3519 1450 3571 ad
1484 3516 1881 3586 expeditionem
1933 3515 2075 3569 veris

511 3612 869 3683 insequentis,
895 3627 996 3681 qua
1026 3619 1279 3665 conatum
1327 3623 1543 3663 omnem
1574 3605 1859 3660 intendere
1889 3605 2074 3658 decre-

511 3715 660 3760 verat
694 3714 752 3757 ut
801 3703 1036 3774 Scythas
1063 3700 1376 3765 debellaret,
1421 3699 1521 3754 sibi
1571 3695 1852 3767 profutura
1887 3695 2075 3764 opina-

513 3800 690 3851 batur.
729 3795 882 3849 llunc
908 3795 960 3848 in
997 3793 1215 3849 modum
1249 3791 1526 3862 dispositis
1559 3790 1831 3855 omnibus,
1869 3785 2076 3858 Byzan-

513 3887 646 3941 tium
677 3887 984 3940 revertitur.

2169 2331 2520 2400 αὐτοκράτωρ
2561 2332 2639 2390 εἰς
2668 2329 2765 2399 τὴν
2789 2328 3176 2398 βασιλεύουσαν
3199 2326 3532 2391 ἐπανελθεῖν,
3569 2317 3698 2394 tam;

2168 2421 2358 2473 ἑαυτόν
2386 2437 2442 2472 τε
2468 2419 2561 2473 καὶ
2585 2419 2644 2471 τὸ
2673 2419 2836 2472 πλέον
2861 2418 2952 2472 τοῦ
2994 2420 3364 2488 στρατοπέδου
3396 2418 3496 2470 τῶν
3527 2415 3706 2468 πολλῶν

2169 2511 2392 2581 ἀγώνων
2428 2511 2936 2583 ὲπανακτήσασθαι.
2989 2511 3314 2581 Διελόμενος
3349 2510 3436 2564 οὖν
3458 2509 3544 2571 τὰς
3578 2507 3707 2560 δυνά-

2171 2623 2312 2674 μεις,
2353 2607 2449 2659 καὶ
2489 2607 2569 2666 εἰς
2624 2604 2916 2659 ἀντίπαλον
2975 2606 3170 2674 μοῖραν
3210 2605 3512 2674 ἀποκρίνας
3550 2600 3707 2653 ὁπόσοι

2170 2695 2521 2766 εὐψυχότεροι
2549 2693 2642 2747 τοῦ
2676 2693 2877 2756 παντὸς
2903 2689 3044 2762 ἦσαν
3081 2692 3486 2764 στρατεύματος
3541 2689 3709 2759 ἡγεμό-

2171 2806 2268 2852 νας
2301 2788 2506 2841 τούτων
2532 2789 2623 2840 τόν
2644 2804 2703 2840 τε
2741 2786 2995 2856 Ἰωάννην
3031 2786 3124 2838 καὶ
3177 2785 3277 2838 τὸν
3312 2787 3710 2854 Μαυροκατακα-

2171 2880 2282 2934 λὼν
2303 2880 2572 2933 Νικόλαον
2595 2878 2975 2949 προεϐάλλετο,
2997 2879 3123 2946 περὶ
3143 2871 3219 2930 ὧν
3255 2877 3506 2936 πολλάκις
3529 2873 3708 2941 φοάςας

2172 2975 2200 3026 ὁ
2235 2973 2393 3039 λόγος
2448 2970 2740 3039 ἐδήλωσεν,
2775 2969 3153 3038 ἐντειλάμενος
3203 2970 3393 3031 αὐτοῖς
3433 2971 3489 3020 ὲν
3525 2965 3710 3030 ἑκάστῳ

2177 3067 2276 3136 μὲν
2308 3064 2416 3117 τῶν
2442 3063 2732 3133 πολιχνίων
2784 3061 3141 3130 ἀποχρῶντας
3176 3061 3493 3126 εἰσαγαγεῖν
3527 3071 3713 3124 στρατια

2174 3160 2318 3221 ώτας
2348 3161 2425 3220 εἰς
2457 3157 2557 3226 τὴν
2597 3155 2774 3209 αὐτῶν
2808 3154 3068 3224 φρουρὰν,
3102 3151 3308 3216 πεζοὺς
3365 3153 3421 3204 δὲ
3443 3149 3497 3214 ἐξ
3527 3148 3714 3213 ἁπάσης

2175 3252 2272 3315 τῆς
2301 3251 2483 3321 χώρας
2514 3251 2649 3319 μετὰ
2682 3246 2903 3317 ἁμαξῶν
2931 3248 3024 3298 καὶ
3057 3245 3165 3299 τῶν
3225 3245 3432 3306 ταύτας
3487 3242 3714 3294 ἑλκόντων

2181 3343 2318 3412 βοῶν
2351 3340 2621 3405 ἐξελάσαι.
2649 3339 2983 3407 Βουλόμενος
3014 3335 3121 3406 γὰρ
3177 3335 3344 3405 ἔαρος
3393 3329 3714 3403 ἐφισταμένου

2178 3435 2276 3503 τῆς
2322 3433 2460 3486 κατὰ
2515 3431 2620 3483 τῶν
2677 3428 2900 3482 Σκυθῶν
2971 3427 3387 3496 καρτερώτερον
3439 3418 3715 3486 ἀνθέξεσθαι

2183 3523 2360 3591 μάχης
2390 3519 2729 3589 προεμελέτα
2763 3534 2821 3569 τε
2868 3517 2962 3568 καλ⁵
2994 3515 3294 3585 ηὑτρέπιζε
3323 3516 3388 3565 τὰ
3421 3510 3716 3564 συνοίσοντα.

2183 3615 2338 3666 Οὕτω
2374 3610 2501 3677 γοῦν
2535 3610 2749 3662 ἅπαντα
2778 3608 3093 3677 διαθέμενος
3149 3607 3509 3678 ἐπανέρχεται
3537 3597 3653 3668 πρὸς
3673 3593 3718 3645 τδ

2185 3701 2492 3766 Βυζάντιον.

3503 4072 3592 4078 ..η-
3601 4059 3710 4078 ιιι-’.2

2357 4087 2368 4090 μ
2389 4081 2684 4092 _.._—__-——c——
2708 4077 3150 4087 ,ν--ρ-νκ--ω-...η
3169 4079 3176 4083 .
3203 4078 3348 4084 --.,-..,
3378 4078 3430 4081 -.η
3457 4073 3640 4080 ,σ-ρνι-Ῠ
3687 4073 3710 4088 .

1130 4267 1688 4420 ΑΝΝΗΣ
1765 4260 2104 4390 ΤΗΣ
2180 4246 3136 4404 ΚΟΜΝΗΝΗΣ

1521 4491 2146 4591 ΑΛΕΞΙΑΔΟΣ
2220 4493 2584 4583 ΛΟΓΟΣ
2624 4490 2741 4577 H'.
2804 4619 2811 4642 '

622 4106 690 4113 οη.
708 4094 1710 4113 ..ωε-μη-οκ-β--ῤ--τ--ο-
1733 4092 1892 4099 ~._.—-_
1917 4088 2238 4096 -.ῳ-ἓ.

527 4115 626 4133 --

1323 4097 2775 4124 W

1340 4867 1877 4992 ANNZE
2023 4853 2934 4988 COMNENIE

1415 5116 2062 5212 ALEXIADIS
2138 5111 2486 5202 LIBER
2575 5108 2803 5198 VlIl

1741 5435 1744 5438 ἢ
1831 5477 1995 5550 219
2040 5472 2610 5538 ARGUMENTUM.

605 5609 996 5752 Ὁεῡεέίιδίυῐᾶι
1029 5621 1177 5747 lcuria
1208 5603 1456 5685 Scythis
1489 5602 1730 5684 ingenti
1764 5601 2006 5683 praeiio,
2047 5616 2172 5680 quo
2209 5615 2361 5677 gens
2391 5597 2683 5660 universa
2716 5569 2844 5657 uno
2878 5592 2980 5655 die
3012 5588 3220 5654 deleta
3260 5591 3376 5650 est.
3420 5573 3723 5658 Conspira-

605 5709 734 5752 mes
816 5705 910 5752 uae
989 5702 1021 5748 c
1054 5703 1124 5749 ec
1154 5700 1229 5748 te.

528 5696 734 5761 tiones
771 5696 910 5752 duae
947 5696 1229 5749 dctectte.
