3970 6200
273 250 381 313 605

1533 247 1950 332 ALEXIADlS
1979 273 2125 338 LIB.
2159 263 2326 336 VIII.

3414 277 3517 358 50.5

272 360 581 429 μελετῶσιν
612 363 742 432 ἴσως
793 369 888 422 τὸν
930 371 1142 436 τούτοις
1197 375 1526 444 προσϐαλεῖν
1571 379 1848 451 ἐπιχειρή-

1959 397 2105 439 rator
2135 386 2451 440 conscensis
2483 400 2758 440 murorum
2787 384 2968 452 pinnis
2997 399 3213 440 omnem
3242 383 3518 453 undequa-

271 469 436 506 σοντα
469 461 786 528 κατασχεῖν.
819 460 910 526 Ὠς
941 458 1034 516 οὖν
1055 465 1207 517 ούδέν
1226 485 1276 519 τι
1305 467 1550 520 τοιοῦτον
1583 467 1852 522 ἐθεάσατο

268 541 426 611 (περὶ
455 541 716 615 δευτέραν
747 550 847 618 τῆς
897 550 1114 619 ἡμέρας
1171 552 1323 623 ὥραν
1378 556 1481 624 ὁρᾷ
1535 556 1760 620 τούτους
1791 558 1850 609 ού

265 630 409 701 προς
469 635 650 705 μάχην
717 639 1216 710 ηὐτρεπισμένους,
1269 645 1406 699 ἀλλὰ
1457 649 1594 716 πρὸς
1639 647 1853 718 τρυφὴν

264 724 362 775 καὶ
389 724 700 779 ἀνάπαυσιν
729 729 1179 798 ἀποκλίναντας),
1211 735 1414 802 πλῆθος
1463 737 1518 790 δὲ
1568 738 1703 791 πολὺ
1737 739 1856 792 τού-

262 832 383 878 τοις
400 818 449 849 ⁸⁸
489 819 634 890 ὁρῶν
666 821 759 873 καὶ
793 822 886 876 τοῦ
925 825 1043 893 μετ’
1077 827 1257 880 αὐτῶν
1295 829 1438 883 κατὰ
1474 832 1743 902 συστάδην
1779 833 1854 905 μὴ

262 909 634 978 κατατολμῶν
687 913 949 984 πολέμου,
1007 918 1066 970 ὲν
1115 920 1274 991 δεινῷ
1327 923 1596 988 ἐποιεῖτο,
1646 926 1694 978 εἰ
1755 928 1854 996 τὴν

262 997 494 1053 ἅπασαν
517 1000 834 1073 ληϊσάμενοι
862 1006 1069 1078 χώραν,
1111 1011 1207 1062 καὶ
1264 1012 1447 1077 αὐτοῖς
1490 1018 1608 1078 τοῖς
1639 1017 1850 1087 τείχεσι

1955 491 2058 543 que
2094 478 2361 543 regionem
2387 475 2786 538 speculabatur,
2807 487 3026 542 campos
3057 473 3293 526 lustrans
3322 472 3518 535 oeulis,

1956 566 2229 634 collesque
2292 566 2622 629 observans,
2672 579 2734 618 ac
2790 564 3162 618 curiosissime
3211 563 3519 632 inquirens,

1956 671 2082 708 num
2124 666 2176 708 et
2211 669 2331 722 qua
2363 654 2618 723 qualesve
2672 652 2790 706 alite
2843 661 3100 720 praetcrea
3162 649 3518 703 barbarorum

1955 750 2122 817 Copia:
2169 740 2473 802 adessenl':
2516 763 2584 799 an
2624 761 2726 799 non
2764 747 3008 812 quaedam
3045 744 3244 798 alicubi
3286 743 3522 810 iacerent

1955 841 2008 893 in
2041 838 2272 900 insidiis,
2305 853 2422 906 qua:
2444 837 2492 890 in
2518 851 2611 890 eos
2642 837 2729 904 qui
2763 834 2898 889 forte
2924 845 3110 889 contra
3137 833 3522 902 oblatnsegre-

1956 933 2212 984 dereutur
2254 939 2474 997 repente
2514 937 2930 996 consurgerent.
2976 926 3044 980 Ut
3091 926 3222 978 satis
3279 925 3522 978 constitit

1957 1022 2088 1074 nihil
2126 1036 2311 1074 eorum
2369 1035 2509 1080 esse,
2563 1020 2755 1071 iterum
2788 1018 2972 1070 oculus
3001 1017 3235 1070 advertit
3280 1017 3344 1068 ad
3392 1031 3517 1082 pro-

257 1097 366 1161 τῆς
395 1095 792 1168 βασιλευούσης
814 1101 924 1154 τῶν
974 1103 1186 1156 πόλεων
1244 1108 1686 1174 προσπελάσαιεν
1706 1151 1721 1174 ,
1757 1113 1851 1164 καὶ

251 1185 441 1238 ταῦτα
489 1188 659 1240 αὑτοῦ
725 1192 939 1245 ἐκεῖθεν
999 1195 1387 1265 ἐληλυθότος-ί,
1423 1201 1510 1268 ἐφ’
1541 1195 1585 1269 ᾧ
1632 1203 1855 1268 τούτους

257 1277 609 1349 ἀποσοϐῆσαι
631 1283 733 1351 τῆς
777 1283 980 1352 χώρας.
1015 1288 1555 1360 Μετακαλεσάμενος
1590 1293 1686 1348 οὖν
1723 1295 1854 1360 τοὺς

259 1369 356 1422 ὑπ’
383 1372 550 1422 αὐτὸν
584 1375 922 1442 στρατιώτας
957 1378 1052 1431 καὶ
1081 1380 1181 1450 τὴν
1211 1381 1439 1453 γνώμην
1482 1385 1662 1438 αὐτῶν
1702 1386 1852 1440 δοκι-

1957 1113 2151 1180 pinqua
2191 1126 2308 1180 quae
2365 1112 2472 1162 dixi
2539 1113 2732 1162 statlva
2789 1109 3046 1169 hostium,
3107 1107 3522 1172 observavitque

1956 1203 2101 1271 ipsos
2136 1203 2280 1255 circa
2313 1203 2604 1256 secundam
2632 1200 2733 1253 diei
2756 1201 2968 1262 horam,
2997 1199 3127 1251 nihil
3156 1202 3330 1250 minus
3362 1213 3519 1265 quant

1957 1310 2186 1364 pugnam
2216 1294 2543 1363 cogitantes,
2581 1291 2890 1346 remissioni
2927 1306 2984 1344 se
3023 1289 3225 1357 passim
3263 1305 3326 1341 ac
3369 1288 3521 1341 lasci-

1955 1388 2054 1441 vize
2086 1385 2282 1440 dedere
2312 1399 2535 1440 securos
2570 1385 2692 1440 belli
2720 1395 2879 1451 atque
2921 1385 3110 1437 hostis.
3166 1383 3398 1438 Occasio
3431 1398 3521 1450 ap-

1957 1480 2180 1548 parebat
2233 1478 2446 1547 egregia
2499 1477 2771 1532 vincendi.
2827 1475 2932 1529 Sed
2989 1463 3275 1528 multitudo
3333 1475 3522 1542 ingens

1960 1570 2324 1624 barbarorum
2375 1569 2698 1638 infringebat
2737 1568 3018 1621 audaciam
3053 1565 3418 1620 suborientem
3449 1565 3513 1617 la-

1957 1662 2202 1715 cessendi
2239 1660 2412 1726 palam
2457 1659 2646 1726 praelii.
2679 1658 2908 1710 Aliunde
2940 1667 3118 1710 tamen
3152 1658 3383 1726 angebat
3416 1671 3522 1706 ma-

1952 1767 2113 1819 gnum
2152 1752 2389 1804 animum
2424 1750 2635 1804 licentia
2670 1750 2948 1804 barbarica
2984 1750 3257 1817 praedandi
3291 1747 3522 1814 latejam

1952 1840 2420 1910 comprehendens
2459 1841 2663 1901 omnia,
2717 1840 2942 1908 ipsaque
3004 1841 3270 1907 stringere
3321 1841 3522 1893 audens

1954 1933 2106 1986 urbis
2143 1931 2305 2000 regiae
2329 1932 2629 1998 pommria;
2665 1929 2806 2000 quod
2836 1945 2956 1984 cum
2995 1945 3220 1998 semper
3251 1941 3392 1984 esset
3444 1933 3517 1985 in-

1955 2025 2197 2095 dignum,
2236 2031 2347 2076 tum
2389 2036 2454 2075 eo
2492 2032 2733 2090 tempore
2765 2021 3129 2084 intolerabile,
3161 2038 3266 2090 quo
3297 2023 3520 2090 impera-

1955 2123 2127 2166 torem
2155 2113 2218 2164 ad
2256 2111 2602 2166 incursiones
2630 2127 2818 2166 eorum
2865 2113 3128 2167 arcendas
3187 2114 3373 2166 eadem
3420 2114 3499 2165 Au

1953 2217 2105 2277 gusta
2132 2205 2350 2259 civitate
2381 2213 2655 2259 constaret
2695 2221 2975 2275 egressum
3017 2220 3164 2261 esse.
3222 2205 3368 2260 [uter
3423 2204 3521 2259 hos

1952 2299 2194 2352 alternos
2218 2308 2384 2365 (estus
2419 2299 2735 2352 convocatis
2775 2298 3036 2352 militibus
3069 2298 3206 2352 banc
3231 2296 3294 2351 ad
3333 2311 3520 2350 corum

1952 2393 2341 2460 explorantum
2403 2393 2642 2446 animum
2713 2393 3171 2445 accommodatam
3223 2391 3519 2444 orationem

1955 2483 2141 2537 habuit
2181 2501 2193 2538 :
2236 2483 2358 2537 Non
2390 2494 2466 2537 est
2499 2485 2899 2550 despondendus
2951 2483 3160 2535 animus
3221 2493 3519 2550 conspecta,

1951 2591 2068 2642 quae
2097 2577 2218 2630 hinc
2247 2586 2481 2644 apparet,
2519 2577 2852 2630 multitudine
2901 2575 3237 2644 Scytharum,
3281 2576 3368 2625 sed
3401 2587 3522 2624 cou-

1947 2667 2092 2737 jecta
2123 2669 2175 2722 in
2212 2668 2376 2721 Deum
2404 2667 2605 2735 ﬁducia
2633 2679 2837 2733 pectore
2867 2667 3064 2719 audaci
3097 2675 3280 2718 contra
3330 2665 3522 2717 vaden-

1953 2760 2100 2823 dum,
2159 2759 2636 2828 capessendumque
2693 2757 2836 2809 haud
2898 2756 3052 2808 dubie
3099 2754 3345 2823 pra-lium
3403 2768 3521 2806 cum

263 1462 444 1530 μάσαι
482 1463 833 1534 βουλόμενος,
869 1469 995 1538 ἔφη’
1031 1474 1114 1525 Οὐ
1160 1473 1278 1541 χρὴ
1313 1475 1665 1546 ἀποδειλιᾷν
1705 1479 1855 1548 πρὸς

257 1551 332 1604 τό
383 1552 618 1619 πλῆθος
681 1555 802 1609 τῶν
854 1559 1102 1614 Σκυθῶν
1155 1563 1524 1632 ἀφορῶντας,
1579 1568 1717 1622 ἀλλ’
1765 1573 1854 1636 εἷς

261 1647 419 1697 Θεὸν
444 1647 779 1716 ἠλπικότας
811 1651 917 1704 τὸν
933 1653 1061 1720 μετ’
1103 1653 1303 1707 αὐτῶν
1348 1659 1619 1727 συνάψαι
1675 1663 1854 1716 πόλε-

257 1753 397 1799 μον,
419 1738 519 1790 καὶ
549 1741 601 1792 ει
617 1744 809 1807 μόνον
835 1745 1463 1815 όμογνωμονήσαιμεν,
1497 1750 1749 1804 πέποιθα
1768 1753 1846 1817 ὠς

255 1826 611 1897 ἡττήσομεν
644 1831 862 1896 αὐτοὺς
891 1834 1041 1887 κατὰ
1091 1837 1326 1902 κράτος.
1361 1840 1482 1890 Τῶν
1513 1841 1567 1892 δὲ
1614 1842 1849 1896 ἀπαναι-

257 1919 508 1984 νομένων
537 1920 713 1992 πάντη
747 1925 840 1974 καὶ
867 1925 1002 1991 πρδς
1029 1924 1117 1979 τον
1139 1927 1299 1994 λόγον
1357 1930 1842 2002 ἀναϐαλλομένων,

257 2009 477 2073 ἐκεῖνος
498 2012 576 2073 si;
607 2014 771 2080 φόϐον
795 2015 1083 2080 ὲμῦἀλλων
1114 2018 1335 2072 πλείονα
1365 2022 1492 2084 τοὺς
1533 2024 1720 2088 αὐτού,
1757 2027 1850 2079 καὶ

256 2101 566 2172 ἀνεγείρων
595 2107 678 2167 εἱς
709 2106 981 2173 κίνδυνον,
1025 2111 1211 2178 φησῖνο
1263 2112 1404 2166 Ἐὰν
1433 2115 1487 2165 οι
1519 2117 1604 2179 εὶς
1633 2131 1849 2183 προνο-

252 2191 389 2260 μὴν
424 2192 777 2260 ἐξελθόντες
807 2197 826 2228 ¹
861 2197 1253 2254 ἐπανέλθοιεν
1309 2198 1503 2269 αὖθις,
1565 2207 1661 2258 καὶ
1698 2207 1851 2274 μετὰ

255 2281 384 2333 τῶν
431 2285 744 2350 παρόντων
791 2285 1084 2354 ἐνωθεῖεν,
1118 2289 1428 2359 προῦπτος
1459 2298 1501 2348 ιό
1543 2295 1848 2364 κίνδυνος,

256 2375 300 2442 ἢ
318 2374 432 2446 γὰρ
449 2376 600 2430 κατὰ
618 2377 638 2408 ³
652 2380 713 2430 τὸ
739 2363 1004 2446 παστρὼρ
1029 2384 1164 2450 παρ’
1181 2384 1380 2437 αὐτῶν
1395 2363 1850 2456 κατασχεθήσὲ

257 2485 381 2534 τοι,
411 2469 512 2523 καὶ
541 2472 717 2537 ἡμεῖς
766 2472 1172 2544 παρανάλωμα
1214 2478 1406 2544 φόνου
1441 2483 1841 2550 γενησόμεθα,

255 2561 293 2630 ἢ
317 2561 458 2626 παρ’
495 2560 678 2616 οὐδὲν
711 2563 1269 2632 ἡμᾶςλογισάμενοι
1303 2567 1451 2634 ῑσως
1476 2569 1848 2640 τοῖςτείχεσι

256 2649 373 2717 τῆς
408 2651 640 2716 πόλεως
679 2656 1217 2721 προσπελάσαντες
1242 2658 1352 2711 οὐκ
1393 2658 1850 2728 ἐγχωρήσουσιν

255 2739 408 2809 ἡμῖν
439 2745 528 2807 εις
581 2742 695 2808 τὴν
731 2745 1030 2806 ,ϐασιλίδα
1071 2750 1253 2802 πόλιν
1313 2748 1631 2815 εἰσελθεῖν,
1660 2751 1846 2805 αὐτοῦ

258 2853 381 2892 που
407 2841 542 2907 περὶ
572 2840 679 2900 τὰς
701 2843 901 2908 πύλας
953 2843 1141 2913 αὐτῆς
1170 2845 1587 2915 αὐλισάμενοι.
1623 2850 1848 2902 Λοιπὸν

1955 2851 2083 2918 ipsis
2109 2866 2127 2903 :
2150 2867 2277 2919 quos
2304 2851 2539 2918 equidem
2571 2866 2740 2917 spero,
2764 2851 2916 2901 modo
2944 2864 3100 2899 unam
3130 2850 3180 2899 in
3211 2847 3519 2899 sententiam

256 2927 656 2982 κινδυνεῦσαι
680 2931 838 2999 ἡμᾶς
867 2935 1006 3000 χρὴ,
1043 2937 1137 2988 καὶ
1178 2938 1256 3004 μὴ
1287 2937 1596 3005 ἀνάνδρως
1625 2942 1848 2994 ἀποθα-

1955 2947 2322 3000 conveniamus
2375 2958 2574 3004 omnes,
2614 2941 2768 3010 facile
2807 2941 3066 2994 uincemus
3107 2954 3168 2990 ac
3212 2937 3518 2990 delebimus.

254 3019 408 3074 νεῖν.
451 3021 602 3090 Ἐγὼ
624 3021 740 3091 μὲν
771 3019 884 3079 οὖν
902 3026 1021 3094 ἤδη
1059 3028 1266 3096 ἔξειμι,
1319 3030 1413 3083 καὶ
1460 3034 1674 3087 ὀπόσοι
1702 3033 1848 3096 ,ϐοὐ-

1956 3037 2034 3090 Ad
2066 3051 2126 3088 ca
2163 3036 2234 3088 illi
2268 3035 2511 3089 cunctari
2553 3048 2908 3101 renuereque.
2958 3031 3095 3086 Tum
3140 3034 3416 3097 Augustus
3452 3044 3516 3082 es

255 3113 445 3165 λεσθε
479 3115 1001 3184 προεκδραμόντος
1045 3118 1213 3187 ἐμοῦ,
1265 3121 1360 3172 καὶ
1397 3121 1460 3186 ἐς
1491 3122 1690 3190 μέσον
1723 3124 1842 3176 τῶν

1955 3129 2068 3199 ipso
2100 3128 2315 3182 illorum
2344 3127 2432 3195 qui
2479 3127 2587 3180 sibi.
2619 3127 2869 3180 obstabat
2902 3134 3042 3179 metu
3075 3124 3373 3178 subsidium
3426 3134 3520 3190 pe-

255 3200 512 3256 Σκυθῶν
540 3206 1057 3274 εἰσπηδήσαντος,
1085 3211 1464 3278 συνέψεσθεο
1501 3213 1717 3266 ὀπόσοι
1774 3213 1842 3266 δὲ

1955 3232 2093 3284 lens,
2128 3219 2503 3289 exaggerando
2557 3217 2795 3287 periculo
2831 3217 3271 3284 admovendoque
3312 3213 3522 3267 insum-

255 3291 433 3345 τοῦτο
483 3296 557 3347 οὐ
613 3294 899 3362 δύνασθε,
932 3297 970 3366 ἢ
1003 3299 1088 3368 μὴ
1129 3299 1456 3367 βούλεσθε,
1517 3302 1666 3369 μηδὲ
1725 3303 1843 3357 τῶν

1959 3303 2069 3358 tius
2109 3309 2318 3356 terrore
2362 3303 2678 3370 pertrahere
2716 3303 2768 3356 in
2819 3303 3141 3356 sententiam
3196 3300 3411 3368 sategit,
3463 3296 3518 3349 in

258 3383 476 3437 πυλῶν
503 3386 679 3453 ἐκτὸς
704 3387 986 3456 γένησθε.

1955 3397 2097 3449 hunc
2151 3395 2366 3448 modum
2429 3395 2571 3461 loqui
2613 3409 2886 3464 pergens:
2919 3393 3185 3458 Quiescite
3238 3405 3360 3456 ergo
3393 3402 3521 3442 sane

257 3480 686 3548 occasionemque
713 3481 957 3550 negligite
986 3485 1158 3552 quoad
1202 3485 1294 3553 qui
1329 3486 1623 3552 pra'tlatum
1659 3488 1834 3540 abiere
1873 3504 1963 3542 sea:
1996 3487 2220 3541 millium
2267 3504 2483 3540 numero
2548 3487 2681 3540 salvi
2758 3494 3072 3539 revertentes
3130 3483 3214 3535 his
3259 3491 3331 3533 tot
3384 3494 3518 3547 quos

257 3573 485 3627 horretis
517 3577 927 3644 caujunganlur.
978 3580 1116 3642 Quid
1161 3583 1315 3635 tum?
1358 3582 1568 3634 rincetis
1635 3591 1974 3652 congregatos
2044 3585 2101 3636 in
2166 3599 2354 3652 uosque
2381 3583 2609 3636 intentos
2656 3583 2874 3642 scilicet,
2914 3580 3004 3648 qui
3049 3578 3308 3641 dispersos
3339 3570 3518 3624 aliud-

258 3677 355 3730 que
389 3676 607 3733 agentes
637 3665 936 3732 formidatis
965 3681 1147 3722 contra
1182 3671 1421 3729 intueri?
1452 3671 1517 3725 ιιι
1549 3683 1670 3726 tunc
1704 3674 1934 3743 profecto
1963 3675 2275 3740 prtesentius
2301 3675 2446 3726 haud
2475 3672 2638 3742 paulo
2716 3671 3006 3737 periculum
3066 3667 3186 3728 erit,
3240 3664 3295 3716 in
3365 3658 3517 3728 cuju‘

256 3755 530 3826 ﬂammam
563 3771 628 3810 ea:
658 3756 751 3836 hoc
793 3758 939 3826 fumo
990 3761 1224 3815 resilitis.
1280 3768 1382 3816 Aut
1439 3764 1578 3816 enim
1625 3765 1826 3817 admoti
1868 3765 2030 3818 muris
2063 3763 2438 3833 expugnabunt
2473 3761 2742 3828 oppidum.
2776 3773 2968 3824 nosque
3037 3755 3305 3808 universos
3374 3751 3516 3803 occi-

258 3851 418 3903 dione
475 3849 753 3904 occident:
802 3861 914 3918 aut,
985 3852 1031 3905 si
1102 3853 1312 3907 odorati
1358 3866 1592 3908 nostram
1645 3856 1914 3924 ignauiam
1955 3857 2318 3924 indiguosuos
2346 3857 2611 3922 putabunt
2643 3853 2732 3919 qui
2769 3851 2844 3906 uel
2895 3849 3032 3902 brevi
3091 3858 3318 3910 tempore
3371 3843 3520 3911 ipso-

257 3957 374 4006 tum
401 3941 655 4009 impetum
681 3958 967 4009 moremur,
1017 3944 1155 3998 ultra
1207 3948 1610 4016 progredientur
1664 3963 1825 4017 usque
1863 3948 1918 4001 in
1951 3949 2129 4002 urbem
2201 3947 2396 4009 reqiam
2461 3945 2667 3999 omissis
2695 3942 2839 3996 nobis
2861 3942 3162 4012 frustraque
3190 3945 3298 3989 tum
3333 3935 3517 3989 domos

257 4043 320 4084 lc
349 4033 520 4103 focos,
547 4049 648 4100 quo
679 4034 928 4089 anhelare
957 4035 1226 4102 videmini,
1259 4039 1635 4107 respectabitis,
1665 4041 1819 4094 aditu
1858 4040 2050 4108 patria:
2075 4055 2168 4109 per
2211 4039 2475 4092 barbaros
2501 4053 2532 4091 a
2577 4048 2746 4092 uestra
2814 4033 3008 4088 inertia
3061 4040 3354 4086 contentum
3420 4032 3519 4083 πα·

259 4133 371 4179 ctus
396 4137 697 4180 castrorum
745 4143 959 4180 suorum
993 4143 1158 4197 usque
1219 4130 1290 4181 ad
1362 4142 1546 4194 portas
1601 4129 1848 4184 Constant

1957 4131 2090 4198 polis
2157 4131 2647 4199 pramat'ettdorum,
2723 4126 2964 4192 deinceps
3013 4121 3157 4178 vobis
3209 4118 3512 4173 intercluso-

261 4217 392 4282 ουρ
414 4235 536 4272 cum
566 4219 641 4273 ita
668 4221 794 4287 sint,
843 4223 1185 4287 reputandum
1228 4222 1508 4290 unicuique
1560 4239 1733 4276 secum
1767 4231 1843 4276 est
1881 4224 2016 4276 nihil
2049 4232 2246 4276 restare
2283 4222 2429 4275 aliud
2473 4221 2574 4274 nisi
2639 4220 2962 4274 occasionem
3021 4215 3254 4269 honesta:
3325 4213 3514 4267 mortis

262 4313 551 4367 invadenda
581 4314 809 4379 periculo
846 4330 941 4382 pro
968 4317 1078 4368 aris
1103 4324 1153 4367 et
1183 4315 1313 4382 focis
1356 4315 1676 4380 appetendw.
1757 4314 1868 4384 Ego
1905 4317 2116 4386 quidem
2162 4317 2216 4369 in
2252 4315 2306 4368 id
2370 4323 2542 4369 certus
2590 4323 2908 4382 paratusque
2958 4325 3112 4373 sum;
3175 4317 3330 4375 atque
3383 4305 3512 4357 adeo

263 4422 372 4459 ecce
390 4407 507 4474 jam
544 4422 684 4459 nunc
704 4422 763 4460 eo
803 4407 962 4474 feror.
999 4405 1256 4474 Sequetur
1294 4408 1382 4475 qui
1429 4406 1556 4460 colet
1598 4419 1822 4461 vestrum
1853 4418 2259 4478 prtucurreutem
2300 4419 2458 4478 atque
2518 4409 2570 4460 in
2631 4405 2827 4460 medios
2859 4412 3000 4457 recta
3050 4399 3269 4468 Scythas
3309 4398 3516 4448 irruen-

264 4507 383 4552 tem.
414 4497 728 4566 Quicunque
753 4499 808 4551 id
833 4515 934 4552 non
955 4499 1166 4565 potestis
1183 4506 1276 4550 aut
1300 4514 1400 4550 non
1421 4501 1598 4563 vultis,
1625 4512 1845 4566 manete,
1887 4502 2023 4564 licet,
2057 4517 2119 4554 ac
2154 4503 2199 4554 si
2227 4512 2401 4554 tantus
2423 4504 2579 4553 timor
2622 4509 2718 4563 est,
2793 4496 2967 4550 obdite
3033 4489 3291 4560 pessulum
3351 4485 3516 4552 portis

263 4605 304 4642 ct
337 4589 670 4642 muliebriter
693 4591 866 4645 clausi
894 4592 1094 4645 brevem
1141 4592 1326 4644 mortis
1360 4606 1560 4643 moram
1593 4592 1824 4646 obicibus
1863 4595 2133 4647 valvarum
2171 4593 2470 4652 lucramini.

334 4679 688 4750 Παραχρῆμα
721 4680 853 4746 γοῦν
889 4679 976 4732 διὰ
1017 4679 1116 4746 τῆς
1141 4680 1567 4743 ἀπονενευκυέας
1599 4681 1674 4744 ὡς
1706 4682 1836 4751 πρὸς

2018 4681 2178 4751 223
2211 4681 2300 4734 Sic
2351 4682 2559 4736 locutus
2602 4687 2820 4744 repente
2871 4691 2966 4741 per
3019 4682 3250 4744 portam,
3291 4685 3410 4738 qua:
3444 4669 3514 4724 ad

263 4775 358 4844 τὴν
383 4776 584 4842 λίμνην
619 4771 730 4839 (3‘2)
762 4771 954 4838 πύλης,
987 4772 1350 4840 ὁπλισάμενος
1374 4771 1565 4838 ἔξεισι.
1604 4773 1713 4826 Καὶ
1741 4792 1848 4826 πα-

1955 4773 2195 4842 puludem
2227 4773 2421 4839 vergit,
2452 4777 2694 4822 armatus
2727 4767 2986 4835 erumpit,
3036 4764 3308 4831 obitisque
3341 4761 3513 4816 tnuris

267 4863 560 4936 ραδραμὼν
582 4863 649 4916 τὰ
668 4863 844 4931 τείχη,
869 4864 961 4914 καὶ
992 4863 1186 4931 μικρὸν
1217 4862 1610 4931 παρεγκλίνας,
1638 4863 1695 4929 ἐξ
1723 4865 1847 4916 ὀπι-

1955 4864 2194 4919 exterius
2224 4878 2348 4914 cum
2391 4861 2598 4914 modice
2653 4858 3003 4916 declinasset,
3063 4856 3249 4925 jugutu
3281 4869 3311 4908 a
3364 4864 3516 4924 tergo

265 4958 427 5011 σθεων
457 4955 553 5009 τοῦ
604 4955 828 5025 αὐχένος
861 4955 971 5025 (53)
997 4955 1225 5011 ἄνεισιν.
1277 4955 1409 5008 Οὐδὲ
1461 4954 1570 5025 γὰρ
1600 4955 1836 5024 σῦνάψαι

1955 4956 2293 5018 :onscendit,
2357 4954 2603 5007 lnrbaris
2664 4955 2955 5006 insessum.
2997 4949 3209 5004 Vitaudi
3300 4947 3514 5003 adversi

1307 5094 1506 5154 Variae
1538 5093 1842 5155 lectiones
1887 5111 1968 5155 ex
2011 5095 2151 5156 cod.
2187 5093 2449 5154 Coislin.

1297 5197 1317 5227 '
1345 5194 1694 5256 εἰσελθόντες.
1773 5195 1793 5224 ⁸
1825 5195 1936 5249 καί.

1353 5289 1493 5348 Car.
1530 5287 1862 5349 Dufresuii
1891 5293 1982 5349 Du
2008 5287 2232 5367 Call-,5“
2256 5303 2450 5354 noue.

335 5412 447 5482 (δί)
494 5411 615 5479 Τὴν
643 5413 904 5482 λίμνηνα
933 5410 1208 5482 Paludem,
1249 5423 1406 5482 quam
1444 5407 1607 5482 Melas
1642 5408 1836 5482 ﬂuvius

268 5479 452 5538 msiate
509 5498 764 5535 arescens
828 5481 1006 5532 edicit.
1065 5479 1277 5532 Nicetas
1347 5480 1459 5530 loco
1509 5479 1695 5539 citato,
1764 5479 1834 5532 de

270 5553 401 5606 Mela
426 5570 439 5605 :
473 5547 643 5613 Οὗτος
666 5552 844 5602 τοίνυν
865 5551 1055 5620 δέρους
1084 5549 1184 5617 μὲν
1216 5547 1520 5619 λειψυδρῶν
1549 5550 1629 5611 si;
1659 5550 1831 5620 χαρά·

270 5622 398 5695 δραν
427 5620 724 5690 συνάγεται
752 5617 1048 5689 τεναγώδη.

333 5197 379 5229 ’⁸
419 5194 667 5260 τούτους.
749 5196 762 5227 ¹
819 5193 1220 5264 ἐξεληλυθίτος.

2007 5413 2120 5479 ι55)
2156 5413 2264 5466 Τοῦ
2317 5412 2597 5481 αὐχένος.
2660 5411 2830 5480 Supra
2891 5426 3015 5477 pag.
3059 5409 3184 5481 221,
3233 5407 3374 5481 κατᾲ
3421 5407 3512 5481 τὸν

1928 5477 2270 5602 ἓυγκεκολλη
2281 5477 2441 5555 μένον
2462 5483 2537 5554 τῷ
2555 5477 2866 5555 τείχειτῶν
2891 5479 3277 5552 Χοιροόάκχων
3309 5477 3513 5546 αὐχένα

1964 5571 2186 5626 στησαν.
