3970 6200
529 252 632 313 οονι

1792 255 2014 317 ᾹΝΝᾹΞ
2053 255 2110 317 Cl

2214 255 2433 317 ΝΕΝίΕ
3509 331 3517 335 _
3599 264 3685 326 6'38
3725 307 3744 312 —

528 379 860 422 conscensus
892 379 953 422 ea
990 366 1065 422 illt
1091 382 1254 423 causa
1298 367 1422 432 fuit,
1452 369 1594 439 quod
1634 379 1909 441 utcunque
1942 385 2098 440 pero-

2214 368 2354 420 ιοῦτο
2410 367 2760 438 ισυνέψεσθαι
2788 365 2988 438 τούτῳ]
3022 365 3215 434 διέγνω
3252 367 3371 431 τοὺς
3425 372 3529 438 μετ’
3560 374 3694 431 αὑτοῦ

427 465 444 480 ‘
531 466 732 522 rasset,
764 457 945 514 minus
974 469 1295 528 speraverat
1327 461 1666 529 persuasisse
1694 477 1751 515 se
1772 463 1885 515 suis
1917 470 1984 514 ut'
2009 476 2094 513 sc-

529 566 653 606 cum
707 566 896 606 onines
939 552 1232 608 venirent:
1267 569 1402 623 quos
1457 557 1501 609 si
1569 557 1853 610 universos
1908 555 2096 607 adesse

533 642 804 706 crederet,
841 642 972 695 nihil
1012 654 1258 712 apertum
1288 645 1511 699 Martem
1543 657 1842 700 vereretur.
1866 645 1908 698 Δ
1949 655 2097 713 tergo

534 732 702 801 igitur
768 733 820 786 in
872 736 1101 789 mediam
1161 737 1407 790 invectus
1456 739 1744 792 stationem
1792 736 2095 809 Scythicam

532 825 762 894 primum
792 827 894 882 sibi
932 838 1305 883 occurrentem
1337 833 1492 885 czelit
1524 847 1588 885 ac
1623 834 1854 897 sternit;
1885 847 1982 885 nec
2010 845 2099 884 co-

534 917 691 970 mites
747 918 1132 974 continuerunt
1194 939 1432 979 manum.
1487 923 1709 992 Strages
1765 927 1944 979 editur
1994 941 2098 982 non

531 1011 722 1078 exigua
762 1011 1109 1079 Scytharum,
1145 1017 1248 1069 vivi
1281 1018 1440 1070 etiam
1467 1019 1710 1072 nonnulli
1737 1019 2096 1074 abducuntur.

534 1100 633 1156 llic
659 1105 842 1157 animo
874 1107 1061 1161 solerti
1123 1108 1189 1162 ad
1232 1109 1358 1163 belli
1393 1120 1539 1164 artes
1586 1111 1850 1179 cogitatio
1911 1112 2101 1166 incidit

531 1198 783 1252 vertendi
811 1200 980 1267 spolia
1013 1216 1278 1256 caesorum
1337 1204 1388 1257 in
1439 1209 1845 1272 stratagematis
1899 1204 2104 1259 instru-

537 1302 820 1357 mentum;
874 1307 973 1348 nec
1031 1310 1201 1351 mora.
1259 1295 1532 1352 Ronmnos
1585 1297 1784 1352 milites
1829 1297 2102 1364 Scythicis

533 1383 711 1437 induit
746 1385 1009 1449 vestibus,
1044 1385 1418 1456 Scythicisque
1474 1390 1700 1458 imponit
1734 1393 1912 1458 equis.
1966 1389 2106 1444 Suo-

537 1487 651 1525 rum
682 1490 852 1542 equos
883 1485 936 1529 et
973 1477 1122 1548 signa
1159 1479 1410 1532 militaria
1443 1497 1545 1535 una
1577 1496 1700 1534 cum
1731 1484 1974 1550 praecisis
2011 1499 2104 1536 ra-

536 1565 740 1631 pitibus
769 1566 1093 1637 Scytharum
1135 1586 1232 1639 per
1286 1572 1534 1626 homines
1596 1571 1731 1627 lidos
1791 1577 2103 1631 advebcinla

539 1657 678 1710 intra
711 1661 896 1713 urbem
928 1670 1108 1725 curat,
1159 1662 1286 1716 dato
1316 1666 1528 1732 negotio
1559 1675 1616 1719 ut
1643 1683 1701 1721 se
1734 1668 1845 1723 illic
1879 1681 2106 1738 praesto-

539 1748 805 1805 larentur.
841 1752 957 1820 ipse
992 1769 1111 1807 cum
1150 1756 1264 1807 suis
1294 1757 1546 1825 Scythica
1585 1761 1779 1814 vexilla
1817 1764 2106 1818 vestimen-

542 1852 700 1912 taque
734 1845 1146 1912 praeferentibus
1177 1850 1459 1904 descendit
1514 1866 1704 1908 versus
1752 1870 1966 1910 amnem
1999 1873 2102 1911 non

540 1937 696 2004 longe
739 1955 766 1992 a
825 1939 1248 1995 Chmrohacchis
1288 1942 1564 2010 liuentem,
1621 1963 1726 2016 qua
1785 1949 2108 2019 trajecturos

537 2031 864 2097 opinabatur
922 2033 1156 2102 Scythas
1207 2035 1344 2089 alios
1405 2036 1490 2090 tibi
1543 2053 1572 2090 e
1617 2042 1796 2106 praeda
1847 2044 2106 2097 redirent.

540 2119 696 2174 Brevi
729 2133 1058 2178 revertentes
1090 2125 1164 2176 illi
1193 2125 1473 2180 cohortem
1508 2130 1788 2186 intuentur
1817 2134 1890 2186 ad
1916 2136 2108 2190 vadum

543 2214 795 2278 lluminis,
823 2216 914 2268 scd
948 2215 1164 2270 indiciis
1195 2217 1363 2271 delusi
1401 2234 1552 2273 suam
1577 2224 1881 2288 credentes,
1919 2241 2109 2283 secure

542 2321 606 2358 ac
637 2307 932 2362 ludibunde
960 2323 1020 2361 se
1045 2310 1354 2364 admovent.
1386 2309 1678 2367 Enimvero
1723 2331 1828 2370 nou
1861 2317 1938 2371 sic
1964 2321 2111 2372 exci-

544 2402 792 2466 piuntur,
817 2411 872 2454 at
901 2400 1065 2456 vastis
1091 2401 1317 2466 ictibus;
1353 2406 1652 2471 trepidatur
1673 2410 1739 2460 ad
1773 2409 2108 2477 inopinatum

546 2492 768 2546 malum.
805 2492 1098 2548 Czeduntur
1127 2495 1344 2562 partim,
1401 2497 1595 2561 partim
1647 2500 1938 2568 capiuntur
1990 2505 2112 2556 bar-

547 2584 686 2640 liari.
717 2585 830 2639 Sub
868 2600 1146 2654 vesperam
1178 2587 1510 2650 (Sabbatum
1541 2605 1601 2644 ea
1625 2591 1742 2647 dies
1771 2593 1906 2661 fuit)
1935 2611 2114 2652 rever-

545 2679 677 2732 titur
695 2693 813 2731 cum
836 2678 1087 2746 captivis,
1114 2689 1493 2751 posteramque
1517 2684 1694 2739 lucem
1728 2687 1895 2743 haeret
1916 2679 2111 2748 ibidem

547 2779 740 2825 totam.
770 2770 1127 2826 illucescente
1161 2777 1400 2828 secunda
1431 2774 1566 2831 feria
1592 2786 1775 2834 castro
1804 2783 1937 2846 exit,
1973 2785 2113 2838 bifa-

548 2864 681 2916 riam
717 2863 907 2917 divisis
941 2864 1132 2932 copiis.
1173 2862 1330 2920 Prius
1381 2881 1444 2921 ex
1493 2867 1560 2922 iis
1605 2873 1887 2927 constabat
1919 2892 2110 2944 agmen

545 2954 636 3021 qui
669 2954 822 3018 signa
852 2965 1140 3022 νθειοειμιε
1165 2955 1452 3024 Scythicas
1487 2959 1685 3027 quibus
1720 2963 1801 3015 usi
1849 2977 2005 3021 erant
2046 2970 2110 3023 ad

2197 459 2333 529 πρὸς
2364 460 2458 529 ,τὸν
2482 461 2623 513 κατὰ
2646 477 2710 512 συ
2720 460 2916 529 στάδην
2955 460 3093 528 μετὰ
3124 458 3230 511 τῶν
3253 459 3460 512 Σκυθῶν
3483 464 3695 534 πόλεμον.

2197 553 2304 607 Καὶ
2335 552 2551 621 πρῶτος
2574 551 2732 614 αὐτὸς
2760 551 2886 620 δόρυ
2917 551 3277 618 σπασάμενος,
3307 553 3360 613 ές
3391 553 3564 622 μέσους
3588 557 3696 611 Σκύ-

2199 643 2296 706 θας
2321 644 2509 696 ἑαυτὸν
2543 641 2744 713 ῶθησε,
2782 642 2984 704 παίσας
3027 643 3118 695 τὸν
3149 642 3372 712 πρώτως
3406 644 3540 713 αὐτῷ
3559 647 3693 701 om».

2197 737 2480 790 τιάσαντα.
2526 734 2668 787 Ἀλλ’
2699 733 2806 787 οὐδ’
2858 734 2905 786 oi
2943 733 3040 786 σὺν
3091 734 3238 804 αὐτῷ
3290 737 3589 802 στρατιῶται
3619 740 3694 809 τῆς

2203 831 2383 899 μάχης
2409 829 2838 898 ἀπελείφθησαν,
2882 827 3174 881 κάντεῦθεν
3200 828 3323 890 τοὺς
3359 829 3452 897 μὲν
3481 830 3662 893 πλείους
3683 835 3700 863 ⁸

2200 907 2466 982 ἔκτειναν.
2521 922 2644 983 τοὺς
2694 921 2751 974 δὲ
2789 920 2884 973 καὶ⁹
2931 919 3174 990 ζωγρίαν
3218 915 3370 990 ἦγον.
3423 917 3542 974 Εἶτα
3580 924 3703 977 ὁποῖα

2201 1015 2404 1075 ἐκεῖνος
2429 1012 2773 1083 μηχανᾶσθαι
2813 1012 3020 1081 εἰώθει,
3067 1014 3166 1075 τὰς
3191 1014 3298 1066 τῶν
3337 1013 3544 1066 Σκυθῶν
3581 1016 3705 1082 ἐτιθῆ-

2202 1126 2299 1171 τας
2339 1107 2448 1176 (54)
2480 1108 2605 1168 τοὺς
2655 1105 2996 1174 στρατιώτας
3025 1106 3344 1174 ἀμφιέννυσι
3373 1106 3575 1159 καὶτῶν
3598 1108 3707 1160 Σκυ-

2203 1199 2367 1254 θικῶν
2401 1200 2584 1252 ἵππων
2613 1197 2867 1266 ἐπιϐῆναι
2899 1197 3129 1260 κελεύει,
3174 1197 3297 1258 τοὺς
3340 1198 3393 1250 δὲ
3427 1197 3604 1260 ἵππους
3625 1201 3707 1251 τῶν

2205 1291 2575 1364 στρατιωτῶν,
2601 1292 2695 1345 καὶ
2725 1291 2824 1353 τὰς
2854 1289 3058 1343 τούτων
3083 1290 3342 1358 σημαίας,
3363 1290 3448 1342 καὶ
3472 1290 3559 1352 τὰς
3607 1293 3712 1344 ἀπο-

2205 1387 2502 1456 τμητείσας
2533 1386 2553 1416 ⁸
2581 1383 2684 1436 τῶν
2711 1383 2929 1436 Σκυθῶν
2957 1382 3201 1450 κεφαλᾶς
3234 1382 3492 1450 παραδούς
3511 1401 3608 1436 τισι
3624 1384 3707 1437 τῶν

2206 1479 2592 1546 εύνουστέρων,
2641 1475 3056 1545 παραλαϐόντας
3108 1473 3430 1544 προσέταξεν
3491 1475 3605 1527 εἴσω
3639 1475 3710 1528 τοῦ

2205 1569 2443 1638 κάστρου
2501 1566 2755 1634 γενέσθαι
2821 1566 3294 1635 ἀπεκδεχομένοκ
3348 1566 3520 1620 αὐτόν.
3559 1566 3710 1620 Ταῦτα

2207 1662 2386 1713 τοίνυν
2419 1659 2587 1722 οὕτως
2619 1660 2980 1729 οἰκονομήσας
3012 1661 3224 1721 ἐκεῖνος
3274 1659 3404 1727 μετὰ
3435 1658 3536 1712 τῶν
3557 1658 3716 1711 Σκυθι-

2214 1753 2325 1806 κῶν
2353 1751 2622 1822 σημαιῶν,
2658 1752 2752 1805 καὶ
2794 1753 2904 1803 τῶν
2931 1749 3000 1802 τὰ
3046 1750 3292 1804 Σκυθικὰ
3334 1751 3503 1819 ἄμφια
3545 1751 3722 1832 περιϐε-

2214 1843 2312 1911 ϐλη
2323 1844 2497 1912 μένων
2525 1843 2896 1912 στρατιωτῶν,
2933 1842 3182 1895 κάτεισιν
3210 1842 3283 1904 ὡς
3314 1841 3445 1912 πρὸς
3478 1841 3560 1894 τὸν
3585 1839 3718 1908 ἀγχοῦ

2210 1935 2596 2005 Χοιροϐἁκχων
2654 1934 2844 2005 ῥέοντα
2875 1933 3117 2001 πόταμον
3157 1934 3289 2000 (33).
3332 1934 3460 1985 ὅπου
3500 1932 3581 1984 καὶ
3623 1932 3721 1993 τοὺς

2209 2027 2316 2080 ἀπὸ
2349 2026 2445 2092 τῆς
2476 2023 2754 2093 προνομῆς
2800 2021 3245 2089 ὑποστρέφοντας
3304 2019 3503 2079 Σκύθας
3545 2016 3721 2084 ἐνόμιζε

2208 2117 2457 2172 διελθεῖν.
2490 2117 2552 2168 Οἱ
2571 2116 2628 2167 δὲ
2657 2117 2949 2183 προνομείς
2972 2114 3173 2165 ἐκεῖνοι
3198 2112 3511 2176 θεασάμενοι
3543 2109 3722 2170 τούτους

2213 2209 2533 2277 ἱσταμένους
2564 2208 2764 2272 ἐκεῖσε,
2795 2206 2890 2257 καὶ
2936 2204 3262 2273 νομίσαντες
3310 2204 3401 2255 καὶ
3431 2201 3616 2262 Σκύθας
3645 2200 3724 2251 αύν

2209 2304 2334 2365 τοὺς
2389 2297 2551 2364 εἶναι,
2609 2298 2934 2366 ἀφυλάκτως
2992 2297 3210 2354 τούτοις
3269 2293 3665 2363 προσπίπτοντες
3690 2290 3722 2352 ⁸,

2211 2394 2306 2450 καὶ
2335 2396 2354 2425 ⁷
2403 2391 2583 2461 οἱμὲν
2627 2389 2949 2461 ἀνῃροῦντο,
3000 2387 3154 2441 ἄλλοι
3208 2386 3264 2439 δὲ
3313 2386 3404 2438 καὶ
3444 2383 3723 2450 κατείχοντο.

2225 2485 2494 2555 Ἐσπέρας
2523 2482 2579 2537 δὲ
2607 2480 3022 2547 καταλαϐούσης
3057 2477 3360 2545 (Σάϐϐατον
3388 2475 3441 2528 δὲ
3470 2471 3571 2544 ἦν),
3597 2475 3728 2524 ἐπαν-

2211 2579 2429 2647 έρχεται
2459 2575 2596 2645 μετὰ
2644 2573 2752 2626 τῶν
2779 2569 3159 2642 δορυαλῶτων.
3197 2567 3546 2638 Καρτερήσας
3571 2563 3620 2614 δὲ
3654 2561 3728 2613 καὶ

2209 2669 2308 2740 τὴν
2336 2666 2616 2730 ἐπιοῦσαν,
2646 2663 2989 2731 αύγαζούσης
3016 2662 3116 2730 ἤδη
3159 2661 3262 2727 τῆς
3289 2659 3550 2728 δευτέρας,
3575 2651 3728 2720 ἐξῆλθε

2211 2762 2304 2814 τοῦ
2335 2760 2596 2826 κὰσιρου,
2632 2756 2726 2809 καὶ
2767 2753 2955 2807 διελὼν
2984 2753 3108 2815 τοὺς
3139 2752 3234 2805 ὑπ’
3269 2750 3446 2811 αὑτὸν,
3474 2744 3730 2816 ἔμπροσθεν

2217 2854 2316 2923 μὲν
2348 2853 2610 2922 εἰσήγαγε
2639 2849 2765 2912 τοὺς
2790 2848 2889 2908 τὰς
2940 2847 3046 2900 τῶν
3074 2844 3300 2898 Σκυθῶν
3364 2841 3582 2912 σημαίας
3626 2853 3730 2890 κατ·

2217 2948 2461 3014 ἐχοντας,
2511 2941 2734 2996 ὄπισθεν
2759 2939 2816 2993 δὲ
2844 2938 2968 3002 τοὺς
3014 2935 3384 3006 δορυαλώτους
3414 2932 3515 2985 τῶν
3554 2927 3732 2982 Σκυθῶν

515 3113 518 3117 ἴ
546 3046 826 3100 victoriam
868 3021 1112 3100 ferebant
1143 3064 1157 3100 :
1193 3021 1278 3102 bis
1304 3050 1631 3105 accedebant
1658 3055 1860 3122 captivi
1897 3058 2110 3129 Scytha:

2217 3035 2367 3107 παρὰ
2396 3033 2642 3106 χωριτῶν
2683 3033 2913 3087 ἕκαστον
2944 3030 3152 3084 τούτων
3184 3026 3563 3097 κατεχομένους
3590 3023 3625 3074 ⁸.
3649 3021 3733 3126 Τὰς

547 3134 617 3188 ab
651 3135 957 3204 agrestibus
989 3138 1257 3207 indigenis
1283 3140 1562 3208 sigillttlim
1588 3145 1773 3217 ducti:
1801 3151 2109 3217 sequeban-

547 3237 636 3281 tur
665 3227 730 3280 ad
761 3239 1087 3292 extremum,
1135 3229 1226 3298 qui
1267 3231 1443 3296 capita
1496 3215 1822 3302 Scytharum
1865 3215 2112 3310 adempta

546 3319 752 3375 truncis
778 3320 1106 3391 praeﬁxaque
1151 3321 1323 3391 longis
1359 3323 1529 3379 haSIis
1582 3327 1694 3382 alte
1746 3331 2110 3387 OSIentabant.

547 3409 674 3464 Post
712 3411 813 3466 hos
852 3411 1029 3479 spatio
1076 3413 1309 3484 quodam
1365 3417 1686 3485 interposito
1749 3423 2117 3489 procedebant

547 3505 776 3560 Romani
806 3507 1010 3562 milites
1040 3523 1162 3561 cum
1195 3508 1369 3562 solitis
1406 3510 1713 3579 insignibus
1743 3516 2112 3588 vestibusque,

548 3597 614 3653 l's
643 3599 910 3654 adinistus
949 3599 1241 3669 imperator
1273 3603 1560 3658 claudebat
1591 3621 1806 3676 aginen.

618 3691 717 3746 Hic
741 3692 990 3747 incessus
1019 3694 1294 3749 redeuntis
1323 3707 1464 3750 erat.
1511 3698 1582 3751 At
1628 3697 1964 3770 Palmologus
2017 3719 2118 3772 pro

548 3791 745 3838 cetero
773 3783 984 3839 fervore
1021 3785 1291 3841 bellicosa;
1326 3787 1523 3842 indolis
1547 3805 1728 3844 moras
1753 3793 1954 3861 quietis
1977 3808 2115 3849 con-

548 3891 850 3930 cessaanon
882 3877 1178 3942 sustinens,
1211 3878 1326 3944 ipso
1371 3879 1475 3945 iam
1531 3880 1771 3938 diluculo
1822 3883 2120 3941 Dominica:

549 3965 901 4034 Carnisprivii
933 3976 1057 4022 ante
1077 3983 1264 4022 omnes
1310 3971 1446 4028 alios
1479 3971 1738 4041 Byzantio
1767 3976 1954 4038 exivit,
1988 3977 2119 4030 iter-

551 4071 655 4124 que
678 4057 853 4111 locum
889 4075 1077 4114 versus
1103 4061 1191 4114 ubi
1222 4070 1342 4115 erat
1379 4063 1673 4131 imperator
1705 4081 1812 4120 non
1844 4068 1961 4121 sine
1987 4083 2118 4123 cura

550 4159 606 4205 et
636 4150 1121 4219 circumspectione
1154 4153 1494 4220 capessebat,
1523 4157 1965 4228 utquieapertus
1991 4175 2118 4215 nos-

553 4250 658 4304 set,
721 4256 883 4308 quam
941 4243 1150 4297 celeres
1200 4254 1362 4312 atque
1418 4247 1726 4315 improvisae
1790 4249 2115 4322 Scytharum

552 4334 921 4403 grassationes
958 4344 1162 4392 essent.
1218 4334 1273 4390 ln
1327 4338 1446 4406 ejus
1487 4339 1760 4397 cautionis
1792 4358 1948 4397 usum
1981 4359 2116 4413 prae-

551 4426 746 4482 cedere
775 4425 1013 4497 jusserat
1046 4427 1256 4483 modico
1291 4429 1572 4485 intervallo
1600 4445 1630 4484 e
1664 4434 1840 4490 servis
1882 4434 2118 4490 familia-

555 4515 704 4570 ribus
737 4515 851 4571 suis
879 4516 1086 4584 aliquot
1133 4516 1275 4585 (bos
1334 4519 1476 4573 enim
1531 4521 1689 4577 istius
1737 4525 1841 4579 viae
1889 4527 2118 4584 comites

552 4610 822 4681 habebat)
877 4611 1220 4681 lustrareque
1269 4613 1484 4670 curiose
1543 4631 1807 4686 campos,
1869 4635 2114 4690 nemora,

551 4693 833 4760 semitas:
863 4719 927 4760 ac
954 4705 999 4760 si
1035 4703 1174 4760 forte
1205 4705 1412 4774 uspiam
1449 4707 1612 4780 224,
1661 4708 1898 4781 Scythas
1927 4713 2119 4768 obser-

549 4805 763 4863 varent,
825 4797 1098 4852 curriculo
1153 4799 1459 4853 nuntiatum
1523 4801 1625 4870 ipsi
1676 4806 2114 4874 regrederentur.

551 4886 667 4941 Tali
696 4904 828 4944 cura
863 4890 1066 4960 talique
1127 4893 1410 4960 proposito
1472 4892 1576 4946 iter
1630 4895 1912 4961 agentibus
1951 4910 2118 4966 appa-

555 4991 673 5036 rent
707 4984 887 5052 procul
927 4985 981 5038 in
1035 4986 1258 5053 planitie
1308 4984 1535 5055 Dimylia
1593 4987 1752 5055 vulgo
1801 4988 1906 5041 dici
1956 4989 2116 5046 solita

551 5089 689 5144 quos
720 5076 952 5130 diximus
992 5077 1339 5146 imperatoris
1371 5079 1573 5132 milites
1608 5079 1850 5133 vestibus
1889 5079 2118 5149 insigni-

552 5167 760 5238 busque
791 5168 1063 5240 Scythicis
1103 5173 1304 5227 ornati.
1338 5171 1726 5242 Exploratores
1782 5173 1924 5227 haud
1963 5173 2113 5228 dubii

2220 3129 2275 3181 δὲ
2309 3127 2718 3196 ἁποτμηθείσας
2765 3122 3009 3190 κεφαλὰς
3053 3120 3252 3190 δόρασι
3297 3115 3603 3187 περιπείρας
3631 3107 3735 3179 παρ’

2221 3221 2423 3288 ἑτέρων
2452 3215 2608 3281 αὖθις
2632 3219 2690 3271 ὲν
2718 3215 2931 3280 τούτοις
2956 3211 3418 3283 ἁπαιωρουμένας
3448 3201 3728 3276 παρεκελεύ·

2224 3328 2353 3364 σατο
2405 3309 2549 3364 οὕτω
2599 3311 2701 3379 τὴν
2749 3308 3057 3377 ὁδοιπορίαν
3114 3305 3408 3360 ποιεῖσθαι.
3462 3299 3656 3355 Τούτων
3693 3293 3735 3347 δὲ

2221 3403 2446 3456 ὄπισθεν
2493 3405 2557 3455 ὲκ
2587 3401 2953 3470 διαστήματος
3010 3397 3240 3468 μετρίου
3277 3398 3487 3466 ἀπέχων
3514 3389 3634 3462 μετὰ
3655 3385 3736 3438 τῶν

2224 3497 2315 3550 ὑπ’
2343 3496 2503 3550 αὐτὸν
2532 3498 2626 3548 καὶ
2651 3495 2761 3550 τῶν
2803 3492 3048 3563 συνήθων
3077 3495 3193 3555 τοῖς
3228 3489 3509 3559 Ῥωμαίοις
3537 3478 3736 3554 σημαιῶν

2223 3589 2489 3658 ἑπόμενος
2531 3581 2620 3656 ἦν.

2294 3700 2649 3771 Δύγαζούσης
2702 3699 2760 3754 δὲ
2803 3699 2902 3768 τῆς
2971 3697 3263 3767 Ἀπόκρεω
3316 3691 3582 3764 Κυριακῆς
3638 3683 3736 3756 (56)»

2223 3799 2252 3850 ὁ
2311 3793 2675 3860 Παλαιολὸγος
2728 3791 3068 3862 θερμουργὸς
3137 3789 3217 3842 ὣν
3281 3789 3405 3854 περὶ
3616 3777 3738 3874 mle:

2229 3885 2393 3956 μικὰς
2454 3885 2682 3954 πράξεις
2736 3881 2842 3952 πρὸ
2905 3881 3012 3932 τῶν
3075 3879 3255 3933 ἄλλων
3329 3872 3616 3946 ἐξεληλύθει
3670 3872 3738 3918 τοῦ

2225 3977 2542 4042 Βυζαντίου.
2607 3975 2680 4027 Τὸ
2736 3975 2792 4026 δὲ
2859 3972 3160 4044 ὀξύρροπον
3223 3971 3332 4024 τῶν
3398 3965 3600 4020 Σκυθῶν
3649 3961 3740 4012 ἐπε·

2226 4071 2522 4138 στάμενος,
2601 4066 2700 4121 οὐκ
2779 4064 3238 4135 ἀπεριμερίμνως
3316 4061 3414 4132 τὴν
3490 4051 3742 4152 ὁδοιπορίαν

2225 4163 2480 4216 ἐποιεῖτο.
2523 4159 2666 4213 Ἀλλ’
2694 4156 2991 4211 ἀποδιελὼν
3021 4156 3130 4210 τῶν
3163 4153 3610 4222 συνεφεπομένων
3630 4147 3742 4208 αὐτῷ

2225 4251 2575 4322 θεραπόντων
2593 4251 2807 4313 ὀλίγους
2835 4247 3280 4319 παρεκελεύσατο
3311 4245 3472 4300 αύτοῦ
3499 4235 3741 4310 προεκτρέο

2226 4362 2340 4414 χειν
2368 4343 2660 4414 διάστημα,
2693 4345 2784 4394 καὶ
2816 4342 2914 4403 τὰς
2944 4339 3220 4404 πεδιάδας,
3258 4339 3352 4392 καὶ
3377 4336 3448 4390 τὰ
3473 4335 3632 4399 ἄλση,
3672 4326 3740 4378 καὶ

2226 4437 2324 4500 τὰς
2361 4437 2514 4501 ὁδοὺς
2557 4434 2896 4505 περιαθρεῖν,
2935 4432 3002 4484 ἶν’
3043 4433 3095 4487 εἴ
3125 4432 3229 4484 πού
3262 4448 3405 4492 τινες
3433 4428 3536 4481 τῶν
3563 4417 3740 4477 Σκυθῶν

2226 4531 2569 4600 ἀναφανεῖεν,
2602 4529 2739 4598 ταχὺ
2785 4526 3226 4596 ὑποστρέψαντες
3267 4521 3646 4591 ἀπαγγείλωσιν
3665 4511 3738 4564 αὖα

2225 4623 2325 4691 τῷ.
2360 4621 2516 4674 οὕτω
2536 4620 2666 4689 γοῦν
2701 4619 3079 4690 πορευόμενοι,
3115 4618 3241 4670 ἐπεὶ
3275 4616 3414 4670 κατὰ
3439 4613 3531 4681 τὴν
3564 4603 3740 4662 πεδιάδι

2227 4717 2326 4786 τὴν
2353 4713 2494 4768 οὕτω
2547 4705 2886 4782 καλουμένην
2933 4711 3214 4781 Διμυλίαν,
3277 4709 3402 4771 τοὺς
3433 4707 3497 4760 τὰ
3548 4696 3739 4803 Σκυθικὰ

2229 4805 2732 4879 περιϐεϐλημένους
2798 4806 2976 4874 ἄμφια
3042 4805 3138 4856 καὶ
3210 4802 3482 4863 Σκυθικὰς
3545 4803 3740 4892 erit-ttat;

2228 4901 2539 4966 ὲθιάσαντο,
2575 4897 2656 4960 εἰς
2688 4897 2934 4949 τούπίσω
2980 4894 3444 4964 ἀναστρέψαντες,
3500 4888 3612 4947 τοὺς
3637 4881 3741 4933 Σκό-

2226 4991 2323 5054 θας
2349 4989 2447 5060 ἤδη
2483 4985 2924 5057 καταλαμϐάνειν
2979 4981 3204 5052 ἔφασαν.
3253 4981 3312 5035 ὐ
3347 4981 3403 5033 δὲ
3452 4973 3736 5072 παραχρῇξι

2227 5083 2284 5133 έν
2315 5082 2424 5142 τοῖς
2444 5079 2630 5140 ὅπλοις
2662 5073 2753 5147 ἦν.
2798 5076 2952 5128 Κατὰ
2995 5076 3159 5137 πόδας
3195 5073 3248 5126 δὲ
3298 5072 3390 5125 καὶ
3419 5061 3739 5139 έτεροςέλθάν

2223 5173 2522 5226 διενίστατο
2573 5171 2745 5239 λέγων
2790 5169 2864 5232 ῶς
2899 5167 3167 5221 ’ὄπισθεν
3228 5165 3335 5220 τῶν
3384 5166 3518 5232 τάχα
3561 5154 3737 5211 Σκυθων

1582 5289 1783 5350 Variae
1818 5287 2128 5353 lectiones
2169 5305 2247 5350 ex
2272 5287 2414 5350 cod.
2451 5285 2719 5350 Coislin.

624 5393 648 5425 ⁸
680 5391 949 5454 πλειονας.
1009 5390 1031 5422 ⁸
1063 5389 1492 5462 ἀποτμηθεὲσας.
1554 5391 2021 5461 ⁸προσπίπτουσι.
2083 5393 2103 5424 ⁷

2214 5402 2294 5447 est
2320 5390 2506 5446 vocula
2537 5391 2650 5444 καί.
2709 5389 3179 5460 ⁸παρεχομένους.
3234 5386 3253 5418 ⁹
3287 5383 3446 5438 Deest
3475 5378 3640 5436 vocula

1629 5486 1764 5546 Car.
1787 5483 2117 5547 Dufresnii
2145 5487 2236 5548 Du
2262 5485 2483 5565 Cangii
2526 5490 2711 5546 noue.

628 5588 739 5657 (δέ)
770 5585 1017 5643 Σκυθῶν
1037 5583 1320 5657 ἐσθῆτας.
1350 5583 1535 5639 Simile
1567 5593 1897 5656 strategema
1933 5587 2122 5641 recitat

559 5654 860 5724 Polyaéuus.
895 5661 987 5712 lib.
1016 5673 1030 5712 l
1063 5657 1114 5712 in
1146 5654 1384 5710 Cimone.

637 5723 746 5798 (35)
807 5728 1046 5786 Ῥέοντιι
1096 5725 1382 5798 ποταμόν.
1422 5723 1636 5781 Melan).
1680 5725 1813 5781 Vide
1852 5724 2118 5782 Nicetam.

2302 5588 2413 5657 (δεῖ)
2441 5587 2734 5654 Ἀπόκρεω
2757 5580 3077 5654 Κυριακῆς.
3111 5578 3384 5638 Dominica
3409 5567 3735 5644 Sexagesiine.

2229 5655 2363 5714 Vide
2391 5655 2668 5713 Allatium.
