3970 6200
239 310 346 374 6θ9

1449 303 1864 366 ALEXMDIS
1898 273 2044 365 LIB.
2083 302 2254 366 vm.

3373 298 3484 362 610

240 424 300 486 ἐξ
333 421 524 474 ἱκανοῦ
567 423 954 490 ο.αστῆματός,
1001 421 1307 493 Ῥωμαϊκαὶ
1347 421 1693 490 ἀνεφάνησαν
1725 437 1819 488 ση-

1927 426 2217 472 recurrunt
2269 414 2707 485 conﬁrmantquc
2763 408 2954 470 adesse
3011 412 3284 485 Scythas;
3339 431 3488 470 arma

243 513 427 581 μαῖαι,
452 511 548 564 καὶ
582 513 911 577 στρατιῶται
947 513 1179 567 κατόπιν
1219 513 1451 570 θέοντες.
1494 511 1555 566 Οἱ
1592 511 1690 587 μὲν
1725 504 1818 562 οὖν

237 604 416 656 ταῦτα
473 604 914 672 ἀπαγγέλλοντες
967 607 1048 658 τό
1080 605 1262 676 μέντοι
1323 606 1679 673 ἐστοχάζοντο
1720 603 1820 668 τῆς

238 695 527 763 ἀληθείας,
556 696 616 748 τὸ
646 696 703 749 δὲ
739 697 834 749 καὶ
863 697 1354 766 παρεστοχάζοντο.
1395 698 1467 750 T6
1500 697 1596 766 μὲν
1634 697 1676 727 ¹⁰
1722 713 1819 748 κα-

237 789 404 840 τόπιν
428 787 653 841 ἐλαῦνον
685 793 1021 859 στράτευμα,
1051 793 1127 854 ώς
1155 790 1367 857 άληθῶς
1401 787 1704 859 Ῥωμαϊκὸν
1725 785 1816 856 ἦν,

239 881 344 932 καὶ
375 881 488 943 τοῖς
523 881 785 950 σχήμασι,
821 881 918 934 καὶ
967 884 1079 945 τοῖς
1125 884 1437 951 πράγμασι,
1479 882 1574 935 καὶ
1607 882 1636 933 6
1667 879 1820 951 βασι-

237 971 371 1033 λεὺς
398 973 576 1026 αὐτῶν
610 973 934 1042 ἡγεμόνευε,
987 973 1052 1026 τὸ
1110 973 1168 1026 δὲ
1202 974 1679 1044 προπορευόμενον
1726 972 1820 1024 καὶ

237 1065 524 1127 Σκυθικῶς
581 1065 909 1134 ἐσταλμένον
983 1067 1084 1135 τῆς
1155 1067 1468 1135 Ῥωμαῖκῆς
1519 1066 1619 1135 μὲν
1678 1061 1820 1134 ἦσαν

237 1156 485 1218 ἅπαντες
511 1159 794 1226 στρατιᾶς,
821 1158 1092 1220 Σκυθικάς
1125 1158 1180 1211 δὲ
1209 1157 1399 1220 στόλας
1431 1159 1818 1229 ἠμφιέννυντο,

235 1248 409 1300 τοῦτο
436 1249 534 1316 μὲν
561 1248 655 1300 καὶ
687 1247 860 1310 οὕτως
893 1250 1190 1319 ἐσχηκότες
1221 1248 1410 1318 ὥσπερ
1436 1245 1576 1320 ἦσαν
1608 1250 1822 1318 ἀμφια-

238 1338 473 1406 σάμενοι
495 1339 703 1402 ταύτας
732 1341 874 1393 κατά
903 1340 962 1393 τὸ
998 1340 1088 1393 τοῦ
1145 1342 1542 1411 αὐτοκράτορος
1600 1343 1819 1410 παράγ-

234 1426 444 1495 γελμα,
502 1429 703 1482 ὁπόταν
755 1428 831 1492 ώς
863 1429 1180 1500 φαινόμενοι
1229 1432 1433 1486 Σκύθαι
1487 1435 1614 1496 τοὺς
1647 1433 1821 1498 ὅντως

236 1519 458 1580 Σκύθας
479 1521 912 1590 ἐξηπατήκασιν,
949 1523 1024 1585 ὡς
1056 1522 1269 1591 φθάσας
1291 1527 1320 1577 6
1346 1524 1504 1593 λόγος
1537 1525 1775 1594 ἐδήλωσε
1803 1543 1816 1556 ·

235 1609 406 1662 τοῦτο
442 1609 500 1663 δέ
544 1611 640 1663 καὶ
670 1612 1026 1682 ἀπεχρήσατο
1077 1613 1378 1682 τηνικαῦτα
1406 1617 1434 1668 ό
1463 1614 1718 1684 βασιλεὺς
1751 1619 1819 1688 τῇ

239 1700 416 1768 σκευῇ
447 1699 554 1751 τῶν
585 1699 806 1753 Σκυθῶν
843 1702 981 1772 πρὸς
1002 1703 1101 1772 τὴν
1144 1703 1252 1756 τῶν
1287 1704 1582 1774 ἡμεδαπῶν
1605 1705 1816 1770 eama-

234 1806 343 1858 την
373 1807 432 1843 τε
458 1791 552 1844 καὶ
587 1792 849 1862 φενάκην,
885 1794 972 1846 ἴνα
995 1797 1045 1847 oi
1078 1797 1603 1866 προεντυγχάνοντες
1631 1800 1818 1862 αὐτοῖς

234 1884 552 1959 όρῤωδοίεν,
607 1884 798 1955 ὥσπερ
846 1886 1080 1948 Σκύθαις
1110 1889 1224 1950 τοῖς
1276 1889 1634 1958 στρατιώταις
1663 1891 1819 1962 ἡμῶν

237 1976 643 2045 ἐμπίπτοντες,
694 1977 788 2030 καὶ
818 1976 935 2045 ἅμα
966 1978 1197 2047 παρέχοι
1227 1981 1590 2050 στρατηγικόν
1628 1999 1690 2034 τε
1726 1983 1822 2036 καὶ

237 2068 441 2143 ὕπτιον
485 2069 525 2100 ⁸⁸
559 2069 768 2136 γέλωτα
801 2069 951 2139 φόϐῳ
988 2068 1466 2140 ξυμμεμιγμένον,
1514 2073 1684 2144 πρινὴ
1712 2074 1820 2146 γὰρ

237 2160 552 2230 φοὸηθῆναι
593 2163 799 2230 σαφῶς,
852 2163 1142 2233 ιθάρρουν,
1201 2163 1293 2216 τὸν
1330 2163 1559 2233 βασιλέα
1593 2168 1820 2220 κατόπιν

237 2254 538 2322 θεώμενοι.
571 2255 759 2318 Οὕτως
796 2255 1016 2324 ἀφόϐως
1045 2258 1073 2308 6
1101 2257 1456 2331 αὐτοκράτωρ
1486 2261 1613 2325 τοὺς
1648 2261 1821 2314 ὑπαν-

235 2349 454 2408 τῶντας
487 2348 941 2419 ὲμορμολύττετο.
983 2350 1144 2404 Ἀλλὰ
1173 2351 1311 2420 πρὸς
1346 2353 1447 2420 μὲν
1477 2354 1601 2417 τοὺς
1630 2355 1822 2419 ἄλλους

237 2439 268 2492 6
295 2440 470 2507 φόϐος
497 2435 566 2511 ἦν
604 2444 668 2494 ἐκ
694 2441 802 2494 τῶν
834 2443 1200 2511 φαινομένων,
1230 2444 1258 2495 6
1281 2444 1336 2496 δέ
1363 2462 1426 2512 γε
1457 2447 1821 2517 Παλαιολόγος

237 2531 581 2602 πολυπειρία
644 2535 769 2595 τοὺς
821 2535 1070 2597 ἅπαντας
1123 2534 1501 2605 ὑπερϐάλλων,
1539 2538 1632 2591 καὶ
1666 2539 1821 2604 εἰδὼς

237 2623 447 2686 ὁποιως
473 2625 618 2676 ἐστὶν
665 2619 898 2690 Ἄλέξιος
926 2627 1054 2696 περὶ
1093 2625 1189 2688 τὰς
1211 2628 1456 2696 μηχανάς
1502 2633 1821 2700 ποριμώτα-

233 2735 332 2780 τος
368 2715 668 2787 ἐγνώρισεν
703 2717 928 2784 αὐτίκα,
981 2721 1064 2770 ὅτι
1100 2718 1337 2783 Ἀλεξίου
1367 2720 1526 2774 τοῦτο
1559 2725 1601 2754 ¹²
1640 2725 1818 2793 μηχά-

239 2829 418 2881 νημα,
471 2813 564 2862 καὶ
595 2811 786 2864 ἑαυτόν
839 2829 896 2864 τε
955 2812 1176 2884 θαρρεῖν
1225 2815 1502 2880 ἀνέπειθε,
1559 2816 1652 2869 καὶ
1693 2818 1822 2882 τοὺς

239 2905 440 2967 ἄλλους
471 2904 744 2958 ἐκέλευεν.
801 2905 942 2974 Ἤδη
997 2906 1054 2958 δὲ
1092 2907 1184 2959 καὶ
1215 2906 1274 2961 τὸ
1326 2907 1529 2972 πλῆθος
1563 2908 1710 2962 ἆπαν
1759 2911 1820 2962 τὸ

240 2998 481 3050 κατόπιν
506 2998 851 3068 συνέρρωγεν
883 2996 1247 3069 [συνέβρεεν],
1293 3000 1355 3052 ἐκ
1383 2999 1490 3052 τῶν
1514 3001 1818 3069 συγγενῶν,

1918 509 2245 578 expediente
2269 508 2573 577 Palaeologo
2604 507 2744 564 alius
2769 523 2899 563 ecce
2926 510 3148 564 nuntius
3187 507 3343 563 σίτοισι
3369 518 3493 579 post

1921 601 2154 672 Scythas
2185 602 2376 656 eadem
2408 602 2516 665 via,
2551 600 2840 654 intervallo
2867 601 3102 671 quodam
3137 601 3335 668 medio,
3367 618 3494 656 eon-

1919 692 2056 761 spici
2103 694 2347 746 Romana
2376 694 2531 762 signa
2566 701 2622 746 et
2651 693 2852 746 milites
2902 707 3063 746 cursu
3120 692 3488 761 insequentes.

1920 786 2018 841 llis
2040 786 2201 841 dictis
2227 794 2279 841 et
2312 786 2558 850 creditis,
2597 787 2888 839 trahuntur
2917 787 3249 854 conjecturis
3286 787 3340 840 in
3372 789 3491 854 Opi-

1923 879 2182 933 nationes
2229 879 2410 933 varias
2449 879 2579 932 hinc
2621 878 2748 931 inde
2795 876 2988 939 animi,
3027 877 3344 945 quibusdam
3382 878 3489 930 alia

1921 971 2108 1024 munia
2144 971 2495 1038 ﬁngentibus,
2533 968 2808 1022 nonnullis
2850 984 2960 1020 rem
2988 984 3089 1021 aeu
3125 969 3490 1036 tangentibus.

1921 1060 2078 1127 Nam,
2108 1071 2166 1115 ut
2201 1062 2643 1130 suspicabantur,
2678 1061 2971 1128 insequens
2995 1075 3184 1128 agmen
3223 1070 3280 1112 ut
3309 1059 3492 1112 habitu

1923 1163 1976 1206 et
2001 1154 2204 1221 specie,
2239 1153 2314 1207 ita
2352 1169 2409 1208 re
2445 1167 2662 1221 quoque
2695 1153 2810 1220 ipsa
2844 1151 3144 1205 Romanum
3184 1159 3323 1203 erat.
3383 1149 3492 1203 Du-

1923 1245 2216 1313 ctabatque
2250 1245 2384 1299 illud
2417 1246 2716 1314 imperator
2751 1246 3173 1313 ipseprarsens;
3211 1258 3328 1312 qua:
3358 1258 3493 1298 voro

1924 1337 2154 1404 praeibat
2185 1337 2407 1403 cohors,
2437 1349 2715 1406 utcunque
2755 1337 3031 1408 Scythicis
3061 1336 3294 1406 insignis
3323 1336 3494 1390 vexila

1924 1426 2014 1493 lis,
2044 1439 2348 1497 ornataque
2405 1428 2670 1494 vestibus,
2723 1427 2980 1482 Romanae
3034 1441 3216 1481 tamen
3274 1437 3328 1481 et
3381 1428 3494 1497 ipsa

1923 1522 2136 1576 militiae
2169 1537 2296 1590 pars
2328 1531 2468 1588 erat,
2507 1525 2602 1576 sed
2637 1521 2706 1578 iis
2744 1530 2884 1576 tecta
2914 1521 3082 1574 armis
3121 1535 3185 1575 ac
3211 1521 3357 1574 cultu
3385 1535 3496 1590 quo

1925 1611 2162 1667 feliciter
2195 1629 2289 1666 usa
2315 1615 2468 1681 jussu
2494 1613 2843 1683 imperatoris
2875 1615 2942 1668 ad
2981 1613 3250 1669 fallendos
3279 1615 3474 1669 vincen

1924 1704 2131 1774 desque
2159 1705 2398 1775 Scythas
2424 1706 2626 1771 fuerat,
2661 1716 2821 1775 prout
2847 1708 3217 1762 narravimus.
3251 1708 3378 1776 Quae
3403 1724 3497 1762 ea-

1925 1796 2044 1850 dem
2085 1797 2249 1850 hilari
2305 1798 2569 1854 comitate
2626 1799 2802 1852 vietor
2843 1802 3120 1866 Augustus
3159 1800 3224 1852 ad
3257 1801 3494 1855 amicum

1923 1902 2068 1942 nunc
2097 1898 2424 1958 gratumque
2455 1903 2679 1944 suorum
2708 1889 2998 1944 ludibrium
3021 1888 3351 1956 adhibebat;
3377 1892 3499 1946 ubi-

1923 1995 2029 2049 que
2063 1980 2372 2035 amabiliter
2403 1981 2746 2050 ingeniosus,
2781 1983 2896 2036 sive
2924 1996 3048 2036 cum
3085 1982 3266 2036 illudit
3318 1983 3496 2038 hosti-

1925 2073 2045 2137 bus,
2088 2071 2204 2127 sive
2236 2088 2360 2128 cum
2397 2072 2569 2126 risum
2599 2074 2714 2128 suis
2741 2082 2796 2127 et
2827 2072 3080 2142 gaudium
3115 2073 3254 2129 miro
3283 2084 3500 2144 speeta-

1925 2163 2052 2219 culo
2105 2163 2314 2219 delusis
2364 2173 2560 2232 parat,
2615 2165 2958 2233 iucunditate
3021 2180 3086 2219 eo
3148 2165 3214 2219 ad
3273 2180 3494 2219 sensum

1925 2259 2212 2320 blandiori.
2231 2260 2373 2328 quod
2396 2259 2444 2314 ei
2473 2258 2758 2327 praeiverat
2782 2257 2961 2312 brevis
2987 2272 3087 2312 nec
3110 2272 3269 2311 verus
3299 2268 3496 2312 terror.

1927 2350 2069 2405 Sane
2108 2353 2346 2405 nondum
2384 2366 2479 2406 eos
2535 2351 2679 2404 tristi
2732 2350 2966 2404 hostium
3018 2354 3200 2420 specie
3245 2350 3498 2404 incussus

1927 2443 2090 2512 plene
2152 2445 2401 2497 turbarat
2455 2451 2657 2509 metus,
2678 2457 2800 2498 cum
2861 2451 3074 2496 mature
3125 2441 3398 2497 succurrit
3429 2455 3504 2496 ex

1925 2533 2154 2603 Augusti
2191 2544 2484 2604 conspectu
2530 2549 2670 2604 pone
2719 2536 2998 2603 sequentis
3034 2535 3209 2588 audax
3247 2533 3441 2588 fiducia
3480 2551 3497 2588 :

1925 2627 2002 2682 ita
2037 2637 2395 2696 temperatam
2420 2637 2474 2681 et
2501 2629 2660 2697 quasi
2697 2628 2973 2682 conditam
3006 2628 3200 2681 timore
3229 2626 3500 2682 securita-

1931 2729 2037 2773 tem
2085 2720 2298 2774 insueto
2329 2720 2519 2790 procul
2545 2720 2862 2788 spectaculo
2893 2719 3114 2773 larvam
3147 2733 3356 2789 pompae
3384 2718 3499 2772 suis

1926 2811 2150 2866 Alexius
2181 2813 2529 2880 propinabat.
2567 2810 2766 2866 Verum
2797 2815 2938 2866 inter
2965 2811 3354 2865 alternanlium
3385 2823 3502 2863 mo—
3558 2853 3570 2860 .

1929 2913 2014 2959 tus
2057 2912 2108 2957 et
2141 2903 2351 2973 primos
2379 2903 2740 2972 quorumdam
2771 2903 3028 2957 horrores
3053 2913 3261 2957 mature
3290 2901 3500 2956 Palico-

1929 2997 2080 3067 lngus
2111 3010 2209 3065 pro
2253 3011 2320 3048 eo
2367 3012 2473 3064 quo
2529 2995 2781 3049 vincebat
2827 3010 3018 3049 omnes
3071 3010 3169 3048 usu
3206 3008 3413 3059 rerum,
3445 3002 3500 3046 et

242 3090 338 3142 καὶ
407 3089 524 3141 τῶν
592 3089 714 3142 καθ’
780 3086 922 3157 αἷμα
987 3091 1377 3161 προσηκόντων
1439 3091 1818 3164 ξυγκείμενον.

1928 3091 2206 3145 Λιοιίαιιαι
2256 3090 2456 3144 indolis
2519 3089 2829 3158 ingeniique
2881 3087 3095 3152 notitia,
3147 3101 3208 3140 se
3257 3085 3499 3152 aliosque

245 3182 556 3235 Ἐσπευδον
585 3182 694 3253 γάρ
722 3182 798 3244 ὡς
852 3181 1022 3252 ᾤοντο
1065 3184 1266 3250 φθάσαι
1295 3187 1388 3236 τὸν
1437 3185 1820 3258 αὐτοκράτορα

242 3273 388 3326 κατά
425 3273 498 3326 τά
527 3272 633 3340 πρὸ
655 3273 844 3324 τούτου
876 3273 1230 3342 συγκείμενα.
1265 3275 1472 3330 Φθᾴσαι
1508 3277 1613 3348 γάρ
1633 3279 1823 3333 τοῦτον

245 3362 538 3415 συνέθεντο
560 3363 698 3431 μετά
720 3361 819 3431 τὴν
849 3362 1151 3431 Ἀπόκρεω,
1178 3364 1426 3437 καθάπερ
1448 3368 1661 3438 εἴρηται
1691 3372 1826 3440 πρό-

242 3470 405 3525 τερον
453 3454 512 3505 ἐν
551 3455 619 3522 τῇ
658 3454 986 3524 Τυροφάγῳ.
1036 3455 1109 3507 Οὐ
1167 3457 1274 3526 μὴν
1330 3457 1574 3527 ἔφθησαν
1627 3462 1824 3515 ἐκεῖνοι

245 3544 635 3618 ἐξεληλυθότες
667 3545 765 3615 τῆς
809 3547 1038 3609 πόλεως,
1066 3546 1161 3599 καὶ
1193 3547 1221 3597 ό
1248 3546 1506 3616 βασιλεὺς
1527 3551 1825 3619 τροπαιοῦι

245 3658 337 3710 χος
353 3640 634 3704 ἐπάνεισι,
667 3642 759 3693 καὶ
781 3643 920 3693 κατά
944 3641 1104 3696 τοῦτο
1123 3641 1495 3712 συμμίξαντες
1520 3644 1694 3714 αὐτῷ,
1727 3646 1826 3698 οὐκ

241 3733 308 3786 ἂν
341 3733 688 3802 ἐπείσθησαν
711 3735 791 3787 ὅτι
821 3735 850 3785 6
884 3733 1139 3803 βασιλεὺς
1159 3735 1322 3798 αὑτός
1346 3737 1464 3790 ἐστι
1493 3753 1826 3808 τροπαιοφο-

247 3827 357 3897 ρῶν
382 3826 535 3881 οὕτω
567 3826 665 3899 τὴν
690 3829 847 3898 νίκην
871 3827 1035 3892 ὀξέως
1053 3827 1512 3899 ἐξεργασάμενος,
1549 3833 1598 3883 εί
1631 3829 1705 3900 μὴ
1729 3831 1828 3892 τὰς

245 3923 494 3990 κεφαλὰς
542 3921 650 3974 τῶν
712 3919 937 3974 Σκυθῶν
990 3921 1429 3990 ἐμπεπηγμένας
1493 3919 1678 3989 ἐώρων
1739 3921 1823 3973 ἐπ’

246 4018 438 4085 ἄκρων
463 4014 728 4084 δοράτων,
787 4015 881 4066 καὶ
913 4013 1040 4075 τοὺς
1087 4011 1404 4075 ἐπιλοίπους
1457 4010 1548 4074 οὒς
1582 4012 1644 4064 τὸ
1677 4012 1826 4080 ξίφος

246 4107 403 4161 οὔπω
459 4105 682 4175 ἐξέτεμε
718 4093 1004 4175 δεσμώτας
1053 4105 1331 4175 ἠγμένους
1380 4105 1474 4156 καὶ
1531 4103 1829 4173 ἐξηγκωνι-

248 4200 507 4269 σμένους,
564 4198 660 4250 καὶ
722 4196 883 4250 ἄλλον
938 4196 1024 4250 ἐπ’
1079 4197 1226 4268 ἄλλῳ
1271 4196 1559 4265 ἀγόμενον,
1605 4198 1706 4248 καὶ·
1732 4212 1829 4248 συ-

252 4294 504 4363 ρόμενον.
564 4291 638 4342 T6
671 4291 780 4360 γὰρ
832 4291 995 4360 τάχος
1043 4291 1142 4359 τῆς
1194 4289 1528 4359 στρατηγίας
1583 4289 1645 4342 τὸ
1694 4289 1825 4343 υαῠ.
1865 4320 1874 4330 ,

252 4403 326 4453 μα
378 4383 596 4436 ἐποίει⁶
657 4382 798 4455 πλὴν
847 4383 1102 4435 τοσοῦτον
1151 4382 1407 4452 μανθάνω
1467 4384 1598 4454 περὶ
1649 4383 1829 4452 Γεωρ-
1861 4432 1904 4486 β

249 4476 372 4543 γξου
427 4473 525 4526 τοῦ
562 4473 933 4542 Παλαιολόγου
997 4473 1068 4543 (oi.
1117 4473 1225 4542 γὰρ
1274 4474 1653 4543 συμπαρόντες
1694 4475 1829 4542 ἡμῖν

250 4566 583 4638 διηγοῦντο),
609 4567 682 4628 ὡς
713 4563 1030 4635 ἐσχετλίαζέ
1065 4580 1122 4616 τε
1171 4564 1265 4617 καὶ
1295 4563 1388 4616 τοῦ
1417 4564 1828 4636 καθυστερῆσαι

249 4663 346 4716 τοῦ
365 4661 612 4730 πολέμου
633 4658 824 4712 ἑαυτὸν
851 4659 1156 4726 ἐμέμφετο,
1184 4659 1277 4709 καὶ
1307 4656 1388 4709 ὃτι
1418 4657 1491 4728 μὴ
1528 4659 1827 4729 συμπαρῆν

252 4754 332 4824 τῷ
379 4753 748 4822 αὐτοκράτορι
807 4748 963 4811 κλέος
1020 4747 1274 4801 τοσοῦτον
1327 4749 1589 4819 ἀραμένῳ
1623 4749 1718 4802 ἐπὶ
1762 4751 1828 4821 τῇ

253 4846 650 4917 ἀπροσδοκήτῳ
679 4844 804 4914 νίκῃ
851 4841 960 4895 τῶν
1005 4840 1304 4911 Βαρϐάρων
1338 4839 1561 4895 τούτων.
1611 4841 1833 4911 Συμμε-

257 4938 481 5006 τασχεῖν
529 4936 639 5004 γάρ
669 4935 920 4995 κάκεῖνος
977 4931 1229 4994 εὐκλείας
1260 4930 1530 5001 τοσαύτης
1566 4933 1659 4985 καὶ
1689 4934 1832 4985 πάνυ

257 5029 531 5082 ἐϐούλετο.
564 5026 701 5096 Περὶ
723 5025 780 5079 δὲ
812 5024 905 5078 τοῦ
933 5023 1330 5094 αὐτοκράτορος
1360 5023 1534 5075 ἐκεῖνο
1556 5021 1621 5074 ἄν
1649 5040 1729 5085 τις
1756 5024 1834 5075 εἱ·-

262 5138 352 5175 ποι
377 5122 440 5174 τὸ
468 5117 623 5192 ᾆσμα
654 5119 750 5172 τοῦ
780 5116 1203 5188 Δευτερονομίου
1233 5118 1357 5168 τότε
1383 5114 1477 5168 καὶ
1511 5114 1834 5183 τελούμενον

257 5216 350 5268 καὶ
378 5205 681 5285 ὁρώμενον·
717 5209 846 5278 Πῶς
883 5208 1155 5273 διώξεται
1183 5203 1273 5274 εἷς
1297 5208 1557 5275 χιλίους,
1592 5209 1690 5260 καὶ
1725 5207 1836 5263 δύο

256 5306 736 5375 ιιετακινήσουσι
795 5302 1135 5374 μυριάδας;
1193 5300 1495 5369 Μονονουχὶ
1550 5299 1661 5370 γὰρ
1709 5300 1833 5353 κατ’

259 5401 435 5452 ἐκεῖνο
468 5396 664 5470 καιροῦ
719 5398 748 5451 6
811 5395 1062 5468 βασιλεὺς
1106 5392 1340 5459 ’Δλέξιος
1398 5390 1536 5462 πρὸς
1577 5391 1835 5444 τοσοῦτον

330 5536 346 5566 ¹
387 5536 558 5593 Exod.
587 5547 765 5600 xxxii,
800 5529 890 5586 50.

1929 3185 2238 3241 inclamans
2267 3184 2614 3240 conﬁrmavit
2645 3200 2674 3237 ι
2693 3179 3255 3252 Ασηοεεοιίιιειιιίρηδ,
3293 3174 3498 3240 dolum,

1927 3281 2038 3334 [uec
2074 3297 2185 3342 ars,
2205 3280 2302 3332 hoc
2333 3276 2668 3347 imperatoris
2714 3277 2881 3328 nostri
2908 3281 3230 3342 strategema
3261 3278 3375 3332 est;
3405 3285 3502 3322 au-

1929 3374 2086 3426 dendi
2134 3372 2496 3442 gauilendique
2545 3385 2788 3430 causam,
2825 3383 2927 3420 non
2970 3364 3209 3431 timendi,
3261 3363 3500 3416 cernitis.

1926 3466 2095 3520 Porro
2123 3464 2234 3533 jam
2272 3463 2424 3517 turba
2449 3471 2646 3518 caetera
2675 3459 3202 3525 consanguineorum
3237 3453 3505 3506 aliinium-

1927 3574 2033 3627 que
2059 3556 2328 3628 Byzantio
2365 3566 2486 3622 post
2516 3552 2876 3620 l’alaeologum
2939 3549 3172 3608 exierat,
3222 3542 3501 3611 suppetias

1929 3653 2174 3719 Augusto
2205 3647 2358 3715 juxta
2398 3646 2710 3700 condictum
2741 3642 2941 3694 latura.
2978 3637 3074 3691 Vix
3109 3635 3280 3704 portis
3311 3647 3502 3685 exces-

1930 3751 2140 3806 serant,
2172 3755 2294 3794 cum
2326 3753 2452 3792 ecce
2480 3737 2671 3789 vident
2701 3732 2916 3801 tropaeis
2956 3728 3146 3796 positis
3171 3741 3234 3778 ac
3261 3721 3504 3792 praelatis

1928 3837 2229 3901 Augustum
2260 3830 2457 3885 reverti
2484 3827 2768 3881 victorem.
2809 3822 2921 3877 Nec
2957 3831 3170 3888 tempus
3201 3815 3504 3884 reputanti-

1932 3927 2033 3982 bus
2062 3921 2378 3993 persuaderi
2412 3927 2624 3988 poterat
2680 3930 2801 3969 esse
2845 3921 3165 3982 pugnatum,
3207 3907 3312 3961 nisi
3355 3905 3498 3960 elata

1929 4015 2108 4068 contis
2140 4013 2311 4081 capita
2341 4012 2667 4078 Scytharum
2702 4006 2940 4060 volucris
2969 4000 3210 4055 victoria:
3247 3998 3353 4052 lixa
3385 4009 3505 4048 mo-

1934 4112 2196 4160 numenta
2229 4095 2612 4170 loquerentur,
2647 4111 2883 4164 cumque
2913 4095 2979 4149 iis
3003 4091 3343 4162 captivorum
3370 4101 3503 4158 grex

1930 4201 2182 4262 abactus,
2203 4197 2510 4250 vinctorum
2543 4206 2738 4247 manus
2761 4189 2923 4260 225
2956 4197 3012 4241 et
3043 4185 3202 4249 colla,
3234 4183 3505 4252 longaque

1931 4293 2080 4347 serie
2139 4286 2520 4357 triumphalem
2585 4299 2838 4354 pompam
2904 4276 3317 4350 explicandum.
3395 4271 3506 4326 Nec

1933 4383 2217 4441 omiserim
2263 4381 2408 4451 quod
2441 4379 2617 4434 habeo
2649 4385 2990 4446 compertum
3026 4372 3094 4427 de
3125 4368 3362 4438 Georgio
3398 4363 3504 4420 Pa-

1934 4476 2160 4546 laeologo
2209 4489 2275 4528 ex
2331 4471 2652 4528 narratione
2708 4478 2838 4524 tunc
2887 4463 3278 4536 praesentium:
3321 4455 3506 4511 multis

1933 4582 2058 4622 eum
2111 4574 2168 4620 et
2218 4563 2366 4619 veris
2417 4569 2733 4618 exsecutum
2797 4556 3077 4628 queStibus
3129 4549 3501 4606 infelicitatem

1934 4673 2110 4725 suam,
2143 4658 2285 4726 quod
2321 4667 2472 4708 nunc
2502 4653 2719 4707 demum
2746 4661 2902 4704 serus
2933 4646 3107 4700 exiret
3133 4639 3347 4710 negotio
3373 4651 3506 4689 con-

1935 4751 2100 4816 fecto,
2134 4762 2234 4803 nec
2279 4756 2386 4800 tam
2421 4745 2643 4814 gloriosi
2681 4741 2941 4795 facinoris
2996 4739 3240 4806 Augusto
3270 4731 3503 4800 primum

1939 4840 2306 4914 proﬁciscenti
2345 4853 2402 4892 se
2458 4836 2777 4905 participem
2832 4832 3072 4886 futurum
3141 4823 3503 4892 adiunxisset.

1935 4934 2142 4992 Urebat
2177 4928 2576 4986 incredibiliter
2611 4925 2786 4980 laudis
2831 4921 3185 4992 percupidum
3225 4918 3504 4972 hoiiiinem

1935 5024 2250 5084 occasionis
2282 5032 2444 5078 tanta:
2470 5021 2711 5091 jactura.
2761 5017 2830 5070 At
2860 5019 2997 5070 bene
3030 5013 3194 5068 habet
3230 5011 3376 5082 quod
3411 5025 3505 5066 so-

1936 5119 2106 5174 lidum
2135 5115 2253 5185 ejus
2279 5113 2408 5168 facti
2437 5115 2601 5166 decus
2626 5123 2768 5164 unus
2802 5107 3046 5169 Alexius,
3081 5103 3156 5158 uti
3191 5111 3246 5156 et
3286 5102 3507 5171 pericu-
3589 5121 3592 5124 ~

1939 5209 2073 5273 lum,
2121 5203 2399 5260 tulit:cui
2445 5216 2582 5272 pene
2642 5198 2773 5254 illud
2813 5197 2934 5268 jure
2981 5195 3154 5264 aptari
3184 5207 3214 5247 e
3245 5191 3507 5244 Deutcro-

1937 5296 2122 5351 nomio
2149 5293 2327 5364 potuit
2357 5308 2372 5346 :
2408 5289 2684 5356 Quomodo
2715 5295 3059 5358 persequatur
3096 5299 3230 5337 unus
3261 5281 3425 5347 mille,
3456 5288 3504 5333 et

1924 5389 2040 5444 .duo
2069 5387 2248 5458 fugent
2273 5387 2450 5440 decem
2471 5383 2640 5438 millia
2671 5381 2714 5436 "I
2748 5384 2944 5460 Rarum
2973 5381 3116 5436 enim
3171 5375 3343 5433 abfuit
3373 5373 3506 5442 quin

1302 5615 1501 5678 Varia:
1529 5615 1838 5679 lectiones
1878 5629 1956 5677 ex
1982 5611 2124 5676 cod.
2170 5611 2440 5674 Coislin.

340 5733 381 5764 to
409 5730 508 5797 μιν
547 5726 677 5798 γάρ,
758 5725 798 5756 ¹¹
836 5707 1021 5795 ἤπιον.
1097 5718 1311 5774 μτοῦτο
1335 5717 1416 5772 τό.
