3970 6200
192 301 297 363 6l3
1439 301 1855 363 ALEXIADIS
1897 299 2044 362 LIB.
2091 301 2259 362 VIII.
3353 299 3462 365 6ίᾶ

194 415 277 467 vel
311 413 365 465 in
409 412 702 476 vestibulo,
741 412 822 468 vel
858 412 906 466 in
937 411 1144 482 postica
1183 412 1364 482 templi
1401 425 1552 482 parte
1587 413 1843 467 continua
1883 412 2144 481 religione
2214 424 2567 478 perseverare
2635 412 3078 479 consuevissent,
3145 430 3318 486 usque
3389 427 3457 477 ad

193 506 343 560 hanc
381 507 674 560 tutnultum
705 506 1019 575 Scytbicum
1045 521 1060 558 :
1086 508 1304 576 quando
1360 508 1544 561 audita
1607 507 1844 574 undique
1883 507 2125 576 exempla
2159 508 2506 575 gliscentium
2535 509 2778 576 quatidie
2809 509 3060 566 licentius
3086 520 3140 565 et
3171 527 3459 578 quoscum-

194 610 304 661 que
349 596 461 664 jam
512 598 700 653 obices
734 597 1148 653 transilientiunt
1193 599 1615 668 grassationum,
1649 607 1774 660 ,tatn
1815 611 1983 666 prope
2013 606 2278 654 terrorem
2307 603 2687 663 admot'erunt,
2733 611 2790 655 ιιι
2854 618 2990 672 quos
3021 615 3292 659 consueta
3368 619 3458 658 re-

193 686 330 753 ligio
359 689 607 743 trahebat
637 691 701 743 ad
735 691 1136 746 venerationem
1173 692 1338 746 vicini
1375 692 1650 761 martyris,
1702 704 1770 744 ne
1847 699 2032 758 portas
2079 692 2296 760 quidem
2351 694 2564 762 aperire
2613 693 2856 765 Byzantii
2907 706 3054 750 metu
3130 698 3456 764 Scytharum

191 782 486 836 auderent.

277 871 447 925 Ἀλλὰ
471 873 641 926 ταῦτα
671 875 768 942 μὲν
787 877 856 929 τὰ
883 875 1187 944 ἐξὴπείρου
1219 880 1315 948 τῆς
1346 879 1583 948 ἑσπέρας
1611 891 1780 946 προσ-

1954 874 2078 931 llaec
2124 876 2240 931 fere
2287 893 2382 946 per
2424 877 2794 932 continentem
2829 869 3458 952 οςοίιίιιίιιιιτίιιιρθιαιυιί

193 967 441 1017 πεσόντα
469 966 546 1036 τῷ
573 967 937 1038 αὐτοκράτορι
961 969 1130 1024 δεινά.
1159 972 1232 1023 Οὐ
1266 973 1448 1038 μέντοι
1481 986 1545 1036 γε
1569 969 1686 1021 οὐδὲ
1714 967 1781 1018 τὰ

192 1060 341 1111 κατὰ
364 1059 636 1113 Θάλατταν
664 1061 872 1123 ἁνέτως
904 1055 1066 1130 εἶχεν,
1103 1061 1236 1114 ἀλλὰ
1283 1061 1375 1113 καὶ
1405 1060 1524 1113 λίαν
1560 1062 1781 1110 ἐπικιν-

189 1151 393 1215 δύνως,
423 1154 517 1204 τοῦ
543 1151 733 1222 Τζαχᾶ
755 1150 910 1216 αὖθις
932 1154 1115 1206 στόλον
1144 1153 1490 1223 κτησαμένου
1514 1152 1578 1213 ⁸⁸,
1605 1151 1694 1202 καὶ
1713 1148 1779 1202 τὰ

193 1244 350 1312 παρὰ
375 1243 646 1296 θάλατταν
677 1245 889 1297 ἅπαντα
934 1246 1382 1314 κατατρέχοντος.
1412 1242 1538 1296 Ἐπὶ
1569 1242 1781 1305 τούτοις

191 1332 292 1389 οὖν
339 1338 368 1389 ό
407 1336 663 1406 βασιλεὺς
711 1339 898 1406 ἠνιᾶτο
941 1341 1038 1390 καί
1090 1335 1358 1406 ἤσχαλλεν
1403 1335 1781 1404 ἁπανταχόθεν

194 1429 529 1499 βαλλόμενος
546 1431 664 1492 ταῖς
683 1431 980 1500 φροντίσιν.
1020 1429 1075 1482 Ἐ
1085 1430 1270 1482 πειδὰν
1287 1429 1330 1482 δ’
1353 1429 1560 1498 ἠγγέλη
1584 1427 1777 1498 τούτῳ,

193 1522 269 1582 ὡς
299 1519 406 1590 ἤδη
439 1522 536 1572 καὶ
561 1521 784 1573 πλείονα
811 1519 1002 1573 στόλον
1037 1521 1100 1573 ἐκ
1121 1519 1232 1572 τῶν
1256 1518 1541 1590 παραλίων
1575 1519 1782 1586 κτησά-

199 1629 384 1682 μενος,
418 1615 446 1665 ό
474 1612 718 1682 Τζαχᾶς,
766 1613 861 1666 καὶ
893 1613 988 1676 τὰς
1020 1612 1361 1675 ἐπιλοίπους,
1415 1605 1492 1664 ὧν
1524 1608 1779 1681 προφθά-

195 1720 296 1766 σας
321 1704 560 1774 κατέσχε
587 1706 786 1775 νήσων,
822 1705 1129 1776 πορθήσας,
1181 1705 1272 1757 καὶ
1305 1703 1450 1757 κατὰ
1479 1703 1589 1755 τῶν
1616 1703 1782 1755 ἐσπε-

197 1796 330 1863 ρίων
353 1795 556 1867 χωρῶν
579 1795 907 1849 διανοεῖσθαι
935 1797 1345 1866 ἐπικεχείρηκε,
1375 1796 1468 1848 καὶ
1494 1797 1626 1864 πρὸς
1645 1795 1769 1858 τοὺς

194 1887 409 1951 Σκύθας
449 1887 924 1958 διαπεμπόμενος,
979 1889 1336 1942 συνεϐούλευε
1367 1887 1467 1954 τὴν
1499 1887 1782 1957 Χεερῤόνηο

195 1997 284 2033 σον
311 1980 649 2034 καταλαϐεῖν
669 1999 682 2013 ο
712 1982 773 2034 οὐ
811 1982 918 2052 μὴν
971 1981 1093 2034 οὐδὲ
1120 1981 1180 2034 τὸ
1210 1983 1274 2033 ἐκ
1303 1979 1404 2049 τῆς
1432 1979 1570 2050 ἑῴας
1605 1993 1776 2047 προσ-

194 2071 458 2141 εληλυθὸς
492 2072 569 2141 τῷ
597 2073 963 2143 αὐτοκράτορι
997 2071 1416 2142 μισθοφορικὸν,
1462 2070 1567 2124 τῶν
1599 2069 1781 2140 Τούρ·

193 2180 306 2215 κων
332 2162 504 2232 φημὶ,
565 2161 865 2235 συνεχώρει
894 2163 994 2227 τὰς
1025 2163 1163 2234 πρὸς
1193 2161 1358 2216 αὐτὸν
1405 2161 1641 2225 σπονδὰς
1677 2162 1779 2233 tip-

197 2258 388 2324 ῥαγεῖς
415 2254 1012 2326 τηρεῖν,·“ὑποσχέσεσι
1057 2257 1325 2325 χρησταῖς
1359 2253 1692 2320 ὑποσαίνων,
1728 2253 1778 2308 εί

193 2347 285 2399 τὸν
333 2346 723 2416 αὐτοκράτορα
775 2346 1176 2408 καταλιπόντες
1232 2345 1384 2416 αὐτῷ
1451 2348 1782 2417 προσχωρή-

197 2455 354 2492 σαιεν
386 2439 434 2470 ’⁸
458 2451 474 2468 ⁸
526 2436 699 2490 ταῦτα
729 2439 890 2509 γνοὺς
915 2440 944 2490 ὁ
977 2436 1253 2506 βασιλεὺς,
1287 2439 1410 2491 ἐπεὶ
1445 2438 1515 2492 τά
1543 2456 1604 2492 τε
1638 2439 1783 2492 κατὰ

196 2529 477 2582 θάλατταν
503 2531 572 2583 τά
599 2546 658 2582 τε
690 2529 829 2583 κατὰ
856 2529 956 2600 τὴν
982 2531 1210 2600 ἤπειρον
1233 2529 1352 2582 λίαν
1394 2530 1583 2596 κακῶς
1628 2529 1781 2602 αὐτῷ

195 2621 489 2685 διετίθετο,
515 2620 612 2673 καὶ
643 2623 672 2674 ὁ
695 2621 902 2690 χειμὼν
937 2620 1185 2690 σφοδρῶς
1225 2621 1268 2653 ’⁸
1299 2622 1650 2693 ἐπικείμενος
1680 2626 1780 2687 τὰς

198 2710 416 2773 ἐξόδους
445 2709 796 2763 παντάπασιν
848 2709 1078 2776 ἔκλειεν,
1132 2710 1274 2764 ὥστε
1311 2712 1446 2781 μηδέ
1478 2711 1784 2780 ἀποζυγοιῖμ

200 2803 326 2853 σθαι
374 2800 477 2862 τὰς
509 2800 616 2854 τῶν
649 2801 971 2870 οἰκημάτων
1025 2800 1197 2871 θύρας
1231 2801 1320 2854 διὰ
1367 2801 1430 2854 τδ
1458 2805 1558 2874 τῆς
1603 2804 1783 2873 χιόνος

199 2891 491 2962 ἐπιϐριθές
524 2890 746 2961 (συνέϐη
778 2891 889 2962 γὰρ
937 2891 1062 2944 τότε
1110 2891 1311 2962 πολλὴν
1349 2892 1778 2964 ἐπιφορηθῆναι,

202 2987 296 3038 καὶ
324 2986 467 3053 ὅσην
511 2984 685 3048 οὐδείς
715 3002 804 3039 πω
835 2985 1102 3055 πρότερον
1138 2977 1424 3053 ἔγνωκεν),
1451 2985 1526 3048 ὡς
1556 2986 1673 3040 ἐνὸν
1693 2987 1782 3042 διὰ

203 3076 553 3146 γραμμάτων
579 3077 953 3147 ἁπανταχόθεν
999 3075 1658 3148 ἐσπευδελιισθοφορικδν
1691 3096 1782 3148 με·

202 3171 640 3228 τακαλέσασθαι.
697 3171 807 3225 Τοῦ
864 3171 1019 3242 ἡλίου
1053 3172 1110 3226 δέ
1167 3171 1266 3242 τὴν
1320 3173 1544 3242 ἐαρινὴν
1573 3173 1781 3245 τροπὴν

203 3267 411 3336 ἀπάρτι
473 3265 994 3337 καταλαμϐάνοντος
1059 3265 1206 3337 (ἐπεὶ
1264 3267 1359 3322 καὶ
1391 3267 1420 3320 ό
1457 3267 1523 3320 ἐκ
1561 3267 1669 3319 τῶν
1695 3284 1783 3321 νε-

205 3358 323 3426 φῶν
390 3357 788 3427 ἀπειλούμενος
845 3357 1085 3428 πόλεμος
1139 3356 1316 3429 ᾤχετο
1344 3397 1361 3423 ,
1414 3357 1524 3412 καὶ
1591 3360 1624 3428 ἠ
1694 3357 1784 3414 0d-

205 3451 374 3503 λαττα
444 3449 544 3503 τοῦ
607 3449 781 3520 θυμοῦ
850 3449 1215 3520 μετεϐέϐλητο
1262 3452 1308 3482 ’³
1327 3449 1369 3520 ),
1435 3451 1548 3504 δεῖν
1608 3449 1784 3518 ἐλογί-

1883 969 2110 1023 adversa
2139 971 2443 1038 contigere.
2478 967 2588 1023 Nec
2634 984 2765 1022 Vero
2797 985 2885 1023 res
2938 971 3208 1024 maritima
3264 975 3458 1026 remis-

1881 1058 1996 1114 sius
2027 1058 2259 1113 babebat
2293 1077 2307 1114 :
2346 1061 2474 1128 quin
2509 1060 2694 1128 potius
2728 1060 2780 1112 in
2825 1061 2992 1114 ntulto
3026 1063 3264 1116 maximo
3309 1063 3457 1128 peri-

1882 1149 2006 1203 culo
2043 1150 2384 1210 versabatur.
2417 1151 2633 1205 Tzaclta
2664 1167 2786 1204 cum
2835 1166 3026 1205 rursus
3061 1154 3325 1205 aedificata
3366 1168 3456 1204 ar-

1881 1251 2132 1309 mataque
2155 1242 2328 1297 classi:
2354 1244 2572 1310 impune
2593 1245 2770 1297 omnia
2795 1245 3172 1312 pervolitante,
3194 1261 3457 1312 orantque

1883 1333 1992 1386 late
2014 1349 2228 1386 onmem
2257 1334 2576 1402 insulasque
2601 1350 2664 1388 ac
2693 1347 2886 1404 portus
2918 1337 3164 1404 piraticis
3191 1338 3458 1391 incursio-

1883 1425 2042 1480 nibus
2104 1425 2414 1481 infestante.
2478 1424 2884 1480 Vttlnerabatur
2953 1428 3038 1480 bis
3093 1433 3457 1498 undecunque

1882 1513 2230 1572 alllueutibus
2261 1516 2470 1569 nuntiis
2509 1516 2860 1584 imperatoris
2897 1516 3144 1581 animus;
3198 1529 3251 1569 et
3302 1520 3454 1586 quasi

1883 1608 2101 1661 assidua
2137 1608 2282 1662 omni
2317 1623 2380 1660 ex
2415 1618 2568 1676 parte
2594 1606 2933 1676 iaculatione
2973 1608 3182 1679 petitus
3211 1610 3453 1678 gravium

1882 1709 1935 1753 et
1958 1715 2176 1768 semper
2207 1700 2503 1752 recentium
2543 1715 2818 1764 curarum,
2844 1699 3031 1754 dolere
3066 1708 3240 1770 magis
3275 1710 3327 1754 ct
3373 1703 3454 1754 la-

1884 1791 2110 1844 mentari
2151 1790 2418 1858 publicam
2454 1798 2678 1856 sortem,
2709 1805 2870 1858 quam
2899 1793 3228 1861 excogitare,
3257 1795 3450 1846 nedum

1853 1881 2100 1943 ‘ali'erre.
2143 1879 2440 1934 remedium
2472 1889 2549 1932 tot
2585 1880 2767 1944 malis,
2809 1889 2900 1932 aut
2948 1881 2998 1934 in
3037 1891 3142 1934 tant
3197 1881 3454 1950 impedita

1885 1974 2236 2044 perplexitate
2261 1988 2445 2028 rerum
2487 1972 2866 2044 qualecunque.
2891 1973 3174 2028 consilium
3197 1976 3457 2043 exped‘re

1883 2076 2128 2136 poterat:
2166 2065 2446 2134 multoque
2493 2065 2674 2118 minus
2721 2076 3006 2137 postquam
3047 2064 3266 2118 allatum
3320 2078 3457 2131 prte-

1884 2167 2030 2213 terea
2067 2166 2172 2219 εει,
2209 2164 2425 2210 auctam
2488 2154 2836 2210 vehementer
2879 2171 2909 2210 a
2962 2155 3176 2209 Tzaclta
3226 2153 3452 2208 class-em

1883 2247 2224 2316 congregatis
2257 2261 2321 2300 ex
2358 2260 2452 2299 ora
2484 2245 2738 2299 universa
2789 2245 3060 2299 maritima
3099 2247 3301 2310 ingenti
3349 2259 3456 2297 nu-

1883 2356 2033 2395 mero
2087 2338 2244 2392 novis
2300 2337 2570 2408 navibus;
2629 2352 2752 2389 cum
2814 2337 2915 2392 hoc
2967 2337 3341 2405 supplemento
3398 2336 3452 2388 in

1881 2432 2064 2486 animo
2093 2431 2294 2484 habere
2359 2429 2649 2482 barbarum
2709 2429 2959 2497 reliquis,
3012 2443 3148 2497 quas
3213 2429 3453 2480 nondum

1881 2525 1981 2578 sibi
2009 2524 2336 2590 subiecerat.
2363 2521 2555 2576 insulis
2587 2521 2832 2585 vastatis,
2855 2520 3112 2574 occiduas
3146 2518 3455 2588 irruptione

1881 2617 2054 2672 valida
2103 2626 2310 2670 tentare.
2355 2615 2645 2683 regiones:
2685 2613 2927 2682 adeoque
2958 2611 3068 2680 jam
3115 2611 3295 2680 egisse
3344 2625 3440 2678 per

1883 2710 2243 2767 internuntius
2269 2724 2392 2762 cum
2431 2705 2650 2777 Scythis
2691 2704 3170 2760 utChersonesuttt
3219 2717 3455 2770 occupa-

1880 2813 2023 2857 rent.
2086 2800 2448 2854 Nuutlabatur
2503 2809 2556 2851 et
2611 2797 2800 2851 illud:
2858 2798 3214 2854 intervenere
3267 2793 3454 2848 conari

1881 2895 2150 2949 Tzat-ltam
2216 2892 2464 2946 eumdem
2543 2889 2745 2942 auxilia
2823 2903 2943 2957 qua:
3011 2888 3304 2957 imperator
3385 2885 3454 2938 ab

1881 2988 2103 3043 Oriente
2164 2983 2265 3038 sibi
2339 2986 2606 3050 promissa
2667 2979 2972 3033 ancorum
3031 2978 3379 3046 exsltcctahat
3436 2989 3452 3028 :

1881 3081 2350 3146 congregatusque
2379 3071 2488 3140 jam
2525 3070 2845 3125 mercenarii
2882 3067 3068 3124 militis
3101 3069 3289 3137 cupias
3313 3064 3455 3118 Tur-

1883 3171 2036 3227 cicas
2087 3168 2375 3239 promissis
2433 3175 2486 3220 et
2532 3167 2735 3232 spebus
2790 3164 2998 3234 magnis
3051 3163 3118 3217 ab
3153 3160 3457 3215 emissariis

1882 3261 2113 3316 Tzachte
2148 3268 2386 3312 tentatas
2429 3265 2484 3308 ttt
2517 3269 2544 3308 a
2579 3255 2782 3308 {cedere
2813 3270 2935 3306 cum
2991 3252 3249 3306 Romanis
3294 3243 3454 3319 pacto

1884 3352 2173 3411 resilirent.
2207 3348 2272 3403 ad
2300 3361 2468 3416 seque
2502 3347 2680 3414 potius
2729 3359 2992 3412 suamque
3039 3341 3315 3402 militiam,
3368 3354 3452 3394 ro-

1887 3445 2015 3500 licto
2075 3445 2433 3511 imperatore,
2487 3452 2548 3492 se
2599 3436 2934 3498 conferrent,
2990 3435 3317 3502 simulatque
3361 3444 3455 3486 co-

208 3559 339 3596 σατο
367 3583 384 3607 ,
451 3541 796 3612 ἑκατέρωθεν
861 3540 970 3594 τῶν
1044 3540 1308 3593 ἐναντίων
1377 3539 1780 3609 ἐπικειμένων,

1887 3538 2027 3608 piam
2057 3533 2237 3605 pabuli
2268 3533 2332 3586 ad
2375 3528 2965 3608 alendtttn‘equitatum
3015 3527 3262 3580 idoneam
3297 3525 3450 3576 insu-

206 3633 272 3686 τα
303 3633 450 3686 κατὰ
480 3633 759 3710 θάλατταν
787 3633 988 3703 μᾶλλον
1021 3632 1374 3700 καταλαϐεῖν,
1409 3633 1494 3687 ἵνα
1523 3633 1660 3702 ὁμοῦ
1683 3631 1781 3686 καὶ

207 3729 316 3789 τοῖς
367 3713 973 3795 ηυσιπόροιςλέχθροῖς
1022 3726 1222 3796 ῥᾳδίως
1278 3726 1380 3798 ἐχῃ
1411 3725 1457 3756 ³³
1525 3723 1780 3778 ἀντικαθ-

210 3815 482 3880 ίστασθαι,
498 3815 742 3886 καὶπρὸς
755 3817 880 3878 τοὺς
896 3815 954 3881 ἐξ
973 3817 1201 3886 ἠπείρου
1224 3814 1462 3886 εὐχερῶς
1489 3813 1777 3884 μάχεσθαι.

210 3909 564 3979 Παραχρῆμα
616 3907 796 3962 τοίνυν
849 3908 941 3961 τὸν
1007 3908 1262 3976 Καίσαρα
1327 3906 1641 3976 Νικηφόρον
1691 3903 1782 3956 τὸν

209 3999 552 4069 “sltem;va
586 3998 912 4062 ἀποστείλας
963 3999 1316 4069 μετεκαλεῖτο
1350 3996 1540 4049 θᾶττον
1567 3996 1598 4067 ἢ
1626 3996 1781 4064 λόγος

205 4094 306 4164 τὴν
333 4090 502 4146 Αἶνον
539 4092 651 4162 (39)
680 4089 1033 4144 καταλαϐεῖν.
1074 4089 1317 4158 Ἐφθασε
1344 4089 1452 4159 γὰρ
1481 4088 1568 4142 διὰ
1599 4105 1782 4156 γραμρ

213 4184 401 4254 μάτων
447 4182 697 4256 δηλώσας
747 4182 1108 4248 συλλέξασθαι
1145 4182 1377 4242 ὁπόσους
1411 4179 1476 4234 ἂν
1526 4177 1779 4249 δυνηθείη

210 4276 308 4328 οὐκ
357 4275 470 4327 ἀπὸ
517 4272 626 4326 τῶν
686 4273 790 4343 ἥδη
849 4273 1298 4344 ἐστρατευμένων
1338 4271 1604 4342 (ἐκείνους
1673 4271 1782 4340 γὰρ

211 4366 424 4434 φθάσας
451 4364 531 4427 είς
565 4363 662 4425 τὰς
697 4364 880 4424 πόλεις
913 4362 1198 4432 ἁπανταχῆ
1251 4362 1347 4433 τῆς
1386 4361 1654 4431 Ἑσπέρας
1702 4361 1783 4413 δι-

211 4458 491 4526 έσπειρον,
521 4447 670 4524 ἐφ’ᾧ
703 4456 961 4526 φρουρεῖν
1000 4453 1070 4508 τὰ
1118 4453 1428 4524 κυριώτερα
1473 4452 1582 4506 τῶν
1629 4453 1783 4504 πολι-

213 4551 420 4619 χνίων),
442 4548 578 4601 ἀλλὰ
611 4546 753 4606 κατὰ
788 4545 955 4618 μέρος
983 4545 1297 4607 νεολέκτους
1321 4543 1635 4611 καταλέγων
1655 4544 1786 4596 ὁπό-

215 4656 293 4692 σοι
326 4656 386 4692 τε
424 4639 488 4690 ἐκ
512 4637 859 4707 Βουλγὰρων,
899 4637 996 4689 καὶ
1047 4635 1237 4688 ὁπόσοι
1267 4632 1358 4686 τδν
1413 4633 1621 4703 νομάδα
1669 4633 1784 4703 βίον

215 4733 418 4784 εἴλοντο
447 4729 710 4800 (Βλάχους
760 4729 982 4790 τούτους
1015 4729 1048 4797 ἡ
1093 4725 1248 4796 κοινὴ
1302 4725 1489 4779 καλεῖν
1523 4719 1632 4779 οίδε
1661 4724 1782 4778 διὰο

213 4825 424 4889 λεκτος)
473 4825 571 4878 καὶ
629 4827 754 4888 τοὺς
800 4822 1024 4878 ἄλλοθεν
1059 4822 1117 4888 ἐξ
1165 4821 1389 4875 ἁπασῶν
1435 4818 1544 4873 τῶν
1590 4819 1782 4890 χωρῶν

1883 3631 2077 3694 larunt,
2128 3641 2288 3695 quant
2339 3623 2737 3682 meditabatur,
2791 3617 3189 3686 deprzedatione
3235 3627 3454 3679 campa-

1883 3731 2079 3777 rasset.
2108 3719 2186 3772 Ad
2229 3718 2374 3770 hunc
2407 3723 2518 3766 tam
2554 3712 2810 3764 miserum
2866 3709 3122 3761 Romamn
3173 3703 3250 3757 rei
3308 3712 3450 3757 terra

1881 3810 2042 3865 simul
2094 3809 2338 3874 marique
2375 3819 2436 3856 ac
2495 3800 2859 3872 periculosum
2913 3805 3112 3850 statum
3162 3794 3453 3848 accedebat

1883 3903 2279 3958 incautmodum
2317 3895 2564 3949 adversa:
2621 3889 3008 3958 tempestatis:
3062 3885 3450 3940 commercium

1886 4008 2023 4064 pene
2068 4006 2228 4044 omne
2255 3989 2462 4040 viarum
2503 3995 2556 4038 et
2603 3982 3051 4037 commeatioucm
3095 3979 3236 4032 ultro
3283 3980 3455 4030 cltro-
3533 4002 3540 4006 κ

1883 4101 1988 4157 que
2031 4083 2341 4140 nuntiorum
2373 4077 2675 4133 {mitissima
2701 4084 2814 4127 tttnt
2849 4074 3025 4127 hieme
3044 4068 3456 4125 Vcltementibus

1883 4174 2134 4248 procellis
2168 4169 2586 4226 intercludente.
2617 4165 2858 4220 Tradunt
2894 4178 2996 4216 non
3031 4161 3161 4214 alias
3188 4159 3456 4213 Constan-

1886 4265 2110 4338 tinopoli
2143 4263 2262 4334 plus
2297 4261 2438 4316 nivis
2468 4259 2630 4314 simul
2672 4257 2869 4317 visunt,
2901 4256 2975 4308 ita
3010 4262 3066 4306 ut
3117 4251 3233 4320 ejus
3282 4249 3456 4302 inusi-

1885 4368 1999 4415 tato
2054 4357 2294 4426 pondere
2346 4350 2694 4424 praegravatis
2740 4347 2898 4403 tectis
2957 4344 3176 4405 aedium,
3219 4341 3455 4408 hincque

1887 4461 2163 4520 portarum
2226 4440 2736 4514 superlitninaribus
2779 4435 3070 4506 depressis,
3125 4431 3291 4483 valva:
3344 4443 3455 4481 non

1886 4544 2119 4613 amplius
2149 4542 2293 4610 jugis
2325 4539 2592 4591 ostiorum
2623 4530 2885 4586 committi
2934 4523 3289 4594 e0aptarique
3331 4535 3456 4587 pos-

1887 4610 2029 4693 sent.
2058 4636 2258 4688 Tamen
2296 4647 2362 4684 ne
2393 4641 2524 4684 tunc
2555 4626 2774 4696 quidem
2823 4618 3063 4672 cessavit
3106 4630 3134 4666 a
3177 4610 3453 4664 mittendis

1889 4739 2103 4782 omnem
2135 4724 2186 4775 itt
2216 4729 2422 4791 partem
2456 4715 2662 4771 nuntiis
2696 4726 2759 4765 ac
2787 4707 3005 4770 litteris,
3049 4703 3246 4772 quibus
3279 4707 3457 4791 matur

1891 4818 1996 4871 rari
2027 4788 2343 4870 conductitii
2373 4808 2560 4862 militis
2588 4804 2826 4858 delectus
2854 4807 3175 4866 magnopere
3207 4788 3450 4859 urgebat.

216 4877 544 4989 ἐρχομένους
591 4877 788 4978 ἱππέας
820 4931 880 4969 τε
915 4914 1010 4968 καὶ
1052 4877 1273 4976 πεζούς.
1330 4910 1501 4973 Αὐτὸς
1545 4877 1622 4962 δέ.
1657 4877 1780 4974 τοὺς

1886 4907 2080 4962 Postea
2113 4917 2243 4958 vero
2266 4915 2427 4970 quam
2459 4897 2572 4952 sole
2605 4897 2671 4948 ad
2715 4890 2868 4946 verni
2919 4882 3228 4954 teqttinoctii
3272 4877 3453 4933 cardi-

215 5011 305 5064 τοῦ
363 5010 610 5079 Φλάντρα
675 5006 1060 5069 πεντακοσίους
1127 5003 1362 5066 Κελτοὺς
1419 5002 1484 5055 ἐκ
1532 5001 1782 5070 Νικομη-

217 5101 358 5164 δείας
411 5098 524 5171 (40)
579 5097 1081 5168 μεταπεμψάμενος
1141 5092 1282 5164 μετὰ
1335 5090 1445 5145 τῶν
1501 5089 1781 5157 συγγενῶν

1889 5014 2010 5053 neut
2063 5008 2346 5066 progresso
2393 5005 2497 5059 pax
2555 4989 2622 5042 ab
2655 4985 2856 5040 {ethere
2903 4980 3040 5044 luit,
3084 4976 3306 5029 nubium
3352 4971 3456 5066 mi-

1889 5090 2011 5155 ttis,
2064 5061 2466 5152 seniorumque
2522 5095 2586 5134 ac
2661 5074 2932 5130 ﬂuctuum
3010 5082 3130 5124 sese
3213 5061 3454 5118 tumulti-

1247 5206 1443 5268 Varite
1478 5203 1781 5266 lectiones
1823 5221 1902 5266 ex
1951 5207 2094 5266 cod.
2143 5200 2414 5263 Coislin.

289 5314 332 5346 "
386 5310 741 5380 κτισαμένου.
815 5310 866 5344 ³⁸
905 5306 1392 5380 προσχωρήσαιεν,
1431 5300 1672 5370 ὁπηνίκα
1710 5300 1808 5363 τὰς
1835 5301 2031 5372 κριθὰς
2059 5297 2358 5362 καταλάϐοι
2384 5313 2398 5329 ·
2424 5295 2621 5352 ταῦτα.

221 5380 360 5436 λιτο.
433 5381 481 5413 ’³
529 5380 672 5451 ἔχοι.

2715 5290 2762 5324 ιι
2793 5285 3041 5359 σφοδρός.
3143 5281 3191 5314 ³¹
3221 5275 3455 5352 μετεϐά-

1284 5512 1423 5575 Car.
1456 5506 1785 5572 Dufresnii
1811 5508 1914 5570 Du
1941 5504 2158 5587 Cangii
2193 5508 2385 5566 noue.

293 5649 401 5718 (39)
427 5643 628 5718 Alror.
662 5645 800 5701 Urbs
821 5635 1508 5718 Ihraci§,_Villltardui'tto
1537 5634 1690 5718 Aliae.

438 5717 542 5772 Ἐκ
578 5714 963 5784 Νικομηδίας.
1021 5703 1118 5766 Ubi
1164 5709 1363 5764 milites
1418 5703 1780 5761 Flandrenses

1814 5697 2110 5758 collocarat
2137 5701 2292 5748 antea
2328 5691 2572 5748 Διετίας.
