3970 6200
245 247 351 309 613

1487 247 1903 309 ALEXIADIS
1945 246 2092 307 LIB.
2139 247 2307 308 VIII.

3401 247 3510 312 614

247 361 331 413 vel
369 360 419 411 in
458 357 750 422 vestibulo,
788 357 868 412 vel
905 357 954 410 in
984 356 1192 426 postica
1231 358 1411 428 templi
1447 370 1600 428 parte
1635 359 1890 412 continua
1931 357 2192 427 religione
2262 371 2615 424 perseverare
2683 360 3126 427 consuevissent,
3193 377 3365 433 usque
3436 373 3503 424 ad

247 452 396 505 hanc
431 453 722 505 tumultum
753 451 1066 520 Scythicum
1093 466 1107 504 :
1134 454 1352 521 quando
1407 453 1592 507 audita
1654 453 1892 520 undique
1930 453 2172 521 exetnpla
2207 454 2553 522 gliscentium
2583 456 2826 523 quotidie
2857 456 3108 512 licentius
3134 468 3187 512 et
3218 473 3506 526 quoscum-

248 555 354 606 que
398 542 508 610 jam
559 543 748 598 obices
781 541 1195 598 transilientinm
1241 545 1662 614 grassationmn,
1696 553 1822 607 ,tam
1863 558 2030 612 prope
2061 552 2326 600 terrorem
2355 549 2734 610 admoverunt,
2780 559 2837 602 ut
2902 564 3038 620 quos
3069 561 3339 606 consueta
3415 567 3506 606 re-

248 631 380 697 ligio
407 634 654 688 trahebat
683 636 748 688 ad
782 635 1184 690 venerationem
1221 639 1385 692 vicini
1423 637 1697 707 martyris,
1749 650 1816 690 ne
1894 645 2078 704 portas
2127 637 2343 706 quidem
2399 640 2612 708 aperire
2662 639 2904 711 Byzantii
2955 653 3100 696 metu
3177 646 3502 711 Scytharum

245 727 533 781 auderent.

330 816 492 871 Ἀλλὰ
517 819 688 871 ταῦτα
718 820 814 888 μὲν
833 823 903 875 τὰ
930 821 1234 890 ἐξὴπείρου
1267 826 1363 892 τῆς
1395 825 1630 894 ἑσπέρας
1657 837 1825 891 προσ-

2001 819 2125 876 Ιιωο
2171 822 2287 877 fere
2334 839 2430 892 per
2472 823 2840 878 continentem
2876 825 3154 878 occiduam
3193 816 3505 892 imperatori

245 911 488 962 πεσόντα
515 911 593 981 τῷ
621 912 985 983 αὐτοκράτορι
1008 915 1178 971 δεινά.
1205 917 1279 968 Οὐ
1313 918 1495 984 μέντοι
1528 932 1592 982 γε
1615 914 1733 967 οὐδὲ
1761 913 1827 964 τὰ

243 1005 389 1056 κατὰ
411 1004 682 1058 θάλατταν
711 1007 919 1068 ἁνέτως
951 1001 1114 1077 εἶχεν,
1150 1007 1282 1059 ἀλλὰ
1330 1007 1422 1058 καὶ
1452 1006 1571 1058 λίαν
1607 1008 1827 1057 ἐπικιν-

241 1097 438 1161 δύνως,
470 1099 564 1150 τοῦ
591 1097 780 1167 Τζαχᾶ
802 1095 956 1162 αὖθις
979 1100 1162 1151 στόλον
1191 1099 1537 1169 κτησαμένου
1561 1097 1624 1160 ⁸³,
1651 1097 1740 1148 καὶ
1759 1094 1825 1147 τὰ

244 1190 397 1257 παρὰ
422 1188 694 1241 θάλατταν
724 1190 936 1243 ἅπαντα
981 1191 1429 1260 κατατρέχοντος.
1459 1189 1584 1241 Ἐπὶ
1616 1187 1827 1251 τούτοις

241 1277 337 1334 οὖν
385 1284 414 1334 ὁ
453 1282 710 1351 βασιλεὺς
758 1285 945 1352 ἠνιᾶτο
989 1286 1085 1336 καί
1136 1281 1405 1352 ἤσχαλλεν
1449 1280 1827 1350 ἁπανταχόθεν

244 1375 576 1444 βαλλόμενος
594 1377 710 1437 ταῖς
729 1377 1026 1446 φροντίσιν.
1067 1375 1316 1428 Ἐπειδὰν
1333 1375 1377 1428 δ’
1400 1375 1606 1444 ἠγγέλη
1631 1373 1824 1443 τούτῳ,

242 1468 316 1527 ὼς
344 1465 452 1536 ἤδη
487 1468 583 1519 καὶ
609 1466 831 1518 πλείονα
858 1465 1048 1518 στόλον
1082 1467 1146 1518 ἐκ
1167 1465 1278 1517 τῶν
1302 1464 1588 1535 παραλίων
1621 1465 1828 1532 κτησά-

247 1575 428 1627 μενος,
465 1561 493 1611 δ
521 1557 764 1628 Τξαχᾶς,
813 1559 908 1612 καὶ
939 1558 1035 1622 τὰς
1067 1557 1407 1621 ἐπιλοίπους,
1461 1550 1538 1609 ὧν
1571 1555 1825 1626 προφθά-

243 1665 340 1711 σας
365 1649 607 1720 κατέσχε
633 1652 833 1721 νήσων,
869 1649 1174 1721 πορθήσας,
1227 1651 1318 1702 καὶ
1351 1648 1495 1712 κατὰ
1525 1647 1636 1700 τῶν
1662 1649 1828 1701 ἐσπε-

245 1741 374 1808 ρίων
397 1740 602 1812 χωρῶν
625 1741 953 1794 διανοεῖσθαι
981 1742 1390 1812 ἐπικεχείρηκε,
1420 1741 1513 1793 καὶ
1540 1743 1673 1810 πρὸς
1692 1741 1815 1802 τοὺς

241 1831 458 1896 Σκύθας
497 1832 970 1903 διαπεμπόμενος,
1025 1835 1380 1886 συνεϐούλευε
1412 1833 1512 1900 τὴν
1546 1833 1828 1903 Χεέρῤόνηο

242 1942 328 1977 σον
354 1925 695 1978 καταλαϐεῖν
715 1944 727 1958 ’
758 1927 819 1979 οὐ
857 1927 964 1996 μὴν
1017 1925 1138 1979 οὐδὲ
1165 1925 1226 1978 τὸ
1256 1928 1320 1978 ἐκ
1349 1924 1450 1994 τῆς
1478 1924 1616 1994 ἑῴας
1651 1939 1822 1993 προσ-

240 2017 504 2085 εληλυθὸς
539 2017 614 2085 τῷ
643 2017 1008 2088 αὐτοκράτορι
1042 2017 1462 2087 μισθοφορικὸν,
1508 2015 1614 2070 τῶν
1644 2015 1827 2086 Τουρ-

239 2124 347 2159 κων
374 2107 551 2176 φημὶ,
613 2106 910 2180 συνεχώρει
940 2108 1040 2172 τὰς
1071 2108 1209 2178 πρὸς
1239 2107 1404 2161 αὐτὸν
1451 2107 1688 2171 σπονδὰς
1723 2108 1824 2179 ἀρ·

242 2202 434 2268 ραγείς
463 2199 1057 2270 τηρεῖν,“-ὑποσχέσεσι
1103 2202 1371 2271 χρησταῖς
1405 2199 1738 2266 ὑποσαίνων,
1774 2199 1824 2254 cl

238 2291 325 2344 τὸν
372 2291 768 2361 αὐτοκράτορα
820 2291 1221 2353 καταλιπόντες
1277 2291 1430 2360 αὐτῷ
1498 2295 1828 2363 προσχωρή-

242 2399 394 2435 σαιεν
431 2383 480 2414 ¹⁶
503 2396 520 2412 ·
572 2381 744 2435 ταῦτα
774 2384 934 2455 γνοὺς
961 2385 989 2436 ὀ
1023 2382 1299 2452 βασιλεὺς,
1333 2383 1456 2436 ἐπεὶ
1490 2383 1560 2437 τά
1588 2401 1650 2437 τε
1685 2385 1828 2438 κατὰ

240 2474 521 2527 θάλατταν
549 2476 617 2528 τά
645 2491 703 2527 τε
735 2474 875 2528 κατὰ
901 2475 1001 2545 τὴν
1028 2475 1255 2545 ἢπειρον
1278 2475 1398 2528 λίαν
1439 2475 1629 2542 κακῶς
1674 2475 1826 2547 αὐτῷ

239 2565 534 2629 διετίθετο,
560 2565 657 2618 καὶ
688 2568 717 2619 ὁ
740 2566 948 2636 χειμὼν
982 2565 1230 2636 σφοδρῶς
1269 2567 1313 2598 ’³
1343 2567 1695 2638 ἐπικείμενος
1725 2571 1826 2632 τὰς

240 2654 462 2718 ἐξόδους
491 2655 841 2708 παντάπασιν
893 2655 1124 2722 ἔκλειεν,
1177 2655 1319 2709 ὥστε
1356 2657 1490 2726 μηδέ
1523 2657 1829 2726 ἀποζυγοῦ-

242 2746 362 2798 σθαι
418 2744 522 2807 τὰς
553 2745 662 2798 τῶν
695 2747 1016 2815 οἰκημάτων
1070 2745 1242 2816 θύρας
1276 2746 1365 2800 διὰ
1411 2747 1474 2800 τδ
1503 2750 1603 2819 τῆς
1648 2749 1828 2819 χιόνος

241 2835 536 2908 ἐπιϐριθές
569 2836 791 2906 (συνέϐη
824 2837 934 2908 γὰρ
982 2837 1106 2890 τότε
1155 2837 1356 2907 πολλὴν
1394 2838 1824 2910 ἐπιφορηθῆναι,

242 2931 331 2982 καὶ
361 2931 512 2998 ὅσην
556 2928 731 2992 οὐδείς
761 2947 850 2983 πω
881 2931 1146 3000 πρότερον
1183 2929 1468 2999 ἔγνωκεν),
1496 2931 1571 2993 ὡς
1600 2931 1718 2985 ἐνὸν
1737 2932 1827 2986 διὰ

242 3021 598 3091 γραμμάτων
625 3022 998 3092 ἁπανταχόθεν
1045 3021 1702 3094 ἔσπευδεδμισθοφορικὸν
1735 3043 1826 3094 με·

241 3116 686 3172 τακαλέσασθαι.
743 3116 852 3170 Τοῦ
909 3116 1063 3186 ἡλίου
1097 3118 1154 3170 δὲ
1213 3117 1312 3188 τὴν
1365 3118 1588 3188 ἐαρινὴν
1617 3119 1826 3191 τροπὴν

242 3211 456 3282 ἁπάρτι
517 3209 1038 3281 καταλαμϐάνοντος
1103 3210 1251 3282 (ἐπεὶ
1309 3213 1404 3267 καὶ
1437 3212 1465 3264 ό
1501 3213 1567 3265 ἐκ
1605 3213 1713 3265 τῶν
1739 3230 1827 3266 νε-

244 3303 358 3370 φῶν
436 3301 834 3372 ἀπειλούμενος
890 3302 1130 3372 πόλεμος
1183 3301 1362 3373 ᾤχετο
1390 3342 1406 3368 ,
1459 3303 1568 3357 -καὶ
1635 3305 1669 3374 ἡ
1738 3303 1828 3359 θά-

243 3395 422 3448 λαττιι⁵
488 3393 588 3448 τοῦ
652 3393 826 3465 θυμοῦ
894 3393 1260 3464 μετεϐέϐλητο
1307 3394 1414 3465 ¹¹),
1480 3395 1593 3449 δεῖν
1653 3395 1828 3464 ἐλογί-

1929 915 2157 969 adversa
2185 916 2490 984 contigere.
2525 914 2636 969 Nec
2681 930 2812 968 Vero
2845 932 2932 969 res
2985 918 3256 970 maritima
3312 921 3505 972 remis-

1927 1005 2043 1060 sius
2074 1004 2306 1059 habebat
2340 1023 2354 1060 :
2393 1007 2521 1074 quin
2556 1006 2740 1074 potius
2775 1006 2827 1058 in
2871 1007 3040 1060 multo
3073 1009 3312 1062 tnaximo
3356 1009 3504 1075 peri-

1929 1095 2052 1149 culo
2089 1096 2432 1157 versabatur,
2464 1098 2680 1151 Tzacba
2711 1113 2832 1150 cum
2883 1113 3072 1151 rursus
3108 1100 3372 1152 :edilicata
3413 1115 3503 1151 ar-

1927 1197 2178 1256 mataque
2201 1188 2375 1243 classe
2401 1190 2619 1257 impune
2640 1192 2816 1244 onmia
2841 1191 3218 1259 pervolitante,
3241 1208 3504 1259 orantque

1929 1278 2037 1332 late
2060 1295 2274 1332 omnem
2303 1280 2623 1349 insul—asque
2648 1297 2710 1335 ac
2741 1294 2932 1350 portus
2965 1283 3210 1350 piraticis
3237 1284 3504 1338 incursio-

1928 1371 2088 1427 nibus
2150 1372 2461 1428 infestante.
2525 1371 2930 1427 Vulnerabatur
2999 1375 3084 1427 bis
3140 1379 3504 1445 undecunque

1928 1459 2276 1517 allluentibus
2307 1463 2518 1516 nuntiis
2556 1463 2907 1531 imperatoris
2943 1463 3190 1528 animus;
3245 1476 3298 1516 et
3348 1467 3501 1533 quasi

1929 1553 2148 1607 assidua
2183 1554 2328 1610 omni
2363 1569 2427 1607 ex
2463 1565 2615 1622 parte
2641 1553 2979 1623 jaenlatione
3019 1554 3228 1623 petitus
3258 1557 3500 1625 gravium

1928 1655 1980 1699 et
2005 1660 2222 1713 semper
2253 1647 2550 1700 recentium
2589 1661 2864 1711 curarum,
2891 1646 3076 1701 dolere
3112 1655 3286 1717 magis
3321 1657 3374 1700 et
3419 1649 3500 1700 Iac

1930 1737 2157 1790 tuentari
2197 1735 2464 1804 publi-cam
2500 1745 2724 1802 sortem,
2755 1752 2916 1805 quam
2946 1740 3274 1808 excogitare,
3303 1741 3495 1792 nedum

1897 1827 2146 1889 ,κατι-τε,
2190 1826 2486 1880 remedium
2519 1835 2594 1879 tnt
2632 1827 2812 1891 malis,
2855 1836 2947 1879 aut
2993 1828 3044 1880 in
3083 1838 3187 1880 tam
3242 1828 3501 1896 impedita

1931 1920 2283 1990 perplexitate
2307 1934 2491 1974 rerum
2533 1919 2911 1991 qualecunque
2937 1920 3220 1975 consilium
3243 1922 3503 1990 exped‘re

1927 2022 2174 2082 poterat:
2212 2011 2492 2080 multoque
2539 2011 2720 2065 minus
2767 2023 3052 2084 postquam
3093 2011 3311 2064 allatmn
3366 2024 3503 2078 prte-

1929 2113 2076 2159 terea
2112 2112 2217 2165 est,
2255 2110 2472 2156 auctam
2535 2100 2882 2157 vehementer
2925 2118 2955 2156 a
3008 2102 3221 2156 Tzacha
3271 2100 3498 2156 classem

1927 2193 2270 2262 congregatis
2302 2207 2368 2246 ex
2404 2206 2498 2246 ora
2531 2191 2783 2245 universa
2834 2192 3106 2246 maritima
3145 2193 3346 2257 ingenti
3394 2207 3502 2244 nu-

1928 2302 2078 2341 mero
2133 2285 2290 2339 novis
2346 2283 2616 2349 navibus;
2675 2299 2798 2336 cum
2859 2284 2960 2338 hoc
3013 2284 3387 2352 supplemento
3443 2283 3498 2335 in

1926 2377 2108 2431 animo
2139 2377 2340 2430 habere
2405 2375 2695 2428 barbarum
2754 2375 3004 2444 reliquis,
3057 2390 3194 2444 quas
3258 2377 3498 2427 nondum

1926 2471 2026 2523 sibi
2054 2469 2381 2536 subiecerat.
2409 2468 2601 2523 insulis
2632 2468 2877 2532 vastatis,
2901 2466 3157 2520 occiduas
3191 2466 3500 2534 irruptione

1926 2562 2100 2617 valida
2149 2572 2355 2616 tentare
2401 2561 2691 2630 regiones:
2731 2560 2972 2628 adeoque
3003 2557 3112 2627 jam
3160 2558 3340 2627 egisse
3389 2573 3487 2625 per

1928 2657 2288 2714 internuntim
2315 2670 2437 2708 cum
2477 2652 2695 2722 Scythis
2737 2651 3216 2706 utChersonesum
3263 2663 3500 2716 occupa-

1925 2759 2068 2803 rent.
2131 2747 2494 2800 Nutttlahatur
2549 2756 2602 2798 et
2656 2743 2785 2798 illud
2829 2759 2844 2797 :
2903 2745 3258 2800 intervenere
3312 2741 3533 2796 conari-

1926 2840 2196 2894 Tzat-hatn
2261 2839 2509 2892 eumdem
2589 2836 2790 2890 auxilia
2867 2849 2987 2904 quae
3055 2835 3350 2904 imperator
3431 2832 3499 2886 ab

1927 2933 2148 2988 Oriente
2209 2929 2311 2983 sibi
2384 2932 2650 2997 promissa
2712 2926 3016 2980 Turcorum
3075 2925 3424 2993 exspectabat
3481 2938 3498 2976 :

1926 3027 2396 3092 Congregalasque
2425 3017 2534 3086 jam
2570 3017 2889 3071 mercenarii
2926 3015 3112 3070 militis
3145 3017 3334 3084 copias
3357 3012 3500 3066 Tur-

1928 3116 2081 3172 cicas
2131 3115 2421 3185 promissis
2479 3120 2532 3166 et
2577 3112 2780 3178 apt-bus
2835 3111 3042 3180 magnis
3096 3110 3163 3164 ab
3198 3107 3501 3162 emissariis

1927 3207 2158 3262 Tzachae
2193 3214 2431 3258 tentatas
2473 3211 2529 3254 nt
2561 3215 2588 3254 a
2624 3200 2827 3254 fmdere
2857 3217 2979 3252 cum
3035 3198 3294 3252 Romanis
3339 3191 3499 3266 pacto

1928 3298 2218 3357 resilirent.
2251 3295 2317 3349 ad
2345 3308 2513 3362 seque
2547 3293 2724 3360 potius
2773 3305 3035 3358 suamque
3082 3289 3360 3350 militiam,
3413 3301 3496 3340 τοο

1932 3392 2060 3446 Ιὶοω
2119 3391 2478 3457 imperatore,
2532 3398 2592 3438 se
2643 3381 2978 3444 conferrent,
3034 3381 3361 3448 sinmlatque
3404 3393 3499 3432 co-

247 3503 378 3540 σατο
414 3527 430 3550 ,
463 3485 840 3556 ,ἑκατέρωθεν
906 3485 1014 3538 τῶν
1088 3484 1352 3538 ἐναντίων
1421 3483 1824 3554 ἐπικειμένων,

1931 3485 2071 3554 piam
2102 3480 2282 3552 pabuli
2313 3479 2377 3532 ad
2419 3475 3009 3554 alendum‘equitatum
3059 3475 3307 3526 idoneam
3341 3473 3494 3524 insu«

243 3578 308 3631 τὰ
338 3577 494 3631 κατὰ
525 3577 796 3631 θάλατταν
831 3577 1032 3648 μᾶλλον
1065 3577 1418 3644 καταλαϐεῖν,
1453 3577 1539 3632 ἵνα
1567 3577 1704 3647 ὁμοῦ
1728 3577 1825 3631 καὶ

245 3673 352 3734 τοῖς
413 3670 766 3740 ναυσιπόροις
787 3653 1017 3738 ἐχθροῖς
1066 3670 1267 3740 ῥαδίως
1323 3671 1424 3742 ἔχῃ
1456 3669 1502 3700 ³³
1568 3668 1825 3722 ἀντικαθ-

248 3759 527 3824 ίστασθαι,
543 3760 787 3830 καὶπρὸς
799 3761 924 3822 τοὺς
940 3760 998 3826 ἐξ
1017 3761 1246 3830 ἠπείρου
1268 3759 1506 3830 εὐχερῶς
1532 3759 1822 3829 μάχεσθαι.

249 3853 608 3923 Παραχρῆμα
661 3852 840 3906 τοίνυν
893 3853 985 3906 τὸν
1051 3853 1307 3921 Καίσαρα
1371 3851 1686 3922 Νικηφόρον
1735 3848 1826 3902 τὸν

247 3943 596 4013 Μελισσηνὺν
630 3942 956 4006 ἀποστείλας
1007 3944 1360 4014 μετεκαλείτο
1394 3941 1584 3995 θᾶττον
1611 3941 1642 4012 ἢ
1670 3942 1826 4010 λόγος

244 4039 340 4108 τὴν
375 4034 546 4090 Αἶνον
582 4036 695 4106 ('59)
724 4034 1076 4090 καταλαϐεῖν.
1117 4034 1361 4104 Ἐφθασε
1388 4034 1495 4104 γὰρ
1524 4033 1612 4088 διὰ
1644 4050 1826 4102 γραμν

251 4129 444 4199 μάτων
491 4127 740 4197 δηλώσας
790 4127 1150 4192 συλλέξασθαι
1189 4127 1421 4188 ὁπόσους
1455 4125 1520 4178 ἂν
1569 4123 1823 4194 δυνηθείη

248 4220 344 4272 οὐκ
402 4220 515 4271 διπὸ
560 4217 669 4270 τῶν
728 4217 833 4287 ἢδη
893 4218 1342 4289 ἐστρατευμένων
1382 4216 1648 4286 (ἐκείνους
1717 4217 1826 4287 γὰρ

249 4310 467 4378 φθάσας
496 4308 574 4371 είς
609 4307 706 4369 τὰς
739 4308 923 4369 πόλεις
957 4307 1242 4378 ἅπανταχῆ
1294 4307 1390 4378 τῆς
1430 4307 1698 4376 Ἐσπέρας
1746 4307 1827 4360 δι·

248 4402 534 4470 ἑσπιιρεν,
565 4390 714 4469 ἐφ’ᾇῖ
746 4401 1005 4470 φρουρεῖν
1044 4399 1113 4453 τὰ
1162 4397 1471 4469 κυριώτερα
1517 4397 1626 4452 τῶν
1673 4399 1827 4451 πολι-

251 4495 464 4563 χνίων),
487 4493 622 4545 ἀλλὰ
655 4491 796 4551 κατά
831 4490 998 4564 μέρος
1027 4491 1339 4553 νεολέκτους
1364 4489 1679 4557 καταλέγων
1699 4490 1830 4542 ὀπό-

252 4600 332 4636 σοι
368 4600 429 4636 τε
467 4583 533 4634 ἐκ
555 4582 902 4651 Βουλγὰρων,
943 4582 1039 4634 καὶ
1091 4580 1280 4634 ὁπόσοι
1311 4577 1402 4632 τὸν
1457 4579 1665 4648 νομάδα
1713 4579 1828 4649 βίον

252 4677 462 4728 dicato
493 4673 753 4745 (Βλάχους
802 4674 1025 4734 τούτους
1059 4674 1092 4742 ὴ
1135 4671 1291 4740 κοινὴ
1345 4669 1533 4724 καλεῖν
1567 4666 1675 4724 οἶδε
1705 4671 1826 4724 διάο

251 4770 468 4832 λεκτος)
516 4768 614 4822 καὶ
671 4772 796 4832 τοὺς
843 4766 1067 4822 ἄλλοθεν
1103 4767 1159 4832 ἐξ
1206 4765 1433 4820 ἁπασῶν
1478 4763 1587 4818 τῶν
1633 4765 1826 4836 χωρῶν

1927 3577 2121 3640 larum,
2173 3587 2334 3641 quam
2385 3569 2782 3632 meditabatur,
2835 3564 3233 3633 depraedatione
3280 3575 3498 3626 campa-

1927 3677 2122 3722 rasset.
2152 3665 2232 3719 Ad
2275 3663 2419 3717 hunc
2453 3669 2562 3713 tam
2598 3659 2855 3711 miserum
2911 3656 3166 3708 Romamn
3218 3651 3295 3705 rei
3353 3660 3494 3704 terra

1925 3756 2086 3810 simul
2139 3754 2384 3821 marique
2419 3766 2481 3803 ac
2539 3747 2903 3819 periculosum
2957 3753 3156 3798 statum
3206 3742 3497 3797 accedebat

1927 3849 2324 3904 illCOtllllIOdlllll
2362 3842 2608 3896 adversae
2666 3837 3053 3906 tempestatis:
3106 3834 3494 3888 commercium

1930 3955 2068 4010 pene
2112 3953 2272 3990 omne
2299 3936 2506 3987 viarum
2547 3943 2600 3984 et
2648 3929 3095 3984 commeationem
3139 3927 3281 3980 ultro
3327 3929 3499 3979 citro-
3575 3951 3584 3954 -

1927 4049 2033 4103 que
2076 4030 2386 4086 nuntiorum
2417 4025 2720 4081 foedissima
2746 4032 2858 4075 tum
2893 4021 3069 4074 hieme
3087 4016 3499 4072 vehementibus

1927 4121 2178 4195 procellis
2212 4117 2630 4173 intercludente.
2661 4113 2902 4168 Tradunt
2937 4126 3040 4163 non
3074 4109 3206 4161 alias
3232 4107 3500 4162 Constan-

1930 4213 2154 4284 tinopoli
2187 4211 2306 4280 plus
2341 4209 2481 4263 nivis
2512 4207 2675 4261 simul
2716 4204 2912 4265 visunt,
2945 4204 3018 4256 ita
3053 4210 3111 4253 ut
3161 4199 3277 4268 ejus
3326 4197 3499 4251 inusi-

1929 4315 2042 4362 tato
2098 4304 2338 4372 pondere
2389 4298 2738 4370 praegravatis
2784 4296 2941 4350 tectis
3000 4292 3220 4354 aedium,
3263 4290 3499 4356 hincque

1930 4407 2206 4466 portarum
2269 4387 2781 4462 superliminaribns
2822 4383 3114 4454 depressis,
3168 4379 3334 4431 valvae
3388 4392 3498 4430 non

1929 4491 2162 4560 amplius
2192 4489 2336 4557 jugis
2368 4487 2636 4538 ostiorum
2667 4477 2929 4532 committi
2977 4471 3332 4542 caaptarique
3375 4483 3499 4560 pos-

1931 4558 2072 4640 sent.
2101 4583 2302 4635 Tamen
2339 4594 2404 4632 ne
2435 4589 2567 4632 tunc
2598 4573 2817 4644 quidem
2868 4565 3106 4620 cessavit
3149 4578 3177 4614 a
3221 4558 3496 4612 mittendis

1932 4686 2146 4728 Omnem
2179 4671 2228 4722 in
2259 4676 2464 4738 partem
2498 4662 2706 4719 nuntiis
2739 4673 2802 4713 ac
2831 4654 3049 4718 litteris,
3092 4651 3290 4720 quibus
3322 4655 3500 4738 rnatu,

1933 4765 2038 4817 rari
2070 4735 2386 4816 conductitii
2415 4755 2603 4809 militis
2631 4752 2870 4806 delectus
2897 4755 3218 4814 magnopere
3250 4735 3493 4806 urgebat.

253 4825 588 4932 ἐρχομένους
633 4825 830 4923 ἱππέας
862 4875 923 4913 τε
957 4859 1052 4912 καὶ
1095 4825 1316 4920 πεζούς.
1373 4855 1544 4918 Αὐτὸς
1589 4825 1666 4907 δέ’
1699 4825 1825 4918 τοὺς

1929 4853 2123 4908 Postea
2156 4864 2286 4904 vero
2309 4862 2470 4916 quam
2503 4845 2616 4899 sole
2649 4843 2715 4896 ad
2759 4837 2912 4893 verni
2963 4831 3272 4902 aetptinoctii
3315 4825 3496 4880 cardi—

252 4955 346 5007 τοῦ
406 4953 654 5023 Φλάντρα
718 4951 1103 5013 πεντακοσίους
1169 4947 1405 5010 Κελτοὺς
1463 4947 1528 4999 ἐκ
1576 4946 1826 5015 Νικομη-

253 5045 399 5108 δείας
452 5042 568 5114 (ιο)
622 5041 1123 5113 μεταπεμψάμενος
1183 5037 1324 5109 μετὰ
1378 5035 1488 5089 τῶν
1545 5034 1824 5102 συγγενῶν

1932 4959 2054 4998 nem
2106 4954 2389 5012 progresso
2437 4951 2539 5005 pax
2599 4936 2664 4989 ab
2698 4931 2899 4987 aethere
2945 4927 3082 4991 fuit,
3125 4923 3348 4976 nubium
3396 4919 3499 5012 mi-

1931 5036 2054 5101 nis,
2108 5009 2510 5099 ventorumque
2566 5042 2630 5082 ac
2705 5021 2975 5076 ﬂuctuum
3053 5029 3172 5071 sese
3255 5009 3497 5066 tumulti-

1289 5151 1486 5214 Variw
1521 5148 1824 5211 lectiones
1866 5166 1946 5211 ex
1995 5154 2138 5212 cod.
2185 5147 2457 5209 Coislin.

330 5257 374 5290 ¹⁹
427 5254 784 5325 κτισαμένου.
859 5255 909 5288 ³⁸
947 5250 1434 5325 προσχωρήσαιεν,
1475 5246 1715 5315 ὁπηνίκα
1754 5244 1850 5309 τὰς
1878 5247 2073 5317 κριθὰς
2101 5244 2402 5301 καταλάϐοι
2427 5261 2441 5276 ο
2467 5241 2664 5299 ταῦτα.

257 5323 401 5380 λετο.
477 5325 524 5357 ⁸³
573 5323 714 5395 ἔχοι.

2758 5237 2804 5271 ιι
2835 5231 3083 5307 σφοδρός.
3185 5229 3234 5262 ’³
3263 5223 3498 5300 μετεϐά-

1326 5457 1466 5520 Cor.
1500 5452 1826 5518 Dufresnii
1852 5455 1957 5515 Du
1983 5451 2200 5532 Cangii
2235 5453 2428 5513 notes.

335 5593 444 5661 (39)
469 5587 670 5646 Αῒνον.
704 5589 842 5646 Urbs
866 5581 1551 5661 Ihraci§,_Villbarduip_o
1581 5581 1734 5661 Aine.

469 5637 1160 5729 τὲἷὶῆυἷόᾗῆδ-ἰᾶξῖνῧῦἱ
1193 5637 1406 5709 milites
1459 5649 1820 5707 Flandrenses

1927 5643 2152 5702 [locarat
2178 5648 2335 5695 antea
2371 5637 2615 5695 Alexius.
