3970 6200
123 452 138 460 λ
195 374 299 441 637
1391 387 1802 447 ALEXIADIS
1840 391 1990 451 LIB.
2031 392 2201 454 VIII.
3356 399 3460 462 638

190 499 456 553 sugv'ertus
487 490 688 542 dudum
742 491 950 544 animus
1003 489 1221 546 Bolcani
1270 495 1462 564 quine
1514 496 1714 563 aliquid
1765 495 1960 564 inﬁdi,
2021 498 2303 567 infestique
2385 502 2594 556 consilii
2664 513 2847 556 contra
2908 519 3001 558 nos
3078 513 3265 573 coquat
3322 508 3468 560 mal!

193 591 386 634 metuo.
418 581 594 645 Quare
625 593 736 632 tum
765 581 827 632 de
855 597 934 646 eo,
965 599 1032 634 an
1094 582 1302 651 [aderis
1342 585 1729 638 conditionibus
1759 602 1812 638 se
1852 588 2154 653 contineat;
2201 601 2310 642 tum
2335 591 2398 644 de
2437 593 2551 661 ipsa
2585 593 2876 658 Dalmatia,
2920 597 3036 662 quis
3081 598 3133 649 in
3161 615 3220 652 ea
3278 616 3462 652 sensus

187 673 412 744 populi?
454 675 542 742 qui
573 690 725 738 omini
756 678 1225 742 upparatus?qutc
1269 678 1399 744 ﬁdes
1430 680 1861 731 commerciorum
1903 673 2080 732 doceri
2117 699 2147 734 a
2183 692 2231 734 te
2262 695 2522 750 exspecto,
2569 687 2652 738 cui
2716 688 2845 739 talia
2909 705 3004 756 pro
3076 692 3276 744 ratione
3349 709 3451 743 ma-

183 771 437 836 gistratus
487 774 534 816 et
580 763 767 816 vicinia
803 759 1034 816 locorum
1085 783 1186 833 pur
1229 777 1304 820 est
1367 782 1630 833 compertu
1683 786 1812 822 esse.
1889 768 2170 824 Enimvero
2212 773 2353 825 haud
2391 775 2500 827 [τειί
2549 777 2668 828 inde
2710 778 2764 830 in
2824 779 2934 830 dies
2986 779 3112 832 mihi
3180 784 3460 840 adveniunt

185 858 370 910 nuntii.
402 857 634 919 Quorum
670 857 1134 908 indiciisuomlum
1188 859 1258 908 ad
1288 858 1751 928 prwjudicunlum
1797 865 1978 916 trahor
2022 865 2090 914 ad
2146 875 2291 916 tuum
2349 883 2427 920 me
2495 869 2812 935 colloquium
2879 887 3173 935 reservans,
3243 876 3294 924 iu
3359 893 3462 941 quo

179 959 291 1018 post
320 949 576 1012 liqvidum
609 949 1016 1011 explorationem
1045 948 1260 1012 periculi
1305 963 1394 1002 aut
1459 952 1588 1003 ntali
1642 953 1800 1004 etiam
1843 953 1906 1006 de
1926 955 2228 1018 Opportunis
2264 957 2342 1008 vel
2380 959 2713 1010 cautionibus
2749 961 2822 1012 vel
2855 963 3105 1015 remediis
3141 962 3296 1026 facile
3327 965 3464 1016 inte?

182 1056 273 1092 nos
332 1047 715 1089 conventurum
764 1053 1018 1106 auguror.
1073 1037 1147 1088 Ac
1191 1041 1434 1106 provideo
1474 1057 1590 1108 1am
1638 1060 1775 1096 nunc
1814 1045 2023 1111 ﬁrmum
2061 1042 2211 1097 illam
2267 1047 2432 1100 videri
2466 1048 2578 1114 {ore
2625 1052 2839 1118 gerendi
2899 1052 3055 1120 hujus
3139 1055 3258 1105 belli
3301 1056 3463 1106 ratio.

185 1147 321 1192 nem,
368 1129 415 1181 si
449 1139 496 1181 te
527 1127 754 1196 cognitis
787 1127 920 1180 satis
957 1131 1220 1193 amnibus,
1260 1137 1310 1182 et
1370 1137 1481 1181 tum
1545 1130 1837 1194 mandatis,
1877 1144 1983 1186 tum
2005 1133 2167 1203 copiis
2199 1134 2509 1188 instructum
2531 1140 2672 1190 novis
2699 1141 3022 1194 remittamus
3048 1142 3098 1194 in
3147 1143 3454 1210 Il-‘yricum:

160 1240 278 1294 quo
333 1237 402 1274 ea:
469 1219 689 1290 utraque
739 1221 926 1287 latere,
967 1220 1162 1287 impetu
1214 1222 1458 1275 concordi
1510 1239 1671 1275 unum
1719 1226 1772 1278 in
1804 1225 2003 1279 hostem
2043 1227 2325 1293 irruentes,
2351 1229 2486 1282 citra
2508 1232 2822 1298 periculum,
2859 1232 2963 1286 Deo
3023 1234 3268 1303 juvunte,
3341 1239 3457 1290 vin-

178 1335 374 1375 camus.

243 1415 438 1470 Ταῦτα
462 1415 563 1485 μὲν
584 1413 772 1486 ἡπρδς
793 1414 887 1468 τὸν
912 1414 1171 1486 Ἰωάννην
1195 1416 1385 1487 γραφὴ
1408 1415 1764 1485 διελάμϐανε·
1795 1426 1843 1485 Α

179 1505 291 1574 ἠδέ
326 1520 394 1568 γε
427 1503 564 1573 πρὸς
589 1504 718 1568 τοὺς
746 1503 978 1572 λογάδας
1022 1503 1132 1557 τῶν
1163 1504 1405 1559 ἐποίκων
1451 1507 1761 1576 Δυρραχίου

180 1593 392 1647 τοιαῦθ’
419 1592 762 1662 ὖπηγόρευεν
783 1609 799 1625 ’
850 1592 1014 1648 Ἐπεὶ
1041 1592 1169 1648 καθ’
1191 1592 1362 1664 ήμῶν
1373 1595 1638 1664 μελετᾷν
1661 1595 1770 1649 τ‹’ν

189 1685 516 1740 Βολκὰνον
564 1682 736 1753 αὖθις
795 1687 1208 1756 μεμαθηκότες
1257 1687 1368 1757 τῆς
1405 1686 1768 1754 Βυζαντίδος

186 1780 680 1848 ἐξεληλύθειμεν,
707 1782 1306 1850 κατασφαλισόμενοι
1329 1799 1392 1836 τε
1424 1784 1498 1836 τὰ
1525 1783 1596 1837 ἐν
1620 1800 1768 1853 μεσ-

182 1874 403 1941 αιχμίῳ
446 1871 558 1941 τῆς
625 1888 690 1925 τε
739 1871 1059 1941 ἡμεδαπῆς
1121 1873 1224 1928 καὶ
1278 1875 1399 1929 τῶν
1443 1875 1770 1947 Δαλματῶν

180 1963 534 2031 διακείμενα
571 1961 789 2032 τέμπη,
827 1962 951 2032 ἅμα
977 1962 1046 2016 δὲ
1077 1963 1176 2018 καὶ
1206 1965 1279 2019 τὰ
1303 1967 1430 2020 κατ’
1453 1967 1642 2021 αὐτὸν
1669 1967 1767 2021 καὶ

178 2052 314 2118 τοὺς
369 2050 687 2120 Δαλμάτας
729 2049 1178 2119 ἁκριϐὠσασθαι
1203 2067 1218 2082 ο
1274 2050 1373 2106 διά
1413 2069 1512 2106 τοι
1583 2053 1772 2108 ταῦτα

178 2143 317 2200 δέον
384 2144 708 2214 κρίναντες
741 2143 1276 2212 μετακαλέσασθαι
1320 2146 1428 2200 τὸν
1482 2145 1774 2215 ὑμέτερον

178 2239 373 2294 δοῦκα
435 2235 536 2291 καὶ
601 2237 981 2305 ποθούμενον
1033 2236 1293 2306 ἀνεψιὸν
1344 2238 1453 2292 τοῦ
1512 2236 1772 2306 κράτους

178 2332 379 2400 ἡμῶν,
423 2330 666 2385 τουτονὶ
713 2331 822 2384 τὸν
867 2329 986 2398 τὴν
1028 2328 1326 2398 ἡμετέραν
1369 2327 1773 2398 ἐγχειρίζοντα

179 2420 320 2493 ὑμῖν
391 2421 634 2492 γραφὴν
702 2420 1226 2490 ἐξαπεστείλαμεν
1278 2419 1489 2475 coam
1548 2419 1773 2475 τοῦτον

177 2513 737 2586 προχειρισάμενοι.
787 2513 1053 2578 Δέξασθε
1076 2513 1263 2567 αὑτὸν
1305 2511 1404 2567 καὶ
1436 2512 1629 2583 ὑμεῖς,
1674 2512 1774 2567 καὶ

179 2607 257 2671 εις
284 2603 423 2660 πᾶν
444 2603 512 2658 τὸ
536 2605 677 2674 παρ’
706 2604 893 2659 αὑτοῦ
922 2605 1452 2674 προσταττόμενον
1474 2607 1770 2660 ὑπείκετε.

179 2697 404 2761 latitat;
460 2693 555 2752 οὖν
600 2697 699 2759 τὰς
728 2698 949 2767 γραφὰς
1006 2697 1322 2769 ἐγχειρίσας
1373 2697 1453 2768 τῷ
1485 2697 1770 2770 Καρατζᾷ,

1944 1413 2067 1468 [Lee
2101 1407 2287 1468 habuit
2316 1414 2546 1482 epistola
2580 1416 2646 1469 ad
2694 1413 2958 1470 Joannem
2991 1419 3136 1473 datu.
3176 1422 3305 1486 Qua:
3337 1440 3462 1478 vero

1867 1507 2149 1575 praecipuis
2218 1507 2531 1579 Dyrrhachii
2557 1509 2766 1563 civibus
2812 1509 3206 1567 inscribebatur
3251 1515 3302 1569 in
3349 1516 3464 1574 haec

1867 1595 1980 1650 fere
2015 1599 2176 1651 verba
2202 1608 2458 1668 concepta
2499 1608 2616 1654 erat
2647 1615 2662 1652 :
2704 1598 2836 1654 Cum
2874 1603 3034 1656 exciti
3070 1605 3271 1659 nuntiis
3295 1645 3310 1667 ,
3373 1608 3461 1676 qui

1867 1690 1931 1742 de
1963 1687 2190 1743 Bolcano
2211 1688 2457 1759 feruntur
2481 1690 2672 1744 bellum
2707 1692 2763 1744 in
2789 1709 2875 1746 vos
2928 1707 3150 1758 parante
3171 1735 3186 1758 ,
3240 1694 3464 1766 profecti

1871 1781 2132 1853 Byzantio
2169 1783 2439 1836 tendamus
2465 1784 2532 1835 ad
2555 1793 2780 1836 vestrum
2811 1785 3052 1850 limitem,
3079 1791 3270 1854 partim
3311 1807 3468 1844 occu-

1869 1873 2044 1936 paturi
2074 1873 2338 1940 praesidiis
2373 1871 2609 1926 claustra
2661 1874 2875 1929 vallium
2919 1886 2967 1930 et
3005 1882 3258 1932 montium
3297 1897 3466 1950 angu-

1871 1960 2004 2016 stias
2033 1964 2123 2033 qui
2155 1961 2421 2017 Romanos
2473 1961 2897 2035 Dalmaticosque
2940 1967 3246 2030 interiacent
3286 1969 3414 2034 ﬁnes
3446 2011 3462 2032 ,

1873 2055 2070 2123 partim
2104 2053 2232 2124 quid
2270 2064 2450 2122 parent
2498 2055 2784 2123 cogiteutve
2840 2055 3102 2111 Dalmata:
3152 2061 3344 2113 certius
3401 2076 3466 2113 ea:

1873 2146 2166 2216 propinquo
2199 2145 2524 2213 exploraturi
2549 2185 2565 2209 ,
2593 2147 2662 2198 ad
2695 2163 2757 2199 ea
2783 2147 3034 2201 duximus
3066 2151 3356 2205 conducere
3407 2169 3461 2206 ut

1864 2237 1984 2307 jam
2010 2237 2132 2289 hinc
2179 2237 2247 2288 ad
2282 2252 2374 2288 nos
2403 2253 2737 2290 evocaremus
2771 2238 2952 2290 ducem
2982 2251 3228 2303 vestrum,
3259 2242 3462 2296 charis-

1875 2334 2067 2384 simam
2091 2341 2322 2397 nepotem
2353 2330 2645 2399 majestatis
2675 2341 2866 2384 nostra:
2889 2347 2912 2392 ε,
2925 2337 3062 2401 quod
3097 2343 3153 2387 ut
3180 2335 3295 2389 sine
3324 2352 3466 2390 noxa

1876 2433 2066 2481 vestra,
2101 2420 2479 2489 provinciisque
2512 2422 2666 2474 istius
2699 2421 2817 2489 ﬁat,
2849 2423 3104 2476 mittimus
3134 2426 3222 2493 qui
3241 2426 3462 2494 perejus

1877 2511 2167 2565 absentiam
2203 2513 2353 2564 rebus
2399 2513 2549 2566 isthic
2589 2515 2765 2577 pru'sit
2791 2552 2806 2576 ,
2849 2531 2967 2566 cum
3009 2516 3173 2582 ipsum
3203 2517 3294 2584 qui
3332 2517 3470 2570 hunc

1877 2604 2018 2658 vobis
2058 2613 2289 2656 nostrum
2333 2603 2609 2669 epistolam
2648 2606 2824 2657 reddet
2863 2620 2880 2658 :
2935 2607 3020 2658 cui
3057 2617 3328 2670 promereri
3363 2611 3464 2660 ho-

1881 2712 2030 2748 nores
2066 2713 2240 2749 omnes
2264 2697 2353 2763 qui
2391 2695 2512 2748 duci
2559 2707 2721 2748 vestro
2765 2697 3015 2750 debentur
3052 2698 3281 2750 exhiberi
3309 2715 3339 2750 a
3376 2707 3468 2752 uo-

179 2791 498 2845 ὲνετείλατο
549 2789 860 2845 ἀπελθόντα
919 2790 1116 2860 πρῶτα
1177 2791 1278 2861 μὲν
1333 2789 1642 2860 ἐγχειρίσαι
1693 2789 1772 2858 τῷ

1882 2787 1953 2841 bis
1983 2804 2080 2850 par
2105 2799 2206 2844 est.
2237 2797 2286 2840 et
2314 2786 2547 2840 volumus
2571 2803 2589 2850 ,'
2615 2789 2803 2855 quippe
2831 2788 2998 2853 ipsum
3025 2789 3152 2856 jure
3181 2805 3338 2857 quam
3372 2805 3470 2856 op-

179 2882 416 2953 Ἶωάννῃ
447 2884 548 2954 τὴν
575 2882 710 2954 πρὸς
733 2882 894 2938 αὐτὸν
940 2887 1184 2955 γραφήν.
1215 2885 1322 2936 Καὶ
1357 2885 1404 2936 εξ
1435 2883 1535 2952 μὲν
1581 2881 1776 2935 αὐθαι-

183 2975 357 3044 ρέτως
392 2976 608 3038 ἕπεται,
643 2977 852 3029 ἐκεῖνον
874 2975 976 3045 μὲν
1001 2975 1213 3028 ἐκεῖθεν
1238 2973 1357 3042 μετ’
1386 2974 1610 3045 εἰρήνης
1638 2990 1775 3042 προ-

182 3068 426 3136 πέμψαι,
470 3067 636 3119 αὐτὸν
689 3067 746 3119 δὲ
795 3066 895 3136 τὴν
950 3066 1197 3136 φρουρὰν
1236 3066 1336 3136 τῆς
1366 3067 1551 3136 χώρας
1581 3065 1774 3119 ἀναδέ-

183 3155 384 3220 ξασἸαι
415 3155 608 3226 μέχρις
634 3155 700 3209 ἂν
734 3157 942 3218 ἐκεῖνος
968 3152 1124 3218 αὖθις
1152 3156 1442 3209 ἐπανέλθοι
1465 3172 1479 3185 °
1510 3157 1559 3208 ei
1590 3155 1645 3208 δὲ
1675 3157 1774 3210 ἀν·

185 3247 399 3317 τιτεῖνῃ
431 3248 476 3278 ⁷³
508 3247 601 3300 καὶ
638 3248 712 3317 μὴ
738 3248 994 3316 πείθηται
1021 3248 1088 3312 ⁷³,
1125 3247 1594 3316 μεταπέμψασθαι
1648 3247 1774 3310 τοὺς

185 3339 561 3410 ὑπερέχοντας
577 3337 682 3390 τῶν
699 3339 1071 3409 Δυρραχιτῶν,
1103 3340 1196 3391 καὶ
1217 3339 1315 3408 τὴν
1335 3340 1527 3409 ἑτέραν
1559 3341 1776 3394 ὑπανα-

184 3432 391 3496 γνῶναι
450 3432 669 3498 γραφὴν
733 3433 817 3499 ἐφ’
947 3429 1284 3499 συνάρασθαι
1339 3429 1488 3500 αὐτῷ
1564 3431 1660 3485 ἐπὶ
1694 3431 1772 3503 τῷ

184 3515 268 3568 τον
307 3513 584 3586 Ἰωάννην
608 3519 924 3586 κατασχεῖν.

1882 2881 2007 2933 timo
2044 2880 2226 2931 ducem
2261 2877 2579 2948 Dyrrhachii
2607 2895 2716 2931 esse
2735 2879 3005 2946 jubentus,
3051 2880 3474 2949 confidimusun

1881 2989 1945 3027 ac
1970 2972 2206 3041 cupimus
2243 2983 2295 3024 ut
2325 2975 2371 3024 ei
2399 2989 2486 3026 vos
2517 2973 2570 3025 in
2614 2971 2852 3026 omnibus
2882 2988 2998 3041 qua:
3045 2974 3425 3043 prwscripserit
3451 3011 3472 3037 ,

1883 3065 2215 3130 obsequentes
2242 3065 2537 3130 prwbentis.
2574 3063 2682 3120 llas
2721 3063 2856 3118 duas
2891 3064 3151 3133 epistolas
3179 3065 3475 3134 imperator

1883 3156 2134 3210 Caratza:
2171 3157 2390 3210 tradens
2413 3157 2461 3210 ei
2492 3157 2785 3220 mandavit,
2819 3165 2876 3209 ut
2905 3155 3300 3225 Dyrrhachium
3340 3171 3469 3226 per-

1883 3245 2051 3312 latus,
2079 3248 2227 3315 prius
2266 3246 2465 3301 Joanni
2511 3248 2759 3302 redderet
2807 3246 2972 3317 238
3023 3261 3143 3302 eam
3193 3264 3314 3316 quin
3365 3249 3473 3318 ipsi

1881 3352 1998 3394 erat
2049 3338 2330 3410 inscripta.
2367 3341 2445 3394 Ac
2493 3341 2538 3394 si
2596 3354 2657 3394 ea
2695 3339 2832 3395 lecta
2887 3349 3194 3410 promptum
3238 3341 3286 3396 is
3313 3357 3371 3397 se
3399 3342 3474 3397 ad

1883 3432 2275 3500 profectionem
2336 3433 2685 3496 ostenderet,
2745 3433 3002 3487 omnibus
3054 3434 3226 3503 ipsum
3276 3432 3470 3488 ciliciis

1884 3533 2046 3590 atque
2077 3523 2374 3578 honoribus
2433 3533 2895 3594 prosequeretnr,
2938 3523 3201 3592 daretque
3243 3538 3470 3593 operam

185 3623 238 3664 ut
268 3611 398 3665 sine
427 3609 727 3665 oﬂ'ensioue
766 3620 854 3664 aut
896 3610 1208 3679 suSpicione
1260 3613 1364 3667 ulla
1416 3613 1728 3670 discederet
1758 3629 1772 3666 :
1817 3616 1936 3685 ipso
1969 3616 2189 3672 interim
2217 3616 2477 3671 vicariam
2505 3632 2601 3686 pro
2623 3631 2688 3671 eo
2714 3616 3086 3685 praefecturam
3151 3630 3216 3667 ac
3282 3629 3470 3666 curam

185 3703 485 3768 provincia
552 3718 722 3774 usque
787 3702 857 3757 ad
902 3703 1023 3773 ejus
1078 3703 1441 3775 propinquum
1505 3706 1742 3761 reditum
1793 3722 1852 3763 se
1888 3717 2171 3780 gesturum
2198 3707 2510 3777 proﬁtente.
2545 3706 2637 3760 Sin
2672 3715 2851 3761 autem
2888 3704 3246 3756 reluctarctur
3287 3710 3338 3754 et
3375 3717 3472 3770 pa-

183 3812 298 3853 rere
331 3808 641 3866 recusaret,
677 3812 791 3855 tum
824 3801 1053 3855 Caratza
1088 3802 1380 3870 pracipuis
1413 3802 1994 3870 Dyrracliiensium’ad
2033 3818 2093 3858 se
2123 3803 2336 3858 vocatis
2401 3801 2602 3855 alteras
2667 3799 2874 3854 litteras
2938 3796 3274 3858 ostenderet,
3319 3796 3470 3849 inso-

183 3903 446 3958 rumque.
474 3890 698 3960 Augusti
736 3891 953 3945 nomine
982 3907 1046 3947 ac
1073 3892 1227 3961 jussu
1251 3931 1267 3955 ,
1297 3893 1555 3944 auxilium
1596 3903 1914 3960 exposceret
1945 3895 2009 3948 ad
2041 3893 2304 3948 Joannem
2338 3891 2687 3962 capiendum.

254 3985 458 4039 Ταῦτα
476 3983 793 4043 ὲνωτισθεὶς
818 3988 846 4038 ὁ
877 3985 1335 4057 σεδαστοκράτωρ
1358 3989 1414 4038 ὲν
1437 3988 1779 4039 Κωνσταντι-

185 4076 450 4129 νουπόλει
479 4075 776 4146 διατρίϐων
824 4078 1134 4142 σπουδαίως
1164 4077 1334 4148 ἐξῄει,
1384 4080 1480 4131 καὶ
1507 4080 1600 4131 ἐπὶ
1656 4078 1778 4131 δυσὶ

189 4167 570 4238 νυχθημέροις
651 4167 1066 4236 καταλαμϐάνει
1149 4169 1247 4237 τὴν
1324 4170 1775 4224 Φιλιππούπολιν.

1880 3997 1917 4045 ει
1951 3986 2079 4042 Ιιεεο
2111 3987 2236 4041 dum
2266 3987 2337 4041 ita
2371 3984 2720 4055 parabantur,
2772 3983 3041 4052 perfertur
3094 3983 3160 4037 ad
3225 3982 3473 4036 sebasto-

1879 4089 2148 4132 cratorem
2179 4077 2419 4146 trepidus
2461 4076 2682 4130 nuntius
2730 4075 2798 4130 de
2845 4075 3156 4144 suspicione
3201 4089 3263 4128 ac
3324 4076 3468 4142 peri-

1880 4170 2002 4224 culo
2034 4170 2085 4224 iu
2119 4169 2316 4239 quibus
2344 4179 2660 4224 versaretur
2688 4166 2927 4223 Joannes
2977 4166 3095 4236 ejus
3148 4167 3309 4221 lilius.
3343 4167 3476 4222 Erat

199 4256 619 4321 ’Υπνὼττοντος
652 4257 709 4310 δὲ
744 4257 838 4310 τοῦ
896 4257 1162 4328 βασιλέως
1186 4260 1320 4314 εἵσω
1358 4261 1459 4330 τῆς
1491 4261 1778 4332 βασιλικῆς

1884 4261 1930 4314 is
1956 4260 2427 4331 Constantinopoli
2460 4272 2475 4318 :
2505 4259 2644 4313 unde
2674 4267 2952 4314 momento
2983 4259 3166 4314 citatis
3190 4258 3343 4328 equis
3368 4259 3476 4312 iter

192 4352 404 4423 σκηνῆς
461 4351 702 4421 adroganti
751 4350 1027 4413 εἰσελθὼν,
1091 4354 1176 4416 εἰς
1225 4356 1326 4423 τὴν
1362 4356 1559 4426 ἑτέραν
1591 4355 1780 4428 κλίνην

190 4440 281 4492 τοῦ
312 4439 590 4511 βασιλέως
648 4442 744 4495 καὶ
790 4440 1023 4509 ἁδελφοῦ
1063 4443 1416 4506 κατακλιθεὶς
1475 4449 1569 4498 καὶ
1617 4447 1783 4510 αὐτὸς

196 4532 480 4600 ὖπνωττε,
528 4534 658 4596 τοὺς
689 4532 1122 4597 κατευνάζοντας
1143 4534 1236 4588 τὸν
1278 4536 1656 4607 αὐτοκράτορα
1697 4539 1786 4592 διὰ

193 4627 291 4695 τῆς
330 4624 519 4694 χειρὸς
551 4623 845 4694 ἡσυχάζειν
869 4624 1155 4688 ἐπιτάξας.
1200 4625 1288 4688 Ὠς
1319 4626 1448 4693 γοῦν
1472 4627 1500 4680 ὁ
1532 4626 1785 4695 βασιλεὺς

198 4717 294 4770 τοῦ
357 4716 534 4770 ὕπνου
586 4715 812 4785 ἀνέθορε
851 4715 1066 4768 καὶτὸν
1115 4717 1346 4786 ἀδελφὸν
1391 4721 1524 4787 παρ’
1559 4718 1785 4782 ἐλπίδας

194 4808 490 4873 ἐθεάσατο,
519 4807 812 4877 ἡσυχάζων
843 4809 980 4867 τέως
1012 4802 1102 4878 ἦν,
1143 4811 1238 4862 καὶ
1260 4810 1389 4872 τοὺς
1435 4810 1784 4879 παρατυχόνο

195 4917 293 4963 τας
322 4901 461 4954 αὐτὸ
489 4899 652 4952 τοῦτο
687 4901 863 4953 ποιεῖν
894 4900 989 4953 καὶ
1017 4899 1180 4963 αὐτὸς
1224 4901 1494 4956 ἐκέλευεν.
1534 4901 1688 4954 Ἐπεὶ
1729 4901 1787 4954 δὲ

191 4998 289 5048 sui.
321 4995 351 5047 ὁ
378 4995 839 5065 σεὸαστοκρὰτωρ
867 4996 1092 5058 ἔξυπνος
1128 4997 1424 5065 γενόμενος
1441 4997 1532 5048 τὸν
1559 4996 1787 5064 ἀδελφὸν

193 5093 294 5141 καὶ
327 5088 564 5156 βασιλέα
608 5088 990 5158 γρηγοροῦντα
1040 5088 1334 5150 ἐθεάσατο,
1385 5089 1634 5152 κάκεῖνος
1702 5091 1788 5142 ἐν-

203 5181 333 5232 ιδὼν
363 5180 551 5241 αὑτὸν,
588 5179 981 5249 προσελθόντες
1011 5181 1334 5249 ἀμφότεροι,
1366 5179 1628 5249 ἀλλήλους
1657 5197 1788 5232 κατ-

198 5272 536 5342 ησπὰζοντο.
592 5269 724 5324 Εἶτα
761 5273 788 5324 ὁ
849 5271 946 5341 μὲν
1024 5271 1277 5340 βασιλεὺς
1335 5270 1666 5325 ἐπυνθάνετο
1735 5271 1788 5325 τι

200 5364 314 5434 ἄρα
345 5365 442 5417 καὶ
470 5362 738 5433 βούλοιτο,
767 5367 861 5416 καὶ
892 5363 981 5425 τίς
1016 5365 1048 5434 ἡ
1087 5364 1233 5417 αἰτία
1277 5365 1375 5434 τῆς
1425 5365 1589 5418 αὑτοῦ
1637 5363 1789 5416 ἑλεύο

201 5469 367 5515 σεως.
413 5453 652 5515 Ἐκεῖνος
676 5453 756 5517 δὲ,
799 5443 899 5506 Σοῦ
924 5451 1107 5518 ἕνεκα,
1159 5453 1287 5525 ἔφη.
1323 5455 1433 5508 Καὶ
1466 5454 1523 5518 ὅς
1545 5469 1557 5484 ⁸
1590 5454 1785 5522 Μάτην

201 5545 437 5599 σεαυτὸν
512 5546 796 5609 συντείνας
868 5545 1123 5601 τοσοῦτον
1187 5547 1546 5609 ῖιεκοπίακας.
1620 5545 1677 5598 '0
1727 5544 1784 5597 δὲ

1883 4353 2174 4420 arripiens,
2205 4353 2464 4406 continuo
2494 4365 2657 4404 cursu
2684 4351 2846 4404 duum
2891 4350 3100 4403 dierum
3136 4350 3472 4418 totidemque

1886 4446 2154 4508 noctium,
2192 4442 2605 4512 Philippopolim
2643 4443 2930 4510 pervenit;
2966 4443 3036 4495 ibi
3071 4443 3250 4496 statim
3287 4442 3475 4512 Augu-

1892 4537 2030 4591 stale
2059 4537 2384 4590 dormientis
2423 4545 2532 4588 tum
2568 4533 2708 4588 forte
2760 4533 2946 4588 fratris
2996 4533 3334 4586 faIniIiariter
3378 4534 3472 4585 in-

1891 4642 2110 4696 gressus
2165 4624 2281 4682 sine
2349 4627 2576 4694 strepitu
2610 4665 2625 4690 ,
2683 4627 2839 4694 signo
2893 4639 3080 4676 manus
3145 4622 3472 4675 domesticos

1891 4721 2102 4774 monuit
2139 4729 2198 4773 ut
2230 4721 2594 4788 quiescerent,
2631 4733 2729 4770 nec
2781 4731 3027 4770 somnum
3081 4713 3305 4782 Augusti
3355 4723 3472 4776 tur-

1892 4812 2088 4866 barent
2119 4828 2133 4864 :
2169 4809 2330 4864 simul
2364 4810 2418 4863 in
2449 4809 2680 4863 alterum
2716 4807 2849 4876 regii
2901 4806 3132 4861 cubiculi
3187 4807 3377 4858 lectum
3411 4820 3471 4860 se

1893 4904 1959 4958 de
1986 4903 2069 4955 via
2123 4900 2320 4956 fessum
2350 4903 2673 4968 composuit,
2704 4900 2918 4966 citoque
2964 4897 3310 4951 obdormivit.
3363 4897 3471 4950 Ex-

1895 5006 2178 5067 perrecuts
2225 4993 2500 5062 Angustus
2526 4993 2700 5046 cernit
2752 5002 2945 5057 praeter
2993 5005 3143 5058 spem
3205 4992 3256 5043 in
3305 4990 3472 5044 cubili

1896 5088 2140 5156 proximo
2172 5086 2404 5152 sopitum
2441 5099 2455 5136 :
2489 5094 2541 5136 cl
2595 5085 2641 5137 ei
2683 5083 2918 5137 vicissim
2977 5083 3087 5149 ipse
3135 5097 3351 5150 quoque
3405 5098 3473 5136 ne

1892 5179 2127 5248 quietem
2160 5183 2461 5238 exemeret,
2497 5175 2813 5241 obstrepere
2849 5172 3188 5240 temperavit,
3240 5188 3472 5238 suosque

1891 5280 1950 5322 ut
1976 5269 2114 5321 idem
2142 5274 2394 5320 caverent
2425 5265 2656 5319 monuit.
2688 5263 2927 5318 Tandem
2997 5264 3265 5316 excitatus
3312 5261 3473 5316 seba-

1890 5369 2161 5417 stocrator
2189 5358 2279 5412 ubi
2305 5359 2604 5427 Angustum
2627 5355 2759 5409 vidit
2807 5354 3158 5424 vigilantem,
3196 5353 3472 5420 sensitque

1887 5453 1957 5508 ab
1998 5451 2114 5522 ipso
2143 5452 2267 5504 item
2297 5465 2354 5504 se
2383 5447 2574 5518 aspici,
2613 5447 2881 5515 progressi
2917 5446 3188 5511 utrimque
3214 5442 3373 5494 ambo
3397 5442 3464 5494 ad

1888 5543 2184 5599 fraternum
2246 5541 2550 5610 :unplcxum
2613 5553 2732 5594 sese
2808 5537 3177 5592 amantissime
3238 5531 3462 5588 osculati

1285 5685 1479 5747 Variae
1542 5683 1847 5747 lectiones
1895 5700 1972 5745 cx
2001 5683 2136 5744 cod.
2181 5680 2452 5745 Coislin.

275 5807 324 5838 ’⁸
351 5809 661 5863 ἀντιτείνει.
741 5811 787 5840 τ’
818 5809 1086 5864 πείθεται.
