3970 6200
232 272 341 338 (ῖηῇ
1509 276 1924 337 ALEXIADIS
1953 276 2106 337 LIB.
2141 277 2248 338 1X.
3387 285 3496 351 666

233 393 420 446 τοῦτον
473 387 858 460 διαφορηθῆναι
923 387 1069 444 οἴνου
1143 390 1343 460 διέγνω
1370 432 1385 455 ,
1467 394 1818 464 σπασάμενος

1923 395 2202 450 venientes
2227 393 2501 450 exercitus
2547 395 2917 463 sustinendos,
2968 396 3022 451 in
3074 396 3284 468 magnis
3317 414 3496 457 rerum

234 484 384 550 ξειεος
417 481 560 535 κατὰ
588 479 699 534 τῶν
746 480 990 549 λαγόνων
1045 475 1188 536 ὦσιν
1243 478 1432 537 αὐτοῦ.
1495 485 1604 538 Καὶ
1660 483 1821 548 αὐτὸς

1924 485 2190 554 angustiis
2258 485 2439 554 inopia
2481 486 2694 542 consilii
2758 487 3197 546 conﬂictabatur.
3227 489 3363 544 Cum
3398 509 3496 546 att-

238 577 336 646 μὲν
389 573 556 628 αὑτοῦ
615 575 810 646 νεκρδς
866 575 1094 628 ἔκειτοο
1159 578 1188 629 6
1233 577 1289 630 δέ
1351 589 1416 645 γε
1473 577 1704 631 σονλτὰν
1749 576 1820 630 τὰ

1924 586 2031 631 tem
2063 577 2118 630 itt
2159 577 2302 631 hunc
2338 579 2553 632 modum
2602 579 2998 635 circumsessus
3041 581 3298 651 undique,
3333 585 3496 639 etiam

236 671 364 740 περὶ
413 671 643 738 είρὴνης
713 668 804 719 τοῦ
864 667 1054 721 λοιποῦ
1119 668 1258 739 πρὸς
1311 669 1406 721 τὸν
1478 670 1817 738 αὐτοκράτο-

1923 669 2236 738 eruptiones
2276 669 2662 740 Abydenorum
2689 681 2743 726 et
2774 673 3008 740 praesidii
3038 673 3349 744 civiumque
3401 680 3497 732 ob.

235 779 302 834 ρα
362 759 836 830 διαπρεσϐεύεται.
902 761 1014 813 Καὶ
1056 761 1121 830 δὴ
1189 762 1281 814 τοῦ
1341 762 1546 815 σκοποῦ
1607 763 1668 816 οὐ
1716 763 1800 816 δι-

1923 775 2083 815 εεειιω
2131 761 2285 815 urbis
2328 761 2542 817 subitos
2584 778 2614 817 α
2662 772 2813 834 tergo
2867 764 3120 832 impetus,
3180 769 3304 821 dum
3373 771 3490 838 ipse

237 857 477 926 ἡμαρτε.
546 855 776 922 Δέχεται
828 853 937 924 γὰρ
993 854 1160 906 αὑτοῦ
1202 853 1299 925 τὴν
1354 854 1811 922 αίτησινὸαὑτο-

1923 862 2113 908 contra
2139 853 2324 908 hostes
2350 853 2569 908 aliunde
2610 855 2881 911 irruentes
2932 873 3044 912 rem
3093 869 3326 925 gereret,
3390 862 3496 912 for-

234 947 476 1016 κράτωρ,
509 949 604 998 καὶ
635 945 743 998 τῶν
775 946 1074 1015 εἰρηνικῶν
1108 948 1349 1000 σπονδῶν
1370 947 1446 1009 ὡς
1475 947 1597 1011 ἔθος
1657 948 1814 999 τελε-

1925 948 2175 1012 midaret,
2223 948 2487 1016 optimum
2541 949 2682 1004 factu
2731 953 2942 1019 putavit
2995 969 3215 1023 operam
3271 958 3400 1009 dare
3444 966 3497 1010 ut

235 1041 468 1094 σθεισῶν
521 1041 578 1092 ἐν
631 1040 970 1094 καταστάσει
1021 1039 1092 1093 τὰ
1137 1041 1287 1110 παρά
1343 1039 1621 1092 θάλασσαν
1672 1036 1813 1110 ἦσαν

1924 1041 2027 1094 sibi
2055 1041 2323 1095 sultanem
2351 1042 2747 1097 reconciliaret.
2783 1046 3011 1113 Ignarus
3045 1061 3174 1116 ergo
3200 1064 3360 1116 quam
3394 1065 3498 1102 non

231 1134 374 1204 δρία,
1927 1132 2194 1201 expiabile
2235 1133 2336 1201 ipsi
2373 1148 2404 1187 a
2445 1133 2658 1188 sultane
2691 1135 2873 1189 odium
2927 1138 3269 1204 imperatoris
3309 1138 3498 1193 littera:

235 1237 534 1298 parassent.
585 1241 838 1281 socerum
869 1226 1003 1287 adit,
1052 1226 1234 1294 generi
1267 1226 1460 1279 ﬁducia
1497 1225 1708 1278 veniam
1745 1231 1800 1276 et
1840 1223 2136 1278 amicitiam
2172 1240 2509 1292 exposcens;
2547 1241 2646 1280 nec
2673 1243 2822 1297 spem
2854 1231 3041 1283 abnuit
3107 1235 3254 1285 vultu
3331 1232 3490 1286 obtu-

238 1333 404 1388 tuque
427 1319 621 1375 lestivo
647 1317 924 1388 excipiens
945 1319 1216 1372 hominem
1244 1316 1640 1371 Clitziasthlan.
1668 1318 1806 1381 Quin
1849 1316 2008 1384 paulo
2050 1326 2168 1382 post
2255 1331 2456 1370 mensa!
2503 1318 2805 1372 adhibitum
2891 1320 3204 1377 liberalibus
3267 1325 3498 1379 invitare

235 1415 449 1480 parulis
490 1414 853 1472 nondcstitit.
927 1411 1101 1481 quoad
1149 1426 1300 1464 mero
1352 1413 1568 1480 plenum
1635 1423 1688 1465 et
1757 1410 2112 1464 temulentum
2167 1410 2629 1475 animadvertetis,
2683 1413 2937 1468 eductum
2993 1415 3226 1484 gladium
3279 1418 3332 1471 in
3369 1417 3488 1486 ejus

237 1507 375 1560 latus
448 1507 680 1572 impulit,
715 1521 822 1572 quo
875 1503 965 1558 ille
1021 1505 1243 1558 vulnere
1303 1504 1474 1573 jacoit
1529 1503 1815 1557 exanimis.
1860 1502 2000 1556 Misit
2035 1513 2150 1570 post
2183 1502 2298 1557 haec
2331 1503 2510 1558 sultan
2551 1507 2798 1572 quicum
2848 1506 3177 1575 imperatore
3231 1509 3297 1560 de
3367 1526 3500 1576 pace

237 1608 558 1662 tractarent,
598 1597 863 1664 facileque
896 1606 1170 1650 transacta
1218 1612 1304 1648 res
1332 1605 1434 1656 cst,
1471 1594 1875 1647 conditionibus
1921 1595 2196 1661 utrimque
2273 1595 2382 1650 cito
2465 1599 2705 1664 probatis
2753 1599 2967 1667 riteque
3041 1598 3240 1666 juratis
3269 1638 3282 1665 ,
3353 1611 3500 1656 tran-

235 1695 612 1765 quiilitateque
658 1705 752 1759 per
784 1695 1170 1745 hunc'modum
1218 1706 1328 1746 orre
1381 1691 1669 1745 maritimae
1709 1689 1938 1743 reddita.

298 1787 489 1856 Μήπω
559 1785 614 1838 δὲ
666 1786 939 1838 τοσούτων
1002 1786 1298 1854 φροντίδων
1366 1787 1394 1838 6
1455 1785 1812 1856 αὐτοκράτωρ

1990 1782 2088 1838 Vix
2119 1786 2218 1839 hac
2249 1800 2380 1840 cura
2408 1786 2616 1840 solutus
2651 1787 2947 1856 imperator
2979 1788 3198 1854 (etenim
3237 1789 3281 1841 is
3314 1803 3499 1842 earnm

233 1879 595 1945 ἀπαλλαγεὶς,
643 1879 774 1947 μηδὲ
809 1879 914 1929 τῶν
958 1877 1065 1930 ἀπὺ
1096 1877 1283 1930 τούτου
1319 1877 1612 1931 κακώσεων
1654 1876 1823 1930 καθα-

236 1973 439 2044 ρεύσας
486 1973 555 2040 (εἰ
584 1972 690 2038 γὰρ
731 1970 824 2023 καὶ
855 1971 1014 2030 αὐτὸς
1059 1970 1131 2040 μὴ
1183 1972 1362 2040 παρῆν
1408 1971 1463 2022 ἐν
1496 1987 1660 2035 τισιν,
1686 1970 1822 2023 ἀλλά

234 2085 289 2132 γε
315 2069 443 2126 ταῖς
474 2065 722 2134 φροντίσι
755 2062 848 2114 καὶ
881 2064 1000 2126 ταῖς
1035 2065 1364 2132 οἰκονομίαις
1404 2063 1704 2132 συμπαρῆν
1728 2062 1822 2115 καὶ

237 2156 655 2227 συνέπραττεν).
707 2157 788 2218 είς
845 2156 1032 2224 ἕτερον
1091 2155 1282 2222 ἀγῶνα
1316 2152 1474 2216 αὖθις
1533 2157 1819 2224 ἠπείγετο.

244 2255 296 2305 '0
324 2251 443 2320 γὰρ
472 2249 742 2310 Βολκανος
779 2249 934 2319 (ἀνὴρ
970 2249 1024 2302 δὲ
1054 2241 1210 2310 οὗτος
1244 2249 1305 2299 τὸ
1354 2251 1462 2300 πᾶν
1496 2249 1591 2317 τῆς
1646 2251 1822 2317 ἀρχῆς

233 2346 332 2396 τῶν
373 2341 683 2408 Δαλματῶν
727 2340 928 2410 φέρων,
974 2340 1146 2398 δεινὸς
1180 2340 1277 2407 μὲν
1322 2342 1521 2402 είπεῖν,
1557 2339 1727 2402 δεινὸς
1766 2339 1821 2390 δὲ

235 2433 724 2504 καταπράξισθαι)
779 2432 914 2500 μετὰ
947 2432 1128 2500 διττὴν
1167 2433 1318 2500 ἡλίου
1371 2433 1681 2500 περιφορὰν
1725 2432 1820 2499 τῆς

235 2528 335 2579 τῶν
379 2527 607 2578 Σκυθῶν
653 2525 1024 2588 καταλύσεως.
1069 2526 1178 2577 τῶν
1206 2526 1354 2576 ἰδίων
1383 2527 1525 2596 ὅρων
1566 2524 1821 2594 ἐξεληλυο

235 2617 357 2680 ῡὼς,
389 2616 492 2678 τὰς
525 2617 940 2685 παρακειμένας
976 2616 1227 2683 ἐληῖζετο
1257 2616 1444 2677 πόλεις
1477 2617 1567 2668 καὶ
1603 2616 1817 2682 χώραςο

237 2711 321 2763 καὶ
357 2710 528 2771 αὐτὸς
560 2709 616 2760 δὲ
659 2709 718 2760 τὸ
766 2708 1017 2761 Λιπέν.ον
1060 2708 1368 2776 κατασχὼν,
1415 2705 1520 2774 πῦρ
1570 2704 1822 2775 ἐμϐαλὼν

236 2803 534 2868 ἐνέπρησε.
593 2798 782 2850 Ταῦτα
831 2800 860 2850 6
912 2797 1163 2867 βασιλεὺς
1216 2796 1548 2867 μεμαθηκὼς
1596 2798 1696 2847 οὐκ
1745 2795 1820 2847 ἐτ’

236 2891 484 2952 ἐνεκτῶς
533 2885 699 2956 εἶχεν,
749 2887 864 2940 ἀλλ’
893 2889 1218 2956 ἀποχρώσας
1271 2889 1529 2955 δυνάμεις
1582 2903 1820 2954 συναγη-

235 2987 371 3058 σχὼς
403 2984 548 3040 κατὰ
576 2983 684 3036 τῶν
708 2983 922 3050 Σέρῦων
951 2982 1180 3035 κατευθὺ
1205 2981 1296 3034 τοῦ
1321 2983 1570 3034 Λιπενέου
1621 2981 1817 3052 ἤλαυνε

238 3080 420 3142 (τοῦτο
460 3077 518 3129 δὲ
553 3075 822 3144 πολίχνιόν
879 3091 932 3125 τι
970 3073 1162 3142 μικρὸν
1207 3076 1333 3143 περὶ
1376 3074 1501 3134 τοὺς
1545 3070 1820 3140 πρόποδας

234 3172 321 3224 rufi
351 3169 535 3234 Ζνγοῦ
564 3167 658 3222 τοῦ
707 3165 1038 3235 διαιροῦντος
1079 3165 1176 3237 τὴν
1217 3167 1524 3233 Δαλματίαν
1571 3165 1678 3216 ἀπὸ
1724 3165 1821 3234 τῆς

235 3265 530 3332 ἡμεδαπῆς
587 3261 832 3332 χώρας),
889 3261 973 3328 ἐφ’
1150 3259 1226 3326 τῷ
1277 3259 1530 3328 Βολκάνῳ
1576 3261 1623 3310 εί
1669 3257 1821 3326 τύχοι

237 3350 702 3415 ἁλτικαταστῆσαι
733 3348 778 3379 ⁸⁸
832 3348 1068 3413 πόλεμον
1129 3347 1362 3413 συνάψαι
1401 3347 1697 3415 καρτερὸν,
1725 3343 1820 3398 καὶ

235 3447 282 3496 εἰ
307 3445 414 3514 τὴν
447 3443 610 3510 νίκην
639 3441 754 3506 δοίη
785 3437 934 3507 αὐτῷ
965 3437 1116 3500 Θεὸς,
1147 3439 1206 3490 τό
1230 3457 1286 3490 τε
1316 3441 1566 3490 Λιπένιον
1594 3438 1706 3506 (7m
1730 3438 1822 3491 καὶ

241 3538 301 3588 τὰ
325 3534 499 3586 λοιπὰ
529 3531 743 3586 ἅπαντα
768 3533 1044 3600 ἀνεγεῖραι
1073 3531 1164 3582 καὶ
1194 3534 1273 3593 είς
1299 3529 1360 3583 τὸ
1387 3531 1652 3600 πρότερον
1692 3531 1824 3583 ἀπο-

241 3626 583 3693 καταστῆσαι
618 3624 823 3692 σχῆμα.
877 3623 936 3675 ⁸0
967 3623 1023 3675 δὲ
1070 3623 1336 3684 Βολκάνος
1373 3622 1471 3692 τὴν
1519 3622 1614 3675 τοῦ
1660 3622 1823 3675 αὑτο-

239 3722 508 3789 κρατορος
539 3714 873 3784 μεμαθηκὼς
903 3714 1132 3778 ἐλευσιν,
1166 3715 1384 3781 ἀπάρας
1412 3715 1621 3766 ἐκεῖθεν
1654 3731 1821 3766 κατα-

239 3811 510 3862 λαυὸἀνει
551 3807 611 3860 τὸ
643 3807 1026 3872 Σφεντζάνιονο
1062 3805 1331 3874 πολίχνιον
1357 3804 1412 3856 δὲ
1433 3805 1590 3857 τοῦτο
1616 3803 1823 3856 ἄνωθεν

240 3902 329 3954 τοῦ
379 3901 484 3972 ἤδη
525 3896 782 3970 ῥηθέντος
827 3897 999 3963 Ζυγοῦ
1025 3895 1368 3963 διακείμενον
1409 3895 1466 3946 ὲν
1513 3895 1824 3963 μεσαιχ;)ίῳ

239 3995 341 4046 τῶν
374 4009 432 4045 τε
482 3989 811 4059 Ῥωμαῖκῶν
855 3989 1018 4057 ὁρίων
1067 3991 1160 4038 καὶ
1207 3986 1306 4054 τῆς
1358 3985 1694 4054 Δαλματίας.
1733 3986 1823 4037 Ὀ·-

241 4085 450 4154 πηνίκα
505 4084 561 4136 δὲ
615 4081 682 4135 τὰ
737 4081 945 4132 Σκόπια
997 4081 1025 4131 6
1067 4062 1427 4148 αὑτοκράτῶρ
1478 4078 1819 4146 κατειλήφει,

241 4174 573 4235 ἀποστείλας
619 4177 646 4225 6
687 4172 954 4234 Βολκανος
1004 4169 1264 4222 διετίθετο
1308 4171 1374 4222 τὰ
1409 4171 1538 4240 περὶ
1576 4175 1820 4242 εἰρήνης,

241 4269 330 4320 καὶ
363 4266 564 4319 ἑαυτὸν
611 4266 725 4334 ἅμα
756 4263 848 4332 τῆ;
899 4261 1080 4324 αἰτίας
1129 4263 1238 4314 τῶν
1283 4263 1470 4324 κακῶς
1518 4265 1822 4332 γεγονότων

240 4357 502 4412 ἀπολύων
552 4357 646 4409 καὶ
709 4353 770 4407 τὸ
828 4355 1000 4407 αῐτιον
1033 4354 1154 4406 ὅλον
1203 4357 1311 4415 τοῖς
1363 4356 1671 4424 σατράπαις
1716 4356 1824 4409 τῶν

251 4449 547 4520 Ῥωμαίων
578 4447 873 4510 ἀνατιθεὶς,
909 4447 1083 4512 λέγων
1112 4447 1188 4509 ὡς
1222 4451 1418 4502 ἐκεῖνοι
1451 4453 1561 4509 τοῖς
1603 4450 1823 4513 οἰκείοις

243 4541 390 4610 ὅροις
424 4541 504 4610 μὴ
552 4537 812 4609 ἐμμένειν
846 4537 1163 4608 βουλόμενοι
1208 4538 1500 4609 διαφόρους
1549 4540 1821 4609 ἐκδρομὰς

242 4633 563 4702 ποιούμενοι
602 4631 662 4683 οὗ
697 4630 899 4700 μικρὰν
940 4631 1038 4699 τὴν
1071 4629 1277 4702 βλάϐην
1303 4633 1368 4700 τῇ
1405 4631 1607 4702 Σερσίᾳ
1645 4647 1820 4701 προσ-

243 4729 404 4800 ἧξαν.
456 4723 598 4792 Ἐγὼ
651 4724 708 4776 δὲ
755 4724 854 4776 οὐκ
899 4721 980 4774 ἔτι
1043 4723 1282 4775 τοιοῦτον
1323 4723 1416 4776 τοῦ
1465 4723 1655 4776 λοιποῦ
1711 4724 1828 4777 δια-

245 4820 563 4889 πράξομαι,
613 4815 728 4868 ἀλλ’
771 4814 1192 4884 ἐπαναστρέψας
1249 4815 1339 4866 καὶ
1387 4816 1627 4884 ὁμήρους
1684 4817 1822 4868 ἀπο.

246 4911 421 4964 στελῶ
445 4909 553 4960 τῶν
586 4907 734 4976 ὲμῶν
769 4905 1048 4973 συγγενῶν
1082 4907 1148 4974 τῇ
1183 4908 1246 4975 σῇ
1282 4905 1559 4977 βασιλείᾳο
1595 4908 1825 4959 καὶτῶν

243 5003 466 5056 οἰκείων
492 5001 633 5070 ὅρων
663 5000 763 5067 οὐχ
791 4997 1194 5067 ὑπερϐήσομαι.
1231 4999 1370 5063 Πρὸς
1398 4998 1569 5051 ταῦτα
1604 5000 1632 5051 6
1667 4999 1824 5066 βασι-

245 5095 370 5152 λεῦς
403 5093 721 5145 κατένευσε.
755 5090 864 5141 Καὶ
886 5088 1216 5158 καταλείψας
1249 5091 1425 5142 ἐκεῖσε
1453 5092 1576 5151 τοὺς
1602 5091 1825 5159 μέλλον-

246 5203 342 5250 τας
370 5188 466 5248 τας
513 5181 875 5254 ἔριπωθείσας
907 5181 1092 5242 πόλεις
1132 5182 1409 5250 ἀνεγεῖραι
1452 5183 1544 5235 καὶ
1575 5185 1818 5254 ὁμήρους

249 5277 640 5342 ἀναλαϐέσθαι,
681 5273 817 5344 πρὸς
844 5271 942 5344 τὴν
987 5273 1380 5344 βασιλεύουσαν
1434 5275 1816 5339 ὲπανέζευξενο

1925 1879 2089 1932 etiam
2139 1894 2319 1933 rerum
2352 1881 2549 1948 quibus
2583 1895 2825 1948 przesens
2879 1896 2999 1935 cum
3032 1889 3349 1949 gererentur
3391 1896 3498 1933 non

1924 1973 2207 2039 intererat,
2241 1973 2661 2026 sollicitudinem
2717 1971 2858 2026 haud
2895 1973 3160 2024 minorem
3196 1971 3498 2023 sustinebat

1925 2065 2176 2135 absens),
2209 2066 2261 2120 in
2297 2067 2460 2120 aliam
2491 2067 2751 2118 continuo
2784 2065 2957 2118 nihilo
3007 2064 3262 2117 leviorem
3288 2061 3499 2115 incidit.

1925 2158 2195 2213 Bolcanns
2224 2159 2442 2226 quidem
2477 2158 2558 2210 vir
2592 2157 2770 2210 audax
2797 2165 2851 2210 et
2899 2165 3154 2209 strenuus
3193 2154 3502 2207 Dalmatia:-

1924 2267 2029 2319 que
2057 2265 2187 2319 opes
2221 2265 2282 2304 ac
2317 2251 2579 2303 ditionem
2642 2249 2948 2302 universam
2981 2246 3206 2300 arbitrio
3237 2260 3336 2298 suo
3366 2255 3502 2298 tem-

1925 2359 2142 2412 perans.
2180 2345 2353 2395 altero
2383 2340 2598 2395 evointo
2631 2355 2777 2393 anno
2809 2354 2835 2391 a
2870 2337 3093 2392 victoria
3133 2335 3498 2388 Romanorum

1925 2436 2180 2504 Scythica
2211 2449 2242 2487 e
2273 2435 2386 2486 suis
2418 2433 2619 2487 finibus
2648 2447 2945 2500 erumpens
2975 2428 3292 2496 obiacentes
3323 2426 3498 2482 nostri

1924 2529 2116 2581 limitis
2168 2529 2329 2581 nrbes
2363 2535 2418 2580 et
2468 2525 2715 2596 regiones
2752 2539 2870 2576 cum
2908 2537 3002 2590 per
3052 2537 3180 2576 suos
3227 2520 3502 2573 immissos

1925 2619 2332 2674 incursionibus
2398 2617 2628 2670 habebat
2681 2615 2842 2686 252
2898 2614 3164 2678 infestas,
3223 2620 3333 2665 tum
3389 2611 3502 2678 ipse

1925 2713 2209 2778 Lipenium
2264 2711 2523 2764 invadens
2560 2708 2832 2762 hostiliter
2865 2706 3246 2761 succenderet.
3294 2703 3367 2755 Ea
3407 2715 3498 2753 ne»

1924 2821 2192 2875 quaquam
2228 2803 2529 2856 tolerabilia
2557 2803 2850 2869 imperator
2879 2807 3159 2866 reputans,
3189 2803 3498 2847 contractas

1923 2900 2176 2952 celeriter
2207 2897 2430 2965 idoneas
2457 2893 2642 2962 copias
2675 2891 2960 2946 confestim
2993 2904 3088 2958 per
3113 2887 3314 2941 Serbos
3351 2897 3499 2937 ret-ta

1923 2991 2212 3057 Lipenium
2247 2989 2398 3042 ducit
2432 2985 2762 3058 (oppidulum
2795 2983 2846 3036 id
2879 2994 2959 3035 est
2991 2982 3056 3035 ad
3098 2980 3309 3033 radices
3335 2977 3498 3030 situm

1923 3081 2046 3152 Jugi
2080 3081 2386 3135 dirimentis
2439 3079 2787 3141 Dalmaticum
2837 3091 2864 3126 a
2921 3073 3162 3127 Romana
3216 3069 3498 3134 ditionem)

1925 3178 2105 3230 animo
2135 3171 2531 3233 committendi,
2567 3170 2610 3223 si
2651 3183 2748 3237 per
2778 3167 2985 3220 hostem
3024 3180 3130 3218 non
3164 3172 3355 3218 staret,
3387 3159 3500 3212 illic

1925 3263 2098 3332 praelii
2132 3280 2146 3315 :
2180 3277 2243 3314 ac
2277 3262 2319 3314 si
2352 3259 2638 3312 victoriam
2672 3257 2813 3310 Deus
2847 3262 3134 3315 annueret,
3167 3263 3276 3305 tum
3323 3251 3498 3320 ipsnnt

1926 3355 2231 3422 Lipenium,
2259 3363 2369 3408 tum
2423 3352 2526 3405 alia
2575 3350 2688 3403 loca
2721 3349 2971 3402 similiter
3000 3347 3220 3400 incensa
3270 3345 3324 3400 in
3359 3345 3501 3398 inte-

1925 3466 2078 3518 grum
2113 3445 2458 3501 restituendi.
2488 3445 2686 3498 Verum
2737 3441 3009 3495 Bolcanns
3056 3443 3289 3492 adventu
3331 3437 3502 3504 impe-

1925 3539 2123 3592 ratoris
2151 3537 2580 3606 Sphentzanittm
2610 3533 2732 3586 inde
2765 3546 2995 3585 movens
3031 3545 3088 3582 se
3120 3526 3496 3583 transtulerat.

1926 3631 2016 3685 Est
2045 3644 2107 3684 ea
2137 3642 2352 3696 quoque
2379 3641 2541 3695 parva
2569 3624 2783 3686 civitas,
2816 3638 2976 3690 supra
3008 3621 3057 3674 id
3091 3620 3232 3686 quod
3265 3617 3499 3672 dixinzus

1925 3719 2118 3785 Jugum
2155 3719 2352 3788 posita,
2385 3717 2437 3770 in
2467 3715 2600 3784 ipsis
2630 3713 2908 3767 Romaniae
2943 3709 3332 3777 Dalmatiaeque
3361 3721 3501 3759 con-

1926 3813 2089 3867 ilniis.
2154 3811 2450 3878 Progresso
2525 3819 2652 3860 vero
2694 3805 3026 3870 imperatore
3085 3801 3313 3852 ulterius
3376 3812 3497 3851 cum

1925 3904 2190 3967 exercitu,
2225 3901 2421 3968 Scopia
2474 3912 2669 3966 usque,
2705 3895 2886 3950 missis
2935 3895 3000 3947 ad
3059 3909 3180 3947 enm
3233 3890 3500 3944 Boleanus

1925 3999 2118 4068 legalis
2142 3997 2291 4064 pacis
2325 3991 2688 4064 impetranda:
2740 4005 2928 4051 causa.
2981 3987 3337 4042 deiectionem
3372 4001 3498 4055 pur-

1926 4092 2106 4162 gabat,
2144 4091 2353 4157 culpam
2409 4089 2526 4156 eius
2580 4088 2629 4139 in
2686 4085 2962 4138 llomanos
2993 4085 3156 4138 duces
3187 4080 3498 4142 conferens,

1925 4184 2014 4254 qui
2053 4181 2192 4235 ultra
2233 4195 2362 4236 suos
2395 4181 2532 4234 lines
2563 4176 2982 4232 excursionibus
3005 4174 3168 4226 variis
3200 4170 3499 4230 attentatis,

1925 4293 2032 4330 non
2061 4275 2242 4347 parvis
2273 4273 2516 4327 cladibus
2555 4269 2803 4326 Serbiam
2858 4267 3190 4322 allecisseut.
3249 4262 3496 4317 Addebat

1925 4384 1984 4424 se.
2019 4369 2151 4424 nihil
2180 4367 2360 4420 simile
2389 4365 2615 4431 posthac
2664 4377 2950 4422 ausurum,
2999 4360 3092 4413 sed
3121 4369 3176 4411 et
3210 4369 3498 4425 antequam

1855 4489 1898 4544 ο
1929 4461 2226 4522 recederet,
2261 4459 2314 4511 itt
2367 4453 2746 4525 promissionis
2799 4451 2956 4516 hujus
2986 4466 3096 4502 sua:
3131 4449 3344 4517 pignus,
3394 4462 3498 4514 qua

1926 4564 1986 4605 se
2013 4551 2152 4604 ultra
2177 4547 2377 4602 limites
2403 4543 2634 4612 amplius
2659 4556 2768 4595 non
2799 4552 3145 4610 egressurum
3176 4535 3500 4606 spondebat,

1923 4641 2140 4696 obsides
2217 4637 2530 4705 imperatori
2601 4634 2900 4688 missurum
2949 4629 3096 4683 viros
3146 4625 3434 4695 primarius
3470 4639 3500 4676 e

1926 4731 2401 4799 consanguinitate
2431 4741 2530 4781 sua
2580 4726 2775 4793 ipsius.
2808 4721 2905 4776 llis
2950 4721 3225 4788 Augustus
3273 4717 3498 4781 annuit;

1927 4824 2238 4891 relictisque
2290 4819 2418 4882 gillic
2487 4817 2577 4886 qui
2611 4817 2886 4869 destructa
2939 4811 3138 4880 oppida
3191 4809 3501 4872 reﬁcerent,

1927 4917 2250 4981 obsidesque
2277 4912 2610 4980 reciperent,
2663 4907 2780 4976 ipse
2831 4905 2882 4957 in
2937 4903 3127 4956 urbem
3161 4910 3240 4955 est
3294 4900 3499 4968 regiam

1929 5019 2197 5060 reversus.
2232 5006 2296 5058 At
2328 5001 2593 5055 Bolcanus
2619 5012 2741 5050 cum
2769 5003 3089 5063 peterentur
3118 4989 3337 5044 obsides
3360 4991 3500 5043 diem

1926 5111 1957 5150 e
1991 5096 2078 5149 die
2124 5096 2346 5157 ducens,
2409 5092 2571 5146 variis
2619 5087 3083 5142 ludiﬁcationibus
3135 5083 3503 5138 frustrabatur

1929 5195 2164 5241 nostros.
2230 5185 2413 5240 Donec
2477 5183 2691 5237 tandem
2763 5187 2888 5232 ante
2935 5189 3138 5230 annum
3205 5184 3499 5229 vertentem

1925 5291 2182 5345 egressus
2230 5291 2260 5330 e
2315 5275 2428 5330 suis
2469 5273 2666 5329 ﬁnibus
2705 5287 2827 5327 cum
2887 5268 3131 5324 exercitu
3189 5264 3492 5321 Βοιητιιιυιιη

1335 5391 1534 5453 Variae
1565 5392 1870 5456 lectiones
1915 5412 1994 5459 ex
2038 5396 2180 5459 eod.
2209 5393 2478 5458 Coislin.

328 5493 372 5524 ⁸⁸
404 5493 621 5563 τύχοιεν
668 5493 1160 5564 ἀντικαταστῆναι.

1331 5580 1467 5640 Car.
1506 5579 1966 5663 Dufresnii‘Du
2000 5579 2222 5660 Cangii
2251 5588 2441 5641 notae.

327 5686 437 5758 (72)
465 5689 768 5747 Λιπένιον.
813 5691 1053 5746 Meminit
1084 5689 1242 5760 hujus
1268 5686 1369 5742 loci
1401 5685 1678 5758 Scylitzes.
