3970 6200
285 251 318 311 Ε
333 249 398 310 77
1542 253 1580 308 Α
1594 253 1738 310 LEX
1755 255 1765 308 i
1780 253 1871 310 AD

1989 253 2136 310 LIB.
2177 249 2286 314 IX.
3451 263 3556 323 ιτς

285 358 520 424 siliaque
547 355 783 410 salubria
816 357 1015 424 quietis
1060 357 1375 410 adatnaud-e
1412 355 1608 423 dabat;
1654 369 1707 411 et
1758 373 1865 426 quo
1903 358 2192 413 clariorem
2226 361 2282 412 in
2328 359 2446 414 dies
2481 361 2903 426 conspirationis
2966 365 3182 420 illorum
3245 380 3435 424 contra
3507 390 3566 426 se

292 453 542 504 notitiam
576 453 997 520 assequebatur,
1026 467 1090 505 eo
1135 467 1257 506 cum
1327 451 1408 506 eis
1469 453 1834 506 contidentius
1882 464 1935 506 et
1978 455 2256 509 liberalius
2283 458 2496 524 agebat,
2529 459 2610 512 sic
2642 459 2910 514 demereri
2944 464 3158 520 animos
3206 466 3446 530 ipsorum
3479 470 3562 524 si-

283 545 451 612 bique
481 543 774 598 conciliare
805 548 1045 598 studens.
1077 545 1179 600 Sed
1207 543 1523 614 Ethiopetn
1553 556 1610 597 ut
1639 547 1864 599 multum
1907 547 2106 601 laveris
2141 549 2281 602 baud
2314 551 2494 602 album
2551 551 2742 607 facias.
2793 554 2924 608 Erat
2991 573 3206 628 semper
3234 608 3243 619 ,
3277 563 3414 615 idem
3473 563 3566 619 Ni-

283 642 580 707 ccpborns,
661 652 760 691 nec
794 639 984 690 vitium
1061 638 1112 689 itt
1165 654 1224 691 se
1275 654 1429 691 suum
1479 638 1778 700 eohibens,
1840 638 1945 692 late
1988 641 2318 708 propagabat
2379 646 2760 711 contagionem
2808 652 3096 715 quamdam
3145 656 3458 710 rebellionis
3508 660 3562 712 in

284 748 642 800 quoscunque
676 736 984 786 accederet.
1008 734 1142 785 alios
1179 733 1462 800 promissis
1497 734 1854 801 simplicibus,
1932 733 2065 787 alios
2141 735 2556 803 interpositione
2614 739 3046 808 juratneutorum
3096 747 3196 798 sibi
3246 749 3563 816 adjungens,

285 830 362 879 At:
397 829 448 876 itt
487 826 833 877 multitudine
860 823 1072 892 quidem
1107 824 1322 876 militari
1352 833 1405 876 ct
1440 839 1667 893 corpore
1735 826 2010 879 exercitus
2035 827 2149 880 suis
2186 829 2434 894 partibus
2463 833 2782 895 asserendo,
2857 850 2961 887 non
3033 838 3260 890 multum
3348 845 3567 904 putabat

285 919 668 972 laborandum.
701 915 818 969 Jam
858 920 1002 971 enim
1035 918 1175 970 haud
1205 919 1362 971 dubie
1387 934 1577 970 omnes
1609 920 1661 972 in
1683 920 1865 987 ipsum
1911 921 2339 987 propendcbant.
2391 921 2446 975 In
2492 939 2556 976 eo
2587 933 2729 977 totus
2761 936 2879 979 erat
2907 939 2963 979 ttt
3047 943 3329 996 magnates
3399 933 3568 1000 ipsos,

287 1021 399 1064 tam
435 1011 522 1076 qui
562 1009 913 1076 dignitatibus
950 1010 1276 1063 militaribus
1325 1009 1380 1062 in
1420 1012 1615 1064 castris
1645 1013 1978 1075 eminebant,
2052 1028 2214 1081 quam
2283 1015 2374 1080 qui
2449 1019 2804 1085 magistratus
2852 1021 3222 1088 amplissimos
3273 1024 3326 1076 in
3405 1041 3568 1093 repu-

288 1107 428 1159 blica
471 1118 722 1172 gererent
762 1115 814 1158 et
869 1107 1128 1158 eximium
1180 1108 1518 1160 auctoritatis
1568 1107 1618 1158 itt
1670 1117 1859 1157 senatu
1903 1105 2076 1157 locum
2118 1108 2448 1172 obtinerent,
2499 1112 2601 1162 sibi
2639 1111 2787 1164 omni
2875 1127 3003 1166 cura
3059 1117 3434 1172 demereretur
3503 1137 3567 1178 ac

289 1203 613 1256 devinciret.
646 1202 785 1269 Ergo
815 1218 909 1255 eos
944 1202 1148 1255 nullum
1182 1202 1340 1255 ﬁnem
1376 1201 1665 1270 prensandi
1701 1199 1955 1255 faciebat.
1993 1201 2055 1253 Et
2087 1202 2320 1255 habebat
2391 1212 2624 1256 mentem
2696 1207 2990 1260 acutiorem
3077 1212 3298 1276 ancipiti
3367 1216 3568 1282 gladio,

289 1300 384 1351 sed
423 1299 660 1350 instabili
693 1314 912 1366 semper
953 1297 1171 1350 levitate
1216 1298 1479 1350 volitabat
1514 1315 1526 1349 :
1562 1297 1762 1349 nullam
1793 1296 1859 1347 ad
1902 1295 2062 1348 aliam
2097 1296 2211 1351 fere
2234 1299 2616 1365 cogitationem
2655 1315 2775 1353 cum

298 1393 510 1460 pellens
546 1395 1200 1460 animmn,pr:£terquatn
1232 1394 1296 1444 ad
1376 1389 1725 1444 ambitionem
1792 1391 2117 1456 occupandtc
2175 1395 2498 1461 tyrannidis.
2593 1393 2762 1447 llomo
2819 1405 2938 1447 erat
3013 1413 3264 1453 sermone
3314 1401 3568 1474 blandus,

285 1486 683 1539 consuetudine
705 1485 878 1536 contis
911 1484 1187 1538 modestia:
1213 1499 1270 1536 se
1296 1484 1612 1552 plerumque
1637 1481 1866 1548 quadam
1904 1481 2102 1547 specie,
2150 1493 2406 1551 tanquam
2462 1485 2599 1552 pelle,
2651 1487 2864 1552 vnlpina
2935 1486 3216 1554 obtegens,
3304 1494 3396 1545 sed
3458 1511 3564 1550 non

286 1591 415 1631 raro
445 1579 494 1629 in
519 1575 894 1629 occasionibus
919 1575 1343 1629 excandescendi
1413 1589 1530 1627 sese
1611 1569 1936 1626 exercebant
2003 1571 2172 1625 leonis
2231 1589 2436 1641 ungues
2485 1584 2539 1626 et
2595 1577 2794 1630 rabies.
2838 1575 3023 1629 Robur
3077 1589 3195 1630 erat
3259 1580 3396 1635 fasto
3449 1589 3564 1650 pari

283 1671 660 1736 c0njuncntm,
695 1669 897 1735 quibus
930 1683 989 1720 se
1021 1668 1223 1734 giganti
1256 1666 1543 1736 quantovis
1569 1681 1752 1734 parem
1806 1665 1856 1716 in
1898 1664 2269 1729 belligerando
2297 1666 2648 1735 gloriabatur.
2681 1668 2947 1724 Tritieeus
3017 1672 3164 1724 eolor
3198 1676 3328 1735 oris,
3395 1676 3560 1730 latum

283 1779 513 1833 peetus;
549 1764 673 1816 totis
699 1764 939 1816 bmneris
974 1763 1248 1815 eminebat
1281 1777 1440 1824 supra
1469 1771 1730 1814 staturam
1769 1775 1957 1812 eorum
1994 1760 2085 1829 qui
2140 1769 2279 1814 tunc
2345 1771 2501 1816 erant
2558 1763 2856 1818 hominum.
2930 1763 3102 1819 Porro
3148 1766 3261 1820 sive
3327 1769 3428 1833 pila
3485 1768 3564 1819 ltt-

284 1861 462 1920 deret,
500 1872 594 1909 seu
629 1871 826 1924 equum
860 1856 1168 1921 domitaret,
1219 1872 1312 1910 seu
1367 1856 1609 1925 jaculnm
1643 1857 1928 1924 expediret
1967 1855 2020 1909 itt
2061 1871 2308 1926 scopum,
2364 1873 2460 1910 seu
2519 1858 2731 1911 hastam
2787 1869 3059 1928 quateret,
3112 1877 3206 1912 seu
3259 1864 3552 1916 simulacra

284 1956 460 2009 cieret
522 1951 794 2019 eqneStris
843 1967 1057 2021 pagum,
1091 1951 1436 2006 admirationi
1502 1953 1874 2021 spectantibus
1912 1961 2051 2016 erat,
2090 1953 2223 2006 nibil
2254 1954 2353 2006 nisi
2391 1954 2542 2007 hiare
2579 1969 2641 2007 ac
2712 1965 2932 2023 stupere
3021 1957 3342 2012 valentibus.
3393 1960 3561 2028 258

290 2047 373 2102 Ea
409 2065 496 2102 res
527 2048 926 2102 incredibiliter
948 2048 1117 2100 valuit
1154 2049 1217 2100 ad
1254 2047 1488 2102 favorem
1517 2047 1876 2101 multitudinis
1915 2049 2016 2116 ipsi
2075 2049 2500 2102 conciliandam.
2558 2048 2666 2103 Nec
2727 2049 2895 2117 plebis
2953 2051 3110 2103 modo
3202 2053 3313 2106 bzec
3380 2055 3557 2106 studia

283 2152 487 2206 erant;
529 2142 796 2210 siquidem
832 2139 1060 2194 Michael
1089 2139 1348 2194 Taronita
1420 2157 1578 2209 quem
1643 2141 1940 2210 imperator
1980 2141 2464 2210 panhypersebasti
2530 2141 2792 2209 dignitate
2853 2151 3104 2194 ornatmn
3157 2159 3184 2193 a
3227 2160 3283 2197 se
3339 2145 3555 2211 propria

287 2235 393 2302 ipsi
427 2250 615 2287 sorore
649 2233 699 2285 in
748 2232 1157 2285 matrimonium
1191 2232 1366 2283 danda
1419 2233 1729 2286 dcvinxisse
1769 2232 1869 2284 sibi
1912 2230 2221 2284 arctissime
2269 2230 2572 2294 videbatur,
2623 2232 2707 2284 bis
2761 2232 2860 2284 viri
2943 2233 3162 2285 dotibus
3246 2233 3563 2301 artibusque

285 2327 552 2396 pellectus
599 2325 717 2392 ejus
771 2334 954 2394 partes
1023 2323 1337 2378 domesticis
1391 2323 1671 2378 affectibus
1729 2323 1988 2390 prtetulit.

345 2465 349 2468 .
397 2417 520 2468 me
553 2417 892 2468 ὲπανακτέον
923 2414 1014 2468 τὸν
1058 2415 1214 2484 λόγον
1252 2415 1403 2477 αὖθις
1433 2416 1554 2469 ὅθεν
1591 2414 1865 2485 ἀπερρύη,

2045 2413 2115 2468 Ut
2148 2413 2311 2482 igitur
2341 2429 2406 2468 eo
2441 2415 2732 2470 reducatur
2769 2402 2911 2470 unde
2937 2416 3180 2486 digressa
3215 2423 3392 2476 oratio
3435 2435 3542 2489 est,

2879 1301 3054 1370 aliqua
3106 1311 3407 1360 conmantia
3477 1327 3571 1377 ap-
3644 1337 3651 1344 ~

290 2509 393 2562 καὶ
427 2507 550 2560 καθ’
585 2507 774 2576 εἱρμδν
814 2507 1001 2560 ἑκτέον
1044 2508 1142 2576 τῆς
1189 2508 1514 2576 διηγήσεως.
1560 2507 1617 2560 Ὀ
1653 2508 1751 2578 μὲν
1782 2503 1876 2560 οὖν

290 2600 685 2669 αὐτοκράτωρ,
722 2601 836 2660 τοῖς
878 2598 1162 2668 λογισμοῖς
1219 2601 1534 2669 ἀνατρέχων
1593 2597 1650 2662 ἐξ
1703 2591 1875 2668 οὗπερ

287 2689 393 2762 τὴν
422 2691 548 2744 καθ’
578 2689 772 2742 ἑαυτοῦ
813 2688 904 2742 τοῦ
937 2689 1224 2756 Διογένους
1266 2690 1501 2760 μελέτην
1541 2689 1872 2755 ἀνέγνωκεν,

290 2785 390 2837 καὶ
431 2785 580 2844 ὅπως
627 2780 688 2846 ἐξ
725 2781 899 2853 ἀρχῆς
938 2781 1106 2848 αὐτῆς
1153 2781 1254 2849 τῆς
1301 2781 1464 2832 αὐτοῦ
1517 2782 1878 2853 ἀναρρήσεως

292 2876 501 2943 ἀμφοῖν
531 2874 803 2943 ἐχρήσατο
831 2875 946 2925 τοῖν
976 2871 1249 2939 ἀδελφοῖν,
1293 2872 1498 2938 ὁπόσης
1529 2889 1587 2924 τε
1617 2871 1875 2943 φιλοφρο-

295 2968 466 3035 σύνης
503 2967 599 3018 καὶ
647 2964 973 3033 κηδεμονίας
1019 2963 1110 3016 ἐπὶ
1149 2964 1427 3026 τοσούτοις
1461 2963 1636 3017 ἔτεσιν
1675 2964 1874 3025 αὐτοὺς

295 3058 451 3126 ἠξίου
483 3057 590 3109 κᾶν
613 3055 768 3108 οὐδὲν
799 3054 1003 3107 τούτων
1032 3053 1129 3124 τὴν
1164 3053 1256 3107 τοῦ
1295 3054 1612 3125 Νικηφόρον
1645 3055 1873 3125 γνώμην

295 3152 389 3204 ἐπὶ
430 3150 491 3202 τὸ
555 3149 764 3217 βέλτιον
825 3147 1245 3217 μετηλλοῖωσεν,
1296 3149 1374 3208 εἰς
1423 3147 1737 3216 ἀμηχανίαν
1785 3151 1874 3201 ὲν-

299 3245 552 3293 έπιπτεν.
577 3233 852 3308 Ταῦτζοῦν
874 3240 900 3291 6
928 3237 1182 3308 βασιλεὺς
1207 3237 1662 3308 ἀναλογιζόμενος
1692 3239 1872 3293 πάντα

292 3336 390 3387 καί
433 3335 583 3394 ὅπως
640 3331 779 3401 μετὰ
829 3329 888 3383 τὸ
943 3329 1214 3398 σφαλῆναι
1268 3328 1440 3392 αὖθις
1476 3329 1675 3400 εἰσῄει,
1723 3329 1871 3393 ὅπως

293 3424 528 3492 ἁπώσθη
581 3424 732 3492 παρὰ
776 3421 869 3474 τοῦ
915 3423 1173 3474 Τατικίου
1225 3423 1319 3473 καὶ
1359 3419 1522 3488 γνοὺς
1542 3421 1586 3452 ⁸⁸
1623 3421 1772 3482 ὅπως
1810 3420 1872 3472 τὸ

295 3514 600 3584 φονουργον
632 3513 871 3582 σιδήριον
904 3513 1085 3582 θήγων
1112 3511 1234 3564 κατ’
1253 3509 1440 3575 αὐτοῦ,
1467 3509 1695 3580 αἵμασιν
1716 3510 1869 3562 ἀναι-

292 3607 428 3667 τίοις
458 3605 678 3656 σπεύδει
721 3604 919 3673 χρὰναι
968 3604 1065 3666 τὰς
1113 3605 1321 3674 χεῖρας,
1365 3601 1456 3655 καὶ
1495 3604 1522 3655 ὁ
1561 3602 1701 3665 τέως
1744 3604 1872 3670 ἑφε-

293 3697 502 3766 δρενῖων
561 3697 656 3748 καὶ
709 3695 900 3758 νυκτὸς
955 3694 1045 3748 τὸν
1099 3695 1258 3762 φόνον
1323 3693 1598 3764 ἐπιτηρῶν
1650 3694 1869 3748 τελέσαι

296 3787 786 3855 ἀπαρακαλύπτως
843 3785 1031 3839 τοῦτον
1082 3787 1181 3858 ἤδη
1245 3787 1600 3847 ὲπισπεύδει,
1653 3785 1871 3846 πολλοῖς

297 3879 628 3948 ἑ›;υμαὶνετο
657 3879 958 3947 λογισμοῖς.
1001 3878 1196 3930 Ἤθελε
1240 3878 1340 3947 μὲν
1365 3876 1458 3928 οὖν
1497 3875 1748 3945 οὐδαμῶς
1779 3877 1870 3928 τὸν

297 3973 559 4041 Διογένην
595 3970 1016 4040 μετελεύσεσθαι
1046 3970 1112 4022 δι’
1137 3968 1195 4022 ὃν
1217 3969 1354 4038 πρὸς
1384 3969 1547 4021 αὑτὸν
1581 3968 1870 4038 ἐγκάρδιον

296 4067 564 4131 ἐκέκτητο
607 4063 792 4125 πόθον,
828 4063 1028 4131 ἐξόχως
1063 4059 1152 4112 τὸν
1208 4059 1375 4130 ἄνδρα
1426 4060 1617 4128 φιλῶν.
1661 4058 1866 4124 ’Λπαξ-

292 4157 482 4218 οἱπλῶς
528 4157 585 4208 δὲ
639 4154 852 4207 ἅπαντα
906 4152 1139 4206 συνελὼν
1169 4153 1274 4220 ὅπη
1315 4169 1372 4203 τε
1431 4151 1766 4222 προϐήσεται
1809 4149 1869 4202 τὸ

293 4248 467 4300 δεινὸν
497 4247 714 4308 ἐννοῶν,
762 4247 882 4296 ἐπεὶ
911 4246 1002 4296 τὸν
1047 4243 1178 4315 περὶ
1222 4244 1402 4314 ψυχῆς
1445 4244 1691 4296 κίνδυνον
1719 4241 1869 4312 αὐτῷ

297 4341 662 4407 ἐφιστάμενον
699 4338 840 4403 ἔγνω
872 4336 1169 4406 πλήττεται
1212 4337 1311 4402 τὴν
1357 4335 1606 4402 καρδίαν.
1643 4335 1755 4386 Καὶ
1789 4335 1868 4396 εις

296 4433 351 4482 ἓν
394 4434 454 4482 τὸ
495 4431 602 4481 πᾶν
645 4427 989 4494 συναγαγὼν,
1036 4426 1146 4477 δεῖν
1191 4427 1404 4496 ἔκρινεν
1441 4428 1737 4494 κατασχεῖν
1779 4424 1870 4476 τὸν

297 4525 629 4592 Νικηφόρονο
671 4521 900 4582 Ἐκεῖνος
931 4519 986 4572 δὲ
1020 4517 1108 4570 τὸν
1133 4519 1507 4587 μελετώμενον
1531 4517 1870 4570 ἐπισπεύδων

297 4615 540 4685 ῖρχσμὺν
573 4613 665 4665 καὶ
702 4612 1024 4681 βονλόμενος
1058 4610 1252 4671 νυκτὸς
1284 4612 1381 4678 τῆς
1425 4609 1560 4678 πρὸς
1604 4609 1871 4676 Χριστου⁴

300 4709 510 4769 πόλεως
540 4705 813 4774 φερούσης
858 4703 1124 4771 ἅψασθαι,
1160 4703 1398 4770 ἑσπέρας
1435 4699 1760 4761 ἀποστείλας
1791 4699 1870 4760 εἰς

298 4803 390 4853 τὸν
415 4797 934 4870 Πορφυρογέννητον
963 4796 1372 4847 Κωνσταντῖνον
1409 4794 1501 4844 τον
1535 4790 1756 4843 δοθέντα
1780 4788 1874 4841 αὖ·

296 4893 376 4961 ’τῷ
409 4892 556 4960 παρὰ
587 4888 679 4941 τοῦ
719 4888 985 4957 βασιλέως
1017 4885 1353 4956 ταχυδρόμον
1397 4884 1562 4937 ἵππον
1583 4885 1796 4953 ῂττείτο
1827 4880 1871 4910 "'

298 4983 743 5054 ἀπῖχαρέσασθαί
789 4982 857 5033 οἱ.
905 4980 964 5033 Ὀ
1025 4979 1081 5032 δὲ
1137 4979 1232 5030 καὶ
1279 4979 1324 5009 ⁸⁸
1363 4980 1640 5038 ἀνένευσε,
1697 4974 1870 5042 λέγων

305 5077 379 5146 μὴ
428 5073 692 5126 δύνασθαι
741 5072 912 5140 δῶρον
951 5069 1189 5122 τοιοῦτον
1232 5068 1542 5138 αὐθήμερον
1587 5065 1678 5117 τοῦ
1718 5065 1871 5134 βασι-

300 5170 435 5228 λέως
473 5164 935 5233 ἀποποιήσασθαι.
991 5161 1141 5212 Ἐπεὶ
1187 5159 1243 5212 δὲ
1293 5159 1504 5229 πρωῖας
1548 5159 1575 5210 6
1620 5155 1870 5226 βασιλεὺς

299 5260 397 5324 τῆς
427 5256 797 5326 προκειμένης
824 5253 948 5306 ὁδοῦ
980 5254 1178 5324 ἥψατο,
1216 5253 1500 5305 συνείπετο
1521 5250 1696 5318 τούτῳ
1727 5250 1817 5300 καὶ
1843 5249 1869 5297 6

299 5349 581 5415 Διογένης,
608 5344 701 5396 τοῦ
727 5344 1166 5407 διασκεδάζοντος
1202 5343 1415 5414 βουλὰς,
1446 5340 1542 5394 καὶ
1573 5338 1866 5407 λογισμοὺς

300 5438 621 5500 ἁθετοῦντος
655 5435 800 5488 λαῶν
839 5435 972 5488 Θεοῦ
1008 5436 1195 5489 τοῦτον
1241 5435 1566 5505 σφήλαντος,
1590 5452 1868 5506 γνωσιμα-

1979 2507 2260 2574 scriesqtte
2316 2507 2558 2560 historirc
2589 2510 2863 2572 reddatur,
2896 2510 3112 2576 collegit
3161 2527 3220 2566 se
3263 2513 3562 2582 imperator

1980 2599 2064 2652 his
2095 2614 2214 2668 qua:
2251 2600 2536 2653 retulimus
2570 2601 2884 2668 compertis,
2935 2614 2987 2656 et
3026 2619 3089 2656 ex
3129 2621 3231 2658 una
3278 2620 3432 2672 parte
3468 2626 3558 2664 re-

1980 2701 2182 2757 putans
2213 2706 2375 2760 quatn
2409 2690 2668 2744 benevole
2695 2707 2753 2744 se
2793 2707 2820 2744 a
2849 2693 3118 2762 principio
3156 2713 3427 2764 quamque
3475 2702 3558 2754 in-

1977 2781 2261 2848 dulgenter
2285 2797 2348 2835 ac
2380 2789 2606 2850 paterne
2637 2781 2825 2835 ambos
2855 2784 2904 2834 in
2939 2783 3139 2838 fratres
3167 2789 3446 2853 gessisset,
3479 2799 3557 2845 tot

1979 2869 2140 2921 annis
2179 2867 2522 2922 familiariter
2575 2867 2698 2921 illos
2744 2869 3031 2935 adhibens,
3073 2876 3557 2944 amantissitneqne

1975 2961 2121 3026 ipsos
2162 2975 2385 3024 curans,
2426 2975 2587 3028 quam
2627 2959 2759 3014 nihil
2815 2971 2992 3014 tamen
3052 2962 3154 3016 ista
3199 2965 3557 3032 profecissent

1975 3051 2040 3105 ad
2071 3051 2434 3106 deliniendum
2486 3051 2643 3120 hujus
2677 3051 2917 3106 anintum
2970 3051 3278 3122 Nicephori,
3329 3059 3555 3113 iteratas

1977 3143 2244 3207 insidias,
2303 3143 2808 3214 depreltensamque
2865 3155 3182 3200 nocturnam
3251 3149 3455 3215 sicam,
3498 3162 3556 3206 et

1972 3237 2262 3305 disjectum
2297 3236 2492 3292 Tatieii
2540 3253 2768 3292 occursu
2819 3239 3230 3307 sanguinarium
3280 3242 3549 3311 inceptum

1972 3331 2345 3398 expeditorum
2397 3331 2464 3383 ad
2515 3330 2864 3398 parricidium
2899 3345 3178 3392 manuum,
3240 3347 3304 3386 eo
3362 3336 3552 3401 majori

1975 3421 2160 3474 dolore
2191 3435 2288 3473 suo
2320 3420 2724 3481 recordabatur,
2751 3433 2858 3486 quo
2887 3419 3068 3472 minus
3111 3417 3212 3471 sibi
3246 3430 3362 3472 erat
3413 3436 3548 3474 ron-

1975 3511 2120 3565 scius
2146 3510 2271 3564 facti
2306 3511 2469 3565 ullius
2497 3511 2694 3562 dictive
2723 3524 2831 3577 quo
2867 3511 3041 3578 ipsum
3070 3510 3316 3564 laesisset.
3347 3509 3550 3565 Tamrn

1975 3612 2093 3655 crat
2143 3601 2537 3655 occurrendum
2593 3599 2912 3654 denuntiato
2963 3600 3200 3667 periculo
3249 3605 3552 3668 grassantis

1977 3694 2196 3746 sceleris
2227 3708 2241 3744 :
2272 3702 2325 3746 et
2355 3706 2477 3745 cum
2510 3691 2644 3745 satis
2674 3701 2947 3743 constaret
2976 3690 3258 3743 imminere
3286 3705 3367 3758 pe:
3388 3692 3547 3746 [idum

1903 3777 1945 3831 Β
1977 3794 2102 3837 tunc
2132 3799 2252 3837 cum
2289 3785 2526 3836 maxime
2577 3793 2845 3835 nocturna
2898 3782 3198 3849 diurnaque
3249 3785 3550 3838 attentione

1974 3877 2027 3928 in
2059 3890 2246 3928 omnes
2281 3875 2595 3928 occasiones
2629 3875 3002 3942 perpetranda:
3039 3875 3221 3936 caadis,
3253 3890 3355 3926 non
3398 3876 3549 3928 vide-

1972 3965 2132 4019 batur
2186 3963 2630 4019 committendum
2701 3971 2758 4015 ttt
2819 3962 3235 4016 dissolutissimo
3300 3964 3547 4032 neglectu

1974 4067 2139 4110 tantae
2199 4056 2275 4110 rei
2333 4055 2478 4109 salus
2534 4071 2596 4108 ac
2651 4063 2810 4122 caput
2869 4053 3134 4124 print-ipis
3189 4054 3335 4107 ferro
3380 4056 3548 4127 parati

1971 4149 2252 4221 parricidae
2299 4149 2692 4202 incustoditum
2740 4147 3088 4213 objiceretur.
3131 4146 3397 4199 Cteterum
3453 4147 3552 4200 ad-

1971 4259 2162 4297 versus
2187 4242 2297 4295 ba-c
2330 4241 2698 4296 intercedente
2723 4250 2906 4292 tenero
2937 4253 3120 4291 amore
3146 4240 3346 4291 veteris
3375 4238 3545 4290 c‘it-n-

1976 4335 2064 4397 tis,
2100 4333 2319 4387 decerni
2363 4333 2580 4404 gravius
2626 4331 2758 4383 nihil
2788 4331 2839 4382 in
2876 4341 2984 4382 tam
3029 4344 3152 4382 vere
3201 4339 3417 4396 tamque
3456 4329 3546 4381 diu

1972 4427 2226 4479 dilectum
2266 4423 2556 4492 Diogenem
2607 4422 2673 4473 ab
2707 4423 3036 4488 imperatore
3085 4430 3313 4486 poterat.
3351 4416 3543 4468 Verum

1972 4529 2038 4566 ex
2069 4513 2298 4565 adverso
2324 4518 2642 4563 recurrcnte
2677 4508 2956 4575 pr-rscntis
2987 4507 3165 4573 specie
3215 4504 3440 4570 periculi
3491 4511 3547 4554 et

1971 4603 2380 4656 fortttidolosius
2437 4616 2494 4652 se
2554 4601 2875 4650 admovente
2929 4596 3176 4649 sensibus
3226 4595 3542 4647 insidiarum

1971 4694 2135 4749 semel
2191 4695 2492 4759 iterumque
2537 4688 2993 4756 depreltensarum
3063 4685 3417 4744 discrimine,
3479 4696 3544 4734 ac

1973 4800 2100 4839 cura
2134 4791 2412 4852 perpetua,
2450 4781 2534 4831 vix
2562 4779 2780 4832 tandem
2812 4775 3068 4828 conclusa
3098 4773 3413 4826 deliberatio
3439 4780 3545 4832 est,

1975 4884 2345 4940 statutumque
2385 4869 2670 4924 consilium
2718 4864 2970 4933 Diogenis
3025 4860 3544 4927 comprehendendi.

1971 4966 2090 5035 Ip~e
2119 4979 2278 5034 porro
2298 4960 2627 5026 Nicepltortts
2649 4958 2972 5008 admonente
2995 4966 3024 5004 c
3048 4950 3322 5002 tttscietttia
3353 4946 3540 5014 fugant

1972 5059 2028 5110 in
2090 5065 2361 5123 posterum
2421 5053 2560 5105 diem
2614 5048 2860 5114 cogitans
2907 5056 3096 5097 versus
3157 5037 3542 5102 Cbristopolim

1980 5148 2124 5200 misit
2155 5147 2254 5198 sub
2289 5155 2563 5209 vesperam
2607 5138 2672 5192 ad
2703 5133 3120 5191 Constantinum
3172 5128 3545 5197 l’orpbyroge-

1979 5242 2146 5292 nitum
2181 5235 2271 5304 qui
2312 5233 2377 5286 ab
2413 5249 2476 5287 co
2509 5247 2608 5286 suo
2641 5229 2856 5283 nomine
2902 5240 2996 5296 pro
3027 5221 3264 5277 amicitia
3317 5225 3542 5287 peteret,

1977 5339 2035 5383 ιιι
2066 5328 2167 5383 sibi
2203 5327 2524 5381 concederet
2543 5337 2740 5392 equum
2767 5319 3025 5382 celerem,
3054 5330 3214 5386 quem
3250 5313 3301 5364 itt
3327 5307 3541 5375 hesl’itii

1977 5422 2221 5490 digressu
2247 5419 2295 5471 ci
2327 5417 2467 5472 dono
2498 5416 2716 5470 dederat
2738 5413 3032 5484 Augustus.
3067 5401 3542 5462 AtConstattliIttts

1369 5553 1562 5613 Variae
1589 5553 1900 5615 lectiones
1940 5571 2013 5616 ex
2057 5557 2195 5617 cod.
2229 5555 2484 5617 (.Ioislin.

1406 5655 1448 5684 δ’*
1477 5655 1631 5707 Deest
1666 5657 1855 5708 vocula
1887 5657 2004 5710 καί.
