3970 6200
295 291 395 356 681

1591 293 2005 355 ALEXIADIS
2043 295 2171 354 LIB
2234 295 2334 358 IX.

3449 300 3556 364 682

291 403 460 470 χάριν
493 398 826 469 συγγνώμην
858 397 1020 451 αἰτεῖ.
1054 397 1160 452 Καὶ
1201 398 1258 461 ὃς
1300 400 1354 449 τὶ
1392 398 1543 466 ξίφος
1575 402 1676 452 σὺν
1714 402 1855 470 αὐτῷ

1974 400 2097 452 huic
2121 401 2221 468 ipsi
2275 414 2467 465 magno
2515 399 2810 454 domestico
2861 400 3165 457 sociaverat
3241 405 3548 478 cenjttgem.

292 492 504 558 κου).εῷ
554 489 763 542 ἐδείκνυ
794 507 806 522 ·
855 488 1232 558 στερνοτυπῶν
1280 489 1323 520 ⁷⁸
1372 489 1417 541 δ’
1465 488 1579 556 ἅμα
1627 489 1722 542 καὶ
1773 490 1863 541 ὲκ-

290 583 509 649 θαμόού
521 599 681 652 μενος
712 585 806 634 καὶ
844 581 985 650 βοῶν
1012 581 1168 648 ἔλεγε
1192 597 1205 609 ’
1241 579 1376 634 Νῦν
1403 597 1477 634 σε
1506 581 1735 634 δοῦλον
1761 581 1868 634 τοῦ

291 673 443 728 Θεοῦ
479 674 740 740 γνήσιον
772 673 1027 741 ἔγνωκα,
1053 674 1171 725 νῦν
1201 672 1308 725 τὸν
1328 669 1522 740 μέγαν
1553 671 1701 724 Θεὸν
1729 670 1871 724 σκέ-

288 767 484 818 πον·τὰ
511 783 584 818 σε
613 765 683 817 ὲν
711 765 1043 834 ὀφθαλμοῖς
1062 763 1359 833 τεθέαμαι.
1399 764 1530 818 Ἐπὶ
1556 763 1629 830 τῇ
1659 763 1869 833 σφαγῇ

289 859 402 925 τὰρ
452 856 525 924 τῇ
573 857 659 924 σῇ
704 858 866 910 τουτὶ
913 857 978 909 τὸ
1026 858 1200 925 ξίφος
1254 855 1721 920 κατασκευάσας
1769 855 1867 909 καὶ

285 947 495 1001 λαϐὼν
529 949 787 1011 οἴκοθεν,
819 947 1078 1002 ἐνταῦθα
1116 948 1351 1016 πάρειμι
1379 949 1470 1015 ἐφ’
1493 941 1540 1014 ᾧ
1575 946 1725 999 κατὰ
1751 947 1868 1000 τῶν

285 1039 419 1092 σῶν
449 1039 667 1103 ὠθήσω
715 1037 1109 1108 σπλάγχνων.
1156 1038 1345 1102 ’Ἂπαξ
1385 1037 1474 1100 δὲ,
1505 1037 1737 1104 καὶ-δὶς,
1765 1037 1865 1089 καὶ

283 1136 416 1200 τρὶς
449 1133 623 1186 τοῦτο
659 1132 1054 1198 σπασάμενος
1082 1131 1358 1200 οὐδαμῶς
1386 1131 1640 1186 ὑπεῖκον
1673 1132 1865 1198 ἔσχον

279 1225 358 1292 τῇ
385 1225 494 1291 ,ϐίᾳ
538 1223 648 1291 τῆς
690 1223 839 1291 ἐμῆς
872 1225 1090 1293 χειρός.
1154 1223 1212 1276 Ὀ
1269 1224 1366 1293 μὲν
1421 1224 1532 1294 γὰρ
1584 1223 1858 1293 βασιλεὺς,

276 1317 586 1387 καθαπερεὶ
629 1317 796 1384 μηδὲν
824 1333 876 1368 τι
925 1315 1168 1368 τοιοῦτον
1218 1314 1494 1384 ἀκηκοὼς,
1524 1317 1613 1368 ἐπὶ
1651 1315 1851 1368 ταὺτοῦ

277 1409 562 1476 σχήματος
600 1407 904 1477 θαρσαλέος
940 1408 1209 1479 εἱστήκει.
1249 1407 1595 1478 Συνέδραμον
1629 1407 1686 1460 δὲ
1724 1407 1862 1480 πρὸς

271 1501 443 1552 αὐτὸν
495 1501 849 1573 παραχρῆμα
897 1501 1158 1566 ἅπαντες,
1209 1503 1258 1554 oi
1312 1503 1408 1573 μὲν
1456 1503 1858 1573 ἀκροασόμενοι

270 1593 388 1644 τῶν
413 1591 749 1662 λεγομένων,
779 1595 828 1646 οἱ
850 1595 906 1648 δὲ
933 1594 1376 1664 ὲκθσιμὸούμενοι
1403 1595 1497 1648 ἐπὶ
1541 1595 1776 1660 τούτοις,
1809 1597 1856 1648 οἱ

271 1684 334 1738 δὲ
377 1685 726 1757 εὐνούστεροι
774 1687 820 1718 ⁷⁸
877 1688 1012 1758 πρὸς
1065 1688 1155 1741 τὸν
1210 1688 1591 1759 αὐτοκράτορα
1645 1689 1854 1742 διακεί-

1979 486 2183 555 Itaque,
2217 488 2357 558 quod
2415 499 2532 558 post
2611 491 2793 545 omnia
2845 492 3089 547 restabat
3133 510 3322 562 unum,
3353 499 3554 556 infimis

1982 578 2258 647 precibus,
2291 595 2429 648 quas
2461 580 2657 635 uberes
2692 581 2806 636 veri
2835 585 3038 640 amoris
3064 585 3270 642 indices
3297 589 3556 661 lacrymae

1977 670 2400 736 comitabantur,
2445 671 2536 726 diu
2596 671 2855 728 frustraa
2886 675 3123 747 Diogene
3174 683 3450 737 contendit
3497 694 3555 740 ut

1977 762 2164 817 salvus
2215 778 2338 818 esse
2392 764 2577 831 vellet,
2621 776 2872 822 revocata
2941 769 3106 824 etiam
3175 775 3554 830 recordatione

1977 856 2346 911 memorabilis
2392 869 2638 924 eventus,
2697 877 2804 930 quo
2839 865 3044 918 moveri
3089 863 3378 933 NlCCpllOt'l
3428 870 3552 924 ani-

1977 964 2122 1001 mum
2159 965 2256 1017 par
2309 959 2430 1004 erat
2466 961 2618 1006 :tum
2671 957 2795 1022 quia
2851 956 2970 1025 ejus
3023 960 3314 1014 occasione
3377 963 3551 1029 prima

1975 1049 2325 1092 emanaverat
2348 1043 2745 1111 conjurationis
2769 1048 3026 1116 suspicio,
3063 1057 3172 1103 tum
3201 1051 3282 1104 vel
3317 1055 3553 1108 maxime

1973 1129 2230 1196 quoniam
2265 1147 2329 1186 eo
2359 1133 2502 1188 facto
2535 1137 2944 1204 comprobatum
3009 1143 3298 1198 manifeste
3354 1146 3551 1215 fuerat,

1973 1219 2082 1276 Deo
2105 1235 2226 1276 esse
2265 1237 2408 1278 curre
2474 1225 2636 1279 vitam
2693 1229 3058 1297 imperatoris,
3097 1242 3148 1287 et
3204 1235 3552 1293 insidiatores

1971 1311 2090 1381 ejus
2143 1313 2338 1368 nefarii
2387 1315 2495 1370 voti
2527 1333 2630 1370 non
2661 1319 2870 1375 futuros
2898 1335 3196 1393 compotes.
3247 1327 3352 1383 Res
3381 1345 3441 1384 ea
3474 1331 3554 1388 sic

1969 1418 2029 1458 se
2063 1405 2269 1460 habuit.
2315 1407 2649 1465 Decnrrente
2699 1410 2839 1466 forte
2909 1415 3238 1485 imperatore
3283 1420 3550 1476 ludicrum

1968 1507 2218 1563 equestre
2269 1499 2322 1552 in
2379 1515 2546 1555 vacua
2599 1513 2651 1557 et
2710 1506 2912 1573 patenti
2973 1523 3098 1563 area
3156 1514 3333 1580 magni
3365 1515 3550 1582 palatii

1971 1586 2280 1655 llippetasio
2306 1589 2372 1644 ab
2405 1606 2502 1644 usu
2533 1593 2792 1658 vocitata,
2825 1596 3097 1653 Barbarus
3130 1601 3349 1670 quidam
3403 1604 3550 1658 miSti

1968 1681 2182 1746 generis
2216 1697 2282 1736 ex
2313 1681 2565 1738 Armenis
2594 1695 2643 1739 et
2682 1684 2894 1754 Turcis,
2945 1704 3067 1743 cum
3129 1693 3525 1748 animadvertis

273 1792 428 1844 μενοι
462 1777 552 1828 καὶ
583 1777 1007 1847 διασπαράττειν
1046 1778 1206 1831 αὑτὸν
1238 1779 1579 1849 ἐπεχείρουν,
1617 1778 1718 1833 κᾶν
1759 1779 1855 1832 αὑ-

1963 1780 2042 1826 set
2071 1772 2451 1839 imperatorem
2485 1790 2627 1844 equo
2682 1791 2782 1831 suo
2818 1779 2985 1832 altum
3047 1782 3326 1837 anhelanti
3375 1787 3551 1855 respi-

265 1869 362 1928 τὸς
382 1867 614 1936 νεύματί
637 1887 717 1932 τε,
753 1872 847 1924 καὶ
870 1872 1035 1942 χειρὶ,
1069 1872 1165 1924 καὶ⁵
1191 1874 1405 1941 συχνοῖς
1429 1872 1856 1943 ὲμϐριμήμασιν

267 1960 509 2028 ἀπεῖργε
547 1965 644 2028 τῆς
677 1963 1074 2032 ἐγχειρήσεως.
1113 1961 1179 2016 Τί
1212 1963 1272 2016 τὸ
1306 1963 1398 2014 ἐπὶ
1429 1963 1857 2032 τούτοιςλΠαν-

267 2048 449 2112 τελίῖς
494 2051 745 2120 ἀφέσεως
779 2052 805 2101 ὁ
841 2051 1040 2118 φονεὺς
1087 2053 1301 2115 ἐκεῖνος
1337 2053 1688 2123 παραχρῆμα
1727 2069 1856 2119 τυγ-

264 2140 428 2211 χάνει
462 2143 836 2212 στρατιώτης,
864 2144 964 2196 οὐκ
995 2144 1247 2212 ἀφέσεως
1282 2144 1336 2197 δὲ
1373 2146 1556 2214 μόνον,
1587 2144 1722 2198 ἀλλά
1758 2145 1853 2197 καὶ

266 2235 552 2302 μεγίστων
581 2235 830 2304 δωρεῶνο
858 2238 950 2288 ἐπὶ
973 2238 1187 2300 τούτοις
1223 2241 1317 2290 καὶ
1351 2237 1668 2308 ἐλευθερίας
1716 2255 1854 2304 παρ-

262 2327 567 2380 cateia-Jac.
623 2327 817 2380 Πολλοὶ
853 2329 952 2398 μὲν
1013 2329 1106 2382 οὖν
1160 2329 1366 2383 τούτων
1418 2330 1513 2382 καὶ
1568 2330 1852 2400 ὀχλιῦντες

263 2421 556 2473 ἐνέκειντο
605 2422 704 2490 τῆς
739 2421 1138 2492 βασιλευούσης
1173 2423 1516 2492 ἀπελαθῆναι
1555 2423 1648 2476 τὸν
1683 2425 1849 2493 φονέα

258 2515 511 2566 ἐκεῖνον·
538 2515 566 2566 ὁ
588 2515 643 2567 δὲ
671 2517 769 2567 οὐκ
801 2517 1069 2581 ἐπείθετο,
1094 2516 1269 2585 λέγων
1291 2530 1306 2546 ⁶
1357 2518 1490 2571 Ἐὰν
1513 2517 1599 2586 μὴ
1630 2518 1849 2585 Κύριος

258 2606 516 2675 φυλάξῃ
551 2608 752 2668 πόλιν,
781 2609 867 2672 εις
888 2608 1092 2676 μάτην
1122 2609 1518 2677 ἠκρύπνησεν
1548 2615 1579 2664 ό
1607 2612 1848 2680 φυλάσ-

257 2714 416 2750 σων.
463 2699 691 2751 Λοιπὸν
737 2700 857 2764 Θεῷ
901 2701 1266 2771 ἐπεύχεσθαι
1297 2701 1388 2754 δεῖ
1413 2702 1528 2769 τὴν
1554 2703 1849 2771 ἡμετέραν

255 2790 502 2843 ἐκεῖθεν
540 2791 1008 2861 ἐξαιτουμένους
1072 2792 1373 2863 διαμονὴν
1413 2795 1513 2848 καὶ
1551 2794 1842 2864 φρουράν.

272 2879 715 2952 ’Υπεψιθύριξον
768 2881 862 2935 οὖν
893 2899 1046 2946 τινες
1101 2883 1242 2953 μετά
1275 2885 1372 2954 τῆς
1421 2883 1514 2936 τοῦ
1555 2885 1847 2951 Διογένους

255 2976 493 3046 γνώμης
523 2978 600 3047 τῷ
628 2977 721 3030 τοῦ
752 2979 1160 3049 αὐτοκράτορος
1186 2980 1330 3050 φόνῳ
1360 2979 1845 3049 ὲπικεχειρηκέναι

253 3070 351 3122 τὸν
384 3069 559 3139 ἄνδρα
591 3074 819 3138 ἐκεῖνον,
851 3074 953 3126 κᾶν
994 3076 1022 3127 ὁ
1055 3072 1312 3142 βασιλεὺς
1343 3073 1452 3126 οὐδ’
1483 3073 1618 3135 ὅλως
1651 3073 1846 3141 ὑπεῖχε
1877 3099 1914 3150 C

255 3165 477 3226 τούτοις
509 3167 624 3227 τοῖς
650 3165 828 3232 ὶὸγοις
865 3167 932 3218 τὰ
964 3161 1101 3227 ὦτα,
1170 3166 1306 3220 ἁ).λά
1333 3166 1532 3236 μᾶλλον
1563 3165 1846 3236 ἐϐαρυμη-

259 3255 352 3308 νεα
411 3256 541 3308 κατ’
578 3257 782 3318 αὐτῶν,
849 3258 1106 3312 τοσοῦτον
1157 3259 1324 3312 αὑτοῦ
1386 3258 1716 3328 ἀνεχόμενος
1773 3258 1848 3321 ὡς

263 3348 469 3418 μέχρις
506 3349 673 3403 αὑτοῦ
711 3349 914 3420 λαιμοῦ
951 3353 1052 3420 τῆς
1094 3353 1320 3422 ἀκωκῆς
1349 3351 1443 3404 τοῦ
1482 3351 1674 3419 ξίφους
1708 3350 1848 3418 (900t—

255 3441 464 3510 νούσης
502 3443 594 3494 τὸν
634 3442 944 3511 ἀγνοοῦντα
989 3445 1407 3515 ὑποκρίνεσθαι.
1475 3443 1637 3496 Ἀ).λά
1673 3441 1850 3496 ταῦτα

258 3533 362 3601 μὲν
383 3535 589 3597 οὕτως.

1962 1863 2116 1918 randi
2141 1865 2372 1933 spatium
2403 1874 2621 1935 captato
2655 1883 2683 1920 a
2713 1878 2909 1925 caatera
2939 1872 3094 1926 turba
3135 1873 3282 1928 brevi
3328 1892 3549 1930 secessu

1960 1955 2195 2023 dedisse,
2229 1958 2404 2012 solum
2454 1959 2567 2013 adit
2626 1960 2730 2014 telo
2764 1973 3006 2017 armatus
3049 1967 3148 2020 sub
3184 1967 3430 2022 vestibus
3464 1967 3549 2020 la-

1962 2057 2148 2114 tente,
2202 2049 2467 2120 ﬂexisque
2539 2053 2710 2107 ambit.
2772 2057 3040 2125 genibus:
3076 2069 3127 2112 et
3164 2061 3344 2128 specie
3391 2063 3541 2116 unnti

1959 2144 2192 2210 petentis
2221 2144 2426 2213 aliquid
2453 2155 2730 2214 assumpta
2760 2147 3032 2214 studiose,
3066 2152 3441 2206 misericordis
3477 2154 3545 2207 ad

1955 2250 2014 2290 se
2041 2236 2299 2304 principis
2331 2253 2515 2292 curam
2558 2239 2876 2316 vultumque
2913 2244 3096 2298 vertit.
3139 2243 3280 2314 Ergo
3325 2246 3368 2298 is
3397 2261 3542 2315 equo

1957 2328 2290 2384 habenaru’m
2336 2339 2568 2386 attractu
2606 2333 2833 2387 reducto
2890 2334 3127 2391 humane
3189 2348 3542 2405 percontatur

1954 2421 2023 2476 ab
2063 2419 2282 2476 homine
2310 2441 2324 2477 :
2353 2424 2484 2492 quid
2531 2423 2725 2480 vellet?
2763 2423 2899 2479 Tum
2955 2441 3085 2481 vero
3137 2428 3228 2497 qui
3264 2429 3543 2484 mendicus

1955 2516 2238 2570 videbatur
2265 2517 2522 2572 sicarium
2569 2532 2626 2572 se
2658 2517 2912 2588 prodens,
2962 2535 3124 2573 manu
3178 2521 3423 2591 capulum
3455 2538 3544 2574 ar-

1957 2608 2120 2677 ripttit
2145 2609 2468 2664 dissimulati
2505 2610 2768 2665 hactenus
2795 2611 2980 2680 gladii,
3014 2611 3297 2680 validoque
3329 2615 3540 2668 ineunt-

1953 2701 2086 2755 bens
2115 2699 2182 2754 ad
2209 2701 2601 2756 extrahendum
2652 2702 2852 2757 frustra
2882 2703 3003 2769 fuit,
3032 2720 3341 2774 quanquam
3374 2722 3544 2776 smne]

1953 2801 2005 2848 et
2035 2793 2232 2847 iterum
2295 2793 2600 2848 instaurate
2657 2803 2876 2848 conatu.
2931 2792 3098 2848 [laesit
3148 2794 3290 2848 enim
3338 2797 3544 2866 vaginae

1952 2900 2165 2954 semper
2199 2885 2356 2956 quasi
2393 2895 2685 2941 concretus
2715 2885 2887 2953 ensis,
2923 2886 3141 2956 vimque
3175 2887 3444 2943 trahentis
3478 2906 3542 2944 ac

1951 2975 2216 3031 nefarium
2257 2976 2546 3030 consilium
2583 2992 2713 3031 casu
2753 2976 2896 3031 felici
2926 2977 3190 3034 destituit.
3225 2975 3321 3033 Hic
3347 2980 3542 3050 depre-

1951 3069 2152 3125 bensus
2206 3070 2497 3138 parricida,
2547 3085 2652 3124 non
2702 3069 2880 3150 defuit
2920 3069 3021 3125 sibi
3083 3079 3293 3134 tamen,
3356 3071 3448 3125 sed
3487 3072 3540 3126 in

1949 3164 2329 3234 desperatione
2355 3164 2698 3233 perpetrandi
2735 3162 2897 3234 empti
2935 3165 3179 3232 abiectus
3215 3164 3362 3218 humi
3395 3180 3544 3220 men-

1951 3257 2136 3310 dacem
2170 3257 2553 3326 panitentiam
2604 3256 3006 3326 supplicatione
3036 3256 3326 3310 verborum
3362 3255 3543 3310 fallaci

1954 3351 2274 3421 pra-ferebat
2326 3351 2538 3404 veniant
2614 3351 2916 3420 postulans.
2971 3352 3136 3423 260
3201 3351 3368 3420 Cujus
3422 3368 3542 3405 vero

1954 3444 2142 3509 culpce,
2207 3459 2504 3498 conversus
2554 3443 2618 3496 ad
2679 3445 2855 3512 ipsum
2913 3445 3213 3513 impensius
3265 3445 3542 3513 Augustus

1957 3537 2154 3603 inquit,
2202 3537 2408 3589 veniant
2461 3535 2636 3606 petis?
2702 3535 2873 3618 Tum‘
2906 3536 2995 3590 ille
3051 3536 3261 3604 Vagina:
3325 3535 3537 3588 aﬂixant

254 3629 671 3682 demonstrabat
723 3627 916 3688 sicam.
971 3639 1262 3696 pectusque
1307 3628 1464 3682 simul
1518 3643 1672 3682 suum
1713 3629 1944 3682 tondens
1980 3629 2126 3682 haud
2187 3629 2350 3682 dubie
2395 3629 2656 3682 attonitus
2720 3629 2989 3683 clamabat
3024 3645 3038 3682 :
3073 3627 3228 3680 Nunc
3305 3630 3413 3681 scio
3484 3638 3532 3679 te

254 3738 438 3776 verum
472 3721 568 3775 Dei
598 3739 707 3776 esse
734 3739 964 3788 servum,
990 3739 1128 3777 nunc
1169 3724 1247 3776 tui
1280 3723 1494 3776 tutelam
1556 3726 1700 3777 cordi
1731 3741 1842 3778 esse
1880 3726 2080 3792 superis
2109 3741 2331 3794 agnosco
2387 3726 2515 3791 ipsis
2539 3723 2705 3776 oculis
2758 3723 3021 3776 convictus
3057 3738 3074 3775 :
3116 3721 3372 3786 siquidem
3415 3735 3536 3770 Ctttll

256 3818 571 3870 accesserim
601 3819 670 3870 ad
711 3829 758 3873 te
787 3823 1050 3871 instructu
1105 3821 1201 3870 hoc
1239 3821 1621 3872 ettseudtuam
1687 3820 1879 3873 aedem
1955 3830 2162 3886 parato,
2231 3818 2318 3870 ubi
2383 3820 2716 3887 perpetrandi
2775 3817 3035 3884 facinoris
3090 3824 3290 3883 tempus
3351 3813 3529 3881 adfuit

253 3911 520 3978 stringere
552 3912 722 3976 ipsum
753 3913 946 3964 iterum
986 3925 1030 3965 et
1066 3914 1217 3966 tertio
1258 3921 1479 3965 conatus
1527 3927 1628 3980 quo
1658 3912 1709 3963 in
1744 3921 1835 3962 tua
1874 3910 2076 3964 viscera
2107 3909 2402 3974 conderent,
2432 3921 2672 3973 expertus
2701 3922 2889 3979 prwter
2931 3925 3074 3979 spem
3134 3923 3250 3960 sum
3340 3915 3530 3959 contu-

253 4017 462 4054 macem
486 4001 636 4053 illum
671 4013 719 4056 et
754 4004 934 4055 manui
973 4005 1183 4070 obsequi
1215 4015 1561 4056 recusantem.
1590 4003 1748 4056 Stetit
1774 4004 1854 4057 his
1893 4005 2093 4057 auditis
2121 4004 2174 4056 in
2208 4003 2431 4073 vestigio
2464 4005 2718 4058 immotus
2778 4013 2832 4058 et
2886 4003 3312 4072 imperturbatus
3359 4002 3534 4070 impe-

254 4107 431 4160 ratur,
461 4096 619 4164 plane
665 4106 920 4164 cuiquam
954 4096 1058 4150 alia
1095 4097 1274 4151 omnia
1297 4097 1627 4150 dicerentur.
1665 4095 1980 4151 Concursus
2021 4113 2183 4164 porro
2205 4097 2350 4150 circa
2373 4111 2496 4150 eum
2533 4105 2750 4166 repente
2774 4095 3016 4152 omnium
3035 4107 3116 4150 cst
3145 4094 3361 4161 iactus;
3401 4094 3539 4149 alia-

256 4205 376 4244 rum
416 4203 580 4242 nosse
625 4189 962 4256 cupientium
999 4188 1132 4259 quid
1184 4190 1259 4242 rei
1331 4199 1510 4257 esset;
1580 4191 1808 4244 aliorum
1857 4207 1914 4246 re
1954 4202 2259 4261 perspecta,
2299 4189 2634 4244 mirantium.
2667 4188 2840 4245 Fuere
2866 4189 2956 4259 qui
2984 4188 3252 4244 charitate
3289 4189 3530 4258 impera-

258 4283 396 4339 toris
437 4282 715 4352 przccipua
748 4283 873 4336 elati
905 4283 1214 4350 discerpere
1241 4283 1564 4350 parricidam
1599 4285 2023 4354 aggrederentur
2059 4300 2072 4338 :
2112 4299 2250 4353 quos
2271 4293 2402 4338 nutu
2437 4298 2707 4353 manuque
2732 4297 2795 4338 ac
2857 4281 3020 4337 minis
3080 4280 3197 4352 ipse
3244 4280 3520 4336 submovit

257 4378 566 4444 imperator
645 4390 955 4446 nocet-eque
1013 4377 1214 4431 infelici
1270 4379 1458 4443 vetuit,
1517 4379 1882 4448 cui;prieter
1958 4379 2201 4433 criminis
2251 4377 2479 4449 gratiam
2547 4376 2692 4446 larga
2750 4376 2914 4431 etiam
2990 4375 3129 4429 dona
3205 4373 3526 4437 cumulavit,

255 4471 462 4539 quibus
501 4469 669 4522 libere
691 4478 853 4536 atque
901 4469 1120 4537 impune
1149 4467 1348 4523 lruitus
1390 4469 1436 4523 is
1487 4470 1683 4523 deinde
1714 4480 1837 4524 est:
1884 4484 1952 4523 ne
1985 4471 2114 4524 illud
2146 4470 2361 4538 quidem
2415 4469 2664 4539 quamvis
2718 4468 3040 4537 importunis
3089 4474 3252 4536 atque
3321 4467 3530 4519 instau-

261 4563 407 4618 tibus
479 4561 812 4614 esatnbitum
861 4561 1113 4629 precibus
1175 4562 1467 4630 impetrare
1529 4563 1835 4616 valentibus
1909 4563 2129 4626 amicis,
2183 4571 2241 4615 ut
2315 4563 2450 4616 tanti
2512 4561 2630 4616 ausi
2688 4571 3028 4630 compertum
3081 4558 3340 4612 sicarium
3396 4555 3531 4610 urbe

261 4657 456 4710 saltem
493 4654 637 4724 regia
669 4654 886 4723 jnberet
909 4653 1178 4720 exsulare,
1215 4655 1455 4723 Angusto
1483 4672 1702 4710 causam
1735 4671 1830 4709 cur
1872 4665 2125 4710 renueret
2167 4657 2251 4710 his
2283 4655 2464 4709 verbis
2507 4665 2830 4723 exponente,
2866 4667 3060 4720 nempe
3100 4667 3116 4705 :
3151 4649 3266 4704 Nisi
3349 4649 3535 4701 Domi-

261 4766 360 4802 nus
392 4749 700 4800 custodierit
735 4749 998 4801 civitatem
1033 4747 1236 4814 frustra
1279 4745 1459 4811 vigilat
1517 4749 1606 4816 qui
1679 4747 1909 4800 custodit
1951 4763 2087 4800 eam.
2123 4747 2188 4800 In
2225 4747 2319 4801 Dei
2352 4745 2515 4800 tutela
2549 4746 2894 4813 prcesidioque
2942 4743 3129 4796 salutis
3161 4751 3208 4794 et
3229 4739 3528 4794 securitatis

259 4858 374 4908 spes
407 4856 589 4893 nosfra
623 4840 792 4892 omnis
825 4857 884 4892 ac
926 4840 1068 4892 ratio
1087 4839 1190 4890 sita
1223 4850 1318 4892 est.
1352 4837 1493 4890 Hinc
1540 4838 1894 4907 exspectanda
1932 4838 2273 4906 precibusque
2331 4853 2394 4890 ac
2448 4837 2704 4906 patientia
2758 4832 3100 4902 promerenda
3153 4831 3287 4884 bona
3345 4841 3537 4884 cuncta

260 4942 405 4986 sunt.
445 4934 714 4986 Caeterum
748 4931 854 4994 iam
884 4941 998 4984 tum
1064 4930 1373 4996 percrebuit
1420 4932 1663 4986 susurris
1703 4931 1840 4985 clam
1883 4930 2228 4998 serpentibus
2272 4931 2655 4999 quorumdam,
2694 4943 2723 4982 e
2754 4927 2877 4980 sinu
2939 4939 3004 4979 ac
3069 4923 3340 4979 sententia
3405 4923 3531 4977 Dio-

261 5024 417 5092 genis
467 5023 770 5092 profectum
837 5022 980 5074 hunc
1072 5035 1448 5090 percussorem
1502 5021 1572 5076 ad
1656 5029 1912 5076 conatum
1953 5021 2177 5076 sceleris
2227 5020 2432 5075 infandi
2467 5040 2480 5076 :
2512 5032 2567 5074 at
2601 5035 2695 5075 eos
2731 5019 3120 5085 iinperator'ne
3167 5017 3355 5071 audire
3401 5015 3532 5083 qtri-

260 5119 388 5168 dem
447 5115 760 5178 sustinens,
825 5114 980 5182 quasi
1038 5123 1244 5168 temere
1302 5113 1642 5182 suspicantes
1716 5127 1840 5166 cum
1881 5113 2168 5169 stomacho
2203 5115 2516 5184 repellebat,
2570 5114 2894 5168 obfirmatus
2971 5127 3141 5181 usque
3217 5109 3351 5163 adeo
3396 5110 3528 5162 sint-

263 5214 506 5283 plicitate
537 5212 674 5264 bene
700 5210 768 5264 de
796 5210 987 5277 quovis
1031 5209 1304 5279 opinandi,
1344 5219 1401 5264 ut
1437 5225 1505 5265 ne
1527 5209 1596 5265 ab
1628 5209 1931 5280 eoquidem
1959 5213 2049 5279 qui
2073 5213 2219 5267 clare
2279 5211 2642 5283 sibijngnlutn
2710 5213 2928 5264 admoto
2995 5220 3256 5261 mucrone
3305 5214 3532 5272 peteret,

264 5315 510 5362 metuere
541 5304 819 5358 sinistrum
851 5305 1056 5374 aliquid
1089 5319 1246 5373 posse
1272 5305 1565 5362 videretur.

339 5399 560 5453 Τούτων
590 5397 686 5453 οὖν
715 5401 1033 5469 ἀναμνήσας
1061 5399 1223 5451 αὑτὸν
1255 5400 1282 5450 ὁ
1311 5398 1486 5467 μέγας
1517 5398 1843 5472 δομέστικος

2031 5400 2159 5456 Haec
2212 5399 2424 5468 aliaqne
2479 5413 2602 5452 cum
2668 5402 2970 5466 exponeret
3032 5391 3250 5462 Diogeni
3307 5397 3532 5455 magnus

270 5495 366 5545 sta‘:
416 5492 686 5565 μηδαμῶς
737 5496 964 5558 πείθων,
1002 5491 1318 5565 προσελθὼν
1369 5496 1712 5566 ἀπαγγέλλει
1758 5497 1838 5568 τῷ

1963 5495 2315 5559 domesticus,
2355 5507 2464 5562 quo
2517 5507 2649 5546 eum-
2691 5493 2756 5545 ad
2809 5487 3209 5544 c’onfessionem
3269 5477 3533 5548 designati

1350 5611 1551 5675 Variae
1582 5611 1896 5678 lectiones
1927 5631 2007 5676 ex
2040 5613 2178 5676 cod.
2227 5608 2497 5675 Coislin.

352 5707 399 5737 ”
433 5708 870 5778 σῖῑρνοκτυπῶν.
945 5708 990 5738 τ’
1013 5704 1388 5778 εὐνούστερον.

599 5803 866 5864 ΡΔΤιιοι.
911 5804 1025 5864 Gn.
1061 5804 1330 5864 CXXXI.

3144 5785 3222 5846 22
