3970 6200
274 303 387 367 685

1571 309 1608 364 Α
1623 302 1986 366 LEXlADlS
2008 305 2088 366 ,Η
2104 306 2162 366 Β.
2201 309 2301 366 lX.

3427 305 3530 368 085

281 417 382 484 ἤδη
435 414 531 466 καὶ
588 414 878 484 ὑπερόριος
928 414 1242 480 καθίστατο,
1297 417 1385 468 καὶ
1439 418 1485 470 οἱ
1543 421 1640 484 τῆς
1693 416 1857 468 αὑτοῦ

1964 417 2134 482 premi
2172 418 2358 485 utique
2390 426 2598 470 :eteruo
2641 416 2857 469 silentio
2889 416 3079 479 voluit,
3120 432 3181 469 ac
3211 416 3365 483 plane
3421 418 3534 487 ipse

282 505 476 574 βουλῆς
514 506 754 575 ἔκκριτοι
786 506 1060 571 ὑπόπτους
1091 507 1317 571 ἑαυτοὺς
1345 509 1393 560 οἱ
1439 509 1512 578 μὴ
1547 509 1854 577 φθάσαντες

278 599 484 651 diuini.
509 599 608 667 ἤδη
644 599 1048 667 γεγενημένους
1097 600 1429 668 διαγνόντες,
1466 601 1751 670 περίφοσοί
1795 619 1852 653 τε

278 691 566 756 ἐφαίνοντο
603 690 696 740 καὶ
729 690 1091 757 σκεπτόμενοι
1122 692 1148 744 ὅ
1188 709 1239 743 τι
1277 693 1370 744 καὶ
1408 691 1684 764 δράσαιεν.
1719 695 1856 746 Τού-

278 798 405 842 τους
455 780 506 832 οἱ
563 779 707 848 ἀμφὶ
761 779 850 831 τδν
884 780 1106 848 βασιλέα
1156 783 1298 834 οὕτω
1344 786 1783 854 κυμαινομὲνους
1810 785 1854 816 ⁸³

279 869 676 932 κατανοοῦντες
744 871 800 922 ἐν
861 873 1162 940 ἀμηχάνοις
1221 875 1445 926 ἑστάναι
1497 876 1737 940 ἐδόκουν,
1798 877 1854 929 ἐν

279 962 452 1030 στενῷ
483 961 679 1030 κομιδῇ
710 962 778 1014 τὰ
815 963 935 1014 κατ’
969 964 1132 1015 αὐτὸν
1167 965 1401 1033 ὁρῶντες
1447 967 1521 1028 ὡς
1549 970 1628 1030 εἰς
1660 969 1856 1037 ρητούς

273 1069 429 1114 τινας
491 1052 934 1123 περιγραφείσης
991 1055 1088 1123 ἤδη
1143 1059 1243 1124 τῆς
1307 1057 1398 1108 τοῦ
1458 1057 1855 1127 αὐτοκράτορος

275 1143 522 1209 ἀγωγῆς,
558 1143 648 1195 τδν
705 1143 950 1195 κίνδυνον
1003 1145 1142 1210 ὑπὲρ
1193 1147 1436 1216 κεφαλῆς
1486 1149 1854 1215 ἐφιστάμενον

277 1233 381 1302 ἤδη
416 1233 649 1302 ἔχοντος.
691 1235 747 1286 Ὀ
774 1234 831 1287 δὲ
866 1233 1118 1303 βασιλεὺς
1146 1240 1260 1299 τοῖς
1295 1238 1574 1306 λογισμοῖς
1607 1241 1856 1292 ἀναλύων

279 1327 361 1386 εἰς
385 1325 454 1376 τὰ
485 1325 543 1388 ἐξ
579 1326 756 1394 ἀρχῆς
787 1327 880 1377 καὶ
911 1326 1144 1387 ποσάκις
1175 1328 1298 1379 κατ’
1334 1329 1499 1380 αὐτοῦ
1530 1331 1556 1380 ὁ
1596 1332 1856 1400 Διογένης

275 1416 530 1484 ὁρμήσας
581 1418 675 1469 καὶ
728 1418 957 1486 σιραλεὶς
1008 1421 1070 1471 ἐκ
1133 1420 1286 1483 θείας
1345 1421 1631 1491 δυνάμεως
1693 1424 1857 1486 αὐτὸς

278 1508 540 1576 αὐτόχειρ
600 1508 790 1561 τούτου
867 1511 1062 1577 φονεὺς
1133 1513 1234 1581 ἤδη
1297 1515 1581 1582 ἐφίστατο,
1644 1516 1858 1578 πολλοῖς

280 1599 615 1666 ἐκυμαίνετο
643 1599 947 1669 λογισμοῖς,
983 1603 1076 1656 κα)⁴
1100 1605 1300 1666 πολλάς
1327 1608 1614 1674 νοημάτων
1641 1608 1858 1678 λαμόάο

279 1705 388 1740 νων
419 1687 722 1755 μεταϐολὰς
760 1691 852 1742 καὶ
893 1695 1101 1762 τροπὰς
1139 1694 1269 1764 παρ’
1318 1696 1516 1764 ἐαυτῷ,
1549 1699 1669 1748 ἐπεὶ
1711 1697 1859 1752 ἅπαν

283 1779 385 1832 τοῦ
426 1797 485 1832 τε
524 1781 802 1836 πολιτικοῦ
868 1787 962 1838 καὶ
1020 1787 1416 1855 στρατιωτικοῦ
1485 1791 1859 1861 συντάγματος

275 1872 567 1943 διεφθορὸς
619 1877 738 1935 ταῖς
798 1873 895 1926 τοῦ
954 1878 1243 1945 Διογένους
1302 1880 1566 1942 θωπείαις
1622 1883 1856 1951 ἐπέγνω,

275 1965 616 2032 ἀποχρῶσαν
655 1966 729 2033 μὴ
767 1966 908 2036 ἔχων
960 1967 1194 2039 δύναμιν
1235 1970 1374 2024 ὥστε
1427 1975 1672 2044 φρουρὰν
1724 1975 1858 2041 πρὸς

276 2057 569 2120 τοσούτους
597 2058 914 2128 ἐπιστῆσαι,
946 2061 1082 2132 μήτε
1114 2063 1222 2131 μὴν
1253 2065 1672 2136 ἀκρωτηριάσαι
1733 2068 1860 2121 λαὸν

279 2148 592 2216 παμπληθῆ
645 2149 862 2215 ἐθέλων,
908 2153 1000 2207 τὸν
1049 2154 1148 2222 μὲν
1191 2156 1450 2227 Διογένην
1501 2159 1596 2210 καὶ
1642 2161 1860 2212 Κεκαυ·

281 2239 448 2306 μένον
479 2241 524 2271 ⁸⁸
553 2241 640 2293 τὸν
675 2245 1022 2297 Κατακαλὼν
1063 2247 1190 2309 τοὺς
1223 2251 1594 2316 πρωταιτίους
1635 2253 1692 2315 ἐς
1721 2254 1861 2307 Και-

278 2331 578 2400 σαρόπολιν
604 2334 930 2405 ἐξέπεμψεν,
962 2337 1046 2406 ἐφ’
1153 2340 1501 2410 ἐμφρούρους
1526 2346 1616 2396 καὶ
1648 2344 1860 2412 δεσμώ-

274 2439 378 2483 τας
406 2419 549 2477 εἶναι
582 2425 764 2495 μόνον,
805 2427 970 2496 μηδὲν
1011 2429 1139 2481 ἄλλο
1164 2429 1336 2482 δεινὸν
1370 2433 1506 2494 τέως
1526 2435 1646 2487 κατ’
1680 2435 1858 2488 αὐτῶν

278 2512 743 2585 βουλευσάμενος,
779 2522 883 2574 κᾶν
918 2521 1120 2583 πάντες
1160 2524 1583 2594 ἀκρωτηριάσαι
1633 2527 1860 2590 τούτους

277 2605 433 2674 αὑτῷ
474 2605 880 2673 ξυνεϐούλευον.
932 2610 1149 2678 ἸΙγάπα
1183 2611 1292 2683 γάρ
1322 2616 1415 2668 τὸν
1446 2619 1708 2688 Διογένην
1741 2619 1859 2672 δια-

279 2699 562 2765 φερόντως
605 2701 828 2770 καὶτῆς
876 2704 1152 2772 προτέρας
1200 2705 1280 2757 ἔτι
1315 2708 1443 2775 περὶ
1490 2709 1655 2761 αὑτὸν
1683 2711 1862 2781 εἴχετο

277 2789 639 2857 κηδεμονίας.
679 2791 811 2843 Ὑπε
825 2792 1004 2862 ρόριον
1027 2794 1082 2846 δέ
1119 2796 1212 2848 καὶ
1239 2796 1328 2849 τὸν
1356 2799 1444 2850 ἐπ’
1475 2799 1682 2870 ἀδελφῇ
1711 2819 1858 2872 γαμ-

276 2881 412 2950 ϐρὸν
439 2881 608 2934 αὐτοῦ
642 2882 861 2953 Μιχαὴλ
891 2887 985 2937 τὸν
1017 2887 1342 2957 Ταρωνὶτην
1384 2890 1478 2942 καὶ
1514 2890 1726 2946 “cev...”
1763 2894 1860 2946 καὶ

278 2972 380 3033 τὰς
413 2972 738 3040 περιουσίας
777 2975 958 3026 αὐτῶν
1006 2977 1365 3046 ἀφελόμενος.
1404 2981 1486 3034 Τὰ
1535 2983 1591 3035 δέ
1625 3001 1686 3051 γε
1719 2986 1861 3038 κατὰ

1957 521 2015 556 se
2051 506 2339 574 quidquam
2387 522 2573 557 eorum
2628 505 2842 558 novisse
2882 503 3260 571 dissimulavit,
3291 509 3531 558 eamdem

1957 596 2118 650 ofiicii
2140 612 2199 650 ac
2219 597 2499 650 charitatis
2525 596 2882 650 constantiam
2914 595 3012 663 ipsi
3042 596 3291 664 deinceps
3323 611 3537 666 quoque

1960 701 2359 757 repraesentans
2392 704 2554 756 quam
2583 689 2711 741 olim
2764 698 2875 742 erat
2905 687 3198 757 pollicitus,
3252 705 3370 741 cum
3408 698 3531 743 ante.

1960 780 2500 850 :lsSlltiiplaSilttpCt‘ii
2536 781 2780 834 habenas
2826 779 2999 834 foeslus
3055 795 3173 833 cum
3202 795 3262 834 ea
3296 781 3422 834 illud
3473 797 3536 835 ac

1960 873 2416 926 necessitudinem
2442 889 2535 926 cer
2553 883 2814 936 traxerat,
2836 875 2898 927 de
2917 888 3019 942 qua
3046 888 3143 927 suo
3175 871 3289 927 loco
3306 871 3533 941 egimus.

1961 963 2097 1028 Quin
2128 963 2288 1016 etiam
2317 964 2588 1031 vulgatum
2619 965 2814 1031 passim
2846 973 2897 1017 el
2951 979 3363 1033 quoquoversus
3395 965 3534 1021 fama

1960 1068 2207 1123 sparsom
2247 1054 2414 1107 fuisse
2439 1055 2548 1107 scio
2579 1070 2604 1107 a
2641 1055 2748 1108 lilio
2780 1054 2938 1123 hujus
2985 1055 3226 1120 ejusdem
3285 1055 3539 1127 Augusta:

1961 1144 2139 1198 Mariae
2171 1143 2525 1199 Constantino
2557 1144 3020 1215 Porphyrogenito
3056 1147 3264 1214 imperii
3315 1149 3544 1216 insigni-

1962 1236 2062 1289 bns
2097 1247 2289 1290 ornato
2312 1235 2573 1291 didicisse
2604 1238 2984 1304 imperatorem
3013 1243 3126 1293 haec
3153 1255 3274 1308 quae
3299 1241 3542 1296 diximus

1961 1331 2136 1382 omnia
2167 1331 2232 1384 de
2263 1330 2516 1399 Diogene.
2551 1327 2604 1382 ld
2631 1346 2764 1384 sane
2794 1345 2896 1383 non
2936 1343 3055 1383 erat
3083 1347 3293 1398 verum,
3339 1333 3543 1387 indicio

1961 1429 2140 1475 tamen
2171 1432 2253 1475 est
2287 1437 2445 1490 quam
2476 1421 2679 1474 nullum
2713 1422 2906 1478 oifensi
2944 1424 3110 1477 animi
3141 1425 3377 1494 signum,
3399 1426 3540 1495 quod

1961 1515 2182 1582 quidem
2229 1515 2283 1567 in
2319 1515 2460 1582 vulgi
2519 1517 2858 1568 emanaterit
2919 1517 3183 1579 notitiam,
3219 1515 3440 1570 Alexius
3490 1518 3541 1570 in

1962 1602 2184 1656 Mariam
2215 1604 2460 1657 ediderit.
2498 1604 2768 1658 Cmtcrum
2805 1607 2990 1660 notitia
3022 1607 3371 1661 consiliorum
3418 1607 3546 1660 Dio-

1897 1699 2113 1798 Bgenis
2138 1695 2205 1749 ab
2239 1695 2370 1765 ipsis
2413 1695 2530 1764 ejus
2579 1697 2942 1751 familiaribus
2991 1710 3152 1767 atque
3209 1699 3547 1754 administr7s

1966 1783 2204 1837 subiecta
2267 1785 2466 1837 sensim
2507 1797 2869 1856 emtmctaque
2903 1798 2985 1841 est
3012 1790 3205 1841 crebro
3237 1797 3288 1841 et
3341 1802 3544 1842 arcano

1964 1885 2266 1928 commeatu
2291 1875 2526 1944 ipsorum
2559 1877 2621 1930 ad
2661 1878 2979 1946 Augustum.
3017 1879 3090 1930 Eo
3113 1895 3272 1947 porro
3304 1889 3544 1946 tempore

1965 1967 2068 2020 duo
2103 1984 2299 2036 genera
2333 1967 2609 2021 hominum
2674 1970 2948 2024 contrarie
2985 1971 3120 2025 licet
3176 1970 3366 2025 affecta
3398 1986 3546 2025 com-

1965 2060 2168 2112 moveri
2199 2074 2262 2111 ex
2318 2074 2471 2126 :cquo
2514 2060 2761 2128 contigit.
2829 2059 3106 2128 Siquidem
3149 2071 3205 2116 et
3258 2078 3393 2131 quos
3443 2077 3542 2116 sua

1965 2151 2297 2204 conscientia
2349 2152 2776 2218 reprehendebat
2810 2152 3098 2204 adluesisse
3144 2151 3360 2220 Diogeni
3394 2162 3445 2206 et
3489 2153 3542 2204 in

1965 2243 2317 2296 Consiliornm
2372 2242 2691 2297 societatem
2725 2259 2849 2296 cum
2916 2257 2978 2296 eo
3032 2243 3282 2306 coivisse,
3327 2243 3542 2305 vuigata

1959 2335 2071 2404 jam
2133 2335 2479 2390 convictione
2546 2335 3148 2403 comprehensioneque
3222 2333 3386 2396 illius,
3434 2335 3544 2387 imo

1964 2430 2129 2482 etiam
2159 2427 2428 2496 ejectione
2460 2427 2511 2480 in
2535 2426 2809 2491 exsilium,
2844 2443 2946 2480 non
2971 2442 3158 2496 parum
3187 2426 3547 2479 conturbabat

1964 2535 2093 2572 cura
2128 2517 2318 2572 salutis
2357 2520 2621 2588 ipsorum,
2689 2525 2740 2570 et
2788 2517 2839 2568 in
2899 2517 3115 2570 anxiam
3175 2516 3430 2585 perniciei
3465 2516 3546 2569 vi-

1967 2612 2143 2665 tanda:
2177 2611 2600 2665 sollicitudinem
2669 2609 2915 2663 trahebat
2972 2609 3210 2662 incertos
3244 2609 3405 2680 262
3439 2624 3546 2677 quo

1968 2717 2026 2754 se
2059 2711 2351 2755 verterent.
2385 2701 2483 2768 Qui
2521 2715 2649 2755 Vt‘t'O
2677 2716 2741 2754 ex
2776 2700 2957 2753 animo
2993 2699 3303 2768 imperaturi
3354 2701 3543 2753 stude-

1968 2797 2116 2859 baut,
2149 2793 2278 2846 dum
2315 2793 2635 2862 “putabant
2657 2792 3061 2860 c0ujuratorum
3104 2793 3152 2844 in
3177 2791 3292 2860 ejus
3319 2791 3542 2845 exitium

1969 2894 2078 2938 tum
2114 2901 2396 2938 numerum
2429 2885 2721 2954 ingentem,
2759 2893 2867 2935 tum
2911 2883 3226 2952 dignitatem
3257 2899 3320 2937 ac
3357 2895 3546 2950 peten-

1972 2981 2099 3033 tiam
2164 2978 2514 3047 przccipuam,
2583 2975 2759 3029 facere
2807 2991 2910 3028 non
2965 2984 3214 3044 poterant
3244 2977 3370 3045 quin
3430 2976 3544 3044 spei

275 3063 409 3126 τοὺς
467 3064 694 3127 λοιποὺς
726 3066 970 3134 ἀσφαλὲς
1016 3070 1302 3137 ἐλογίσατο
1338 3075 1474 3144 μηδὲ
1503 3077 1582 3138 εἱς
1613 3077 1857 3141 ἐξέτασιν

1968 3069 2298 3131 difﬁderent,
2335 3067 2777 3122 ctcomentiouis
2824 3082 3138 3122 successum
3195 3074 3543 3128 vererentur,

276 3157 514 3223 ἀγαγεῖν
544 3156 700 3220 ὅλως,
738 3158 872 3211 ἀλλὰ
901 3159 988 3212 διὰ
1019 3163 1366 3230 συμπαθείας
1400 3166 1622 3231 τούτους
1653 3171 1858 3238 μᾶλλον

279 3247 732 3316 καταμαλθάξαι.
759 3251 918 3302 Κατά
958 3253 1057 3318 μὲν
1087 3247 1180 3305 οὖν
1220 3254 1316 3323 τὴν
1345 3257 1588 3326 ἑσπέραν
1627 3259 1858 3326 ἕκαστος

279 3335 390 3387 τῶν
434 3339 744 3408 ὑπερορίων
799 3341 897 3410 τὴν
944 3341 1217 3413 λαχοῦσαν
1257 3344 1404 3416 αύτῷ
1456 3351 1858 3420 κατελάμϐανε,

281 3427 378 3480 καὶ
425 3428 455 3479 ὁ
500 3430 760 3498 Διογένης
807 3432 906 3502 τὴν
955 3436 1402 3504 Καισαρὸπολιν’
1437 3439 1544 3491 τῶν
1593 3440 1639 3492 δ’
1686 3442 1863 3495 ἄλλων

280 3513 460 3575 οὐδεὶς
488 3514 589 3583 τῆς
619 3518 827 3579 οἰκείας
853 3521 1148 3588 μεθίστατο
1175 3527 1582 3595 καταστάσεως,
1605 3529 1741 3584 ἀλλὰ
1768 3534 1863 3584 ἐπὶ

280 3606 486 3658 ταύτοῦ
523 3609 762 3674 ἅπαντες
792 3614 1198 3682 μεμενήκεσαν.

1971 3163 2022 3214 in
2056 3175 2219 3214 causa
2261 3164 2396 3214 bona
2461 3159 2697 3226 quidem,
2759 3170 2811 3213 at
2868 3160 2938 3212 ob
2991 3159 3312 3228 paucitatem
3348 3173 3541 3228 propu-

1970 3254 2250 3324 gnantium
2281 3252 2348 3305 ab
2382 3252 2698 3306 iucredebili
2732 3254 3154 3322 oppugnantium
3204 3253 3546 3306 multitudine

1971 3347 2127 3400 valde
2159 3345 2517 3413 periclitante.
2583 3344 2890 3398 l‘crtinebat
2921 3345 2984 3397 ad
3040 3343 3179 3397 hanc
3205 3344 3434 3398 classem
3490 3355 3550 3394 ut

1971 3439 2200 3508 perit-uli
2260 3441 2328 3491 ita
2382 3448 2434 3491 et
2497 3437 2879 3491 sollicitudinis
2939 3437 3191 3506 princeps
3250 3436 3548 3504 imperator

1973 3535 2107 3601 ipse,
2146 3532 2234 3600 qui
2262 3546 2413 3586 suam
2452 3544 2561 3583 rem
2599 3531 2680 3598 agi
2735 3529 3006 3583 sentiebat
3034 3529 3322 3582 maximam
3387 3527 3547 3580 verti-

1971 3640 2074 3694 que
2103 3637 2360 3693 supremo
2388 3621 2442 3675 in
2474 3620 2789 3676 discrimine
2831 3636 2980 3686 spem
3022 3631 3198 3675 status
3236 3634 3450 3674 omnem
3479 3634 3547 3671 ac

282 3702 530 3757 saiutis:
576 3706 860 3772 reputabat
891 3709 1099 3766 scilicet
1147 3715 1233 3767 vix
1283 3719 1523 3774 evasisse
1553 3735 1612 3774 se
1644 3722 1969 3778 incolumem
2003 3721 2072 3776 ab
2107 3719 2317 3774 insidiis
2373 3718 2566 3771 iterum
2621 3725 2673 3769 et
2727 3716 2884 3768 tertio
2950 3716 3175 3782 positis;
3242 3714 3547 3768 admouim-

282 3815 391 3870 que
428 3800 590 3854 toties
623 3801 689 3854 ad
745 3817 900 3858 suum
960 3806 1105 3864 latus
1157 3825 1220 3866 ac
1267 3815 1512 3884 jugulum
1553 3817 1872 3872 sceleratam
1916 3819 2082 3874 sicam
2119 3817 2296 3870 divina
2329 3813 2378 3866 vi
2427 3812 2661 3882 quadam
2731 3825 2792 3864 ac
2853 3809 3093 3874 fortuna,
3157 3825 3262 3864 non
3310 3811 3545 3864 lnnuana

284 3897 391 3952 ulla
430 3897 768 3966 providentia
795 3916 960 3970 opere
989 3905 1311 3964 declinasse.
1350 3909 1530 3968 Unum
1568 3923 1846 3968 auctorem
1915 3913 2170 3968 immanis
2224 3909 2448 3965 sceleris
2501 3908 2864 3978 prehensum,
2946 3915 3149 3958 restare
3229 3904 3540 3956 innumeros

282 3993 601 4060 coniuratos
629 3991 681 4044 in
732 3992 988 4062 idipsum,
1047 3999 1243 4066 quibus
1298 4017 1436 4070 quos
1492 4016 1791 4075 apponeret
1840 4006 1940 4060 sibi
1987 4007 2122 4059 fidos
2157 4016 2495 4073 nequaquam
2529 4001 2726 4054 habere
2759 4013 2819 4053 se
2846 3997 2948 4050 ulla
2979 4013 3043 4052 ex
3069 4004 3222 4081 parte
3257 4009 3542 4064 compara-

283 4085 424 4138 biles
464 4081 728 4148 dignitate
763 4100 1081 4143 numerove.
1136 4093 1442 4146 Attraetum
1478 4098 1620 4148 enim
1678 4097 1731 4148 iu
1789 4107 1998 4166 partem
2058 4107 2111 4150 et
2161 4095 2469 4150 ambitiosis
2518 4091 2773 4163 Diogenis
2827 4089 3262 4159 prenSationibus
3311 4104 3544 4158 corrup-

287 4187 398 4230 tum
457 4174 643 4229 liorem
679 4175 854 4242 ipsum
890 4180 1112 4232 urbanae
1144 4180 1498 4252 militarisque
1538 4190 1881 4253 praestantur.
1926 4189 2087 4256 Atqui
2165 4200 2222 4241 ut
2285 4186 2627 4241 multitudine
2685 4184 2911 4253 polleret
2960 4190 3013 4236 et
3071 4181 3364 4250 praevalere
3432 4192 3544 4235 tam

285 4271 474 4324 multis
530 4282 714 4338 posset
775 4275 821 4325 vi
861 4284 1066 4342 aperta,
1135 4277 1324 4330 durum
1393 4289 1511 4333 erat
1558 4292 1612 4336 et
1666 4294 1860 4338 caetera
1904 4284 2083 4338 indole
2115 4286 2332 4350 vitaque
2364 4283 2600 4336 alienum
2629 4279 2837 4350 saevire
2874 4277 3299 4334 mutilationibus
3352 4278 3402 4332 in
3464 4281 3549 4331 tot

286 4363 509 4428 capita:
554 4373 607 4417 et
654 4379 825 4433 pceiue
888 4369 1134 4434 quamvis
1197 4369 1449 4438 legitima:
1505 4373 1764 4430 invidiam
1816 4377 1866 4429 in
1909 4379 2176 4447 principua
2209 4375 2524 4446 reipublicae
2571 4377 2813 4429 membra
2869 4387 3188 4442 propagare.
3251 4373 3394 4425 Inter
3441 4371 3544 4426 has

289 4472 450 4512 curas
482 4460 612 4512 illud
660 4463 889 4528 primum
921 4463 1157 4514 statuit:
1192 4461 1481 4534 Diogenem
1530 4477 1584 4520 et
1631 4460 2010 4523 Calacaloucm
2043 4470 2442 4525 Cetrautnenum
2492 4467 2888 4536 conjurationis
2944 4474 3195 4519 auctores
3253 4465 3416 4518 totius
3477 4476 3545 4514 ac

290 4554 570 4622 principes
627 4552 1009 4622 Cmsaropolim
1065 4555 1378 4621 mittendos,
1440 4559 1621 4627 ibique
1677 4561 1728 4612 in
1765 4561 1997 4614 vinculis
2060 4562 2322 4614 duntaxat
2405 4559 2505 4613 sub
2561 4558 2666 4611 fida
2742 4556 2986 4611 custodia
3059 4557 3335 4610 habendos
3399 4555 3540 4607 citra

291 4643 667 4698 noxam.Nam
703 4648 916 4700 tametsi
967 4647 1210 4715 plerique
1253 4663 1444 4703 oumes
1503 4654 1860 4707 excaecandos
1924 4654 2239 4718 censebant,
2300 4651 2553 4721 expedire
2611 4651 2817 4704 tristem
2852 4649 3196 4713 sententiam,
3245 4649 3538 4702 clementia

290 4739 475 4790 innata
530 4748 583 4790 et
617 4737 767 4805 longa
805 4739 1190 4793 consuetudine
1214 4742 1414 4794 amoris
1445 4755 1508 4794 ac
1537 4742 1923 4798 benevolentiae
1989 4760 2085 4813 pro
2142 4744 2379 4810 DiOgenc
2403 4741 2885 4803 intercedentibus,
2943 4755 3214 4807 nunquam
3303 4740 3542 4808 impera-

295 4841 375 4884 tur
402 4831 602 4900 potuit.
659 4829 938 4899 “elegavit
987 4841 1245 4899 prarterea
1291 4835 1616 4886 necessitate
1673 4849 1864 4902 magna
1907 4835 2104 4898 victus,
2137 4833 2340 4886 sororis
2376 4847 2485 4885 sua:
2515 4833 2688 4883 virum
2741 4828 3053 4883 Michaeletn
3118 4829 3428 4883 Tarenitam
3489 4841 3543 4886 et

1764 4964 1778 4977 .
1858 4963 1871 4977 .
1903 4938 2197 4991 eorumque
2226 4923 2364 4976 bona
2399 4921 2713 4990 publicavit.
2745 4921 2965 4974 Cteteris
2995 4921 3242 4975 erunibus
3309 4937 3378 4976 ne
3436 4939 3539 4976 att-

295 5015 420 5068 ditis
449 5014 667 5082 quidem
697 5024 786 5065 aut
818 5014 1025 5067 voc:itis
1055 5014 1106 5066 in
1140 5031 1390 5076 examen,
1426 5014 1722 5070 liberaliter
1761 5016 1938 5069 facere
1961 5017 2189 5084 gratiam
2231 5015 2474 5069 criminis
2505 5013 2766 5076 decrevit,
2809 5025 3038 5081 eamque
3065 5013 3207 5066 ultro
3242 5029 3540 5084 repraesen-

299 5115 434 5171 tare,
459 5121 569 5174 quo
596 5120 712 5169 eos,
736 5106 780 5158 si
816 5105 932 5158 fieri
964 5117 1163 5172 posset,
1205 5106 1463 5161 facilitate
1495 5119 1638 5162 tanta
1679 5112 2056 5165 reconciliaret
2117 5110 2240 5164 sibi.
2301 5108 2414 5164 Sub
2465 5122 2743 5176 vesperam
2826 5107 3164 5177 promulgata
3190 5113 3202 5131 '
3229 5117 3540 5166 exsecutio-

297 5204 458 5269 nique
489 5199 733 5254 mandari
773 5211 945 5268 empta
981 5201 1092 5254 haec
1148 5202 1362 5254 decreta
1430 5211 1574 5266 sunt,
1629 5204 1858 5274 Diogene
1887 5205 1994 5272 jam
2031 5215 2142 5258 tum
2174 5202 2578 5266 Caesarooolim,
2609 5202 2728 5258 aliis
2778 5202 2886 5258 alio
2911 5215 3020 5271 quo
3060 5214 3217 5256 erant
3277 5206 3526 5274 reiegutii

299 5293 667 5364 pergentibus.
703 5290 918 5344 Conscii
958 5292 1135 5345 caeteri
1172 5295 1310 5360 apud
1366 5308 1424 5347 se
1459 5295 1686 5363 quisque
1731 5301 1876 5351 taciti
1907 5313 2177 5352 uiausere.

377 5385 470 5436 Ἐν
501 5384 716 5443 τούτοις
745 5379 802 5432 δὲ
845 5382 959 5444 τοῖς
1007 5382 1202 5443 δεινοῖς
1243 5382 1412 5435 ὄντων
1439 5385 1506 5453 τῇ
1544 5389 1661 5453 μετ’
1699 5388 1857 5457 abii-,1

2049 5388 2104 5440 In
2143 5389 2241 5443 hac
2271 5396 2413 5440 tanta
2448 5387 2761 5441 difficultate
2795 5399 2970 5438 rerum
2999 5387 3267 5456 cogitabat
3306 5389 3542 5455 imperan

301 5474 622 5545 βουλομένου
649 5470 746 5523 τοῦ
779 5471 1180 5541 αὐτοκράτορος
1218 5472 1691 5552 panni/koch:
1728 5478 1855 5529 πάλ-

1966 5465 2267 5534 ιοιοίνοροτο
2293 5480 2550 5550 postridie
2583 5495 2772 5535 omnes
2803 5479 2854 5531 in
2877 5482 3216 5533 concionem.
3255 5477 3478 5532 SJilit:it~
3505 5495 3533 5533 ε

1293 5615 1301 5624 ’
1378 5609 1582 5672 Variae
1617 5611 1922 5677 lectiones
1955 5633 2028 5675 ex
2065 5615 2202 5678 cod.
2241 5615 2506 5677 Coislin.

371 5729 419 5762 ⁸⁸
447 5731 862 5803 κυμαινόμενοι.
941 5730 988 5765 ³⁸
1016 5734 1329 5804 Καυμένον.
