3970 6200
237 352 341 420 731

1517 369 1931 431 ALEXlADlS
1967 373 2114 431 LIB.
2149 374 2222 432 X.

3387 383 3493 445 702

237 468 508 559 ἐπιμύσαι
543 469 612 522 τὰ
666 470 947 544 βλέφαραο
979 474 1084 530 κᾶν
1118 479 1278 546 ἡμεῖς
1313 478 1549 546 σταγόνα
1585 477 1804 547 μικρὰν,

1919 488 2004 533 tus
2030 480 2083 533 in
2110 480 2449 534 contumacia
2474 479 2845 550 deprehensus
2877 483 2943 536 ab
2968 483 3032 538 iis
3051 492 3154 548 est,
3194 494 3304 538 tant
3330 488 3486 559 271

234 551 396 607 εἶπεν
431 557 498 609 ἄν
515 575 598 618 τις
619 561 868 628 εἰκότως,
895 567 956 617 ὲκ
995 568 1086 619 τοῦ
1132 567 1508 638 ’Δδριαντικοῦ
1541 569 1815 636 πελάγους

235 648 650 719 ἀνιμησάμεθα,
668 653 824 720 ὀλίγα
855 657 961 708 τῶν
986 660 1107 712 κατ’
1137 663 1314 714 έκεῖνο
1339 662 1535 730 καιροῦ
1564 677 1818 730 πεπραγ-

236 738 421 806 μένων
471 740 548 808 τῷ
595 743 808 811 βασιλεῖ
859 750 1326 819 παραγράψαντες
1372 750 1573 819 μᾶλλον
1611 753 1643 821 ἢ
1680 752 1815 819 γράο

232 826 462 895 ψαντες.
502 830 646 883 Ἀλλ’
684 835 890 896 ἐκεῖνος
923 838 1152 906 ἀντέσχε
1182 841 1318 909 πρὸς
1345 841 1564 894 ᾶπαντα
1591 841 1815 906 κύματά

231 937 291 972 τε
324 921 424 974 καὶ
472 923 750 987 κλύδωνας
795 927 900 991 ἕως
952 931 1050 998 τήν
1087 932 1187 999 τῆς
1226 932 1504 1002 βασιλείας
1537 933 1815 1002 οὐριοδρο-

232 1014 446 1082 μοῦσαν
475 1017 609 1070 ναῦν
653 1022 734 1082 εἰς
763 1021 988 1091 λιμένας
1047 1025 1349 1089 ἀκλύστους
1393 1028 1666 1096 ὁρμεσειε.
1702 1029 1813 1082 Καὶ

225 1107 322 1169 τίς
353 1108 421 1160 ἂν
447 1109 480 1178 ἢ
511 1112 884 1180 Δημοσθένους
942 1117 1082 1185 ἠχὼ,
1112 1118 1142 1186 ἢ
1182 1117 1359 1188 ῥοῖζος
1395 1119 1738 1188 Πολέμωνος.
1776 1121 1808 1191 ἢ

239 1201 544 1270 Ὀμηρικαὶ
589 1208 761 1258 πᾶσαι
796 1209 1009 1262 Μοῦσαι
1039 1211 1106 1262 τὰ
1153 1212 1347 1280 ἐκείνῳ
1398 1212 1811 1281 κατωρθωμένα

227 1292 370 1358 πρὸς
402 1293 561 1354 ἀξίαν
609 1296 958 1365 ὑμνήσειαν;
1009 1299 1151 1368 Ἐγὼ
1205 1301 1250 1354 δ’
1281 1302 1346 1354 ἂν
1385 1303 1554 1370 φαίην
1601 1303 1708 1354 οὐδ’
1743 1302 1810 1355 ἂν

225 1377 396 1440 αὐτὸς
431 1381 676 1447 Πλάτων,
699 1385 809 1436 οὐδ’
839 1385 904 1438 ἂν
928 1387 1190 1456 ξύμπασα
1223 1389 1354 1441 στοὰ
1379 1390 1475 1441 καὶ
1502 1389 1810 1458 Ἀκαδημία

225 1469 306 1530 εἰς
366 1471 569 1523 ταύτὸν
608 1476 1044 1544 συνεληλυθυῖαι,
1090 1480 1370 1550 προσῆκον
1423 1480 1525 1549 τῆς
1595 1482 1807 1534 ἐκείνου

224 1559 405 1628 ψυχῆς
441 1565 865 1634 ἐφιλοσόφησαν
895 1573 1061 1639 μήπω
1095 1575 1204 1640 γὰρ
1234 1573 1600 1640 παυσαμένων
1632 1575 1677 1605 ’⁸
1699 1576 1808 1626 τῶν

223 1654 520 1719 χειμώνων
584 1658 810 1711 ἐκείνων
867 1664 960 1714 καὶ
1019 1663 1126 1716 τῶν
1163 1665 1516 1718 πολυπλόκων
1550 1665 1806 1734 πολέμων

225 1745 364 1812 μηδὲ
401 1747 498 1798 τοῦ
541 1750 822 1816 ’κλύδωνος
852 1755 1255 1826 ἀφυϐρίσαντος
1275 1761 1342 1823 ’⁸,
1370 1760 1563 1828 ἕτερος
1595 1759 1806 1828 χειμὼν

224 1839 444 1901 οὐδενὸς
492 1841 606 1894 τῶν
654 1846 964 1916 εἰρημένων
1025 1852 1263 1903 ἐλάττων
1320 1851 1468 1921 αὐτῷ
1509 1854 1552 1884 ³⁷
1583 1853 1806 1916 ἐπεγεί-

222 1947 398 1999 pauc.

1921 571 2037 639 ipse
2059 587 2219 640 quam
2249 573 2365 639 ejus
2399 575 2647 641 dogmata
2681 585 2940 641 perpetuo
2966 585 3093 628 sunt
3125 577 3326 644 pariter
3356 595 3492 632 ana-

1923 663 2148 716 themati
2205 663 2467 728 subjecta.
2535 666 2609 715 lta
2670 665 3002 733 imperator,
3055 677 3112 716 ttt
3161 668 3490 734 gubernator

1929 755 2126 818 bonus,
2157 755 2378 808 crebros
2398 755 2670 809 eluctatus
2715 756 2966 808 incursus
3001 768 3187 810 contra
3223 761 3489 812 ruentium

1919 847 2208 909 undarum,
2239 856 2290 899 et
2323 848 2604 900 :estuantis
2629 848 2808 900 muttdi
2838 849 3003 902 vastis
3033 848 3284 904 fluctibus
3307 867 3490 904 emen-

1917 936 2016 996 sis,
2050 937 2436 991 ecclesiasticis
2468 939 2688 1004 insuper
2721 939 2880 990 rebus
2911 951 3059 992 recte
3091 942 3402 994 constitutis
3437 943 3485 994 in

1917 1029 2020 1080 alia
2048 1029 2157 1096 jam
2188 1045 2252 1084 ex
2287 1030 2410 1084 aliis
2439 1029 2698 1082 bellorum
2731 1045 2792 1082 ac
2829 1030 3149 1083 ttnnttltnutn
3175 1033 3487 1086 discrimina

1917 1133 2178 1174 vocatur:
2214 1123 2295 1176 vir
2323 1137 2390 1176 eo
2421 1131 2578 1176 natus
2606 1123 2712 1174 fato
2744 1134 2796 1174 ιιι
2835 1137 2902 1174 ne
2930 1123 3232 1190 respirandi
3265 1126 3484 1191 quidem

1915 1228 2177 1281 unquam,
2209 1223 2300 1266 aut
2344 1216 2484 1280 quod
2539 1215 2712 1277 aiunt,
2753 1215 3082 1268 cennivendi
3111 1215 3344 1282 Spatium
3398 1217 3493 1269 Ita-

1914 1305 2084 1359 lteret.
2119 1306 2267 1359 Adeo
2291 1305 2430 1357 illius
2464 1307 2712 1359 virtutem
2744 1308 2898 1373 quasi
2951 1308 3156 1359 firmam
3183 1322 3370 1357 navem
3399 1321 3494 1368 ex-

1913 1398 2163 1450 ercebant
2198 1411 2413 1463 semper
2439 1397 2526 1458 alii
2561 1413 2721 1462 super
2745 1398 2879 1449 alios
2910 1397 3192 1448 affluentes
3225 1395 3486 1448 malorum

1915 1504 2102 1542 amnes
2139 1488 2504 1555 periculorum
2543 1489 2840 1542 verticibus
2885 1490 3156 1552 minaces;
3194 1489 3274 1540 vel
3313 1489 3490 1552 ponus

1913 1579 2031 1632 sine
2063 1588 2215 1644 portu
2244 1592 2306 1630 ac
2340 1578 2518 1631 littore
2565 1579 2614 1628 in
2668 1581 2988 1632 itntnensntn
3031 1588 3181 1630 vasta
3224 1579 3490 1643 saevisque

1916 1670 2168 1738 pret-ellis
2208 1667 2400 1724 infesta
2436 1671 2627 1724 maria.
2663 1672 2791 1735 Quae
2845 1686 2946 1736 ego
2979 1681 3255 1736 utcunque
3309 1684 3486 1732 rerum

1911 1761 2084 1814 Alexii
2131 1762 2356 1828 Augusti
2413 1762 2654 1830 professa
2705 1765 3104 1825 narrationem,
3163 1778 3264 1814 non
3307 1762 3490 1826 utique

1916 1854 2097 1906 omnia
2144 1854 2196 1906 in
2224 1854 2363 1908 hunc
2402 1855 2568 1907 veluti
2611 1865 2896 1920 angustum
2934 1855 3115 1922 operis
3141 1853 3242 1905 mei
3277 1854 3483 1903 alveum

1916 1946 2191 1999 corrivare
2221 1961 2432 2011 sperem
2465 1963 2642 2015 posse.
2673 1948 2813 2011 Quin
2851 1948 2988 2000 ultro
3030 1947 3198 2000 fateor
3228 1948 3338 2000 lucc
3368 1960 3486 2011 quae

217 2027 286 2076 ad
310 2026 589 2091 specimen
621 2046 685 2084 ac
713 2034 1028 2085 memoriam
1060 2045 1423 2098 excerpuntur
1451 2051 1478 2088 a
1517 2052 1620 2098 me,
1673 2037 2011 2104 summisque
2059 2040 2238 2106 potius
2300 2039 2530 2107 fastigiis
2576 2041 2886 2094 delibantur
2939 2056 3099 2107 quam
3153 2043 3480 2107 exsequendi

217 2117 404 2170 omnia
442 2133 538 2185 spe
565 2131 658 2175 aut
685 2124 915 2176 consilio
944 2125 1276 2186 scribuntur,
1313 2127 1356 2178 si
1387 2129 1452 2179 ad
1480 2129 1790 2182 universum
1824 2145 2018 2196 corpus
2040 2146 2222 2184 rerum
2246 2131 2313 2184 ab
2361 2132 2548 2185 Alexio
2588 2141 2856 2199 gestarum
2909 2143 3316 2198 comparentur,
3365 2145 3484 2182 eam

219 2209 332 2263 fere
368 2215 505 2266 tueri
544 2217 940 2282 proportionem
971 2217 1147 2284 qualis
1187 2225 1329 2270 esset
1355 2218 1510 2272 stillte
1537 2221 1695 2272 unius
1725 2237 1789 2274 ex
1827 2224 1960 2275 mari
1994 2224 2269 2276 Adriatico
2297 2225 2500 2276 Imusue
2565 2225 2630 2278 ad
2668 2232 2832 2276 totam
2866 2226 2980 2290 ejus
3042 2224 3210 2290 pelagi
3263 2224 3487 2276 vastita-

219 2314 352 2358 tctn.
389 2305 586 2360 Verum
613 2324 706 2371 per
727 2309 822 2361 ltas
854 2319 1200 2375 tempestates
1223 2327 1422 2378 perque
1471 2313 1569 2365 hos
1626 2312 1846 2378 ﬂuctus,
1894 2315 2065 2368 divini
2115 2317 2328 2404 q'llltlt'lll
2359 2318 2561 2370 favoris
2587 2320 2859 2385 aspirante
2891 2334 3044 2380 aura,
3078 2318 3278 2368 salvam
3312 2317 3395 2368 ille
3424 2334 3486 2371 ac

217 2398 508 2448 victricem
545 2398 756 2463 imperii
791 2401 1068 2451 naventad
1099 2416 1414 2468 prosperum
1443 2414 1658 2468 portum
1705 2404 1931 2473 appulit.
1966 2406 2083 2472 Quo
2136 2398 2352 2460 nomine
2401 2425 2562 2477 quam
2628 2410 2837 2462 laudent
2907 2409 3123 2470 meruit,
3193 2423 3294 2458 non
3365 2423 3482 2460 eam

219 2501 318 2540 τοι
349 2490 754 2550 Demosthenis,
789 2505 890 2542 non
927 2489 1230 2544 Polemonis
1251 2503 1467 2547 torrens
1499 2495 1798 2562 ingenium,
1837 2515 1945 2553 non
2007 2500 2305 2554 Homerica:
2363 2515 2551 2554 omnes
2608 2501 2776 2555 Musae
2801 2517 2895 2564 pro
2923 2502 3178 2571 dignitate
3239 2502 3481 2554 celebra-

222 2581 429 2633 verint.
466 2579 580 2636 lmo
612 2599 676 2636 ne
702 2584 816 2653 ipsc
841 2585 1054 2648 quidem
1084 2585 1258 2645 Plato.
1291 2603 1464 2654 neque
1485 2589 1528 2641 si
1556 2587 1801 2644 Porticus
1830 2605 1952 2644 eum
1991 2592 2282 2644 Academia
2351 2593 2666 2658 conspirent
2695 2631 2708 2655 ,
2766 2593 3132 2660 philosophari
3191 2594 3509 2659 quidquam.

225 2691 328 2726 non
348 2675 586 2728 heroicis
605 2676 1340 2736 Alexiimeritisminustneo
1381 2679 1584 2747 judicio
1621 2694 1804 2748 queam

1912 2683 2000 2736 Sed
2041 2683 2149 2747 jam
2173 2685 2238 2736 ad
2271 2685 2431 2736 alium
2464 2687 2730 2738 turbinem
2768 2689 3086 2740 veniendum
3117 2697 3198 2739 est
3221 2687 3308 2752 qui
3340 2689 3486 2752 prio-

226 2783 346 2821 rum
383 2770 529 2822 tmllo
555 2771 933 2824 formidolosus
960 2772 1361 2840 veltemensque
1423 2773 1601 2826 minus
1655 2773 1872 2828 vixdum
1906 2778 2110 2831 sedatis
2145 2777 2254 2830 illis
2302 2792 2363 2830 ac
2397 2781 2706 2846 compositis
2759 2779 2956 2846 ingruit
3012 2779 3064 2829 in
3107 2777 3374 2829 fortunam
3421 2789 3486 2830 ac

223 2873 423 2916 statum
456 2879 536 2930 p't'
551 2863 623 2915 ris
651 2863 775 2914 mei.

299 2958 414 3010 Καὶ
449 2956 556 3024 γὰρ
605 2956 888 3024 ἄνθρωπός
923 2973 1004 3016 τις
1061 2957 1122 3007 οὐ
1153 2955 1261 3006 τῶν
1314 2955 1617 3023 ἐπιφανῶν,
1676 2957 1812 3010 ἀλλὰ

230 3047 328 3100 καὶ
353 3048 452 3116 τῆς
488 3047 640 3100 κάτω
668 3048 838 3116 τύχης
869 3049 931 3098 ἐκ
955 3047 1046 3098 τοῦ
1079 3048 1320 3116 χάρακος
1349 3046 1692 3117 ὁρμώμενος,
1717 3050 1810 3100 τὸν

227 3140 324 3192 τοῦ
362 3140 649 3206 Διογένους
707 3140 821 3191 υἱὸν
855 3139 966 3208 (87)
1001 3139 1192 3191 ἑαυτὸν
1254 3133 1394 3190 εἶναι
1456 3139 1663 3206 ἔλεγεν,
1705 3141 1808 3193 κάν

228 3234 440 3295 ἐκεῖνος
519 3233 733 3299 (ιςθάσας
799 3233 1038 3302 ἀνῃρέθη
1089 3232 1330 3300 ὁπηνίκα
1380 3233 1471 3283 τὸν
1524 3233 1660 3300 μετᾶ
1698 3234 1807 3285 τῶν

230 3325 492 3393 Τούρκων
525 3325 670 3376 κατὰ
709 3324 807 3391 τὴν
871 3324 1202 3392 Ἀντιόχειαν
1235 3324 1280 3354 ’⁸
1317 3325 1552 3392 πόλεμον
1594 3328 1622 3376 ὁ
1701 3327 1808 3378 Ko-

233 3417 438 3487 μνηνὸς
477 3417 749 3478 Ἰσαάκιος
793 3416 890 3468 καὶ
919 3416 1252 3482 αύτάδελφος
1279 3417 1370 3468 τοῦ
1403 3417 1805 3485 αὐτοκράτορος

229 3509 652 3579 συνεκράτησεν.
691 3507 882 3566 Ὅπως
923 3507 1004 3570 δὲ,
1039 3507 1114 3576 τῷ
1142 3505 1643 3576 λεπτομερέστερον
1689 3509 1806 3560 eos.

228 3601 376 3654 λοντι
411 3601 706 3668 μανθάνειν
761 3600 982 3665 ἐξέσται
1009 3602 1116 3652 ἀπὸ
1142 3601 1248 3653 τῶν
1281 3603 1374 3652 τοῦ
1418 3601 1635 3653 κλεινοῦ
1667 3600 1799 3652 Καί·

229 3711 397 3764 σαρος
425 3693 880 3762 συγγραμμάτων
904 3693 1223 3761 ὃιεντυχεῖν.
1255 3693 1414 3761 Παρὰ
1456 3693 1669 3745 πολλῶν
1705 3694 1803 3762 μὲν

225 3787 318 3840 οὖν
352 3789 396 3819 ⁹⁹
431 3786 920 3852 ἐπιστομιςὸμενος
941 3787 967 3836 ὁ
990 3785 1227 3847 τοιοῦτος
1252 3785 1486 3837 ἐπαύετο
1529 3785 1800 3852 οὐδαμῶς.

228 3881 340 3932 Καὶ
367 3881 478 3946 γάρ
520 3875 652 3946 ἦλθε
691 3877 789 3942 μὲν
837 3873 994 3938 οὗτος
1039 3876 1097 3938 ἐξ
1143 3879 1404 3943 ἀνατολῆς,
1438 3875 1483 3905 ³ο
1511 3874 1684 3940 πένης
1741 3891 1800 3924 τε

227 3974 319 4025 καὶ
347 3971 783 4039 σισσυροφορῶν·
811 3969 1248 4038 πανουργότατος
1278 3969 1331 4020 δὲ
1359 3967 1434 4019 ὢν
1455 3971 1550 4020 καὶ
1581 3967 1640 4018 τὸ
1672 3963 1802 4036 ἦθος

226 4065 568 4133 πολύτροπος
605 4062 945 4132 περιενόστει
1003 4063 1102 4130 τὴν
1153 4062 1328 4123 πόλιν,
1368 4060 1486 4112 κατ’
1515 4058 1699 4122 οἴκους
1743 4073 1802 4110 τε

226 4156 322 4207 καὶ
343 4152 687 4223 ρυμοτομίας
714 4155 842 4222 περὶ
860 4150 1057 4203 ἑαυτοῦ
1089 4151 1271 4219 ὑψηλά
1292 4167 1412 4202 τινα
1437 4149 1799 4217 διαγγέλλων,

226 4248 323 4297 καὶ
375 4243 454 4306 ὡς
483 4244 570 4313 εἴη
607 4244 701 4296 τοῦ
749 4242 1312 4313 προϐεϐασιλευκὸτος
1355 4242 1642 4309 Διογένους
1686 4241 1803 4304 υἱὸς

223 4339 377 4392 Λέων
407 4339 635 4404 ἐκεῖνος,
666 4336 726 4400 ὃς
778 4339 920 4390 κατὰ
953 4335 1054 4406 τὴν
1097 4336 1430 4404 Ἀντιόχειαν
1457 4336 1560 4388 ὑπὸ
1591 4334 1800 4404 βέλους,

226 4433 298 4494 ὡς
353 4431 596 4500 εἴρηται,
634 4430 863 4498 πληγεὶς
917 4429 1347 4496 ἐτετελευτήκει.
1419 4426 1802 4481 ’Λναὸιὼσκων

230 4525 408 4576 τοίνυν
439 4523 532 4575 τὸν
563 4521 863 4589 τεθνηκότα
893 4517 1050 4582 οὗτος
1077 4522 1106 4573 ὁ
1133 4520 1348 4584 ἀλαζὼν
1389 4518 1632 4588 τοῠνομά
1657 4536 1716 4570 τε
1741 4518 1801 4570 τὺ

226 4613 436 4666 ἑκείνου
484 4611 664 4680 ἑαυτῷ
697 4611 1016 4681 περιετίθει,
1057 4610 1154 4661 καὶ
1192 4610 1442 4677 φανερῶς
1491 4609 1798 4672 ὲὸασιλεία,

1985 2954 2199 3007 Exstitit
2242 2952 2422 3005 subito
2453 2968 2481 3004 e
2525 2951 2654 3004 hcce
2686 2952 2946 3004 castrensi
2981 2963 3137 3005 terrae
3184 2952 3322 3004 ﬁlius
3360 2953 3482 3018 qui—

1911 3048 2032 3100 dam
2069 3047 2230 3098 homo
2266 3045 2418 3098 nihili
2468 3045 2558 3111 qtti
2596 3059 2653 3098 se
2699 3044 2987 3112 Diogenem
3019 3059 3141 3096 esse
3187 3043 3484 3096 affirmaret

1908 3141 2026 3209 ejus
2060 3140 2149 3206 qui
2186 3138 2312 3192 olim
2344 3138 2448 3192 isto
2474 3138 2691 3190 nomine
2727 3139 3085 3204 imperaverat
3117 3136 3303 3190 filium.
3337 3135 3484 3190 Salis

1909 3235 2196 3286 constabat
2226 3231 2375 3284 illum
2412 3229 2567 3294 cujus
2601 3231 2652 3282 itt
2705 3244 2897 3282 nomen
2951 3245 3012 3281 ac
3069 3243 3351 3296 personam
3404 3229 3485 3280 in-

1912 3325 2140 3377 vadcbat
2169 3323 2460 3392 plagiarios
2496 3323 2580 3374 ltic
2637 3321 2855 3381 nebulo,
2911 3320 3254 3372 interfectum
3313 3319 3481 3372 fuisse

1911 3430 1977 3467 eo
2013 3415 2200 3483 prteléo
2236 3417 2399 3481 quod,
2440 3412 2642 3466 lsaacio
2667 3429 2808 3464 nunc
2855 3413 3317 3473 sebastocratore,
3353 3419 3480 3462 tunc

1907 3503 2210 3558 Romanum
2269 3506 2567 3561 exercitum
2620 3506 2898 3563 ductante,
2950 3503 3299 3553 cmntnissnm
3353 3515 3476 3550 cum

1909 3597 2102 3648 Turcis
2153 3603 2236 3648 est
2283 3597 2346 3648 ad
2386 3595 2749 3648 Antiochiam.
2787 3594 2854 3645 de
2889 3608 2994 3660 quo
3046 3592 3133 3657 qui
3172 3590 3480 3643 distinctius

1909 3689 2051 3742 scire
2106 3687 2286 3747 volet,
2337 3687 2500 3740 habet
2550 3685 2970 3738 commentarios
3017 3681 3188 3734 nostri.
3223 3679 3478 3736 Ctesaris,

1909 3795 2043 3848 quos
2084 3778 2333 3832 consulat
2367 3793 2382 3831 :
2421 3785 2602 3828 tamen
2660 3774 2947 3827 multorum
3001 3770 3244 3824 factiosis
3286 3769 3482 3822 studiis

1910 3879 1966 3921 et
2006 3914 2011 3920 .
2046 3867 2520 3920 adhortationibus
2597 3864 2948 3916 continuatus
3020 3863 3482 3913 circumforancus

1906 3970 2094 4030 agyrta
2144 3961 2519 4027 perseverabat
2550 3957 2691 4024 quod
2740 3958 2902 4009 semel
2938 3964 3199 4021 (mperat.
3250 3955 3312 4006 Et
3363 3963 3482 4006 erat

1909 4052 2059 4104 vafer
2105 4061 2425 4117 asmtusqtte
2477 4047 2794 4109 lton‘tuncio,
2842 4045 2928 4099 cui
2983 4045 3278 4098 necessitas
3328 4045 3480 4111 iugc-

1906 4147 2052 4200 nium
2094 4153 2334 4196 acuerat.
2361 4142 2600 4196 Venerat
2632 4141 2778 4194 enim
2806 4141 2874 4192 ab
2907 4139 3131 4193 Oriente
3172 4138 3483 4192 Constanti-

1908 4235 2143 4304 nopolim
2179 4251 2344 4304 egens
2384 4245 2438 4290 et
2468 4249 2770 4302 pannosus;
2820 4234 2999 4302 itaque
3053 4234 3346 4284 versutiam
3387 4246 3482 4297 pro

1906 4343 1965 4384 re
1989 4339 2214 4396 arthne
2250 4326 2476 4390 habens,
2511 4339 2630 4381 eam
2669 4326 2984 4379 streuttein
3021 4339 3194 4392 «usum
3242 4323 3481 4390 explict-

1907 4421 2022 4484 bat,
2057 4421 2247 4474 obiens
2297 4420 2515 4471 vicatim
2573 4419 2784 4475 urbem,
2829 4419 3123 4482 domosque
3167 4425 3480 4483 penetrans,

1907 4521 2072 4580 atque
2104 4513 2208 4564 illic
2240 4513 2378 4579 apud
2415 4511 2669 4564 credulos
2703 4511 2900 4562 mirum
2932 4524 3093 4576 quam
3146 4507 3362 4560 excelsa
3413 4505 3480 4556 de

1907 4618 1965 4657 se
1993 4603 2314 4670 prtedicans.
2344 4601 2610 4654 Nimirum
2643 4616 2701 4654 se
2735 4616 2854 4654 esse
2881 4601 3003 4666 ejus
3038 4599 3127 4663 qui
3181 4612 3352 4664 nuper
3382 4596 3479 4646 int-

230 4705 320 4755 καὶ
367 4705 497 4765 τοὺς
551 4704 918 4772 κουφοτέρους
956 4702 1222 4771 ὑπήγετο.
1283 4703 1393 4753 Καὶ
1435 4696 1506 4770 ἦν
1548 4701 1658 4770 ἄρα
1706 4701 1802 4754 καὶ

1912 4705 2192 4766 peraverat
2225 4695 2479 4764 Diogenis
2515 4694 2683 4746 filium
2722 4693 2956 4746 Leonem
3003 4691 3150 4743 illum
3197 4689 3288 4756 qui
3335 4689 3476 4755 apud

227 4794 383 4848 τοῦτο
413 4797 476 4847 τὸ
505 4794 678 4847 δεινὸν
712 4794 954 4862 ἐπιθήκη
1008 4793 1117 4846 τῶν
1147 4793 1238 4845 τοῦ
1272 4792 1538 4861 βασιλέως
1579 4807 1796 4860 συμφος

232 4885 360 4955 ρῶν,
404 4885 594 4957 ὥσπερ
632 4901 686 4938 τι
741 4886 925 4955 δρᾶμα
974 4883 1459 4953 ὲπιτραγιρδούσης
1511 4881 1662 4950 αὑτῴ
1696 4882 1798 4950 τῆς

229 4977 394 5048 τύχης
413 4975 603 5030 τοῦτον
622 4977 715 5029 τὸν
739 4974 1132 5045 κακοδαίμονα.
1157 4974 1267 5028 Καὶ
1299 4973 1516 5042 ὥσπερ,
1547 4967 1708 5042 οἶμαι
1725 4970 1795 5038 ³¹,

1899 4787 2244 4842 Antiochiam
2277 4787 2473 4856 sagitta
2506 4787 2674 4850 ictus,
2703 4795 2763 4838 ut
2789 4785 3046 4844 diximus,
3103 4781 3343 4845 obierat;
3395 4788 3480 4832 ta-

1907 4894 2028 4935 men
2054 4879 2222 4948 272⁴
2250 4894 2372 4931 eum
2421 4878 2512 4932 hic
2561 4879 2823 4944 impostor
2854 4877 3118 4930 excitarat
3170 4889 3199 4926 a
3249 4873 3479 4927 mortuis

1903 4970 2132 5033 scilicet,
2166 4979 2316 5022 certe
2370 4969 2515 5022 illitts
2560 4979 2818 5035 usurpato
2870 4965 3086 5020 nomine
3119 4963 3261 5017 haud
3315 4962 3477 5017 dissi-

1258 5091 1458 5152 Variae
1503 5091 1813 5152 lectiones
1856 5104 1940 5150 ex
1977 5089 2118 5151 cod.
2153 5088 2419 5149 Coislin.

301 5199 346 5268 ξ’
372 5198 763 5267 παυσαμένων.
856 5198 902 5228 ’⁸
928 5197 1324 5268 ἡσυχάσαντος.
1429 5195 1474 5225 "
1503 5194 1704 5246 αὐτῶν.

233 5266 275 5298 ⁸¹
296 5267 428 5336 ἄρα.

1792 5192 1840 5224 ³⁸
1861 5191 2161 5260 Ἂντιόχου.

2240 5192 2285 5222 ’³
2322 5190 2527 5243 Desunt
2555 5201 2718 5242 voces
2747 5187 2847 5256 μὲν
2873 5183 2989 5240 οὖν.
3093 5183 3138 5215 ³⁸
3170 5181 3467 5236 ἀνατολῶν.

1310 5402 1798 5465 Car.Dofresnii
1832 5406 1929 5464 Du
1970 5398 2187 5479 Cangii
2227 5404 2413 5460 notae.

305 5509 417 5579 (87)
447 5510 764 5580 Διογένους
792 5507 944 5561 υἱόν.
981 5501 1486 5580 Pseudo-Diogenis
1538 5503 1791 5580 rebellio-

233 5570 352 5632 net‘n
384 5570 435 5632 et
461 5570 877 5634 cxt'zecationem
914 5577 1077 5632 refert
1107 5577 1270 5628 etiam
1307 5570 1568 5626 Zonaras.
1617 5570 1662 5625 ls
1695 5588 1792 5624 att-

237 5658 340 5702 tem
377 5650 630 5718 Diogenis
667 5650 795 5715 imp.
826 5648 965 5702 filius
998 5661 1103 5718 non
1138 5645 1270 5718 Leo,
1303 5641 1563 5718 uti__ltabet
1590 5644 1790 5718 _Anna,

236 5719 326 5772 sed
357 5711 756 5775 ϐοιιέιιιηιίηυε
790 5731 1031 5771 vocatur.
1091 5717 1162 5768 Ita
1185 5716 1328 5766 enim
1362 5712 1561 5766 diserte
1590 5711 1790 5780 Bryen-

235 5791 374 5855 nius,
407 5791 500 5844 lib.
541 5807 575 5854 t,
610 5806 728 5858 σεε).
753 5789 804 5853 6,
839 5797 889 5841 t-t
926 5787 1013 5842 lib.
1050 5802 1108 5851 tt,
1140 5800 1258 5854 eap.
1293 5783 1382 5844 29,
1440 5783 1526 5836 ubi
1559 5783 1676 5852 ejus
1724 5781 1790 5834 ad

1903 5501 2246 5555 Antiochiam
2297 5497 2569 5552 interitum
2606 5507 2822 5549 enarsat
2875 5493 2976 5547 sub
3029 5509 3118 5545 an.
3171 5485 3326 5540 l070.
3363 5483 3472 5539 Leo

1904 5586 2034 5625 vero
2069 5573 2120 5624 in
2151 5572 2338 5638 praelio
2366 5580 2559 5638 contra
2593 5568 2824 5638 Scythas
2857 5563 3048 5638 Alexio
3071 5560 3187 5638 ipsi.
3242 5560 3473 5638 impera-

1902 5643 2007 5696 tori
2042 5626 2252 5695 tnet-etts
2282 5652 2454 5696 caesus
2485 5636 2607 5703 fuit,
2639 5626 2697 5692 u't
2728 5636 2893 5691 refert
2934 5626 3117 5688 eadem
3161 5626 3336 5691 Anna,
3375 5626 3469 5679 lib.

1900 5729 1992 5780 vn,
2027 5729 2078 5782 p.
2113 5711 2236 5766 196.
