3970 6200
516 358 628 424 708

1819 334 2044 397 ΑΝΝιΕ
2073 330 2104 390 C

2207 328 2461 391 lNENzE
3602 319 3690 383 ’τοι

523 471 799 528 mulanter
825 464 1110 536 imperium
1150 461 1456 517 aﬂ‘eclabat.
1489 456 1606 511 Fuit
1662 455 1761 509 hoc
1812 469 1923 509 non
1968 452 2086 506 leve

2207 446 2237 497 »ἱ
2268 441 2588 529 τρυφῶντες
2624 438 2764 511 μετά
2809 439 2902 492 τὸν
2954 435 3114 507 κόρον
3167 434 3693 536 ἐπιτραγηματίζονται

523 563 829 619 auctarium
864 569 941 613 tot
973 557 1187 611 illarum
1240 551 1687 622 gravissimarum
1728 562 2096 603 aarumnarum

524 656 720 724 quibus
753 653 968 706 fortuna
999 664 1118 701 cum
1168 647 1496 715 imperatore
1528 642 1719 697 Alexio
1765 642 1920 710 quasi
1972 654 2101 708 pro-

527 750 698 803 fessas
729 742 1045 798 inimicitias
1075 754 1358 801 exercens,
1386 739 1641 791 virtutem
1687 735 1804 801 eius
1827 742 1907 789 tot
1938 733 2098 788 annis

522 838 820 896 exercitam
852 835 1135 890 habuerat.
1170 831 1496 900 Quanquam
1531 842 1680 883 nunc
1721 826 1890 880 videri
1924 825 2100 896 possit

512 930 776 996 ,injuriam
831 926 1142 981 cumulasse
1181 923 1532 987 contumelia,
1584 919 1927 988 ludibrioque
1972 933 2098 973 cum

524 1023 725 1077 damno
750 1020 929 1084 misto,
954 1018 1114 1071 sinml
1145 1031 1361 1078 nocere,
1381 1014 1541 1067 simul
1574 1013 1805 1067 irridere
1835 1013 2098 1074 voluisse,

528 1114 631 1169 hac
660 1110 826 1164 veluti
860 1109 1063 1163 comica
1094 1106 1272 1161 fabula
1313 1114 1436 1174 post
1466 1114 1543 1155 tot
1571 1103 1863 1172 tragoedias
1893 1102 1946 1155 in
1982 1115 2102 1157 sce-

526 1219 651 1258 nam
688 1202 888 1256 danda.
909 1198 1119 1252 Etenim
1151 1208 1209 1252 ut
1237 1198 1290 1250 in
1319 1196 1493 1264 epulis
1542 1194 1936 1261 intempestivis
1962 1193 2098 1248 asoti

526 1295 702 1351 solent
738 1295 848 1361 jam
883 1292 1078 1353 saturi,
1109 1289 1456 1344 solidioribus
1486 1288 1624 1342 cibis
1655 1287 1978 1356 absumptis,
2006 1300 2101 1354 per

527 1388 797 1441 secundas
828 1398 1045 1438 mensas
1075 1382 1210 1436 levia
1244 1390 1564 1451 tragemata,
1612 1380 1720 1435 liba
1768 1380 1997 1442 mellita,
2047 1387 2103 1433 et

527 1479 583 1533 id
619 1492 789 1548 genus
829 1477 1086 1546 rupedias
1115 1490 1178 1530 ac
1208 1475 1529 1529 scitamenta
1562 1471 1888 1529 deﬁnienda:
1929 1486 2101 1541 appo-

526 1586 661 1626 nere
695 1586 908 1625 nausea!
941 1589 954 1624 :
987 1570 1066 1624 sic
1106 1568 1192 1623 ubi
1224 1567 1292 1621 ad
1324 1567 1634 1623 satietatem
1671 1564 1955 1620 insultavit
1996 1564 2102 1617 im-

528 1662 684 1733 perio
718 1662 957 1725 fortuna,
990 1670 1065 1717 tot
1095 1661 1483 1715 rebellionibus
1505 1659 1747 1714 virorum
1774 1657 2099 1729 inclytorum

2199 527 2313 588 τῶν
2342 535 2699 604 μελιπήκτων
2751 532 2875 585 τινὰ
2920 527 3364 600 προσφερόμενοι,
3416 527 3541 581 οὕτω
3585 530 3694 600 δῆτα

2200 627 2295 680 καὶ
2329 628 2363 696 ἠ
2393 625 2502 677 τῶν
2539 621 2829 693 Ῥωμαίων
2890 621 3027 691 τύχη
3073 620 3285 683 πολλοῖς
3334 621 3697 691 ἐπορχησαμὲνη

2201 718 2394 779 κακοῖς
2431 716 2527 769 καὶ
2563 714 2828 786 διακορὴς
2856 715 3115 784 γεγονυῖα
3144 713 3255 775 τοῖς
3284 711 3525 775 τοιούτοις
3549 713 3698 782 ψευδο-

2202 806 2486 863 ὁασιλεῢσι
2509 806 2602 861 τδν
2639 805 2865 877 βασιλέα
2917 802 3297 875 προσέπαιζεν.
3335 802 3391 856 '0
3436 803 3594 873 μέντοι
3626 806 3703 857 αύ-

2201 899 2496 970 τοκράτωρ
2522 898 2848 969 κατεφρόνει
2881 896 2992 949 τῶν
3034 894 3342 966 λεγομένων
3382 894 3698 949 παντάπασιν.

2214 992 2371 1045 Ἐπεὶ
2397 990 2444 1045 δ’
2460 990 2489 1042 ό
2518 989 2827 1061 χαρακηνὸς
2843 987 2956 1060 (88)
2989 988 3090 1042 κάν
3116 989 3232 1045 ταῖς
3252 987 3476 1055 ἀγυιαῖς,
3500 987 3590 1041 κάν
3612 988 3704 1051 ταῖς

2202 1085 2463 1153 ἀμφόδοις
2496 1084 2553 1136 ἐν
2576 1083 2741 1137 παντὶ
2772 1081 2954 1152 καιρῷ
2976 1080 3202 1136 τοιαῦτα
3224 1079 3401 1150 ληρῶν
3426 1079 3517 1133 οὐκ
3570 1081 3704 1134 ἐπαύ-

2205 1197 2319 1243 ετο,
2379 1174 2512 1249 ἦλθε
2540 1177 2717 1230 ταῦτα
2750 1178 2830 1239 είς
2873 1175 3044 1238 ἀκοὰς
3076 1177 3174 1244 τῆς
3218 1172 3449 1237 ’Δλεξίου
3471 1173 3557 1225 τοῦ
3604 1190 3705 1243 xpu-

2206 1272 2427 1335 τοῦντος
2451 1270 2690 1339 ἀδελφῆς
2714 1268 3023 1338 Θεοδὼρας,
3042 1267 3135 1320 καὶ
3161 1263 3390 1335 όμεύνου
3420 1264 3503 1317 τοῦ
3540 1266 3708 1333 ἀναίρει

2208 1364 2395 1425 θέντος
2449 1363 2662 1416 ἐκείνου
2728 1361 2847 1415 υίοῦ
2897 1358 2993 1413 τοῦ
3056 1359 3357 1425 Διογένους.
3421 1355 3481 1409 Ἦ
3524 1356 3572 1411 δὲ
3609 1358 3708 1421 τοὺς

2203 1456 2407 1526 λήρους
2480 1454 2725 1515 ἐκείνους
2791 1452 2867 1523 μὴ
2938 1451 3183 1523 φέρουσα
3251 1448 3454 1521 ἦχθετο.
3504 1448 3610 1502 Ἐπὶ
3656 1452 3706 1519 τῇ

2208 1549 2390 1617 σφαγῇ
2460 1544 2573 1616 γὰρ
2630 1544 2860 1614 τάνδρὸς
2910 1542 3004 1596 τὸν
3058 1543 3266 1613 μονήρη
3323 1540 3429 1609 βίον
3469 1538 3708 1608 ἠλλάξατο,

2204 1639 2296 1692 τὸν
2328 1636 2630 1708 ἀσκητικὸν
2657 1635 3034 1709 ἀκριϐέστατα
3071 1631 3458 1705 μετεληλυθυῐα
3481 1631 3600 1700 βίον,
3637 1632 3712 1682 καὶ

527 1723 591 1806 ac
626 1750 846 1806 fortium
888 1751 1574 1821 adversns‘imperatorem
1618 1748 1868 1805 Alexium
1914 1749 2097 1805 conci-

2211 1730 2330 1800 Θεῷ
2363 1730 2509 1801 μόνῳ
2539 1729 2979 1801 προσανέχουσα.
3025 1726 3084 1779 '0
3118 1726 3177 1779 δὲ
3214 1724 3568 1794 αὐτοκράτωρ,
3616 1723 3714 1775 ἐπεὶ

529 1840 733 1902 tandis,
767 1842 929 1895 etiam
964 1843 1108 1895 hunc
1160 1842 1316 1911 quasi
1364 1841 1739 1909 artolaganum
1792 1840 2101 1894 ambustum

529 1933 736 2002 inopia,
787 1944 838 1987 et
889 1933 1184 1988 ambitione
1225 1933 1373 2001 regni
1437 1932 1663 1987 ridicula
1711 1931 2034 1998 fumantem,
2075 1947 2106 1988 e

525 2023 712 2078 cinere
741 2023 1015 2078 sublatum
1048 2023 1172 2077 ludo
1193 2025 1425 2090 quodam
1461 2023 1715 2078 insolenti
1752 2024 1803 2076 iu
1838 2022 2103 2078 ferculum

528 2117 746 2171 extulit.
789 2116 1120 2171 Dementiam
1147 2132 1308 2185 porro
1337 2117 1666 2180 impudentis
1699 2127 1903 2189 agyrtaa
1936 2116 2098 2185 plane

525 2216 905 2262 contemnente
935 2207 1171 2271 Alexio,
1210 2224 1310 2262 nec
1359 2209 1650 2277 quidquam
1700 2219 1889 2262 eontra
1944 2226 2111 2277 oppo-

533 2315 669 2354 nere
704 2301 835 2352 tanti
869 2301 1124 2365 ducente,
1157 2300 1298 2355 haud
1350 2302 1598 2354 cessabat
1636 2311 1814 2356 tamen
1849 2302 2044 2373 fungus
2076 2318 2108 2358 e

532 2389 676 2443 vallo
707 2405 804 2458 per
830 2390 985 2445 trivia
1015 2401 1071 2445 ct
1101 2393 1420 2461 angiportus
1452 2407 1509 2445 se
1541 2392 1820 2445 venditare
1846 2408 1946 2462 pro
1978 2409 2107 2449 vero

536 2481 772 2551 Diogene
804 2501 818 2536 :
861 2483 1272 2551 indignantibus
1308 2494 1419 2538 tum
1450 2484 1573 2537 aliis
1604 2483 1695 2553 qui
1735 2486 1975 2539 fraudem
2009 2499 2110 2539 no-

529 2584 674 2639 rant,
714 2585 825 2630 tum
867 2577 1099 2630 maxime
1126 2578 1367 2631 omnium
1419 2576 1704 2632 Theodora
1761 2577 2107 2646 imperatoris

528 2683 739 2733 sorore,
780 2668 1034 2738 Diogenis
1067 2670 1308 2736 ejusdem
1345 2669 1501 2724 vidua
1544 2670 1731 2724 relicta
1767 2687 1783 2724 :
1814 2685 1936 2739 qua:
1986 2681 2109 2740 post

531 2760 1025 2827 compertissimam
1058 2761 1160 2816 viri
1191 2763 1391 2816 caedem
1434 2763 1734 2815 monastica
1764 2761 2109 2830 professione

529 2861 805 2919 suscepta,
871 2852 1178 2922 religiosam
1233 2854 1398 2908 vitam
1446 2853 1859 2919 diligentissime
1921 2856 2103 2910 colere

531 2952 792 3011 eruperat,
823 2942 925 2998 sibi
954 2944 1287 3013 uniEDeoque
1314 2944 1804 2999 vacans."l‘andem
1839 2949 2109 3002 excitatus

533 3035 835 3102 imperator
858 3034 1280 3090 circumforanei
1328 3037 1660 3105 pervicacia.
1695 3053 1855 3107 quem
1904 3038 2107 3095 frustra

2217 1824 2359 1894 μετὰ
2390 1822 2654 1893 δευτέραν
2681 1822 2779 1874 καὶ
2810 1821 3006 1891 τρίτην
3036 1818 3360 1890 παραίνεσιν
3384 1817 3419 1870 ό
3437 1816 3581 1886 λῆρος
3602 1818 3715 1868 ἐκεῖ·

2204 1934 2294 1979 νος
2322 1916 2421 1986 ούχ
2453 1914 2750 1987 ἡσύχαζεν,
2782 1915 2842 1977 ἐς
2881 1911 3150 1982 Χερσῶνα
3209 1908 3391 1964 τοῦτον
3418 1907 3714 1968 ἀποστείλας,

2205 2008 2522 2078 ἔμφρουρον
2553 2002 2697 2060 εἶναι
2727 2003 3199 2077 παρεκελεύσατο.
3239 2003 3440 2055 Ἐκεῐσε
3478 2000 3528 2053 δὲ
3573 2017 3717 2069 παρα-

2206 2100 2526 2169 γενόμενος,
2575 2099 2766 2160 νυκτὸς
2808 2098 3172 2167 ἀνερχόμενος
3192 2094 3279 2148 διὰ
3308 2093 3396 2147 τοῦ
3424 2092 3610 2162 τείχους
3645 2093 3718 2144 καὶ

2207 2193 2560 2263 προκύπτων,
2581 2193 2697 2254 τοῖς
2727 2191 2975 2261 συνήθως
3001 2188 3236 2259 φοιτῶσι
3294 2186 3542 2256 Κομάνοις
3584 2186 3719 2252 ἐμπτ-

2210 2286 2332 2352 ρίας
2354 2286 2515 2355 χάριν
2547 2285 2643 2338 καὶ
2668 2281 2766 2335 τοῦ
2805 2283 2873 2336 τὰ
2907 2282 3043 2353 πρὸς
3073 2280 3269 2352 χρείαν
3301 2278 3496 2332 ἐκεῖθεν
3538 2276 3718 2344 κομίζε-

2209 2376 2332 2429 σθαι
2385 2375 2532 2439 ἅπαξ
2572 2373 2666 2426 καὶ
2694 2374 2775 2436 δὶς
2805 2372 3102 2441 ὁμιλήσας,
3143 2369 3238 2423 καὶ
3285 2368 3484 2430 πίστεις
3513 2366 3618 2427 δοὺς
3648 2364 3720 2417 καὶ

2206 2467 2410 2532 λαϐὼν,
2460 2466 2549 2520 διὰ
2608 2465 2891 2520 καλωδίων
2958 2465 3160 2526 νυκτὸς
3212 2461 3401 2516 ἐαυτὸν
3465 2458 3718 2528 δσσμήσις.

2207 2560 2481 2631 ἐχαλάσθη
2516 2558 2611 2611 τοῦ
2641 2557 2884 2627 τείχους.
2918 2554 3451 2626 Συμπαραλαϐόντες
3491 2552 3540 2605 δὲ
3565 2550 3719 2603 τοῦτον

2207 2653 2254 2704 οί
2292 2651 2535 2719 Κομάνοι
2576 2649 2713 2718 πρὶς
2738 2647 2835 2719 τὴν
2870 2646 3007 2702 ἰδίαν
3036 2646 3290 2718 ἀπῄεσαν
3317 2645 3512 2715 χώρανο
3558 2643 3722 2694 Συναν-

2205 2740 2489 2810 λιζόμενος
2528 2739 2585 2792 δὲ
2619 2738 2834 2801 τούτοις
2872 2737 2958 2806 ἐφ’
3002 2737 3214 2797 ἱκανὸν.
3246 2737 3301 2798 ἐς
3327 2732 3562 2788 τοσοῦτον
3586 2729 3721 2797 συνή-

2207 2832 2394 2895 λασεν,
2428 2830 2501 2895 ὡς
2535 2832 2631 2885 καὶ
2659 2830 2883 2901 βασιλέα
2909 2829 3074 2883 αὐτὸν
3132 2826 3508 2897 κατονομάζειν
3531 2824 3636 2894 ἤδη.
3672 2820 3723 2873 0‘.

2208 2927 2294 2990 δὲ,
2329 2925 2559 2995 αἴμασιν
2608 2921 2918 2993 ἀνθρώπων
2968 2921 3215 2989 λαφύξαι
3281 2917 3593 2989 ίμειρόμενοι
3649 2912 3722 2964 καὶ

2209 3018 2389 3088 κρεῶν
2432 3015 2791 3087 ἀνθρωπίνων
2824 3013 3215 3084 ἐμφορηθῆναι
3254 3013 3346 3067 καὶ
3379 3010 3520 3064 λείαν
3562 3004 3721 3072 πολλὴν

530 3126 728 3179 iterum
760 3140 822 3179 ac
859 3127 1020 3179 tertio
1068 3135 1506 3189 commonnerat.
1540 3127 1877 3185 Chersonam
1933 3133 2104 3201 ipsum

2211 3115 2274 3166 ἐκ
2299 3113 2398 3180 τῆς
2424 3109 2715 3181 ἡμεδαπῆς
2762 3105 3092 3171 ἐπισυνάξαι
3132 3104 3431 3176 πάτροκλον
3476 3097 3723 3201 εύρηκότξς

528 3218 814 3284 relegavit,
842 3219 1098 3285 deditque
1117 3234 1339 3286 operam
1371 3231 1427 3272 ut
1465 3221 1575 3275 illic
1609 3221 1662 3275 in
1709 3225 1958 3278 custodia
2012 3225 2110 3281 ha-

530 3310 772 3364 beretur.
820 3311 894 3364 lbi
931 3320 1084 3366 turre
1122 3313 1434 3378 conclusus,
1468 3315 1534 3370 de
1563 3326 1722 3371 nocte
1754 3332 1981 3386 surgens
2008 3319 2108 3376 d'e-

531 3414 637 3467 que
667 3400 904 3455 fenestra
941 3404 1281 3470 despectans,
1313 3420 1618 3460 sermonem
1653 3410 1850 3479 saepius
1881 3413 2109 3469 contulit

529 3504 655 3545 cum
721 3490 1023 3554 Comanis,
1085 3494 1398 3548 commercii
1464 3498 1829 3568 parandaeque
1881 3517 2109 3558 annonae

530 3598 695 3639 causa
728 3584 854 3637 illuc
904 3585 1318 3642 ventitantibus.
1372 3588 1611 3643 Tandem
1674 3592 1777 3647 fide
1833 3595 2109 3663 utrimque

532 3668 657 3722 data
689 3685 784 3739 per
822 3670 1027 3732 funem.
1064 3674 1320 3727 (Zmnanis
1338 3674 1675 3742 juvantibus.
1718 3681 1783 3733 ad
1814 3682 1959 3750 ipsos
2008 3685 2107 3739 de-

532 3758 751 3825 labitur,
795 3778 918 3817 cum
977 3763 1153 3833 iisque
1202 3765 1270 3818 ad
1336 3773 1511 3822 terras
1566 3767 1808 3837 ipsorum
1869 3774 2104 3844 delatus,

533 3848 844 3917 ibidemque
897 3864 1267 3909 commoratus
1315 3855 1655 3924 aliquandiu.
1706 3868 1912 3916 tantum
1962 3865 2107 3935 apud

532 3936 804 3991 Barbaros
836 3940 939 3993 sibi
970 3939 1102 3995 fecit
1144 3940 1265 3995 ﬁdei
1302 3952 1360 3996 ut
1391 3943 1690 4013 imperator
1729 3947 1798 4001 ab
1836 3947 1969 4018 ipsis
2013 3966 2109 4005 ac-

532 4027 882 4084 clamaretur.
919 4030 1055 4085 Hinc
1082 4047 1244 4098 porro
1297 4032 1457 4088 iidem
1492 4035 1567 4087 illi
1598 4035 1849 4093 sitientes
1883 4038 2103 4094 humani

531 4121 837 4184 sanguinis,
864 4131 920 4174 et
958 4121 1288 4176 inflammata
1321 4124 1618 4191 cupiditate
1659 4128 1943 4191 concitati,
1991 4138 2103 4184 tum

532 4209 813 4277 explenda:
847 4212 1104 4280 ingluviei
1148 4213 1425 4269 hominmn
1452 4216 1733 4276 carnibus.
1765 4227 1876 4271 tum
1908 4222 2104 4289 praedis

533 4315 597 4353 ac
663 4301 853 4369 spoliis
910 4319 975 4357 ex
1040 4304 1285 4358 Romana
1325 4306 1530 4361 ditione
1585 4309 1814 4376 patriam
1868 4310 2102 4381 inapiam

529 4395 839 4463 supplendi,
872 4396 1271 4464 expeditionem
1324 4397 1379 4451 in
1425 4396 1698 4453 Romanos
1738 4402 2098 4471 adornabant,

532 4485 872 4553 plausibilem
900 4500 961 4542 se
1001 4496 1191 4542 nactos
1222 4489 1568 4543 occasionem
1613 4491 1714 4545 rati
1760 4507 1826 4546 ac
1872 4504 2104 4562 praetex-

532 4586 671 4639 tum.
711 4578 873 4634 ἴαιηεί
927 4580 1091 4649 hujus
1121 4580 1372 4636 videlicet
1422 4583 1651 4651 Augusti
1712 4598 1994 4655 paternum
2050 4591 2105 4646 in

531 4672 786 4727 thronum
831 4672 1177 4729 restituendi.
1217 4671 1495 4729 Arcanum
1530 4675 1673 4731 istud
1706 4688 1889 4733 tamen
1921 4682 2105 4737 consi-

531 4764 662 4819 lium
726 4767 996 4821 habebant
1043 4785 1057 4822 :
1114 4766 1318 4822 frustra
1374 4767 1425 4821 id
1481 4769 1720 4838 quidem,
1780 4771 2107 4841 imperatore

530 4861 782 4928 quamvis
842 4862 1095 4914 abstrusa
1170 4868 1516 4929 penetrante.
1578 4859 1720 4932 Ergo
1785 4863 1878 4920 ille
1938 4880 2102 4936 quam

535 4952 801 5005 maximas
835 4963 1008 5021 potest
1042 4954 1226 5022 copias
1252 4953 1471 5008 instruit
1524 4965 1829 5025 armatque.
1878 4968 2106 5014 caetera-

532 5057 637 5109 que
659 5054 809 5108 parat
843 5059 964 5110 qua:
989 5045 1054 5097 ad
1096 5044 1459 5101 resistendum
1495 5044 1750 5102 Comanis
1803 5058 1955 5118 putat
2003 5067 2104 5122 op-

532 5142 781 5200 portuna.
816 5131 998 5190 Valles
1049 5137 1192 5191 enim
1246 5147 1510 5207 angustas
1551 5138 1603 5191 in
1656 5138 1917 5197 limitibus
1967 5158 2105 5214 quas

2208 3204 2398 3260 τοῦτον
2432 3203 2710 3275 πρόφασιν
2742 3201 2887 3255 κατὰ
2918 3200 3020 3270 τῆς
3067 3198 3362 3270 Ῥωμαίων
3408 3190 3722 3263 πανστρατιᾰς

2211 3302 2256 3335 ³⁸
2281 3302 2529 3371 χωρῆσαι
2564 3296 2943 3362 ἐϐουλεύοντο,
2971 3294 3048 3358 ὡς
3070 3295 3237 3365 δῆθεν
3272 3292 3349 3364 τῷ
3376 3288 3598 3361 πατρῴῳ
3626 3285 3722 3340 τοῦ·

2211 3411 2305 3448 τον
2338 3389 2731 3461 ὲγκαθιδρύσαι
2752 3387 2951 3460 θρόνῳ.
2984 3388 3096 3441 Καὶ
3146 3385 3587 3457 ἀπαιωρουμὲνην
3610 3376 3723 3449 εἶχον

2209 3486 2344 3549 τέως
2395 3481 2623 3553 ταυτηνὶ
2677 3482 2776 3553 τὴν
2820 3479 3036 3552 βουλήν.
3084 3480 3204 3533 Οὐκ
3261 3477 3416 3531 ἔλαθε
3473 3473 3625 3527 ταῦτα
3653 3469 3722 3522 τὴν

2208 3577 2616 3647 αὐτοκράτορα.
2644 3574 2839 3629 Ἔνθεν
2869 3591 2950 3627 τοι
2976 3572 3072 3626 καὶ
3102 3573 3206 3636 τὰς
3237 3569 3487 3641 δυνάμεις
3509 3568 3576 3630 ὼς
3595 3566 3723 3619 δυνα-

2206 3668 2299 3722 τδν
2327 3664 2595 3732 ἐξώπλιζέ
2629 3682 2690 3718 τε
2718 3666 2814 3719 καὶ⁸
2839 3663 2976 3735 πρὸς
2998 3662 3100 3733 τὴν
3127 3662 3236 3716 τῶν
3269 3659 3551 3734 Βαρδάρων
3582 3655 3724 3726 μάχην

2207 3757 2553 3831 ἡτοιμάζετου
2581 3755 2651 3810 τὰ
2675 3756 2785 3825 γὰρ
2807 3755 3024 3826 τέμπη,
3057 3754 3208 3825 ᾇπερ
3235 3751 3539 3823 κλεισούρας
3566 3751 3593 3816 ἡ
3618 3744 3726 3799 ίδιῶ·

2206 3869 2292 3915 τις
2342 3846 2450 3904 οἶδε
2494 3849 2715 3919 γλῶσσα
2744 3848 2952 3912 καλεῖν,
2981 3847 3056 3907 ὡς
3112 3846 3354 3915 ἔφαμεν,
3419 3841 3608 3912 φθάσας
3647 3836 3724 3906 ἤδη

2208 3942 2668 4014 κατωχυρώσατο.
2723 3938 2933 4009 Καιροῦ
2990 3937 3049 3992 δὲ
3133 3935 3579 4009 παρεληλυθότος,
3632 3925 3725 3980 ἐπεὶ

2205 4038 2267 4090 τὸ
2292 4034 2619 4105 παρίστριον
2648 4032 2777 4095 τοὺς
2805 4028 3097 4099 Κομάνους
3131 4029 3270 4099 μετὰ
3302 4025 3396 4081 τοῦ
3427 4019 3723 4096 ψευδωνύμηυ

2208 4124 2543 4198 καταλαϐεῖν
2570 4122 2885 4196 μεμαθήκει
2917 4120 3047 4184 τοὺς
3067 4121 3139 4175 τὰ
3165 4119 3365 4190 πρῶτα
3389 4119 3479 4173 τοῦ
3514 4126 3726 4185 στρατιω-

2206 4222 2361 4278 τικοῦ
2395 4219 2784 4288 συντάγματος
2836 4215 3109 4288 φέροντας
3162 4215 3261 4268 καὶ
3311 4213 3503 4274 αὐτοὺς
3553 4207 3608 4277 δὴ
3629 4202 3724 4263 τοὺς

2204 4314 2331 4369 καθ’
2387 4307 2527 4381 αἷμα
2559 4312 2656 4364 καὶ
2703 4307 2764 4373 ἐξ
2826 4306 3147 4379 ἀγχιστείας
3201 4304 3351 4377 αύτῷ
3386 4302 3725 4375 ,προσήκοντας

2207 4402 2556 4472 συναγαγὼν,
2601 4402 2651 4454 εί
2685 4398 2791 4470 χρὴ
2824 4398 2946 4451 κατ’
2974 4397 3161 4452 αὐτῶν
3195 4397 3399 4463 ἐξιέναι
3442 4388 3722 4447 ἐόουλεύετο.

2208 4498 2435 4553 Πάντων
2465 4493 2522 4548 δέ
2554 4490 2696 4563 πρὸς
2748 4488 2907 4544 τοῦτο
2935 4488 3120 4542 αὐτῶν
3178 4487 3562 4561 ἀπειργόντων,
3601 4473 3725 4534 αὐτὸς

2205 4586 2385 4657 ἐαυτῷ
2420 4581 2699 4639 πιστεύειν
2744 4578 2847 4633 οὐκ
2888 4576 3035 4649 εἶχεν
3091 4577 3222 4632 οὔτε
3280 4579 3387 4649 μὴν
3410 4577 3515 4637 τοῖς
3551 4564 3725 4661 eiulat-4

2204 4680 2397 4754 ἢθελεν
2437 4676 2722 4745 λογισμοῖς
2757 4671 3092 4743 χρήσασθαι,
3147 4669 3287 4724 ἀλλά
3315 4670 3375 4724 τὺ
3407 4667 3508 4721 πᾶν
3538 4660 3605 4729 τῷ
3634 4656 3725 4755 θὶῷ

2203 4771 2542 4841 ἀναθέμενος
2574 4765 2635 4830 ἐξ
2656 4763 2869 4819 ἐκείνου
2892 4761 2993 4833 τὴν
3015 4763 3201 4832 κρίσιν
3231 4762 3435 4832 ᾐτεῖτο.
3477 4756 3723 4820 Τοιγαρυυν

2210 4864 2460 4923 ἅπαντας
2505 4853 3021 4930 μετακαλεσάμενος
3055 4851 3151 4904 τού
3185 4845 3464 4920 ἱερατικοῦ
3485 4844 3569 4898 καὶ
3596 4850 3727 4930 aspa-

2208 4951 2466 5011 τιωτικοῢ
2511 4929 2832 5017 καταλόγου
2888 4948 2972 5011 εἰς
3027 4945 3128 5011 τὴν
3180 4942 3277 4996 τοῦ
3324 4937 3455 4995 Θεοῦ
3513 4929 3725 4999 Μεγάλην

2209 5048 2508 5121 ἐκκλησίαν
2571 5045 2815 5115 ἑσπέρας
2855 5042 3042 5113 φοιτᾷ.
3080 5039 3193 5094 Καὶ
3218 5034 3388 5092 αὐτοῦ
3418 5027 3598 5121 δὴᾼτοΰ
3642 5035 3725 5121 πεξ-

2211 5106 2479 5214 τριάρχου
2536 5106 2808 5189 Νικολάου
2851 5106 2897 5165 ί*
2922 5106 3033 5202 (ὃθ)
3066 5127 3335 5199 παρόντος
3400 5119 3606 5193 (ἔφθασε
3642 5106 3725 5179 γὰρ

1558 5230 1762 5294 νοτία)
1787 5232 2101 5301 lectiones
2143 5255 2224 5301 ex
2256 5233 2399 5298 cod.
2444 5228 2713 5292 Coislin.

607 5331 651 5363 ⁸¹
682 5326 1046 5404 πανστρατιᾷ.
1139 5333 1187 5366 ³⁸
1208 5333 1380 5406 κυροῦ
1406 5334 1707 5389 Νικολάου.

1604 5429 1746 5491 Car.
1780 5426 2108 5489 Dufresnii
2133 5428 2236 5489 Du
2276 5417 2502 5501 Cangii
2526 5424 2716 5480 Ποία).

607 5530 719 5601 (⁸8)
763 5530 829 5583 ὀ
883 5531 1248 5600 χαρακηνός.
1310 5529 1508 5602 Supra,
1567 5533 1633 5585 ἐκ
1691 5530 1789 5587 τοῦ
1842 5531 2105 5603 χάρακος,

536 5606 812 5672 gregarius
849 5602 1025 5672 miles.

612 5677 626 5733 (
669 5671 722 5735 9;
763 5669 1092 5727 Νικολάου.
1133 5670 1388 5727 Nicolaus
1417 5672 1714 5728 monachus
1769 5672 1835 5724 ad
1873 5668 2107 5738 patriar-

539 5740 747 5794 chalem
776 5744 957 5795 sedem
984 5743 1235 5797 evehitur
1282 5741 1479 5797 lndict.
1521 5742 1574 5803 7.
1609 5759 1699 5798 an.
1740 5740 1906 5805 1000,
1946 5740 2103 5808 juxta

538 5808 755 5868 Graecos
806 5810 967 5879 6592,
1028 5812 1231 5870 Christi
1296 5812 1457 5870 1084.
1524 5811 1663 5869 llinc
1725 5810 2103 5881 corrigendum

2217 5528 2476 5584 mendum
2506 5522 2652 5591 quod
2688 5520 2740 5576 in
2789 5519 3090 5591 rersionem
3150 5517 3392 5591 irrepsit.
3431 5513 3651 5591 ﬁssum
3676 5502 3722 5591 in

2216 5583 2548 5652 Bibliotheca
2598 5591 2742 5661 regis
2786 5588 3239 5661 Christianissimi
3267 5583 3392 5642 cod.
3415 5583 3540 5661 Δ912,
3573 5585 3722 5661 moti}:

2216 5669 2442 5723 chorum
2498 5652 2859 5732 quoru'mdam
2891 5668 3047 5714 extra
3093 5652 3723 5732 civitatem__Aco_ut:tiorflf|1

2212 5716 2576 5805 ρἶἶέέιίοῃὲε,
2614 5741 2683 5805 et
2707 5729 2780 5805 ad
2798 5745 2919 5805 _eas_
2937 5742 3194 5805 responsa
3222 5726 3408 5799 synodi
3438 5722 3528 5779 sub
3548 5716 3724 5772 Nicolao

2213 5799 2526 5879 patriarcha
2567 5809 2622 5858 et
2659 5799 2847 5856 Alexio
2880 5800 3075 5856 Coum.
3114 5799 3247 5867 imp.
