3970 6200
239 271 351 334 705

1523 273 1935 339 ALEXIADIS
1979 275 2122 336 LIB.
2173 277 2248 336 Χ.

3406 283 3510 346 7(6

237 391 324 450 αῖς
355 387 454 440 τὸν
487 389 894 460 πατριαρχικὶν
951 390 1350 458 ἀναϐεϐηκέναι
1390 391 1578 460 θρόνον
1641 394 1822 443 ἐπινε-

1931 388 2156 441 clisuras
2196 388 2313 442 sive.
2368 386 2604 442 claustra
2656 389 2835 461 lingua
2887 391 3126 462 vulgaris
3179 395 3401 460 vocitat,
3454 407 3513 454 ut

239 479 469 548 μήσεως
506 480 971 548 παριππευοὺσης
1002 480 1257 549 ἑϐδόμης,
1283 481 1433 542 ἔτους
1472 479 1658 547 ’ςἰρί.,βΙ
1697 481 1838 547 μετὰ

235 567 342 637 τὴν
377 569 721 640 Εὐστρατιου
757 570 853 622 τοῦ
917 571 1119 640 Γαρίδα
1162 572 1544 641 παραίτησιν).
1589 573 1678 624 Ἐν
1711 568 1837 624 δυσὶ

233 655 294 707 δέ
335 657 592 719 πυκτίοις
649 656 762 726 (90)
797 659 898 725 τὴν
955 657 1301 728 ἐπερώτηοιν
1336 661 1465 730 περὶ
1503 659 1626 719 τοῦ.
1678 662 1726 713 εί
1757 661 1836 712 δεῖ

233 747 606 815 ἐξεληλυθότα
654 751 770 811 τοῖς
820 751 1098 819 Κομάνοις
1152 751 1502 820 ἐπιθέσθαιῆ
1546 752 1640 820 μὴ,
1675 754 1834 821 ἐνση-

243 840 570 908 μηνάμενος
613 839 658 871 ⁸⁸
691 839 766 910 τῷ
799 843 1082 912 κορυφαίῳ
1134 845 1353 896 πάντων
1392 844 1836 910 παρεκελεύσατο

238 932 583 985 κσταθέςθαι
623 933 703 994 είς
739 935 838 1003 τὴν
874 934 1028 1004 ἱερὰν
1084 935 1394 1004 τράπεζαν.
1454 935 1731 1004 Παννύχου
1777 936 1834 988 δὲ

232 1026 337 1092 τῆς
367 1023 646 1092 ὑμνῳδίαις
677 1023 1010 1095 τελουμένης
1043 1027 1184 1080 κατὰ
1215 1028 1274 1079 τὸ
1311 1027 1640 1098 περίορθρον
1668 1029 1835 1081 εἴσει-

246 1132 335 1166 σιν
361 1116 390 1166 ό
412 1114 708 1181 τεθεικὼς,
756 1117 852 1170 καὶ
884 1118 1324 1184 ἀναλαμϐάνεται
1359 1120 1450 1171 τὸν
1487 1121 1716 1188 χάρτην,
1741 1123 1835 1175 καὶ

233 1203 529 1272 ἐξαγαγὼν
561 1207 656 1258 καὶ
693 1207 860 1270 λύσας
890 1208 1120 1262 ἐνώπιον
1155 1211 1374 1264 πάντων
1400 1213 1831 1280 ὑπανεγίνωσκε.

235 1300 312 1350 Τὸ
344 1299 635 1364 ἐνδόσιμον
667 1298 761 1352 οὖν
789 1301 997 1352 ἐκεῖθεν
1044 1301 1236 1371 ὥσπερ
1284 1305 1348 1357 ἐκ
1383 1304 1531 1368 θείας
1588 1307 1769 1376 ὀμφῆς
1805 1307 1833 1359 ὁ

233 1389 608 1456 αὐτοκράτωρ
639 1387 850 1455 λαϐὼν,
881 1390 1000 1452 ὅλος
1025 1393 1267 1458 ἐγεγόνει
1297 1393 1397 1460 τῆς
1447 1396 1828 1466 ἐκστρατείας·

233 1479 330 1531 καὶ
364 1478 458 1531 διὰ
495 1480 726 1548 γραφῶν
768 1482 1142 1550 ἁπανταχόθεν
1194 1484 1511 1538 ἀνεκαλεῖτο
1561 1487 1621 1539 τὸ
1663 1489 1828 1556 στράι

230 1592 433 1643 τευμα.
481 1574 677 1636 Καλῶς
725 1575 907 1628 τοίνυν
931 1580 1522 1646 παρασκευασάμενος,
1559 1583 1654 1648 τῆς
1686 1580 1824 1634 κατὰ

231 1666 342 1717 τῶν
376 1668 648 1734 Κομὰνων
687 1667 808 1720 όδοῦ
839 1669 1041 1738 εἴχετο.
1072 1669 1256 1722 Ἀπαν
1293 1669 1384 1723 οὖν
1419 1671 1478 1722 τὸ
1509 1674 1825 1741 στράτευμα

234 1757 762 1827 μετακαλεσάμενος
790 1761 885 1812 καὶ
917 1759 1244 1813 καταλαϐὼν
1269 1760 1367 1832 τὴν
1399 1761 1706 1830 Ἀγχίαλον,
1736 1763 1824 1815 τὸν

234 1850 337 1916 μὲν
378 1850 514 1903 [διον
578 1852 826 1922 γαμϐρὸν
888 1852 1001 1921 (9|)
1058 1854 1311 1925 Καίσαρα
1377 1855 1691 1926 Νικηφόρον
1734 1857 1824 1911 τὸν

231 1940 580 2008 Malim-qvi»:
605 1943 696 1994 καὶ
727 1942 817 1994 τὸν
853 1943 1224 2012 Παλαιολόγον
1272 1946 1576 2017 Γεώργιον,
1609 1950 1703 2000 καὶ
1730 1949 1823 2000 τὸν

233 2033 558 2098 ἁδελφιῖοῦν
606 2033 716 2104 (92)
768 2035 933 2088 αὑτοῦ
1008 2037 1265 2108 Ἰωάννην
1328 2040 1420 2092 τὸν
1505 2041 1823 2113 Ταρωνίτην

234 2126 747 2194 μεταπεμψάμενος
779 2129 858 2189 εἰς
887 2129 1096 2197 Βερόην
1141 2131 1442 2199 ἐκπέμπει,
1487 2127 1633 2199 ἐφ’ᾦ
1687 2137 1821 2186 ἐπα-

232 2221 507 2289 γρυπνεῖν
543 2219 636 2270 καὶ
669 2219 974 2285 ἀσςάλειαν
999 2223 1168 2292 αὐτῆς
1203 2241 1259 2276 τε
1293 2225 1387 2276 καὶ
1417 2225 1527 2278 τῶν
1553 2243 1824 2296 παρακειο

235 2311 419 2381 μένων
465 2311 604 2380 αὐτῇ
678 2311 977 2367 ποιεῖσθαι.
1037 2314 1177 2376 Τοὺς
1235 2315 1292 2368 δέ
1323 2333 1386 2383 γε
1443 2317 1664 2380 λοιποὺς
1716 2319 1822 2372 τῶν

232 2403 532 2472 ἐκκρίτων,
575 2402 764 2455 διελὼν
824 2405 893 2456 τὰ
949 2406 1340 2476 στρατεύματα
1394 2409 1490 2461 καὶ
1546 2411 1821 2479 ἡγεμόνας

232 2492 449 2545 τούτων
504 2494 704 2556 αὐτοὺς
777 2497 1132 2561 καταστήσας
1191 2497 1285 2550 τὸν
1331 2499 1672 2570 Δασατηνὸν,
1729 2501 1820 2553 τὸν

233 2584 600 2652 Εὑφςρδηνδν
633 2583 931 2656 Γεὼργιον,
966 2591 1059 2640 καὶ
1093 2590 1506 2645 Κωνσταντῖνον
1530 2591 1622 2644 τὸν
1669 2594 1820 2661 υὺμα

235 2671 636 2741 περτόπουλον,
676 2676 756 2736 είς
800 2676 1054 2746 φυλακὴν
1089 2678 1201 2730 τῶν
1226 2681 1356 2748 περὶ
1383 2681 1473 2732 τὸν
1505 2682 1674 2748 ζυγὸν
1700 2682 1820 2734 δια-

235 2763 517 2832 κειμένων
541 2763 882 2835 κλεισουρῶν
906 2767 1297 2834 ἐκπέπομφεν.
1369 2771 1610 2824 Ἐκεῖθεν
1637 2773 1689 2826 δὲ
1723 2774 1820 2842 τὴν

1939 479 2199 541 diximus,
2239 481 2500 546 praesidiis
2530 483 2945 548 pra-occupavit.
2997 483 3131 538 Cum
3183 499 3363 542 autem
3418 491 3516 544 ali-

1939 581 2142 639 quanto
2191 581 2314 640 post
2375 581 2637 640 tempore,
2689 585 2809 641 apta
2855 575 3016 644 273
3076 580 3514 642 expeditionibus

1940 669 2292 728 tempestate,
2343 661 2394 714 in
2445 660 2756 727 adiat-entes
2808 663 2948 716 lstro
3005 671 3255 734 regiones
3304 673 3514 724 Venisse

1939 751 2302 804 Comanorum
2357 753 2654 805 exercitum
2717 769 2820 805 una
2865 770 2984 808 cum
3039 755 3514 823 Pseudo-Dmgo-ne

1937 841 2244 900 didicisset,
2281 843 2602 910 imperator,
2668 847 2968 912 prtecipuos
3029 846 3195 900 duces
3244 852 3514 905 exercitus

1937 943 2315 1001 cognatosque
2345 949 2409 988 ac
2441 936 2785 988 necessarios
2820 952 2946 989 suos
2993 952 3184 992 omnes
3227 952 3510 1007 convocat,

1937 1037 2060 1075 cum
2099 1023 2273 1090 iisque
2311 1025 2597 1090 deliberat,
2659 1027 2850 1094 ecquid
2897 1029 2949 1080 in
2986 1045 3270 1084 OCCIH‘SIIIII
3319 1033 3514 1086 Coma-

1941 1131 2130 1167 norum
2167 1117 2385 1180 prodire
2411 1133 2534 1171 cum
2565 1118 2810 1170 exercitu
2848 1134 2877 1171 e
2903 1136 2959 1173 re
2989 1119 3148 1176 foret.
3177 1122 3513 1192 NegantiI-us

1937 1203 2215 1264 Omnibus,
2260 1220 2381 1256 cuiu
2422 1205 2724 1271 Augustum
2777 1210 3098 1260 verecundia
3151 1226 3254 1263 non
3307 1213 3514 1266 sineret

1936 1308 2088 1346 suam
2136 1296 2298 1349 unius
2333 1297 2487 1364 sequi
2537 1297 2892 1361 sententiam,
2938 1299 3046 1350 Deo
3091 1304 3508 1366 permitti-nium

1937 1384 2016 1438 rei
2047 1383 2334 1438 arbitrium
2383 1387 2613 1452 putavit.
2667 1386 2904 1440 Ducibus
2949 1389 3114 1456 igitur
3164 1405 3225 1441 at:
3279 1393 3510 1446 tribunis

1933 1476 2418 1545 sacerdotibusque
2443 1478 2604 1531 simul
2639 1479 2907 1532 universis
2941 1481 3096 1532 adse
3125 1484 3345 1546 vocatis,
3387 1499 3510 1536 cum

1936 1567 2000 1620 iis
2030 1582 2251 1634 vespere
2281 1571 2344 1620 ad
2383 1567 2628 1635 Magnam
2679 1569 2768 1620 Dei
2839 1570 3120 1623 ecclesiam
3174 1588 3231 1625 se
3280 1575 3509 1638 confert,

1933 1657 2243 1726 patriarcha
2276 1658 2390 1726 ipso
2426 1669 2693 1725 praesente
2717 1659 2946 1714 Nicolao
2976 1662 3123 1729 (nam
3179 1663 3223 1716 is
3273 1665 3510 1733 patriar-

1927 1749 2140 1803 chicum
2172 1749 2282 1817 jam
2315 1750 2566 1804 thronum
2593 1753 2938 1818 ascenderat,
2960 1753 3255 1808 indictione
3279 1757 3507 1824 septima

1930 1839 2058 1892 anni
2092 1840 2267 1893 sexies
2305 1839 2572 1895 millesimi
2605 1845 2991 1898 sexcentesinii
3033 1847 3368 1913 nonagesimi
3422 1863 3511 1902 se-

1926 1931 2112 1997 cundi,
2167 1939 2288 2001 post
2343 1932 2622 2004 l‘Iustratii~
2657 1934 2868 1990 Garidte
2923 1936 3366 2004 abdicationem).
3433 1937 3506 1993 lbi

1926 2024 2261 2094 descriptam
2323 2024 2375 2078 in
2441 2026 2650 2080 duabus
2719 2028 2920 2082 tabulis
2985 2030 3506 2100 interrogationem,

1927 2117 2304 2186 prodeundum
2336 2118 2547 2170 obviam
2580 2118 2861 2183 Cumanis,
2891 2137 2958 2173 an
2989 2122 3130 2174 domi
3179 2125 3505 2178 manendum

1925 2207 2103 2262 esset?
2134 2210 2375 2261 omnium
2406 2211 2692 2282 corypltmo
2727 2214 2891 2264 tradit
2923 2229 3083 2282 supra
3121 2229 3332 2270 sacram
3359 2232 3510 2271 men-

1925 2317 2042 2356 sam
2084 2302 2504 2371 deponendam;
2535 2305 2794 2358 indetota
2839 2316 2996 2360 nocte
3047 2322 3146 2375 per
3199 2309 3505 2377 religiosam

1928 2393 2273 2464 liymnodiam
2304 2398 2579 2461 traducta,
2627 2397 2868 2450 diluculo
2894 2400 3161 2453 accedens
3209 2401 3297 2466 qui
3339 2401 3507 2471 depo-

1929 2483 2386 2538 sueratchartam
2417 2486 2634 2551 recipit,
2676 2487 3020 2555 delatamque
3065 2505 3127 2542 ac
3177 2490 3505 2560 resignala

1923 2587 2108 2628 coram
2142 2577 2394 2630 omnibus
2430 2577 2576 2644 legit.
2604 2577 2754 2643 Quod
2792 2579 3073 2633 recitatum
3098 2591 3180 2634 est
3214 2598 3317 2634 non
3346 2583 3505 2636 aliter

1922 2681 2083 2734 quam
2115 2667 2297 2722 divino
2330 2668 2532 2722 editum
2564 2669 2788 2722 oraculo
2817 2670 3117 2739 imperator
3138 2673 3414 2742 accipiens
3441 2688 3501 2728 se

1927 2768 2096 2812 totum
2131 2760 2460 2827 expeditioni
2504 2777 2666 2828 quam
2702 2761 2840 2814 Deus
2881 2763 3144 2816 suadebat
3176 2765 3506 2831 apparandte

235 2854 562 2926 Χορταρέαν
587 2857 911 2910 καταλαϐὼν
947 2859 1264 2932 (κλεισούρα
1295 2864 1348 2916 δὲ
1388 2865 1477 2915 τοῦ
1517 2865 1681 2932 ζυγοῦ
1727 2867 1822 2918 οὐ-

1933 2851 2101 2907 dcdit.
2157 2849 2386 2904 Litteris
2449 2852 2612 2921 igitur
2667 2869 3103 2922 quoquoversum
3135 2857 3276 2908 datis
3317 2857 3505 2926 c0pias

234 2943 374 2996 τωςί
416 2963 532 3006 πως
583 2947 1007 3019 ὀνομαζομένη),
1054 2951 1146 3002 τὸν
1195 2953 1313 3004 ὅλον
1352 2952 1570 3022 περιῄει
1631 2953 1818 3021 ζυγὸν,

237 3035 764 3105 κατασκεπτόμενος
815 3039 860 3090 εί
911 3040 1085 3092 πάντα
1113 3041 1180 3094 τὰ
1225 3042 1416 3112 πρώην
1479 3042 1610 3112 παρ’
1654 3045 1818 3098 αὑτοῦ

236 3125 603 3194 ἐντεταλμένα
643 3128 690 3179 οἱ
725 3129 825 3199 τὴν
846 3133 1054 3184 τούτων
1081 3133 1399 3202 οἰκονομίαν
1425 3135 1818 3205 ἀναδεξάμενοι

236 3215 612 3280 τετελέκασιν,
646 3220 739 3270 καὶ
768 3220 820 3272 εἴ
856 3238 910 3272 τι
959 3223 1214 3290 ἡμιτελὲς
1244 3225 1276 3291 ἢ
1327 3225 1501 3278 ἐνδέον
1539 3228 1672 3291 ἐστὶ,
1723 3227 1818 3279 καὶ

238 3305 402 3357 τοῦτο
458 3309 974 3376 ἐπανορθώσασθαι,
1006 3312 1080 3376 ὡς
1127 3319 1201 3385 μὴ
1236 3316 1434 3386 ῥαδίως
1475 3317 1672 3383 ἐξεῖναι
1707 3325 1818 3384 τοῖς

239 3395 521 3465 Κομάνοις
550 3399 806 3456 διελθεῖν.
864 3405 1047 3458 Πάντα
1083 3404 1214 3473 γοῦν
1277 3409 1661 3478 οἰκονομήσας,
1694 3409 1816 3483 κᾷθ’

239 3485 409 3550 οὕτως
445 3489 657 3543 ἐκεῖθεν
688 3493 1059 3563 ὑποστρέψας,
1087 3497 1216 3560 περὶ
1242 3496 1338 3567 τὴν
1365 3499 1514 3568 ἱερὰν
1546 3500 1816 3570 καλουμέ-

239 3596 340 3648 νην
374 3579 575 3648 λίμνην
611 3582 724 3653 (95)
757 3583 849 3636 τὸν
873 3585 1092 3654 χάρακα
1121 3585 1394 3657 ἐπήξατοξ
1441 3593 1538 3659 τῆς
1593 3591 1817 3660 Ἀγχιά-

237 3669 332 3724 λου
368 3672 544 3741 ἀγχοῦ
607 3674 983 3746 διακειμένην.
1034 3679 1248 3743 Νυκτὸς
1303 3679 1358 3732 δὲ
1421 3682 1816 3747 καταλαϐόντος

240 3764 504 3816 Πουδίλου
535 3765 681 3830 τινὸς
742 3768 1000 3837 ἐκκρίτου
1037 3771 1145 3823 τῶν
1175 3772 1399 3843 Βλάχων
1440 3775 1536 3826 καὶ
1575 3778 1674 3843 τὴν
1708 3775 1815 3829 τῶν

239 3857 518 3923 Κομάνων
550 3857 641 3910 διὰ
673 3858 768 3912 τοῦ
819 3862 1133 3926 Δανούδεως
1180 3864 1576 3934 διαπεραίωσιν
1634 3867 1816 3936 ἀπαγ-

239 3949 549 4013 γείλαντος,
593 3948 714 4002 δέον
755 3952 969 4022 ἔκρινεν
1030 3953 1382 4024 αὐγαζούσης
1443 3957 1542 4027 τῆς
1597 3957 1816 4026 ἡμέρας

243 4041 765 4110 μετακαλεσάμενος
810 4046 939 4108 τοὺς
971 4047 1259 4116 ἐκκρίτους
1292 4049 1401 4101 τῶν
1452 4051 1728 4118 συγγενῶν
1753 4067 1814 4102 τε

240 4133 341 4184 καὶ
378 4134 674 4202 ἡγεμόνων
703 4134 1100 4203 βουλεύσασθαι
1126 4140 1153 4191 ὅ
1173 4157 1225 4192 τι
1244 4139 1324 4192 δεῖ
1344 4142 1536 4194 ποιεῖν.
1574 4141 1730 4196 Ἐπεὶ
1759 4140 1814 4193 δὲ

241 4224 323 4286 εἰς
348 4223 449 4293 τὴν
493 4223 779 4295 Ἀγχίαλον
807 4227 1011 4292 πάντες
1041 4233 1448 4302 παραγενέσθαι
1482 4233 1590 4286 δεῖν
1607 4233 1814 4304 ελεγον,
1849 4222 1894 4277 Ῑ)

1931 2943 2173 3012 undique
2209 2943 2484 2997 contrahit
2512 2961 2526 3010 ;
2560 2945 2876 3013 paratisque
2906 2947 3041 3000 satis
3087 2949 3337 3003 munibus
3390 2951 3505 3020 ipse

1927 3035 2246 3089 Anchialum
2281 3036 2567 3103 proci-dit,
2616 3035 2829 3091 Cazsare
2863 3037 3164 3107 Nicephoro
3215 3039 3504 3098 Melisse-to

1932 3138 1986 3182 et
2023 3128 2324 3194 Palazologo
2365 3128 2618 3198 Georgio,
2667 3145 2763 3183 nec
2820 3145 2924 3183 non
2975 3130 3092 3197 ejus
3140 3133 3345 3186 sororis
3394 3135 3504 3189 lilio

1925 3221 2138 3276 Joanne
2167 3219 2423 3274 Taronita
2463 3219 2670 3274 Beroen
2702 3221 2962 3285 dimissis,
3010 3232 3066 3274 ut
3117 3226 3369 3292 praesidio
3417 3241 3506 3280 es-

1925 3325 2042 3365 sent
2075 3324 2186 3366 tum
2235 3314 2310 3366 illi
2363 3313 2507 3376 urbi,
2559 3323 2670 3364 tum
2720 3313 3128 3382 circumpositis
3167 3315 3499 3383 regionibus.
3544 3365 3552 3373 .

1926 3403 2002 3456 Ex
2035 3405 2242 3458 cmteris
2272 3418 2396 3456 vero
2429 3404 2656 3457 ducibus
2690 3413 2801 3457 tres
2873 3405 2996 3458 item
3055 3406 3272 3474 delegit,
3321 3409 3502 3462 Daba-

1926 3503 2130 3557 teuutu,
2162 3493 2580 3560 Eupltorbenutu
2618 3492 2934 3563 Georgium,
2988 3505 3040 3548 et
3083 3497 3502 3552 Constantinum

1928 3585 2376 3654 Umpertopulum
2408 3625 2423 3650 ,
2484 3599 2622 3654 quos
2683 3587 2898 3639 traditis
2947 3589 3236 3655 unicuique
3290 3589 3503 3644 idoneis

1925 3679 2096 3747 copiis
2125 3679 2188 3729 ad
2221 3677 2521 3730 custodiam
2577 3677 2822 3730 mitteret
2863 3688 3212 3742 augustarum
3261 3679 3498 3734 faucium

1923 3785 2043 3837 quae
2066 3769 2208 3822 circa
2242 3766 2437 3836 Iugum
2474 3767 2713 3834 praebere
2739 3768 2943 3820 aditum
2979 3768 3230 3823 hostibus
3258 3783 3497 3838 possent.

1930 3859 2050 3916 Una
2079 3875 2146 3913 ex
2184 3859 2251 3912 iis
2286 3856 2525 3920 clisuris,
2559 3857 2673 3910 sive
2701 3855 2947 3924 angustis
2981 3857 3231 3920 vallibus,
3269 3859 3499 3914 Charta-

1923 3965 2018 4005 rea
2053 3948 2258 4004 dicitur
2288 3948 2355 4001 ad
2389 3961 2550 4015 quam
2579 3945 2695 4014 ipse
2731 3946 2996 4015 processit
3043 3947 3361 4016 imperator,
3412 3949 3500 4002 in-

1923 4044 2097 4114 deque
2146 4042 2458 4095 universum
2504 4039 2694 4093 obiens
2743 4039 2993 4092 lustravit
3037 4038 3260 4108 .Iugum,
3310 4041 3500 4096 sedulo

1923 4137 2234 4208 explorans,
2269 4149 2336 4187 an
2381 4145 2517 4202 quos
2563 4133 2630 4185 ad
2661 4131 2920 4186 excubias
2968 4134 3306 4187 occultorum
3358 4134 3501 4202 ejus-

1925 4229 2070 4284 modi
2113 4236 2387 4282 meatuum
2421 4224 2580 4280 modo
2610 4225 2855 4286 miserat,
2881 4224 3202 4280 demandata
3253 4227 3496 4280 custodia

1268 4349 1467 4412 Varias
1509 4349 1827 4413 lectiones
1869 4365 1947 4410 ex
1986 4345 2127 4408 cod.
2161 4339 2423 4405 Coislin.

315 4436 363 4468 ³⁸
391 4439 866 4511 ἐνσημανόιμενος.

1316 4531 1454 4592 Car.
1491 4530 1817 4593 Dufresnii
1849 4531 1946 4590 Du
1978 4527 2198 4604 Cangii
2233 4533 2423 4588 noue.

319 4632 434 4703 (90)
481 4635 590 4703 νἝν
620 4631 763 4703 δυσὶ
798 4631 1094 4698 πυκτίοις.
1149 4631 1678 4703 Στοιχειομαντείας,
1727 4648 1822 4687 seu

245 4701 427 4771 potius
459 4701 725 4772 illusionis
779 4705 1010 4772 species,
1045 4717 1171 4772 Aqua
1225 4717 1379 4772 usus,
1413 4702 1656 4764 Alexius,
1715 4718 1824 4771 quo

248 4770 353 4828 nou
390 4783 500 4826 tam
537 4771 664 4834 sibi,
702 4770 861 4838 quain
900 4770 1112 4839 populis
1142 4781 1192 4824 et
1227 4771 1462 4826 subditis
1495 4770 1819 4839 imponeret,

249 4843 714 4912 persuaderetqtle
741 4843 944 4909 juStam
981 4841 1227 4912 ineunda:
1279 4843 1642 4910 expeditionis
1703 4855 1823 4896 esse

249 4909 497 4972 causam,
536 4920 588 4966 et
623 4911 943 4973 titubantes,
977 4909 1288 4978 fractosque
1347 4909 1620 4978 prioribus
1669 4912 1821 4966 bellis

249 4983 479 5035 militum
514 4981 728 5034 animos
768 4980 1032 5041 ﬁrmaret,
1065 4981 1444 5048 erigeretque;
1488 4996 1646 5049 quam
1693 4996 1815 5032 rur-

250 5069 370 5106 Sttm
409 5060 584 5103 artem
623 5051 868 5106 adhibuit
895 5050 1035 5103 bello
1059 5059 1245 5104 contra
1278 5049 1511 5112 Turcos,
1538 5054 1611 5103 uti
1652 5052 1815 5104 tradit

252 5126 425 5182 Anna,
457 5120 550 5172 lib.
596 5135 682 5182 xv,
724 5135 776 5188 p.
809 5120 932 5174 471.
976 5120 1134 5174 Certe
1170 5134 1236 5172 ex
1267 5119 1387 5174 Vita
1431 5119 1488 5172 S.
1522 5121 1716 5174 Aniani
1749 5122 1816 5174 ab

253 5193 498 5245 Huberto
525 5189 691 5260 edita,
720 5205 838 5243 eam
869 5188 1218 5260 exploranda:
1260 5190 1470 5260 divina:
1523 5190 1818 5260 voluntatis

255 5262 518 5314 rationem
543 5258 702 5325 longe
731 5269 886 5312 antea
913 5258 1215 5313 obtinuisse
1239 5259 1516 5313 docemur.
1548 5258 1646 5312 Ubi
1675 5261 1818 5314 enim

255 5333 320 5383 de
359 5331 625 5398 ejusdem
667 5329 840 5381 sancti
899 5328 950 5381 in
1010 5329 1319 5398 episcopum
1379 5328 1822 5383 Aurelianensem

254 5400 519 5453 electione
549 5397 749 5465 agitur,
783 5399 895 5450 haec
923 5397 1184 5452 habentur
1217 5415 1229 5450 :
1265 5397 1430 5467 Atque
1467 5408 1522 5450 ut
1573 5398 1626 5451 id
1655 5401 1823 5464 ipsum

254 5473 442 5524 dicina
485 5468 756 5520 electionis
801 5467 1129 5530 claresceret,
1174 5483 1288 5520 cum
1333 5471 1639 5521 triduanum
1683 5467 1826 5536 jeju-

258 5542 403 5593 nium
434 5553 580 5592 more
610 5537 963 5590 ecclesiastico
1006 5539 1299 5600 indixisset,
1325 5539 1563 5590 brevibus
1594 5546 1642 5589 et
1674 5538 1822 5590 libris

257 5627 408 5677 super
467 5607 641 5661 altare
669 5608 876 5672 positis,
929 5610 1146 5661 necdum
1200 5608 1494 5677 loquentem
1544 5610 1821 5676 parvulum

258 5681 443 5744 aﬂ'eni
472 5680 738 5740 viwcevit,
777 5689 827 5730 ιιι
860 5678 970 5744 ipse
997 5678 1164 5732 brevia
1205 5679 1270 5730 ab
1315 5679 1473 5732 altari
1506 5679 1819 5731 sublevaret.

1929 4629 2074 4683 Tunc
2123 4629 2326 4681 Christi
2385 4639 2632 4692 operante
2683 4631 2891 4693 virtute,
2933 4647 3052 4685 cum
3091 4646 3222 4694 puer
3279 4649 3496 4688 mamtm

1925 4699 2448 4770 subjecissetaltari,
2489 4715 2611 4752 nios:
2647 4711 2702 4753 ut
2756 4701 2901 4752 breve
2950 4704 3137 4770 tetigit,
3185 4719 3284 4755 vox
3312 4706 3496 4757 incon-

1924 4765 2076 4821 sueta
2107 4767 2312 4820 novella
2343 4769 2498 4822 verba
2523 4771 2775 4834 prodidit,
2807 4765 3252 4837 tetesque'papulo
3281 4774 3492 4836 procla-

1923 4839 2084 4891 mavit
2116 4851 2135 4889 :
2172 4855 2190 4888 ι
2219 4839 2477 4902 Atrianus,
2512 4839 2773 4902 Arrianus,
2809 4840 3048 4895 Arrianus
3083 4843 3239 4895 istius
3269 4843 3496 4898 civitatis

1925 4924 1954 4958 a
1991 4908 2094 4960 Deo
2123 4906 2362 4974 pontifex
2406 4917 2482 4960 est
2514 4909 2807 4962 institutus.
2850 4928 2868 4961 ι
2911 4908 3040 4965 Vide
3065 4912 3233 4967 Notas
3260 4916 3328 4966 ad
3358 4914 3494 4967 Cin-

1925 4978 2066 5028 nami
2102 4991 2154 5028 ι).
2191 4977 2311 5028 122.

1924 4978 2066 5030 nanti
2102 4991 2154 5030 ι).
2191 4978 2311 5029 122.

1994 4991 2338 5168 (Edidit;
2362 5047 2646 5116 γαμϐρόν.
2685 5047 2902 5102 Sororis
2936 5051 3212 5116 maritum,
3247 5061 3305 5106 ut
3329 5069 3494 5122 supra

2021 5131 2036 5167 ι
2085 5155 2098 5168 .

1961 5159 1973 5174 ,
2021 5131 2098 5169 ll.

1921 5135 1973 5188 Ρ.
2138 5183 2558 5258 Ῐᾼόειιφιδοῦν.
2589 5184 2875 5258 Joannem
2919 5187 3230 5244 Taronitam
3255 5232 3271 5258 ,
3324 5190 3493 5245 lilium

1925 5253 2202 5310 Mueltaelis
2227 5253 2519 5330 Taronitae,
2554 5257 2646 5330 qui
2678 5272 2799 5311 cum
2835 5253 3266 5330 Huiubertopulo
3313 5262 3496 5314 rebel-

1923 5330 2153 5384 laverat.
2185 5329 2384 5394 quique
2436 5327 2608 5380 Alexii
2666 5342 2912 5381 sororem
2960 5327 3182 5384 uxorein
3241 5332 3492 5383 duxerat.

1920 5400 2095 5464 Atque
2126 5411 2188 5447 ex
2220 5395 2322 5450 hoc
2353 5396 2470 5448 loco
2502 5395 2819 5450 Michaelem
2879 5407 2930 5451 et
2982 5399 3492 5465 IItItiibertopultttn,

1922 5469 2012 5533 qui
2045 5466 2116 5517 ob
2141 5467 2567 5532 coniurationem
2617 5465 2779 5520 istam
2837 5468 2887 5519 in
2930 5469 3176 5521 exsilium
3216 5470 3319 5520 acti
3379 5465 3495 5520 lue-

1926 5546 2066 5591 rant.
2105 5545 2384 5604 revocatos
2423 5537 2698 5604 conjicere
2719 5547 2822 5590 est.
2859 5535 2989 5590 Vide
3024 5555 3074 5604 p.
3109 5536 3233 5589 56L

1998 5604 2107 5674 (95)
2159 5602 2310 5674 Ἱερὰ
2342 5602 2552 5674 λίμνη.
2613 5605 2774 5660 Juxta
2807 5602 3168 5674 Alit-ltiaiuui;
3207 5605 3292 5656 illa
3359 5603 3496 5660 forte

1923 5675 1990 5730 de
2029 5673 2130 5743 qua
2168 5673 2412 5743 Plinius,
2445 5676 2538 5732 lib.
2570 5693 2643 5743 iv,
2673 5693 2793 5746 cap.
2831 5677 2918 5742 ll,
2952 5679 3110 5729 hodie
3134 5673 3421 5743 Stagnara.
