3970 6200
223 315 318 379 721

1487 309 1899 370 ALEXIADIS
1933 313 2083 373 LIB.
2118 315 2193 374 Χ.

3376 313 3483 375 ’ῖῨέ

216 435 320 488 τῶν
350 431 625 502 Κομάνων
651 430 988 500 μεμαθηκὼς
1014 431 1105 484 ἐπὶ
1135 430 1200 482 τὰ
1225 429 1412 498 πρόσω
1450 429 1546 498 τὴν
1573 429 1800 497 πορείαν

1917 429 2079 484 cubiis
2117 441 2358 486 tenerent
2390 440 2448 486 ut
2476 432 2632 510 elabi
2661 435 2883 490 omnino
2933 449 3247 508 repetentes
3294 444 3484 499 donius

221 526 566 598 ποιούμενον,
599 527 758 589 εὐθὺς
800 525 1206 592 ἀναλαϐόμενος
1232 525 1356 586 τοὺς
1392 522 1802 592 παρατυχόντας

217 621 325 673 τῶν
359 619 712 688 στρατιωτῶν
748 617 1162 688 καταλαμϐάνει
1196 618 1362 670 τόπον
1397 615 1520 667 τινὰ
1564 615 1801 668 Σκουτά-

224 734 336 786 ριον
361 713 725 782 καλούμενον,
748 713 995 774 σταδίους
1022 715 1118 781 τῆς
1143 710 1649 780 Ἀδριανουπόλειυς
1670 711 1805 762 ἀπέ-

222 827 385 882 χοντα
409 806 808 861 όκτωκσίδεκα.
846 806 943 876 τὴν
974 807 1027 858 δὲ
1071 805 1187 874 μετ’
1216 803 1385 873 αὐτὴν
1411 805 1489 866 είς
1512 800 1803 865 Ἀγαθονί-

222 918 348 972 κην.
396 901 548 953 Ἐπεὶ
577 899 632 951 δὲ
665 898 978 968 μεμαθήκοι
1011 897 1072 949 τό
1105 897 1416 967 Κομανικον
1446 896 1682 963 φοσάτον
1724 893 1803 947 ἔτι

221 993 365 1047 κατὰ
399 994 488 1045 τὸν
537 989 801 1044 ’Λὸιλεϐῶ
841 991 884 1021 ⁷⁷
939 989 1284 1057 διακείμενον
1332 988 1518 1056 (τόπος
1562 987 1617 1040 δὲ
1649 983 1801 1047 οὗτος

221 1087 282 1139 ού
317 1084 656 1158 πορρωτέρω
682 1085 728 1115 ⁷⁸
753 1083 864 1138 τῶν
905 1084 1216 1154 εἰρημένων
1257 1082 1467 1136 πόλεων
1502 1083 1801 1150 κείμενος),

221 1177 462 1232 ἐνταῦθα
527 1176 822 1246 γενόμενος
886 1176 981 1230 καὶ
1017 1175 1084 1229 τὰ
1140 1175 1346 1246 ἄπειρα
1407 1172 1550 1242 άπερ
1585 1171 1804 1240 ἀνῆψαν

223 1270 376 1338 πυρὰ
407 1270 692 1340 πόρρωθεν
728 1269 962 1335 ἐξελθὼν
995 1269 1086 1322 καὶ
1139 1265 1636 1336 κατασκεψάμενος
1669 1265 1806 1316 ἀπο-

225 1363 444 1425 στείλας
481 1363 872 1434 μετεπέμψατο
906 1362 1176 1416 Νικόλαον
1230 1361 1316 1413 τὸν
1363 1363 1805 1429 Μαυροκατακαο

225 1455 357 1519 λὼν,
383 1457 481 1509 καὶ
517 1458 742 1526 ἐτέρους
766 1457 874 1508 τῶν
912 1456 1185 1525 ἐκκρίτων
1215 1455 1504 1524 ἡγεμόνων
1529 1453 1623 1506 τοῦ
1650 1451 1805 1505 ὁπλι-

223 1554 404 1618 τικοῦ,
439 1554 531 1605 κοιλ⁵
560 1552 610 1604 τί
638 1552 742 1622 χρὴ
780 1553 954 1604 ποιεῖν
986 1552 1350 1604 διεσκοπεῖτο.
1382 1548 1510 1602 Δέον
1536 1546 1629 1600 οὖν
1657 1563 1807 1615 τηνι-

224 1648 404 1701 καῦτα
458 1647 654 1716 ἐκρίθη
717 1645 1185 1716 μεταπέμψασθαι
1243 1646 1371 1707 τοὺς
1419 1643 1529 1697 τῶν
1576 1641 1806 1695 ἐθνικῶν

1905 526 2129 578 Barbari
2186 528 2494 595 nequirent.
2545 527 2716 583 Porro
2773 531 3122 588 Cumauicum
3181 537 3481 591 exercitum

1905 633 2026 670 cun
2059 619 2174 685 ipse
2201 622 2556 688 comperisset
2589 622 2747 690 quam
2797 627 3048 681 maximis
3086 639 3264 694 posset
3320 629 3481 683 itine-

1908 713 2057 766 ribus
2099 714 2394 776 recedere,
2429 719 2723 784 assumpsit
2768 733 2953 772 secum
2999 720 3089 786 qui
3153 721 3217 775 ad
3268 737 3481 775 manum

1909 806 2047 860 forte
2076 808 2271 862 milites
2305 809 2478 873 fuere,
2517 810 2688 864 locum
2738 811 2931 866 insedit
2979 815 3283 868 Scutarium
3313 817 3486 870 nomi-

1909 911 2135 962 natum,
2189 903 2486 956 octodecim
2547 903 2736 956 stadiis
2795 905 3148 972 Adrianopoli
3210 907 3483 965 dissitum.

1908 993 2174 1046 Postridie
2205 995 2592 1063 Agatlmuieam
2627 997 2892 1063 pervenit.
2931 997 3001 1050 lbi
3035 1014 3158 1051 cum
3207 999 3486 1052 didicisset

1905 1085 2200 1138 (Iornanica
2239 1097 2416 1142 castra
2446 1089 2511 1140 ad
2543 1088 2825 1142 Abilebum
2856 1091 2956 1144 sita
3008 1091 3195 1159 (locus
3248 1104 3325 1146 est
3381 1110 3484 1146 non

1909 1177 2062 1247 longe
2135 1189 2372 1232 remotus
2423 1197 2449 1231 a
2508 1181 2668 1234 modo
2731 1183 3042 1237 memoratis
3085 1185 3352 1255 urbibus)
3421 1202 3486 1241 eo

1907 1273 2294 1338 exploraturus
2329 1290 2424 1341 per
2456 1289 2516 1326 se
2546 1274 2659 1339 ipse
2680 1275 3001 1341 procedens,
3034 1276 3188 1331 facile
3223 1280 3488 1332 intellexit

1907 1381 1969 1419 ex
2000 1365 2211 1418 infinito
2242 1381 2398 1433 quem
2429 1367 2628 1420 notavit
2657 1367 2880 1419 utnnero
2908 1369 3131 1433 ignium,
3154 1387 3312 1436 quam
3347 1372 3486 1424 mul-

1911 1461 1978 1512 tis
2021 1460 2273 1528 partibus
2339 1460 2703 1514 Barbarorum
2763 1462 3052 1516 multitudo
3120 1462 3485 1517 [tertianorum

1910 1556 2237 1624 paucitatem
2271 1557 2581 1610 excederet.
2615 1555 2709 1610 llic
2747 1556 3022 1611 Nicolaum
3075 1559 3485 1612 Maurocataca—

1910 1650 2086 1702 loncm
2120 1658 2457 1715 caeterosque
2489 1664 2550 1702 cx
2597 1650 2850 1702 universo
2880 1649 3122 1702 exi‘rcitu
3187 1650 3487 1716 prmeipuos

224 1740 505 1809 ἀρχηγοὺς
535 1740 624 1791 τόν
649 1757 706 1791 τε
737 1739 917 1802 Ούζᾶν
950 1741 1034 1803 (ἐκ
1086 1739 1458 1808 Σαυρομάτων
1513 1738 1569 1790 δὲ
1602 1732 1800 1803 οὗτος),

1917 1742 2073 1796 duces
2103 1742 2370 1804 accersit,
2403 1755 2524 1793 eum
2561 1741 2733 1809 iisque
2758 1740 3040 1804 deliberat,
3072 1742 3200 1809 quid
3234 1742 3324 1794 tali
3358 1744 3490 1794 arti-

223 1835 320 1885 καὶ
352 1833 656 1900 Καρατζᾶν
693 1831 784 1884 τὸν
840 1830 1078 1900 Σκύθην,
1131 1833 1227 1884 καὶ
1274 1831 1365 1882 τὸν
1404 1829 1806 1900 μιξοϐάρϐαρον

225 1928 574 1995 Μοναστρᾶν,
612 1928 704 1978 καὶ
777 1925 1312 1994 παρασκευάσασθαι
1351 1926 1438 1977 ἵνα
1478 1921 1806 1983 ἀπελθόντες

225 2019 736 2088 παρασκευάςωσιν
777 2017 862 2086 ἐφ’
910 2018 1153 2086 ἑκατέρᾳ,
1201 2019 1375 2086 σκηνῇ
1415 2015 1808 2090 πεντεκαίδεκα

225 2109 320 2161 καὶ
366 2107 593 2168 πλείους
628 2108 832 2178 ἀνάψαι
867 2109 1132 2176 stupeo-3;,
1164 2106 1306 2160 ὥστε
1351 2110 1478 2169 τοὺς
1523 2106 1810 2174 Κομάνους

222 2201 520 2262 τοσούτους
563 2201 808 2269 πυρσοὺς
858 2201 1228 2270 θεασαμένους
1285 2198 1694 2268 ἀπειροπληθὲς
1749 2196 1810 2249 τὸ

235 2291 549 2360 Ῥωμαῑκὶν
578 2290 800 2360 νομίσαι
824 2289 1166 2360 στράτευμα,
1215 2289 1517 2342 κάντεῦθεν
1552 2288 1812 2356 ἐκδειμα-

223 2383 496 2445 τωθέντες
531 2382 626 2436 τοῦ
655 2384 843 2436 λοιποῦ
871 2387 944 2454 μὴ
980 2382 1296 2453 θαρσαλέως
1324 2382 1534 2443 τούτοις
1565 2380 1811 2448 προσϐα-

227 2479 364 2530 λεῖν.
411 2476 586 2529 Τοῦτο
615 2477 672 2529 δέ
730 2475 957 2543 γεγονὸς
993 2478 1110 2527 ταῖς
1143 2474 1254 2527 τῶν
1306 2473 1581 2542 Κομάνων
1615 2471 1812 2542 ψυχαῖς

230 2572 411 2639 μέγαν
443 2569 608 2637 φόϐον
647 2569 880 2638 ἐνίησιν,
930 2567 990 2620 Ὀ
1021 2568 1077 2619 δέ
1109 2584 1170 2632 γε
1199 2567 1557 2635 αὐτοκράτωρ
1597 2567 1812 2634 πρωῖας

228 2663 597 2730 ὁπλισάμενος
635 2662 730 2715 καὶ
765 2663 862 2714 tit:
900 2661 992 2714 ὑπ’
1049 2661 1216 2713 αὐτὸν
1248 2661 1510 2728 δυνάμεις
1542 2659 1814 2713 ἀναλαὸό-

231 2771 419 2824 μενος,
446 2756 587 2807 ῐεται
625 2755 745 2807 κατ’
777 2754 979 2806 αὐτῶν·
1015 2756 1110 2807 καὶ
1141 2753 1381 2824 πολέμου
1427 2755 1486 2819 ἐξ
1537 2752 1814 2822 ἑκατέρων

230 2849 628 2919 συρραγέντος,
679 2851 727 2902 οί
773 2850 1021 2918 Κόμανοι
1050 2849 1116 2901 τΞι
1162 2847 1313 2902 νῶτα
1362 2847 1620 2900 διδόασιν.
1669 2845 1727 2898 Ὀ
1757 2845 1816 2897 δὲ

228 2939 490 3007 βασιλεὺς
539 2939 730 2992 διελὼν
781 2940 839 2992 τὸ
885 2940 1246 3008 στράτευμα,
1294 2940 1420 3001 τοὺς
1480 2937 1578 3007 μὲν
1624 2935 1814 3006 ψιλοὺς

229 3031 543 3102 ἔμπροσθεν
571 3030 788 3086 διώκειν
821 3034 1201 3100 ὲκπίπομτρεν,
1276 3031 1440 3095 αὐτὸς
1489 3031 1545 3083 δὲ
1585 3029 1814 3098 φευγόν-

1913 1833 2035 1887 culn
2061 1848 2238 1886 rerum
2261 1847 2397 1898 opus
2435 1831 2581 1886 facto
2609 1842 2774 1886 esset.
2805 1831 2990 1885 Visum
3017 1842 3100 1886 est
3131 1833 3491 1886 accersendos

1913 1925 2262 1977 auxiliarium
2305 1925 2549 1992 gentium
2599 1923 2890 1984 ductores,
2930 1922 3092 1975 Uzam
3132 1921 3438 1977 Sarmatam
3472 1963 3486 1984 .

1913 2029 1967 2071 et
2012 2018 2276 2072 Caratren
2312 2017 2570 2088 Scytham
2602 2056 2616 2078 ,
2670 2026 2780 2069 tum
2832 2018 3050 2071 mistum
3099 2032 3166 2070 ex
3205 2017 3488 2070 barbarico

1913 2126 2110 2180 genere
2139 2109 2468 2164 Munastram
2512 2126 2526 2163 :
2557 2111 2747 2177 eisque
2789 2109 3231 2177 praecipiendum,
3269 2123 3488 2174 operam

1913 2205 2101 2258 darent
2170 2215 2227 2255 ut
2292 2203 2356 2256 ad
2403 2203 2762 2272 quodcunque
2807 2203 3214 2257 tabernaculum
3269 2219 3490 2257 suorum

1915 2298 2223 2367 quimtecim
2251 2297 2422 2367 ignes.
2467 2308 2556 2350 aut
2590 2296 2752 2349 etiam
2789 2296 2966 2363 plures
3009 2299 3436 2351 accenderentur
3473 2313 3488 2356 :

1914 2404 2022 2455 quo
2055 2388 2311 2440 nimirum
2343 2388 2598 2442 Comanis
2623 2426 2637 2450 ,
2670 2397 2722 2441 et
2764 2387 2892 2454 ipsis
2942 2388 3129 2454 procul
3185 2389 3334 2457 ignes
3387 2407 3492 2442 nu-

1918 2481 2254 2534 merantibus
2291 2481 2445 2549 longe
2479 2481 2883 2534 numerosiores
2914 2495 3074 2547 quam
3130 2480 3306 2547 reipsa
3338 2489 3494 2533 erant

1918 2572 2287 2624 ltotuanorum
2314 2574 2483 2641 copia:
2503 2581 2846 2639 apparerent,
2864 2587 3036 2640 eaque
3059 2571 3239 2639 specie
3285 2582 3495 2624 conter-

1919 2664 2004 2716 riti
2032 2665 2294 2717 minorem
2325 2663 2390 2716 ad
2426 2665 2821 2732 conll’gendnm
2881 2664 3160 2716 audaciam
3214 2663 3491 2719 aﬂerrent.

1919 2757 2194 2811 Successit
2223 2757 2438 2826 egregie
2469 2758 2644 2810 dolus.
2697 2750 3038 2810 Postridiaua
3088 2755 3207 2809 luce
3249 2765 3366 2807 orta
3400 2772 3488 2807 ar-

1918 2859 2098 2904 matus
2129 2851 2422 2916 imperator
2468 2859 2708 2902 armatos
2745 2863 2873 2902 suos
2915 2849 3096 2902 educit
3141 2848 3192 2901 in
3248 2848 3491 2914 praelium

1919 2949 2107 2992 contra
2138 2939 2428 2994 Comanos.
2461 2938 2817 2992 Concurritur
2849 2955 2862 2991 :
2903 2947 3050 3006 terga
3084 2941 3210 2990 dant
3249 2938 3492 2990 Barbari.

1919 3034 2196 3104 Augustus
2226 3033 2340 3088 suis
2379 3032 2634 3088 bifariam
2683 3032 2871 3086 divisis
2906 3032 3076 3085 levius
3111 3043 3350 3086 armatos
3398 3047 3496 3085 an-

227 3143 340 3177 τιιιν
371 3124 634 3193 ἀκρατῶς
668 3125 909 3178 ἐλαύνων
936 3127 1147 3178 ἐδίωκε.
1180 3126 1416 3189 Τούτους
1463 3125 1517 3177 δὲ
1551 3126 1681 3192 περὶ
1713 3123 1812 3193 τὴν

1920 3139 2194 3185 tecurrcre
2219 3129 2375 3197 jubet
2403 3130 2454 3182 in
2495 3145 2555 3180 ea
2594 3127 2705 3180 loca
2735 3128 2788 3180 in
2822 3141 2940 3195 qum
2973 3126 3094 3195 fuga
3130 3125 3494 3180 Cumanorum

231 3218 469 3285 Σιδηρᾶν
500 3216 824 3288 κλεισούραν
854 3218 1201 3282 καταλαϐὼν,
1245 3219 1474 3282 πολλοὺς
1513 3219 1610 3287 μὲν
1658 3220 1807 3272 duntt-

235 3312 340 3380 ρεῖ,
379 3309 667 3373 πλείστους
698 3311 752 3364 δὲ
780 3309 1053 3379 ζωγρείαν
1087 3311 1230 3379 ἄγει.
1268 3314 1331 3364 Οἱ
1362 3313 1418 3364 δέ
1464 3328 1526 3379 γε
1559 3328 1812 3382 προπεμ-

233 3401 468 3468 φθέντες
501 3400 611 3452 τῶν
661 3401 932 3469 Κομάνων
971 3402 1070 3472 τὴν
1121 3401 1272 3454 λείαν
1307 3403 1488 3454 πᾶσαν
1543 3402 1813 3455 ἀναλαϐό-

236 3506 390 3558 μενοι
421 3489 810 3559 ὑπεχώρησαν.
861 3491 918 3543 '0
949 3491 1003 3544 δέ
1042 3491 1316 3560 βασιλεὺς,
1352 3491 1481 3562 περὶ
1515 3491 1618 3559 τὴν
1648 3492 1816 3561 ἀκρο-

233 3583 429 3650 λοφίαν
459 3583 557 3649 τῆς
584 3584 819 3652 Σιδηρᾶς
854 3584 1182 3651 κλεισούρας
1221 3584 1520 3653 παννύχιος
1570 3583 1815 3637 διατελέο

236 3693 359 3739 σας,
379 3675 648 3744 χειμῶνος
673 3677 829 3738 δντος
855 3677 1088 3746 σφοδροῦ
1108 3677 1460 3746 αὐγαζούσης
1480 3679 1579 3748 ἤδη
1601 3677 1816 3748 ἡμέρας

234 3768 335 3837 τὴν
364 3767 566 3835 Γολόην
592 3769 944 3835 κατείληφεν.
986 3770 1196 3822 Ἐκεϊσε
1237 3770 1299 3822 δὲ·
1330 3769 1729 3841 ήμερονύχθιον
1759 3768 1817 3820 ἓν

236 3861 678 3931 διακαρτερήσας
708 3861 793 3930 ἐφ’
819 3855 862 3930 ᾧ
893 3864 1123 3932 τιμῆσαι
1152 3865 1363 3926 πάντας
1387 3866 1518 3926 τοὺς
1544 3862 1821 3934 ἀνδρικῶς

239 3956 694 4023 ἀγωνισαμένους
723 3957 815 4007 καὶ
851 3955 1074 4026 δωρεῶν
1103 3957 1380 4026 μεγίστων
1413 3955 1671 4020 ἀξιῶσαι,
1723 3956 1818 4007 καὶ

238 4051 299 4101 τό
333 4047 624 4120 βουλευθέν
645 4049 726 4112 είς
748 4048 910 4117 ἔργον
941 4046 1169 4115 ἀγαγὼν
1199 4047 1294 4099 καὶ
1339 4044 1820 4116 μετέὐφροσύνης

241 4142 451 4202 πάντας
477 4141 775 4210 ἐκπέμψας
817 4139 1020 4201 οἴκαδε,
1053 4142 1110 4190 ἐν
1136 4138 1258 4190 δυσὶ
1291 4137 1654 4207 νυχθημέροις
1687 4152 1818 4188 κατ-

244 4235 403 4287 έλαϐε
446 4235 490 4266 ⁷³
573 4234 642 4286 τὰ
677 4231 948 4302 βασίλεια.
980 4230 1092 4282 Καὶ
1120 4230 1318 4299 μικρὸν
1352 4227 1547 4281 ἑαυτὸν
1582 4229 1822 4297 ἀνακτη-

247 4331 480 4399 σάμενος
513 4329 622 4380 τῶν
654 4326 864 4379 πολλῶν
893 4322 1134 4393 μόχθων,
1160 4323 1282 4375 ἐπεὶ
1298 4323 1420 4384 τοὺς
1451 4320 1730 4391 Τούρκους
1750 4321 1822 4374 τά

246 4423 393 4485 ἐντὸς
426 4420 677 4483 Βιθυνίας
703 4416 1140 4487 κατατρέχοντας
1168 4411 1294 4486 εὗρε
1335 4414 1429 4467 καὶ
1462 4413 1818 4483 ληϊζομένους

247 4515 460 4567 ἅπαντα
487 4513 594 4566 τῶν
626 4512 863 4564 δυτικῶν
886 4509 1228 4580 πραγμάτων
1256 4509 1320 4560 ἐκ
1349 4507 1582 4575 θατέρου
1611 4507 1816 4576 μέρους

250 4609 376 4677 πρὸς
399 4606 598 4660 ἑαυτὸν
628 4605 673 4636 ³ο
693 4601 1080 4670 ἐπισπώμενον
1100 4601 1191 4654 τόν
1227 4600 1630 4668 αὐτοκράτορα,
1657 4597 1822 4650 πλέον

246 4701 301 4753 ἐν
326 4700 540 4761 τούτοις
573 4699 605 4769 ἢ
634 4699 692 4749 ἐν
724 4696 955 4757 ἐκείνοις
981 4693 1204 4762 κάμνων
1246 4691 1407 4763 (πρὸς
1462 4693 1571 4760 γὰρ
1604 4690 1662 4742 τὸ
1693 4707 1824 4743 κατ-

250 4797 466 4862 επεῖγον
492 4791 695 4857 μᾶλλον
712 4793 738 4842 ὁ
758 4790 918 4848 πόνος
937 4782 1051 4857 ἦν),
1077 4785 1323 4839 ἐπίνοιαν
1359 4785 1653 4836 ἐπινοεῖται
1679 4783 1823 4852 μάλα

251 4884 626 4956 μεγαλουργὸν
659 4884 752 4935 καὶ
783 4881 936 4948 ἀξίαν
969 4879 1068 4949 τῆς
1109 4877 1319 4929 ἐκείνου
1347 4875 1527 4945 ψυχῆς
1560 4874 1658 4927 καὶ
1685 4873 1821 4942 πρὸς

249 4981 546 5049 exsilui:
575 4977 830 5038 Βιθυνίας
860 4969 1230 5041 ἁποταφρεύει
1262 4969 1359 5028 τὰς
1390 4967 1614 5020 ἐκείνων
1651 4984 1820 5019 xui-'1'

249 5071 450 5140 δρομὰς
480 5070 570 5121 διὰ
591 5066 849 5135 τοιαύτης
881 5063 1232 5130 κατασκευῆς
1255 5076 1269 5092 ο
1299 5060 1450 5124 ἄξιον
1496 5059 1554 5111 δὲ
1605 5059 1698 5112 καὶ
1723 5059 1820 5130 τὴν

252 5160 600 5231 κατασκευὴν
635 5159 851 5226 ἐκείνην
882 5150 1271 5225 διηγήσασθαι.

1919 3220 2223 3287 ferebatur;
2260 3221 2374 3289 ipse
2425 3231 2547 3274 eum
2605 3219 2832 3286 reliquis
2883 3219 3123 3283 vestigiis
3173 3218 3495 3286 fugientium

1917 3317 2114 3371 acriter
2167 3316 2330 3368 instat
2367 3333 2382 3368 :
2416 3329 2549 3376 quos
2591 3313 2805 3367 tandem
2843 3312 3205 3380 deprehensos
3253 3311 3319 3365 ad
3375 3327 3493 3365 eam

1917 3409 2168 3462 clisuram
2217 3420 2336 3474 qua:
2374 3403 2562 3458 Sidera
2607 3405 2723 3459 sive
2773 3403 2969 3456 Ferrea
3000 3412 3244 3467 vocatur,
3280 3402 3496 3470 egregie

1917 3500 2106 3558 vincit.
2151 3497 2452 3552 interfectis
2496 3495 2719 3560 multis,
2764 3495 3007 3563 pluribus
3060 3494 3112 3548 in
3174 3494 3494 3547 servitutem

1919 3592 2187 3647 abductis.
2242 3589 2342 3655 Qui
2402 3603 2530 3641 vero
2574 3596 2700 3640 ante
2753 3585 3023 3639 Cumanos
3077 3583 3227 3638 missi
3283 3584 3499 3636 fuerant

1920 3681 2100 3751 praula
2131 3681 2370 3747 ipsorum
2401 3676 2549 3730 omni
2580 3684 2796 3740 recepta
2827 3680 3190 3726 reverterunt.
3224 3672 3292 3724 At
3326 3671 3498 3737 impe-

1923 3781 2069 3826 rator
2102 3785 2224 3823 cum
2256 3783 2351 3836 per
2380 3766 2575 3820 foedam
2605 3765 2841 3818 hiemem
2879 3777 3043 3828 supra
3073 3761 3328 3816 verticem
3366 3762 3490 3815 Furr

1924 3878 2030 3917 rea:
2072 3861 2291 3914 clisurae
2347 3857 2730 3911 imminentem
2792 3861 3358 3923 pernoctasset,orta
3415 3853 3500 3906 die

1921 3952 2128 4008 Gulocn
2159 3963 2218 4005 se
2259 3947 2465 4016 recepit
2495 3946 2582 4000 ubi
2611 3957 2672 4000 ea
2706 3945 2826 4000 luce
2853 3959 2974 3998 cum
3012 3944 3312 4012 insequenti
3342 3953 3507 3998 nocte-

1923 4053 2244 4110 consumpta
2281 4043 2334 4095 in
2375 4037 2656 4092 laudandis
2687 4047 2740 4092 et
2769 4035 2927 4089 donis
2963 4033 3274 4104 ingentibus
3321 4049 3502 4089 remu-

1924 4135 2182 4192 neramlis
2239 4132 2331 4204 qui
2379 4131 2546 4187 nobili
2601 4145 2660 4184 se
2711 4129 2893 4198 aliquo
2944 4125 3192 4181 facinore
3240 4141 3334 4194 per
3382 4141 3500 4179 eam

1923 4224 2325 4294 expeditionem
2358 4221 2856 4283 commendassem,
2881 4217 3148 4274 confectis
3169 4233 3198 4271 e
3231 4218 3501 4273 sententia

1927 4319 2086 4373 rebus
2114 4317 2311 4372 milites
2340 4317 2494 4370 laetos
2522 4330 2586 4369 ac
2618 4313 2958 4385 gratulantes
2979 4313 3032 4366 in
3057 4327 3207 4366 suam
3237 4324 3505 4380 quemque

1925 4411 2133 4465 dimisit
2185 4411 2430 4466 domum.
2481 4407 2600 4477 Ipse
2646 4407 2859 4462 duobus
2916 4406 3110 4460 diebus
3171 4403 3504 4467 totidemque

1923 4505 2086 4575 282
2120 4504 2370 4558 noctibus
2415 4503 2466 4555 in
2501 4501 2706 4569 regiam
2754 4514 2812 4554 se
2860 4499 3049 4552 urbem
3101 4493 3332 4550 contulit
3363 4508 3376 4544 :
3412 4491 3502 4543 ubi

1927 4600 2010 4650 vix
2045 4594 2319 4663 paululum
2353 4607 2418 4645 ex
2445 4589 2702 4644 laboriosi
2734 4587 2858 4642 belli
2891 4584 3210 4641 lassitudine
3241 4581 3501 4642 refectus,

1926 4699 2117 4738 novam
2175 4683 2426 4752 gerendae
2479 4679 2557 4734 rei
2624 4677 2961 4733 occasionem
3026 4674 3234 4729 habuit.
3296 4671 3506 4727 Turcos

1929 4792 2120 4844 nempe
2168 4775 2436 4844 comperit
2487 4770 2744 4826 infestare
2798 4767 3102 4838 Bithyniam
3165 4765 3512 4831 latrociniis,

1928 4873 2070 4942 quod
2105 4885 2222 4923 eam
2258 4865 2524 4936 praesidiis
2557 4862 2766 4918 idoneis
2816 4876 3042 4916 vacuam
3075 4867 3271 4914 norant
3299 4902 3312 4922 ,
3353 4860 3506 4914 labo-

1933 4975 2089 5016 rante
2121 4961 2372 5015 videlicet
2418 4959 2469 5011 in
2520 4955 2750 5011 occiduo
2789 4952 2961 5008 limite
3013 4968 3108 5021 per
3155 4951 3516 5006 Comauicnm

1935 5055 2222 5109 tumultum
2254 5052 2498 5106 Romana
2533 5063 2591 5102 re
2611 5063 2676 5102 eo
2695 5061 2996 5102 convocare
3028 5055 3085 5098 ut
3114 5046 3178 5099 ad
3209 5043 3512 5114 periculum
3563 5118 3570 5125 .

1939 5161 2136 5214 urgens
2166 5146 2310 5198 vires
2338 5141 2586 5212 imperii,
2626 5138 2836 5194 caeteris
2889 5149 3018 5191 tunc
3064 5138 3280 5206 quidem
3328 5136 3513 5188 minus

252 5256 683 5321 periclitantibus
714 5251 970 5321 neglectis
999 5257 1220 5304 coactus
1271 5247 1560 5312 imperator
1614 5243 1805 5300 fuerat.
1834 5242 2029 5296 ναι-ειμι
2061 5252 2115 5294 ιιι
2142 5242 2192 5294 in
2220 5254 2381 5294 onme
2447 5248 2658 5306 tempus
2703 5235 2801 5291 ista
2852 5233 3510 5305 praedonmuyaerolarum

256 5348 660 5418 importunitate
689 5343 992 5417 Bithyniam
1016 5343 1291 5403 liberaret,
1321 5355 1456 5408 opus
1482 5339 1662 5391 animo
1685 5338 1937 5405 cont-cpit
2017 5336 2415 5405 magniﬁcentia

257 5444 392 5510 quod
426 5444 583 5514 quale
621 5440 784 5497 fuerit
815 5440 997 5509 paucis
1033 5451 1322 5506 exsequar.

2508 5342 2562 5387 et
2632 5332 3005 5400 generositate
3071 5345 3169 5386 sua
3247 5330 3509 5400 dignum,

1289 5617 1482 5678 Varim
1541 5615 1844 5678 lectiones
1881 5630 1962 5674 ex
1991 5614 2133 5676 cod.
2166 5612 2439 5676 Coislin.

330 5779 374 5814 ”
417 5779 746 5851 Ἀγριλεϐῶ.
824 5778 872 5811 ⁷⁸
905 5777 1118 5848 πόρρω.
1198 5777 1240 5812 ⁷⁸
1280 5773 1594 5843 κατείληφε.

1672 5771 1717 5802 ⁸⁰
1741 5769 1930 5825 ἑαυτά.
