3970 6200
257 271 368 334 733

1548 259 1966 324 ALEXIADIS
2009 262 2158 322 I.lB.
2196 262 2270 320 Χ.

3403 247 3512 311 734

256 406 428 446 κοντα
463 390 600 462 (l5),
626 390 838 444 ἱππέων
863 389 921 444 δὲ
955 388 1212 458 χιλιάδων
1235 385 1445 457 ἀνδρῶν
1472 383 1687 439 ἑκατὸν,
1739 378 1833 432 καὶ

1941 379 2210 447 octoginta
2265 375 2527 438 millibus,
2563 383 2617 429 et
2679 378 2898 428 centum
2953 366 3194 423 millibus
3241 366 3508 434 equitum.

259 485 347 539 διὰ
396 483 509 536 τῶν
573 483 760 554 μερῶν
819 483 918 550 τῆς
973 482 1250 552 Ούγγρίας
1284 480 1384 550 τὴν
1442 475 1838 547 βασιλεύουσαν

260 575 579 630 κατέλαϐεν.
639 577 797 628 Ἔστι
834 578 934 643 μὲν
965 577 1072 644 γὰρ
1096 576 1154 627 τὸ
1177 575 1283 626 τῶν
1307 573 1524 625 Κελτῶν
1563 571 1738 638 γένος,
1763 569 1837 629 ὼς

262 670 478 722 εἰκάσαι
505 669 520 699 ¹
553 668 700 726 τινὰ,
733 669 826 720 καλ
854 668 1030 730 ἄλλως
1059 668 1181 721 λίαν
1202 665 1538 735 θερμότατον
1563 665 1656 716 καὶ
1690 662 1782 726 ὀξύ
1817 675 1831 691 ⁸

263 763 400 814 ἐπὰν
433 762 487 813 δὲ
523 761 617 813 καὶ
643 761 900 829 ἀφορμῆς
955 761 1204 829 δράξοιτο
1227 760 1552 814 ἀκάθεκτον.
1587 757 1706 810 Τῶν
1731 758 1751 786 ¹
1777 755 1832 807 δὲ

263 853 530 923 βασιλέως
564 853 706 920 άπερ
741 853 767 904 ὁ
803 854 1008 922 Πέτρος
1070 853 1468 922 προεπεπόνθει
1521 849 1670 916 παρὰ
1724 846 1834 899 τῶν

262 947 524 1014 Τούρκων
554 946 922 1013 γινώσκοντος
950 947 1043 998 καὶ
1077 965 1138 998 συ
1149 945 1536 1015 μϐουλεύοντος
1564 942 1711 1008 αύτῷ
1739 939 1835 990 καὶ

259 1040 360 1106 τὴν
391 1037 502 1092 τῶν
525 1037 730 1090 λοιπῶν
759 1039 1019 1106 κομήτων
1049 1037 1388 1106 καρτερῆσαι
1413 1035 1433 1065 ³
1466 1035 1701 1092 ἔλευσιν,
1733 1032 1831 1083 οὑκ

261 1132 534 1197 ἐπείθετο,
597 1131 818 1202 θαρρῶν
871 1133 951 1194 είς
972 1131 1032 1184 τὸ
1068 1131 1272 1199 πλῆθος
1303 1131 1410 1183 τῶν
1448 1126 1833 1195 συνεπομένων

261 1223 446 1294 αὐτῷ·
482 1225 580 1277 καὶ
640 1223 984 1292 διαπεράσας
1033 1225 1275 1292 ἐπήξατο
1328 1223 1417 1276 τὸν
1473 1222 1694 1292 χάρακα
1753 1219 1833 1278 εἷς

258 1335 311 1368 τι
341 1316 616 1385 πολίχνιον
657 1314 1172 1383 Ἐλενούπολινμϐ)
1217 1315 1638 1384 ὀνομαζόμενον.
1684 1312 1834 1364 Ἐπεὶ

257 1408 313 1461 δὲ
341 1408 440 1461 καὶ
463 1407 745 1478 Νορμάνοι
775 1411 951 1478 τούτῳ
978 1411 1296 1462 συνείποντο
1335 1410 1417 1472 εἰς
1466 1411 1599 1462 δέκα
1649 1406 1834 1477 χιλιά-

259 1500 356 1561 δας
383 1500 716 1568 ποσούμενοι
749 1501 1142 1570 ἀποκριθέντες
1193 1499 1288 1553 τοῦ
1333 1500 1522 1555 λοιποῦ
1577 1501 1838 1572 στρατεύ-

263 1616 436 1668 ματος
459 1598 528 1650 τὰ
555 1598 698 1650 κατὰ
724 1597 823 1666 τὴν
858 1593 1096 1648 Νίκαιαν
1143 1594 1440 1663 ἐληΐζοντο,
1471 1596 1637 1647 πᾶσιν
1689 1595 1834 1663 ὠμο-

259 1691 439 1753 τάτως
475 1689 834 1759 χρησάμενοι.
889 1686 1010 1739 Τῶν
1056 1703 1114 1738 τε
1174 1687 1283 1753 γὰρ
1349 1685 1562 1756 βρεφῶν
1616 1684 1684 1737 τὰ
1731 1685 1830 1754 μὲν
1859 1703 1906 1762 Β

259 1783 533 1850 ἐμέλιζον,
571 1781 641 1834 τὰ
667 1781 721 1833 δὲ
758 1781 936 1844 ξύλοις
996 1779 1433 1848 περιπείροντες,
1497 1777 1734 1842 ῶπτιζον
1773 1781 1830 1830 ὲν

259 1877 411 1946 πυρὶ,
449 1874 584 1942 πρὸς
625 1874 680 1926 δὲ
736 1873 864 1935 τοὺς
930 1872 1006 1941 τῷ
1061 1871 1238 1942 χρόνῳ
1302 1873 1666 1940 προήκοντας,
1721 1873 1831 1922 πᾶν

258 1965 396 2030 εἶδος
434 1968 621 2037 ποινῆς
644 1965 1043 2019 ἐπεδείκνυντο.
1081 1967 1144 2018 Οἱ
1176 1965 1234 2018 δὲ
1266 1964 1417 2026 ἐντὸς
1447 1965 1554 2016 τῶν
1604 1963 1825 2032 γινομέο

258 2079 366 2113 νων
398 2062 456 2112 ὲν
508 2060 761 2128 αἰσθήσει
799 2063 820 2090 ⁸
861 2059 1170 2126 γεγονότες,
1236 2057 1682 2119 ἀναπετάσαντες
1731 2058 1832 2118 τάς

259 2153 436 2214 πύλας
467 2153 585 2205 κατ’
615 2151 792 2206 αὐτῶν
823 2150 1075 2222 ἐξῄεσαν.
1119 2149 1410 2220 Καρτεροῦ
1439 2149 1495 2202 δὲ
1520 2149 1828 2217 τηνικαῦτα

262 2247 631 2317 συρραγέντος
661 2245 922 2314 πολέμου,
954 2243 1274 2314 παλίνορσοι
1302 2245 1432 2296 εἴσω
1464 2243 1559 2295 τοῦ
1591 2242 1830 2311 κάστρου

261 2339 549 2406 γεγόνασιν
580 2337 835 2404 ἐκθύμως
871 2337 982 2400 τῶν
1029 2336 1336 2406 Νορμάνων
1374 2333 1828 2403 ἀγωνισαμένων,

262 2432 357 2486 καὶ
388 2431 461 2492 ὡς
492 2430 589 2498 τὴν
636 2431 785 2482 λείαν
818 2429 1040 2482 ἅπασαν
1080 2428 1499 2496 ἀναλαϐόμενοι,
1533 2425 1831 2478 κατέλαϐον

261 2523 418 2586 αὖθις
467 2524 564 2592 τὴν
603 2522 998 2575 Ἐλενούπολιν.
1027 2521 1199 2589 Λόγου
1225 2521 1280 2573 δὲ
1316 2518 1627 2588 άναμεταξὺ
1651 2517 1831 2570 αὐτῶν

261 2633 322 2672 τι
346 2618 439 2670 καὶ
468 2616 577 2669 τῶν
629 2615 704 2685 μὴ
733 2615 829 2668 σὺν
873 2617 1060 2676 αὐτοῖς
1093 2614 1441 2666 ἀπελθόντων
1486 2611 1823 2680 κινηθέντος·

260 2713 416 2762 ὁποῖα
447 2709 592 2776 φιλεῖ
624 2711 679 2761 ὲν
708 2710 820 2770 τοῖς
867 2707 1131 2770 τοιούτοις
1155 2705 1424 2774 γίνεσθαι,
1477 2705 1570 2758 τοῦ
1626 2704 1823 2772 φθόνου

263 2803 356 2856 τὸν
441 2802 614 2871 θυμὸν
693 2801 1093 2869 άναφλέγοντος
1166 2800 1276 2852 τῶν
1360 2797 1826 2866 ἀπολειφθέντων.

261 2895 578 2950 Κάντεῦθεν
623 2895 934 2964 ἁψιμαχίας
989 2895 1198 2963 ἀμφοῖν
1246 2893 1570 2962 γενομένης,
1631 2892 1678 2943 οἱ
1709 2889 1832 2943 τολ-

267 2989 458 3058 μητίαι
488 2988 768 3055 Νορμάνοι
803 2985 1194 3054 ἀποκριθέντες
1231 2982 1385 3047 αὖθις
1413 2983 1510 3054 τὴν
1565 2981 1830 3052 Ξερὶγορ-

1940 483 2036 535 per
2065 466 2350 535 llungariae
2399 467 2536 521 lines
2576 459 3105 527 Constantinopolim
3138 473 3197 511 se
3251 457 3510 514 contulit.

1940 569 2086 613 tanta
2113 558 2421 620 velocitate,
2449 566 2509 610 ut
2536 557 2810 624 specimen
2843 553 2894 606 id
2925 554 3028 604 iter
3050 565 3170 604 esse
3196 559 3378 616 posset
3409 564 3502 601 ar-

1939 653 2116 704 dentis
2145 659 2198 702 et
2230 649 2389 702 facile
2417 647 2657 699 victricis
2701 658 2976 697 morarum
2997 641 3236 692 omnium
3268 637 3500 691 strenui-

1941 744 2069 796 latis
2102 741 2441 810 ingeniorum
2467 738 2822 798 Gallicorum,
2855 735 2994 800 quod
3028 747 3196 802 genus
3227 731 3347 783 aliis
3366 731 3509 796 jam.

1939 836 2145 902 pridem
2182 832 2331 885 ducti
2385 828 2712 898 coniecturis
2769 826 3038 880 homines.
3089 822 3406 888 praefervida
3455 826 3510 870 et

1937 924 2208 991 imprimis
2263 922 2468 977 eliieaci
2516 931 2706 973 natura
2741 917 3023 987 pra-ditum
3079 914 3276 982 passim
3307 911 3506 968 ferunt.

1939 1015 2071 1068 Huic
2125 1013 2290 1069 Petro
2346 1014 2641 1078 imper-ator
2699 1011 2752 1062 in
2793 1008 3002 1061 Tttrcos
3060 1005 3268 1066 ruenti,
3305 1003 3509 1069 peritus

1937 1108 2052 1175 ipse
2081 1122 2260 1160 rerum
2298 1119 2618 1167 morumque
2663 1102 2844 1170 gentis
2872 1100 3009 1167 ejus,
3046 1098 3216 1149 multa
3248 1093 3508 1147 benevole

1938 1215 1998 1252 ac
2030 1199 2321 1266 prudenter
2369 1195 2626 1247 suadebat
2659 1191 3066 1260 prmvertendis,
3092 1190 3145 1240 in
3174 1203 3293 1254 quae
3319 1185 3510 1238 deinde

1937 1289 1980 1344 is
2025 1289 2233 1350 incidit,
2273 1287 2428 1340 malis
2481 1289 2874 1352 per0pportuna
2918 1295 2938 1333 :
2987 1280 3126 1332 inter
3157 1279 3256 1330 alia
3284 1287 3337 1330 ut
3371 1275 3509 1328 alio-

1937 1395 2052 1432 rum
2089 1377 2346 1431 comitum
2405 1390 2540 1444 quos
2575 1375 2628 1428 in
2684 1373 2879 1425 itinere
2923 1385 3046 1424 esse
3084 1375 3378 1428 constaret,
3409 1366 3508 1418 ad-

1939 1477 2154 1521 ventum
2188 1465 2618 1534 przestolaretur.
2652 1460 2853 1516 Verum
2879 1460 3062 1513 omnia
3094 1459 3186 1512 ille
3213 1473 3307 1510 sua
3337 1457 3508 1510 fretus

1938 1557 2286 1612 multitudine
2331 1554 2680 1621 contempsit.
2741 1551 3186 1617 transmissisque
3241 1546 3381 1600 freto
3411 1560 3505 1598 co-

1940 1651 2062 1716 piis.
2102 1649 2169 1701 ad
2227 1663 2452 1716 parvum
2507 1646 2784 1713 oppidum.
2827 1641 3196 1707 HelenOpolim
3235 1645 3509 1699 vocatum,

1941 1741 2118 1809 posuit
2147 1747 2348 1792 castra.
2382 1735 2767 1803 Sequebantur
2796 1732 2944 1784 hunc
2971 1731 3163 1782 ducem
3221 1725 3508 1780 Nortmaui

1940 1831 2004 1884 ad
2037 1831 2222 1884 decem
2271 1828 2456 1881 millia.
2508 1827 2569 1879 lli
2624 1833 2739 1877 tum
2785 1821 3051 1889 segregati
3086 1836 3113 1872 a
3144 1821 3348 1885 reliquo
3385 1833 3511 1869 cor-

1939 1937 2089 1990 pore.
2134 1920 2613 1989 cirrttntjaeeutem
2655 1914 2940 1968 vastabant
2978 1910 3168 1964 Nicaea
3211 1900 3508 1974 regionem,

1941 2024 2092 2068 tanta
2155 2013 2208 2066 in
2261 2025 2451 2066 omnes
2483 2007 2804 2062 crudelitate
2845 2011 2902 2056 ut
2950 2000 3203 2070 puerulos
3249 1999 3510 2051 lactentes

1938 2121 2066 2174 pars
2084 2107 2455 2172 discerperent
2491 2097 2856 2156 membratim,
2901 2109 3028 2161 pars
3067 2091 3259 2157 ligneis
3292 2087 3510 2141 transil-

1939 2211 2037 2252 xos
2065 2197 2304 2249 verubus
2341 2192 2450 2260 igni
2477 2198 2762 2251 assareut;
2801 2185 3001 2238 adultis
3033 2197 3163 2236 vero
3191 2196 3252 2234 ac
3284 2180 3508 2231 senibus

1937 2286 2115 2340 omnis
2147 2283 2387 2346 generis,
2422 2281 2564 2332 nulla
2619 2294 2726 2332 non
2761 2275 3011 2344 supplicii
3063 2289 3126 2326 ac
3170 2269 3513 2326 contumelia:

1940 2375 2284 2429 immanitate
2336 2372 2646 2424 illuderent.
2707 2366 2906 2420 Harum
2977 2379 3139 2416 sensu
3192 2360 3510 2426 iniuriarum

1937 2474 2288 2533 erumpentes
2314 2462 2490 2516 Nicaea
2522 2459 2711 2518 Torci.
2741 2457 2984 2524 praelium
3028 2470 3150 2508 eum
3202 2450 3511 2505 Nortmanis

1939 2569 2090 2612 atrox
2119 2564 2452 2615 conserunt;
2486 2553 2578 2606 sed
2622 2553 2707 2605 bis
2744 2549 3040 2603 fortissime
3073 2543 3504 2613 repugnantibus

1946 2649 2100 2702 fracti
2132 2648 2362 2712 victique
2391 2653 2642 2713 repetunt
2672 2642 2883 2695 urbem.
2906 2638 3175 2702 Vict0re4,
3210 2636 3510 2700 llelenopo.

1940 2741 2029 2794 littt
2083 2741 2147 2792 ad
2189 2739 2456 2805 reliquum
2491 2734 2790 2789 exercitum
2823 2730 3072 2798 profecti.
3125 2729 3266 2782 haud
3301 2725 3511 2790 placide

1939 2846 1966 2884 a
2013 2830 2176 2883 sociis
2221 2825 2433 2894 excepti
2490 2835 2651 2887 sunt.
2701 2823 2958 2874 audacem
3031 2817 3339 2887 superbiam
3396 2829 3506 2868 rem

1939 2922 2172 2976 scersim
2225 2934 2414 2987 gerere
2470 2917 2768 2971 volentium
2824 2911 3244 2972 incusantibus,
3294 2916 3348 2961 t'i.
3410 2905 3513 2958 alia

1942 3012 2298 3080 querentibus
2329 3009 2512 3077 qualia
2547 3008 2636 3061 tali
2673 3017 2914 3072 tempore
2958 3003 3100 3056 inter
3153 3001 3288 3053 tales
3321 3011 3511 3066 perso-

262 3056 348 3133 δον
382 3079 494 3146 (l7)
547 3076 944 3138 καταλαϐόντες
970 3077 1028 3140 ἐξ
1072 3077 1263 3144 ἐφόδου
1298 3076 1587 3146 κατέσχον.
1625 3073 1830 3128 Μαθὼν

1941 3120 2038 3160 nas
2062 3104 2262 3157 invidia
2307 3103 2491 3170 jacere
2539 3099 2691 3154 novit
2719 3097 3117 3151 discordiarum
3149 3093 3512 3145 irritamenta.

261 3171 313 3223 δὲ
354 3170 416 3222 τὸ
445 3169 667 3237 γεγονὸς
699 3169 728 3219 ό
773 3167 1000 3222 σουλτὰν
1029 3167 1150 3220 κατ’
1193 3167 1373 3220 αὐτῶν
1402 3169 1541 3236 μετὰ
1580 3166 1834 3238 ἀποχρώ-

264 3280 360 3332 σης
391 3265 671 3331 δυνάμεως
706 3260 981 3322 ἐκπέμπει
1012 3260 1102 3312 τὸν
1147 3259 1432 3330 Ἐλχάνην.
1476 3261 1536 3312 Ὀ
1567 3260 1622 3312 δὲ
1659 3278 1834 3314 κατα-

260 3355 460 3416 λαϐὼν,
496 3355 647 3424 αἱρεῖ
680 3353 779 3422 μὲν
809 3353 907 3420 τὴν
939 3351 1286 3422 Ξερίγορδον,
1312 3351 1417 3404 τῶν
1451 3353 1505 3405 δὲ
1528 3353 1833 3422 Νορμάνων

258 3449 384 3511 τοὺς
444 3447 545 3515 μὲν
606 3445 778 3513 ξιφῖιν
846 3443 1236 3512 παρανάλωμα
1267 3444 1586 3512 ἐποιήσατο,
1618 3445 1742 3505 τοὺς
1779 3443 1835 3497 δὲ

259 3541 349 3591 καὶ
406 3535 678 3605 ζωγρείαν
729 3532 830 3606 ἦγε
895 3536 1208 3605 μελετήσας
1263 3536 1378 3605 ἅμα
1407 3536 1499 3588 καὶ
1552 3536 1694 3589 κατὰ
1727 3536 1834 3588 τῶν

259 3627 799 3696 συναπολειφθέντων
828 3626 904 3694 τῷ
933 3626 1361 3695 Κουκουπέτρῳ,
1393 3627 1486 3680 καὶ
1515 3627 1706 3696 λόχους
1737 3628 1834 3695 μὲν

259 3727 315 3775 ὲν
359 3721 674 3790 ἐπικαίροις
726 3720 1076 3789 καταστήσας
1108 3720 1315 3784 τόποις,
1353 3721 1426 3783 ὼς
1467 3721 1533 3774 ἂν
1575 3719 1651 3788 τῷ
1695 3722 1837 3772 κατὰ

256 3820 354 3887 τῆς
381 3815 618 3877 Νικαίας
636 3813 1082 3875 ἀπιέναιτούτοες
1111 3815 1441 3883 άπροόπτως
1467 3814 1837 3883 ἐμπίπτοντες

260 3909 616 3978 ἀναιρῶνται.
641 3905 931 3958 Γινώσκων
961 3905 1017 3957 δὲ
1054 3907 1146 3959 καὶ
1172 3907 1234 3958 τὸ
1268 3907 1376 3957 τῶν
1409 3906 1628 3958 Κελτῶν
1652 3907 1840 3976 ἐρασι-

258 4001 568 4065 χρὴματον,
595 3995 689 4048 δύο
713 3997 864 4056 τινὲς
890 3996 1260 4065 δραστηρίους
1290 3995 1390 4067 τὴν
1410 3996 1635 4066 γνώμην
1669 4014 1838 4066 μετα-

261 4089 620 4160 πεμψάμενος
645 4088 944 4142 ἐνετείλατο
980 4088 1236 4142 ἀπελθεῖν
1255 4089 1392 4158 πρὸς
1421 4089 1481 4141 τὸ
1512 4089 1838 4160 στράτευμα

259 4182 353 4236 τοῦ
387 4181 812 4250 Κουκουπέτρου
839 4180 1343 4248 διακηρυκεύοντας
1378 4179 1452 4243 ὡς
1482 4183 1528 4233 oi
1558 4181 1838 4250 Νορμάνοι

260 4272 634 4342 κατασχόντες
696 4270 796 4340 τὴν
861 4271 1120 4334 Νίκαιαν,
1185 4271 1393 4340 δασμὸν
1453 4273 1559 4325 τῶν
1603 4275 1661 4325 ὲν
1702 4275 1836 4344 αύτῇ

1939 3201 2046 3254 Res
2109 3200 2250 3254 haud
2301 3197 2486 3268 procul
2545 3195 2807 3250 seditione
2869 3207 2932 3245 ac
2963 3190 3106 3243 civili
3161 3188 3345 3251 prmlio
3383 3184 3506 3240 fuit.

1935 3293 2169 3346 Tandem
2194 3291 2400 3346 feroces
2427 3288 2730 3349 Nortmaui,
2764 3283 2994 3350 ερὶιιιιοιὶ
3025 3296 3252 3349 rursus;a
3278 3278 3513 3342 czeteris,

1939 3385 2301 3453 Xerigortlum
2335 3383 2538 3450 impetu
2566 3379 2812 3447 capiunt,
2846 3389 3074 3441 eamque
3099 3373 3368 3423 obtinent.
3401 3367 3517 3432 Quo

1937 3477 2180 3529 soltanes
2207 3475 2391 3526 audito
2420 3487 2541 3525 cum
2574 3467 2785 3522 idoneis
2809 3465 2980 3532 copiis
3007 3463 3296 3514 Elebanem
3325 3458 3514 3521 mittit,

1938 3569 2029 3636 qui
2097 3574 2309 3631 recepta
2365 3560 2664 3627 Xerigordo
2707 3557 3123 3610 Nortmanorum
3173 3550 3304 3601 alios
3344 3546 3518 3614 gladio

1937 3657 2158 3716 cecidit,
2211 3654 2345 3707 alios
2399 3651 2643 3720 captivos
2703 3644 2952 3702 abduxit.
3020 3640 3180 3694 simul
3257 3640 3517 3689 adversus

1940 3761 2166 3803 caeteras
2199 3743 2490 3812 Cucupetri
2523 3741 2708 3809 copias
2751 3735 2978 3791 consilia
3011 3740 3063 3785 et
3087 3731 3234 3783 dolos
3266 3727 3516 3781 moliens.

1939 3839 2075 3893 Nam
2112 3848 2166 3890 et
2191 3836 2416 3889 insidias
2448 3833 2625 3903 posuit
2655 3832 2786 3885 locis
2836 3828 3042 3882 idoneis
3073 3841 3168 3893 per
3185 3839 3302 3893 quae
3339 3829 3521 3874 trans-

1940 3931 2048 3985 itus
2093 3935 2212 3981 erat
2249 3925 2558 3994 llelenopoli
2608 3923 2845 3978 Niczeam
2918 3918 3250 3988 petentibus,
3287 3923 3339 3966 et
3374 3910 3520 3964 Lati-

1941 4035 2134 4075 norum
2183 4016 2410 4070 avaritia
2461 4025 2771 4084 perspecta,
2825 4015 2962 4066 duos
3016 4008 3282 4079 quosdam
3333 4003 3522 4056 vafros

1940 4107 2194 4165 submisit
2240 4106 2487 4160 homines
2523 4105 2576 4156 in
2630 4102 2773 4156 Petri
2814 4112 3018 4166 castra,
3053 4098 3143 4165 qui
3193 4095 3392 4165 passim
3430 4107 3524 4161 per

1941 4184 2242 4256 esercitum
2287 4197 2491 4251 ferrent
2519 4191 2849 4248 Nortmanos
2919 4191 3130 4260 cepisse
3163 4187 3418 4244 Nicaeam.
3466 4181 3519 4233 itt

1940 4305 2110 4360 eaque
2141 4305 2284 4344 nunc
2319 4287 2622 4357 diripienda
2663 4284 2890 4349 versari,
2921 4287 3008 4336 vix
3041 4294 3199 4352 pares
3217 4285 3518 4347 exportan-

261 4367 570 4418 ποιοῦνται.
611 4361 761 4432 Αὕτη
796 4364 829 4431 ὴ
887 4363 1044 4432 φήμη
1079 4362 1207 4424 τοὺς
1236 4362 1313 4432 τῷ
1355 4364 1548 4434 Πέτρῳ
1581 4368 1835 4429 συνόντας

1947 4387 2032 4439 dis
2076 4383 2360 4438 immensis
2395 4380 2610 4448 opibus,
2650 4379 2857 4432 interea
2904 4390 3037 4429 sane
3082 4374 3206 4426 dum
3242 4369 3340 4437 ipsi
3379 4363 3519 4432 apud

263 4456 655 4517 καταλαϐοῦσα
711 4455 902 4518 δεινῶς
950 4456 1282 4526 συνετάραξε
1309 4473 1322 4486 ο
1366 4458 1574 4526 δασμὸν
1607 4461 1715 4529 γὰρ
1751 4463 1846 4514 καὶ

265 4552 531 4622 χρήματα
580 4549 907 4620 ἀκηκοότες,
977 4551 1329 4618 παραχρῆμα
1385 4552 1483 4621 τῆς
1538 4554 1692 4621 παρὰ
1743 4552 1843 4625 τὴν

1950 4473 2323 4542 Helenopolim
2358 4473 2471 4524 otio
2506 4479 2804 4537 torperent.
2845 4466 3008 4519 Movit
3045 4457 3436 4516 incredibiliter
3458 4467 3521 4504 ea

1954 4567 2098 4620 fama
2151 4563 2345 4632 vulgus
2403 4561 2658 4624 militum,
2694 4573 2794 4614 nec
2853 4556 3026 4612 teneri
3079 4554 3223 4606 ultra
3256 4559 3521 4618 potuere:

1295 4663 1497 4725 Variae
1542 4666 1849 4737 lectiones
1893 4694 1974 4740 ex
2019 4675 2163 4740 cod.
2211 4671 2481 4738 Coislin.

341 4772 357 4802 ¹
388 4771 527 4823 ὡσεὶ
557 4769 722 4824 κατά.
818 4769 839 4801 ⁹
869 4766 986 4825 τοῦ.
1061 4767 1082 4798 ⁸
1112 4771 1428 4839 καρτερεῖν..
1503 4769 1525 4801 ⁸
1559 4773 1833 4846 αἰσθήσει.

1334 4889 1467 4952 Car.
1503 4889 1827 4953 Dufresnii
1850 4895 1946 4955 Du
1971 4891 2187 4971 Cangii
2227 4895 2420 4951 notae.

339 4985 450 5069 (l5)
516 4984 811 5069 Χιλιάδῳν
867 4985 1256 5069 ὀγδοήκοιςτα.
1333 4988 1614 5069 Exercitus
1658 4992 1830 5069 _Pet_ri

272 5060 510 5124 cipimus
560 5057 657 5126 fuit
681 5067 734 5107 ut
755 5073 913 5110 arena
947 5059 1108 5110 maris
1137 5059 1551 5125 innumerabilis,
1580 5063 1669 5125 qui
1695 5080 1724 5114 η
1753 5063 1835 5113 di.

275 5128 429 5180 umis
458 5128 628 5197 regnis
669 5125 750 5179 illi
778 5127 1086 5196 conjuncms
1119 5129 1419 5192 advenerat,
1465 5130 1536 5182 ait
1578 5131 1831 5184 Albertns

274 5196 662 5267 Aquileiensis.
693 5197 786 5251 lib.
813 5213 853 5261 t,
877 5213 996 5266 cap.
1027 5197 1080 5251 8.
1113 5199 1182 5250 At
1205 5200 1342 5250 idem
1369 5200 1619 5267 scriptor.
1652 5216 1701 5253 c.
1740 5200 1830 5264 15,

276 5278 452 5350 etme!
514 5282 580 5350 eo
615 5264 834 5348 Tyrius,
900 5264 996 5321 lib.
1052 5284 1090 5332 t,
1147 5282 1270 5334 cap.
1331 5264 1830 5350 19,.qnadragiuta

277 5337 501 5391 tuillium
522 5339 802 5390 hominum
827 5354 1110 5392 numerum
1135 5353 1240 5391 non
1257 5337 1558 5394 excessisse
1573 5337 1836 5393 scribunt.

351 5409 461 5475 (16)
511 5407 968 5461 Ἑλενούπολιν.
1014 5408 1358 5461 Transmisso
1409 5408 1571 5468 freto,
1623 5410 1840 5462 Petrum

281 5480 345 5529 ad
393 5488 630 5541 portum,
681 5478 768 5543 qui
820 5487 1042 5531 vocatur
1118 5475 1329 5540 Civitot,
1389 5487 1837 5532 castramotatu-n

278 5548 470 5616 scribit
491 5546 741 5600 Albertns
788 5545 1167 5613 Aquileiensis,
1223 5546 1318 5600 lib.
1378 5561 1416 5608 ι,
1471 5562 1589 5616 cap.
1633 5549 1714 5602 l6.
1755 5549 1847 5600 Est

279 5632 404 5669 tero
432 5615 778 5685 Helenopolis
810 5616 1074 5683 Bithynia:
1105 5617 1232 5670 urbs
1278 5617 1343 5671 ad
1390 5615 1672 5671 Dracontis
1699 5617 1845 5670 “ttt'tl

280 5690 507 5750 ostium,
571 5684 1085 5741 in'Nicoutedieusi
1139 5688 1281 5753 sinu,
1348 5687 1650 5757 Drepanum
1719 5688 1845 5742 υΙιιιι

1945 4995 2112 5052 dicta.
2143 5001 2196 5045 et
2235 4992 2303 5044 ab
2362 4987 2560 5042 Helena
2617 4984 2958 5040 Constantini
3016 4984 3089 5039 M.
3142 4994 3336 5046 matre,
3365 4998 3524 5051 quam

1941 5064 1990 5117 ei
2027 5062 2260 5114 natalem
2315 5060 2481 5113 fuisse
2527 5060 2698 5114 aiunt.
2755 5065 3100 5116 nuncupata.
3159 5067 3214 5107 ιιι
3270 5064 3351 5107 est
3385 5053 3525 5120 apml

1938 5132 2280 5188 Cedrenutn.
2345 5144 2431 5182 an.
2517 5128 2620 5192 ‘20;
2687 5125 2969 5180 Constant.
3033 5125 3285 5191 Procop..
3343 5125 3436 5177 lib.
3497 5135 3526 5170 ν

1943 5201 2015 5255 De
2057 5199 2202 5266 wt'lif.
2250 5199 2391 5253 Just.
2447 5198 2759 5266 Eusebius.
2797 5194 2888 5246 lib.
2936 5210 2986 5248 tv
3030 5193 3105 5247 De
3157 5193 3280 5266 Ktta
3311 5193 3529 5266 ροιιεεο,

1941 5288 2060 5339 eap.
2093 5263 2205 5335 6i;
2254 5269 2652 5339 Pltilostorgns,
2707 5264 2920 5339 Ιιι).ῌιι,
2972 5279 3094 5339 cap.
3136 5264 3254 5339 _15_;
3306 5263 3520 5339 Sor-rat.

1941 5333 2199 5408 Nicepbq'
2234 5333 2653 5408 eltfaiEjllsiletll
2700 5334 2879 5408 oppidi
2929 5333 3182 5408 meminit
3212 5333 3520 5408 Porpltyro:

1943 5402 2176 5479 gettn'eta
2235 5411 2285 5479 in
2349 5402 2595 5479 Tne".an
2667 5404 2867 5472 obseq.,
2927 5413 2983 5457 ut
3044 5411 3100 5456 et
3153 5402 3416 5470 Srylitzcs
3469 5403 3523 5447 et

1943 5474 2142 5549 C'ycas
2175 5479 2226 5549 in
2254 5477 2496 5549 limitatio
2529 5474 2786 5549 Diogene.

2018 5532 2128 5616 (17)
2165 5547 2540 5615 Ξερίγορδον.
2576 5532 2829 5616 castrum
2860 5542 3019 5616 _nltra
3077 5537 3335 5616 ljierteam,
3392 5532 3530 5616 Exe-

1949 5603 2638 5739 Logiorgion[:ttt'ntisupatutu
2703 5612 3017 5667 Tudebodo.
3077 5606 3343 5674 Baldrico,
3393 5603 3526 5660 Gui-

1991 5698 2105 5739 et'to
2130 5689 2216 5739 et'
2255 5688 2392 5739 vrio.

1949 5692 2105 5745 bet'lo
2130 5699 2183 5744 ct
2204 5688 2392 5757 Tyrio.
