3970 6200
246 414 339 476 ’153

1500 423 1918 482 ΑιΕΧιλῡιδ
1963 425 2108 485 LIB.
2153 427 2229 485 Χ.

3374 424 3481 488 75’.

246 524 398 578 oculis
448 524 533 579 vir
590 524 955 596 sanguinum:
1017 526 1202 594 quidni
1259 529 1359 582 hoc
1408 529 1550 583 enim
1601 530 1694 583 tali
1739 547 1804 585 ex
1837 531 2064 586 Psalmis
2101 532 2370 588 Davidicis
2401 549 2601 588 no'uen
2637 536 2901 604 aptetur?
2977 536 3124 590 Adeo
3184 536 3477 593 barbarum

246 618 336 671 hoc
366 632 536 686 genus
565 633 670 670 non
706 621 887 673 minus
916 619 1017 672 sibi
1049 618 1172 674 belli
1207 634 1270 672 ac
1307 619 1470 688 gladii
1499 624 1588 690 jus
1621 638 1897 691 usumque
1931 633 2148 693 arrogat
2179 640 2338 694 quam
2391 630 2680 684 sacerdotii
2762 630 2965 699 apiceru
3015 631 3277 700 deposcit.
3338 631 3489 686 Unde

246 717 325 770 hic
353 715 700 784 belligerator
732 717 904 787 magis
936 732 1096 787 quant
1131 718 1412 772 sacriﬁcus
1465 723 1654 775 eodem
1723 733 1974 792 tempore
2035 734 2089 776 et
2144 726 2338 780 stolam
2388 728 2777 780 sacerdotalem
2826 727 3022 791 induit,
3103 734 3158 780 et
3204 726 3488 780 manubrio

245 807 320 860 vel
348 808 472 861 remi
505 807 590 859 vel
633 806 791 878 gladii
849 825 1064 862 manum
1101 811 1342 865 admovit
1377 829 1568 881 pugnae
1620 815 1801 868 natali
1841 815 2170 872 lacessenda:
2196 829 2539 888 prOmptam:
2586 820 2697 887 ipse
2720 819 2784 872 ad
2849 817 3191 888 pugnandum
3255 833 3491 886 cumque

247 902 369 957 mari
401 917 631 970 cumque
665 902 795 956 viris
827 903 984 955 simul
1031 920 1098 958 ex
1130 919 1563 976 :equo,paratus.
1628 912 1799 976 Quem
1840 912 2085 979 equidem
2121 915 2355 983 quando,
2387 915 2529 984 quod
2569 915 2744 968 facere
2769 914 2933 982 coepi,
2975 928 3095 966 cum
3163 915 3494 968 nostratibus

248 997 422 1066 mystis
450 1010 725 1063 comparo,
764 995 909 1049 illum
943 1008 993 1050 et
1019 999 1135 1067 ejus
1165 1001 1368 1054 similes
1403 1001 1719 1054 bellicosum
1754 1015 1816 1053 ac
1854 999 2122 1058 Pharaoni
2153 1016 2298 1060 terra
2334 1001 2580 1070 marique
2611 1005 2865 1059 infestum
2932 1001 3094 1056 Mosis
3154 1001 3496 1075 Aamuisque

246 1105 424 1159 gerere
452 1091 810 1144 sacerdotium
859 1095 1138 1148 arbitror:
1184 1106 1404 1150 nostros
1440 1097 1704 1150 mansueti
1745 1093 1979 1161 Domini,
2050 1100 2138 1168 qui
2182 1101 2434 1170 princeps
2491 1101 2859 1164 Christianum
2927 1101 3291 1156 sacerdotium
3341 1103 3497 1156 insti-

248 1183 360 1244 tuit,
394 1198 631 1248 agnosco
657 1200 1030 1241 successores.

335 1276 489 1328 Ἀλλὰ
552 1279 652 1348 τῆς
719 1278 902 1348 μάχης
972 1278 1030 1343 ἐξ

252 1373 413 1443 μέσης
447 1371 548 1436 τῆς
612 1369 1010 1438 ἐπιφαινούσης
1071 1374 1288 1442 ἡμέρας
1333 1377 1614 1445 καρτερᾶς
1658 1393 1822 1444 γεγο-

249 1467 422 1527 νυίας,
458 1464 750 1516 ὑπείκουσι
799 1464 904 1517 κᾶν
944 1465 1020 1535 μὴ
1078 1466 1362 1520 ἐϐούλοντο
1401 1468 1451 1520 οἱ
1488 1470 1708 1522 Λατῖνοι
1739 1467 1818 1538 τῷ

249 1551 532 1622 Μαριανῷ,
583 1553 747 1618 ¹λόγον
805 1551 1078 1616 ἀπαθείας
1123 1553 1183 1618 ἐξ
1238 1554 1406 1608 αὐτοῦ
1459 1557 1820 1627 αἰτησάμενοι

251 1645 346 1697 καὶ
391 1643 670 1712 τυχόντες.
732 1644 792 1696 ’0
844 1643 903 1696 δέ
935 1661 997 1712 γε
1039 1648 1427 1716 μαχιμώτατος
1470 1650 1648 1717 ἱερεὺς
1680 1652 1820 1704 ἐκεῖ·

250 1752 356 1796 νος,
379 1733 496 1787 οὗδέ
528 1735 635 1787 τῶν
666 1736 964 1804 εἰρηνικῶν
1011 1739 1255 1791 σπονδῶν
1295 1741 1666 1812 τελουμένων,
1722 1745 1824 1813 τῆς

254 1828 428 1897 μάχης
457 1829 758 1890 ἐπέπαυτο,
787 1827 922 1882 ἀλλά
948 1830 1040 1883 τὸν
1064 1833 1310 1902 γωρυτὸν
1371 1833 1481 1887 τῶν
1520 1835 1688 1906 βελῶν
1739 1839 1829 1892 ἐκ·

251 1917 490 1981 κενώσας
524 1919 774 1988 χερμάδα
805 1920 1215 1991 ἀναλαϐόμενος
1233 1923 1382 1977 λίθον
1426 1927 1634 1996 πέμπει
1687 1930 1828 1983 κατὰ

251 2010 339 2063 τοῦ
364 2011 668 2080 Μαριανοῦ.
701 2011 805 2063 Ἰὀῦ
827 2011 884 2064 δὲ
915 2011 1016 2082 τὴν
1040 2015 1283 2086 κεφαλὴν
1326 2016 1416 2070 διά
1445 2019 1545 2088 τῆς
1602 2021 1829 2084 ἀσπίδος

253 2103 718 2172 περιφράττοντος
750 2104 963 2174 πλήξας
990 2105 1089 2175 τὴν
1126 2109 1331 2162 ἀσπίδα
1352 2109 1516 2165 διεῖλε
1562 2115 1830 2184 τετραχῆ,

253 2191 348 2242 καὶ
373 2191 470 2261 τὴν
501 2192 712 2262 κόρυθα
746 2194 1143 2264 κατέθραυσεν.
1183 2199 1242 2250 ’0
1260 2200 1314 2251 δὲ
1339 2201 1620 2270 Μαριανδς
1641 2207 1706 2273 τῇ
1735 2203 1830 2256 τοῦ

250 2283 396 2335 λίθου
421 2283 547 2354 βολῇ
574 2286 867 2356 συγχυθεὶς
889 2288 1256 2352 ἀπολωλεκὼς
1278 2292 1337 2343 τὸ
1362 2293 1596 2363 φρονοῦν
1619 2296 1720 2364 τῆς
1733 2295 1836 2364 ψυ-

251 2378 373 2446 χῆς,
402 2376 631 2439 ἄναυδος
656 2379 1000 2449 παραχρῆμα
1029 2382 1114 2450 ἐφ’
1140 2382 1324 2435 ἰκανὸν
1359 2385 1562 2450 ἔκειτο,
1591 2385 1782 2458 ὥσπερ
1813 2389 1842 2441 ὁ

253 2469 474 2538 Ἕκτωρ
506 2469 714 2532 ἐκεῖνος
737 2470 842 2522 ἀπὸ
875 2473 974 2541 τῆς
1004 2473 1098 2525 τοῦ
1132 2472 1284 2526 λίθου
1306 2475 1466 2544 βολῆς
1490 2477 1586 2530 τοῦ
1613 2480 1837 2544 Αἴαντος

257 2560 454 2630 μικροῦ
469 2561 577 2614 δεῖν
602 2561 1126 2634 ἐψυχοράγει.Μὸλις
1145 2563 1266 2620 δ’ἃν
1282 2567 1516 2636 ἐνεγκὼν
1537 2571 1630 2623 καὶ
1647 2573 1838 2625 ἑαυτὸν

255 2655 582 2722 συναγαγὼν
609 2659 901 2726 τρισσάκις
932 2659 1025 2712 τὸν
1049 2661 1330 2728 παίσαντα
1363 2663 1588 2734 ἔπληξε,
1629 2667 1830 2736 βέλεμ-

259 2766 336 2818 μα
366 2750 410 2779 ¹⁹
436 2749 557 2800 κατ’
586 2748 756 2802 αὐτοῦ
788 2752 1044 2819 ἐπαφείς.
1074 2753 1136 2806 '0
1163 2754 1219 2805 at
1248 2755 1594 2826 πολέμαρχος
1625 2760 1832 2823 ἐκεῖνος

261 2839 463 2909 μᾶλλον
511 2840 544 2910 ἢ
599 2841 783 2911 ἱερεὺς
835 2843 1108 2912 μηδέποτε
1165 2847 1346 2916 μάχης
1409 2849 1837 2918 κορεννύμενος,

259 2933 383 2984 ἐπεὶ
448 2935 544 2986 καὶ
601 2937 731 2998 τοὺς
787 2935 975 2999 λίθους
1021 2937 1275 3001 ἅπαντας
1319 2941 1689 3010 ἀπεπέμψατο
1728 2943 1835 2997 τῶν

258 3025 483 3094 χειρῶν,
513 3026 603 3078 καὶ
647 3026 838 3091 ἁπλῶς
879 3025 972 3098 ἦν,
1009 3030 1103 3081 καὶ
1142 3030 1304 3084 λίθων
1322 3034 1477 3095 κενὸς
1517 3035 1610 3087 καὶ
1640 3036 1837 3104 βελῶν,

258 3115 361 3167 οὐκ
394 3115 536 3186 ἔχων
579 3117 607 3169 ὃ
636 3134 690 3171 τι
719 3119 814 3171 καὶ
850 3119 1136 3190 δράσειεν,
1175 3122 1297 3175 οὐδὲ
1343 3125 1410 3177 δι’
1445 3118 1518 3178 ὧν
1550 3127 1840 3193 ἀμυνεῖται

258 3207 351 3260 τὸν
381 3208 681 3261 ἀντίπαλον
705 3252 720 3274 ,
761 3212 1036 3280 ἐσφάδαζε
1068 3214 1166 3283 μὲν
1209 3216 1446 3269 ἐνταῦθα
1498 3219 1586 3270 καὶ
1622 3217 1842 3288 ἐξεφλὲο

261 3317 388 3368 γετο
448 3301 545 3353 καὶ
606 3302 880 3374 ἐμεμήνει
936 3305 1194 3376 καθάπερ
1253 3305 1450 3378 θηρίον
1507 3311 1587 3372 είς
1653 3311 1844 3364 ἑαυτὸν

263 3397 716 3466 συστρεφόμενος
756 3416 768 3428 ·
801 3402 920 3464 τοῖς
970 3399 1103 3468 γοῦν
1159 3403 1581 3472 παρατυχοῦσιν
1641 3405 1845 3458 αὐτίκα

264 3495 359 3546 καὶ
412 3493 814 3561 ἀποχρώμενος
868 3487 958 3561 ἦν.
1015 3491 1230 3546 Σάκκον
1285 3489 1377 3544 οὖν
1435 3492 1615 3562 μάζης
1647 3495 1848 3563 μεστὸν

263 3585 652 3655 ἐφευράςιενος
710 3584 924 3637 ἐκεῖθεν
993 3583 1100 3636 ἀπὸ
1158 3584 1252 3637 τοῦ
1312 3585 1521 3638 σάκκου
1591 3586 1848 3659 καθάπερ

267 3677 555 3747 χερμάδας
589 3678 685 3740 τὰς
722 3677 900 3744 μάζας
933 3676 1176 3742 ἔϐαλλεν,
1203 3677 1395 3748 ὥσπερ
1429 3679 1728 3749 ἱερατεύων
1753 3681 1848 3734 καὶ

264 3771 498 3839 τελετήν
564 3787 686 3823 τινα
752 3769 1086 3840 ποιούμενος
1141 3773 1236 3824 καὶ
1300 3772 1704 3843 ίεροτελεστίαν
1757 3775 1849 3827 τὶν

271 3862 536 3931 πόλεμον.
561 3863 759 3926 Μάζαν
790 3863 923 3932 γοῦν
956 3881 1080 3916 τινα
1128 3863 1260 3932 μίαν
1301 3865 1712 3933 ἀναλαϐόμενος
1758 3866 1853 3918 καὶ

1095 1282 1337 1352 ἑσπέρας
1406 1282 1578 1352 αὐτῆς
1656 1284 1819 1354 μέχρι

1965 1283 2193 1338 :Verum
2226 1295 2288 1340 ut
2320 1288 2383 1340 de
2420 1302 2594 1355 pugna
2631 1299 2932 1354 pertexam,
2987 1297 3159 1340 tracta
3192 1302 3253 1338 ea
3293 1287 3504 1354 magnis

1926 1380 2200 1446 Utrimque
2237 1378 2434 1432 animis
2472 1393 2500 1430 a
2536 1392 2758 1447 vespera
2787 1376 2848 1428 ad
2880 1377 3266 1447 postridianam
3302 1377 3497 1438 lucem,

1930 1469 2151 1522 Latinos
2189 1469 2402 1522 tandem
2454 1468 2534 1521 vel
2592 1469 2840 1536 ingratiis
2893 1469 3087 1522 cedere
3137 1467 3419 1536 compulit,
3449 1479 3504 1518 ct

1928 1575 2048 1613 Cum
2103 1558 2345 1612 Mariano
2399 1557 2727 1612 deditionem
2783 1574 2880 1627 pro
2952 1557 3348 1612 incolumitatis
3401 1556 3505 1609 [ide

1931 1652 2152 1719 pacisci.
2189 1650 2256 1704 At
2288 1649 2718 1719 pugnacissimus
2773 1649 2859 1702 ille
2909 1647 3169 1703 sacerdos
3222 1647 3503 1715 haudqua-

1931 1758 2091 1812 quam
2133 1741 2206 1794 uti
2237 1742 2410 1811 gratia
2447 1741 2628 1796 oblata
2666 1741 2942 1804 sustinuit,
3000 1750 3093 1793 aut
3125 1741 3178 1792 in
3214 1741 3363 1792 luero
3412 1754 3509 1807 po-

1935 1850 2063 1889 nere
2095 1835 2398 1904 precariam
2436 1834 2686 1889 salutem.
2725 1832 2862 1898 Quin
2919 1843 3072 1901 pacta
3105 1832 3355 1901 quamvis
3382 1846 3510 1900 pro-

1933 1928 2280 1995 clamataque
2326 1925 2439 1995 jam
2503 1925 2820 1988 concordia,
2877 1923 3046 1977 nihilo
3095 1923 3273 1975 minus
3314 1921 3512 1990 acriter

1935 2036 2167 2090 pugnant
2228 2019 2475 2086 urgebat,
2532 2033 2595 2072 ac
2621 2012 2761 2086 quod
2797 2017 3073 2072 exinanita
3115 2015 3277 2070 telmn
3328 2012 3510 2066 manui

1935 2112 2187 2182 pharetra
2221 2118 2460 2179 negaret,
2493 2124 2680 2164 saxum
2715 2110 2766 2162 in
2802 2107 3025 2162 Mariaui
3067 2117 3226 2176 caput
3251 2106 3508 2175 impegit;

1940 2201 2211 2270 provisam
2264 2199 2354 2253 ille
2391 2198 2585 2253 molem
2645 2198 2861 2253 sublato
2906 2199 2962 2252 in
3012 2199 3270 2252 verticem
3303 2195 3518 2265 excepit

1940 2304 2112 2350 scuto.
2149 2295 2318 2349 Porro
2351 2293 2485 2363 lapis
2519 2303 2672 2345 tanto
2704 2293 2904 2358 impetu
2930 2290 3142 2354 ruebat,
3185 2298 3242 2340 ut
3275 2296 3434 2342 scuto
3460 2287 3514 2341 in

1943 2397 2124 2456 partes
2155 2397 2386 2455 quatuor
2433 2384 2680 2438 dill‘racto
2713 2382 2918 2448 galeam
2973 2379 3330 2445 perform-erit
3363 2398 3374 2432 :
3412 2393 3524 2444 quo

1943 2480 2051 2533 ictu
2087 2493 2389 2531 concussus
2423 2475 2792 2543 confususque
2835 2489 2895 2526 ac
2928 2480 3134 2525 tantum
3181 2485 3285 2523 neu
3331 2469 3521 2522 exani-

1947 2585 2120 2624 tnatus
2156 2570 2432 2625 Marianus
2477 2569 2564 2623 ditt
2607 2568 2720 2621 sine
2775 2580 2924 2631 voce,
2955 2565 3072 2616 sine
3113 2577 3277 2617 sensu
3321 2559 3520 2629 jacuit.

1942 2678 2000 2718 ut
2035 2663 2236 2718 Hector
2281 2662 2367 2716 ille
2397 2661 2576 2731 lapide
2617 2661 2890 2729 appetitus
2924 2659 2990 2710 ab
3026 2657 3212 2722 Aiace,
3264 2651 3418 2720 cujus
3469 2651 3529 2703 vi.

1945 2762 2071 2832 quin
2126 2758 2426 2825 exspiraret
2478 2769 2665 2822 parmn
2722 2751 2913 2804 abfuit.
2967 2749 3170 2802 Tamen
3235 2756 3519 2815 postquam

1948 2869 2086 2924 aegre
2117 2868 2173 2906 se
2203 2850 2401 2919 recepit
2432 2846 2593 2917 293
2640 2844 2985 2911 restituitque
3013 2843 3065 2895 in
3093 2840 3276 2910 pedes,
3308 2837 3524 2908 copiose

1951 2947 2097 2999 ultus
2157 2955 2537 3013 percussorem
2583 2937 2768 2992 multis
2811 2937 3106 3003 appetitum
3159 2931 3279 2985 telis
3327 2927 3524 2998 triplici

1953 3038 2174 3090 vulnere
2226 3033 2427 3088 aﬂ‘ecit.
2480 3031 2547 3084 At
2593 3029 2843 3084 tribunus
2885 3027 2986 3079 iste
3051 3024 3301 3078 militaris
3349 3019 3529 3074 verius

1952 3142 2115 3192 quam
2178 3121 2436 3178 sacerdos
2497 3119 2686 3175 satiari
2742 3132 3018 3185 nunquam
3058 3129 3231 3182 pugna
3295 3116 3526 3179 poterat.

1953 3219 2149 3273 Verum
2176 3215 2358 3269 animo
2403 3212 2580 3267 adhuc
2626 3209 2839 3263 ardenti
2889 3208 3110 3261 deerant
3164 3205 3529 3259 instrumenta

1955 3311 2048 3363 irae
2077 3325 2093 3374 ;
2134 3323 2257 3359 ua-n
2303 3312 2356 3358 et
2381 3303 2649 3358 exhausta
2680 3301 2828 3370 prius
2865 3300 3118 3367 pharetra
3151 3294 3345 3362 jaculis
3375 3305 3530 3345 care—

1956 3403 2070 3465 bat,
2095 3409 2147 3453 et
2180 3414 2309 3453 saxa
2345 3411 2462 3464 quae
2511 3394 2922 3448 succenturiare
2959 3389 3078 3443 telis
3114 3394 3366 3455 ceperat,
3414 3385 3531 3450 ipsa

1958 3509 2171 3563 quoque
2196 3492 2525 3545 defecerant.
2557 3487 2654 3541 llic
2683 3488 3095 3541 homozestuare
3130 3492 3330 3540 tmnen,
3354 3476 3533 3544 jacta-

1958 3601 2122 3652 reque
2154 3599 2213 3635 se
2239 3598 2301 3634 ac
2334 3582 2384 3634 in
2441 3595 2656 3632 omnem
2696 3586 2903 3642 partem
2930 3585 3237 3640 erumpere,
3267 3570 3538 3635 impotens

1957 3681 2079 3735 Sui:
2123 3688 2172 3731 el
2203 3673 2343 3744 quod
2376 3672 2517 3728 hosti
2554 3687 2660 3738 quo
2700 3670 2817 3739 plus
2851 3682 3045 3721 nor-ere
3080 3667 3323 3732 cuperet.
3357 3660 3539 3710 minus

1961 3781 2170 3841 posset,
2197 3766 2485 3822 deficiente
2522 3764 2752 3818 telorum
2786 3761 2961 3829 cepia,
2999 3773 3102 3810 non
3132 3753 3326 3807 minori
3357 3751 3540 3803 furore

1960 3881 2120 3936 φιιιιιι
2155 3863 2401 3916 irritatus
2433 3873 2562 3927 aper
2588 3869 2680 3910 aut
2712 3855 2814 3909 alia
2860 3851 3139 3907 venabulis
3171 3850 3539 3903 circumventa

265 3953 362 4026 ὅλῃ
392 3955 546 4024 χειρὶ
578 3954 824 4024 πιθήσας
847 3996 860 4016 ,
898 3955 1171 4025 ἐπαφίησι
1205 3954 1414 4025 ταύτην
1447 3956 1589 4009 κατά
1619 3959 1720 4026 τῆς
1753 3955 1845 4009 τοῦ

1959 3956 2130 4012 bestia
2177 3956 2231 4009 in
2284 3954 2522 4020 seipsum
2575 3948 2864 4003 incurrens
2928 3959 3097 4011 seque
3148 3948 3536 4005 contorquens.

266 4045 566 4115 Μαριανοῦ
621 4045 834 4116 ὅψεως,
893 4049 989 4102 καὶ
1037 4047 1266 4118 πλήττει
1319 4046 1514 4100 τοῦτον
1561 4047 1704 4100 κατά
1760 4049 1857 4117 τῆς

269 4141 532 4208 παρειᾶς.
565 4141 752 4193 Ταῦτα
792 4140 890 4211 μὲν
915 4138 1009 4195 οῦν
1039 4142 1109 4195 τὰ
1145 4141 1286 4193 κατὰ
1315 4139 1405 4192 τὸν
1439 4140 1592 4209 ἱερέα
1648 4141 1859 4194 ἐκεῖνον

273 4235 370 4283 καὶ
401 4233 506 4300 τὴν
544 4232 678 4285 ναῦν
716 4235 809 4286 καὶ
839 4234 966 4295 τοὺς
995 4233 1289 4296 ἐπιϐάτας.
1334 4234 1394 4286 '0
1433 4232 1490 4287 δέ
1514 4233 1692 4304 κόμης
1720 4235 1860 4305 Πρε-

267 4325 512 4395 6έντζης
548 4326 848 4389 πιςτεύσας
876 4327 1072 4380 ἐαυτὸν
1107 4327 1206 4380 σὺν
1234 4329 1375 4398 αὐτῇ
1399 4330 1465 4398 τῇ
1504 4327 1596 4394 νηῒ
1619 4327 1716 4380 καὶ
1747 4329 1861 4389 τοῖς

270 4419 367 4471 ὑπ’
392 4418 586 4479 αὑτὸν,
606 4418 906 4487 προθύμως
924 4419 1003 4488 τῷ
1029 4421 1302 4490 Μαριανῷ
1321 4420 1508 4472 εἵπετο
1530 4419 1624 4472 τοῦ
1648 4418 1862 4472 λοιποῦ.

281 4511 442 4563 Ἐπεὶ
473 4510 530 4562 δέ
564 4513 708 4563 κατά
737 4510 837 4580 τὴν
870 4511 1069 4580 χέρσον
1098 4511 1392 4580 γενόμενοι
1428 4511 1732 4564 ἀπέϐαινον
1765 4509 1862 4578 τῆς

270 4601 406 4670 νηὸς
433 4641 449 4661 ,
519 4601 694 4654 πολλά
727 4602 826 4656 καὶ
859 4601 1123 4664 πολλάκις
1155 4605 1182 4657 ὁ
1215 4605 1396 4673 ἱερεὺς
1426 4604 1638 4664 ἐκεῖνος
1678 4601 1865 4671 ἐζήτει

270 4693 371 4744 τὸν
388 4694 703 4764 Μαρια-ὠν,
722 4694 820 4762 τὴν
843 4694 1037 4764 κλῆσιν
1056 4695 1156 4764 μέν
1176 4695 1341 4748 αὑτοῦ
1361 4693 1437 4763 μὴ
1459 4691 1865 4762 ἐπιγινώσκων,

272 4785 388 4837 ἀπὸ
409 4786 470 4838 δὲ
495 4785 590 4838 τοῦ
616 4785 910 4855 χρώματος
937 4785 1048 4839 τῶν
1081 4786 1303 4856 ἁμερίων
1334 4787 1523 4840 τοῦτον
1559 4783 1869 4839 ἀνακα).ού‹

276 4897 473 4948 μενος.
505 4879 831 4950 Προσελθών
862 4880 920 4934 δὲ
961 4880 1008 4912 ³⁰
1057 4879 1385 4952 περιχυθεὶς
1429 4878 1825 4950 κατησπάζετο
1853 4917 1867 4939 ,

273 4971 712 5043 ἐγκαυχώμενος
752 4972 890 5044 ἅμα,
922 4973 997 5037 ὼς
1027 4972 1102 5027 Εἴ
1147 4990 1250 5042 μοι
1282 4970 1433 5029 κατὰ
1479 4971 1594 5038 τὴν
1641 4970 1870 5039 χέρσον

273 5065 754 5137 ἐντετυχήκατε,
789 5065 1010 5121 πολλοὶ
1074 5065 1152 5120 ἂν
1221 5064 1350 5132 ταῖς
1422 5063 1591 5133 ἐμαῖς
1657 5063 1874 5132 χερσίν

276 5159 646 5227 ἀνῃρέθητε.
695 5157 976 5212 Ἐκϐαλὼν
1006 5156 1051 5210 δ’
1083 5157 1361 5211 ἐπιδίδωσι
1394 5155 1570 5225 τούτῳ
1593 5156 1873 5225 ἀργυροῦν

277 5250 609 5322 θηρίκλειον
633 5251 778 5321 (40),
819 5251 986 5321 τιμῆς
1028 5249 1318 5321 στατήρων
1351 5249 1544 5302 ἐκατον
1584 5250 1720 5318 πρὸς
1758 5249 1872 5309 τοῖς

1962 4050 2102 4120 Ergo
2127 4064 2247 4104 cum
2279 4043 2541 4114 quidquid
2570 4043 2617 4096 ei
2669 4050 2780 4095 tum
2811 4038 2950 4093 forte
2984 4037 3048 4090 ad
3082 4045 3298 4088 manum
3329 4026 3541 4083 accide-

1964 4119 2053 4196 rat
2074 4140 2238 4194 telum
2285 4138 2362 4190 ira
2395 4135 2618 4195 faceret,
2664 4144 2877 4185 saccum
2928 4126 3276 4196 conspicatus
3324 4119 3540 4190 plenum

1965 4234 2217 4305 panibus,
2251 4229 2443 4298 cupide
2475 4223 2730 4294 arripuit,
2783 4219 3227 4289 expromptisque
3260 4216 3384 4268 inde
3412 4228 3546 4281 pon-

1967 4324 2185 4380 deribus
2210 4323 2275 4375 ad
2305 4319 2547 4391 pra‘lium
2583 4319 2829 4381 abutens,
2863 4316 3082 4367 duratos
3116 4307 3350 4362 nauticae
3377 4319 3545 4358 anno-

1969 4431 2048 4469 nae
2074 4414 2229 4468 bolos
2260 4421 2516 4479 tanquam
2560 4407 2767 4478 lapides
2800 4405 2851 4458 in
2880 4404 3053 4473 capita
3082 4399 3319 4453 hostium
3349 4395 3548 4448 libera—

1966 4507 2172 4562 lissime
2197 4504 2505 4572 torquebat,
2537 4500 2684 4556 velut
2709 4513 2774 4552 ne
2805 4497 2884 4552 sic
2909 4494 3126 4564 quidem
3160 4506 3188 4542 a
3218 4483 3545 4544 sacerdotali

1970 4578 2250 4652 [unctione
2291 4593 2571 4658 deﬁciens,
2609 4592 2702 4646 sed
2734 4602 2927 4658 panem
2969 4583 3051 4638 vel
3091 4592 3217 4636 tunc
3272 4581 3322 4633 in
3372 4590 3546 4647 pugna

1972 4688 2323 4752 distribuens,
2369 4697 2420 4738 et
2448 4681 2688 4751 eulogias
2725 4692 3008 4749 Spargens,
3046 4673 3198 4744 quasi
3228 4681 3283 4723 ut
3327 4668 3548 4738 sangui-

1972 4781 2183 4836 narium
2216 4778 2456 4832 furorem
2497 4775 2620 4830 belli
2676 4788 2803 4827 cum
2852 4767 3080 4840 pacilico
3130 4776 3408 4819 sacrorum
3448 4774 3548 4812 usu

1972 4853 2312 4923 coriciliaret.
2360 4863 2684 4930 Correptqu
2732 4874 2861 4928 ergo
2912 4853 3084 4908 valide
3130 4864 3404 4917 manuque
3444 4847 3551 4900 im-

1973 4961 2187 5032 pulsum
2215 4967 2322 5012 tota
2354 4970 2544 5025 panem
2581 4968 2745 5006 untnn
2776 4951 2826 5003 in
2857 4946 3080 5001 Mariani
3113 4945 3316 4997 vultum
3349 4939 3551 5007 impin-

1975 5067 2107 5122 gens
2141 5052 2192 5105 in
2229 5066 2363 5120 gena
2392 5048 2540 5102 illum
2583 5045 2837 5117 percutit.
2883 5040 3161 5095 Hactenus
3194 5037 3259 5091 de
3293 5049 3432 5089 nave
3462 5033 3552 5086 illa

1975 5144 2252 5213 Gallisque
2299 5141 2630 5206 vectoribus,
2687 5135 3055 5209 praeclareque
3111 5131 3163 5184 in
3220 5127 3409 5198 primis
3448 5124 3556 5185 isto

1977 5237 2278 5293 sacerdote.
2327 5234 2591 5288 Caeterum
2637 5228 2929 5301 provincia:
2969 5237 3150 5279 comes
3179 5220 3261 5276 sui
3296 5217 3554 5278 navisque

1360 5432 1880 5493 Vat-itelecttones
1911 5445 1986 5489 ex
2037 5425 2179 5487 cod.
2232 5421 2470 5484 Coislin

368 5562 414 5594 “
453 5561 708 5631 βέλεμνα.

787 5562 830 5593 ³ο
867 5561 922 5613 δὲ
948 5560 1145 5629 τούτῳ.

1388 5715 1521 5774 Car.
1559 5705 1877 5770 Dufresnii
1914 5705 2003 5765 Du
2032 5700 2245 5780 Cangii
2278 5707 2468 5763 nota).

374 5870 483 5942 (ιο)
515 5871 886 5940 Θηρίκλειον.
923 5866 1134 5923 Nicetas
1165 5865 1215 5918 in
1239 5862 1378 5918 Man.
1408 5862 1498 5919 lib.
1524 5876 1602 5928 ιιι,
1637 5875 1690 5914 ιι.
1723 5856 1778 5912 6.
1808 5858 1845 5911 Α

1952 5872 1959 5906 ι
1995 5851 2268 5909 ΙΙωεοΙιει.
2306 5851 2358 5906 in
2391 5849 2515 5906 Not.
