3974 6208
241 344 347 410 Ίιῑι

1566 349 1974 410 ΑιΕΧιΑιιιδ
2011 353 2156 414 LIB.
2198 355 2276 418 X.

3405 355 3512 418 762

242 463 306 514 τὸ
337 461 670 532 μεσαίχμιον
729 462 1110 518 ἁποστενωθέν
1167 463 1477 529 θεάσαιντο,
1524 466 1821 535 τηνικαῦτα

1933 468 2105 522 muris
2152 472 2321 534 ltl‘blS,
2379 469 2571 524 surdos
2606 470 2672 524 ad
2699 478 2888 540 pacata
2931 469 3133 532 omnia,
3183 479 3294 523 tum
3333 471 3510 523 enim-

241 558 354 618 τοῖς
383 555 850 625 συνεφεπομένοις
880 558 1068 621 αὐτοῖς
1113 557 1360 623 τοξόταις
1408 563 1825 628 παρακελευσάο

243 663 409 714 μενος
449 647 689 709 πυ-κνοὺς
712 647 998 720 ἐκπέμψαι
1052 650 1179 712 τοὺς
1232 651 1449 715 όῖστοὺς
1520 654 1664 706 κατὰ
1718 655 1828 707 τῶν

243 732 453 796 ἵππων,
483 733 544 785 ού
576 735 684 786 τῶν
714 736 1123 805 ἐποχουμένων,
1159 737 1289 801 ὅλας
1317 737 1475 808 ἡνίας
1519 740 1659 792 κατὰ
1721 742 1829 794 τῶν

242 825 491 880 Λατίνων
543 825 748 880 λῦσαιο
791 828 854 880 τὺ
913 829 1014 898 μὲν
1053 828 1142 883 ἵνα
1197 829 1380 884 ἵππων
1441 832 1830 902 πληττομένων

242 916 605 987 ἁποπαύηται
638 917 699 970 τὸ
728 919 864 972 πολὺ
898 920 996 989 τῆς
1021 921 1199 992 ὁρμῆς
1223 923 1331 975 τῶν
1363 923 1586 977 Κελτῶν
1612 927 1708 979 καὶ
1751 929 1826 997 μὴ

242 1009 446 1080 ῥαδίως
484 1010 623 1062 κατᾶ
658 1009 766 1063 τῶν
811 1011 1104 1079 Ῥωμαίων
1127 1014 1496 1082 ίππάζωνται,
1545 1017 1608 1070 τὸ
1660 1018 1716 1071 δέ
1771 1036 1824 1072 τι

238 1101 270 1153 ό
296 1101 342 1133 ⁸³
375 1101 466 1154 καὶ
502 1103 700 1171 μᾶλλον
733 1103 821 1156 ἵνα
864 1107 939 1174 μὴ
961 1107 1287 1176 Χριστιανοὶ
1317 1111 1662 1165 κτείνωνται.
1700 1112 1828 1166 Ἐκ-

243 1192 437 1262 Θύμως
467 1193 647 1248 τοίνυν
678 1195 738 1248 τὸ
771 1194 1054 1265 βασιλικὸν
1089 1201 1449 1272 ἀπεπλήρουν
1473 1203 1826 1276 πρόσταγμα,

243 1286 461 1349 καὶτὰς
492 1285 670 1350 πύλας
706 1289 1174 1357 ἀναπετάσαντες,
1208 1295 1304 1348 καὶ
1359 1297 1491 1349 ποτὲ
1554 1298 1653 1366 μὲν
1705 1299 1830 1363 τοὺς

244 1381 488 1450 ῥυτῆρας
517 1381 640 1434 κατ’
664 1382 844 1435 αὐτῶν
875 1383 1193 1448 ἐνδιδόντες,
1223 1386 1356 1439 ποτέ
1387 1386 1444 1439 δέ
1473 1388 1604 1451 τοὺς
1627 1389 1826 1452 ἵππους

241 1471 726 1543 ἀνασειράζοντες,
788 1475 1062 1530 κτείνουσι
1128 1479 1227 1548 μὲν
1313 1479 1565 1546 πολλοὺς,
1657 1480 1827 1549 ὀλίγοι

239 1565 288 1617 δ’
316 1566 375 1630 ἐξ
426 1567 607 1620 αὐτῶν
660 1569 799 1622 κατὰ
829 1572 1061 1640 ταυτηνὶ
1083 1571 1184 1642 τὴν
1225 1571 1442 1643 ἡμέραν
1483 1573 1826 1644 ἐτρώθησαν.

241 1648 406 1710 Οὗτοί
466 1658 567 1727 μὲν
597 1655 691 1712 οὖν
753 1661 1053 1732 ἐρῤέσθων.
1125 1663 1184 1715 Ὀ
1215 1665 1262 1718 δ’
1307 1666 1442 1736 ἐμὸς
1489 1667 1756 1738 δεσπότης
1799 1672 1827 1724 ὁ

239 1750 464 1819 Καῖσαρ
486 1750 913 1821 ἀναλαϐόμενος,
945 1753 1020 1816 ὡς
1053 1754 1295 1826 εἴρηται,
1325 1758 1452 1819 τοὺς
1484 1759 1584 1828 τῆς
1612 1761 1825 1826 τοξείας

237 1841 537 1912 εἰδήμονας
556 1845 650 1896 ἐπὶ
687 1845 794 1897 τῶν
835 1845 1061 1916 πύργων
1126 1847 1311 1904 ἵστατο
1362 1853 1476 1914 τοῖς
1515 1852 1825 1924 Βαρϐάροις

235 1929 718 2000 ἐπιτοξαζόμενος,
777 1933 887 1986 Καὶ
957 1934 1156 1998 πάντες
1210 1937 1311 2006 μὲν
1364 1935 1509 2008 εϊχον
1561 1939 1692 2006 τόξα
1735 1944 1829 1996 καὶ

237 2020 472 2091 εὔστοχα
529 2024 623 2075 καὶ
668 2023 1092 2080 εύΟυϐολὼτατα
1145 2027 1227 2059 ⁸⁵·
1274 2031 1483 2084 νεανίαι
1531 2033 1639 2102 γὰρ
1686 2029 1828 2104 ἦσαν

235 2111 559 2182 σύμπαντες
629 2115 728 2184 οὐχ
774 2116 972 2186 ἥττους
1037 2117 1136 2170 τοῦ
1207 2119 1510 2190 Ὁμηρικοῦ
1573 2122 1826 2194 Τεύκρου

232 2207 314 2267 εἰς
355 2205 582 2276 τοξικὴν
613 2207 930 2277 ἐμπειρίαν.
968 2209 1042 2262 Τὸ
1085 2209 1140 2263 δέ
1173 2211 1324 2276 τόξον
1379 2213 1472 2265 τοῦ
1527 2215 1825 2286 Καίσαρος,

243 2297 586 2362 Ἀπόλλωνος
621 2296 688 2370 ἦν
715 2302 823 2372 ἄρα
869 2301 1025 2366 τόξον
1048 2302 1396 2374 αὐτόχρημαο
1419 2306 1538 2358 οὐδὲ
1575 2307 1683 2376 γὰρ
1705 2311 1828 2363 κατ’

228 2391 477 2452 ἐκείνους
506 2393 629 2451 τοὺς
670 2391 1008 2460 Ὁμηρικοὺς
1039 2392 1310 2464 Ἕλληνας
1328 2395 1557 2465 νευρῆν
1571 2398 1688 2466 μὲν
1710 2417 1826 2468 μα-

229 2478 325 2544 ζῷ,
359 2481 518 2545 τόξῳ
556 2481 624 2534 δὲ
656 2482 914 2551 σίδηρον
929 2479 1031 2555 ἦγέ
1052 2501 1111 2537 τε
1134 2487 1227 2538 καὶ
1250 2487 1556 2557 ἐφήρμοττε
1589 2507 1828 2560 κυνηγε-

228 2573 344 2625 τῶν
371 2574 576 2644 ἀρετὴν
599 2575 1008 2645 ἐνδεικνύμενος
1031 2576 1152 2630 κατ’
1174 2577 1438 2644 ἐκείνους,
1465 2580 1582 2632 ἀλλ’
1632 2581 1825 2654 ὥσπερ

228 2682 316 2728 τις
354 2667 640 2737 ’Ἡρακλῆς
662 2671 732 2733 ἐξ
744 2668 1059 2723 ἀθανάτων
1083 2669 1674 2741 τόξωνθανασίμους
1689 2675 1828 2730 ἀπέ-

229 2771 475 2824 πεμπεν
492 2758 757 2824 ὀϊστοὺς.
779 2765 871 2812 καὶ
893 2753 1066 2830 οὗπερ
1089 2761 1154 2814 ἂν
1184 2762 1508 2831 στοχάσαιτο
1537 2782 1828 2819 κατευστο·

231 2849 346 2918 χῶν
410 2853 458 2902 εἰ
498 2853 658 2921 μόνον
708 2852 979 2924 θελήσειε.
1010 2857 1118 2909 Καὶ
1157 2856 1265 2927 γὰρ
1295 2860 1354 2910 ἐν
1377 2858 1557 2923 ἄλλοις
1592 2865 1824 2933 καιροῖς,

232 2942 486 3006 ὁπηνίκα
545 2944 735 3009 καιρὸς
775 2947 985 3015 ἀγῶνος
1025 2949 1118 3002 καὶ
1152 2948 1334 3019 μάχης
1375 2954 1580 3023 παρῆν,
1642 2954 1825 3009 ὅντινα

230 3035 331 3086 καὶ
379 3038 581 3089 σκοπον
609 3037 780 3102 ἔθετο,
806 3039 969 3102 εὐθὺς
992 3040 1091 3092 οὐκ
1131 3042 1359 3112 ἄστοχον
1383 3044 1625 3109 ἔϐαλλεν,
1660 3050 1752 3102 καὶ
1783 3043 1826 3117 ᾧ

231 3130 302 3183 ἂν
330 3130 490 3200 μέρει
525 3131 918 3197 έπετοξάσατο,
951 3134 1301 3188 κατ’ἐκείνου
1316 3137 1408 3190 τοῦ
1441 3138 1638 3207 μέρους
1658 3142 1821 3207 εὐθὺς
1849 3160 1892 3218 c

230 3223 569 3290 ἐτίτρωσκεν
599 3223 706 3276 ἀεί’
739 3224 913 3289 οὕτως
951 3226 1172 3296 ἰσχυρὸν
1205 3227 1374 3282 ἔτεινε
1406 3230 1560 3294 τόξον
1607 3235 1818 3298 ἐκεῖνος

230 3315 322 3366 καί
360 3313 513 3382 βέλοτ
539 3315 690 3384 ἠφίει
719 3315 1001 3384 ὀξύτατον,
1033 3320 1136 3371 κάν
1164 3321 1230 3389 τῇ
1261 3318 1444 3392 τοξείᾳ
1465 3323 1520 3374 δὲ
1549 3326 1646 3377 καὶ
1675 3325 1819 3397 ὑπὲρ

229 3408 323 3459 τὸν
372 3408 616 3477 Τεῦκρον
668 3409 834 3462 αύτὶν
871 3412 958 3463 καὶ
1007 3413 1133 3474 τοὺς
1181 3413 1420 3478 Αἴαντας
1469 3418 1814 3488 φαινόμενος.

243 3498 410 3551 Ἀλλὰ
447 3501 650 3569 καί-τερ
676 3501 920 3564 τοιοῦτος
961 3500 1258 3570 ὣν,δεδιὼς
1293 3505 1354 3558 τὸ
1386 3507 1486 3577 τῆς
1512 3509 1558 3538 ⁸⁸
1604 3509 1818 3579 ἡμέρας

231 3591 521 3659 αἰδέσιμον
573 3595 663 3645 καὶ
701 3593 800 3664 τὴν
849 3595 942 3647 τοῦ
996 3595 1403 3667 αὐτοκράτορος
1437 3600 1818 3669 παραγγελίαν

233 3683 525 3754 ἐγκάρδιον
578 3684 738 3755 ἔχων,
787 3685 956 3739 ἔτεινε
1014 3688 1111 3757 μὲν
1161 3689 1313 3754 τόξον
1349 3691 1557 3761 ἰταμῶς
1592 3693 1818 3758 τούτους

233 3779 328 3829 x1".
394 3777 605 3843 ἀλόγως
658 3781 772 3842 τοῖς
832 3782 1041 3851 τείχεσι
1099 3781 1444 3847 πελάζοντας
1497 3785 1662 3855 ὁρῶν,
1723 3785 1817 3838 καὶ

232 3869 407 3939 κυνέῃ
456 3869 548 3920 καὶ
597 3869 824 3922 ἀσπίσιν
865 3871 1091 3934 ἑαυτοὺς
1130 3875 1607 3943 περιφράττοντας
1635 3876 1694 3928 τὸ
1729 3875 1819 3946 βέ-

233 3961 323 4023 λος
383 3959 593 4013 ἐτίθετο
651 3964 714 4031 τῇ
770 3965 960 4033 νευρᾷ,
1024 3963 1139 4015 ἀλλ’
1182 3965 1333 4028 ὅμως
1388 3965 1591 4037 ἅστοχα
1645 3967 1817 4022 Θέλων

233 4053 484 4117 ἔϐαλλεν,
511 4055 646 4106 ὅπου
684 4054 784 4123 μὲν
817 4055 946 4108 εἴσω
975 4055 1235 4125 πέμπων,
1272 4057 1406 4111 ὅπου
1437 4059 1494 4112 δὲ
1522 4061 1616 4113 καὶ
1646 4063 1815 4132 ὑπερ-

234 4144 497 4212 πέμπων.
555 4143 672 4197 Κᾶν
721 4145 780 4198 δὲ
825 4146 913 4200 διὰ
951 4145 1050 4217 τὴν
1101 4147 1409 4202 ἐνεστῶσαν
1441 4151 1656 4222 ἡμέραν
1714 4155 1818 4206 ὐπ-

235 4237 518 4288 εστέ).λετο
551 4236 824 4305 εὐστόχως
852 4238 993 4291 κατὰ
1020 4238 1126 4290 τῶν
1162 4241 1415 4295 Λατίνων
1470 4243 1672 4313 βαλεῖν,
1699 4246 1814 4299 ἀλλ’

234 4326 357 4380 ἐπεὶ
398 4328 627 4390 Λατῖνός
673 4345 756 4390 τις
813 4329 1002 4397 ἰταμὸς
1034 4331 1128 4382 καὶ
1158 4331 1520 4402 ἀναίσχυντος
1551 4336 1612 4388 ού
1649 4338 1812 4405 μόνον

234 4419 377 4472 κατὰ
430 4419 538 4472 τῶν
594 4418 800 4472 ἄνωθεν)
851 4420 1153 4489 ἱσταμένων
1204 4426 1445 4487 πυκνοὺς
1493 4426 1811 4494 ἐξέπεμπεν

1934 573 2062 613 vero
2110 559 2216 613 alio
2269 561 2506 615 remedio
2560 571 2770 628 tempus
2819 576 2978 631 egere
3018 570 3186 624 ratus,
3247 576 3509 629 generum

1933 653 2162 722 primum
2190 654 2429 708 omnium
2466 658 2699 708 accersit
2736 670 2891 708 suum
2916 652 3278 720 Nicephorum
3313 653 3506 706 meum

1931 743 2224 807 Caesarem,
2257 746 2415 815 eique
2455 746 2686 815 imperat
2727 757 2785 800 ut
2817 745 2949 798 viris
2983 761 3165 797 secum
3201 745 3510 798 l'oitissimis

1933 840 2229 907 assumptis
2271 855 2338 894 ex
2383 855 2611 893 numero
2643 855 2828 893 eorum
2861 839 2950 908 qui
2990 839 3156 909 296
3192 847 3308 891 arte
3339 837 3511 906 sagit-

1933 933 2077 983 tandi
2113 940 2433 1000 prmstarent
2461 947 2720 986 coronam
2771 947 3048 983 murorum
3097 945 3335 998 superne
3365 930 3509 983 obti-

1934 1033 2107 1086 neret,
2143 1040 2378 1093 suosque
2414 1026 2523 1080 illic
2554 1025 2886 1093 jaculatores
2935 1025 3087 1093 longa
3139 1024 3279 1076 serie
3325 1023 3508 1092 dispo-

1932 1127 2109 1182 neret,
2152 1117 2418 1171 mandans
2451 1119 2516 1172 iis
2556 1129 2612 1170 ut
2643 1132 2803 1186 quam
2849 1116 3180 1170 creberrima
3214 1130 3278 1168 ex
3310 1115 3420 1170 alto
3453 1117 3506 1168 in

1932 1207 2114 1262 Gallus
2157 1207 2258 1260 tela
2309 1209 2604 1272 mitterent,
2647 1207 2738 1260 sed
2773 1207 3033 1275 pleraque
3070 1207 3310 1271 innoxia,
3348 1207 3511 1261 aber-

1932 1302 2140 1353 ratione
2171 1299 2460 1365 affectata;
2494 1315 2601 1353 non
2630 1299 2772 1353 enim
2812 1297 3045 1351 interfici
3085 1297 3298 1351 volebat
3340 1299 3510 1364 impe:

1934 1407 2081 1445 rator
2138 1393 2339 1455 hostes,
2374 1402 2484 1445 tum
2548 1389 2836 1460 religioni,
2895 1399 2952 1440 ut
3017 1389 3292 1454 diximus,
3357 1390 3506 1454 diei,

1932 1495 2040 1537 tum
2092 1485 2327 1554 propriae
2376 1483 2580 1538 lenitati
2630 1493 2684 1537 et
2758 1480 3000 1536 civilium
3069 1481 3328 1535 bellorum
3384 1482 3509 1535 odio

1929 1577 2142 1631 cuidam
2186 1577 2372 1630 innato
2400 1575 2645 1630 serviens
2677 1593 2691 1629 :
2729 1575 2971 1644 satisque
3007 1572 3268 1637 habebat,
3295 1572 3338 1624 si
3373 1572 3509 1626 deuo

1930 1667 2006 1721 sis
2035 1665 2320 1720 missilium
2370 1664 2640 1720 imbribus
2665 1680 2732 1718 ex
2763 1664 2872 1717 alto
2895 1663 3199 1732 ejaculatis.
3229 1661 3507 1716 confiden-

1934 1757 2205 1811 tissimum
2245 1771 2414 1826 genus
2445 1765 2658 1810 terrore
2711 1763 2894 1823 posset
2943 1754 3129 1821 aliquo
3191 1752 3505 1820 percellcre.

1931 1847 2128 1901 Eodem
2164 1856 2408 1915 tempore
2449 1846 2793 1916 eruptionem
2828 1846 3052 1899 instruit
3082 1845 3242 1897 simili
3281 1843 3510 1896 consilio

1933 1941 2103 2010 magis
2152 1940 2456 2009 speciosam
2497 1953 2659 2008 quam
2715 1936 3100 2005 perniciosam.
3162 1935 3511 1989 Lectissimos

1931 2033 2096 2087 duces
2123 2049 2244 2085 cum
2283 2031 2396 2086 suis
2423 2046 2696 2100 quemque
2721 2030 3036 2085 cohortibus
3080 2041 3284 2096 partem
3336 2025 3513 2079 maxi-

1932 2140 2074 2179 mam
2105 2125 2403 2178 instructos
2437 2123 2694 2187 arcubus,
2742 2121 3027 2175 nontmllos
3061 2129 3302 2174 armatos
3335 2117 3509 2187 longis

1930 2215 2151 2274 lanceis,
2208 2215 2428 2284 prodire
2475 2213 2653 2267 subito
2687 2212 2841 2280 jubet
2880 2227 2940 2266 ea
2975 2221 3126 2278 porta
3159 2225 3277 2278 quae
3317 2218 3509 2263 sam-to

1930 2306 2174 2360 Romano
2198 2314 2276 2359 est
2304 2304 2572 2373 proxima,
2625 2304 2811 2370 sicque
2862 2301 3239 2355 vehementem
3272 2300 3506 2367 impreso

1938 2399 2146 2453 sionem
2176 2395 2650 2462 ostentarehosti.
2693 2394 2842 2448 Ordo
2882 2393 3127 2446 euntium
3161 2391 3248 2446 hic
3282 2402 3400 2443 erat
3441 2390 3510 2444 ab

1930 2490 2258 2560 imperatore
2301 2487 2652 2556 pnescriptus
2700 2486 2840 2554 ipso.
2885 2483 3235 2537 Hastatorum
3279 2481 3512 2551 quisque

1929 2584 2070 2638 inter
2099 2583 2343 2650 arquitas
2378 2581 2512 2634 duos
2554 2580 2830 2647 clypcatos
2878 2579 2990 2631 ibat
3032 2578 3246 2630 medius
3279 2588 3509 2642 quorum

1928 2675 2155 2746 objectis
2192 2674 2468 2742 utrimque
2510 2675 2674 2727 retris
2701 2673 3110 2740 prore-gebatur.
3152 2670 3242 2722 Sic
3278 2669 3510 2734 disposi-

1929 2767 1998 2821 tis
2044 2767 2282 2821 edictum
2316 2775 2372 2818 ut
2425 2764 2572 2816 lente
2623 2763 2674 2814 in
2734 2763 2948 2815 hostem
2993 2760 3272 2818 vaderent,
3321 2758 3508 2827 paucis

1930 2857 2147 2911 interim
2209 2855 2510 2926 sagittariis
2569 2852 2632 2906 ad
2663 2851 2845 2907 Gallos
2900 2853 3110 2904 eminus
3160 2848 3509 2904 lacessendus

1927 2949 2246 3020 praemissis.
2279 2947 2486 3013 Quibus
2519 2946 2831 2999 mandatum
2871 2959 2938 2996 ne
2963 2957 3124 2996 unam
3155 2943 3413 2994 continuo
3456 2943 3506 2992 in

1927 3053 2135 3112 partem
2193 3041 2554 3101 intuerentur,
2619 3037 2712 3089 sed
2763 3035 2958 3089 crebro
3017 3035 3121 3087 huc
3161 3032 3396 3101 illucque
3449 3045 3509 3086 se

1928 3143 2222 3192 verterent.
2258 3133 2360 3189 Ubi
2411 3132 2546 3186 satis
2588 3131 2804 3184 admota
2841 3142 3017 3197 pugna
3049 3135 3216 3191 esset,
3249 3134 3507 3192 angusto-

1929 3229 2166 3299 quejam
2211 3226 2386 3296 spatio
2419 3224 2565 3277 acies
2601 3222 2888 3285 distarent,
2927 3230 3036 3274 tum
3074 3233 3208 3286 quos
3241 3217 3307 3271 ad
3335 3216 3504 3269 latera

1927 3319 2185 3375 lancearii
2238 3317 2550 3383 sagittarios
2589 3314 2895 3378 haberent,
2928 3311 3180 3381 juberent
3224 3309 3298 3362 uti
3341 3316 3505 3368 arcu,

1929 3411 2253 3468 collimaudo
2301 3409 2354 3461 in
2397 3421 2565 3473 equus
2592 3404 2836 3468 hostiles,
2872 3402 3142 3472 parcendo
3176 3400 3507 3460 sessoribus,

1928 3502 2091 3558 simul
2137 3501 2238 3568 ipsi
2285 3513 2404 3552 cum
2453 3497 2516 3549 iis
2560 3495 2763 3562 pariter
2824 3491 3067 3546 remissis
3115 3489 3344 3542 habenis
3397 3498 3508 3540 toto

1925 3606 2190 3664 equorum
2227 3591 2426 3658 impetu
2457 3587 2510 3640 in
2548 3585 2730 3640 Gallos
2771 3584 3177 3638 inveherentur.
3221 3579 3315 3633 His
3357 3594 3511 3632 nem-

1927 3703 1992 3756 pe
2039 3688 2198 3738 rebus
2231 3679 2480 3750 sperabat
2513 3693 2573 3733 se
2607 3686 3024 3731 consecuturum
3068 3671 3363 3741 Augustus,
3395 3671 3507 3736 pri-

1927 3795 2074 3834 mum
2112 3787 2168 3831 ut
2201 3774 2357 3843 equis
2394 3769 2694 3825 vulneratis
2724 3765 3085 3822 formidabilis
3124 3763 3214 3818 ille
3246 3760 3508 3815 Romanis

1927 3871 2137 3940 primus
2197 3865 2388 3922 Gallici
2459 3863 2734 3922 equitatus
2794 3861 3026 3928 impetus
3088 3858 3504 3922 languesceret,
3571 3863 3577 3870 ‘

1926 3963 2122 4018 deinde
2157 3960 2209 4015 id
2238 3955 2383 4028 quod
2405 3954 2745 4024 potissimum
2778 3951 3018 4019 optabat,
3053 3958 3112 4002 ut
3144 3961 3304 4016 quam
3343 3943 3506 3998 mini-

1925 4073 2075 4112 munt
2133 4049 2428 4108 Christiani
2487 4044 2762 4113 sanguinis
2825 4041 3163 4096 funderetur.
3235 4036 3508 4091 Fecerunt

1927 4153 1982 4207 hi
2040 4149 2185 4220 quod
2229 4144 2365 4216 jussi
2418 4150 2474 4197 et
2506 4139 2676 4195 valvis
2709 4142 2932 4205 repente
2977 4131 3269 4202 patefactis
3311 4131 3362 4181 in
3405 4128 3508 4182 ho-

1926 4256 2062 4298 stem
2096 4243 2322 4302 vadunt,
2353 4235 2510 4304 equis
2544 4232 2704 4285 modo
2737 4226 3015 4290 admissis,
3044 4227 3202 4279 modo
3240 4221 3499 4284 reductis,

1926 4339 2244 4404 impetuque
2272 4339 2387 4382 arte
2411 4325 2560 4380 varia
2588 4322 2902 4391 dispensata
2921 4361 2934 4383 ,
2966 4325 3021 4370 at
3049 4331 3115 4371 eo
3140 4329 3418 4376 successu,
3442 4322 3502 4366 ut

1926 4403 2076 4480 multi
2115 4439 2180 4477 eo
2217 4421 2302 4474 die
2333 4415 2634 4472 ceciderint
2666 4411 2903 4466 hostium
2926 4448 2942 4472 ,
2999 4423 3064 4461 ex
3091 4407 3295 4460 nostris
3340 4403 3497 4471 pauci

234 4510 469 4574 ὀϊστοὺς,
521 4511 659 4564 ἀλλὰ
709 4515 805 4565 καὶ
838 4516 904 4583 τῇ
939 4513 1045 4584 ἰδία
1090 4514 1361 4586 διαλέκτῳ
1395 4518 1569 4571 πολλὰ
1620 4521 1814 4588 φωνῶν

1927 4523 2180 4573 duntaxat
2230 4508 2499 4564 vulnerati
2544 4503 2770 4558 fuerint.
2806 4501 3009 4554 Verum
3059 4497 3143 4549 his
3183 4493 3401 4547 omissis
3433 4493 3500 4545 ad

235 4600 482 4676 ύὸρῑζειν
513 4605 712 4669 ἐδόκει,
742 4606 908 4659 τείνει
951 4608 1048 4676 μέν
1082 4607 1203 4661 κατ’
1232 4609 1400 4662 αὑτοῦ
1437 4611 1464 4663 ὁ
1499 4611 1721 4682 Καῖσαρ
1755 4613 1816 4666 τὸ

236 4696 408 4760 τόξον.
438 4695 548 4749 Τοῦ
578 4697 621 4749 δ’
654 4699 752 4767 οὐχ
782 4698 932 4750 ἅλιον
965 4698 1119 4768 βέλος
1177 4698 1370 4770 ἔκθορε
1421 4703 1626 4772 χειρὸς,
1679 4703 1818 4756 ἀλλὰ

236 4787 487 4858 διέτρησε
521 4789 621 4858 μὲν
647 4789 736 4844 τὸν
766 4791 952 4861 Θερεόν
985 4791 1028 4822 ⁵⁷
1057 4809 1070 4822 ·
1105 4791 1195 4843 τὸν
1247 4791 1303 4844 δὲ
1358 4792 1652 4860 φολιδωτὸν
1703 4793 1816 4848 θώ-

241 4901 380 4952 ρακα
423 4884 523 4935 σὺν
575 4883 724 4954 αὐτῷ
766 4882 959 4937 διελὼν
1009 4883 1271 4954 βραχίωνι
1301 4885 1346 4916 ⁸⁵⁸
1396 4887 1462 4954 τῇ
1509 4886 1718 4957 πλευρᾷ
1757 4886 1817 4940 τὸ

240 4977 387 5047 βέλος
426 4975 801 5047 περιέπειρεν.
848 4977 904 5029 '0
942 4976 987 5028 δ’
1015 4977 1175 5039 εὐθὺς
1213 4975 1426 5043 ἄφωνος
1467 4979 1649 5030 ἔκειτο
1714 4997 1810 5048 χα-

241 5072 396 5142 μάζε,
432 5071 576 5124 κατὰ
606 5071 696 5123 τδν
724 5073 978 5141 ποιητήν.
1009 5072 1168 5141 Φωνὴ
1202 5071 1249 5123 δ’
1275 5071 1506 5141 οὐρανὸν
1547 5067 1674 5142 ἧκε,
1705 5073 1814 5124 τῶν

241 5167 334 5236 μὲν
365 5165 867 5232 ἐπαγγαλλομένων
894 5166 940 5198 ⁸⁸
968 5163 1045 5233 τῷ
1073 5165 1338 5231 Καίσαρι,
1366 5163 1476 5215 τῶν
1509 5163 1566 5216 δὲ
1601 5165 1694 5216 ἐπὶ
1737 5165 1814 5234 τῷ

241 5256 551 5310 πεπτωκότι
584 5257 1038 5326 ὀλοςςυρομένωνυ
1058 5256 1358 5327 Καρτερώς
1390 5256 1434 5308 δ’
1458 5256 1504 5288 ³ο
1537 5251 1629 5308 οὖν
1658 5255 1813 5318 αὖθις

241 5349 344 5401 τῶν
399 5367 459 5402 τε
515 5351 728 5402 ἱππέων
779 5350 986 5403 ἐκεῖθεν
1019 5352 1062 5384 ⁵⁸
1098 5349 1447 5418 μαχομένων,
1497 5348 1607 5401 τῶν
1637 5365 1698 5400 τε
1757 5349 1816 5400 ἐν

243 5441 349 5502 τοῖς
377 5441 616 5510 τείχεσιν
648 5441 984 5511 ἱσταμένων,
1020 5440 1192 5513 βαρὺς
1223 5439 1318 5491 καὶ
1348 5438 1520 5501 δεινὸς
1557 5437 1614 5503 ἐξ
1639 5439 1816 5508 ἀμφο-

241 5529 403 5599 τέρων
427 5533 816 5601 ἀνερριπίζετο
849 5533 1104 5601 πόλεμος.
1159 5530 1466 5584 Ἐπιϐαλὼν
1499 5529 1548 5581 δ’
1582 5526 1737 5592 αὖθις
1771 5530 1799 5582 ό

312 5743 354 5772 ⁸⁵
391 5745 434 5795 ὅ.
559 5743 600 5776 ⁸⁵
643 5747 928 5801 εύούϐοὶα.

250 5812 288 5844 ⁸⁸
327 5814 574 5867 ἐκείνων.

1038 5749 1204 5818 “rip:
1265 5747 1464 5817 αὐτῆς.
1581 5746 1622 5778 ’⁵⁷
1667 5744 1882 5816 θυρεόν.

1917 4627 1975 4666 se
2023 4624 2120 4664 suo
2189 4619 2273 4657 me
2319 4602 2438 4670 jure
2489 4605 2646 4652 γουσι
2701 4593 2953 4648 dominus
3003 4602 3156 4642 meus
3209 4586 3410 4640 Caesar.
3451 4582 3503 4637 Is

1917 4718 2041 4757 ctttn
2106 4697 2319 4768 peritis,
2375 4702 2434 4746 ut
2469 4691 2674 4744 dictum
2721 4694 2827 4747 est,
2873 4680 3171 4750 sagittariis
3236 4677 3504 4732 insidebat

1919 4807 2099 4849 turres
2130 4801 2368 4859 superne
2404 4781 2660 4838 hostibus
2692 4778 3006 4832 imminens.
3038 4775 3236 4827 Arcum
3271 4771 3502 4839 quisque

1916 4900 2072 4939 suum
2136 4892 2241 4933 tam
2293 4878 2408 4946 ipse
2447 4885 2610 4942 quant
2641 4866 2836 4936 singuli
2893 4865 3010 4934 ejus
3056 4863 3291 4917 comites
3335 4861 3501 4915 habe~

1913 4979 2064 5031 bant.
2108 4973 2176 5026 Et
2215 4985 2280 5024 eo
2333 4968 2382 5021 hi
2435 4963 2653 5034 quidem
2685 4961 2977 5013 utebantur
3007 4957 3247 5025 egregie,
3291 4969 3391 5008 nec
3433 4953 3502 5007 iis

1914 5067 2202 5135 quisquam
2242 5067 2337 5111 aut
2375 5055 2698 5110 collinearet
2733 5049 2957 5114 certius,
3033 5056 3125 5099 aut
3173 5046 3373 5100 rectius
3403 5059 3504 5098 ex-

1914 5153 2215 5222 peditiusve
2239 5149 2473 5202 laxatam
2498 5141 2759 5197 chordam
2796 5139 3059 5203 tenderet,
3087 5149 3298 5192 tensam
3337 5137 3494 5190 laxa-

1915 5257 2020 5300 ret.
2051 5243 2260 5313 Quippe
2290 5239 2503 5293 illorum
2532 5250 2690 5290 nemo
2722 5230 3010 5301 sagittandi
3055 5229 3249 5297 peritia
3291 5227 3490 5281 Home.

1922 5339 2034 5394 rico
2092 5337 2182 5390 illo
2243 5333 2454 5388 Teucro
2501 5327 2852 5383 concederet.
2910 5323 2979 5377 At
3028 5321 3226 5376 Caesari
3307 5332 3495 5372 arcum

1921 5429 2296 5488 commodasse
2335 5440 2490 5480 suum
2526 5423 2641 5490 ipse
2683 5420 2840 5490 longe
2866 5417 3114 5487 jaculaus
3167 5416 3301 5471 deus
3337 5409 3494 5466 vide-

1922 5526 2102 5588 batur,
2141 5521 2274 5574 adeo
2310 5517 2356 5572 is
2392 5517 2753 5570 nihilominus
2793 5510 3070 5566 eminebat
3105 5521 3264 5575 supra
3318 5501 3496 5558 socios

2493 5731 2534 5763 ⁸³
2564 5725 3039 5795 ἐπαγαλλομένων.
3149 5720 3194 5751 ⁵⁰
3226 5716 3388 5773 Deest
3424 5715 3493 5770 δ’.
