3974 6208
284 361 392 425 ῗ65

1532 372 1945 431 ALEXlADlS
1987 377 2135 438 Llli.
2172 379 2244 438 X.

3444 393 3550 458 766

281 481 524 548 ὑπειχον.
578 481 686 532 Καὶ
723 477 897 544 οὕτως
945 483 972 534 ὀ
1019 483 1288 554 rev-.0991;
1345 488 1551 555 μετόὑ
1596 489 1731 541 πολὺ
1781 491 1832 557 τῇ

1966 494 2261 549 adventare
2307 497 2552 563 comites,
2594 498 2762 554 lect0s
2802 499 2968 553 duces
3017 516 3137 554 cum
3170 505 3345 572 copiis
3397 507 3546 575 ipso-

278 569 374 624 τοῦ
428 568 697 639 βασιλέως
749 572 983 642 ὲστοίχει
1041 573 1330 644 θελήματι.
1388 577 1714 646 Προσελοὼν
1765 578 1868 654 οὖν.

273 661 354 735 τῷ
390 660 604 731 βασιλεῖ
637 663 963 730 ἐπωμόσατο
988 664 1158 735 ὅνπερ
1201 667 1465 736 ἀπῃτεῖτο
1497 667 1681 736 ὅρκον.
1717 667 1856 722 ὥστε

275 753 483 816 ὁπόσας
523 753 637 822 (54)
684 753 869 818 πόλεις
918 757 1009 808 καὶ
1054 756 1238 825 χώρας
1282 757 1313 827 ἢ
1369 758 1606 828 φρούρια
1660 759 1857 828 φθάσει

273 851 572 919 κατασχεῖν
606 848 712 901 ὑπὸ
745 849 842 919 τὴν
875 849 1158 920 βασιλείαν
1203 852 1492 917 Ῥωμαίων
1523 853 1584 904 τὸ
1636 853 1856 922 πρῶτον

269 939 558 1006 τελοῦντα,
586 940 725 1011 πρὸς
763 941 858 994 τὸν
895 942 984 994 ἐπ’
1016 943 1166 1014 αὐτῷ
1191 943 1366 1013 τούτῳ
1396 945 1550 1012 παρὰ
1581 943 1675 998 τοῦ
1709 946 1858 1014 βασι-

265 1031 408 1094 λέως
448 1033 925 1104 ἀποστελλόμενον
971 1035 1216 1106 ἀρχηγὸν
1263 1037 1646 1108 παραδιδόναι.
1683 1037 1853 1090 Ταῦτ’

264 1123 364 1178 οὖν
408 1126 844 1195 ἐπομοσάμενος,
895 1128 1163 1197 χρήματά
1198 1129 1310 1198 (55)
1340 1145 1398 1180 τε
1453 1128 1616 1181 ἱκανὰ
1667 1128 1850 1182 λαϐὼν

263 1217 522 1285 ὁμεστιός
565 1235 625 1270 τε
685 1219 780 1271 καὶ
836 1218 1218 1288 ὁμοτράπεζος
1265 1219 1415 1289 αὐτῷ
1459 1219 1706 1287 γεγονὼς
1755 1221 1850 1273 καὶ

261 1306 510 1374 δαξξιλῶς
555 1309 856 1379 εὐωχηθεὶς
898 1310 1235 1379 διαπεράσας
1277 1311 1420 1364 κατὰ
1464 1312 1556 1364 τὸν
1602 1313 1848 1365 Πελεκαο

261 1399 353 1450 νὺν
385 1401 499 1469 (56)
553 1403 838 1471 ηὐλίσατο.
883 1401 945 1456 '0
1000 1403 1054 1454 δὲ
1097 1401 1356 1472 βασιλεὺς
1407 1403 1713 1473 τηνικαῦτα
1749 1405 1849 1455 ἐπ-

259 1491 506 1560 ἐεκῃψεν
544 1493 790 1562 δαψιλεῖς
823 1495 1164 1564 πανηγύρεις
1198 1493 1415 1563 ἐξάγειν
1447 1496 1654 1558 αὐτοῖς.

1969 602 2084 638 rum
2152 588 2218 641 ad
2271 590 2569 643 exercitum
2602 590 2943 645 Gottltofredi
2975 593 3213 648 destinat
3260 614 3543 659 suasurus.

1965 689 2019 728 et
2072 687 2334 746 quantum
2386 691 2607 748 possent
2658 695 2962 747 coacturos,
3023 696 3080 737 ut
3139 689 3539 756 quamprimum

1968 770 2407 826 transfretarent.
2466 773 2572 827 llos
2628 774 2802 828 Latini
2858 777 3042 844 procul
3097 780 3395 846 conspicui
3451 799 3539 835 ve-

1964 861 2172 916 nientes
2230 879 2334 917 non
2400 868 2728 931 sustinuere,
2785 884 2881 936 pro
2935 869 3134 923 ardore
3189 887 3540 940 praepropero

1970 955 2168 1019 gentis,
2197 965 2515 1022 exspectare
2550 957 2678 1024 quid
2721 957 2974 1011 afferrent
3001 997 3015 1020 ,
3059 961 3324 1025 cujusque
3366 964 3537 1030 gratia

1969 1043 2046 1097 rei
2083 1049 2403 1097 accederent
2433 1063 2447 1099 :
2479 1050 2570 1100 sed
2608 1048 2739 1100 nihil
2785 1049 3147 1117 interrogatos
3176 1062 3362 1104 contra
3411 1069 3539 1121 pro-

1962 1131 2131 1196 gressi
2162 1133 2329 1184 armis
2359 1145 2412 1186 et
2456 1135 2643 1202 praelia
2678 1135 2974 1202 excipiunt.
3020 1136 3128 1188 Nec
3161 1139 3540 1192 recusantibus

1963 1220 2184 1285 nostris,
2219 1222 2560 1274 concurritur
2595 1224 2706 1277 acri
2755 1225 3024 1292 utrimque
3058 1241 3256 1294 pugna,
3291 1229 3539 1280 cadenti-

1963 1315 2062 1367 bus
2088 1312 2212 1367 biuc
2247 1324 2411 1382 atque
2439 1314 2564 1367 inde
2596 1315 2800 1370 multis.
2839 1317 3078 1370 Tandem
3111 1332 3232 1370 cum
3265 1319 3364 1371 sibi
3404 1335 3538 1372 con-

1961 1415 2169 1460 Stantcs
2195 1405 2532 1474 imperatorii
2568 1410 2780 1477 magnis
2810 1410 3128 1466 vulneribus
3158 1415 3535 1470 tlebilitassent

1959 1511 2054 1550 eos
2085 1511 2276 1549 omnes
2320 1495 2637 1550 Latinorum
2675 1500 2766 1567 qui
2803 1512 3063 1556 consueta
3100 1506 3275 1570 gemis
3309 1507 3532 1559 audacia

258 1587 436 1639 evecti
497 1597 712 1639 tentare
761 1589 1011 1642 cominus
1047 1589 1264 1642 admota
1314 1603 1492 1656 pugna
1543 1588 1846 1642 Romanam
1889 1587 2062 1642 aciem
2095 1603 2202 1642 non
2235 1588 2600 1656 dubitassem,
2644 1591 2733 1645 alii
2805 1603 2911 1646 tam
2955 1594 3170 1650 fortiter
3254 1613 3364 1650 rem
3437 1615 3534 1668 ge-

255 1682 509 1737 rentibus
569 1685 825 1737 Romanis
883 1699 942 1738 se
990 1684 1228 1754 impares
1302 1685 1432 1740 fassi
1491 1695 1638 1756 terga
1705 1685 1877 1738 Latini
1955 1686 2257 1755 praebuere.
2325 1685 2438 1740 Hoc
2485 1687 2626 1741 malo
2681 1687 3074 1746 Gotthofredus
3116 1693 3374 1756 domitus.
3423 1712 3525 1750 non

254 1777 330 1828 ita
388 1775 560 1828 multo
603 1783 724 1844 post
767 1776 1083 1845 imperatori
1135 1776 1432 1831 obsecutus
1489 1786 1598 1839 est,
1645 1777 1844 1846 jusque
1870 1778 2162 1845 jurandum
2191 1777 2420 1830 solemni
2456 1775 2689 1830 formula
2723 1781 2992 1847 concepit,

3065 1784 3203 1848 quod
3272 1785 3527 1853 exigeba-

253 1878 366 1922 tur.
406 1865 570 1920 Teste
601 1867 854 1921 nimirum
892 1868 1142 1937 promisit
1177 1868 1288 1923 Deo
1325 1883 1446 1924 sese
1529 1884 1885 1938 quascunque
1951 1870 2117 1925 urbes
2165 1885 2390 1923 arcesve
2427 1870 2568 1923 bello
2612 1870 2754 1924 forte
2790 1881 3049 1940 capturus
3090 1875 3342 1942 deinceps
3385 1887 3529 1928 esset

251 1966 320 2017 de
379 1962 655 2027 barbaris,
705 1979 824 2032 qua:
867 1965 1029 2019 urbes
1077 1979 1304 2020 areesve
1347 1965 1560 2035 imperii
1609 1964 1840 2018 Romani
1881 1975 2039 2019 antea
2074 1963 2346 2028 fuissent,
2390 1980 2482 2018 eas
2514 1974 2702 2033 captas
2731 1979 2760 2019 a
2792 1981 2870 2032 se,
2903 1970 3042 2020 bona
3116 1968 3218 2020 fide
3303 1972 3532 2024 ll'dllllll-

250 2070 374 2108 rum
437 2056 670 2110 ducibus
733 2058 1075 2127 praefectisve
1158 2075 1186 2113 a
1243 2059 1489 2114 Romano
1537 2059 1870 2130 imperatore
1909 2059 2187 2114 mittendis
2219 2059 2284 2110 ad
2315 2058 2514 2128 ipsum.
2575 2060 2669 2114 His
2716 2060 2787 2114 ita
2833 2061 3063 2116 ﬁrmatis
3140 2061 3531 2122 Gottbofredns

247 2149 464 2216 magnis
518 2159 708 2204 auctus
757 2150 824 2204 ab
872 2151 1199 2217 imperatore
1256 2155 1612 2218 muneribus,
1672 2165 2042 2224 exceptusque
2100 2153 2450 2224 imperatorio
2482 2153 2706 2224 palatio,
2770 2165 2824 2209 et
2878 2155 2945 2210 ad
3008 2173 3250 2211 mensam
3323 2163 3523 2230 regiam

248 2240 541 2309 magnifice
573 2241 1438 2314 adhibitus,trattsntisitfretttm,
1473 2257 1526 2304 et
1551 2248 1693 2316 apud
1734 2247 2057 2302 Pelecanum
2111 2248 2308 2302 stativa
2377 2247 2597 2317 posuit:

2687 2247 3004 2316 providente
3078 2249 3405 2318 imperatore
3473 2272 3530 2328 ιιι

243 2340 426 2408 ampla
460 2341 509 2393 ei
549 2341 702 2409 copia
738 2341 948 2393 utilium
983 2342 1048 2392 ad
1081 2341 1278 2394 victum
1317 2357 1496 2394 rerum
1529 2342 1969 2413 suppetlitaretur
2003 2340 2230 2410 ubique.

319 2433 573 2486 Κατόπιν
605 2434 663 2486 δὲ
689 2433 880 2487 τούτου
915 2434 1171 2502 ἐφθακὼς
1205 2437 1302 2488 καὶ
1339 2438 1366 2488 ὁ
1410 2435 1607 2489 Ῥαοὺλ
1636 2437 1832 2490 καλού-

2017 2436 2143 2489 Post
2195 2437 2338 2491 hunc
2374 2438 2580 2506 primus
2611 2437 2831 2490 advenit
2869 2452 3052 2490 comes
3085 2439 3173 2506 qui
3228 2443 3527 2496 vocabatur

246 2544 412 2602 μενος
466 2527 644 2595 κόμης
675 2526 786 2594 (57)
826 2530 964 2595 μετὰ
1006 2527 1405 2580 πεντεκαίδεκα
1454 2527 1710 2597 χιλιάδων
1745 2530 1836 2580 ἱπο

243 2622 394 2673 πέων
428 2637 487 2672 τε
515 2618 609 2672 καὶ
635 2618 838 2682 πεζῶν,
873 2619 970 2670 καὶ
1002 2618 1145 2672 κατὰ
1189 2619 1288 2688 τὴν
1330 2620 1673 2689 Προποντίδα
1710 2622 1838 2690 περὶ

242 2713 342 2782 τὴν
371 2711 723 2780 καλουμένην
767 2709 934 2780 μονὴν
969 2709 1063 2761 τοῦ
1098 2709 1444 2781 πατριάρχου
1478 2710 1591 2780 (58)
1621 2710 1836 2780 σκηνώ-

245 2823 346 2869 σα;
402 2805 545 2874 μετὰ
595 2804 704 2856 τῶν
755 2804 846 2856 ὑπ’
883 2803 1048 2856 αὑτὸν
1101 2803 1385 2872 κομήτων,
1435 2804 1562 2866 τοὺς
1615 2804 1838 2868 λοιποὺς

247 2898 447 2967 μέχρις
475 2894 641 2947 αὐτοῦ
672 2893 974 2946 Σωσθενίου
1008 2892 1294 2946 κατέοετο.
1340 2893 1429 2954 Ὠς
1451 2893 1506 2945 δὲ
1545 2895 1639 2947 καὶ
1667 2894 1834 2957 αὐτὸς

244 2991 314 3042 τὰ
357 2987 504 3042 αὐτὰ
526 2987 604 3055 τῷ
629 2986 902 3057 Γοντοφρὲ
938 2985 1154 3056 φρονῶν
1187 2984 1511 3038 ἀνεϐάλλετο
1551 2986 1690 3049 τέως
1735 2987 1835 3058 τὴν

242 3083 354 3136 τῶν
392 3081 619 3135 ὄπισθεν
669 3081 984 3151 ἐρχομένων
1043 3080 1484 3149 ἀπεκδεχόμενος
1541 3081 1772 3133 ἐλευσιν.
1810 3081 1839 3132 ὁ

244 3175 507 3245 βασιλεὺς
540 3173 939 3244 στοχαζόμενος
971 3172 1066 3225 τοῦ
1123 3173 1430 3242 μέλλοντος,
1485 3174 1678 3226 ἐδεδίει
1730 3173 1830 3242 τὴν

239 3270 453 3323 τούτων
484 3267 693 3337 ἄφιξιν,
726 3267 823 3321 καὶ
855 3268 1038 3320 αὐτῶν
1071 3267 1169 3339 ὅλῃ
1205 3268 1348 3337 χειρὶ
1380 3267 1472 3319 καὶ
1503 3269 1700 3339 γνώμῃ
1727 3267 1827 3338 τὴν

240 3358 639 3426 διαπεραξωσιν
677 3357 1035 3412 ὲπέσπευδεν.
1099 3357 1458 3420 ’Λποστείλας
1507 3359 1689 3409 τοίνυν
1735 3358 1828 3410 τὸν

243 3443 421 3502 Ὦπον
468 3450 835 3519 μετεκαλεῖτο
858 3464 878 3482 ο
910 3448 1171 3517 εὐστενὴς
1201 3451 1247 3482 ⁵⁸
1281 3449 1340 3501 δὲ
1373 3442 1531 3512 οὗτος
1566 3449 1828 3518 φρονήσει

240 3543 334 3594 καὶ
389 3544 458 3611 τῇ
528 3543 658 3612 περὶ
711 3539 780 3594 τὰ
849 3540 1222 3611 στρατιωτικὰ
1279 3539 1544 3610 ἐμπειρίᾳ
1600 3540 1828 3608 μηδενὸς

240 3635 514 3687 ἀποδέων.
549 3635 658 3686 Καὶ
690 3633 880 3704 ἐπειδὴ
923 3635 1106 3704 παρῆν
1163 3631 1282 3702 μεθ’
1315 3634 1524 3701 ἐτέρων
1561 3633 1829 3698 γενναίων

238 3725 452 3796 ἀνδρῶν
515 3725 604 3778 διὰ
662 3726 761 3796 τῆς
819 3725 1052 3796 ἠπείρου
1111 3725 1247 3797 πρὸς
1301 3723 1465 3777 αὑτὸν
1521 3721 1827 3791 ἐξέπεμψε,

1942 2529 2076 2584 Ilat'tl
2107 2545 2227 2582 cum
2257 2533 2498 2599 equitum
2532 2531 2886 2598 peditumque
2914 2530 3155 2585 millibus
3179 2533 3311 2600 quin
3338 2535 3516 2592 lccitn.

1939 2622 2196 2677 Tetendit
2237 2623 2281 2677 is
2309 2640 2430 2676 cum
2466 2624 2598 2676 viris
2632 2625 2910 2692 primariis
2943 2625 3116 2692 ipsum
3163 2628 3518 2693 sequentibus

1938 2717 2004 2769 ad
2031 2714 2423 2784 Propontidem
2473 2715 2622 2769 circa
2687 2716 3078 2770 monasterium
3139 2717 3284 2784 quod
3319 2719 3522 2772 dicitur

1938 2806 2296 2876 patriarchae:
2325 2807 2510 2874 copias
2533 2817 2756 2862 caeteras
2786 2823 2955 2876 usque
2987 2809 3052 2860 ad
3081 2809 3254 2876 ipsom
3276 2802 3520 2866 'Sostlte-

1940 2898 2089 2952 nium
2145 2897 2506 2966 disposuerat.
2573 2897 2644 2952 Ut
2694 2907 2871 2952 autem
2931 2899 3032 2954 iste
3082 2901 3240 2954 simili
3294 2905 3520 2959 consilio

1939 3007 2062 3046 cum
2103 2990 2463 3044 Gottbofredo
2502 2989 2780 3044 differebat
2810 2991 2860 3044 in
2899 2991 3014 3046 dies
3055 2994 3383 3060 transitum,
3430 3013 3519 3052 se-

1939 3081 2219 3151 quentium
2271 3081 2552 3150 copiarum
2586 3081 2958 3151 comitumque
3004 3084 3296 3138 adventum
3351 3102 3520 3156 oppe-

1939 3178 2124 3238 riens,
2185 3175 2481 3237 imperator
2535 3174 2622 3227 cui
2685 3177 2876 3228 merito
2947 3187 3200 3246 suspecta
3254 3188 3371 3232 erat
3437 3189 3516 3234 tot

1937 3265 2271 3320 Gallicorum
2324 3263 2661 3318 exercituum
2734 3281 2901 3334 prOpe
2976 3266 3506 3338 ConstantinOpolim

1929 3357 2270 3425 coniunctio,
2315 3357 2624 3410 faciendum
2675 3357 2775 3411 sibi
2820 3359 3031 3425 putavit
3075 3370 3133 3413 ut
3186 3361 3329 3415 hunc
3372 3378 3511 3430 qut)-

1931 3463 2035 3516 que
2064 3448 2307 3517 quandiu
2347 3447 2496 3501 solus
2541 3457 2680 3509 erat,
2731 3448 3088 3504 transfretare
3117 3452 3265 3504 omni
3303 3455 3515 3508 ratione

1925 3549 2167 3610 cogeret.
2215 3538 2345 3592 Eam
2377 3541 2441 3591 ad
2483 3555 2590 3593 rem
2615 3539 2788 3607 Opum
2823 3542 3055 3594 accersit
3083 3541 3258 3595 virum
3296 3541 3516 3596 fortitu-

1927 3634 2076 3696 dine,
2115 3633 2400 3700 prudentia
2453 3641 2507 3685 et
2542 3633 2770 3686 scientia
2809 3634 2886 3686 rei
2938 3631 3145 3688 bellica:
3188 3635 3389 3688 nemini
3423 3651 3512 3691 se-

1927 3723 2198 3786 cundum;
2237 3721 2598 3791 adjuncloque
2637 3721 2712 3776 illi
2745 3721 3007 3777 comitatu
3041 3723 3235 3780 idoneo
3269 3724 3509 3779 virorum

1341 3815 1537 3880 Varias
1582 3815 1890 3878 lectiones
1921 3835 1994 3880 ex
2031 3815 2174 3879 cod.
2207 3814 2468 3877 Coislin.

307 3922 356 3953 “
388 3922 448 3974 εὖ
463 3921 680 3993 σθενὴς.

1317 4049 1458 4109 Car.
1504 4047 1830 4110 Dufresnii
1866 4051 1963 4112 Du
1998 4048 2224 4128 Cangii
2262 4054 2456 4110 notas.

307 4151 644 4231 (δηςᾯσςτε
673 4150 925 4231 ὁπόσας.
961 4148 1220 4202 Albertus
1250 4148 1354 4231 ᾼιι.
1403 4148 1499 4231 lib:
1559 4165 1620 4231 ll,
1679 4164 1800 4217 cap.

1941 4169 2023 4231 ton
2043 4152 2255 4231 videtur
2284 4163 2413 4231 vexo
2437 4149 2635 4231 simile.
2669 4147 2858 4231 Varios
2877 4166 2942 4207 eo
2968 4151 3087 4231 ipso
3109 4167 3226 4231 aevo
3249 4169 3504 4231 proceres

236 4218 355 4278 28‘:
398 4219 764 4294 Prontiserant
818 4221 951 4273 enim
1008 4227 1313 4294 jurantcnto
1361 4218 1500 4294 nihil
1536 4219 1598 4294 de
1644 4236 1797 4294 regno
1837 4218 1876 4231 “’“
1911 4218 2885 4294 ΙῖτιιΙιιιριιί,οιιιᾼΒ-οψιιιιὴῑωοιηὶιιθ,
2912 4218 3116 4291 quique
3144 4223 3195 4278 in
3222 4218 3282 4278 ea
3315 4227 3496 4294 priore

236 4293 596 4359 imperatoris,
625 4307 739 4366 non_
767 4300 1106 4366 castra,_non
1138 4290 1396 4366 vigilntes,
1449 4291 1644 4366 nisi};
1687 4290 1797 4366 ejus
1900 4289 2416 4366 expediti_one3_6_1
2446 4289 3499 4366 fue_run_t,memorantscriptoresmtque

235 4357 524 4423 voluntate,
580 4371 670 4432 aut
705 4360 1142 4432 dono_retincre:
1189 4357 1467 4432 thlbetn.
1515 4359 1798 4432 Malmesb.
1903 4357 2081 4432 ᾗῃΊιῖς
2129 4357 2472 4432 lta_tlnlp'ltum
2518 4364 2582 4432 tle
2626 4360 2995 4432 Balgentiaco,
3041 4357 3378 4432 Ratlulpltutn
3413 4357 3494 4421 'de

237 4433 331 4487 lib.
365 4448 438 4488 tv.
480 4434 544 4482 de.
575 4430 766 4483 Alexio
796 4449 808 4483 :
845 4429 1067 4482 Tantum
1102 4428 1290 4483 (ἔνατα
1323 4430 1578 4499 facundia
1612 4429 1798 4490 valuit,
1904 4430 3061 4500 Font:utis,RadulpltumGaer,Rodulpltum
3095 4428 3495 4495 Britannmn,ct

235 4515 288 4556 ut
330 4521 362 4555 a
395 4501 617 4570 singulis
650 4501 915 4554 hominum
948 4509 1336 4552 sacramentum
1365 4500 1613 4564 erigeret,
1663 4501 1802 4568 quod
1907 4501 2248 4567 Rodulphom
2278 4502 2342 4554 de
2363 4500 3003 4556 Claromonle.0ecurrit
3027 4517 3285 4570 praeterea
3329 4503 3489 4565 Rau],

235 4575 314 4628 illi
347 4572 478 4624 nihil
511 4571 636 4624 ntali
679 4571 1128 4632 ntachinrtrentnr,
1182 4571 1322 4640 quod
1374 4570 1523 4620 urbes
1575 4571 1798 4635 imperio
1915 4570 2664 4640 cognomenIollae/inlimis,
2716 4573 2806 4639 qtti
2844 4572 2895 4622 in
2932 4571 3121 4624 charta
3182 4588 3270 4625 an.
3332 4575 3491 4636 “00,

236 4661 330 4696 suo
385 4644 720 4702 appendices.
781 4641 826 4692 si
879 4643 1145 4708 acquirere
1193 4637 1426 4702 possent,
1496 4642 1802 4701 redderent,
1914 4637 2187 4696 Seniorem
2230 4637 2651 4708 Matttiscabiosi
2713 4637 2760 4693 et
2819 4641 3052 4692 aliarum
3113 4644 3323 4695 urbium
3375 4659 3494 4699 sese

235 4724 338 4767 etc.
374 4711 529 4765 Adde
579 4712 828 4764 eumdem
859 4707 1135 4762 Albertutn
1183 4711 1284 4771 At].
1323 4711 1413 4765 lib.
1440 4725 1502 4772 tt,
1544 4724 1659 4777 cap.
1706 4709 1804 4780 #178.
1917 4711 2186 4771 inscribit,
2223 4707 2440 4780 Βριζοῖ·γὶγὶ
2475 4709 2918 4780 Siciliaj_eotnitis
2948 4725 3011 4780 ex
3041 4711 3146 4764 lilia
3183 4711 3369 4765 Emtna
3399 4730 3492 4780 ge-

304 4784 418 4852 (55)
458 4781 763 4849 Χρήματα.
816 4780 1030 4852 Albert_.
1085 4779 1186 4848 Aq.
1244 4781 1339 4834 lib.
1400 4796 1458 4842 ll,
1512 4775 1633 4852 cap.
1700 4778 1804 4842 16;
1912 4798 2030 4842 ner,
2058 4775 2457 4852 apttdllghell.
2485 4787 2616 4831 tom.
2652 4777 2743 4832 Vll
2781 4778 2908 4852 Ital.
2958 4779 3162 4852 sacris.
3206 4796 3334 4852 pag.
3393 4775 3484 4848 Il,

235 4847 623 4908 Fnlt-Itenlib.
656 4868 692 4916 t,
725 4864 846 4913 cap.
876 4851 948 4919 «ις
988 4848 1116 4918 Tyr.
1155 4847 1244 4903 lib.
1281 4866 1340 4913 ll,
1365 4866 1484 4919 cap.
1517 4851 1569 4903 7.
1911 4852 2021 4916 42;
2053 4847 2362 4919 Rodulphns
2413 4847 2549 4902 alter
2590 4850 2914 4917 cognomine
2977 4850 3039 4919 de
3081 4847 3496 4910 Molitio'comes

306 4925 422 4993 (51))
450 4920 825 4993 Πελεκανόν.
876 4917 1053 4993 Locus
1087 4921 1138 4972 in
1175 4917 1449 4993 Bithynia,
1501 4920 1655 4993 cujus
1697 4935 1812 4993 me—

1941 4921 2199 4993 »rovincite
2228 4917 2639 4993 pittinianensis,
2681 4920 2893 4993 suban.
2931 4918 3091 4993 1990,
3135 4921 3274 4988 apud
3337 4940 3491 4978 eum-

236 4985 864 5054 minitCantasttzenus,
896 4991 989 5044 lib.
1029 5006 1092 5055 Il,
1121 5007 1244 5059 cap.
1276 4985 1328 5044 6'.
1370 4989 1504 5044 Vide
1547 4991 1668 5044 Alb.
1705 4992 1809 5061 Aq.
1912 4985 2034 5046 dem
2072 4989 2282 5057 llgltell.
2326 4997 2461 5042 tom.
2496 4985 2584 5046 Vl.
2617 5004 2739 5057 p-tg.
2784 4988 2909 5044 ωδ.
2975 4987 3090 5043 Utri
3151 4985 3342 5046 liorum
3393 4995 3500 5050 Ra-

236 5063 330 5118 lib.
371 5079 430 5125 II,
471 5078 593 5129 cap.
630 5062 716 5114 l7.
1917 5061 2154 5128 dulpbus
2187 5062 2426 5112 Annaeus
2457 5061 2767 5120 conveniat,
2806 5076 2911 5112 non
2943 5062 3113 5114 ausim
3147 5072 3414 5120 statuere.

304 5136 420 5204 (57)
468 5131 942 5204 'Pao-bladunc.
980 5131 1145 5184 Miror
1175 5135 1473 5204 scriptores
1529 5149 1812 5188 sacrarum

1976 5133 2103 5204 (58),
2140 5129 2353 5204 Μοῖὴγ
2382 5129 2488 5182 τοῦ
2516 5129 2906 5198 πατριάρχου.
2965 5129 3348 5204 illonasterium
3401 5152 3492 5204 pa-

235 5199 644 5273 cxpeditionmn
674 5203 893 5257 siluisse
925 5207 989 5256 de
1027 5203 1336 5270 ltadulpbo,
1379 5213 1431 5256 et
1482 5214 1590 5256 tam
1627 5220 1815 5259 nume-
1920 5199 2336 5274 triarcltarillud
2371 5214 2493 5253 esse
2526 5204 2859 5274 censuerim,
2911 5202 3056 5274 attod
3111 5203 3248 5274 alias
3311 5199 3492 5274 Satyri

237 5291 358 5330 roso
390 5274 512 5344 ejus
543 5274 812 5337 exercitu,
847 5289 1006 5342 quem
1048 5275 1324 5344 maritimo
1369 5275 1560 5328 itinere
1609 5275 1674 5327 ad
1712 5276 1816 5326 Do-

235 5343 494 5398 ntinicnm
535 5344 846 5409 sepulcrum
887 5353 1029 5397 recta
1095 5343 1466 5396 detlncendmn
1535 5345 1816 5398 curaverit

234 5416 476 5469 Alexius.
511 5415 669 5468 Certe
695 5425 880 5466 narrat
909 5413 1246 5483 Raimundus
1268 5414 1334 5468 de
1361 5415 1564 5480 Agiles,
1603 5433 1652 5483 p.
1694 5413 1813 5480 I79,

235 5487 439 5555 Anglos
499 5485 761 5551 quosdam
817 5494 1067 5550 percepta
1134 5481 1410 5555 Gallorum
1466 5481 1811 5555 expeditione

237 5552 756 5624 llierosolymitana,
806 5569 902 5622 per
936 5569 1086 5624 mare
1133 5552 1407 5607 Oceanum
1459 5564 1510 5607 et
1561 5553 1810 5624 Mediter-

237 5641 460 5679 raneum
491 5622 710 5692 portum
735 5623 1056 5684 Antiochiae,
1082 5633 1242 5691 atque
1279 5626 1559 5678 civitatem
1615 5622 1806 5676 Laodi-

236 5711 366 5760 ceae,
398 5704 691 5763 antequam
741 5705 929 5746 noster
958 5696 1231 5747 exercitus
1281 5702 1478 5748 terram
1528 5695 1652 5746 illut:
1709 5710 1802 5748 ve-

239 5765 399 5828 niret,
437 5764 710 5819 laboriose
738 5763 1059 5818 obtinuiSSe.
1116 5766 1180 5815 At.
1219 5767 1353 5831 Augl
1379 5785 1420 5816 is
1484 5766 1797 5816 Consumti-

241 5836 612 5904 nopolitanum
647 5842 882 5890 tractum
921 5834 1162 5904 attigisse
1219 5853 1281 5890 υτ
1345 5837 1554 5890 ltitttrl‘ls
1588 5838 1797 5889 ratione

1921 5273 2141 5336 dicitur,
2181 5271 2374 5341 inquo
2428 5269 2697 5338 sepultum
2749 5271 3084 5325 Staut‘atium
3135 5273 3264 5341 itnp.
3330 5269 3494 5329 tradit

1921 5343 2219 5396 Cedrenus.
2259 5340 2408 5395 llanc
2450 5355 2612 5407 porro
2649 5342 3065 5409 appellationem
3098 5340 3286 5408 postea
3323 5345 3490 5396 sorti-

1923 5422 2035 5466 tum
2069 5421 2152 5466 est
2179 5414 2244 5465 de
2275 5411 2495 5464 nomine
2528 5409 2585 5463 S.
2639 5409 2829 5480 Iguatii
2865 5412 3187 5480 patriarchae
3218 5413 3495 5465 Constan-

1923 5483 2290 5551 tinopolitani,
2329 5482 2420 5548 qui
2456 5489 2747 5551 antequam
2795 5484 2934 5536 hanc
2986 5483 3306 5549 dignitatem
3367 5484 3494 5536 ade-

1920 5550 2052 5622 ptus
2079 5563 2242 5616 esset,
2274 5553 2414 5622 ineo
2441 5550 2807 5619 Hegumenus,
2844 5551 3131 5622 setrabbas
3156 5551 3446 5622 exstiterat
3473 5567 3485 5600 :

1920 5619 1986 5674 ab
2022 5625 2113 5676 illo
2141 5625 2286 5675 enim
2331 5621 2718 5685 instauratum,
2755 5633 2810 5676 et
2847 5621 2908 5674 Ι).
2945 5619 3192 5674 Micltaeli
3220 5619 3488 5686 dicatum,

1917 5695 2152 5760 denique
2181 5693 2233 5744 in
2257 5691 2634 5761 eoiltumatum
2667 5691 2932 5761 lgnatium
2988 5691 3217 5761 produnt
3252 5687 3491 5761 _Nicetas

1916 5758 2192 5832 Paphlago
2227 5770 2283 5817 et
2325 5758 2553 5818 Michael
2611 5758 2895 5830 Syncellus
2946 5761 2998 5814 in
3056 5759 3199 5815 illius
3251 5759 3378 5817 \tila
3435 5771 3490 5818 et

1913 5833 2192 5888 Encomio.
