3974 6208
529 408 634 473 767
1806 406 2030 468 ΛΝΝᾸΞ
2058 406 2098 467 C

2121 404 2439 466 )MNENIE
3610 413 3690 476 ’158

528 519 753 576 fortium
826 521 1018 574 itinere
1072 518 1316 573 terrestri
1365 518 1431 571 ad
1496 524 1672 573 castra
1726 518 1914 574 Baulis
1946 519 2097 590 jubet

2126 518 2172 577 Α
2202 510 2751 583 παρακελευσάμενος
2806 511 3217 580 καταναγκάσαι
3258 513 3432 567 τούτου
3470 518 3554 589 τὴν
3599 524 3690 578 δια.

535 613 777 678 tendere,
811 623 1078 678 agereque
1115 619 1273 677 prout
1317 623 1403 665 res
1439 606 1607 665 ferret
1647 612 1824 666 modis
1851 611 2101 666 omnibus

2204 602 2526 672 περαίωσιν.
2576 603 2734 655 Ἐπεὶ
2795 601 2853 655 δὲ
2896 601 3084 657 τοῦτον
3148 602 3288 674 ἑώρα
3346 607 3418 678 τῷ
3473 609 3689 686 βασιλικῷ

531 714 593 757 ut
661 701 1058 771 quamprimum
1131 701 1178 755 is
1262 715 1392 757 suos
1443 715 1631 755 omnes
1689 701 1828 755 ultra
1894 700 2096 755 fretum

2207 693 2473 763 μηδαμῶς
2528 694 2824 749 ὑπείκοντα
2884 695 3284 765 προστάγματι,
3314 698 3422 753 ἀλλ’
3450 704 3692 774 ἀναισχυν.

529 792 713 846 volens
748 791 913 861 299
948 792 1203 847 nolensve
1246 794 1578 862 deportaret.
1619 794 1886 865 Expertus
1923 806 2098 851 tenta-

2201 786 2398 839 τοῦντα
2461 787 2557 839 καὶ
2623 786 2793 841 πολλὰ
2857 787 2999 841 κατὰ
3062 788 3153 841 τοῦ
3222 787 3473 858 βασιλέως
3531 812 3695 865 φρυατ-

530 883 726 936 mentis
765 883 954 948 primis
993 881 1142 953 Opus
1171 883 1449 939 Gallorum
1491 887 1703 942 animos
1743 887 1900 942 facile
1931 889 2099 943 sensit

2200 877 2451 948 τόμενον,
2473 879 2838 950 ὁπλισάμενος
2872 878 3231 950 παρετάξατο,
3258 883 3696 956 μορμολυττόμενος

528 973 841 1040 neutiquam
896 984 1115 1041 paratos
1175 976 1243 1030 ad
1287 977 1693 1046 obsequendum
1742 978 2097 1046 imperatori:

2202 970 2346 1040 τάχα
2376 971 2465 1025 τὸν
2499 971 2800 1043 βάρϐαρον,
2836 972 2932 1025 καὶ
2961 971 3051 1026 διὰ
3086 971 3243 1025 τοῦτο
3279 975 3507 1043 οἰόμενος
3534 977 3698 1031 πείσειν

529 1064 659 1132 quin
708 1064 869 1117 etiam
922 1065 1219 1121 insolentes
1270 1082 1454 1121 eorum
1495 1069 1548 1122 in
1587 1069 1759 1139 ipsum
1796 1071 1969 1124 minas
2005 1085 2098 1123 au-

2202 1062 2369 1116 αὐτὸν
2425 1064 2562 1133 πρὸς
2624 1065 2726 1136 τὴν
2784 1064 3022 1136 περαίαν
3079 1065 3516 1123 διαπλωῖσασθαι.
3577 1071 3626 1122 '0
3656 1073 3697 1125 δὲ

526 1152 647 1208 dire
676 1156 905 1223 amplius
943 1171 1050 1209 non
1093 1158 1369 1213 sustinens
1398 1160 1669 1228 expedivit
1696 1175 1846 1215 arma
1876 1178 1889 1213 :
1925 1162 2095 1230 magis

2202 1154 2397 1209 θᾶττον
2428 1154 2460 1226 ἢ
2500 1155 2663 1225 λόγος
2697 1156 2837 1226 μετὰ
2876 1157 2992 1210 τῶν
3044 1157 3309 1212 συνόντων
3340 1160 3481 1229 αὑτῷ
3524 1161 3699 1216 Κελτῶν

528 1242 617 1297 ille
652 1245 868 1314 quidem
898 1250 1201 1302 ostentandi
1234 1250 1415 1305 animo
1445 1267 1604 1320 quant
1651 1251 1915 1307 inferendi
1950 1254 2096 1309 belli.

2200 1248 2675 1318 παραταξάμενος,
2709 1250 2784 1312 ὡς
2804 1250 2940 1303 λέων
2981 1250 3154 1323 ἐχάρη
3182 1252 3396 1323 μεγάλῳ
3423 1252 3507 1306 ἐπὶ
3528 1254 3698 1323 σώματι

528 1335 635 1390 Sed
676 1338 834 1410 longe
860 1341 1111 1409 opinione
1150 1341 1315 1398 falsus
1345 1353 1430 1399 est
1458 1345 1551 1413 qui
1581 1360 1716 1399 vana
1750 1346 2096 1402 simulatione

2198 1339 2430 1409 κύρσας,
2461 1342 2557 1394 καὶ
2578 1340 2883 1412 τηνικαῦτα
2915 1343 3054 1412 μετὰ
3075 1342 3170 1396 τοῦ
3202 1344 3369 1397 Ὅπου
3409 1344 3563 1413 μέγαν
3588 1347 3702 1398 συνί-

524 1429 793 1485 inferendi
828 1433 996 1500 pra-lii
1033 1443 1298 1489 terrorem
1341 1436 1588 1492 incutere
1620 1452 1677 1493 se
1699 1453 1855 1508 posse
1886 1455 2093 1508 pugna-

2142 1486 2169 1495 ε
2200 1448 2360 1501 στησι
2413 1432 2670 1502 πόλεμον.
2732 1434 3072 1489 Καταλαϐὼν
3125 1435 3182 1489 δὲ
3238 1438 3331 1489 καὶ
3350 1437 3393 1469 ³⁸
3422 1439 3448 1490 ὁ
3475 1437 3701 1506 Πηγάσιος

523 1522 756 1575 cissimte
817 1524 963 1593 genti
1026 1526 1303 1581 credidit:
1352 1529 1538 1598 eisque
1585 1530 1649 1581 ad
1693 1541 1893 1584 metum
1942 1531 2092 1599 obje-

2198 1523 2507 1587 διαπόντιος
2541 1522 2631 1593 ἐφ’
2656 1519 2700 1594 ᾧ
2724 1525 2948 1590 τούτους
2976 1528 3267 1598 διαπερᾷν.
3291 1528 3398 1581 Καὶ
3421 1529 3700 1599 θεασάμενος

526 1612 726 1666 ctando
771 1629 892 1682 quae
941 1616 993 1669 in
1043 1618 1185 1671 voti‘s
1246 1619 1447 1672 habere
1509 1635 1573 1675 ac
1626 1636 1847 1690 sperare
1898 1624 2092 1689 solent,

2196 1614 2293 1685 τὴν
2345 1615 2491 1669 κατὰ
2536 1616 2633 1687 τὴν
2683 1619 2914 1690 ἧπειρον
2969 1621 3151 1693 μάχην
3198 1619 3289 1674 καὶ
3343 1621 3461 1685 τοὺς
3509 1621 3701 1684 Κελτοὺς

525 1703 839 1759 adacturum
874 1707 1058 1762 Gallos
1105 1709 1171 1763 ad
1208 1712 1581 1765 maturandam
1615 1713 1987 1780 trajeCtionem
2036 1729 2094 1769 se

2199 1706 2539 1779 ἰταμώτερον
2585 1708 2664 1779 τῷ
2712 1708 3011 1780 Ῥωμαϊκῷ
3070 1710 3438 1782 στρατεύματι
3481 1713 3704 1785 προσϐάλ-

525 1795 904 1853 arbitraretur.
940 1800 1075 1854 Rat'tl
1107 1799 1278 1870 Oputn
1317 1802 1561 1866 przelium
1592 1815 1872 1873 parantem
1908 1807 2094 1863 videns

2193 1796 2405 1863 λοντας,
2441 1798 2550 1852 τῶν
2595 1799 2740 1870 νηῶν
2795 1801 3157 1869 ἐξεληλυθὼς,
3210 1802 3267 1868 ἐξ
3296 1803 3539 1857 ὀπισθίων
3563 1820 3699 1873 προσ·

521 1885 718 1952 gaudet
765 1894 821 1939 nt
889 1887 1068 1944 oblata
1117 1892 1295 1958 magni
1359 1892 1445 1948 leo
1486 1895 1728 1963 corporis
1772 1910 1939 1964 esca;
1993 1913 2090 1954 nec

2129 1905 2168 1961 Β
2198 1889 2384 1943 ϐάλλει
2434 1890 2529 1944 καὶ
2563 1892 2724 1954 αὐτὸς
2751 1895 2863 1956 τοῖς
2888 1895 3137 1958 Κελτοῖς.
3178 1894 3536 1965 ’Δναιροῦνται
3557 1895 3698 1948 τοίνυν

522 1987 674 2026 mora
719 1974 825 2028 ulla
890 1977 1035 2033 dicto
1069 1982 1230 2036 citius
1270 1997 1399 2039 suos
1440 1985 1491 2039 in
1521 1990 1811 2042 adversum
1856 1989 2091 2057 instruit,

2197 1981 2503 2053 τηνικαῦτα
2551 1984 2772 2037 πολλοί·
2826 1985 3073 2040 πλεῖστοι
3111 1987 3173 2040 δὲ
3222 1989 3315 2041 καὶ
3344 1986 3703 2058 τιτρώσκονται,

517 2059 683 2130 inque
755 2064 928 2132 Opum
983 2069 1255 2124 invehitur
1326 2073 1527 2143 impetu
1593 2078 2086 2134 vehementissimo.

2199 2073 2296 2127 καὶ
2343 2073 2518 2139 οὕτως
2564 2076 2614 2129 cl
2654 2076 2925 2141 σωθέντες
2962 2077 3365 2132 ἀνακαλοῦνται
3414 2078 3505 2147 τὴν
3553 2078 3708 2130 διαπε-

516 2153 682 2208 Furte
726 2157 1022 2215 advenerat
1053 2162 1240 2215 eodem
1287 2179 1382 2232 per
1421 2180 1573 2220 oram
1610 2169 1779 2224 maris
1834 2171 2085 2240 Pegasint

2201 2166 2450 2236 ραίωσιν.
2493 2169 2554 2221 '0
2580 2168 2638 2221 δὲ
2672 2168 2932 2238 βασιλεὺς
2977 2169 3423 2240 μηχανικώτατος
3469 2169 3536 2222 ὢν
3577 2170 3707 2238 ἀνὴρ,

518 2256 739 2302 evectus
763 2264 889 2303 cum
918 2252 1145 2307 navibus
1176 2252 1365 2310 Rat'tlis
1387 2256 1596 2327 copias,
1626 2262 1669 2314 si
1703 2260 1752 2314 ei
1780 2265 2087 2330 persuaderi

2199 2259 2539 2330 σκεψάμενος
2597 2262 2672 2331 μὴ
2726 2261 2803 2330 τῷ
2869 2261 3147 2332 Γοντοφρὲ
3202 2261 3485 2325 ὲνωθέντες
3525 2262 3607 2315 καὶ
3655 2261 3708 2313 τὰ

516 2339 776 2408 trajectio
818 2352 1024 2411 posset,
1070 2346 1124 2400 in
1174 2348 1358 2401 Asiam
1385 2357 1858 2421 transportaturis.
1907 2355 2009 2411 Hic
2061 2372 2085 2412 e

2202 2351 2491 2420 συμϐάντα
2520 2352 2735 2415 τούτοις
2765 2352 3222 2423 ἀφηγησάμενοι,
3251 2351 3434 2405 τοῦτον
3481 2352 3590 2406 κατ’
3629 2349 3709 2402 αύ-

517 2432 653 2484 mari
696 2434 1010 2500 speculatus
1058 2437 1344 2492 littoraletn
1387 2457 1620 2513 pugnam
1648 2480 1664 2507 ,
1700 2445 1943 2515 satisque
1972 2446 2086 2501 visu

2198 2442 2294 2495 τοῦ
2322 2444 2634 2515 ὲρεθίσωσι,
2668 2444 2769 2513 τὴν
2796 2445 3018 2514 αίτησιν
3071 2443 3284 2497 τούτων
3328 2444 3559 2514 ἀσμένως
3583 2440 3711 2505 δεξά·

515 2520 636 2590 ipso
671 2524 952 2580 aestimans
993 2526 1135 2582 baud
1187 2545 1343 2597 pares
1385 2534 1452 2587 ad
1488 2546 1787 2590 extremum
1816 2538 2084 2595 Romanos

2203 2551 2385 2604 μενος,
2422 2538 2480 2587 ὲν
2529 2534 2738 2594 πλοίοις
2784 2535 3008 2600 τούτους
3041 2535 3248 2606 ἐνίησι,
3286 2536 3377 2590 καὶ
3423 2534 3711 2597 διαποντίους

516 2610 633 2664 fore
672 2614 853 2668 ardori
900 2615 1320 2687 ﬂagrantissimo
1355 2638 1461 2691 quo
1501 2640 1663 2681 ruere
1715 2628 1766 2681 in
1803 2643 1897 2684 eos
1949 2628 2085 2686 Galli

2202 2625 2336 2695 πρὸς
2361 2627 2450 2678 τὸν
2500 2626 2594 2679 τοῦ
2626 2627 2880 2697 Σωτῆρος
2906 2628 3077 2696 τάφον
3126 2627 3425 2698 ἐκπέμπει,
3470 2626 3613 2680 τοῦτο
3637 2624 3711 2677 καὶ

513 2703 625 2772 jam
652 2718 934 2776 ceperant,
985 2712 1193 2767 otiosus
1221 2715 1372 2770 testis
1403 2717 1573 2773 cladis
1603 2733 1822 2775 suorum
1852 2739 1972 2778 esse
1996 2739 2082 2779 no-

2195 2720 2379 2774 αὐτῶν
2440 2719 2912 2791 ὲξαιτησαμένων.
2958 2720 3314 2775 ’Δποστέλλει
3367 2720 3423 2774 δὲ
3479 2716 3711 2788 καὶπρὸς

516 2794 635 2851 luit.
693 2798 1061 2857 Exscensione
1124 2805 1289 2874 igitur
1341 2818 1565 2878 repente
1628 2810 1773 2867 facta
1826 2813 2011 2870 Gallos
2063 2830 2085 2870 a

2193 2810 2321 2872 τοὺς
2348 2811 2740 2880 ἐλπιζομένους
2793 2814 3045 2882 κόμητας
3079 2814 3181 2866 καὶ
3213 2812 3588 2884 φιλοφροσύνης
3621 2826 3708 2880 μη·

515 2895 667 2976 tergo
713 2888 937 2946 invadit.
993 2892 1183 2950 Caedes
1245 2898 1373 2954 hinc
1433 2900 1771 2971 multorum,
1832 2904 2084 2976 longeque

2196 2902 2309 2955 νύει
2337 2903 2830 2974 ρήματα,χρηστὰς
2858 2906 3045 2968 αὐτοῖς
3075 2905 3303 2970 ἐλπίδας
3326 2904 3506 2968 διδούς.
3536 2901 3594 2957 Οἳ
3634 2899 3709 2954 καὶ

516 2974 746 3043 plurium
786 2980 1028 3037 vulnera.
1062 2983 1270 3049 Quibus
1314 2988 1476 3043 rebus
1544 2988 1716 3044 fracta
1753 2974 2085 3047 contumacia

2195 2994 2598 3058 καταλαϐόντες
2650 2998 2759 3050 πᾶν
2825 2997 2886 3049 τὸ
2939 2996 3416 3068 προσταττόμενον
3466 2991 3713 3066 προθύμως

513 3071 864 3137 superstitum
897 3071 1174 3130 Gallorum
1214 3078 1279 3132 ad
1316 3079 1688 3149 trajectionetu
1722 3081 1867 3138 ultro
1897 3092 2090 3152 peten-
2198 3086 2492 3157 ἐπλήρουν.

512 3164 637 3217 dum
672 3164 918 3220 inclinari
956 3182 1077 3222 sese
1108 3183 1265 3236 passa
1294 3179 1398 3225 est.
1432 3173 1843 3243 Atimperator,
1911 3191 2010 3246 pro
2070 3194 2166 3233 sua
2205 3181 2672 3250 perspicacissima
2740 3181 3024 3251 prudentia
3055 3223 3072 3248 ,
3139 3181 3325 3238 statim
3396 3176 3717 3235 animadverso

513 3272 653 3313 πονο
679 3259 948 3326 periculo,
988 3261 1034 3315 si
1063 3264 1336 3317 exercitus
1364 3264 1444 3319 sic
1476 3264 1722 3321 irritatus
1751 3267 1940 3323 eadem
1976 3270 2084 3335 via,
2130 3287 2235 3341 qua
2273 3271 2668 3327 Gottbofrcdus
2695 3273 2854 3342 paulo
2882 3282 3007 3328 ante
3036 3283 3415 3343 praecesserat,
3470 3271 3541 3326 ire
3598 3268 3716 3323 sine-

509 3362 663 3406 retur
719 3354 869 3423 (binc
924 3355 1069 3409 enim
1127 3365 1244 3410 erat
1295 3357 1626 3427 verisimile,
1664 3358 1851 3416 Rat'tlis
1893 3363 2094 3420 milites
2166 3379 2289 3419 mox
2359 3374 2707 3422 assecuturos
2739 3364 3246 3433 Gotthofredianos,
3279 3368 3576 3437 impleturus
3602 3362 3718 3432 ipso:

512 3447 747 3516 querelis
775 3451 1039 3503 adversus
1070 3447 1393 3506 Romanos:
1429 3450 1692 3521 facileque
1718 3468 2075 3524 persuasuros
2122 3467 2179 3512 ut
2220 3456 2536 3527 conjunctis
2587 3458 2828 3512 consiliis
2867 3469 2923 3513 et
2989 3460 3202 3517 viribus
3252 3460 3500 3516 ultionem
3558 3455 3616 3509 de
3662 3452 3715 3506 iis

510 3540 850 3609 sumerent),
880 3541 1131 3611 petitioni
1179 3543 1396 3610 quidem
1486 3541 1818 3612 perlibenter
1869 3548 2105 3602 annuit:
2170 3556 2427 3603 caeterum
2503 3548 2957 3618 compendiosiori
3014 3550 3477 3621 commodiorique
3518 3545 3629 3616 ipsis
3667 3557 3715 3599 se

510 3635 633 3689 illos
664 3648 770 3701 quo
803 3632 1089 3688 tenderent
1124 3632 1477 3687 deducturum
1526 3632 1608 3687 via
1655 3634 1935 3702 promens,
1974 3634 2255 3706 impositos
2296 3637 2349 3691 in
2379 3650 2548 3693 naves
2575 3636 2771 3693 itinere
2838 3639 3108 3695 maritimo
3179 3641 3249 3696 ad
3317 3641 3513 3697 Domini
3569 3636 3716 3708 sepul-

511 3741 665 3782 crum
697 3724 843 3779 misit
869 3742 883 3779 :
916 3724 968 3780 id
997 3724 1126 3794 ipsis
1148 3738 1480 3796 magtmpere
1511 3722 1839 3781 volentibus.

581 3820 756 3888 Atque
789 3818 1054 3873 hactenus
1083 3818 1150 3872 de
1181 3818 1380 3872 comite
1409 3816 1600 3874 ﬂatile.
1630 3815 1802 3872 Porro
1845 3832 2079 3888 sequen-
2108 3822 2150 3881 C

2146 3826 2151 3880 ι
2256 3815 2499 3872 Τοιαῦτα
2530 3816 2628 3886 μὲν
2649 3815 2744 3870 οὖν
2772 3818 2842 3872 τά
2866 3817 2912 3849 ⁸⁸
2941 3817 3037 3870 τοῦ
3075 3818 3322 3890 κόμητος
3362 3816 3557 3871 Ῥαούλ.
3594 3816 3715 3867 Ἀνα-

513 3910 658 3966 tibus
692 3911 865 3977 ipsum
900 3909 1116 3963 infinito
1138 3923 1279 3978 pene
1304 3923 1538 3963 numero
1566 3909 1806 3976 regibus,
1831 3910 2082 3975 ducibus,

2196 3908 2470 3982 ριθμήτου
2502 3907 2557 3961 δὲ
2584 3910 2679 3961 καὶ
2710 3909 2901 3981 ἐτέρου
2933 3908 3175 3980 πλήθους
3210 3909 3431 3963 ὄπισθεν
3458 3904 3708 3979 ἐρχομένου

511 4001 825 4062 comitibus,
863 4000 1103 4070 ipsisque
1148 4000 1284 4054 adeo
1311 3999 1605 4069 episcopis,
1651 4015 1777 4055 cum
1809 4000 1964 4070 longe
2002 4000 2080 4054 in-

2195 4001 2508 4073 συμμίγδην
2547 4001 2607 4066 ἐξ
2656 4001 2884 4053 ἁπασῶν
2939 4002 3143 4072 μικροῦ
3199 4003 3309 4055 τῶν
3350 3999 3608 4073 Κελτικῶν
3626 4011 3712 4065 χω-

512 4092 1013 4148 numerabilissima
1043 4091 1393 4146 multitudine
1418 4106 1487 4147 ex
1520 4090 1744 4146 Gallicis
1776 4092 1946 4147 ferme
1970 4108 2081 4146 orn-

2194 4093 2303 4165 ρῶν
2354 4092 2789 4161 συνειλεγμένων
2840 4093 2978 4163 μετὰ
3027 4092 3139 4147 τῶν
3203 4094 3513 4161 ἀγαγόντων
3554 4085 3712 4146 αὐτοὺς

510 4181 674 4237 nibus
699 4180 995 4250 provinciis
1017 4188 1070 4234 et
1094 4180 1404 4249 regionibus
1421 4181 1669 4244 collecta,
1698 4182 1848 4235 misit
1873 4181 2079 4235 obviam

2192 4186 2499 4255 ἡγεμόνων,
2558 4185 2744 4255 ρηγῶν
2772 4183 2883 4256 (59)
2931 4200 3014 4250 τε,
3052 4185 3147 4238 καὶ
3184 4185 3411 4248 δουκῶν,
3466 4183 3549 4236 καὶ
3574 4177 3712 4247 κομή-

511 4289 641 4330 suos
678 4274 974 4340 imperator
997 4287 1121 4325 cum
1156 4271 1353 4337 litteris
1385 4270 1803 4325 olliciosissimis
1848 4269 2023 4324 fausta
2052 4287 2080 4324 a

2192 4294 2322 4341 των,
2351 4277 2446 4330 καὶ
2484 4276 2663 4331 αὐτῶν
2701 4278 3035 4342 ἐπισκόπων,
3068 4277 3410 4331 ἀποστέλλων
3439 4276 3466 4328 ό
3491 4266 3712 4338 αὐτοκρά-

512 4380 572 4421 se
609 4365 957 4433 benignaque
988 4362 1173 4417 omnia
1202 4377 1423 4432 sperare
1447 4362 1596 4432 ipsos
1614 4359 1952 4431 iubentibus.
1977 4361 2081 4418 Nec

2193 4385 2329 4439 τωρ,
2362 4369 2703 4439 φιλοφρόνως
2751 4369 2949 4432 αὐτοὺς
2982 4369 3304 4439 ὑπεδέχετο,
3334 4370 3427 4421 καὶ
3462 4357 3713 4419 ἐπιεικείας

509 4456 752 4530 vulgaris
804 4457 913 4511 ista
957 4454 1226 4525 sapientia
1269 4452 1368 4508 fuit
1410 4452 1841 4524 praeoccupantis
1891 4453 2078 4508 inﬁdos

2191 4460 2468 4529 ἐξέπεμπε
2513 4459 2702 4528 λόγους
2750 4462 2934 4525 ὁποῖος
2991 4462 3197 4523 ἐκεῖνος
3246 4460 3415 4522 δεινὸς
3461 4455 3516 4509 τὸ
3557 4450 3712 4523 μέλλον

509 4551 743 4614 animos,
772 4557 827 4603 et
858 4548 1002 4603 ultro
1029 4555 1413 4617 reprazsentata
1437 4545 1767 4602 liberalitate
1804 4544 2078 4616 pellicien-

2193 4552 2697 4623 προμηθεύσασθαι,
2722 4554 2815 4606 καὶ
2842 4552 3195 4624 προαρπάσαι
3223 4553 3284 4607 τὺ
3309 4541 3714 4622 συμφέρον.Ἐπι-

512 4644 583 4699 tis
612 4643 760 4712 ipsos
794 4640 1038 4696 suaviter
1068 4639 1136 4695 ad
1185 4653 1394 4694 morem
1428 4639 1532 4694 sibi
1578 4639 1902 4708 gerendum.
1944 4637 2080 4692 Nam

2189 4646 2423 4715 σκήπτει
2453 4644 2510 4698 δὲ
2540 4648 2633 4699 καὶ
2658 4644 2727 4699 τὰ
2756 4644 2982 4717 ζωαρκῆ
3030 4645 3243 4708 τούτοις
3290 4642 3591 4714 ἐρχομένοις
3619 4636 3714 4687 ἐπι·

511 4735 617 4790 boc
642 4735 710 4789 ab
744 4734 875 4804 ipsis
911 4732 1002 4788 tali
1056 4731 1216 4788 modo
1255 4731 1499 4787 delinitis
1540 4732 1631 4787 ubi
1681 4731 2080 4787 Constantino-

2186 4738 2444 4807 χορηγεῖν
2469 4738 2582 4799 τοῖς
2610 4736 2700 4790 ἐπ’
2741 4736 2894 4808 αύτῷ
2937 4736 3112 4806 τούτῳ
3156 4733 3530 4803 τεταγμένοις,
3557 4727 3625 4789 ὡς
3658 4721 3714 4790 μὴ

510 4826 675 4897 polim
704 4841 1023 4895 pervenere,
1055 4826 1349 4896 imperator
1396 4824 1594 4880 deinde
1642 4824 1900 4879 omnibus
1945 4823 2079 4878 obti-

2185 4827 2361 4900 λαϐὴν
2395 4830 2594 4893 αὐτοὺς
2634 4830 2694 4883 τδ
2730 4829 2999 4901 παράπαν
3034 4828 3330 4898 ἐσχηκέναι
3368 4824 3487 4893 μηδ’
3526 4820 3577 4884 ἐξ
3622 4813 3715 4870 οἵας

513 4919 655 4973 nuit.
688 4919 802 4975 Nec
842 4918 1017 4973 cilicia
1064 4919 1181 4974 sola
1213 4919 1501 4973 verborum
1533 4925 1709 4971 erant.
1743 4915 1879 4970 Nam
1927 4914 2082 4971 simul

2189 4914 2283 4973 οὖν
2304 4919 2507 4984 αἰτίας.
2539 4922 2603 4974 Οἱ
2632 4919 2688 4974 δὲ
2725 4920 2862 4991 πρὸς
2902 4921 3001 4990 τὴν
3036 4918 3400 4990 μεγαλόπολιν
3428 4911 3712 4985 ἠπείγοντο·

511 5009 902 5078 dabatoperam
925 5026 991 5065 ex
1007 5024 1114 5079 quo
1136 5025 1236 5080 per
1255 5018 1426 5063 terras
1444 5008 1674 5077 imperio
1695 5007 1964 5075 subiectas
1975 5006 2080 5061 Gal

2190 5011 2332 5080 τάχα
2375 5011 2431 5063 δὲ
2481 5009 2604 5065 εἶπέ
2633 5030 2717 5076 τις
2750 4990 2981 5083 ούρανοῦ
3012 5011 3250 5082 ἀστέρας
3280 5006 3421 5061 εἶναι
3453 5002 3653 5057 τούτους
3682 4990 3707 5058 ἢ

512 5100 599 5156 lici
626 5101 900 5157 exercitus
928 5103 1198 5158 habebant
1219 5084 1600 5172 iter,ut'ampla
1624 5100 1754 5169 ipsis
1780 5098 2081 5169 ubicunque

2137 5100 2164 5155 3
2191 5101 2419 5172 ψάμμον
2440 5105 2595 5175 παρὰ
2623 5104 2699 5176 τῷ
2723 5105 2890 5176 χείλει
2911 5105 3011 5176 τῆς
3041 5104 3317 5174 θαλάσσης
3347 5089 3706 5167 ἐκκεχυμένην’

1618 5213 1815 5276 Varias
1843 5212 2150 5278 lectiones
2174 5232 2254 5278 ex
2278 5217 2421 5279 cod.
2455 5217 2714 5279 Coislin.

581 5317 627 5351 "
658 5315 818 5372 Deest
853 5318 1042 5372 vocula
1069 5317 1182 5372 καί.
1257 5319 1304 5351 ⁸⁸
1329 5318 1424 5373 καὶ
1441 5317 1528 5373 τά.

1588 5430 1727 5492 Car.
1756 5428 2085 5491 Dufresnii
2118 5431 2218 5491 Du
2251 5429 2472 5509 Cangii
2506 5436 2696 5491 notae.

593 5556 711 5630 (59)
753 5553 1011 5630 ξΡηγπῶν.
1049 5554 1211 5630 Atqui
1247 5568 1399 5630 reges
1424 5555 1607 5630 nullos
1644 5570 1718 5630 ea
1763 5560 2084 5623 tempestate
2191 5562 2374 5630 Dama:
2406 5568 2609 5630 regem,
2639 5552 3040 5630 qui_circa.ea‘_
3068 5560 3308 5619 tempora
3356 5537 3702 5630 anstattt'ittqz

517 5608 1070 5699 llierosolvm'i'tanum
1097 5608 1398 5699 arripuisse
1423 5608 1784 5699 iterlegimus
1808 5638 1844 5699 ;_
1876 5608 2080 5699 'regum
2190 5608 2625 5699 ppliimiper‘veni't
2648 5608 2894 5699 indeque
2919 5621 2970 5675 in
3001 5608 3233 5699 Cyprum
3272 5614 3516 5699 appulit.

513 5676 1083 5765 iEid'tit'iuﬂiiilidt,
1138 5676 1402 5757 Francius,
1426 5676 2080 5765 anglitgrDaniatrunisi
2187 5676 2478 5765 vitta—dicm,
2494 5676 2689 5765 clausit
2714 5676 3143 5760 exfremumfdti
3171 5676 3359 5745 narrat
3388 5683 3523 5741 Saxo
3549 5676 3707 5734 Gram-

516 5768 789 5837 Edgarnm
816 5761 1133 5835 Adelingum
1164 5779 1323 5834 quem
1370 5764 1424 5837 in
1473 5761 1651 5837 regem
1707 5761 2079 5837 Angligele-
2187 5765 2439 5835 maticus,
2466 5762 2567 5819 lib.
2606 5777 2705 5818 xu

519 5831 665 5893 ctu'm
695 5836 770 5892 ait
799 5831 1115 5905 Orderic'us,
1149 5831 1242 5893 lib.
1282 5849 1333 5904 v,
1380 5831 1668 5904 intelligat,
1720 5831 1813 5887 aut
1863 5831 2076 5888 Ericum
