3974 6208
327 344 394 404 'i'i
1526 331 1938 396 ALEXIADIS
1983 331 2133 392 LIB.
2178 329 2254 390 Χ.
3417 327 3524 389 778

286 453 315 506 ὁ
335 451 446 520 γὰρ
477 446 651 510 δεινὸς
678 445 787 517 (68)
817 444 1149 516 Βαῖμοῦντος
1177 443 1284 495 τῶν
1306 442 1406 513 μὲν
1435 441 1582 510 ὅψων
1611 442 1673 494 οὐ
1702 440 1856 511 μόνον

1964 452 2325 503 munt-erum
2389 437 2430 488 ’ἱ
2477 421 2586 490 Ῐιαιε
2637 435 2730 488 tibi
2780 434 2914 503 forte
2966 434 3095 488 alibi
3127 433 3348 498 nutrito,
3375 433 3531 489 aliter

287 539 700 609 ἀπογεύσασθαι
746 539 883 601 ὅλως
915 578 930 604 ,
980 537 1096 592 ἀλλ’
1155 537 1266 590 οὐδ’
1326 536 1520 607 ἄκροις
1568 534 1856 600 δακτύλοις

1964 537 2198 593 assueto,
2228 528 2400 582 minus
2443 529 2739 594 arriserint,
2793 544 2856 582 en
2903 544 3050 583 escas
3097 529 3326 582 incoctas
3356 526 3531 580 adhuc

289 631 639 702 προσψαῠσαι
693 629 974 698 ἠνέσχετο,
1025 627 1140 681 ἀλλ’
1196 624 1460 679 άπώσατό
1481 641 1540 678 τε
1571 624 1735 684 εὐθὺς
1763 624 1855 674 καὶ

1964 637 2078 691 qua:
2109 633 2258 688 prout
2287 621 2513 691 jusseris
2533 621 2724 691 tibique
2754 622 2989 689 sapuerit
3019 621 3227 674 condiri
3249 618 3530 688 pararique

291 723 482 793 μηδενὶ
514 723 582 774 τὰ
601 723 696 792 τῆς
734 719 1160 792 ὑποδραμούσης
1189 720 1352 772 αὑτὸν
1385 717 1647 779 ὑπονοίας
1686 716 1856 786 ἐνφή-

286 833 379 876 νας
397 815 565 876 "eoi;
588 813 905 884 παρεστῶσι
929 812 1105 866 πάντα
1136 811 1393 880 διένειμε,
1424 809 1502 878 τῷ
1538 809 1638 876 μὲν
1673 825 1856 878 φαινο-

291 906 436 974 μένῳ
487 900 930 972 φιλοςρονείσθαι
955 900 1179 962 τούτους
1225 900 1677 969 ὑποκρινόμενος,
1706 901 1772 968 τῇ
1801 898 1857 948 δ’

285 995 536 1066 ἀληθείᾳ,
573 994 626 1046 εἴ
666 1011 749 1056 τις
781 993 967 1054 καλῶς
1030 991 1285 1061 σκοποίη,
1336 990 1572 1042 θανάτου
1600 989 1855 1060 κρατῆρα

287 1089 527 1157 κεράσας
552 1086 759 1146 αὐτοῖς.
785 1084 920 1136 Οὐδὲ
942 1082 1031 1135 τὸν
1049 1082 1202 1135 δόλον
1224 1082 1567 1150 ἐπέκρυπτε,
1602 1079 1856 1134 τοσοῦτον

288 1177 774 1245 καταίρρονητικῶς
810 1191 873 1226 πε
886 1174 939 1242 ρὶ
970 1175 1093 1235 τοὺς
1117 1173 1208 1224 ὑπ’
1243 1173 1285 1204 ⁶’
1310 1170 1471 1223 αὐτὸν
1495 1170 1748 1226 διέκειτο.
1775 1168 1857 1221 Τὰ

291 1271 387 1340 μὲν
435 1265 562 1334 ὠμὰ
613 1269 822 1335 κρέατα
875 1266 1017 1318 κατὰ
1073 1265 1134 1316 τὸ
1183 1262 1305 1325 ἔθος
1333 1265 1433 1332 τῆς
1477 1261 1858 1332 ἐνεγκαμένης

287 1364 396 1422 τοῖς
443 1359 595 1420 ἰδίοις
655 1359 933 1428 ὀψοποιοῖς
985 1358 1401 1412 κατασκευάσαι
1454 1354 1744 1406 ἐπέταττε.
1776 1354 1856 1423 Τῇ

291 1455 406 1522 μετ’
440 1451 612 1520 αὐτὴν
631 1451 686 1502 δέ
715 1451 839 1512 τοὺς
862 1450 967 1518 δψα
990 1450 1035 1484 ⁸⁸
1061 1450 1244 1501 ἐκεῖνα
1277 1447 1600 1516 ἐδηδοκότας
1624 1445 1861 1506 ἐπυνθά-

286 1564 407 1600 νετο
443 1548 592 1608 ὅπως
639 1543 839 1606 αὐτοὺς
880 1542 1138 1596 διέθεντο.
1170 1541 1291 1595 Τῶν
1327 1541 1384 1594 δὲ
1416 1540 1510 1593 καί
1527 1539 1646 1592 λίαν
1681 1538 1862 1601 καλῶς

207 1617 232 1645 λ
287 1638 606 1708 εἰρηκότων,
637 1635 713 1700 ὡς
745 1635 879 1705 μηδέ
909 1635 1005 1705 τῆς
1026 1634 1297 1704 τυχούσης
1325 1632 1609 1686 αἰσθέσθαι
1632 1630 1858 1702 βλάϐης,

289 1727 645 1795 ἀποκαλύψας
689 1727 873 1788 αὐτοῖς
905 1729 967 1776 τὸ
1013 1717 1326 1792 ἀπόρρητον
1373 1722 1507 1791 ἔφη’
1565 1720 1653 1781 Ὠς
1682 1719 1858 1786 ἔγωγε

1963 728 1994 766 a
2025 714 2212 781 quibus
2244 712 2382 767 coles
2409 722 2673 780 poterunt.
2718 712 2774 767 Id
2812 712 2891 768 sic
2925 713 3216 782 imperator
3249 709 3532 766 constituit

1963 821 2060 874 pro
2092 820 2188 858 sua
2223 805 2526 860 incredibili
2565 805 2966 860 tractandorum
2996 803 3275 859 hominum
3310 801 3526 871 peritia.

1962 894 2096 950 Cum
2139 897 2305 959 enim,
2341 907 2396 948 ut
2427 897 2638 951 solebat
2682 913 2749 950 ex
2788 896 2938 950 vultu
2974 910 3037 950 ac
3071 905 3202 951 nutu
3249 904 3535 964 penetrare

1968 989 2019 1041 iu
2045 1003 2244 1042 arcara
2276 992 2560 1054 mentium,
2592 988 2748 1042 facile
2775 989 3130 1059 comperisset
3176 988 3533 1044 Baimundum

1965 1081 2180 1150 ingenio
2224 1096 2346 1135 esse
2381 1088 2562 1135 astuto
2615 1095 2678 1136 ac
2708 1080 2996 1149 suSpicaci,
3033 1081 3267 1150 providit
3302 1081 3418 1134 fore
3452 1091 3536 1147 ut,

1964 1173 2007 1227 si
2053 1173 2100 1227 ei
2158 1182 2560 1242 apponerentur
2609 1185 2640 1224 a
2695 1171 2964 1226 ministris
3011 1172 3354 1242 imperatoris
3402 1171 3530 1227 olim

1965 1266 2137 1320 hostis
2165 1264 2272 1318 cibi
2298 1264 2461 1327 cocti,
2494 1272 2639 1317 metu
2681 1264 2913 1334 inspersi
2943 1272 3037 1317 aut
3077 1265 3294 1318 admisti
3337 1267 3535 1319 veneni

1967 1367 2251 1425 concepto,
2299 1356 2366 1410 iis
2421 1356 2562 1410 vesci
2621 1365 2990 1412 cunctaretur.
3020 1355 3130 1410 Nec
3181 1357 3374 1412 fefellit
3409 1371 3534 1412 eum

1969 1463 2068 1501 sua
2098 1444 2442 1512 conjectura;
2495 1444 2835 1499 Baimuudus
2873 1446 3019 1500 enim
3058 1460 3125 1500 ne
3158 1450 3384 1503 summis
3412 1449 3538 1518 qui-

1965 1539 2087 1593 dem
2121 1537 2299 1606 digitis
2324 1536 2669 1605 fcontingere,
2715 1536 2912 1591 nedum
2987 1545 3229 1606 gustare.
3270 1539 3534 1594 sustinuit

1967 1637 2186 1700 paratos
2217 1629 2404 1693 cibos;
2439 1627 2842 1682 obtexittamen
2866 1627 3231 1696 suspicionem
3257 1639 3534 1687 ostentata

1968 1720 2311 1776 liberalitatis
2365 1719 2581 1787 specie;
2630 1733 2754 1772 nam
2806 1717 3147 1780 simulatione
3191 1721 3535 1789 gratificandi

294 1810 638 1890 μεμνημένος
657 1816 765 1868 τῶν
795 1814 916 1885 μετ’
934 1812 1098 1866 αὐτοῦ
1118 1811 1374 1882 πολέμων
1426 1813 1522 1864 καὶ
1555 1809 1654 1879 τῆς
1680 1811 1856 1879 μάχης

1966 1816 2271 1872 astantibus
2321 1824 2515 1870 cuncta
2567 1817 2648 1870 eis
2720 1813 2923 1869 fercula
2992 1814 3294 1881 distribuit,
3345 1831 3538 1872 revera

290 1911 524 1979 ἐκείνης,
549 1909 772 1962 ἐδεδίειν
801 1907 876 1978 μὴ
905 1906 994 1960 τὸν
1023 1906 1154 1976 ἐμὸν
1181 1903 1312 1967 ἴσως
1341 1903 1618 1975 ἐξαρτήσῃ
1638 1903 1685 1932 "
1703 1901 1856 1954 θάναε

1964 1907 2199 1977 pessime
2223 1906 2290 1961 de
2321 1905 2388 1960 iis
2433 1919 2672 1972 merens,
2713 1905 2910 1975 quibus
2939 1905 3094 1961 cibos
3136 1906 3392 1976 opinione
3437 1924 3536 1964 sua

289 2019 400 2066 τον,
432 2000 736 2070 θανάσιμόν
784 2015 836 2050 τι
864 1999 1158 2066 φάρμακον
1187 1998 1301 2056 τοῖς
1326 1993 1478 2066 ὄψοις
1510 1991 1856 2061 ἐπεμϐαλιῦν.

1967 1999 2201 2052 infectos
2235 2005 2290 2051 et
2319 1996 2632 2051 mortiferos
2663 1995 3022 2051 ministraret.
3050 1995 3162 2053 Nec
3188 1996 3538 2055 dissimulare

290 2093 530 2148 Τοιαῦτα
591 2095 688 2162 μὲν
738 2091 898 2144 τοῦτι
947 2087 1313 2159 Βαῖμούντου.
1403 2085 1547 2154 Ἐγὼ
1578 2085 1622 2137 δ’
1666 2084 1856 2138 οῦποτε

1964 2091 2156 2144 saltem
2189 2089 2376 2144 dolum
2405 2087 2612 2157 putavit
2643 2088 2799 2153 tanti,
2831 2087 2925 2143 sed
2955 2103 3059 2158 qua
3091 2099 3211 2144 erat
3257 2092 3537 2162 arroganti

289 2185 528 2253 πονηρὸν
553 2182 892 2252 ἐθεασάμην,
935 2181 1010 2251 μὴ
1048 2177 1142 2232 τοῦ
1171 2176 1350 2246 ὀρθῶς
1383 2194 1438 2229 τι
1464 2177 1642 2228 ποιεῖν
1671 2175 1856 2245 πόρρω

1965 2182 2160 2236 fiducia
2225 2188 2646 2249 contemptuque
2691 2179 2950 2248 praeditus
2983 2195 3230 2244 suorum,
3265 2182 3382 2252 ipse
3409 2197 3535 2239 car-

289 2294 390 2330 που
445 2279 507 2328 ἐν
566 2276 701 2328 πᾶσι
749 2275 929 2341 λόγοις
987 2272 1082 2325 καὶ
1138 2269 1441 2341 πρακτέοις
1475 2269 1688 2331 θέοντα,
1719 2269 1856 2333 ὁπη-

1964 2275 2125 2329 uibus
2155 2275 2260 2329 sibi
2292 2274 2490 2328 oblatis
2524 2274 2704 2329 adhuc
2737 2274 2923 2330 crudis
2951 2289 3101 2330 more
3136 2277 3315 2345 patrio
3343 2293 3372 2332 a
3400 2291 3530 2346 pro-

287 2369 411 2421 νίκα
470 2367 582 2435 γάρ
629 2382 712 2429 τις
767 2365 867 2434 τῆς
921 2362 1220 2434 μεσότητος
1255 2361 1486 2432 ἐκσταίη
1539 2360 1678 2427 πρὸς
1730 2360 1856 2412 ὁπό-

1969 2369 2101 2435 priis
2128 2368 2320 2436 coquis
2350 2365 2667 2436 praeparatis
2692 2381 2758 2421 eo
2790 2367 2876 2420 die
2903 2382 3058 2431 usus,
3097 2370 3358 2439 postridie
3406 2384 3537 2425 suos

288 2476 444 2530 τερον
473 2459 540 2511 ἄν
568 2457 677 2511 τῶν
736 2455 924 2527 ἄκρων
969 2453 1503 2528 νεύσειετυόρῤωθεν
1534 2454 1632 2522 τῆς
1660 2452 1856 2524 ἀρετῆς

1972 2461 2185 2528 rogavit
2212 2458 2402 2527 ecquid
2451 2460 2727 2524 valerent,
2779 2457 2940 2529 303
2975 2467 3028 2514 et
3075 2469 3132 2514 ut
3175 2475 3269 2517 eos
3308 2459 3542 2530 iuvisset

286 2547 534 2613 εστηκεν.
1975 2547 2222 2616 pridiana
2247 2562 2402 2604 coena
2430 2566 2445 2615 ;
2482 2548 2548 2604 iis
2575 2564 2706 2606 vero
2730 2551 2988 2619 praeclare
3021 2565 3080 2607 se
3112 2552 3315 2608 habere
3342 2554 3540 2610 aienti-

289 2642 412 2705 bus,
460 2657 563 2696 nec
605 2641 771 2697 ullum
819 2643 904 2699 vel
955 2643 1240 2699 minimum
1289 2642 1704 2699 incommodum
1749 2643 2011 2704 sensisse,
2079 2644 2242 2714 Atqui
2311 2660 2434 2712 ego,
2484 2645 2659 2714 inquit
2734 2660 2994 2702 arcanum
3075 2647 3355 2719 detegens,
3414 2664 3540 2705 cum

291 2737 554 2790 meritoria
591 2747 889 2805 repeterem
922 2739 1060 2794 bella
1090 2739 1218 2794 olim
1245 2754 1276 2792 a
1303 2755 1387 2794 me
1414 2749 1562 2810 gesta
1599 2739 1864 2794 adversus
1887 2732 2267 2808 imperatorem
2318 2748 2374 2794 et
2444 2757 2677 2811 pugnam
2761 2742 2905 2797 illam
2950 2757 3055 2813 qua
3097 2745 3273 2810 ipsum
3332 2745 3537 2818 fugavi,

291 2829 364 2880 uti
399 2829 539 2883 cibis
569 2830 689 2900 ejus
737 2830 892 2898 jussu
928 2833 1130 2902 paratis
1167 2833 1338 2900 nolui,
1389 2833 1584 2888 met-ito
1613 2843 1862 2887 metuens
1891 2848 1958 2886 ne
1994 2847 2258 2888 venenum
2288 2833 2356 2888 iis
2392 2833 2696 2902 inspersum
2729 2844 2897 2890 esset.
2947 2837 3025 2889 Ita
3087 2837 3176 2891 ille
3241 2852 3374 2893 sane
3444 2840 3540 2894 im.

290 2927 620 2994 prudenter;
652 2929 852 2997 quippe
880 2928 931 2981 id
957 2930 1306 2984 committens
1348 2944 1412 2985 ac
1468 2944 1578 2999 prae
1646 2944 1705 2982 se
1760 2927 1941 2982 ferens
1964 2929 2316 2999 quamobrem
2366 2946 2395 2984 a
2429 2931 2542 2985 suis
2575 2929 2867 2999 superbum
2917 2929 3000 2985 sui
3049 2930 3363 3003 despectum
3405 2934 3540 2992 ulci-

291 3020 570 3074 scentibus
603 3021 796 3074 merito
830 3021 1150 3089 proderetur
1179 3033 1272 3076 aut
1302 3021 1862 3087 deserereturzcujus
1895 3023 2032 3074 tanti
2065 3022 2289 3090 periculi
2325 3023 2495 3076 aleam
2554 3034 2832 3090 utcunque
2891 3023 3096 3096 alioqui
3156 3027 3388 3084 callidus
3452 3031 3540 3084 iu-

292 3110 692 3167 consultissime
743 3120 852 3162 tum
893 3110 1042 3176 jccit.
1094 3110 1237 3165 Raro
1271 3113 1413 3165 enim
1465 3113 1536 3178 (id
1571 3111 1712 3182 quod
1745 3126 1845 3178 ego
1873 3109 2030 3180 loago
2064 3127 2166 3164 usu
2233 3111 2609 3182 animadverti)
2653 3113 2901 3169 homines
2954 3115 3183 3185 improbi
3242 3119 3534 3190 quidquam

296 3212 441 3256 recte
491 3201 780 3255 consulunt
824 3199 1137 3254 faciuutve:
1177 3203 1314 3256 adeo
1354 3219 1542 3256 verum
1614 3213 1701 3256 est
1768 3201 1912 3271 quod
1948 3202 2223 3270 sapientes
2253 3203 2512 3267 sciscunt,
2539 3202 2628 3257 ubi
2657 3203 2778 3272 quis
2808 3220 2839 3258 a
2888 3205 3266 3264 mediocritate
3314 3209 3538 3266 virtutis

295 3293 617 3357 excesserit,
652 3291 923 3344 utrumvis
957 3290 1010 3344 in
1038 3301 1341 3346 extremum
1391 3293 1623 3345 declinet
1670 3307 1857 3360 parum
1890 3290 2154 3344 interesse
2187 3306 2202 3356 ;
2236 3305 2446 3358 semper
2475 3293 2617 3344 enim
2649 3290 2807 3361 longo
2857 3292 3137 3350 intervallo
3187 3297 3254 3353 ab
3310 3298 3539 3356 honesto

289 3388 512 3443 distare.

356 3477 870 3547 Μεταπεμψάμενος
899 3476 991 3531 οὖν
1025 3477 1115 3531 τὸν
1144 3476 1476 3548 Βαῐμοῢντον
1510 3477 1601 3530 τὸν
1631 3478 1837 3546 συνήθη

2019 3475 2282 3529 Caelerttm
2324 3475 2617 3540 Augustus,
2653 3474 2914 3528 accersito
2962 3476 3154 3532 deinde
3208 3478 3531 3550 Baimundn,

291 3572 399 3632 τοῖς
423 3567 681 3629 Λατίνοις
715 3569 810 3620 καὶ
844 3566 903 3630 ἐξ
937 3566 1102 3620 αὐτοῦ
1125 3567 1310 3637 ἐζήτει
1333 3569 1496 3637 ὅρκον
1529 3568 1662 3639 (69).
1693 3567 1754 3621 '0
1779 3570 1858 3635 δὲ,

288 3665 355 3716 τὰ
389 3660 588 3714 ἐαυτοῦ
627 3661 1020 3727 ἐπιστάμενος,
1060 3660 1155 3712 καὶ
1184 3663 1267 3714 ὅτι
1295 3659 1419 3713 οὔτε
1461 3662 1526 3713 ἐκ
1581 3661 1866 3730 προγόνων

293 3753 612 3824 περιφανῶν
641 3752 912 3820 ἐγεγόνει,
938 3750 1063 3804 οὔτε
1085 3752 1390 3822 χρημάτων
1423 3752 1688 3822 εὐπορίαν
1728 3749 1862 3823 εἷχε,

290 3849 384 3902 καὶ
419 3849 509 3901 διὰ
533 3848 692 3900 τοῦτο
712 3847 833 3900 οὐδέ
862 3848 1120 3915 δυνάμεις
1147 3847 1370 3910 πολλὰς,
1392 3848 1527 3901 ἀλλὰ
1556 3849 1792 3918 μετρίως
1816 3851 1862 3880 τ’

293 3940 434 3992 πάνυ
467 3941 593 4000 τοὺς
621 3938 1020 4006 συνεπομένους
1073 3938 1220 4008 αὑτῷ
1255 3939 1512 4002 Κελτοὺς,
1547 3940 1641 3992 καὶ
1689 3940 1864 4004 ἄλλως

289 4027 344 4080 δὲ
373 4027 534 4096 φύσει
565 4028 820 4097 ἐπίορκος
859 4025 954 4090 ὢν,
988 4030 1134 4095 μάλα
1162 4026 1459 4097 προθύμως
1487 4026 1564 4095 τῷ
1583 4026 1677 4080 τοῦ
1708 4029 1867 4081 αὐτο-

288 4121 556 4189 κράτορος
584 4117 770 4183 ὑπεῖξε
823 4118 1111 4188 θελήματι.
1157 4113 1294 4189 Κᾷθ⁹
1316 4117 1488 4182 οὕτως
1525 4120 1554 4172 ὁ
1585 4118 1860 4188 βασιλεὺς,

289 4209 510 4277 περὶτὰ
545 4207 800 4276 βασίλεια
831 4209 1079 4261 οίκίσκον
1117 4207 1240 4259 τινὰ
1269 4207 1560 4276 ἀφορίσας,
1615 4211 1699 4271 είς
1728 4208 1857 4262 τοῦ-

287 4299 451 4368 δαφος
485 4299 838 4368 κατέστρωσε
898 4298 1170 4351 παντοίων
1221 4293 1362 4362 εἰδος
1415 4300 1717 4370 χρημάτων
1761 4301 1854 4354 καί

285 4392 529 4459 ἀμφίων,
562 4391 920 4460 χαράγματός
945 4390 1054 4461 (70)
1083 4407 1142 4442 τε
1179 4393 1405 4460 χρυσίου
1445 4395 1540 4446 καὶ
1585 4391 1853 4462 ἀργύρου,

287 4480 380 4532 καὶ
421 4482 523 4549 τῆς
555 4479 851 4548 κατωτέρω
887 4479 1042 4548 ὕλης,
1069 4483 1325 4534 τοσοῦτον
1353 4483 1653 4551 πληρώσας
1681 4488 1742 4535 τὸ
1776 4485 1856 4536 οτ-

287 4584 464 4636 κημα,
503 4567 577 4629 ὼς
615 4567 748 4637 μηδέ
804 4566 1045 4636 βαδίζειν
1081 4567 1346 4620 δύνασθαί
1396 4585 1519 4621 τινα
1553 4568 1630 4636 τῷ
1660 4567 1857 4636 πλήθει

284 4659 492 4712 τούτων
525 4659 1010 4728 συμποδιζόμενον.
1055 4658 1146 4728 Τῴ
1185 4658 1241 4710 δὲ
1281 4659 1532 4726 μέλλοντι
1581 4658 1858 4721 ὑποδεῖξαι

1968 3575 2286 3621 consuetum
2314 3565 2522 3619 Latinis
2571 3565 2954 3635 jusjurandum
2984 3581 3038 3622 et
3073 3571 3140 3622 ab
3189 3570 3306 3639 ipso
3327 3577 3530 3646 exegit.

1965 3657 2076 3713 Nec
2099 3658 2363 3712 dubitavit
2389 3658 2478 3712 ille
2513 3668 2604 3711 aut
2634 3668 2923 3712 cunctatus
2957 3666 3037 3712 est
3067 3660 3146 3712 vel
3177 3663 3318 3730 quod
3351 3661 3531 3721 minus

1967 3768 2025 3807 se
2056 3768 2085 3804 a
2117 3752 2334 3820 proavis
2367 3749 2630 3811 nobilem,
2669 3749 2965 3816 minusque
3013 3763 3041 3801 a
3075 3748 3294 3805 fortuna
3339 3755 3533 3822 opibus

1967 3844 2339 3908 comitatuque
2393 3840 2721 3893 instructum
2769 3839 2970 3905 sciens,
3024 3855 3243 3894 causam
3279 3857 3381 3896 non
3411 3859 3533 3899 esse

1967 3931 2123 3994 vidit,
2159 3945 2256 3983 cur
2283 3928 2426 3998 quod
2454 3927 2545 3981 alii
2583 3926 2719 3982 Galli
2757 3928 3031 3997 principes
3069 3929 3231 3985 rebus
3277 3935 3533 3988 omnibus

1969 4019 2378 4089 praestantiores
2413 4032 2519 4072 non
2567 4028 2972 4081 recusaverant,
3003 4018 3118 4089 ipse
3157 4021 3482 4079 detrectaret
3515 4043 3531 4080 :

1965 4111 2047 4166 vel
2071 4111 2214 4179 quod
2247 4111 2409 4164 homo
2444 4109 2513 4164 ad
2550 4109 2830 4179 religionis
2851 4120 3220 4178 contemptum
3245 4113 3530 4181 educatus,

1961 4211 2017 4258 et
2054 4203 2214 4272 longo
2244 4217 2346 4259 usu
2371 4201 2525 4272 quasi
2551 4201 2786 4270 quadam
2838 4207 3037 4256 natura
3073 4201 3342 4270 periurus,
3397 4207 3534 4262 ridi-

1965 4294 2143 4348 culum
2195 4301 2417 4363 putaret
2470 4291 2524 4346 in
2575 4290 2885 4360 iuramento
2941 4293 3313 4363 tergiversari,
3375 4299 3532 4366 cujus

1957 4388 2074 4454 ipse
2111 4401 2314 4455 susque
2345 4385 2521 4456 deque
2571 4384 2752 4440 habita
2829 4385 3128 4440 reverentia
3177 4388 3532 4445 nihilominus

1953 4492 2136 4536 certus
2171 4491 2338 4546 esset,
2395 4495 2459 4535 eo
2502 4494 2609 4549 quo
2655 4495 2778 4549 spes
2831 4487 2885 4533 et
2931 4494 3062 4534 usus
3120 4492 3341 4537 vocaret
3387 4495 3533 4539 recta

1957 4573 2200 4626 tendere.
2234 4572 2303 4626 At
2334 4573 2382 4625 ei
2412 4579 2700 4641 postquam
2723 4572 2794 4623 ita
2826 4575 3074 4639 prompte
3104 4584 3168 4623 ac
3198 4572 3528 4639 perlibenter

1953 4665 2318 4733 jurameutum
2348 4664 2618 4732 praestitit,
2654 4675 2790 4716 nova
2830 4660 3220 4715 benevolentiae
3269 4677 3382 4716 suae
3435 4665 3519 4732 pi-

285 4749 457 4802 ταῦτα
487 4750 564 4818 τῷ
592 4750 910 4820 Βαῐμούντῳ
950 4751 1249 4802 ἐπέταττεν
1289 4749 1487 4821 ἀθρόον
1543 4749 1642 4810 τὰς
1679 4750 1853 4812 πύλας

1964 4769 2126 4822 gnora
2159 4753 2348 4819 injecit
2382 4752 2698 4821 Imperator.
2729 4749 2953 4804 Curavit
2982 4751 3238 4804 nimirum
3272 4753 3531 4809 conclave

287 4843 649 4896 ἀναπετάσαι.
701 4843 759 4894 '0
806 4842 863 4894 δέ
885 4843 983 4896 ἐπὶ
1013 4845 1083 4913 τῇ
1129 4842 1336 4895 τούτων
1407 4842 1505 4913 θέᾳ
1549 4843 1854 4908 ἐκπλαγείς

287 4947 449 5002 φησιν
470 4947 487 4962 ·
511 4933 575 4984 Ei
604 4933 839 4986 coccinei.
867 4934 1208 5002 pet‘npooﬁv
1232 4935 1516 5004 χρήματα,
1543 4933 1755 4987 πολλῶν
1786 4933 1853 4986 ἂν

286 5019 480 5091 χωρῶν
539 5019 732 5093 κύριος
786 5022 955 5076 πάλαι
1003 5025 1281 5093 ἐγεγόνειν
1347 5023 1532 5086 αὐτός.
1598 5024 1708 5078 Καὶ
1751 5025 1811 5086 ὅς
1837 5037 1852 5053 ⁸

1966 4845 2238 4916 quoddam
2264 4841 2492 4912 Augusti
2523 4839 2704 4910 palatii
2735 4838 3046 4894 divitiarum
3089 4840 3269 4895 omnis
3313 4844 3526 4912 generis

1961 4934 2311 5005 congestioue
2363 4932 2435 4984 ita
2499 4929 2781 4999 compleri,
2827 4937 2883 4983 ut
2937 4929 3304 5000 pavimentum
3349 4933 3524 5003 ipsn

1966 5024 2206 5079 nummis
2235 5022 2434 5092 passim
2460 5019 2862 5088 monilibusque
2880 5033 2944 5074 ac
2967 5020 3200 5076 attalicis
3226 5025 3529 5081 conchilia-

1356 5136 1557 5198 Variis
1585 5137 1896 5198 lectiones
1924 5154 2001 5199 ex
2029 5133 2173 5197 cod.
2208 5129 2461 5196 Coislin.

353 5235 400 5267 θ’
420 5235 697 5305 ἐμςςήνας.
786 5237 832 5269 ⁸⁸
855 5237 966 5291 ἐπ’.
1043 5238 1088 5270 ⁸⁸
1121 5235 1191 5290 τὰ
1212 5235 1342 5306 seu.
1418 5237 1463 5269 ⁷⁸
1491 5219 1790 5308 ἐξαρτύση.
1867 5238 1910 5270 τί
1949 5237 2019 5290 τὰ
2051 5235 2168 5292 τοῦ.
2241 5234 2285 5265 ⁷¹¹
2322 5233 2598 5304 μετρίους.

1353 5357 1492 5419 Car.
1525 5355 1852 5420 Dufresnii
1886 5358 1987 5418 Du
2018 5353 2241 5433 Cangii
2282 5362 2468 5415 notae.

355 5483 466 5552 (68)
496 5483 560 5537 '0
584 5482 698 5551 τὰρ
721 5480 940 5546 δεινός.
961 5479 1297 5552 Boemundus
1321 5478 1463 5552 nullo
1491 5483 1644 5532 modo
1667 5479 1848 5552 Alexio

283 5549 455 5621 iam
483 5549 687 5623 poterat
710 5593 725 5619 ,
765 5552 940 5623 inquit
984 5552 1190 5623 Albert.
1240 5550 1343 5623 Aq.
1380 5550 1470 5623 lib.
1505 5563 1564 5614 tt,
1598 5565 1719 5618 cap.
1759 5549 1827 5623 ἰᾷ

356 5620 493 5690 (69)
514 5620 732 5690 Ἐζήτει
762 5620 968 5689 ὅρκον.
990 5621 1239 5690 Allienus
1269 5620 1371 5690 Aq.
1403 5620 1496 5672 lib.
1520 5635 1581 5682 ιι,
1615 5635 1736 5690 cap.
1757 5620 1842 5685 i8;

282 5689 539 5748 F-ulcher.
569 5689 660 5745 lib.
703 5708 755 5753 ι.
789 5706 908 5759 cap.
941 5690 1009 5756 4;
1038 5689 1306 5746 Robertus
1340 5689 1588 5746 Monach.
1642 5689 1736 5744 lib.
1781 5705 1842 5755 ιι,

282 5780 409 5832 pag.
436 5763 505 5816 38
526 5803 542 5827 ,
574 5760 786 5830 Tyrius,
817 5773 871 5816 et
906 5761 1018 5815 alii.

609 5859 883 5920 Ρηιιοιη
925 5858 1044 5918 Gn.
1089 5859 1360 5922 CXXXI.

1769 5915 1830 5928 η...

2023 5478 2134 5549 (70)
2157 5476 2597 5549 -Χαράγματοᾳ
2630 5473 2794 5549 365
2830 5474 3086 5549 Albertus
3147 5477 3278 5549 Aq._
3310 5474 3430 5549 lib.‘
3458 5489 3521 5536 ιι.

1951 5545 2075 5616 cap.
2114 5545 2220 5602 l8:
2261 5545 2555 5614 Statimque
2606 5545 2783 5616 allata
2833 5555 2956 5600 sunt
3007 5545 3351 5616 Boemundo,
3385 5546 3521 5597 sicut

1953 5614 2260 5688 Godefrido,
2298 5633 2515 5669 munera
2545 5615 2666 5670 miri
2700 5624 2749 5670 et
2778 5616 3009 5669 inauditi
3041 5615 3274 5667 thesauri
3301 5614 3522 5688 in_auro

1951 5697 2004 5742 et
2046 5683 2298 5757 argento;
2343 5702 2466 5740 vasa
2515 5701 2714 5756 quoque
2763 5689 2988 5757 pretiosa
3035 5699 3186 5757 opere
3230 5690 3280 5738 et
3337 5683 3523 5757 decore

1953 5753 2126 5812 multo
2149 5758 2434 5821 ampliora,
2466 5753 2635 5825 quam
2652 5765 2708 5808 ut
2732 5755 2798 5808 ab
2829 5755 3005 5814 aliqua
3045 5753 3206 5820 possit
3244 5755 3520 5809 mtiruari.

3058 5845 3134 5909 25
