3974 6208
288 272 401 334 785
1520 282 1935 343 ALEXIADIS
1967 281 2114 343 LIB.
2158 283 2265 342 XI.
3411 281 3534 342 7864

364 388 425 439 '0
462 403 643 458 μεντοι
678 390 1035 463 αυτοκρὰτωρ
1076 392 1236 464 ἡθελε
1273 394 1372 463 μὲν
1405 398 1543 465 μετὰ
1574 396 1682 449 τῶν
1707 398 1848 451 Κελ-
1881 402 1897 453 Α

2025 396 2192 451 Porro
2225 397 2512 464 imperator
2550 395 2838 465 aliquando
2862 396 3105 450 voluerat
3133 396 3433 451 admiscere
3464 413 3527 451 se

271 481 388 534 τῶν
418 482 560 535 κατὰ
591 481 701 534 τῶν
730 483 1037 553 Βαρϐάρων
1063 488 1307 556 ἀπιέναι,
1334 489 1526 542 ιδεδίει
1564 490 1620 543 δὲ
1656 491 1769 560 (75)
1788 491 1852 543 τὸ

1955 488 2122 543 Gallis
2158 501 2373 557 unaque
2418 502 2541 542 cum
2588 488 2656 542 iis
2713 496 2901 542 contra
2970 488 3238 542 Barbaros
3302 488 3523 543 vadere.

277 571 463 625 αὐτῶν
495 572 871 642 ἀναρίθμητον
900 574 1104 644 πλῆθος
1130 593 1146 610 ο
1177 579 1287 631 δεῖν
1323 579 1416 633 οὖν
1455 580 1737 649 ἐλογίσατο
1763 580 1852 632 τὸν

1956 580 2157 635 Deinde
2194 588 2404 645 tamen,
2428 581 2634 634 veritus
2665 579 3291 650 306inntnuerabilem
3339 580 3524 633 multi-

277 665 599 718 Πελεκάνονι
631 666 985 732 καταλαϐεῖν,
1013 668 1081 719 ἶν’
1121 670 1353 738 ἐγγύθεν
1392 671 1626 733 Νικαίας
1675 671 1851 724 ἐνδια-

274 756 480 825 τρίϐων
542 756 789 829 μανθάνῃ
820 761 921 828 μὲν
939 762 1007 814 τὰ
1040 766 1153 826 τοῖς
1187 765 1417 827 Κελτοῖς
1450 765 1851 834 συμϐαίνοντα,

274 847 396 916 ἅμα
427 847 481 899 δὲ
510 850 605 900 καὶ
635 850 741 913 τὰς
782 851 891 904 τῶν
949 852 1214 925 Τούρκων
1262 856 1465 921 ἔξωθεν
1496 857 1723 926 ἐφόδους
1757 858 1853 911 καὶ

274 941 379 1009 τὴν
406 940 517 992 τῶν
549 942 697 1005 ἐντὸς
730 943 972 1010 Νικαίας
1020 950 1378 1003 κατάστασιν.
1433 950 1522 1003 Ἐν
1549 951 1711 1021 δεινῷ
1742 952 1854 1021 γὰρ

275 1031 518 1083 ἐποιεῖτο
541 1032 589 1083 εί
616 1032 690 1100 μή
720 1050 773 1087 τι
806 1039 1175 1105 στρατηγικὸν
1210 1040 1267 1092 ἑν
1289 1040 1379 1111 τῷ
1399 1039 1605 1109 μεταξὺ
1634 1040 1730 1091 καὶ
1756 1040 1857 1093 αὑ-

273 1121 366 1183 τὸς
401 1122 753 1196 κατορθώσῃ,
770 1127 863 1179 καὶ
885 1127 1227 1183 διεσκοπεῖτο
1242 1132 1290 1163 ⁷⁸
1319 1132 1429 1193 ἵνα,
1455 1131 1549 1185 ἐὰν
1569 1132 1852 1199 ἐπιτήδεια

273 1217 347 1268 τὶ
372 1216 675 1286 πράγματα
704 1219 949 1289 εὑρήσει,
982 1221 1143 1284 αὐτὸς
1173 1223 1271 1293 τὴν
1304 1223 1542 1275 Νίκαιαν
1572 1223 1735 1295 ἀνέλῃ
1759 1223 1853 1276 καὶ

279 1307 359 1377 μὴ
390 1308 543 1378 παρὰ
566 1310 676 1362 τῶν
707 1312 934 1365 Κελτῶν
965 1311 1138 1385 αὐτὴν
1191 1315 1345 1386 σχοίη
1398 1315 1539 1369 κατὰ
1594 1316 1661 1368 τὰ
1720 1314 1858 1385 παρ’

274 1398 502 1453 ἐκείνων
523 1400 901 1473 ὀμωμοσμένα
923 1406 993 1459 ⁷⁸.
1028 1402 1154 1476 Εἶχε
1183 1406 1240 1459 δὲ
1266 1407 1364 1477 τὴν
1399 1406 1593 1478 βουλὴν
1638 1408 1849 1478 ταύτην

276 1490 636 1560 ὑποϐρύχιον,
675 1495 769 1548 καὶ
796 1498 907 1548 πᾶν
933 1498 1073 1568 ὅπερ
1102 1498 1168 1550 ἂν
1198 1498 1473 1568 ᾠκονόμει
1506 1501 1601 1551 καὶ
1639 1499 1737 1570 τὴν
1768 1501 1855 1553 αί-

274 1579 402 1635 τίαν
442 1583 510 1636 δι’
557 1585 627 1654 ἢν
676 1587 912 1653 γίνεται,
963 1589 1129 1654 αὐτὸς
1187 1592 1281 1644 καὶ¹
1348 1592 1507 1661 μόνος
1561 1592 1852 1661 ἠπίστατο,

280 1675 431 1744 μόνῳ
462 1678 540 1746 τῷ
575 1677 920 1751 Βουτουμίτῃ
948 1681 998 1713 θ’
1021 1681 1182 1735 τοῦτο
1222 1684 1702 1753 ὲμπεπιστευκώς.
1741 1688 1852 1740 Καὶ

275 1764 469 1818 τοῦτον
508 1768 842 1830 ἀποστείλας
881 1773 968 1838 ἐφ’
1012 1766 1055 1840 ᾧ
1096 1774 1485 1829 ὑποποιεῖσθαι
1531 1779 1657 1839 τοὺς
1701 1777 1853 1841 ἐντὸς

277 1856 516 1921 Νικαίας
537 1857 865 1930 Βαρϐἁρους
902 1862 991 1916 διὰ
1036 1865 1312 1918 παντοίων
1366 1867 1718 1936 ὑποσχέσεων
1760 1870 1855 1922 καὶ

276 1946 546 2012 ἀπαθείας
579 1951 815 2017 τελείας,
870 1956 929 2007 ὲν
984 1956 1145 2027 μέρει
1203 1957 1258 2011 δὲ
1312 1959 1406 2013 καὶ
1452 1960 1851 2029 ἀπειλούμενος

274 2038 410 2090 τόσα
441 2041 535 2092 καὶ
580 2042 716 2095 τόσα
760 2046 1048 2099 πείσεσθαι
1091 2047 1187 2101 καὶ
1240 2049 1623 2120 παρανάλωμα
1659 2051 1849 2119 ξίφους

276 2130 555 2198 γενέσθαι,
582 2134 631 2187 εί
659 2134 813 2205 παρὰ
862 2138 972 2190 τῶν
1018 2139 1241 2193 Κελτῶν
1285 2141 1461 2214 ἁλῷεν
1489 2159 1501 2172 ·
1552 2143 1648 2195 κα)⁸
1679 2143 1849 2196 πάλαι

272 2222 368 2274 τὸν
394 2224 760 2299 Βουτουμίτην
792 2228 1076 2297 γινώσκων
1099 2233 1453 2287 εὐνούστατον
1489 2235 1579 2287 καὶ
1618 2235 1749 2305 περὶ
1781 2236 1849 2290 τὰ

273 2313 501 2367 τοιαῦτα
523 2315 872 2388 δραστήριον.
907 2322 1094 2375 Ταῦτα
1129 2325 1229 2394 μὲν
1259 2319 1353 2378 οὖν
1386 2325 1629 2397 ἐξαρχῆς
1658 2326 1849 2379 τοῦτον

274 2407 761 2481 παρηκολουθήκει
788 2412 879 2466 τὸν
905 2416 1130 2485 τρόπον.

1958 672 2200 725 tudinem
2227 670 2555 727 Gallicorum
2589 672 2951 739 exercituum,
2986 672 3344 741 opportunius
3377 673 3524 728 factu

1949 762 2210 832 judicavit
2243 762 2511 833 proficisci
2562 761 2885 818 Pclecanum
2937 764 3118 832 ibique
3160 764 3386 830 bzcrere,
3434 764 3557 819 ubi

1954 858 2024 911 ob
2053 856 2305 912 viciniam
2334 854 2527 910 Nicaea:
2574 854 2731 911 facile
2778 856 2981 910 rescire
3009 873 3072 911 ac
3103 866 3317 911 malure
3345 865 3529 926 posset

1953 947 2083 1016 quid
2119 947 2392 1003 accideret
2420 946 2608 1011 Gallis,
2641 946 2768 1017 quid
2808 947 2969 1001 Turci
3006 947 3097 1017 qui
3137 957 3291 1001 extra
3326 949 3527 1017 quique

1954 1039 2098 1093 intra
2128 1037 2363 1093 Nicaaam
2410 1046 2595 1093 essent
2641 1052 2821 1092 rerum
2862 1048 3115 1108 gererem
3176 1047 3522 1107 pararentve.

1955 1131 2072 1185 Non
2102 1130 2245 1186 enim
2281 1145 2379 1185 sua
2413 1131 2635 1200 dignum
2686 1129 2828 1183 fama
2867 1130 3001 1184 satis
3030 1140 3121 1183 aut
3153 1138 3329 1184 tutum
3370 1140 3530 1199 puta-

1953 1222 2072 1286 bat,
2109 1228 2258 1275 tanto
2308 1221 2795 1288 circumstrepeute
2831 1219 2995 1283 bello,
3048 1220 3293 1274 desidere
3351 1220 3527 1287 ipsum

1954 1313 2099 1366 domi
2128 1327 2402 1377 securum,
2433 1295 2496 1365 ac
2532 1327 2635 1363 non
2670 1311 2887 1379 prodire
2918 1311 2972 1365 in
3006 1326 3251 1379 campum
3280 1311 3528 1364 immine-

1956 1418 2121 1473 reque
2153 1404 2205 1456 in
2235 1402 2549 1458 occasiones
2579 1416 2698 1469 qua:
2745 1414 2804 1454 se
2851 1401 3066 1462 darent,
3099 1402 3142 1454 si
3194 1400 3328 1455 nihil
3380 1401 3528 1456 aliud

1954 1494 2147 1549 Nic-mae
2178 1494 2279 1549 sibi
2310 1509 2339 1547 a
2372 1492 2626 1547 Barbaris
2657 1492 2789 1560 ipsis
2819 1491 3145 1554 obtinendae,
3174 1493 3238 1544 ab
3272 1492 3356 1546 his
3384 1493 3527 1546 enim

1958 1590 2189 1643 malebat
2240 1603 2360 1643 eam
2393 1589 2581 1642 urbem
2624 1587 2726 1641 sibi
2779 1587 2913 1640 tradi
2948 1600 3108 1655 quam
3140 1599 3168 1638 a
3211 1585 3404 1650 Gallis,
3437 1586 3528 1653 qui

1953 1678 2106 1748 juxta
2141 1687 2297 1748 pacta
2330 1686 2595 1732 conventa
2627 1677 2840 1730 [innata
2882 1675 3221 1744 juramento,
3268 1676 3528 1730 reddituri

1957 1787 2073 1826 eam
2106 1768 2422 1838 imperatori
2452 1775 2609 1823 erant
2640 1767 2727 1821 ubi
2753 1768 3117 1839 subegissem.
3148 1766 3349 1821 Verum
3384 1767 3528 1821 istud

1957 1863 2240 1919 consilium
2307 1862 2584 1930 Augustus
2639 1858 2873 1913 habebat
2929 1859 2987 1913 in
3027 1873 3264 1923 arcano,
3311 1858 3530 1912 nemine

1953 1956 2196 2011 omnium
2228 1964 2427 2025 praeter
2461 1969 2625 2007 unum
2676 1952 2985 2007 Butumiten
3043 1952 3125 2007 vel
3178 1966 3366 2006 eorum
3407 1967 3529 2020 qum

1957 2050 2137 2127 facere
2183 2050 2503 2103 decerneret
2557 2047 2639 2102 vel
2696 2061 2985 2101 causarum
3038 2047 3107 2099 ob
3153 2062 3288 2115 quas
3324 2044 3532 2101 faceret

1957 2141 2201 2199 conscio.
2252 2140 2405 2194 llunc
2443 2138 2752 2191 Butumiten
2792 2153 2861 2192 ex
2921 2146 3160 2205 tempore
3218 2134 3531 2204 longissimo

1960 2235 2217 2305 praeclare
2255 2234 2550 2300 imperator
2578 2237 2801 2284 noverat
2834 2237 2945 2283 tum
2982 2228 3084 2282 sibi
3120 2229 3439 2284 ﬁdissimum
3476 2240 3535 2282 et

1959 2322 2529 2379 benevolentissitnum
2561 2320 2855 2385 hominem,
2906 2327 3018 2373 tum
3072 2335 3200 2375 vero
3241 2319 3292 2375 in
3335 2319 3529 2390 primis

1953 2432 2235 2474 strenuum
2278 2425 2438 2485 atque
2468 2414 2801 2469 industrium
2826 2414 3257 2485 negotiationum
3286 2416 3404 2483 eius
3434 2429 3530 2480 ge-

274 2499 427 2553 neris
467 2501 795 2558 ministrum.
832 2506 891 2560 Ei
915 2522 1045 2578 ergo
1072 2510 1419 2567 demandavit
1464 2528 1651 2569 curam
1711 2512 2143 2568 deliniendorum
2197 2509 2289 2579 qui
2356 2505 2589 2561 Nicmam
2638 2506 2956 2561 obtinebant
3017 2505 3375 2560 Barbaronum
3422 2520 3529 2574 qua

272 2595 727 2662 promissionibus
759 2610 870 2655 tum
905 2619 1085 2659 rerum
1120 2607 1347 2661 aliarum
1399 2617 1508 2663 tum
1542 2620 1704 2665 certa:
1752 2609 2093 2679 impunitatis
2126 2622 2186 2661 ac
2221 2605 2535 2661 securitatis
2566 2611 2695 2657 tum
2737 2617 2840 2672 qua
2900 2601 3065 2656 minis
3132 2609 3256 2669 apte
3311 2600 3532 2654 intextis

270 2684 665 2755 intentatisque
706 2704 769 2744 ac
794 2704 914 2746 arte
954 2696 1303 2766 exaggeratis
1336 2699 1598 2753 malorum
1654 2701 1971 2755 immanium
2004 2708 2059 2752 et
2128 2694 2601 2751 innumerabilium
2660 2708 2779 2763 qua:
2840 2693 2886 2748 si
2952 2702 3329 2763 expectarent
3398 2690 3527 2743 dum

274 2774 408 2829 urbs
443 2790 474 2828 a
516 2777 681 2837 Gallis
721 2792 1025 2856 caperetur,
1093 2788 1325 2843 subituri
1391 2792 1595 2860 absque
1665 2792 1835 2857 lubio,
1872 2789 2083 2861 passuri
2126 2788 2254 2843 sine
2288 2786 2554 2854 remedio,
2594 2787 2714 2841 sine
2755 2783 2949 2842 solatio
2988 2784 3187 2842 forent.
3252 2781 3377 2836 llaac
3450 2783 3526 2834 uti

276 2877 440 2922 erant
469 2869 540 2924 ab
572 2872 725 2931 initio
750 2881 983 2946 provisa,
1019 2882 1178 2935 tinem
1208 2897 1276 2936 ex
1318 2892 1445 2936 voto
1496 2883 1837 2952 imperatoris
1878 2884 2138 2940 habuere.

1340 3021 1543 3082 Variw
1574 3022 1878 3086 lectiones
1910 3042 1987 3086 ex
2010 3042 2156 3088 coa.
2187 3023 2449 3086 Coislin.

341 3135 390 3166 "
420 3135 764 3192 Brenomho
791 3140 944 3208 γοῦν.
1018 3143 1065 3177 ’θ
1095 3144 1456 3216 ὀμωμομὲνα.
1536 3146 1584 3178 ⁸ο
1618 3146 1951 3221 Βουτομίτῃ.

1338 3279 1481 3343 Car.
1518 3281 1845 3344 Dufresnii
1886 3281 1979 3343 Du
2015 3280 2241 3357 Gangii
2277 3285 2469 3341 notet.

345 3400 480 3475 (⁸75)⁸
507 3401 756 3475 Ἐ’δεδίει
778 3404 865 3459 δέ.
901 3404 1234 3460 Sollicitatus
1264 3403 1615 3475 aBaimundo
1640 3417 1695 3463 et
1720 3408 1842 3465 aliis
1950 3422 2170 3460 mannos
2209 3413 2260 3459 et
2294 3406 2573 3475 Hungaros
2600 3447 2612 3471 ,
2662 3416 2710 3461 et
2750 3406 3045 3475 Comanor,
3092 3403 3330 3473 aliasque
3367 3401 3528 3475 fera!

273 3472 568 3546 comitibus
591 3474 903 3546 imperator,
931 3484 988 3528 ut
1014 3489 1116 3528 una
1144 3490 1265 3546 cum
1297 3474 1522 3530 Francis
1551 3477 1602 3530 in
1632 3493 1837 3531 sacram
1949 3487 2144 3545 gentes,
2173 3490 2290 3545 qut:
2320 3472 2596 3546 imperium
2634 3493 2784 3530 suum
2816 3472 3302 3546 depopularentur,
3332 3472 3377 3546 si
3405 3472 3527 3546 ipse

274 3540 679 3615 expeditionem
702 3544 1152 3615 proﬁcisceretur,
1196 3544 1339 3599 sicut
1363 3558 1711 3611 convenerat,
1742 3549 1843 3601 hac
1949 3540 2237 3615 transitum
2277 3540 2403 3599 cuni
2433 3547 2717 3615 peregrinis
2751 3540 2968 3615 faceret.
2999 3546 3189 3613 Raym.
3225 3542 3293 3597 de
3323 3540 3524 3609 Agilcs.

275 3624 335 3663 se
366 3612 503 3666 texit
526 3613 874 3668 excusatione
900 3630 914 3667 :
950 3612 1021 3670 Se
1061 3613 1309 3668 nimirum
1342 3625 1682 3685 praemetuere
1715 3616 1839 3670 Aie.
1950 3614 2173 3671 Rnbert.
2203 3615 2368 3681 Mum,
2397 3612 2493 3671 lib.
2524 3612 2582 3670 lt.
2602 3618 2616 3639 '

882 4014 1443 4151 ΑΝΝΗΣ
1519 4022 1862 4149 ΤΗΣ
1935 4016 2897 4149 ΚΟΜΝΗΝΗΣ

1227 4251 1857 4346 ΑΛΕΞΙΑΔΟΣ
1933 4255 2297 4343 ΛΟΓΟΣ
2374 4256 2526 4340 ΙΑ’.

1098 4550 1628 4748 ΑΝΝίΕ
1782 4621 2700 4748 COMNEN/E

1226 4874 1872 4967 ALEXIADIS
1945 4873 2301 4961 LIBER
2354 4875 2530 4961 XI.

1868 5097 1931 5107 --ο-

1504 5235 1665 5306 307
1697 5228 2279 5290 ARGUMENTUM'.

359 5375 521 5435 Galli
567 5372 785 5433 multis
819 5390 883 5435 et
925 5374 1296 5450 :ngentibus
1336 5372 1575 5451 prealiis
1621 5376 1866 5437 Turcos
1899 5373 2209 5451 vincunt,
2254 5388 2325 5433 ac
2367 5388 2466 5434 res
2504 5387 2727 5451 eorum
2772 5370 2961 5450 plane
3000 5370 3363 5451 proﬂigant.
3404 5371 3513 5451 Ni:

286 5470 496 5525 etram,
534 5451 961 5525 Antiochiam,
1004 5448 1539 5529 Hierosolymam,
1585 5452 1780 5513 urbes
1832 5452 1988 5513 alias
2038 5449 2368 5527 plurimas,
2414 5450 2642 5529 partim
2684 5448 3078 5526 imperatori,
3117 5448 3337 5527 partim
3386 5448 3532 5529 sibi.

290 5533 664 5611 subjiciunt.
697 5529 1154 5611 Gouhofredus
1201 5526 1459 5609 eligitur
1496 5532 1575 5592 ab
1608 5530 1687 5591 iis
1729 5526 2328 5611 Hierosolymorum
2378 5526 2519 5597 rex;
2557 5530 2847 5593 succedit
2896 5529 3014 5611 ipsi
3054 5536 3328 5611 mortuo,
3369 5526 3509 5611 ejus

285 5604 472 5671 frater
501 5610 878 5671 Balduinus.
915 5612 1262 5689 Imperator
1298 5604 1399 5670 res
1439 5625 1742 5689 prospere
1772 5617 1935 5672 terra
1975 5604 2265 5689 marique
2311 5616 2525 5671 contra
2566 5612 2805 5672 'l‘urcos
2849 5604 3027 5687 gerit.
3055 5604 3265 5667 Gallos
3306 5605 3523 5665 cautis

293 5689 565 5764 primum
604 5689 869 5763 artibus,
905 5688 1136 5751 deinde
1172 5700 1389 5766 aperto
1419 5688 1585 5751 bello
1618 5688 1893 5751 infestat.

2181 5830 2226 5839 ...ο-ι
