  <div class='ocr_page' id='page_1' title='image "/cluster/home/n/w/nwhite01/storage/ocr_20150623/131/hvd.32044073502379/419.png"; bbox 0 0 3974 6208; ppageno 0'>
   <div class='ocr_carea' id='block_1_1' title="bbox 479 273 591 338">
    <p class='ocr_par' dir='ltr' id='par_1_1' title="bbox 479 273 591 338">
     <span class='ocr_line' id='line_1_1' title="bbox 479 273 591 338; baseline -0.018 0"><span class='ocrx_word' id='word_1_1' title='bbox 479 273 591 338; x_wconf 82' lang='lat'><strong>799</strong></span> 
     </span>
    </p>
   </div>
   <div class='ocr_carea' id='block_1_2' title="bbox 1777 261 2418 325">
    <p class='ocr_par' dir='ltr' id='par_1_2' title="bbox 1777 261 2418 325">
     <span class='ocr_line' id='line_1_2' title="bbox 1777 261 2418 325; baseline -0.009 -1"><span class='ocrx_word' id='word_1_2' title='bbox 1777 263 2000 325; x_wconf 70' lang='grc' dir='ltr'><strong>ΛΝΝιΕ</strong></span> <span class='ocrx_word' id='word_1_3' title='bbox 2037 261 2418 323; x_wconf 62' lang='lat' dir='ltr'><strong>COMNENM</strong></span> 
     </span>
    </p>
   </div>
   <div class='ocr_carea' id='block_1_3' title="bbox 3567 254 3654 318">
    <p class='ocr_par' dir='ltr' id='par_1_3' title="bbox 3567 254 3654 318">
     <span class='ocr_line' id='line_1_3' title="bbox 3567 254 3654 318; baseline 0 -46"><span class='ocrx_word' id='word_1_4' title='bbox 3567 254 3654 318; x_wconf 48' lang='lat' dir='ltr'><strong>sm</strong></span> 
     </span>
    </p>
   </div>
   <div class='ocr_carea' id='block_1_4' title="bbox 481 365 2067 450">
    <p class='ocr_par' dir='ltr' id='par_1_4' title="bbox 481 375 2051 450">
     <span class='ocr_line' id='line_1_4' title="bbox 481 375 2051 450; baseline -0.003 -16"><span class='ocrx_word' id='word_1_5' title='bbox 481 383 641 450; x_wconf 99' lang='lat' dir='ltr'><strong>plane</strong></span> <span class='ocrx_word' id='word_1_6' title='bbox 673 379 905 436; x_wconf 85' lang='lat' dir='ltr'><strong>sultanis</strong></span> <span class='ocrx_word' id='word_1_7' title='bbox 935 379 1340 436; x_wconf 89' lang='lat' dir='ltr'><strong>denuntiatione</strong></span> <span class='ocrx_word' id='word_1_8' title='bbox 1371 378 1562 446; x_wconf 83' lang='lat' dir='ltr'><strong>ipsius,</strong></span> <span class='ocrx_word' id='word_1_9' title='bbox 1593 377 1850 430; x_wconf 77' lang='lat' dir='ltr'><strong>auxilium</strong></span> <span class='ocrx_word' id='word_1_10' title='bbox 1886 375 1952 430; x_wconf 91' lang='lat' dir='ltr'><strong>ab</strong></span> <span class='ocrx_word' id='word_1_11' title='bbox 1987 391 2051 430; x_wconf 90' lang='lat' dir='ltr'><strong>eo</strong></span> 
     </span>
    </p>
   </div>
   <div class='ocr_carea' id='block_1_5' title="bbox 2165 365 3660 450">
    <p class='ocr_par' dir='ltr' id='par_1_5' title="bbox 2165 365 3660 444">
     <span class='ocr_line' id='line_1_5' title="bbox 2165 365 3660 444; baseline -0.005 -16"><span class='ocrx_word' id='word_1_12' title='bbox 2165 375 2424 444; x_wconf 62' lang='grc' dir='ltr'><strong>χομαχίαν</strong></span> <span class='ocrx_word' id='word_1_13' title='bbox 2455 368 2876 441; x_wconf 69' lang='grc' dir='ltr'><strong>ἑτοιμάσασθαι.</strong></span> <span class='ocrx_word' id='word_1_14' title='bbox 2934 367 3111 420; x_wconf 78' lang='grc' dir='ltr'><strong>Ταυτδ</strong></span> <span class='ocrx_word' id='word_1_15' title='bbox 3164 366 3217 419; x_wconf 79' lang='grc' dir='ltr'><strong>δὲ</strong></span> <span class='ocrx_word' id='word_1_16' title='bbox 3267 365 3413 419; x_wconf 79' lang='grc' dir='ltr'><strong>τοῦτο</strong></span> <span class='ocrx_word' id='word_1_17' title='bbox 3459 367 3544 420; x_wconf 67' lang='grc' dir='ltr'><strong>καὶ</strong></span> <span class='ocrx_word' id='word_1_18' title='bbox 3569 371 3660 431; x_wconf 75' lang='grc' dir='ltr'><strong>τοῖς</strong></span> 
     </span>
    </p>
   </div>
   <div class='ocr_carea' id='block_1_6' title="bbox 481 467 2052 538">
    <p class='ocr_par' dir='ltr' id='par_1_6' title="bbox 481 467 2052 538">
     <span class='ocr_line' id='line_1_6' title="bbox 481 467 2052 538; baseline -0.003 -12"><span class='ocrx_word' id='word_1_19' title='bbox 481 471 638 538; x_wconf 88' lang='lat' dir='ltr'><strong>cujus</strong></span> <span class='ocrx_word' id='word_1_20' title='bbox 669 471 858 525; x_wconf 88' lang='lat' dir='ltr'><strong>ﬁducia</strong></span> <span class='ocrx_word' id='word_1_21' title='bbox 893 479 1158 525; x_wconf 73' lang='lat' dir='ltr'><strong>Steterunt</strong></span> <span class='ocrx_word' id='word_1_22' title='bbox 1186 469 1598 538; x_wconf 77' lang='lat' dir='ltr'><strong>desperassent;</strong></span> <span class='ocrx_word' id='word_1_23' title='bbox 1627 468 1911 522; x_wconf 82' lang='lat' dir='ltr'><strong>consilium</strong></span> <span class='ocrx_word' id='word_1_24' title='bbox 1952 467 2052 521; x_wconf 82' lang='lat' dir='ltr'><strong>de-</strong></span> 
     </span>
    </p>
   </div>
   <div class='ocr_carea' id='block_1_7' title="bbox 486 558 2056 632">
    <p class='ocr_par' dir='ltr' id='par_1_7' title="bbox 486 558 2056 632">
     <span class='ocr_line' id='line_1_7' title="bbox 486 558 2056 632; baseline -0.003 -16"><span class='ocrx_word' id='word_1_25' title='bbox 486 563 651 632; x_wconf 90' lang='lat' dir='ltr'><strong>nique</strong></span> <span class='ocrx_word' id='word_1_26' title='bbox 683 563 1016 626; x_wconf 86' lang='lat' dir='ltr'><strong>conclusere,</strong></span> <span class='ocrx_word' id='word_1_27' title='bbox 1061 561 1206 614; x_wconf 89' lang='lat' dir='ltr'><strong>serio</strong></span> <span class='ocrx_word' id='word_1_28' title='bbox 1255 559 1546 614; x_wconf 71' lang='lat' dir='ltr'><strong>tractanda:</strong></span> <span class='ocrx_word' id='word_1_29' title='bbox 1602 575 1724 615; x_wconf 90' lang='lat' dir='ltr'><strong>cum</strong></span> <span class='ocrx_word' id='word_1_30' title='bbox 1783 558 2056 612; x_wconf 88' lang='lat' dir='ltr'><strong>Butumite</strong></span> 
     </span>
    </p>
   </div>
   <div class='ocr_carea' id='block_1_8' title="bbox 425 649 2056 719">
    <p class='ocr_par' dir='ltr' id='par_1_8' title="bbox 425 649 2056 719">
     <span class='ocr_line' id='line_1_8' title="bbox 425 649 2056 719; baseline -0.003 -11"><span class='ocrx_word' id='word_1_31' title='bbox 425 670 430 675; x_wconf 91' lang='lat'><strong><em>&#39;</em></strong></span> <span class='ocrx_word' id='word_1_32' title='bbox 486 655 789 708; x_wconf 62' lang='lat' dir='ltr'><strong>deditionis.</strong></span> <span class='ocrx_word' id='word_1_33' title='bbox 824 651 1088 703; x_wconf 85' lang='lat' dir='ltr'><strong>Evocatus</strong></span> <span class='ocrx_word' id='word_1_34' title='bbox 1116 651 1202 704; x_wconf 90' lang='lat' dir='ltr'><strong>ille</strong></span> <span class='ocrx_word' id='word_1_35' title='bbox 1233 652 1296 702; x_wconf 87' lang='lat' dir='ltr'><strong>ad</strong></span> <span class='ocrx_word' id='word_1_36' title='bbox 1328 651 1648 719; x_wconf 83' lang='lat' dir='ltr'><strong>colloquium</strong></span> <span class='ocrx_word' id='word_1_37' title='bbox 1672 651 1898 703; x_wconf 84' lang='lat' dir='ltr'><strong>Auream</strong></span> <span class='ocrx_word' id='word_1_38' title='bbox 1925 649 2056 718; x_wconf 81' lang='lat' dir='ltr'><strong>ipsis</strong></span> 
     </span>
    </p>
   </div>
   <div class='ocr_carea' id='block_1_9' title="bbox 488 742 2056 812">
    <p class='ocr_par' dir='ltr' id='par_1_9' title="bbox 488 742 2056 812">
     <span class='ocr_line' id='line_1_9' title="bbox 488 742 2056 812; baseline -0.003 -14"><span class='ocrx_word' id='word_1_39' title='bbox 488 745 685 798; x_wconf 81' lang='lat' dir='ltr'><strong>bullam</strong></span> <span class='ocrx_word' id='word_1_40' title='bbox 715 745 780 795; x_wconf 86' lang='lat' dir='ltr'><strong>ad</strong></span> <span class='ocrx_word' id='word_1_41' title='bbox 817 744 866 795; x_wconf 83' lang='grc' dir='ltr'><strong>ῘιΙ</strong></span> <span class='ocrx_word' id='word_1_42' title='bbox 896 742 1067 808; x_wconf 86' lang='lat' dir='ltr'><strong>ipsum</strong></span> <span class='ocrx_word' id='word_1_43' title='bbox 1096 744 1162 794; x_wconf 89' lang='lat' dir='ltr'><strong>ab</strong></span> <span class='ocrx_word' id='word_1_44' title='bbox 1189 743 1433 812; x_wconf 77' lang='lat' dir='ltr'><strong>Augusto</strong></span> <span class='ocrx_word' id='word_1_45' title='bbox 1457 743 1556 797; x_wconf 89' lang='lat' dir='ltr'><strong>sibi</strong></span> <span class='ocrx_word' id='word_1_46' title='bbox 1591 743 1842 796; x_wconf 85' lang='lat' dir='ltr'><strong>traditam</strong></span> <span class='ocrx_word' id='word_1_47' title='bbox 1871 749 2056 795; x_wconf 87' lang='lat' dir='ltr'><strong>osten-</strong></span> 
     </span>
    </p>
   </div>
   <div class='ocr_carea' id='block_1_10' title="bbox 487 833 2058 904">
    <p class='ocr_par' dir='ltr' id='par_1_10' title="bbox 487 833 2058 904">
     <span class='ocr_line' id='line_1_10' title="bbox 487 833 2058 904; baseline -0.002 -15"><span class='ocrx_word' id='word_1_48' title='bbox 487 839 586 898; x_wconf 88' lang='lat' dir='ltr'><strong>dit,</strong></span> <span class='ocrx_word' id='word_1_49' title='bbox 620 853 721 902; x_wconf 77' lang='lat' dir='ltr'><strong>qua</strong></span> <span class='ocrx_word' id='word_1_50' title='bbox 758 837 1142 903; x_wconf 82' lang='lat' dir='ltr'><strong>prmuissiones</strong></span> <span class='ocrx_word' id='word_1_51' title='bbox 1195 852 1357 904; x_wconf 84' lang='lat' dir='ltr'><strong>supra</strong></span> <span class='ocrx_word' id='word_1_52' title='bbox 1407 837 1622 890; x_wconf 89' lang='lat' dir='ltr'><strong>modum</strong></span> <span class='ocrx_word' id='word_1_53' title='bbox 1654 833 1972 902; x_wconf 80' lang='lat' dir='ltr'><strong>expetibiles</strong></span> <span class='ocrx_word' id='word_1_54' title='bbox 2002 838 2058 886; x_wconf 75' lang='lat' dir='ltr'><strong>et</strong></span> 
     </span>
    </p>
   </div>
   <div class='ocr_carea' id='block_1_11' title="bbox 488 925 2060 995">
    <p class='ocr_par' dir='ltr' id='par_1_11' title="bbox 488 925 2060 995">
     <span class='ocr_line' id='line_1_11' title="bbox 488 925 2060 995; baseline -0.001 -16"><span class='ocrx_word' id='word_1_55' title='bbox 488 943 638 995; x_wconf 80' lang='lat' dir='ltr'><strong>spem</strong></span> <span class='ocrx_word' id='word_1_56' title='bbox 673 928 955 980; x_wconf 77' lang='lat' dir='ltr'><strong>vincentes</strong></span> <span class='ocrx_word' id='word_1_57' title='bbox 984 940 1182 993; x_wconf 86' lang='lat' dir='ltr'><strong>quanta</strong></span> <span class='ocrx_word' id='word_1_58' title='bbox 1206 929 1437 981; x_wconf 79' lang='lat' dir='ltr'><strong>maxima</strong></span> <span class='ocrx_word' id='word_1_59' title='bbox 1467 927 1721 981; x_wconf 86' lang='lat' dir='ltr'><strong>ﬁrmitate</strong></span> <span class='ocrx_word' id='word_1_60' title='bbox 1751 925 2060 979; x_wconf 84' lang='lat' dir='ltr'><strong>sancieban-</strong></span> 
     </span>
    </p>
   </div>
   <div class='ocr_carea' id='block_1_12' title="bbox 490 1017 2059 1085">
    <p class='ocr_par' dir='ltr' id='par_1_12' title="bbox 490 1017 2059 1085">
     <span class='ocr_line' id='line_1_12' title="bbox 490 1017 2059 1085; baseline -0.001 -15"><span class='ocrx_word' id='word_1_61' title='bbox 490 1030 596 1071; x_wconf 91' lang='lat' dir='ltr'><strong>tur.</strong></span> <span class='ocrx_word' id='word_1_62' title='bbox 657 1018 918 1070; x_wconf 78' lang='lat' dir='ltr'><strong>Nimirum</strong></span> <span class='ocrx_word' id='word_1_63' title='bbox 972 1017 1271 1084; x_wconf 76' lang='lat' dir='ltr'><strong>imperator</strong></span> <span class='ocrx_word' id='word_1_64' title='bbox 1317 1033 1419 1070; x_wconf 86' lang='lat' dir='ltr'><strong>non</strong></span> <span class='ocrx_word' id='word_1_65' title='bbox 1473 1019 1634 1072; x_wconf 86' lang='lat' dir='ltr'><strong>modo</strong></span> <span class='ocrx_word' id='word_1_66' title='bbox 1680 1017 2059 1085; x_wconf 71' lang='lat' dir='ltr'><strong>impunitatem</strong></span> 
     </span>
    </p>
   </div>
   <div class='ocr_carea' id='block_1_13' title="bbox 490 1108 2058 1178">
    <p class='ocr_par' dir='ltr' id='par_1_13' title="bbox 490 1108 2058 1178">
     <span class='ocr_line' id='line_1_13' title="bbox 490 1108 2058 1178; baseline 0 -17"><span class='ocrx_word' id='word_1_67' title='bbox 490 1109 953 1176; x_wconf 74' lang='lat' dir='ltr'><strong>securitatemque</strong></span> <span class='ocrx_word' id='word_1_68' title='bbox 1001 1110 1294 1178; x_wconf 65' lang='lat' dir='ltr'><strong>praestabat</strong></span> <span class='ocrx_word' id='word_1_69' title='bbox 1346 1110 1596 1162; x_wconf 88' lang='lat' dir='ltr'><strong>omnibus</strong></span> <span class='ocrx_word' id='word_1_70' title='bbox 1647 1108 2058 1162; x_wconf 82' lang='lat' dir='ltr'><strong>certissimam:</strong></span> 
     </span>
    </p>
   </div>
   <div class='ocr_carea' id='block_1_14' title="bbox 485 1196 2062 1267">
    <p class='ocr_par' dir='ltr' id='par_1_14' title="bbox 485 1196 2062 1267">
     <span class='ocr_line' id='line_1_14' title="bbox 485 1196 2062 1267; baseline 0 -17"><span class='ocrx_word' id='word_1_71' title='bbox 485 1213 675 1252; x_wconf 82' lang='lat' dir='ltr'><strong>verum</strong></span> <span class='ocrx_word' id='word_1_72' title='bbox 708 1199 870 1252; x_wconf 87' lang='lat' dir='ltr'><strong>etiam</strong></span> <span class='ocrx_word' id='word_1_73' title='bbox 904 1209 958 1253; x_wconf 90' lang='lat' dir='ltr'><strong>et</strong></span> <span class='ocrx_word' id='word_1_74' title='bbox 989 1201 1342 1267; x_wconf 79' lang='lat' dir='ltr'><strong>pecuniarum</strong></span> <span class='ocrx_word' id='word_1_75' title='bbox 1368 1210 1422 1254; x_wconf 89' lang='lat' dir='ltr'><strong>et</strong></span> <span class='ocrx_word' id='word_1_76' title='bbox 1447 1201 1714 1254; x_wconf 87' lang='lat' dir='ltr'><strong>bonorum</strong></span> <span class='ocrx_word' id='word_1_77' title='bbox 1747 1196 2062 1267; x_wconf 78' lang='lat' dir='ltr'><strong>largitiones</strong></span> 
     </span>
    </p>
   </div>
   <div class='ocr_carea' id='block_1_15' title="bbox 489 1289 2058 1359">
    <p class='ocr_par' dir='ltr' id='par_1_15' title="bbox 489 1289 2058 1359">
     <span class='ocr_line' id='line_1_15' title="bbox 489 1289 2058 1359; baseline 0 -17"><span class='ocrx_word' id='word_1_78' title='bbox 489 1291 702 1358; x_wconf 88' lang='lat' dir='ltr'><strong>amplas</strong></span> <span class='ocrx_word' id='word_1_79' title='bbox 739 1291 1069 1344; x_wconf 73' lang='lat' dir='ltr'><strong>decernebat</strong></span> <span class='ocrx_word' id='word_1_80' title='bbox 1119 1293 1295 1346; x_wconf 87' lang='lat' dir='ltr'><strong>sorori</strong></span> <span class='ocrx_word' id='word_1_81' title='bbox 1331 1301 1388 1346; x_wconf 91' lang='lat' dir='ltr'><strong>et</strong></span> <span class='ocrx_word' id='word_1_82' title='bbox 1440 1292 1594 1346; x_wconf 78' lang='lat' dir='ltr'><strong>uxori</strong></span> <span class='ocrx_word' id='word_1_83' title='bbox 1630 1289 1882 1354; x_wconf 88' lang='lat' dir='ltr'><strong>sultanis,</strong></span> <span class='ocrx_word' id='word_1_84' title='bbox 1917 1306 2058 1359; x_wconf 69' lang='lat' dir='ltr'><strong>qum,</strong></span> 
     </span>
    </p>
   </div>
   <div class='ocr_carea' id='block_1_16' title="bbox 488 1381 2062 1452">
    <p class='ocr_par' dir='ltr' id='par_1_16' title="bbox 488 1381 2062 1452">
     <span class='ocr_line' id='line_1_16' title="bbox 488 1381 2062 1452; baseline -0.001 -17"><span class='ocrx_word' id='word_1_85' title='bbox 488 1391 548 1435; x_wconf 90' lang='lat' dir='ltr'><strong>ut</strong></span> <span class='ocrx_word' id='word_1_86' title='bbox 578 1382 876 1448; x_wconf 71' lang='lat' dir='ltr'><strong>ferebatur,</strong></span> <span class='ocrx_word' id='word_1_87' title='bbox 927 1382 1030 1436; x_wconf 86' lang='lat' dir='ltr'><strong>filia</strong></span> <span class='ocrx_word' id='word_1_88' title='bbox 1068 1393 1185 1438; x_wconf 91' lang='lat' dir='ltr'><strong>erat</strong></span> <span class='ocrx_word' id='word_1_89' title='bbox 1224 1383 1494 1438; x_wconf 74' lang='lat' dir='ltr'><strong>Tzacltee:</strong></span> <span class='ocrx_word' id='word_1_90' title='bbox 1524 1396 1700 1452; x_wconf 92' lang='lat' dir='ltr'><strong>neque</strong></span> <span class='ocrx_word' id='word_1_91' title='bbox 1733 1381 1855 1435; x_wconf 85' lang='lat' dir='ltr'><strong>huic</strong></span> <span class='ocrx_word' id='word_1_92' title='bbox 1885 1383 2062 1436; x_wconf 87' lang='lat' dir='ltr'><strong>solum</strong></span> 
     </span>
    </p>
   </div>
   <div class='ocr_carea' id='block_1_17' title="bbox 487 1471 2065 1542">
    <p class='ocr_par' dir='ltr' id='par_1_17' title="bbox 487 1471 2065 1542">
     <span class='ocr_line' id='line_1_17' title="bbox 487 1471 2065 1542; baseline -0.002 -14"><span class='ocrx_word' id='word_1_93' title='bbox 487 1472 634 1542; x_wconf 70' lang='lat' dir='ltr'><strong>regia</strong></span> <span class='ocrx_word' id='word_1_94' title='bbox 668 1473 964 1529; x_wconf 86' lang='lat' dir='ltr'><strong>liberalitas</strong></span> <span class='ocrx_word' id='word_1_95' title='bbox 983 1475 1378 1537; x_wconf 82' lang='lat' dir='ltr'><strong>ostentabatur,</strong></span> <span class='ocrx_word' id='word_1_96' title='bbox 1413 1474 1508 1529; x_wconf 89' lang='lat' dir='ltr'><strong>sed</strong></span> <span class='ocrx_word' id='word_1_97' title='bbox 1538 1482 1592 1528; x_wconf 90' lang='lat' dir='ltr'><strong>et</strong></span> <span class='ocrx_word' id='word_1_98' title='bbox 1622 1473 1780 1541; x_wconf 83' lang='lat' dir='ltr'><strong>plane</strong></span> <span class='ocrx_word' id='word_1_99' title='bbox 1811 1471 2065 1526; x_wconf 87' lang='lat' dir='ltr'><strong>omnibus</strong></span> 
     </span>
    </p>
   </div>
   <div class='ocr_carea' id='block_1_18' title="bbox 493 1563 2064 1635">
    <p class='ocr_par' dir='ltr' id='par_1_18' title="bbox 493 1563 2064 1635">
     <span class='ocr_line' id='line_1_18' title="bbox 493 1563 2064 1635; baseline -0.004 -16"><span class='ocrx_word' id='word_1_100' title='bbox 493 1574 762 1634; x_wconf 87' lang='lat' dir='ltr'><strong>quotquot</strong></span> <span class='ocrx_word' id='word_1_101' title='bbox 814 1575 972 1620; x_wconf 92' lang='lat' dir='ltr'><strong>erant</strong></span> <span class='ocrx_word' id='word_1_102' title='bbox 1033 1565 1225 1621; x_wconf 68' lang='lat' dir='ltr'><strong>Nicaea:</strong></span> <span class='ocrx_word' id='word_1_103' title='bbox 1284 1566 1536 1622; x_wconf 76' lang='lat' dir='ltr'><strong>Barbarie</strong></span> <span class='ocrx_word' id='word_1_104' title='bbox 1591 1579 1783 1635; x_wconf 86' lang='lat' dir='ltr'><strong>magna</strong></span> <span class='ocrx_word' id='word_1_105' title='bbox 1842 1563 2064 1633; x_wconf 65' lang='lat' dir='ltr'><strong>praemia</strong></span> 
     </span>
    </p>
   </div>
   <div class='ocr_carea' id='block_1_19' title="bbox 491 1657 2066 1726">
    <p class='ocr_par' dir='ltr' id='par_1_19' title="bbox 491 1657 2066 1726">
     <span class='ocr_line' id='line_1_19' title="bbox 491 1657 2066 1726; baseline 0 -18"><span class='ocrx_word' id='word_1_106' title='bbox 491 1657 956 1726; x_wconf 75' lang='lat' dir='ltr'><strong>proponebantur.</strong></span> <span class='ocrx_word' id='word_1_107' title='bbox 985 1657 1078 1714; x_wconf 83' lang='lat' dir='ltr'><strong>His</strong></span> <span class='ocrx_word' id='word_1_108' title='bbox 1105 1669 1213 1712; x_wconf 89' lang='lat' dir='ltr'><strong>tam</strong></span> <span class='ocrx_word' id='word_1_109' title='bbox 1245 1657 1566 1721; x_wconf 82' lang='lat' dir='ltr'><strong>commodis,</strong></span> <span class='ocrx_word' id='word_1_110' title='bbox 1599 1665 1852 1724; x_wconf 86' lang='lat' dir='ltr'><strong>tantaque</strong></span> <span class='ocrx_word' id='word_1_111' title='bbox 1882 1664 2066 1708; x_wconf 88' lang='lat' dir='ltr'><strong>aucto-</strong></span> 
     </span>
    </p>
   </div>
   <div class='ocr_carea' id='block_1_20' title="bbox 2155 455 3664 533">
    <p class='ocr_par' dir='ltr' id='par_1_20' title="bbox 2155 455 3664 533">
     <span class='ocr_line' id='line_1_20' title="bbox 2155 455 3664 533; baseline -0.005 -14"><span class='ocrx_word' id='word_1_112' title='bbox 2155 465 2386 527; x_wconf 78' lang='grc' dir='ltr'><strong>Κελτοῖς</strong></span> <span class='ocrx_word' id='word_1_113' title='bbox 2437 461 2862 533; x_wconf 76' lang='grc' dir='ltr'><strong>παρασκευάσαι</strong></span> <span class='ocrx_word' id='word_1_114' title='bbox 2888 458 2980 512; x_wconf 80' lang='grc' dir='ltr'><strong>καὶ</strong></span> <span class='ocrx_word' id='word_1_115' title='bbox 3015 455 3178 528; x_wconf 80' lang='grc' dir='ltr'><strong>μηδὲν</strong></span> <span class='ocrx_word' id='word_1_116' title='bbox 3229 456 3383 510; x_wconf 80' lang='grc' dir='ltr'><strong>πλέον</strong></span> <span class='ocrx_word' id='word_1_117' title='bbox 3408 457 3572 520; x_wconf 75' lang='grc' dir='ltr'><strong>αὐτοῖς</strong></span> <span class='ocrx_word' id='word_1_118' title='bbox 3591 477 3664 512; x_wconf 84' lang='grc' dir='ltr'><strong>τε-</strong></span> 
     </span>
    </p>
   </div>
   <div class='ocr_carea' id='block_1_21' title="bbox 2157 538 3665 628">
    <p class='ocr_par' dir='ltr' id='par_1_21' title="bbox 2157 538 3665 628">
     <span class='ocr_line' id='line_1_21' title="bbox 2157 538 3665 628; baseline -0.007 -16"><span class='ocrx_word' id='word_1_119' title='bbox 2157 557 2493 628; x_wconf 80' lang='grc' dir='ltr'><strong>θαρῤηκέναι</strong></span> <span class='ocrx_word' id='word_1_120' title='bbox 2546 556 2578 623; x_wconf 76' lang='grc' dir='ltr'>ἢ</span> <span class='ocrx_word' id='word_1_121' title='bbox 2615 554 2714 622; x_wconf 77' lang='grc' dir='ltr'><strong>τὴν</strong></span> <span class='ocrx_word' id='word_1_122' title='bbox 2743 549 3046 619; x_wconf 81' lang='grc' dir='ltr'><strong>κυκλοτερῆ</strong></span> <span class='ocrx_word' id='word_1_123' title='bbox 3094 538 3461 618; x_wconf 79' lang='grc' dir='ltr'><strong>τειχομαχίαν,</strong></span> <span class='ocrx_word' id='word_1_124' title='bbox 3502 550 3582 601; x_wconf 76' lang='grc' dir='ltr'><strong>καὶ</strong></span> <span class='ocrx_word' id='word_1_125' title='bbox 3605 550 3665 612; x_wconf 80' lang='grc' dir='ltr'><strong>ὡς</strong></span> 
     </span>
    </p>
   </div>
   <div class='ocr_carea' id='block_1_22' title="bbox 2157 639 3669 720">
    <p class='ocr_par' dir='ltr' id='par_1_22' title="bbox 2157 639 3669 720">
     <span class='ocr_line' id='line_1_22' title="bbox 2157 639 3669 720; baseline -0.008 -16"><span class='ocrx_word' id='word_1_126' title='bbox 2157 649 2264 720; x_wconf 79' lang='grc' dir='ltr'><strong>χρὴ</strong></span> <span class='ocrx_word' id='word_1_127' title='bbox 2298 647 2602 719; x_wconf 67' lang='grc' dir='ltr'><strong>περιζιῖηαι</strong></span> <span class='ocrx_word' id='word_1_128' title='bbox 2646 646 2715 698; x_wconf 74' lang='grc' dir='ltr'><strong>τά</strong></span> <span class='ocrx_word' id='word_1_129' title='bbox 2765 642 2944 711; x_wconf 81' lang='grc' dir='ltr'><strong>τείχη,</strong></span> <span class='ocrx_word' id='word_1_130' title='bbox 2977 641 3072 693; x_wconf 73' lang='grc' dir='ltr'><strong>καὶ</strong></span> <span class='ocrx_word' id='word_1_131' title='bbox 3105 639 3200 709; x_wconf 86' lang='grc' dir='ltr'><strong>τῆς</strong></span> <span class='ocrx_word' id='word_1_132' title='bbox 3243 639 3557 707; x_wconf 84' lang='grc' dir='ltr'><strong>πολιορκίας,</strong></span> <span class='ocrx_word' id='word_1_133' title='bbox 3593 641 3669 693; x_wconf 79' lang='grc' dir='ltr'><strong>ἁν-</strong></span> 
     </span>
    </p>
   </div>
   <div class='ocr_carea' id='block_1_23' title="bbox 2161 730 3670 810">
    <p class='ocr_par' dir='ltr' id='par_1_23' title="bbox 2161 730 3670 810">
     <span class='ocr_line' id='line_1_23' title="bbox 2161 730 3670 810; baseline -0.019 -10"><span class='ocrx_word' id='word_1_134' title='bbox 2161 741 2402 810; x_wconf 77' lang='grc' dir='ltr'><strong>ίσχοντος</strong></span> <span class='ocrx_word' id='word_1_135' title='bbox 2432 738 2606 808; x_wconf 83' lang='grc' dir='ltr'><strong>ἡλίου,</strong></span> <span class='ocrx_word' id='word_1_136' title='bbox 2635 732 3064 803; x_wconf 78' lang='grc' dir='ltr'><strong>ἀποπειρᾶσθαι.</strong></span> <span class='ocrx_word' id='word_1_137' title='bbox 3089 732 3161 784; x_wconf 79' lang='grc' dir='ltr'><strong>Τὸ</strong></span> <span class='ocrx_word' id='word_1_138' title='bbox 3185 731 3240 784; x_wconf 80' lang='grc' dir='ltr'><strong>δὲ</strong></span> <span class='ocrx_word' id='word_1_139' title='bbox 3268 730 3372 800; x_wconf 76' lang='grc' dir='ltr'><strong>ἄρα</strong></span> <span class='ocrx_word' id='word_1_140' title='bbox 3390 731 3583 801; x_wconf 71' lang='grc' dir='ltr'><strong>μηχανή</strong></span> <span class='ocrx_word' id='word_1_141' title='bbox 3606 748 3670 793; x_wconf 77' lang='grc' dir='ltr'><strong>τις</strong></span> 
     </span>
    </p>
   </div>
   <div class='ocr_carea' id='block_1_24' title="bbox 2157 821 3672 903">
    <p class='ocr_par' dir='ltr' id='par_1_24' title="bbox 2157 821 3672 903">
     <span class='ocr_line' id='line_1_24' title="bbox 2157 821 3672 903; baseline -0.009 -16"><span class='ocrx_word' id='word_1_142' title='bbox 2157 829 2246 903; x_wconf 78' lang='grc' dir='ltr'><strong>ἦν,</strong></span> <span class='ocrx_word' id='word_1_143' title='bbox 2291 833 2377 884; x_wconf 82' lang='grc' dir='ltr'><strong>ἵνα</strong></span> <span class='ocrx_word' id='word_1_144' title='bbox 2396 831 2522 900; x_wconf 78' lang='grc' dir='ltr'><strong>δόξῃ</strong></span> <span class='ocrx_word' id='word_1_145' title='bbox 2550 831 2662 892; x_wconf 76' lang='grc' dir='ltr'><strong>τοῖς</strong></span> <span class='ocrx_word' id='word_1_146' title='bbox 2688 826 2914 888; x_wconf 81' lang='grc' dir='ltr'><strong>Κελτοῖς</strong></span> <span class='ocrx_word' id='word_1_147' title='bbox 2943 824 3162 893; x_wconf 85' lang='grc' dir='ltr'><strong>πολέμῳ</strong></span> <span class='ocrx_word' id='word_1_148' title='bbox 3183 822 3407 891; x_wconf 75' lang='grc' dir='ltr'><strong>ταυτηνὶ</strong></span> <span class='ocrx_word' id='word_1_149' title='bbox 3433 821 3524 891; x_wconf 83' lang='grc' dir='ltr'><strong>τὴν</strong></span> <span class='ocrx_word' id='word_1_150' title='bbox 3551 821 3672 874; x_wconf 78' lang='grc' dir='ltr'><strong>πόλιν</strong></span> 
     </span>
    </p>
   </div>
   <div class='ocr_carea' id='block_1_25' title="bbox 2161 913 3674 994">
    <p class='ocr_par' dir='ltr' id='par_1_25' title="bbox 2161 913 3674 994">
     <span class='ocr_line' id='line_1_25' title="bbox 2161 913 3674 994; baseline -0.01 -15"><span class='ocrx_word' id='word_1_151' title='bbox 2161 925 2361 980; x_wconf 85' lang='grc' dir='ltr'><strong>άλῶναι</strong></span> <span class='ocrx_word' id='word_1_152' title='bbox 2384 924 2534 994; x_wconf 77' lang='grc' dir='ltr'><strong>παρὰ</strong></span> <span class='ocrx_word' id='word_1_153' title='bbox 2554 923 2648 975; x_wconf 83' lang='grc' dir='ltr'><strong>τοῦ</strong></span> <span class='ocrx_word' id='word_1_154' title='bbox 2678 918 3046 988; x_wconf 85' lang='grc' dir='ltr'><strong>Βουτουμίτου</strong></span> <span class='ocrx_word' id='word_1_155' title='bbox 3081 918 3175 968; x_wconf 71' lang='grc' dir='ltr'><strong>καὶ</strong></span> <span class='ocrx_word' id='word_1_156' title='bbox 3207 914 3342 984; x_wconf 82' lang='grc' dir='ltr'><strong>λάθῃ</strong></span> <span class='ocrx_word' id='word_1_157' title='bbox 3387 914 3446 966; x_wconf 76' lang='grc' dir='ltr'><strong>τὸ</strong></span> <span class='ocrx_word' id='word_1_158' title='bbox 3487 913 3674 984; x_wconf 85' lang='grc' dir='ltr'><strong>μελετη-</strong></span> 
     </span>
    </p>
   </div>
   <div class='ocr_carea' id='block_1_26' title="bbox 2162 1003 3677 1084">
    <p class='ocr_par' dir='ltr' id='par_1_26' title="bbox 2162 1003 3677 1084">
     <span class='ocr_line' id='line_1_26' title="bbox 2162 1003 3677 1084; baseline -0.007 -13"><span class='ocrx_word' id='word_1_159' title='bbox 2162 1018 2254 1072; x_wconf 82' lang='grc' dir='ltr'><strong>θὲν</strong></span> <span class='ocrx_word' id='word_1_160' title='bbox 2283 1017 2435 1084; x_wconf 81' lang='grc' dir='ltr'><strong>παρὰ</strong></span> <span class='ocrx_word' id='word_1_161' title='bbox 2461 1013 2555 1068; x_wconf 82' lang='grc' dir='ltr'><strong>τοῦ</strong></span> <span class='ocrx_word' id='word_1_162' title='bbox 2585 1012 2990 1083; x_wconf 75' lang='grc' dir='ltr'><strong>αὐτοκράτορος</strong></span> <span class='ocrx_word' id='word_1_163' title='bbox 3047 1008 3231 1078; x_wconf 79' lang='grc' dir='ltr'><strong>δρᾶμα</strong></span> <span class='ocrx_word' id='word_1_164' title='bbox 3282 1005 3378 1074; x_wconf 78' lang='grc' dir='ltr'><strong>τῆς</strong></span> <span class='ocrx_word' id='word_1_165' title='bbox 3410 1003 3677 1073; x_wconf 75' lang='grc' dir='ltr'><strong>προδοσίας.</strong></span> 
     </span>
    </p>
   </div>
   <div class='ocr_carea' id='block_1_27' title="bbox 2175 1093 3680 1180">
    <p class='ocr_par' dir='ltr' id='par_1_27' title="bbox 2175 1093 3680 1180">
     <span class='ocr_line' id='line_1_27' title="bbox 2175 1093 3680 1180; baseline -0.01 -17"><span class='ocrx_word' id='word_1_166' title='bbox 2175 1108 2489 1180; x_wconf 80' lang='grc' dir='ltr'><strong>’Δπὸρρητα</strong></span> <span class='ocrx_word' id='word_1_167' title='bbox 2511 1106 2622 1177; x_wconf 75' lang='grc' dir='ltr'><strong>γὰρ</strong></span> <span class='ocrx_word' id='word_1_168' title='bbox 2651 1107 2766 1167; x_wconf 86' lang='grc' dir='ltr'><strong>τοῖς</strong></span> <span class='ocrx_word' id='word_1_169' title='bbox 2790 1103 3013 1164; x_wconf 81' lang='grc' dir='ltr'><strong>Κελτοῖς</strong></span> <span class='ocrx_word' id='word_1_170' title='bbox 3037 1103 3064 1154; x_wconf 84' lang='grc' dir='ltr'><strong><em>ὁ</em></strong></span> <span class='ocrx_word' id='word_1_171' title='bbox 3088 1097 3342 1170; x_wconf 76' lang='grc' dir='ltr'><strong>βασιλεὺς</strong></span> <span class='ocrx_word' id='word_1_172' title='bbox 3365 1096 3541 1165; x_wconf 76' lang='grc' dir='ltr'><strong>ἧθελεν</strong></span> <span class='ocrx_word' id='word_1_173' title='bbox 3569 1093 3680 1149; x_wconf 76' lang='grc' dir='ltr'><strong>εἶναι</strong></span> 
     </span>
    </p>
   </div>
   <div class='ocr_carea' id='block_1_28' title="bbox 2161 1185 3682 1271">
    <p class='ocr_par' dir='ltr' id='par_1_28' title="bbox 2161 1185 3682 1271">
     <span class='ocr_line' id='line_1_28' title="bbox 2161 1185 3682 1271; baseline -0.012 -16"><span class='ocrx_word' id='word_1_174' title='bbox 2161 1201 2233 1255; x_wconf 81' lang='grc' dir='ltr'><strong>τὰ</strong></span> <span class='ocrx_word' id='word_1_175' title='bbox 2251 1200 2401 1271; x_wconf 84' lang='grc' dir='ltr'><strong>παρὰ</strong></span> <span class='ocrx_word' id='word_1_176' title='bbox 2423 1197 2516 1251; x_wconf 79' lang='grc' dir='ltr'><strong>τοῦ</strong></span> <span class='ocrx_word' id='word_1_177' title='bbox 2542 1195 2910 1264; x_wconf 85' lang='grc' dir='ltr'><strong>Βουτουμίτου</strong></span> <span class='ocrx_word' id='word_1_178' title='bbox 2941 1187 3223 1260; x_wconf 84' lang='grc' dir='ltr'><strong>οῑκονομού</strong></span> <span class='ocrx_word' id='word_1_179' title='bbox 3233 1205 3367 1258; x_wconf 82' lang='grc' dir='ltr'><strong>μενα</strong></span> <span class='ocrx_word' id='word_1_180' title='bbox 3386 1203 3399 1217; x_wconf 90' lang='grc'><strong>·</strong></span> <span class='ocrx_word' id='word_1_181' title='bbox 3423 1188 3484 1255; x_wconf 75' lang='grc' dir='ltr'><strong>τῇ</strong></span> <span class='ocrx_word' id='word_1_182' title='bbox 3512 1185 3561 1238; x_wconf 76' lang='grc' dir='ltr'><strong>δὲ</strong></span> <span class='ocrx_word' id='word_1_183' title='bbox 3589 1185 3682 1255; x_wconf 84' lang='grc' dir='ltr'><strong>μετ’</strong></span> 
     </span>
    </p>
   </div>
   <div class='ocr_carea' id='block_1_29' title="bbox 2164 1276 3685 1361">
    <p class='ocr_par' dir='ltr' id='par_1_29' title="bbox 2164 1276 3685 1361">
     <span class='ocr_line' id='line_1_29' title="bbox 2164 1276 3685 1361; baseline -0.013 -15"><span class='ocrx_word' id='word_1_184' title='bbox 2164 1291 2334 1361; x_wconf 78' lang='grc' dir='ltr'><strong>αὐτὴν</strong></span> <span class='ocrx_word' id='word_1_185' title='bbox 2355 1290 2415 1342; x_wconf 82' lang='grc' dir='ltr'><strong>τὸ</strong></span> <span class='ocrx_word' id='word_1_186' title='bbox 2461 1288 2707 1341; x_wconf 65' lang='grc' dir='ltr'><strong>ἐνυάλιον</strong></span> <span class='ocrx_word' id='word_1_187' title='bbox 2747 1284 3120 1350; x_wconf 68' lang='grc' dir='ltr'><strong>ἀλαλάξαντες</strong></span> <span class='ocrx_word' id='word_1_188' title='bbox 3149 1279 3209 1346; x_wconf 63' lang='lat' dir='ltr'><strong>ei</strong></span> <span class='ocrx_word' id='word_1_189' title='bbox 3234 1278 3486 1348; x_wconf 80' lang='grc' dir='ltr'><strong>ἐκατέρου</strong></span> <span class='ocrx_word' id='word_1_190' title='bbox 3517 1276 3685 1345; x_wconf 82' lang='grc' dir='ltr'><strong>μέρους</strong></span> 
     </span>
    </p>
   </div>
   <div class='ocr_carea' id='block_1_30' title="bbox 2163 1365 3686 1451">
    <p class='ocr_par' dir='ltr' id='par_1_30' title="bbox 2163 1365 3686 1451">
     <span class='ocr_line' id='line_1_30' title="bbox 2163 1365 3686 1451; baseline -0.013 -16"><span class='ocrx_word' id='word_1_191' title='bbox 2163 1382 2264 1451; x_wconf 82' lang='grc' dir='ltr'><strong>τῆς</strong></span> <span class='ocrx_word' id='word_1_192' title='bbox 2289 1379 2499 1439; x_wconf 81' lang='grc' dir='ltr'><strong>πόλεως</strong></span> <span class='ocrx_word' id='word_1_193' title='bbox 2528 1377 2739 1431; x_wconf 73' lang='grc' dir='ltr'><strong>ἐκεῖθεν</strong></span> <span class='ocrx_word' id='word_1_194' title='bbox 2767 1374 2866 1446; x_wconf 73' lang='grc' dir='ltr'><strong>μὲν</strong></span> <span class='ocrx_word' id='word_1_195' title='bbox 2889 1373 2976 1426; x_wconf 75' lang='grc' dir='ltr'><strong>διά</strong></span> <span class='ocrx_word' id='word_1_196' title='bbox 3003 1371 3106 1440; x_wconf 84' lang='grc' dir='ltr'><strong>τῆς</strong></span> <span class='ocrx_word' id='word_1_197' title='bbox 3149 1368 3380 1439; x_wconf 69' lang='grc' dir='ltr'><strong>ἠπείρου</strong></span> <span class='ocrx_word' id='word_1_198' title='bbox 3429 1365 3686 1434; x_wconf 76' lang='grc' dir='ltr'><strong>ἐκθυμότε-</strong></span> 
     </span>
    </p>
   </div>
   <div class='ocr_carea' id='block_1_31' title="bbox 2169 1454 3689 1542">
    <p class='ocr_par' dir='ltr' id='par_1_31' title="bbox 2169 1454 3689 1542">
     <span class='ocr_line' id='line_1_31' title="bbox 2169 1454 3689 1542; baseline -0.012 -18"><span class='ocrx_word' id='word_1_199' title='bbox 2169 1488 2261 1542; x_wconf 87' lang='grc' dir='ltr'><strong>ρον</strong></span> <span class='ocrx_word' id='word_1_200' title='bbox 2299 1471 2350 1522; x_wconf 85' lang='grc' dir='ltr'><strong>οί</strong></span> <span class='ocrx_word' id='word_1_201' title='bbox 2415 1468 2612 1523; x_wconf 78' lang='grc' dir='ltr'><strong>Κελτοὶ</strong></span> <span class='ocrx_word' id='word_1_202' title='bbox 2643 1466 2744 1536; x_wconf 81' lang='grc' dir='ltr'><strong>τῆς</strong></span> <span class='ocrx_word' id='word_1_203' title='bbox 2800 1462 3118 1533; x_wconf 72' lang='grc' dir='ltr'><strong>πολιορκίας</strong></span> <span class='ocrx_word' id='word_1_204' title='bbox 3154 1460 3360 1529; x_wconf 79' lang='grc' dir='ltr'><strong>εἴχοντο</strong></span> <span class='ocrx_word' id='word_1_205' title='bbox 3387 1473 3400 1487; x_wconf 83' lang='lat'><strong><em>°</em></strong></span> <span class='ocrx_word' id='word_1_206' title='bbox 3435 1454 3575 1509; x_wconf 76' lang='grc' dir='ltr'><strong>ἐνθεν</strong></span> <span class='ocrx_word' id='word_1_207' title='bbox 3613 1455 3649 1507; x_wconf 79' lang='grc' dir='ltr'><strong>δ’</strong></span> <span class='ocrx_word' id='word_1_208' title='bbox 3667 1456 3689 1507; x_wconf 78' lang='grc' dir='ltr'>ὁ</span> 
     </span>
    </p>
   </div>
   <div class='ocr_carea' id='block_1_32' title="bbox 2166 1543 3692 1631">
    <p class='ocr_par' dir='ltr' id='par_1_32' title="bbox 2166 1543 3692 1631">
     <span class='ocr_line' id='line_1_32' title="bbox 2166 1543 3692 1631; baseline -0.013 -15"><span class='ocrx_word' id='word_1_209' title='bbox 2166 1560 2542 1631; x_wconf 82' lang='grc' dir='ltr'><strong>Βουτουμίτης</strong></span> <span class='ocrx_word' id='word_1_210' title='bbox 2587 1560 2668 1621; x_wconf 83' lang='grc' dir='ltr'><strong>είς</strong></span> <span class='ocrx_word' id='word_1_211' title='bbox 2713 1556 2816 1619; x_wconf 79' lang='grc' dir='ltr'><strong>τὰς</strong></span> <span class='ocrx_word' id='word_1_212' title='bbox 2844 1553 3100 1620; x_wconf 71' lang='grc' dir='ltr'><strong>ἐπάλξεις</strong></span> <span class='ocrx_word' id='word_1_213' title='bbox 3149 1545 3484 1618; x_wconf 78' lang='grc' dir='ltr'><strong>ἀνεληλυθὼς</strong></span> <span class='ocrx_word' id='word_1_214' title='bbox 3524 1543 3692 1598; x_wconf 77' lang='grc' dir='ltr'><strong>καὶτὰ</strong></span> 
     </span>
    </p>
   </div>
   <div class='ocr_carea' id='block_1_33' title="bbox 2171 1635 3692 1722">
    <p class='ocr_par' dir='ltr' id='par_1_33' title="bbox 2171 1635 3692 1722">
     <span class='ocr_line' id='line_1_33' title="bbox 2171 1635 3692 1722; baseline -0.014 -15"><span class='ocrx_word' id='word_1_215' title='bbox 2171 1641 2429 1722; x_wconf 79' lang='grc' dir='ltr'><strong>σκῆπτρα</strong></span> <span class='ocrx_word' id='word_1_216' title='bbox 2479 1650 2574 1704; x_wconf 78' lang='grc' dir='ltr'><strong>καὶ</strong></span> <span class='ocrx_word' id='word_1_217' title='bbox 2602 1649 2700 1710; x_wconf 78' lang='grc' dir='ltr'><strong>τὰς</strong></span> <span class='ocrx_word' id='word_1_218' title='bbox 2732 1645 2976 1718; x_wconf 77' lang='grc' dir='ltr'><strong>σημαίας</strong></span> <span class='ocrx_word' id='word_1_219' title='bbox 3007 1641 3139 1713; x_wconf 75' lang='grc' dir='ltr'><strong>περὶ</strong></span> <span class='ocrx_word' id='word_1_220' title='bbox 3173 1640 3243 1694; x_wconf 81' lang='grc' dir='ltr'><strong>τά</strong></span> <span class='ocrx_word' id='word_1_221' title='bbox 3276 1638 3427 1709; x_wconf 82' lang='grc' dir='ltr'><strong>τείχη</strong></span> <span class='ocrx_word' id='word_1_222' title='bbox 3451 1635 3692 1703; x_wconf 76' lang='grc' dir='ltr'><strong>καταστή-</strong></span> 
     </span>
    </p>
   </div>
   <div class='ocr_carea' id='block_1_34' title="bbox 493 1723 2067 1817">
    <p class='ocr_par' dir='ltr' id='par_1_34' title="bbox 493 1723 2064 1817">
     <span class='ocr_line' id='line_1_34' title="bbox 493 1723 2064 1817; baseline 0 -19"><span class='ocrx_word' id='word_1_223' title='bbox 493 1723 656 1800; x_wconf 41' lang='lat' dir='ltr'><strong>rita—te</strong></span> <span class='ocrx_word' id='word_1_224' title='bbox 683 1747 749 1800; x_wconf 90' lang='lat' dir='ltr'><strong>ad</strong></span> <span class='ocrx_word' id='word_1_225' title='bbox 785 1745 942 1800; x_wconf 90' lang='lat' dir='ltr'><strong>ﬁdem</strong></span> <span class='ocrx_word' id='word_1_226' title='bbox 972 1747 1194 1800; x_wconf 87' lang='lat' dir='ltr'><strong>munitis</strong></span> <span class='ocrx_word' id='word_1_227' title='bbox 1210 1746 1654 1817; x_wconf 88' lang='lat' dir='ltr'><strong>promissionibns</strong></span> <span class='ocrx_word' id='word_1_228' title='bbox 1677 1723 1836 1799; x_wconf 80' lang='lat' dir='ltr'><strong>facile</strong></span> <span class='ocrx_word' id='word_1_229' title='bbox 1860 1743 2064 1799; x_wconf 83' lang='lat' dir='ltr'><strong>assensi</strong></span> 
     </span>
    </p>
   </div>
   <div class='ocr_carea' id='block_1_35' title="bbox 2165 1723 3696 1817">
    <p class='ocr_par' dir='ltr' id='par_1_35' title="bbox 2170 1723 3696 1817">
     <span class='ocr_line' id='line_1_35' title="bbox 2170 1723 3696 1817; baseline -0.014 -22"><span class='ocrx_word' id='word_1_230' title='bbox 2170 1760 2272 1806; x_wconf 88' lang='grc' dir='ltr'><strong>σας</strong></span> <span class='ocrx_word' id='word_1_231' title='bbox 2301 1739 2440 1812; x_wconf 81' lang='grc' dir='ltr'><strong>μετὰ</strong></span> <span class='ocrx_word' id='word_1_232' title='bbox 2490 1736 2728 1808; x_wconf 86' lang='grc' dir='ltr'><strong>βυκίνων</strong></span> <span class='ocrx_word' id='word_1_233' title='bbox 2785 1735 2884 1790; x_wconf 79' lang='grc' dir='ltr'><strong>καὶ</strong></span> <span class='ocrx_word' id='word_1_234' title='bbox 2915 1732 3239 1799; x_wconf 83' lang='grc' dir='ltr'><strong>σαλπίγγων</strong></span> <span class='ocrx_word' id='word_1_235' title='bbox 3291 1726 3576 1796; x_wconf 78' lang='grc' dir='ltr'><strong>ἀνευφήμει</strong></span> <span class='ocrx_word' id='word_1_236' title='bbox 3621 1723 3696 1817; x_wconf 50' lang='lat' dir='ltr'><strong>silv</strong></span> 
     </span>
    </p>
   </div>
   <div class='ocr_carea' id='block_1_36' title="bbox 491 1814 2067 1907">
    <p class='ocr_par' dir='ltr' id='par_1_36' title="bbox 491 1835 2067 1907">
     <span class='ocr_line' id='line_1_36' title="bbox 491 1835 2067 1907; baseline -0.002 -15"><span class='ocrx_word' id='word_1_237' title='bbox 491 1835 798 1893; x_wconf 58' lang='lat' dir='ltr'><strong>Nicaeenses</strong></span> <span class='ocrx_word' id='word_1_238' title='bbox 831 1838 992 1893; x_wconf 88' lang='lat' dir='ltr'><strong>Turci</strong></span> <span class='ocrx_word' id='word_1_239' title='bbox 1028 1840 1178 1894; x_wconf 83' lang='lat' dir='ltr'><strong>urbis</strong></span> <span class='ocrx_word' id='word_1_240' title='bbox 1220 1841 1526 1907; x_wconf 77' lang='lat' dir='ltr'><strong>ingressum</strong></span> <span class='ocrx_word' id='word_1_241' title='bbox 1560 1839 1879 1907; x_wconf 88' lang='lat' dir='ltr'><strong>permittunt</strong></span> <span class='ocrx_word' id='word_1_242' title='bbox 1907 1837 2067 1890; x_wconf 87' lang='lat' dir='ltr'><strong>Butu-</strong></span> 
     </span>
    </p>
   </div>
   <div class='ocr_carea' id='block_1_37' title="bbox 2165 1814 3701 1907">
    <p class='ocr_par' dir='ltr' id='par_1_37' title="bbox 2167 1814 3701 1903">
     <span class='ocr_line' id='line_1_37' title="bbox 2167 1814 3701 1903; baseline -0.014 -15"><span class='ocrx_word' id='word_1_243' title='bbox 2167 1832 2570 1903; x_wconf 77' lang='grc' dir='ltr'><strong>αὐτοκράτορα,</strong></span> <span class='ocrx_word' id='word_1_244' title='bbox 2603 1829 2698 1883; x_wconf 78' lang='grc' dir='ltr'><strong>καὶ</strong></span> <span class='ocrx_word' id='word_1_245' title='bbox 2731 1828 2905 1890; x_wconf 72' lang='grc' dir='ltr'><strong>οὕτως</strong></span> <span class='ocrx_word' id='word_1_246' title='bbox 2934 1825 2994 1879; x_wconf 76' lang='grc' dir='ltr'><strong>τὸ</strong></span> <span class='ocrx_word' id='word_1_247' title='bbox 3037 1820 3354 1891; x_wconf 76' lang='grc' dir='ltr'><strong>Ῥωμαϊκὸν</strong></span> <span class='ocrx_word' id='word_1_248' title='bbox 3411 1817 3544 1872; x_wconf 73' lang='grc' dir='ltr'><strong>ἆπαν</strong></span> <span class='ocrx_word' id='word_1_249' title='bbox 3569 1814 3701 1886; x_wconf 80' lang='grc' dir='ltr'><strong>στρά-</strong></span> 
     </span>
    </p>
   </div>
   <div class='ocr_carea' id='block_1_38' title="bbox 494 1911 2067 1998">
    <p class='ocr_par' dir='ltr' id='par_1_38' title="bbox 494 1927 2067 1998">
     <span class='ocr_line' id='line_1_38' title="bbox 494 1927 2067 1998; baseline -0.002 -16"><span class='ocrx_word' id='word_1_250' title='bbox 494 1928 612 1982; x_wconf 83' lang='lat' dir='ltr'><strong>tmti</strong></span> <span class='ocrx_word' id='word_1_251' title='bbox 653 1946 667 1983; x_wconf 86' lang='lat'><strong>:</strong></span> <span class='ocrx_word' id='word_1_252' title='bbox 705 1929 796 1998; x_wconf 90' lang='lat' dir='ltr'><strong>qui</strong></span> <span class='ocrx_word' id='word_1_253' title='bbox 833 1930 1124 1984; x_wconf 83' lang='lat' dir='ltr'><strong>confestim</strong></span> <span class='ocrx_word' id='word_1_254' title='bbox 1159 1931 1368 1984; x_wconf 87' lang='lat' dir='ltr'><strong>litteras</strong></span> <span class='ocrx_word' id='word_1_255' title='bbox 1400 1931 1465 1982; x_wconf 87' lang='lat' dir='ltr'><strong>ad</strong></span> <span class='ocrx_word' id='word_1_256' title='bbox 1490 1928 1760 1982; x_wconf 86' lang='lat' dir='ltr'><strong>Taticium</strong></span> <span class='ocrx_word' id='word_1_257' title='bbox 1801 1930 1892 1982; x_wconf 84' lang='lat' dir='ltr'><strong>dat</strong></span> <span class='ocrx_word' id='word_1_258' title='bbox 1929 1927 2067 1982; x_wconf 89' lang='lat' dir='ltr'><strong>scri-</strong></span> 
     </span>
    </p>
   </div>
   <div class='ocr_carea' id='block_1_39' title="bbox 2165 1911 3313 1998">
    <p class='ocr_par' dir='ltr' id='par_1_39' title="bbox 2167 1911 3313 1994">
     <span class='ocr_line' id='line_1_39' title="bbox 2167 1911 3313 1994; baseline -0.01 -18"><span class='ocrx_word' id='word_1_259' title='bbox 2167 1939 2345 1994; x_wconf 86' lang='grc' dir='ltr'><strong>τευμα</strong></span> <span class='ocrx_word' id='word_1_260' title='bbox 2371 1921 2504 1974; x_wconf 81' lang='grc' dir='ltr'><strong>εἵσω</strong></span> <span class='ocrx_word' id='word_1_261' title='bbox 2526 1918 2766 1981; x_wconf 81' lang='grc' dir='ltr'><strong>Νικαίας</strong></span> <span class='ocrx_word' id='word_1_262' title='bbox 2798 1915 2910 1986; x_wconf 85' lang='lat'><strong>(90)</strong></span> <span class='ocrx_word' id='word_1_263' title='bbox 2944 1911 3313 1984; x_wconf 78' lang='grc' dir='ltr'><strong>εἰσεληλύθει.</strong></span> 
     </span>
    </p>
   </div>
   <div class='ocr_carea' id='block_1_40' title="bbox 491 1999 3702 2094">
    <p class='ocr_par' dir='ltr' id='par_1_40' title="bbox 491 1999 3702 2094">
     <span class='ocr_line' id='line_1_40' title="bbox 491 1999 3702 2094; baseline -0.007 -22"><span class='ocrx_word' id='word_1_264' title='bbox 491 2031 615 2088; x_wconf 86' lang='lat' dir='ltr'><strong>ptas</strong></span> <span class='ocrx_word' id='word_1_265' title='bbox 639 2020 692 2073; x_wconf 91' lang='lat' dir='ltr'><strong>in</strong></span> <span class='ocrx_word' id='word_1_266' title='bbox 733 2022 870 2076; x_wconf 90' lang='lat' dir='ltr'><strong>hanc</strong></span> <span class='ocrx_word' id='word_1_267' title='bbox 901 2023 1270 2078; x_wconf 88' lang='lat' dir='ltr'><strong>sententiam:</strong></span> <span class='ocrx_word' id='word_1_268' title='bbox 1300 2021 1464 2094; x_wconf 66' lang='lat'><strong>314</strong></span> <span class='ocrx_word' id='word_1_269' title='bbox 1500 2019 1749 2076; x_wconf 71' lang='lat' dir='ltr'><strong>Prwaam</strong></span> <span class='ocrx_word' id='word_1_270' title='bbox 1777 2023 1831 2074; x_wconf 86' lang='lat' dir='ltr'><strong>in</strong></span> <span class='ocrx_word' id='word_1_271' title='bbox 1867 2021 2107 2074; x_wconf 75' lang='lat' dir='ltr'><strong>ntanibus</strong></span> <span class='ocrx_word' id='word_1_272' title='bbox 2137 2019 2423 2081; x_wconf 79' lang='lat' dir='ltr'><strong>habemus;</strong></span> <span class='ocrx_word' id='word_1_273' title='bbox 2461 2015 2609 2069; x_wconf 76' lang='lat' dir='ltr'><strong>nobis</strong></span> <span class='ocrx_word' id='word_1_274' title='bbox 2659 2011 2796 2082; x_wconf 85' lang='lat' dir='ltr'><strong>quod</strong></span> <span class='ocrx_word' id='word_1_275' title='bbox 2857 2017 3022 2064; x_wconf 89' lang='lat' dir='ltr'><strong>restat</strong></span> <span class='ocrx_word' id='word_1_276' title='bbox 3080 2005 3366 2062; x_wconf 79' lang='lat' dir='ltr'><strong>indicenda</strong></span> <span class='ocrx_word' id='word_1_277' title='bbox 3399 1999 3702 2072; x_wconf 65' lang='lat' dir='ltr'><strong>expedienda-</strong></span> 
     </span>
    </p>
   </div>
   <div class='ocr_carea' id='block_1_41' title="bbox 492 2093 3704 2185">
    <p class='ocr_par' dir='ltr' id='par_1_41' title="bbox 492 2093 3704 2185">
     <span class='ocr_line' id='line_1_41' title="bbox 492 2093 3704 2185; baseline -0.008 -16"><span class='ocrx_word' id='word_1_278' title='bbox 492 2128 593 2182; x_wconf 78' lang='lat' dir='ltr'><strong>qste</strong></span> <span class='ocrx_word' id='word_1_279' title='bbox 622 2118 883 2185; x_wconf 81' lang='lat' dir='ltr'><strong>aggressio</strong></span> <span class='ocrx_word' id='word_1_280' title='bbox 913 2126 1010 2171; x_wconf 86' lang='lat' dir='ltr'><strong>est.</strong></span> <span class='ocrx_word' id='word_1_281' title='bbox 1053 2116 1188 2184; x_wconf 86' lang='lat' dir='ltr'><strong>Fac,</strong></span> <span class='ocrx_word' id='word_1_282' title='bbox 1234 2093 1470 2185; x_wconf 79' lang='lat' dir='ltr'><strong>inquam,</strong></span> <span class='ocrx_word' id='word_1_283' title='bbox 1523 2129 1578 2170; x_wconf 85' lang='lat' dir='ltr'><strong>ut</strong></span> <span class='ocrx_word' id='word_1_284' title='bbox 1627 2127 1676 2172; x_wconf 85' lang='lat' dir='ltr'><strong>et</strong></span> <span class='ocrx_word' id='word_1_285' title='bbox 1716 2117 1866 2171; x_wconf 81' lang='lat' dir='ltr'><strong>Galli</strong></span> <span class='ocrx_word' id='word_1_286' title='bbox 1894 2119 2090 2171; x_wconf 82' lang='lat' dir='ltr'><strong>circum</strong></span> <span class='ocrx_word' id='word_1_287' title='bbox 2123 2130 2300 2168; x_wconf 86' lang='lat' dir='ltr'><strong>omnes</strong></span> <span class='ocrx_word' id='word_1_288' title='bbox 2323 2122 2371 2166; x_wconf 86' lang='lat' dir='ltr'><strong>et</strong></span> <span class='ocrx_word' id='word_1_289' title='bbox 2407 2121 2462 2164; x_wconf 87' lang='lat' dir='ltr'><strong>tu</strong></span> <span class='ocrx_word' id='word_1_290' title='bbox 2485 2109 2650 2163; x_wconf 81' lang='lat' dir='ltr'><strong>nihilo</strong></span> <span class='ocrx_word' id='word_1_291' title='bbox 2707 2107 2916 2176; x_wconf 75' lang='lat' dir='ltr'><strong>segnius</strong></span> <span class='ocrx_word' id='word_1_292' title='bbox 2960 2103 3031 2156; x_wconf 79' lang='lat' dir='ltr'><strong>ad</strong></span> <span class='ocrx_word' id='word_1_293' title='bbox 3063 2103 3321 2157; x_wconf 83' lang='lat' dir='ltr'><strong>insultum</strong></span> <span class='ocrx_word' id='word_1_294' title='bbox 3385 2093 3704 2165; x_wconf 68' lang='lat' dir='ltr'><strong>experiendus</strong></span> 
     </span>
    </p>
   </div>
   <div class='ocr_carea' id='block_1_42' title="bbox 494 2193 3704 2282">
    <p class='ocr_par' dir='ltr' id='par_1_42' title="bbox 494 2193 3704 2282">
     <span class='ocr_line' id='line_1_42' title="bbox 494 2193 3704 2282; baseline -0.006 -21"><span class='ocrx_word' id='word_1_295' title='bbox 494 2224 775 2281; x_wconf 83' lang='lat' dir='ltr'><strong>murosque</strong></span> <span class='ocrx_word' id='word_1_296' title='bbox 820 2215 1223 2278; x_wconf 71' lang='lat' dir='ltr'><strong>perrumpeudos</strong></span> <span class='ocrx_word' id='word_1_297' title='bbox 1260 2217 1557 2282; x_wconf 71' lang='lat' dir='ltr'><strong>exsurgatis</strong></span> <span class='ocrx_word' id='word_1_298' title='bbox 1608 2213 1850 2267; x_wconf 82' lang='lat' dir='ltr'><strong>condicta</strong></span> <span class='ocrx_word' id='word_1_299' title='bbox 1906 2212 2066 2266; x_wconf 82' lang='lat' dir='ltr'><strong>simul</strong></span> <span class='ocrx_word' id='word_1_300' title='bbox 2113 2217 2265 2272; x_wconf 82' lang='lat' dir='ltr'><strong>hora,</strong></span> <span class='ocrx_word' id='word_1_301' title='bbox 2323 2224 2444 2260; x_wconf 88' lang='lat' dir='ltr'><strong>cras</strong></span> <span class='ocrx_word' id='word_1_302' title='bbox 2493 2207 2696 2259; x_wconf 79' lang='lat' dir='ltr'><strong>oriente</strong></span> <span class='ocrx_word' id='word_1_303' title='bbox 2763 2203 2892 2256; x_wconf 89' lang='lat' dir='ltr'><strong>sole.</strong></span> <span class='ocrx_word' id='word_1_304' title='bbox 2951 2199 3079 2254; x_wconf 65' lang='lat' dir='ltr'><strong>Haec</strong></span> <span class='ocrx_word' id='word_1_305' title='bbox 3133 2199 3210 2251; x_wconf 85' lang='lat' dir='ltr'><strong>ita</strong></span> <span class='ocrx_word' id='word_1_306' title='bbox 3260 2193 3626 2250; x_wconf 79' lang='lat' dir='ltr'><strong>mandabantur</strong></span> <span class='ocrx_word' id='word_1_307' title='bbox 3656 2196 3704 2242; x_wconf 93' lang='lat' dir='ltr'><strong>ut</strong></span> 
     </span>
    </p>
   </div>
   <div class='ocr_carea' id='block_1_43' title="bbox 503 2285 3709 2374">
    <p class='ocr_par' dir='ltr' id='par_1_43' title="bbox 503 2285 3709 2374">
     <span class='ocr_line' id='line_1_43' title="bbox 503 2285 3709 2374; baseline -0.007 -14"><span class='ocrx_word' id='word_1_308' title='bbox 503 2304 727 2360; x_wconf 69' lang='lat' dir='ltr'><strong>tonsilia</strong></span> <span class='ocrx_word' id='word_1_309' title='bbox 763 2306 1106 2374; x_wconf 83' lang='lat' dir='ltr'><strong>imperatoris</strong></span> <span class='ocrx_word' id='word_1_310' title='bbox 1135 2317 1334 2362; x_wconf 88' lang='lat' dir='ltr'><strong>etcum</strong></span> <span class='ocrx_word' id='word_1_311' title='bbox 1361 2305 1729 2362; x_wconf 64' lang='lat' dir='ltr'><strong>Nicaeensibus</strong></span> <span class='ocrx_word' id='word_1_312' title='bbox 1779 2307 2070 2361; x_wconf 85' lang='lat' dir='ltr'><strong>conventio</strong></span> <span class='ocrx_word' id='word_1_313' title='bbox 2103 2307 2153 2357; x_wconf 91' lang='lat' dir='ltr'><strong>in</strong></span> <span class='ocrx_word' id='word_1_314' title='bbox 2209 2301 2423 2356; x_wconf 88' lang='lat' dir='ltr'><strong>occulto</strong></span> <span class='ocrx_word' id='word_1_315' title='bbox 2476 2307 2679 2354; x_wconf 83' lang='lat' dir='ltr'><strong>essent.</strong></span> <span class='ocrx_word' id='word_1_316' title='bbox 2757 2296 2849 2350; x_wconf 89' lang='lat' dir='ltr'><strong>Sic</strong></span> <span class='ocrx_word' id='word_1_317' title='bbox 2903 2294 3048 2347; x_wconf 92' lang='lat' dir='ltr'><strong>enim</strong></span> <span class='ocrx_word' id='word_1_318' title='bbox 3127 2292 3459 2351; x_wconf 83' lang='lat' dir='ltr'><strong>decreverat,</strong></span> <span class='ocrx_word' id='word_1_319' title='bbox 3527 2285 3709 2351; x_wconf 81' lang='lat' dir='ltr'><strong>suisque</strong></span> 
     </span>
    </p>
   </div>
   <div class='ocr_carea' id='block_1_44' title="bbox 499 2373 3711 2468">
    <p class='ocr_par' dir='ltr' id='par_1_44' title="bbox 499 2373 3711 2468">
     <span class='ocr_line' id='line_1_44' title="bbox 499 2373 3711 2468; baseline -0.007 -18"><span class='ocrx_word' id='word_1_320' title='bbox 499 2398 747 2462; x_wconf 87' lang='lat' dir='ltr'><strong>impense</strong></span> <span class='ocrx_word' id='word_1_321' title='bbox 787 2373 1140 2467; x_wconf 83' lang='lat' dir='ltr'><strong>praeceperat,</strong></span> <span class='ocrx_word' id='word_1_322' title='bbox 1177 2399 1309 2452; x_wconf 89' lang='lat' dir='ltr'><strong>dare</strong></span> <span class='ocrx_word' id='word_1_323' title='bbox 1366 2409 1580 2454; x_wconf 89' lang='lat' dir='ltr'><strong>cautam</strong></span> <span class='ocrx_word' id='word_1_324' title='bbox 1647 2413 1867 2468; x_wconf 86' lang='lat' dir='ltr'><strong>operam</strong></span> <span class='ocrx_word' id='word_1_325' title='bbox 1917 2411 1984 2451; x_wconf 87' lang='lat' dir='ltr'><strong>ne</strong></span> <span class='ocrx_word' id='word_1_326' title='bbox 2021 2394 2157 2466; x_wconf 87' lang='lat' dir='ltr'><strong>quid</strong></span> <span class='ocrx_word' id='word_1_327' title='bbox 2193 2394 2312 2461; x_wconf 81' lang='lat' dir='ltr'><strong>eius</strong></span> <span class='ocrx_word' id='word_1_328' title='bbox 2345 2393 2424 2447; x_wconf 87' lang='lat' dir='ltr'><strong>rei</strong></span> <span class='ocrx_word' id='word_1_329' title='bbox 2457 2391 2522 2445; x_wconf 90' lang='lat' dir='ltr'><strong>ad</strong></span> <span class='ocrx_word' id='word_1_330' title='bbox 2559 2389 2802 2446; x_wconf 88' lang='lat' dir='ltr'><strong>notitiam</strong></span> <span class='ocrx_word' id='word_1_331' title='bbox 2838 2385 3118 2441; x_wconf 88' lang='lat' dir='ltr'><strong>Gallorum</strong></span> <span class='ocrx_word' id='word_1_332' title='bbox 3161 2389 3454 2438; x_wconf 86' lang='lat' dir='ltr'><strong>emanaret.</strong></span> <span class='ocrx_word' id='word_1_333' title='bbox 3487 2373 3711 2432; x_wconf 78' lang='lat' dir='ltr'><strong>Postridie</strong></span> 
     </span>
    </p>
   </div>
   <div class='ocr_carea' id='block_1_45' title="bbox 501 2475 3710 2564">
    <p class='ocr_par' dir='ltr' id='par_1_45' title="bbox 501 2475 3710 2564">
     <span class='ocr_line' id='line_1_45' title="bbox 501 2475 3710 2564; baseline -0.006 -19"><span class='ocrx_word' id='word_1_334' title='bbox 501 2490 666 2560; x_wconf 78' lang='lat' dir='ltr'><strong>igitur</strong></span> <span class='ocrx_word' id='word_1_335' title='bbox 690 2505 812 2544; x_wconf 90' lang='lat' dir='ltr'><strong>cum</strong></span> <span class='ocrx_word' id='word_1_336' title='bbox 839 2488 979 2544; x_wconf 85' lang='lat' dir='ltr'><strong>Galli</strong></span> <span class='ocrx_word' id='word_1_337' title='bbox 1012 2492 1140 2545; x_wconf 85' lang='lat' dir='ltr'><strong>dato</strong></span> <span class='ocrx_word' id='word_1_338' title='bbox 1173 2492 1410 2563; x_wconf 88' lang='lat' dir='ltr'><strong>undique</strong></span> <span class='ocrx_word' id='word_1_339' title='bbox 1457 2494 1878 2564; x_wconf 78' lang='lat' dir='ltr'><strong>oppugnationis</strong></span> <span class='ocrx_word' id='word_1_340' title='bbox 1920 2491 2074 2562; x_wconf 87' lang='lat' dir='ltr'><strong>signo</strong></span> <span class='ocrx_word' id='word_1_341' title='bbox 2100 2505 2294 2559; x_wconf 81' lang='lat' dir='ltr'><strong>magno</strong></span> <span class='ocrx_word' id='word_1_342' title='bbox 2320 2488 2556 2542; x_wconf 82' lang='lat' dir='ltr'><strong>tumultu</strong></span> <span class='ocrx_word' id='word_1_343' title='bbox 2589 2495 2751 2556; x_wconf 80' lang='lat' dir='ltr'><strong>atque</strong></span> <span class='ocrx_word' id='word_1_344' title='bbox 2781 2483 2982 2552; x_wconf 85' lang='lat' dir='ltr'><strong>impetu</strong></span> <span class='ocrx_word' id='word_1_345' title='bbox 3031 2494 3220 2535; x_wconf 90' lang='lat' dir='ltr'><strong>moros</strong></span> <span class='ocrx_word' id='word_1_346' title='bbox 3264 2475 3492 2546; x_wconf 88' lang='lat' dir='ltr'><strong>undique</strong></span> <span class='ocrx_word' id='word_1_347' title='bbox 3533 2488 3559 2527; x_wconf 88' lang='lat' dir='ltr'><strong>a</strong></span> <span class='ocrx_word' id='word_1_348' title='bbox 3595 2483 3710 2526; x_wconf 80' lang='lat' dir='ltr'><strong>terra</strong></span> 
     </span>
    </p>
   </div>
   <div class='ocr_carea' id='block_1_46' title="bbox 500 2573 3714 2660">
    <p class='ocr_par' dir='ltr' id='par_1_46' title="bbox 500 2573 3714 2660">
     <span class='ocr_line' id='line_1_46' title="bbox 500 2573 3714 2660; baseline -0.004 -22"><span class='ocrx_word' id='word_1_349' title='bbox 500 2593 794 2650; x_wconf 86' lang='lat' dir='ltr'><strong>tentarent,</strong></span> <span class='ocrx_word' id='word_1_350' title='bbox 843 2585 1191 2656; x_wconf 81' lang='lat' dir='ltr'><strong>Taticiusque</strong></span> <span class='ocrx_word' id='word_1_351' title='bbox 1222 2601 1344 2642; x_wconf 89' lang='lat' dir='ltr'><strong>cum</strong></span> <span class='ocrx_word' id='word_1_352' title='bbox 1378 2587 1510 2656; x_wconf 87' lang='lat' dir='ltr'><strong>ipsis</strong></span> <span class='ocrx_word' id='word_1_353' title='bbox 1541 2605 1788 2660; x_wconf 82' lang='lat' dir='ltr'><strong>magnam</strong></span> <span class='ocrx_word' id='word_1_354' title='bbox 1832 2589 2068 2658; x_wconf 86' lang='lat' dir='ltr'><strong>speciem</strong></span> <span class='ocrx_word' id='word_1_355' title='bbox 2100 2599 2386 2642; x_wconf 88' lang='lat' dir='ltr'><strong>ascensum</strong></span> <span class='ocrx_word' id='word_1_356' title='bbox 2414 2583 2561 2639; x_wconf 88' lang='lat' dir='ltr'><strong>serio</strong></span> <span class='ocrx_word' id='word_1_357' title='bbox 2597 2595 2695 2650; x_wconf 93' lang='lat' dir='ltr'><strong>pro</strong></span> <span class='ocrx_word' id='word_1_358' title='bbox 2740 2594 2801 2635; x_wconf 89' lang='lat' dir='ltr'><strong>se</strong></span> <span class='ocrx_word' id='word_1_359' title='bbox 2883 2577 3141 2634; x_wconf 89' lang='lat' dir='ltr'><strong>conantis</strong></span> <span class='ocrx_word' id='word_1_360' title='bbox 3226 2573 3564 2629; x_wconf 79' lang='lat' dir='ltr'><strong>ostenderet:</strong></span> <span class='ocrx_word' id='word_1_361' title='bbox 3610 2582 3714 2624; x_wconf 82' lang='lat' dir='ltr'><strong>ecce</strong></span> 
     </span>
    </p>
   </div>
   <div class='ocr_carea' id='block_1_47' title="bbox 505 2664 3712 2748">
    <p class='ocr_par' dir='ltr' id='par_1_47' title="bbox 505 2664 3712 2748">
     <span class='ocr_line' id='line_1_47' title="bbox 505 2664 3712 2748; baseline -0.004 -23"><span class='ocrx_word' id='word_1_362' title='bbox 505 2673 805 2728; x_wconf 81' lang='lat' dir='ltr'><strong>Butumites</strong></span> <span class='ocrx_word' id='word_1_363' title='bbox 844 2674 1027 2728; x_wconf 88' lang='lat' dir='ltr'><strong>subito</strong></span> <span class='ocrx_word' id='word_1_364' title='bbox 1057 2689 1087 2729; x_wconf 91' lang='lat' dir='ltr'><strong>e</strong></span> <span class='ocrx_word' id='word_1_365' title='bbox 1118 2677 1537 2746; x_wconf 88' lang='lat' dir='ltr'><strong>propugnaculis</strong></span> <span class='ocrx_word' id='word_1_366' title='bbox 1575 2679 1734 2748; x_wconf 83' lang='lat' dir='ltr'><strong>quasi</strong></span> <span class='ocrx_word' id='word_1_367' title='bbox 1777 2679 1974 2742; x_wconf 87' lang='lat' dir='ltr'><strong>victor,</strong></span> <span class='ocrx_word' id='word_1_368' title='bbox 2013 2686 2067 2733; x_wconf 87' lang='lat' dir='ltr'><strong>et</strong></span> <span class='ocrx_word' id='word_1_369' title='bbox 2095 2691 2128 2731; x_wconf 89' lang='lat' dir='ltr'><strong>a</strong></span> <span class='ocrx_word' id='word_1_370' title='bbox 2167 2691 2266 2732; x_wconf 85' lang='lat' dir='ltr'><strong>sua</strong></span> <span class='ocrx_word' id='word_1_371' title='bbox 2321 2683 2482 2743; x_wconf 89' lang='lat' dir='ltr'><strong>parte</strong></span> <span class='ocrx_word' id='word_1_372' title='bbox 2550 2672 2759 2727; x_wconf 88' lang='lat' dir='ltr'><strong>felicius</strong></span> <span class='ocrx_word' id='word_1_373' title='bbox 2812 2669 2962 2724; x_wconf 84' lang='lat' dir='ltr'><strong>aditu</strong></span> <span class='ocrx_word' id='word_1_374' title='bbox 2991 2675 3204 2722; x_wconf 88' lang='lat' dir='ltr'><strong>tentato</strong></span> <span class='ocrx_word' id='word_1_375' title='bbox 3241 2664 3349 2721; x_wconf 87' lang='lat' dir='ltr'><strong>voti</strong></span> <span class='ocrx_word' id='word_1_376' title='bbox 3381 2676 3596 2732; x_wconf 86' lang='lat' dir='ltr'><strong>compos,</strong></span> <span class='ocrx_word' id='word_1_377' title='bbox 3632 2674 3712 2728; x_wconf 82' lang='lat' dir='ltr'><strong>ap.</strong></span> 
     </span>
    </p>
   </div>
   <div class='ocr_carea' id='block_1_48' title="bbox 503 2755 3716 2839">
    <p class='ocr_par' dir='ltr' id='par_1_48' title="bbox 503 2755 3716 2839">
     <span class='ocr_line' id='line_1_48' title="bbox 503 2755 3716 2839; baseline -0.004 -20"><span class='ocrx_word' id='word_1_378' title='bbox 503 2766 708 2836; x_wconf 88' lang='lat' dir='ltr'><strong>paruit,</strong></span> <span class='ocrx_word' id='word_1_379' title='bbox 743 2765 1048 2836; x_wconf 81' lang='lat' dir='ltr'><strong>vexillaque</strong></span> <span class='ocrx_word' id='word_1_380' title='bbox 1077 2765 1319 2822; x_wconf 85' lang='lat' dir='ltr'><strong>Romana</strong></span> <span class='ocrx_word' id='word_1_381' title='bbox 1351 2769 1404 2823; x_wconf 94' lang='lat' dir='ltr'><strong>in</strong></span> <span class='ocrx_word' id='word_1_382' title='bbox 1432 2770 1614 2839; x_wconf 87' lang='lat' dir='ltr'><strong>pinnis</strong></span> <span class='ocrx_word' id='word_1_383' title='bbox 1689 2771 1896 2825; x_wconf 90' lang='lat' dir='ltr'><strong>circum</strong></span> <span class='ocrx_word' id='word_1_384' title='bbox 1947 2783 2226 2824; x_wconf 89' lang='lat' dir='ltr'><strong>murorum</strong></span> <span class='ocrx_word' id='word_1_385' title='bbox 2290 2767 2479 2838; x_wconf 85' lang='lat' dir='ltr'><strong>ﬁgens,</strong></span> <span class='ocrx_word' id='word_1_386' title='bbox 2538 2779 2672 2820; x_wconf 78' lang='lat' dir='ltr'><strong>voce</strong></span> <span class='ocrx_word' id='word_1_387' title='bbox 2723 2761 2923 2832; x_wconf 78' lang='lat' dir='ltr'><strong>ingenti</strong></span> <span class='ocrx_word' id='word_1_388' title='bbox 2976 2758 3332 2815; x_wconf 87' lang='lat' dir='ltr'><strong>buccinarum</strong></span> <span class='ocrx_word' id='word_1_389' title='bbox 3413 2755 3716 2819; x_wconf 86' lang='lat' dir='ltr'><strong>tubarumque</strong></span> 
     </span>
    </p>
   </div>
   <div class='ocr_carea' id='block_1_49' title="bbox 503 2845 3712 2932">
    <p class='ocr_par' dir='ltr' id='par_1_49' title="bbox 503 2845 3712 2932">
     <span class='ocr_line' id='line_1_49' title="bbox 503 2845 3712 2932; baseline -0.005 -18"><span class='ocrx_word' id='word_1_390' title='bbox 503 2871 771 2916; x_wconf 87' lang='lat' dir='ltr'><strong>concentu</strong></span> <span class='ocrx_word' id='word_1_391' title='bbox 825 2860 1004 2929; x_wconf 73' lang='lat' dir='ltr'><strong>adiuta</strong></span> <span class='ocrx_word' id='word_1_392' title='bbox 1057 2859 1440 2932; x_wconf 88' lang='lat' dir='ltr'><strong>imperatorem</strong></span> <span class='ocrx_word' id='word_1_393' title='bbox 1517 2863 1887 2920; x_wconf 85' lang='lat' dir='ltr'><strong>acclamavit:</strong></span> <span class='ocrx_word' id='word_1_394' title='bbox 1955 2864 2143 2932; x_wconf 88' lang='lat' dir='ltr'><strong>sicque</strong></span> <span class='ocrx_word' id='word_1_395' title='bbox 2193 2859 2480 2916; x_wconf 84' lang='lat' dir='ltr'><strong>universus</strong></span> <span class='ocrx_word' id='word_1_396' title='bbox 2541 2857 2819 2913; x_wconf 79' lang='lat' dir='ltr'><strong>Romanus</strong></span> <span class='ocrx_word' id='word_1_397' title='bbox 2880 2851 3158 2908; x_wconf 84' lang='lat' dir='ltr'><strong>exercitus</strong></span> <span class='ocrx_word' id='word_1_398' title='bbox 3226 2849 3453 2905; x_wconf 67' lang='lat' dir='ltr'><strong>Nicaeam</strong></span> <span class='ocrx_word' id='word_1_399' title='bbox 3507 2845 3712 2900; x_wconf 80' lang='lat' dir='ltr'><strong>introdu-</strong></span> 
     </span>
    </p>
   </div>
   <div class='ocr_carea' id='block_1_50' title="bbox 504 2961 771 3010">
    <p class='ocr_par' dir='ltr' id='par_1_50' title="bbox 504 2961 771 3010">
     <span class='ocr_line' id='line_1_50' title="bbox 504 2961 771 3010; baseline 0.004 -2"><span class='ocrx_word' id='word_1_400' title='bbox 504 2961 628 3008; x_wconf 87' lang='lat' dir='ltr'><strong>ctus</strong></span> <span class='ocrx_word' id='word_1_401' title='bbox 665 2964 771 3010; x_wconf 83' lang='lat' dir='ltr'><strong>est.</strong></span> 
     </span>
    </p>
   </div>
   <div class='ocr_carea' id='block_1_51' title="bbox 583 3028 2067 3121">
    <p class='ocr_par' dir='ltr' id='par_1_51' title="bbox 583 3042 2067 3121">
     <span class='ocr_line' id='line_1_51' title="bbox 583 3042 2067 3121; baseline 0.007 -25"><span class='ocrx_word' id='word_1_402' title='bbox 583 3042 681 3098; x_wconf 82' lang='lat' dir='ltr'><strong>His</strong></span> <span class='ocrx_word' id='word_1_403' title='bbox 714 3061 778 3099; x_wconf 77' lang='lat' dir='ltr'><strong>ex</strong></span> <span class='ocrx_word' id='word_1_404' title='bbox 803 3049 1068 3102; x_wconf 84' lang='lat' dir='ltr'><strong>sententia</strong></span> <span class='ocrx_word' id='word_1_405' title='bbox 1095 3048 1174 3102; x_wconf 87' lang='lat' dir='ltr'><strong>sic</strong></span> <span class='ocrx_word' id='word_1_406' title='bbox 1192 3047 1468 3118; x_wconf 86' lang='lat' dir='ltr'><strong>perfectis,</strong></span> <span class='ocrx_word' id='word_1_407' title='bbox 1493 3049 1796 3108; x_wconf 87' lang='lat' dir='ltr'><strong>Butumites</strong></span> <span class='ocrx_word' id='word_1_408' title='bbox 1823 3068 1853 3107; x_wconf 87' lang='lat' dir='ltr'><strong>a</strong></span> <span class='ocrx_word' id='word_1_409' title='bbox 1874 3051 2067 3121; x_wconf 88' lang='lat' dir='ltr'><strong>duplici</strong></span> 
     </span>
    </p>
   </div>
   <div class='ocr_carea' id='block_1_52' title="bbox 2165 3028 3716 3121">
    <p class='ocr_par' dir='ltr' id='par_1_52' title="bbox 2265 3028 3716 3121">
     <span class='ocr_line' id='line_1_52' title="bbox 2265 3028 3716 3121; baseline -0.014 -22"><span class='ocrx_word' id='word_1_410' title='bbox 2265 3043 2326 3098; x_wconf 87' lang='lat'><strong>&#39;0</strong></span> <span class='ocrx_word' id='word_1_411' title='bbox 2374 3043 2432 3097; x_wconf 79' lang='grc' dir='ltr'><strong>δὲ</strong></span> <span class='ocrx_word' id='word_1_412' title='bbox 2479 3038 2872 3110; x_wconf 84' lang='grc' dir='ltr'><strong>Βουτουμίτης,</strong></span> <span class='ocrx_word' id='word_1_413' title='bbox 2897 3035 2968 3090; x_wconf 81' lang='grc' dir='ltr'><strong>τά</strong></span> <span class='ocrx_word' id='word_1_414' title='bbox 3029 3034 3219 3105; x_wconf 83' lang='grc' dir='ltr'><strong>πλήθη</strong></span> <span class='ocrx_word' id='word_1_415' title='bbox 3266 3031 3374 3086; x_wconf 86' lang='grc' dir='ltr'><strong>τῶν</strong></span> <span class='ocrx_word' id='word_1_416' title='bbox 3425 3028 3716 3121; x_wconf 47' lang='grc' dir='ltr'><strong>Κελτῶνγις</strong></span> 
     </span>
    </p>
   </div>
   <div class='ocr_carea' id='block_1_53' title="bbox 507 3115 2067 3205">
    <p class='ocr_par' dir='ltr' id='par_1_53' title="bbox 507 3137 2067 3205">
     <span class='ocr_line' id='line_1_53' title="bbox 507 3137 2067 3205; baseline 0.004 -14"><span class='ocrx_word' id='word_1_417' title='bbox 507 3150 662 3204; x_wconf 65' lang='lat' dir='ltr'><strong>atque</strong></span> <span class='ocrx_word' id='word_1_418' title='bbox 685 3137 786 3189; x_wconf 83' lang='lat' dir='ltr'><strong>sibi</strong></span> <span class='ocrx_word' id='word_1_419' title='bbox 814 3152 1012 3205; x_wconf 83' lang='lat' dir='ltr'><strong>genere</strong></span> <span class='ocrx_word' id='word_1_420' title='bbox 1042 3141 1340 3193; x_wconf 82' lang='lat' dir='ltr'><strong>cavendum</strong></span> <span class='ocrx_word' id='word_1_421' title='bbox 1385 3143 1451 3194; x_wconf 89' lang='lat' dir='ltr'><strong>de</strong></span> <span class='ocrx_word' id='word_1_422' title='bbox 1473 3153 1673 3196; x_wconf 66' lang='lat' dir='ltr'><strong>caetero</strong></span> <span class='ocrx_word' id='word_1_423' title='bbox 1699 3145 1908 3198; x_wconf 89' lang='lat' dir='ltr'><strong>statuit.</strong></span> <span class='ocrx_word' id='word_1_424' title='bbox 1941 3145 2067 3198; x_wconf 86' lang='lat' dir='ltr'><strong>Nam</strong></span> 
     </span>
    </p>
   </div>
   <div class='ocr_carea' id='block_1_54' title="bbox 2165 3115 3718 3205">
    <p class='ocr_par' dir='ltr' id='par_1_54' title="bbox 2179 3115 3718 3202">
     <span class='ocr_line' id='line_1_54' title="bbox 2179 3115 3718 3202; baseline -0.015 -10"><span class='ocrx_word' id='word_1_425' title='bbox 2179 3138 2425 3202; x_wconf 86' lang='grc' dir='ltr'><strong>νώσκων,</strong></span> <span class='ocrx_word' id='word_1_426' title='bbox 2445 3134 2538 3187; x_wconf 69' lang='grc' dir='ltr'><strong>καὶ</strong></span> <span class='ocrx_word' id='word_1_427' title='bbox 2553 3132 2641 3186; x_wconf 73' lang='grc' dir='ltr'><strong>διὰ</strong></span> <span class='ocrx_word' id='word_1_428' title='bbox 2661 3131 2718 3184; x_wconf 71' lang='grc' dir='ltr'><strong>τὸ</strong></span> <span class='ocrx_word' id='word_1_429' title='bbox 2741 3130 2838 3198; x_wconf 88' lang='grc' dir='ltr'><strong>τῆς</strong></span> <span class='ocrx_word' id='word_1_430' title='bbox 2865 3127 3091 3197; x_wconf 83' lang='grc' dir='ltr'><strong>γνώμης</strong></span> <span class='ocrx_word' id='word_1_431' title='bbox 3108 3123 3297 3178; x_wconf 83' lang='grc' dir='ltr'><strong>αὐτῶν</strong></span> <span class='ocrx_word' id='word_1_432' title='bbox 3320 3121 3555 3176; x_wconf 70' lang='grc' dir='ltr'><strong>ἀϐέϐαιον</strong></span> <span class='ocrx_word' id='word_1_433' title='bbox 3577 3116 3656 3171; x_wconf 72' lang='grc' dir='ltr'><strong>καὶ</strong></span> <span class='ocrx_word' id='word_1_434' title='bbox 3669 3115 3718 3168; x_wconf 73' lang='grc' dir='ltr'><strong>τὸ</strong></span> 
     </span>
    </p>
   </div>
   <div class='ocr_carea' id='block_1_55' title="bbox 508 3209 2067 3304">
    <p class='ocr_par' dir='ltr' id='par_1_55' title="bbox 508 3226 2067 3304">
     <span class='ocr_line' id='line_1_55' title="bbox 508 3226 2067 3304; baseline 0.008 -24"><span class='ocrx_word' id='word_1_435' title='bbox 508 3235 565 3280; x_wconf 89' lang='lat' dir='ltr'><strong>et</strong></span> <span class='ocrx_word' id='word_1_436' title='bbox 605 3226 894 3282; x_wconf 84' lang='lat' dir='ltr'><strong>multitudo</strong></span> <span class='ocrx_word' id='word_1_437' title='bbox 927 3228 1119 3297; x_wconf 83' lang='lat' dir='ltr'><strong>ingens</strong></span> <span class='ocrx_word' id='word_1_438' title='bbox 1155 3237 1209 3285; x_wconf 87' lang='lat' dir='ltr'><strong>et</strong></span> <span class='ocrx_word' id='word_1_439' title='bbox 1237 3231 1430 3284; x_wconf 84' lang='lat' dir='ltr'><strong>levitas</strong></span> <span class='ocrx_word' id='word_1_440' title='bbox 1459 3232 1865 3304; x_wconf 84' lang='lat' dir='ltr'><strong>vehemensque</strong></span> <span class='ocrx_word' id='word_1_441' title='bbox 1893 3248 2067 3292; x_wconf 75' lang='lat' dir='ltr'><strong>natur:</strong></span> 
     </span>
    </p>
   </div>
   <div class='ocr_carea' id='block_1_56' title="bbox 2165 3209 3716 3304">
    <p class='ocr_par' dir='ltr' id='par_1_56' title="bbox 2181 3209 3716 3304">
     <span class='ocr_line' id='line_1_56' title="bbox 2181 3209 3716 3304; baseline -0.017 -18"><span class='ocrx_word' id='word_1_442' title='bbox 2181 3233 2282 3301; x_wconf 82' lang='grc' dir='ltr'><strong>τῆς</strong></span> <span class='ocrx_word' id='word_1_443' title='bbox 2310 3228 2487 3300; x_wconf 81' lang='grc' dir='ltr'><strong>ὁρμῆς</strong></span> <span class='ocrx_word' id='word_1_444' title='bbox 2509 3224 2812 3280; x_wconf 83' lang='grc' dir='ltr'><strong>ἀκάθεκτον</strong></span> <span class='ocrx_word' id='word_1_445' title='bbox 2839 3220 3117 3281; x_wconf 84' lang='grc' dir='ltr'><strong>ὑπόπτους</strong></span> <span class='ocrx_word' id='word_1_446' title='bbox 3153 3217 3296 3287; x_wconf 77' lang='grc' dir='ltr'>ἔχων</span> <span class='ocrx_word' id='word_1_447' title='bbox 3323 3214 3513 3276; x_wconf 71' lang='grc' dir='ltr'><strong>αὐτοὺς</strong></span> <span class='ocrx_word' id='word_1_448' title='bbox 3540 3210 3604 3304; x_wconf 70' lang='grc' dir='ltr'><strong>μη</strong></span> <span class='ocrx_word' id='word_1_449' title='bbox 3625 3209 3716 3304; x_wconf 54' lang='lat' dir='ltr'><strong>eis:</strong></span> 
     </span>
    </p>
   </div>
   <div class='ocr_carea' id='block_1_57' title="bbox 517 3298 2067 3389">
    <p class='ocr_par' dir='ltr' id='par_1_57' title="bbox 517 3298 2067 3389">
     <span class='ocr_line' id='line_1_57' title="bbox 517 3298 2067 3389; baseline 0.01 -24"><span class='ocrx_word' id='word_1_450' title='bbox 517 3321 684 3380; x_wconf 83' lang='lat' dir='ltr'><strong>atque</strong></span> <span class='ocrx_word' id='word_1_451' title='bbox 720 3316 953 3383; x_wconf 87' lang='lat' dir='ltr'><strong>impetus</strong></span> <span class='ocrx_word' id='word_1_452' title='bbox 987 3317 1261 3372; x_wconf 86' lang='lat' dir='ltr'><strong>Gallorum</strong></span> <span class='ocrx_word' id='word_1_453' title='bbox 1309 3330 1558 3388; x_wconf 87' lang='lat' dir='ltr'><strong>suspecta</strong></span> <span class='ocrx_word' id='word_1_454' title='bbox 1614 3324 1686 3378; x_wconf 92' lang='lat' dir='ltr'><strong>illi</strong></span> <span class='ocrx_word' id='word_1_455' title='bbox 1710 3298 1859 3389; x_wconf 75' lang='lat' dir='ltr'><strong>erat,</strong></span> <span class='ocrx_word' id='word_1_456' title='bbox 1889 3342 2067 3381; x_wconf 37' lang='lat' dir='ltr'><strong>cavent</strong></span> 
     </span>
    </p>
   </div>
   <div class='ocr_carea' id='block_1_58' title="bbox 2165 3298 3720 3389">
    <p class='ocr_par' dir='ltr' id='par_1_58' title="bbox 2185 3298 3720 3389">
     <span class='ocr_line' id='line_1_58' title="bbox 2185 3298 3720 3389; baseline -0.015 -14"><span class='ocrx_word' id='word_1_457' title='bbox 2185 3298 2432 3382; x_wconf 82' lang='grc' dir='ltr'><strong>ελθόντες</strong></span> <span class='ocrx_word' id='word_1_458' title='bbox 2467 3316 2623 3371; x_wconf 70' lang='grc' dir='ltr'><strong>αὐτοὶ</strong></span> <span class='ocrx_word' id='word_1_459' title='bbox 2676 3314 2738 3367; x_wconf 74' lang='grc' dir='ltr'><strong>τὸ</strong></span> <span class='ocrx_word' id='word_1_460' title='bbox 2793 3313 3033 3381; x_wconf 79' lang='grc' dir='ltr'><strong>κάστρον</strong></span> <span class='ocrx_word' id='word_1_461' title='bbox 3084 3309 3458 3377; x_wconf 81' lang='grc' dir='ltr'><strong>κατάσχωσιν,</strong></span> <span class='ocrx_word' id='word_1_462' title='bbox 3513 3301 3638 3372; x_wconf 79' lang='grc' dir='ltr'><strong>ὀρῶν</strong></span> <span class='ocrx_word' id='word_1_463' title='bbox 3676 3298 3720 3389; x_wconf 72' lang='grc' dir='ltr'><strong>δὲ</strong></span> 
     </span>
    </p>
   </div>
   <div class='ocr_carea' id='block_1_59' title="bbox 511 3388 2067 3485">
    <p class='ocr_par' dir='ltr' id='par_1_59' title="bbox 511 3388 2063 3485">
     <span class='ocr_line' id='line_1_59' title="bbox 511 3388 2063 3485; baseline 0.008 -29"><span class='ocrx_word' id='word_1_464' title='bbox 511 3403 754 3471; x_wconf 87' lang='lat' dir='ltr'><strong>dumque</strong></span> <span class='ocrx_word' id='word_1_465' title='bbox 791 3405 908 3459; x_wconf 81' lang='lat' dir='ltr'><strong>ideo</strong></span> <span class='ocrx_word' id='word_1_466' title='bbox 940 3407 1164 3474; x_wconf 85' lang='lat' dir='ltr'><strong>putabat</strong></span> <span class='ocrx_word' id='word_1_467' title='bbox 1192 3409 1333 3473; x_wconf 90' lang='lat' dir='ltr'><strong>neii,</strong></span> <span class='ocrx_word' id='word_1_468' title='bbox 1367 3410 1411 3464; x_wconf 89' lang='lat' dir='ltr'><strong>si</strong></span> <span class='ocrx_word' id='word_1_469' title='bbox 1435 3425 1615 3466; x_wconf 86' lang='lat' dir='ltr'><strong>arcem</strong></span> <span class='ocrx_word' id='word_1_470' title='bbox 1650 3412 2063 3485; x_wconf 86' lang='lat' dir='ltr'><strong>ingrederentur</strong></span> 
     </span>
    </p>
   </div>
   <div class='ocr_carea' id='block_1_60' title="bbox 2165 3388 3723 3485">
    <p class='ocr_par' dir='ltr' id='par_1_60' title="bbox 2189 3388 3723 3476">
     <span class='ocr_line' id='line_1_60' title="bbox 2189 3388 3723 3476; baseline -0.018 -10"><span class='ocrx_word' id='word_1_471' title='bbox 2189 3413 2286 3467; x_wconf 70' lang='lat' dir='ltr'><strong>iui.</strong></span> <span class='ocrx_word' id='word_1_472' title='bbox 2311 3410 2436 3472; x_wconf 74' lang='grc' dir='ltr'><strong>τοὺς</strong></span> <span class='ocrx_word' id='word_1_473' title='bbox 2458 3406 2607 3470; x_wconf 77' lang='grc' dir='ltr'><strong>ἐντὸς</strong></span> <span class='ocrx_word' id='word_1_474' title='bbox 2639 3403 2924 3476; x_wconf 75' lang='grc' dir='ltr'><strong>σατράπας</strong></span> <span class='ocrx_word' id='word_1_475' title='bbox 2957 3401 3188 3462; x_wconf 67' lang='grc' dir='ltr'><strong>ἱκανοὺς</strong></span> <span class='ocrx_word' id='word_1_476' title='bbox 3217 3398 3377 3459; x_wconf 76' lang='grc' dir='ltr'><strong>ὄντας</strong></span> <span class='ocrx_word' id='word_1_477' title='bbox 3405 3395 3530 3467; x_wconf 79' lang='grc' dir='ltr'><strong>πρὸς</strong></span> <span class='ocrx_word' id='word_1_478' title='bbox 3561 3393 3618 3463; x_wconf 73' lang='grc' dir='ltr'><strong>ἦν</strong></span> <span class='ocrx_word' id='word_1_479' title='bbox 3645 3388 3723 3441; x_wconf 81' lang='grc' dir='ltr'><strong>αὖ·</strong></span> 
     </span>
    </p>
   </div>
   <div class='ocr_carea' id='block_1_61' title="bbox 510 3480 2067 3572">
    <p class='ocr_par' dir='ltr' id='par_1_61' title="bbox 510 3497 2067 3567">
     <span class='ocr_line' id='line_1_61' title="bbox 510 3497 2067 3567; baseline 0.01 -18"><span class='ocrx_word' id='word_1_480' title='bbox 510 3510 632 3550; x_wconf 87' lang='lat' dir='ltr'><strong>eam</strong></span> <span class='ocrx_word' id='word_1_481' title='bbox 687 3497 790 3552; x_wconf 89' lang='lat' dir='ltr'><strong>sibi</strong></span> <span class='ocrx_word' id='word_1_482' title='bbox 856 3509 1190 3567; x_wconf 82' lang='lat' dir='ltr'><strong>occuparent</strong></span> <span class='ocrx_word' id='word_1_483' title='bbox 1249 3519 1266 3558; x_wconf 89' lang='lat'><strong>:</strong></span> <span class='ocrx_word' id='word_1_484' title='bbox 1319 3519 1517 3560; x_wconf 84' lang='lat' dir='ltr'><strong>rursus</strong></span> <span class='ocrx_word' id='word_1_485' title='bbox 1579 3521 1706 3562; x_wconf 88' lang='lat' dir='ltr'><strong>vero</strong></span> <span class='ocrx_word' id='word_1_486' title='bbox 1783 3507 2067 3565; x_wconf 86' lang='lat' dir='ltr'><strong>Turcorun</strong></span> 
     </span>
    </p>
   </div>
   <div class='ocr_carea' id='block_1_62' title="bbox 2165 3480 3722 3572">
    <p class='ocr_par' dir='ltr' id='par_1_62' title="bbox 2190 3480 3722 3572">
     <span class='ocr_line' id='line_1_62' title="bbox 2190 3480 3722 3572; baseline -0.02 -14"><span class='ocrx_word' id='word_1_487' title='bbox 2190 3505 2282 3567; x_wconf 77' lang='grc' dir='ltr'><strong>τὸς</strong></span> <span class='ocrx_word' id='word_1_488' title='bbox 2313 3497 2458 3572; x_wconf 80' lang='grc' dir='ltr'><strong>εἶχεν</strong></span> <span class='ocrx_word' id='word_1_489' title='bbox 2485 3498 2741 3565; x_wconf 86' lang='grc' dir='ltr'><strong>δύναμιν,</strong></span> <span class='ocrx_word' id='word_1_490' title='bbox 2778 3495 2825 3545; x_wconf 84' lang='grc' dir='ltr'><strong>εί</strong></span> <span class='ocrx_word' id='word_1_491' title='bbox 2859 3493 3020 3563; x_wconf 84' lang='grc' dir='ltr'><strong>μόνον</strong></span> <span class='ocrx_word' id='word_1_492' title='bbox 3069 3489 3384 3558; x_wconf 83' lang='grc' dir='ltr'><strong>θελήσαιεν,</strong></span> <span class='ocrx_word' id='word_1_493' title='bbox 3431 3485 3523 3572; x_wconf 0' lang='grc' dir='ltr'><strong>καὶ,</strong></span> <span class='ocrx_word' id='word_1_494' title='bbox 3542 3480 3722 3572; x_wconf 83' lang='grc' dir='ltr'><strong>δεσμεῖν</strong></span> 
     </span>
    </p>
   </div>
   <div class='ocr_carea' id='block_1_63' title="bbox 511 3569 2067 3663">
    <p class='ocr_par' dir='ltr' id='par_1_63' title="bbox 511 3590 2067 3663">
     <span class='ocr_line' id='line_1_63' title="bbox 511 3590 2067 3663; baseline 0.009 -22"><span class='ocrx_word' id='word_1_495' title='bbox 511 3596 762 3654; x_wconf 83' lang='lat' dir='ltr'><strong>satrapas</strong></span> <span class='ocrx_word' id='word_1_496' title='bbox 797 3590 887 3656; x_wconf 90' lang='lat' dir='ltr'><strong>qui</strong></span> <span class='ocrx_word' id='word_1_497' title='bbox 925 3606 1106 3646; x_wconf 89' lang='lat' dir='ltr'><strong>secum</strong></span> <span class='ocrx_word' id='word_1_498' title='bbox 1157 3593 1294 3648; x_wconf 89' lang='lat' dir='ltr'><strong>intra</strong></span> <span class='ocrx_word' id='word_1_499' title='bbox 1341 3595 1575 3651; x_wconf 65' lang='lat' dir='ltr'><strong>Nicmam</strong></span> <span class='ocrx_word' id='word_1_500' title='bbox 1611 3610 1790 3663; x_wconf 89' lang='lat' dir='ltr'><strong>erant,</strong></span> <span class='ocrx_word' id='word_1_501' title='bbox 1841 3603 2067 3656; x_wconf 25' lang='lat' dir='ltr'><strong>animati!</strong></span> 
     </span>
    </p>
   </div>
   <div class='ocr_carea' id='block_1_64' title="bbox 2165 3569 3724 3663">
    <p class='ocr_par' dir='ltr' id='par_1_64' title="bbox 2193 3569 3724 3659">
     <span class='ocr_line' id='line_1_64' title="bbox 2193 3569 3724 3659; baseline -0.018 -12"><span class='ocrx_word' id='word_1_502' title='bbox 2193 3594 2290 3647; x_wconf 74' lang='grc' dir='ltr'><strong>καὶ</strong></span> <span class='ocrx_word' id='word_1_503' title='bbox 2319 3569 2575 3659; x_wconf 73' lang='grc' dir='ltr'><strong>σιράττειν</strong></span> <span class='ocrx_word' id='word_1_504' title='bbox 2595 3582 2836 3648; x_wconf 84' lang='grc' dir='ltr'><strong>δυνατῶς</strong></span> <span class='ocrx_word' id='word_1_505' title='bbox 2860 3581 3103 3651; x_wconf 75' lang='grc' dir='ltr'><strong>ἔχοντας,</strong></span> <span class='ocrx_word' id='word_1_506' title='bbox 3143 3579 3246 3641; x_wconf 76' lang='grc' dir='ltr'><strong>τὰς</strong></span> <span class='ocrx_word' id='word_1_507' title='bbox 3276 3577 3424 3639; x_wconf 81' lang='grc' dir='ltr'><strong>κλεῖς</strong></span> <span class='ocrx_word' id='word_1_508' title='bbox 3451 3571 3596 3634; x_wconf 79' lang='grc' dir='ltr'><strong>εὐθὺς</strong></span> <span class='ocrx_word' id='word_1_509' title='bbox 3621 3569 3724 3622; x_wconf 82' lang='grc' dir='ltr'><strong>ἀνα·</strong></span> 
     </span>
    </p>
   </div>
   <div class='ocr_carea' id='block_1_65' title="bbox 513 3663 2067 3762">
    <p class='ocr_par' dir='ltr' id='par_1_65' title="bbox 513 3680 2067 3762">
     <span class='ocr_line' id='line_1_65' title="bbox 513 3680 2067 3762; baseline 0.013 -33"><span class='ocrx_word' id='word_1_510' title='bbox 513 3680 762 3734; x_wconf 83' lang='lat' dir='ltr'><strong>vertebat</strong></span> <span class='ocrx_word' id='word_1_511' title='bbox 793 3691 848 3736; x_wconf 92' lang='lat' dir='ltr'><strong>et</strong></span> <span class='ocrx_word' id='word_1_512' title='bbox 887 3690 1036 3738; x_wconf 85' lang='lat' dir='ltr'><strong>tanto</strong></span> <span class='ocrx_word' id='word_1_513' title='bbox 1070 3699 1192 3741; x_wconf 86' lang='lat' dir='ltr'><strong>esse</strong></span> <span class='ocrx_word' id='word_1_514' title='bbox 1251 3703 1481 3744; x_wconf 87' lang='lat' dir='ltr'><strong>numero</strong></span> <span class='ocrx_word' id='word_1_515' title='bbox 1510 3701 1563 3744; x_wconf 88' lang='lat' dir='ltr'><strong>et</strong></span> <span class='ocrx_word' id='word_1_516' title='bbox 1609 3692 1698 3745; x_wconf 91' lang='lat' dir='ltr'><strong>tali</strong></span> <span class='ocrx_word' id='word_1_517' title='bbox 1734 3695 2006 3762; x_wconf 88' lang='lat' dir='ltr'><strong>copiarum</strong></span> <span class='ocrx_word' id='word_1_518' title='bbox 2031 3711 2067 3748; x_wconf 50' lang='lat' dir='ltr'><strong>at</strong></span> 
     </span>
    </p>
   </div>
   <div class='ocr_carea' id='block_1_66' title="bbox 2165 3663 3724 3762">
    <p class='ocr_par' dir='ltr' id='par_1_66' title="bbox 2193 3663 3724 3762">
     <span class='ocr_line' id='line_1_66' title="bbox 2193 3663 3724 3762; baseline -0.017 -25"><span class='ocrx_word' id='word_1_519' title='bbox 2193 3682 2531 3753; x_wconf 87' lang='grc' dir='ltr'><strong>λαμϐάνεται</strong></span> <span class='ocrx_word' id='word_1_520' title='bbox 2553 3678 2650 3748; x_wconf 84' lang='grc' dir='ltr'><strong>τῆς</strong></span> <span class='ocrx_word' id='word_1_521' title='bbox 2672 3675 2870 3744; x_wconf 87' lang='grc' dir='ltr'><strong>πύλης.</strong></span> <span class='ocrx_word' id='word_1_522' title='bbox 2893 3671 3008 3726; x_wconf 85' lang='grc' dir='ltr'><strong>Μία</strong></span> <span class='ocrx_word' id='word_1_523' title='bbox 3031 3669 3146 3739; x_wconf 84' lang='grc' dir='ltr'><strong>γὰρ</strong></span> <span class='ocrx_word' id='word_1_524' title='bbox 3162 3670 3304 3732; x_wconf 86' lang='grc' dir='ltr'><strong>τέως</strong></span> <span class='ocrx_word' id='word_1_525' title='bbox 3328 3664 3396 3740; x_wconf 81' lang='grc' dir='ltr'><strong>ἦν</strong></span> <span class='ocrx_word' id='word_1_526' title='bbox 3421 3668 3454 3736; x_wconf 82' lang='grc' dir='ltr'><strong>ἡ</strong></span> <span class='ocrx_word' id='word_1_527' title='bbox 3476 3663 3724 3762; x_wconf 58' lang='grc' dir='ltr'><strong>εἰσάγουσα</strong></span> 
     </span>
    </p>
   </div>
   <div class='ocr_carea' id='block_1_67' title="bbox 511 3750 2067 3845">
    <p class='ocr_par' dir='ltr' id='par_1_67' title="bbox 511 3771 2067 3845">
     <span class='ocr_line' id='line_1_67' title="bbox 511 3771 2067 3845; baseline 0.01 -19"><span class='ocrx_word' id='word_1_528' title='bbox 511 3771 710 3826; x_wconf 80' lang='lat' dir='ltr'><strong>virium</strong></span> <span class='ocrx_word' id='word_1_529' title='bbox 743 3772 1036 3838; x_wconf 86' lang='lat' dir='ltr'><strong>instructu,</strong></span> <span class='ocrx_word' id='word_1_530' title='bbox 1063 3785 1142 3843; x_wconf 88' lang='lat' dir='ltr'><strong>ut,</strong></span> <span class='ocrx_word' id='word_1_531' title='bbox 1167 3778 1211 3833; x_wconf 88' lang='lat' dir='ltr'><strong>si</strong></span> <span class='ocrx_word' id='word_1_532' title='bbox 1240 3781 1402 3836; x_wconf 85' lang='lat' dir='ltr'><strong>modo</strong></span> <span class='ocrx_word' id='word_1_533' title='bbox 1433 3781 1654 3845; x_wconf 84' lang='lat' dir='ltr'><strong>vellent,</strong></span> <span class='ocrx_word' id='word_1_534' title='bbox 1691 3782 1850 3840; x_wconf 83' lang='lat' dir='ltr'><strong>facile</strong></span> <span class='ocrx_word' id='word_1_535' title='bbox 1885 3787 2067 3841; x_wconf 67' lang='lat' dir='ltr'><strong>viucir:</strong></span> 
     </span>
    </p>
   </div>
   <div class='ocr_carea' id='block_1_68' title="bbox 2165 3750 3725 3845">
    <p class='ocr_par' dir='ltr' id='par_1_68' title="bbox 2195 3750 3725 3845">
     <span class='ocr_line' id='line_1_68' title="bbox 2195 3750 3725 3845; baseline -0.017 -15"><span class='ocrx_word' id='word_1_536' title='bbox 2195 3750 2290 3830; x_wconf 71' lang='lat' dir='ltr'><strong>xui.</strong></span> <span class='ocrx_word' id='word_1_537' title='bbox 2315 3773 2607 3839; x_wconf 73' lang='grc' dir='ltr'><strong>ἐξάγουσα,</strong></span> <span class='ocrx_word' id='word_1_538' title='bbox 2651 3768 2763 3820; x_wconf 86' lang='grc' dir='ltr'><strong>τῶν</strong></span> <span class='ocrx_word' id='word_1_539' title='bbox 2797 3765 2974 3819; x_wconf 75' lang='grc' dir='ltr'><strong>ἄλλων</strong></span> <span class='ocrx_word' id='word_1_540' title='bbox 3020 3759 3538 3831; x_wconf 80' lang='grc' dir='ltr'><strong>προκεκλεισμὲνων</strong></span> <span class='ocrx_word' id='word_1_541' title='bbox 3556 3750 3725 3845; x_wconf 15' lang='grc' dir='ltr'><strong>διάλτδν</strong></span> 
     </span>
    </p>
   </div>
   <div class='ocr_carea' id='block_1_69' title="bbox 515 3843 2067 3938">
    <p class='ocr_par' dir='ltr' id='par_1_69' title="bbox 515 3864 2066 3938">
     <span class='ocr_line' id='line_1_69' title="bbox 515 3864 2066 3938; baseline 0.01 -23"><span class='ocrx_word' id='word_1_542' title='bbox 515 3872 864 3932; x_wconf 83' lang='lat' dir='ltr'><strong>mactareque</strong></span> <span class='ocrx_word' id='word_1_543' title='bbox 897 3864 1166 3922; x_wconf 82' lang='lat' dir='ltr'><strong>Romanos</strong></span> <span class='ocrx_word' id='word_1_544' title='bbox 1181 3882 1428 3938; x_wconf 89' lang='lat' dir='ltr'><strong>possent.</strong></span> <span class='ocrx_word' id='word_1_545' title='bbox 1455 3871 1731 3928; x_wconf 82' lang='lat' dir='ltr'><strong>Adversus</strong></span> <span class='ocrx_word' id='word_1_546' title='bbox 1761 3875 1864 3929; x_wconf 93' lang='lat' dir='ltr'><strong>hoc</strong></span> <span class='ocrx_word' id='word_1_547' title='bbox 1889 3886 2066 3930; x_wconf 90' lang='lat' dir='ltr'><strong>utrum</strong></span> 
     </span>
    </p>
   </div>
   <div class='ocr_carea' id='block_1_70' title="bbox 2165 3843 3726 3938">
    <p class='ocr_par' dir='ltr' id='par_1_70' title="bbox 2197 3843 3726 3938">
     <span class='ocr_line' id='line_1_70' title="bbox 2197 3843 3726 3938; baseline -0.017 -19"><span class='ocrx_word' id='word_1_548' title='bbox 2197 3865 2362 3935; x_wconf 82' lang='grc' dir='ltr'><strong>φόϐον</strong></span> <span class='ocrx_word' id='word_1_549' title='bbox 2385 3862 2494 3916; x_wconf 84' lang='grc' dir='ltr'><strong>τῶν</strong></span> <span class='ocrx_word' id='word_1_550' title='bbox 2525 3857 2951 3931; x_wconf 80' lang='grc' dir='ltr'><strong>παρακειμένων</strong></span> <span class='ocrx_word' id='word_1_551' title='bbox 2998 3852 3247 3907; x_wconf 81' lang='grc' dir='ltr'><strong>Κελτῶν.</strong></span> <span class='ocrx_word' id='word_1_552' title='bbox 3283 3853 3395 3916; x_wconf 68' lang='grc' dir='ltr'><strong>τὰς</strong></span> <span class='ocrx_word' id='word_1_553' title='bbox 3418 3849 3557 3911; x_wconf 83' lang='grc' dir='ltr'><strong>κλεῖς</strong></span> <span class='ocrx_word' id='word_1_554' title='bbox 3581 3843 3726 3938; x_wconf 75' lang='grc' dir='ltr'><strong>τοίνυν</strong></span> 
     </span>
    </p>
   </div>
   <div class='ocr_carea' id='block_1_71' title="bbox 517 3932 2067 4037">
    <p class='ocr_par' dir='ltr' id='par_1_71' title="bbox 517 3953 2064 4037">
     <span class='ocr_line' id='line_1_71' title="bbox 517 3953 2064 4037; baseline 0.013 -36"><span class='ocrx_word' id='word_1_555' title='bbox 517 3965 624 4037; x_wconf 83' lang='lat' dir='ltr'><strong>que</strong></span> <span class='ocrx_word' id='word_1_556' title='bbox 677 3953 976 4020; x_wconf 83' lang='lat' dir='ltr'><strong>periculum</strong></span> <span class='ocrx_word' id='word_1_557' title='bbox 1012 3971 1173 4010; x_wconf 87' lang='lat' dir='ltr'><strong>unam</strong></span> <span class='ocrx_word' id='word_1_558' title='bbox 1209 3963 1574 4016; x_wconf 87' lang='lat' dir='ltr'><strong>communiter</strong></span> <span class='ocrx_word' id='word_1_559' title='bbox 1619 3965 1928 4020; x_wconf 91' lang='lat' dir='ltr'><strong>cautionem</strong></span> <span class='ocrx_word' id='word_1_560' title='bbox 1967 3982 2064 4036; x_wconf 92' lang='lat' dir='ltr'><strong>pro</strong></span> 
     </span>
    </p>
   </div>
   <div class='ocr_carea' id='block_1_72' title="bbox 2165 3932 3726 4037">
    <p class='ocr_par' dir='ltr' id='par_1_72' title="bbox 2196 3932 3726 4024">
     <span class='ocr_line' id='line_1_72' title="bbox 2196 3932 3726 4024; baseline -0.015 -16"><span class='ocrx_word' id='word_1_561' title='bbox 2196 3932 2428 4024; x_wconf 71' lang='grc' dir='ltr'><strong>ταυτησὶ</strong></span> <span class='ocrx_word' id='word_1_562' title='bbox 2456 3953 2552 4022; x_wconf 78' lang='grc' dir='ltr'><strong>τῆς</strong></span> <span class='ocrx_word' id='word_1_563' title='bbox 2590 3949 2764 4016; x_wconf 88' lang='grc' dir='ltr'><strong>πύλης</strong></span> <span class='ocrx_word' id='word_1_564' title='bbox 2783 3946 2948 4008; x_wconf 79' lang='grc' dir='ltr'><strong>αὐτὸς</strong></span> <span class='ocrx_word' id='word_1_565' title='bbox 2973 3943 3139 4013; x_wconf 75' lang='grc' dir='ltr'><strong>Εχων,</strong></span> <span class='ocrx_word' id='word_1_566' title='bbox 3199 3943 3314 3996; x_wconf 77' lang='grc' dir='ltr'><strong>δεῖν</strong></span> <span class='ocrx_word' id='word_1_567' title='bbox 3345 3939 3608 4009; x_wconf 65' lang='grc' dir='ltr'><strong>ἐλογίσατο</strong></span> <span class='ocrx_word' id='word_1_568' title='bbox 3627 3932 3726 3992; x_wconf 69' lang='grc' dir='ltr'><strong>τοὺς</strong></span> 
     </span>
    </p>
   </div>
   <div class='ocr_carea' id='block_1_73' title="bbox 517 4029 2067 4124">
    <p class='ocr_par' dir='ltr' id='par_1_73' title="bbox 517 4029 2062 4124">
     <span class='ocr_line' id='line_1_73' title="bbox 517 4029 2062 4124; baseline 0.012 -30"><span class='ocrx_word' id='word_1_569' title='bbox 517 4029 654 4096; x_wconf 80' lang='lat' dir='ltr'><strong>vidit</strong></span> <span class='ocrx_word' id='word_1_570' title='bbox 688 4046 935 4100; x_wconf 87' lang='lat' dir='ltr'><strong>sumendi</strong></span> <span class='ocrx_word' id='word_1_571' title='bbox 981 4049 1084 4103; x_wconf 84' lang='lat' dir='ltr'><strong>sibi</strong></span> <span class='ocrx_word' id='word_1_572' title='bbox 1146 4049 1327 4106; x_wconf 80' lang='lat' dir='ltr'><strong>claves</strong></span> <span class='ocrx_word' id='word_1_573' title='bbox 1387 4063 1559 4122; x_wconf 62' lang='lat' dir='ltr'><strong>portae</strong></span> <span class='ocrx_word' id='word_1_574' title='bbox 1592 4071 1712 4124; x_wconf 70' lang='lat' dir='ltr'><strong>qua:</strong></span> <span class='ocrx_word' id='word_1_575' title='bbox 1770 4066 1896 4110; x_wconf 92' lang='lat' dir='ltr'><strong>tunc</strong></span> <span class='ocrx_word' id='word_1_576' title='bbox 1937 4029 2062 4112; x_wconf 47' lang='lat' dir='ltr'><strong>u-uic</strong></span> 
     </span>
    </p>
   </div>
   <div class='ocr_carea' id='block_1_74' title="bbox 2165 4029 3726 4124">
    <p class='ocr_par' dir='ltr' id='par_1_74' title="bbox 2199 4029 3726 4124">
     <span class='ocr_line' id='line_1_74' title="bbox 2199 4029 3726 4124; baseline -0.014 -19"><span class='ocrx_word' id='word_1_577' title='bbox 2199 4050 2483 4120; x_wconf 85' lang='grc' dir='ltr'><strong>σατράπας</strong></span> <span class='ocrx_word' id='word_1_578' title='bbox 2510 4046 2600 4101; x_wconf 79' lang='grc' dir='ltr'><strong>διὰ</strong></span> <span class='ocrx_word' id='word_1_579' title='bbox 2639 4041 2922 4115; x_wconf 84' lang='grc' dir='ltr'><strong>μεθοδείας</strong></span> <span class='ocrx_word' id='word_1_580' title='bbox 2943 4038 3280 4103; x_wconf 72' lang='grc' dir='ltr'><strong>ἐλαττῶσαι,</strong></span> <span class='ocrx_word' id='word_1_581' title='bbox 3323 4037 3390 4090; x_wconf 73' lang='grc' dir='ltr'><strong>ἵν’</strong></span> <span class='ocrx_word' id='word_1_582' title='bbox 3420 4035 3514 4106; x_wconf 73' lang='grc' dir='ltr'><strong>ἔχῃ</strong></span> <span class='ocrx_word' id='word_1_583' title='bbox 3543 4029 3726 4124; x_wconf 63' lang='grc' dir='ltr'><strong>τούτηυξ</strong></span> 
     </span>
    </p>
   </div>
   <div class='ocr_carea' id='block_1_75' title="bbox 521 4115 2067 4214">
    <p class='ocr_par' dir='ltr' id='par_1_75' title="bbox 521 4115 2067 4203">
     <span class='ocr_line' id='line_1_75' title="bbox 521 4115 2067 4203; baseline 0.012 -20"><span class='ocrx_word' id='word_1_584' title='bbox 521 4134 761 4199; x_wconf 85' lang='lat' dir='ltr'><strong>patebat,</strong></span> <span class='ocrx_word' id='word_1_585' title='bbox 816 4136 936 4191; x_wconf 87' lang='lat' dir='ltr'><strong>aliis</strong></span> <span class='ocrx_word' id='word_1_586' title='bbox 969 4140 1038 4194; x_wconf 92' lang='lat' dir='ltr'><strong>ob</strong></span> <span class='ocrx_word' id='word_1_587' title='bbox 1074 4150 1274 4195; x_wconf 85' lang='lat' dir='ltr'><strong>metum</strong></span> <span class='ocrx_word' id='word_1_588' title='bbox 1327 4115 1794 4201; x_wconf 45' lang='lat' dir='ltr'><strong>Gallorum-antea</strong></span> <span class='ocrx_word' id='word_1_589' title='bbox 1837 4148 2067 4203; x_wconf 83' lang='lat' dir='ltr'><strong>occlusis</strong></span> 
     </span>
    </p>
   </div>
   <div class='ocr_carea' id='block_1_76' title="bbox 2165 4115 3725 4214">
    <p class='ocr_par' dir='ltr' id='par_1_76' title="bbox 2204 4115 3725 4214">
     <span class='ocr_line' id='line_1_76' title="bbox 2204 4115 3725 4214; baseline -0.016 -18"><span class='ocrx_word' id='word_1_590' title='bbox 2204 4143 2400 4214; x_wconf 65' lang='grc' dir='ltr'><strong>ῥᾳδίως</strong></span> <span class='ocrx_word' id='word_1_591' title='bbox 2423 4133 2912 4206; x_wconf 77' lang='grc' dir='ltr'><strong>καταγωνίζεσθαι,</strong></span> <span class='ocrx_word' id='word_1_592' title='bbox 2947 4132 3023 4195; x_wconf 86' lang='grc' dir='ltr'><strong>ὡς</strong></span> <span class='ocrx_word' id='word_1_593' title='bbox 3057 4131 3133 4202; x_wconf 84' lang='grc' dir='ltr'><strong>μή</strong></span> <span class='ocrx_word' id='word_1_594' title='bbox 3159 4148 3214 4184; x_wconf 88' lang='grc' dir='ltr'><strong>τι</strong></span> <span class='ocrx_word' id='word_1_595' title='bbox 3245 4128 3420 4183; x_wconf 78' lang='grc' dir='ltr'><strong>δεινὸν</strong></span> <span class='ocrx_word' id='word_1_596' title='bbox 3457 4125 3569 4179; x_wconf 78' lang='grc' dir='ltr'><strong>κατ’</strong></span> <span class='ocrx_word' id='word_1_597' title='bbox 3591 4115 3725 4176; x_wconf 75' lang='grc' dir='ltr'><strong>αὐτοῦ</strong></span> 
     </span>
    </p>
   </div>
   <div class='ocr_carea' id='block_1_77' title="bbox 523 4213 2067 4308">
    <p class='ocr_par' dir='ltr' id='par_1_77' title="bbox 523 4223 2067 4308">
     <span class='ocr_line' id='line_1_77' title="bbox 523 4223 2067 4308; baseline 0.01 -31"><span class='ocrx_word' id='word_1_598' title='bbox 523 4223 601 4278; x_wconf 84' lang='lat' dir='ltr'><strong>Eo</strong></span> <span class='ocrx_word' id='word_1_599' title='bbox 655 4227 816 4281; x_wconf 89' lang='lat' dir='ltr'><strong>modo</strong></span> <span class='ocrx_word' id='word_1_600' title='bbox 850 4242 970 4285; x_wconf 86' lang='lat' dir='ltr'><strong>sese</strong></span> <span class='ocrx_word' id='word_1_601' title='bbox 1001 4231 1265 4289; x_wconf 88' lang='lat' dir='ltr'><strong>arbitrum</strong></span> <span class='ocrx_word' id='word_1_602' title='bbox 1298 4234 1573 4304; x_wconf 88' lang='lat' dir='ltr'><strong>ingressus</strong></span> <span class='ocrx_word' id='word_1_603' title='bbox 1603 4251 1927 4308; x_wconf 85' lang='lat' dir='ltr'><strong>egressusve</strong></span> <span class='ocrx_word' id='word_1_604' title='bbox 1960 4256 2067 4307; x_wconf 88' lang='lat' dir='ltr'><strong>quo</strong></span> 
     </span>
    </p>
   </div>
   <div class='ocr_carea' id='block_1_78' title="bbox 2165 4213 3730 4308">
    <p class='ocr_par' dir='ltr' id='par_1_78' title="bbox 2205 4213 3730 4308">
     <span class='ocr_line' id='line_1_78' title="bbox 2205 4213 3730 4308; baseline -0.013 -24"><span class='ocrx_word' id='word_1_605' title='bbox 2205 4213 2584 4302; x_wconf 81' lang='grc' dir='ltr'><strong>μελετήσαιεν.</strong></span> <span class='ocrx_word' id='word_1_606' title='bbox 2609 4220 3125 4292; x_wconf 83' lang='grc' dir='ltr'><strong>Μεταπεμπὸμενος</strong></span> <span class='ocrx_word' id='word_1_607' title='bbox 3186 4217 3370 4272; x_wconf 88' lang='grc' dir='ltr'><strong>τοίνυν</strong></span> <span class='ocrx_word' id='word_1_608' title='bbox 3416 4213 3599 4275; x_wconf 82' lang='grc' dir='ltr'><strong>αὐτοὺς</strong></span> 
     </span>
    </p>
   </div>
   <div class='ocr_carea' id='block_1_79' title="bbox 523 4297 2067 4391">
    <p class='ocr_par' dir='ltr' id='par_1_79' title="bbox 523 4297 2066 4391">
     <span class='ocr_line' id='line_1_79' title="bbox 523 4297 2066 4391; baseline 0.01 -21"><span class='ocrx_word' id='word_1_609' title='bbox 523 4317 728 4372; x_wconf 85' lang='lat' dir='ltr'><strong>rumvis</strong></span> <span class='ocrx_word' id='word_1_610' title='bbox 765 4317 962 4386; x_wconf 80' lang='lat' dir='ltr'><strong>elfecit;</strong></span> <span class='ocrx_word' id='word_1_611' title='bbox 993 4336 1097 4391; x_wconf 90' lang='lat' dir='ltr'><strong>qua</strong></span> <span class='ocrx_word' id='word_1_612' title='bbox 1128 4337 1187 4376; x_wconf 90' lang='lat' dir='ltr'><strong>re</strong></span> <span class='ocrx_word' id='word_1_613' title='bbox 1215 4323 1348 4378; x_wconf 87' lang='lat' dir='ltr'><strong>satis</strong></span> <span class='ocrx_word' id='word_1_614' title='bbox 1374 4325 1590 4380; x_wconf 87' lang='lat' dir='ltr'><strong>interim</strong></span> <span class='ocrx_word' id='word_1_615' title='bbox 1613 4297 1880 4384; x_wconf 64' lang='lat' dir='ltr'><strong>adversus</strong></span> <span class='ocrx_word' id='word_1_616' title='bbox 1911 4297 2066 4385; x_wconf 67' lang='lat' dir='ltr'><strong>Gallo</strong></span> 
     </span>
    </p>
   </div>
   <div class='ocr_carea' id='block_1_80' title="bbox 2165 4297 3727 4391">
    <p class='ocr_par' dir='ltr' id='par_1_80' title="bbox 2201 4297 3727 4389">
     <span class='ocr_line' id='line_1_80' title="bbox 2201 4297 3727 4389; baseline -0.018 -12"><span class='ocrx_word' id='word_1_617' title='bbox 2201 4297 2451 4376; x_wconf 73' lang='grc' dir='ltr'><strong>εϐούλευε</strong></span> <span class='ocrx_word' id='word_1_618' title='bbox 2475 4317 2612 4389; x_wconf 80' lang='grc' dir='ltr'><strong>πρὸς</strong></span> <span class='ocrx_word' id='word_1_619' title='bbox 2637 4316 2729 4370; x_wconf 80' lang='grc' dir='ltr'><strong>τὸν</strong></span> <span class='ocrx_word' id='word_1_620' title='bbox 2747 4313 3129 4382; x_wconf 71' lang='grc' dir='ltr'><strong>αὐτοκράτορα</strong></span> <span class='ocrx_word' id='word_1_621' title='bbox 3161 4307 3526 4380; x_wconf 74' lang='grc' dir='ltr'><strong>ἀπέρχεσθαι,</strong></span> <span class='ocrx_word' id='word_1_622' title='bbox 3556 4305 3599 4356; x_wconf 81' lang='lat' dir='ltr'><strong>sl</strong></span> <span class='ocrx_word' id='word_1_623' title='bbox 3627 4297 3727 4373; x_wconf 78' lang='grc' dir='ltr'><strong>βού·</strong></span> 
     </span>
    </p>
   </div>
   <div class='ocr_carea' id='block_1_81' title="bbox 527 4391 2067 4486">
    <p class='ocr_par' dir='ltr' id='par_1_81' title="bbox 527 4406 2067 4482">
     <span class='ocr_line' id='line_1_81' title="bbox 527 4406 2067 4482; baseline 0.008 -24"><span class='ocrx_word' id='word_1_624' title='bbox 527 4410 694 4471; x_wconf 88' lang='lat' dir='ltr'><strong>tutos,</strong></span> <span class='ocrx_word' id='word_1_625' title='bbox 720 4406 1037 4464; x_wconf 86' lang='lat' dir='ltr'><strong>intestinum</strong></span> <span class='ocrx_word' id='word_1_626' title='bbox 1064 4425 1093 4465; x_wconf 88' lang='lat' dir='ltr'><strong>a</strong></span> <span class='ocrx_word' id='word_1_627' title='bbox 1118 4409 1314 4467; x_wconf 89' lang='lat' dir='ltr'><strong>Turcis</strong></span> <span class='ocrx_word' id='word_1_628' title='bbox 1345 4413 1645 4482; x_wconf 90' lang='lat' dir='ltr'><strong>periculum</strong></span> <span class='ocrx_word' id='word_1_629' title='bbox 1669 4426 1729 4470; x_wconf 89' lang='lat' dir='ltr'><strong>ut</strong></span> <span class='ocrx_word' id='word_1_630' title='bbox 1754 4417 2067 4471; x_wconf 84' lang='lat' dir='ltr'><strong>amoliretur</strong></span> 
     </span>
    </p>
   </div>
   <div class='ocr_carea' id='block_1_82' title="bbox 2165 4391 3733 4486">
    <p class='ocr_par' dir='ltr' id='par_1_82' title="bbox 2165 4391 3733 4486">
     <span class='ocr_line' id='line_1_82' title="bbox 2165 4391 3733 4486; baseline -0.014 -18"><span class='ocrx_word' id='word_1_631' title='bbox 2165 4400 2380 4468; x_wconf 65' lang='grc' dir='ltr'><strong>’λοιντο</strong></span> <span class='ocrx_word' id='word_1_632' title='bbox 2424 4410 2594 4464; x_wconf 85' lang='grc' dir='ltr'><strong>πολλὰ</strong></span> <span class='ocrx_word' id='word_1_633' title='bbox 2618 4425 2676 4462; x_wconf 87' lang='grc' dir='ltr'><strong>τε</strong></span> <span class='ocrx_word' id='word_1_634' title='bbox 2705 4407 2967 4478; x_wconf 83' lang='grc' dir='ltr'><strong>χρήματα</strong></span> <span class='ocrx_word' id='word_1_635' title='bbox 3003 4402 3218 4457; x_wconf 76' lang='grc' dir='ltr'><strong>ἐκεῖθεν</strong></span> <span class='ocrx_word' id='word_1_636' title='bbox 3263 4401 3451 4455; x_wconf 79' lang='grc' dir='ltr'><strong>λαϐεῖν</strong></span> <span class='ocrx_word' id='word_1_637' title='bbox 3487 4398 3573 4452; x_wconf 78' lang='grc' dir='ltr'><strong>καὶ</strong></span> <span class='ocrx_word' id='word_1_638' title='bbox 3598 4391 3733 4486; x_wconf 80' lang='grc' dir='ltr'><strong>τιμῆς</strong></span> 
     </span>
    </p>
   </div>
   <div class='ocr_carea' id='block_1_83' title="bbox 523 4483 2067 4574">
    <p class='ocr_par' dir='ltr' id='par_1_83' title="bbox 523 4495 2067 4568">
     <span class='ocr_line' id='line_1_83' title="bbox 523 4495 2067 4568; baseline 0.007 -20"><span class='ocrx_word' id='word_1_639' title='bbox 523 4495 771 4551; x_wconf 92' lang='lat' dir='ltr'><strong>minuere</strong></span> <span class='ocrx_word' id='word_1_640' title='bbox 797 4506 1138 4568; x_wconf 88' lang='lat' dir='ltr'><strong>satraparum</strong></span> <span class='ocrx_word' id='word_1_641' title='bbox 1162 4515 1446 4557; x_wconf 87' lang='lat' dir='ltr'><strong>numerum</strong></span> <span class='ocrx_word' id='word_1_642' title='bbox 1467 4503 1571 4559; x_wconf 85' lang='lat' dir='ltr'><strong>hac</strong></span> <span class='ocrx_word' id='word_1_643' title='bbox 1590 4513 1708 4562; x_wconf 88' lang='lat' dir='ltr'><strong>arte</strong></span> <span class='ocrx_word' id='word_1_644' title='bbox 1732 4506 1963 4563; x_wconf 89' lang='lat' dir='ltr'><strong>adorsus</strong></span> <span class='ocrx_word' id='word_1_645' title='bbox 1995 4517 2067 4564; x_wconf 88' lang='lat' dir='ltr'><strong>est</strong></span> 
     </span>
    </p>
   </div>
   <div class='ocr_carea' id='block_1_84' title="bbox 2165 4483 3735 4574">
    <p class='ocr_par' dir='ltr' id='par_1_84' title="bbox 2199 4483 3735 4574">
     <span class='ocr_line' id='line_1_84' title="bbox 2199 4483 3735 4574; baseline -0.016 -15"><span class='ocrx_word' id='word_1_646' title='bbox 2199 4505 2500 4574; x_wconf 82' lang='grc' dir='ltr'><strong>ἀξιωθῆναι</strong></span> <span class='ocrx_word' id='word_1_647' title='bbox 2533 4500 2816 4572; x_wconf 82' lang='grc' dir='ltr'><strong>μεγίστης,</strong></span> <span class='ocrx_word' id='word_1_648' title='bbox 2845 4499 2941 4552; x_wconf 76' lang='grc' dir='ltr'><strong>καὶ</strong></span> <span class='ocrx_word' id='word_1_649' title='bbox 2964 4495 3217 4567; x_wconf 79' lang='grc' dir='ltr'><strong>ἐτησίους</strong></span> <span class='ocrx_word' id='word_1_650' title='bbox 3250 4492 3567 4562; x_wconf 81' lang='grc' dir='ltr'><strong>τυπωθῆναι</strong></span> <span class='ocrx_word' id='word_1_651' title='bbox 3615 4483 3735 4555; x_wconf 79' lang='grc' dir='ltr'><strong>φιλο-</strong></span> 
     </span>
    </p>
   </div>
   <div class='ocr_carea' id='block_1_85' title="bbox 521 4577 2067 4668">
    <p class='ocr_par' dir='ltr' id='par_1_85' title="bbox 521 4585 2067 4668">
     <span class='ocr_line' id='line_1_85' title="bbox 521 4585 2067 4668; baseline 0.008 -30"><span class='ocrx_word' id='word_1_652' title='bbox 521 4585 821 4640; x_wconf 77' lang='lat' dir='ltr'><strong>Accersivit</strong></span> <span class='ocrx_word' id='word_1_653' title='bbox 842 4587 1428 4656; x_wconf 60' lang='lat' dir='ltr'><strong>singillatimfmaxime</strong></span> <span class='ocrx_word' id='word_1_654' title='bbox 1457 4593 1690 4648; x_wconf 87' lang='lat' dir='ltr'><strong>audaces</strong></span> <span class='ocrx_word' id='word_1_655' title='bbox 1724 4604 2067 4668; x_wconf 66' lang='lat' dir='ltr'><strong>potentesque</strong></span> 
     </span>
    </p>
   </div>
   <div class='ocr_carea' id='block_1_86' title="bbox 2165 4577 3734 4668">
    <p class='ocr_par' dir='ltr' id='par_1_86' title="bbox 2199 4577 3734 4668">
     <span class='ocr_line' id='line_1_86' title="bbox 2199 4577 3734 4668; baseline -0.014 -18"><span class='ocrx_word' id='word_1_656' title='bbox 2199 4598 2413 4668; x_wconf 86' lang='grc' dir='ltr'><strong>τιμίας,</strong></span> <span class='ocrx_word' id='word_1_657' title='bbox 2444 4592 2634 4648; x_wconf 86' lang='grc' dir='ltr'><strong>πείθει</strong></span> <span class='ocrx_word' id='word_1_658' title='bbox 2657 4593 2786 4654; x_wconf 78' lang='grc' dir='ltr'><strong>τοὺς</strong></span> <span class='ocrx_word' id='word_1_659' title='bbox 2820 4587 3120 4659; x_wconf 88' lang='grc' dir='ltr'><strong>Τούρκους,</strong></span> <span class='ocrx_word' id='word_1_660' title='bbox 3152 4587 3250 4641; x_wconf 76' lang='grc' dir='ltr'><strong>καὶ</strong></span> <span class='ocrx_word' id='word_1_661' title='bbox 3270 4583 3466 4646; x_wconf 76' lang='grc' dir='ltr'><strong>νυκτὸς</strong></span> <span class='ocrx_word' id='word_1_662' title='bbox 3494 4577 3734 4668; x_wconf 78' lang='grc' dir='ltr'><strong>διανοίγων</strong></span> 
     </span>
    </p>
   </div>
   <div class='ocr_carea' id='block_1_87' title="bbox 522 4667 2067 4754">
    <p class='ocr_par' dir='ltr' id='par_1_87' title="bbox 522 4667 2067 4754">
     <span class='ocr_line' id='line_1_87' title="bbox 522 4667 2067 4754; baseline 0.01 -26"><span class='ocrx_word' id='word_1_663' title='bbox 522 4675 644 4745; x_wconf 91' lang='lat' dir='ltr'><strong>plus</strong></span> <span class='ocrx_word' id='word_1_664' title='bbox 689 4676 810 4733; x_wconf 89' lang='lat' dir='ltr'><strong>ideo</strong></span> <span class='ocrx_word' id='word_1_665' title='bbox 836 4689 1120 4750; x_wconf 86' lang='lat' dir='ltr'><strong>suspectos</strong></span> <span class='ocrx_word' id='word_1_666' title='bbox 1140 4719 1157 4746; x_wconf 91' lang='lat'><strong>,</strong></span> <span class='ocrx_word' id='word_1_667' title='bbox 1190 4698 1627 4754; x_wconf 75' lang='lat' dir='ltr'><strong>magnopereque</strong></span> <span class='ocrx_word' id='word_1_668' title='bbox 1685 4685 1752 4741; x_wconf 88' lang='lat' dir='ltr'><strong>iis</strong></span> <span class='ocrx_word' id='word_1_669' title='bbox 1782 4697 1972 4742; x_wconf 89' lang='lat' dir='ltr'><strong>auctor</strong></span> <span class='ocrx_word' id='word_1_670' title='bbox 1995 4667 2067 4744; x_wconf 89' lang='lat' dir='ltr'><strong>fui</strong></span> 
     </span>
    </p>
   </div>
   <div class='ocr_carea' id='block_1_88' title="bbox 2165 4667 3732 4754">
    <p class='ocr_par' dir='ltr' id='par_1_88' title="bbox 2202 4667 3732 4749">
     <span class='ocr_line' id='line_1_88' title="bbox 2202 4667 3732 4749; baseline -0.011 -7"><span class='ocrx_word' id='word_1_671' title='bbox 2202 4667 2495 4744; x_wconf 75' lang='grc' dir='ltr'><strong>ἀπέστελλε</strong></span> <span class='ocrx_word' id='word_1_672' title='bbox 2551 4682 2775 4746; x_wconf 81' lang='grc' dir='ltr'><strong>τούτους</strong></span> <span class='ocrx_word' id='word_1_673' title='bbox 2812 4680 2902 4734; x_wconf 79' lang='grc' dir='ltr'><strong>διὰ</strong></span> <span class='ocrx_word' id='word_1_674' title='bbox 2957 4679 3057 4749; x_wconf 85' lang='grc' dir='ltr'><strong>τῆς</strong></span> <span class='ocrx_word' id='word_1_675' title='bbox 3111 4675 3530 4749; x_wconf 74' lang='grc' dir='ltr'><strong>παρακειμένης</strong></span> <span class='ocrx_word' id='word_1_676' title='bbox 3571 4667 3732 4737; x_wconf 74' lang='grc' dir='ltr'><strong>λίμνης</strong></span> 
     </span>
    </p>
   </div>
   <div class='ocr_carea' id='block_1_89' title="bbox 523 4755 2067 4851">
    <p class='ocr_par' dir='ltr' id='par_1_89' title="bbox 523 4767 2067 4851">
     <span class='ocr_line' id='line_1_89' title="bbox 523 4767 2067 4851; baseline 0.009 -30"><span class='ocrx_word' id='word_1_677' title='bbox 523 4767 906 4837; x_wconf 85' lang='lat' dir='ltr'><strong>imperatorem</strong></span> <span class='ocrx_word' id='word_1_678' title='bbox 936 4775 1170 4838; x_wconf 86' lang='lat' dir='ltr'><strong>adirent,</strong></span> <span class='ocrx_word' id='word_1_679' title='bbox 1202 4777 1530 4847; x_wconf 61' lang='lat' dir='ltr'><strong>praemiaque</strong></span> <span class='ocrx_word' id='word_1_680' title='bbox 1561 4777 1630 4833; x_wconf 86' lang='lat' dir='ltr'><strong>ab</strong></span> <span class='ocrx_word' id='word_1_681' title='bbox 1661 4793 1726 4834; x_wconf 92' lang='lat' dir='ltr'><strong>eo</strong></span> <span class='ocrx_word' id='word_1_682' title='bbox 1762 4789 1969 4834; x_wconf 68' lang='lat' dir='ltr'><strong>uavatm</strong></span> <span class='ocrx_word' id='word_1_683' title='bbox 2002 4783 2067 4851; x_wconf 71' lang='lat' dir='ltr'><strong>ip:</strong></span> 
     </span>
    </p>
   </div>
   <div class='ocr_carea' id='block_1_90' title="bbox 2165 4755 3735 4851">
    <p class='ocr_par' dir='ltr' id='par_1_90' title="bbox 2203 4755 3735 4851">
     <span class='ocr_line' id='line_1_90' title="bbox 2203 4755 3735 4851; baseline -0.018 -18"><span class='ocrx_word' id='word_1_684' title='bbox 2203 4781 2416 4849; x_wconf 83' lang='grc' dir='ltr'><strong>ὀλίγους</strong></span> <span class='ocrx_word' id='word_1_685' title='bbox 2447 4776 2544 4830; x_wconf 75' lang='grc' dir='ltr'><strong>καὶ</strong></span> <span class='ocrx_word' id='word_1_686' title='bbox 2579 4774 2836 4844; x_wconf 85' lang='grc' dir='ltr'><strong>συχνάκις</strong></span> <span class='ocrx_word' id='word_1_687' title='bbox 2885 4772 3020 4843; x_wconf 82' lang='grc' dir='ltr'><strong>πρός</strong></span> <span class='ocrx_word' id='word_1_688' title='bbox 3073 4786 3130 4822; x_wconf 82' lang='grc' dir='ltr'><strong>τε</strong></span> <span class='ocrx_word' id='word_1_689' title='bbox 3167 4769 3260 4822; x_wconf 83' lang='grc' dir='ltr'><strong>τὸν</strong></span> <span class='ocrx_word' id='word_1_690' title='bbox 3302 4761 3620 4835; x_wconf 69' lang='grc' dir='ltr'><strong>Ῥοδομηρὸν</strong></span> <span class='ocrx_word' id='word_1_691' title='bbox 3661 4755 3735 4808; x_wconf 75' lang='grc' dir='ltr'><strong>καὶ</strong></span> 
     </span>
    </p>
   </div>
   <div class='ocr_carea' id='block_1_91' title="bbox 521 4850 2067 4945">
    <p class='ocr_par' dir='ltr' id='par_1_91' title="bbox 521 4850 2067 4945">
     <span class='ocr_line' id='line_1_91' title="bbox 521 4850 2067 4945; baseline 0.01 -31"><span class='ocrx_word' id='word_1_692' title='bbox 521 4875 700 4925; x_wconf 62' lang='lat' dir='ltr'><strong>operae</strong></span> <span class='ocrx_word' id='word_1_693' title='bbox 740 4867 960 4935; x_wconf 90' lang='lat' dir='ltr'><strong>copiosa</strong></span> <span class='ocrx_word' id='word_1_694' title='bbox 992 4877 1045 4921; x_wconf 91' lang='lat' dir='ltr'><strong>et</strong></span> <span class='ocrx_word' id='word_1_695' title='bbox 1091 4871 1489 4938; x_wconf 86' lang='lat' dir='ltr'><strong>perhonoriﬁca</strong></span> <span class='ocrx_word' id='word_1_696' title='bbox 1528 4886 1710 4928; x_wconf 85' lang='lat' dir='ltr'><strong>coram</strong></span> <span class='ocrx_word' id='word_1_697' title='bbox 1761 4850 2067 4945; x_wconf 87' lang='lat' dir='ltr'><strong>acciperent</strong></span> 
     </span>
    </p>
   </div>
   <div class='ocr_carea' id='block_1_92' title="bbox 2165 4850 3736 4945">
    <p class='ocr_par' dir='ltr' id='par_1_92' title="bbox 2202 4850 3736 4945">
     <span class='ocr_line' id='line_1_92' title="bbox 2202 4850 3736 4945; baseline -0.018 -19"><span class='ocrx_word' id='word_1_698' title='bbox 2202 4874 2294 4926; x_wconf 76' lang='grc' dir='ltr'><strong>τὸν</strong></span> <span class='ocrx_word' id='word_1_699' title='bbox 2318 4867 2720 4941; x_wconf 80' lang='grc' dir='ltr'><strong>μιξοϐάρϐαρον</strong></span> <span class='ocrx_word' id='word_1_700' title='bbox 2736 4864 3060 4932; x_wconf 81' lang='grc' dir='ltr'><strong>Μοναστρᾶν</strong></span> <span class='ocrx_word' id='word_1_701' title='bbox 3079 4862 3220 4932; x_wconf 77' lang='grc' dir='ltr'><strong>ἀμφὶ</strong></span> <span class='ocrx_word' id='word_1_702' title='bbox 3237 4861 3299 4914; x_wconf 85' lang='grc' dir='ltr'><strong>τὺ</strong></span> <span class='ocrx_word' id='word_1_703' title='bbox 3323 4859 3584 4930; x_wconf 83' lang='grc' dir='ltr'><strong>πολίχνιον</strong></span> <span class='ocrx_word' id='word_1_704' title='bbox 3597 4850 3736 4945; x_wconf 79' lang='grc' dir='ltr'><strong>ἐνδια-</strong></span> 
     </span>
    </p>
   </div>
   <div class='ocr_carea' id='block_1_93' title="bbox 530 4941 2067 5036">
    <p class='ocr_par' dir='ltr' id='par_1_93' title="bbox 530 4941 2057 5036">
     <span class='ocr_line' id='line_1_93' title="bbox 530 4941 2057 5036; baseline 0.01 -31"><span class='ocrx_word' id='word_1_705' title='bbox 530 4951 924 5012; x_wconf 85' lang='lat' dir='ltr'><strong>Sulmstentans</strong></span> <span class='ocrx_word' id='word_1_706' title='bbox 957 4959 1117 5014; x_wconf 83' lang='lat' dir='ltr'><strong>etiam</strong></span> <span class='ocrx_word' id='word_1_707' title='bbox 1154 4977 1304 5032; x_wconf 88' lang='lat' dir='ltr'><strong>spem</strong></span> <span class='ocrx_word' id='word_1_708' title='bbox 1333 4963 1606 5036; x_wconf 90' lang='lat' dir='ltr'><strong>plerisque</strong></span> <span class='ocrx_word' id='word_1_709' title='bbox 1649 4941 1972 5034; x_wconf 81' lang='lat' dir='ltr'><strong>impetrandi</strong></span> <span class='ocrx_word' id='word_1_710' title='bbox 2031 4983 2057 5020; x_wconf 89' lang='lat' dir='ltr'><strong>a</strong></span> 
     </span>
    </p>
   </div>
   <div class='ocr_carea' id='block_1_94' title="bbox 2165 4941 3731 5036">
    <p class='ocr_par' dir='ltr' id='par_1_94' title="bbox 2204 4941 3731 5036">
     <span class='ocr_line' id='line_1_94' title="bbox 2204 4941 3731 5036; baseline -0.012 -18"><span class='ocrx_word' id='word_1_711' title='bbox 2204 4964 2490 5033; x_wconf 82' lang='grc' dir='ltr'><strong>τρίϐοντας</strong></span> <span class='ocrx_word' id='word_1_712' title='bbox 2524 4961 2566 4992; x_wconf 84' lang='grc'>¹¹</span> <span class='ocrx_word' id='word_1_713' title='bbox 2597 4957 2689 5013; x_wconf 77' lang='grc' dir='ltr'><strong>τοῦ</strong></span> <span class='ocrx_word' id='word_1_714' title='bbox 2739 4958 2937 5011; x_wconf 70' lang='grc' dir='ltr'><strong>οὑτωσί</strong></span> <span class='ocrx_word' id='word_1_715' title='bbox 2968 4972 3083 5019; x_wconf 88' lang='grc' dir='ltr'><strong>πως</strong></span> <span class='ocrx_word' id='word_1_716' title='bbox 3125 4953 3218 5007; x_wconf 80' lang='grc' dir='ltr'><strong>τοῦ</strong></span> <span class='ocrx_word' id='word_1_717' title='bbox 3277 4953 3450 5023; x_wconf 75' lang='grc' dir='ltr'><strong>κυροῦ</strong></span> <span class='ocrx_word' id='word_1_718' title='bbox 3498 4941 3731 5036; x_wconf 51' lang='grc' dir='ltr'><strong>Γεωργεξυ</strong></span> 
     </span>
    </p>
   </div>
   <div class='ocr_carea' id='block_1_95' title="bbox 524 5033 2067 5127">
    <p class='ocr_par' dir='ltr' id='par_1_95' title="bbox 524 5033 2067 5127">
     <span class='ocr_line' id='line_1_95' title="bbox 524 5033 2067 5127; baseline 0.013 -32"><span class='ocrx_word' id='word_1_719' title='bbox 524 5044 764 5113; x_wconf 80' lang='lat' dir='ltr'><strong>Augusto</strong></span> <span class='ocrx_word' id='word_1_720' title='bbox 810 5051 1157 5120; x_wconf 83' lang='lat' dir='ltr'><strong>magistratus</strong></span> <span class='ocrx_word' id='word_1_721' title='bbox 1197 5033 1748 5127; x_wconf 36' lang='lat' dir='ltr'><strong>censusque&#39;annuos</strong></span> <span class='ocrx_word' id='word_1_722' title='bbox 1813 5073 1935 5114; x_wconf 89' lang='lat' dir='ltr'><strong>cum</strong></span> <span class='ocrx_word' id='word_1_723' title='bbox 1982 5058 2067 5126; x_wconf 87' lang='lat' dir='ltr'><strong>jur</strong></span> 
     </span>
    </p>
   </div>
   <div class='ocr_carea' id='block_1_96' title="bbox 2165 5033 3736 5127">
    <p class='ocr_par' dir='ltr' id='par_1_96' title="bbox 2208 5033 3736 5124">
     <span class='ocr_line' id='line_1_96' title="bbox 2208 5033 3736 5124; baseline -0.016 -14"><span class='ocrx_word' id='word_1_724' title='bbox 2208 5053 2700 5124; x_wconf 64' lang='grc' dir='ltr'><strong>ἐπονομαζόμενον,</strong></span> <span class='ocrx_word' id='word_1_725' title='bbox 2734 5047 3050 5117; x_wconf 71' lang='grc' dir='ltr'><strong>ἐπισκήψας</strong></span> <span class='ocrx_word' id='word_1_726' title='bbox 3077 5047 3262 5110; x_wconf 81' lang='grc' dir='ltr'><strong>αὐτοῖς</strong></span> <span class='ocrx_word' id='word_1_727' title='bbox 3285 5046 3385 5114; x_wconf 83' lang='grc' dir='ltr'><strong>ὼς,</strong></span> <span class='ocrx_word' id='word_1_728' title='bbox 3406 5039 3626 5112; x_wconf 79' lang='grc' dir='ltr'><strong>ὁπηνίκα</strong></span> <span class='ocrx_word' id='word_1_729' title='bbox 3647 5033 3736 5086; x_wconf 84' lang='grc' dir='ltr'><strong>τῶν</strong></span> 
     </span>
    </p>
   </div>
   <div class='ocr_carea' id='block_1_97' title="bbox 1610 5165 2730 5236">
    <p class='ocr_par' dir='ltr' id='par_1_97' title="bbox 1610 5165 2730 5236">
     <span class='ocr_line' id='line_1_97' title="bbox 1610 5165 2730 5236; baseline -0.008 -2"><span class='ocrx_word' id='word_1_730' title='bbox 1610 5172 1809 5234; x_wconf 57' lang='lat' dir='ltr'><strong>Varia;</strong></span> <span class='ocrx_word' id='word_1_731' title='bbox 1849 5172 2155 5236; x_wconf 88' lang='lat' dir='ltr'><strong>lectiones</strong></span> <span class='ocrx_word' id='word_1_732' title='bbox 2186 5190 2264 5235; x_wconf 75' lang='lat' dir='ltr'><strong>ex</strong></span> <span class='ocrx_word' id='word_1_733' title='bbox 2296 5171 2438 5234; x_wconf 92' lang='lat' dir='ltr'><strong>cod.</strong></span> <span class='ocrx_word' id='word_1_734' title='bbox 2479 5165 2730 5230; x_wconf 85' lang='lat' dir='ltr'><strong>Coislin.</strong></span> 
     </span>
    </p>
   </div>
   <div class='ocr_carea' id='block_1_98' title="bbox 601 5265 1076 5338">
    <p class='ocr_par' dir='ltr' id='par_1_98' title="bbox 601 5265 1076 5338">
     <span class='ocr_line' id='line_1_98' title="bbox 601 5265 1076 5338; baseline 0.004 -16"><span class='ocrx_word' id='word_1_735' title='bbox 601 5265 644 5300; x_wconf 83' lang='grc'><strong>³¹</strong></span> <span class='ocrx_word' id='word_1_736' title='bbox 678 5267 1076 5338; x_wconf 79' lang='grc' dir='ltr'><strong>διατρίϐοντας.</strong></span> 
     </span>
    </p>
   </div>
   <div class='ocr_carea' id='block_1_99' title="bbox 1629 5381 2689 5463">
    <p class='ocr_par' dir='ltr' id='par_1_99' title="bbox 1629 5381 2689 5463">
     <span class='ocr_line' id='line_1_99' title="bbox 1629 5381 2689 5463; baseline 0.001 -19"><span class='ocrx_word' id='word_1_737' title='bbox 1629 5383 1763 5445; x_wconf 85' lang='lat' dir='ltr'><strong>Car.</strong></span> <span class='ocrx_word' id='word_1_738' title='bbox 1795 5381 2109 5446; x_wconf 85' lang='lat' dir='ltr'><strong>Dufresnii</strong></span> <span class='ocrx_word' id='word_1_739' title='bbox 2138 5383 2233 5445; x_wconf 89' lang='lat' dir='ltr'><strong>Du</strong></span> <span class='ocrx_word' id='word_1_740' title='bbox 2251 5382 2466 5463; x_wconf 82' lang='lat' dir='ltr'><strong>Cangii</strong></span> <span class='ocrx_word' id='word_1_741' title='bbox 2494 5387 2689 5446; x_wconf 68' lang='lat' dir='ltr'><strong>notia.</strong></span> 
     </span>
    </p>
   </div>
   <div class='ocr_carea' id='block_1_100' title="bbox 2207 5495 3739 5639">
    <p class='ocr_par' dir='ltr' id='par_1_100' title="bbox 2207 5495 3739 5639">
     <span class='ocr_line' id='line_1_100' title="bbox 2207 5495 3739 5638; baseline -0.01 -69"><span class='ocrx_word' id='word_1_742' title='bbox 2207 5527 2329 5638; x_wconf 48' lang='lat' dir='ltr'><strong>3p.</strong></span> <span class='ocrx_word' id='word_1_743' title='bbox 2362 5514 2464 5586; x_wconf 81' lang='lat'><strong>&#39;57;</strong></span> <span class='ocrx_word' id='word_1_744' title='bbox 2494 5511 2781 5571; x_wconf 85' lang='lat' dir='ltr'><strong>Tudebod.</strong></span> <span class='ocrx_word' id='word_1_745' title='bbox 2822 5511 2917 5570; x_wconf 88' lang='lat' dir='ltr'><strong>lib.</strong></span> <span class='ocrx_word' id='word_1_746' title='bbox 2956 5527 2992 5569; x_wconf 93' lang='lat' dir='ltr'><strong>tl</strong></span> <span class='ocrx_word' id='word_1_747' title='bbox 3019 5527 3032 5580; x_wconf 90' lang='lat'><strong>;</strong></span> <span class='ocrx_word' id='word_1_748' title='bbox 3059 5509 3186 5584; x_wconf 85' lang='lat' dir='ltr'><strong>Tyr.</strong></span> <span class='ocrx_word' id='word_1_749' title='bbox 3219 5507 3317 5565; x_wconf 87' lang='lat' dir='ltr'><strong>lib.</strong></span> <span class='ocrx_word' id='word_1_750' title='bbox 3351 5522 3433 5574; x_wconf 89' lang='lat' dir='ltr'><strong>tu,</strong></span> <span class='ocrx_word' id='word_1_751' title='bbox 3465 5518 3575 5572; x_wconf 87' lang='lat' dir='ltr'><strong>cap.</strong></span> <span class='ocrx_word' id='word_1_752' title='bbox 3609 5495 3739 5558; x_wconf 63' lang='lat' dir='ltr'><strong>li,et</strong></span> 
     </span>
     <span class='ocr_line' id='line_1_101' title="bbox 2267 5601 2321 5639; baseline 0 0"><span class='ocrx_word' id='word_1_753' title='bbox 2267 5601 2321 5639; x_wconf 88' lang='lat' dir='ltr'><strong>tl.</strong></span> 
     </span>
    </p>
   </div>
   <div class='ocr_carea' id='block_1_101' title="bbox 607 5509 2107 5580">
    <p class='ocr_par' dir='ltr' id='par_1_101' title="bbox 607 5509 2107 5580">
     <span class='ocr_line' id='line_1_102' title="bbox 607 5509 2107 5580; baseline 0 -13"><span class='ocrx_word' id='word_1_754' title='bbox 607 5511 717 5580; x_wconf 81' lang='lat'><strong>(90)</strong></span> <span class='ocrx_word' id='word_1_755' title='bbox 749 5512 910 5567; x_wconf 80' lang='grc' dir='ltr'><strong>Είσω</strong></span> <span class='ocrx_word' id='word_1_756' title='bbox 943 5512 1218 5576; x_wconf 84' lang='grc' dir='ltr'><strong>Νικαίας.</strong></span> <span class='ocrx_word' id='word_1_757' title='bbox 1249 5510 1416 5578; x_wconf 89' lang='lat' dir='ltr'><strong>Capta</strong></span> <span class='ocrx_word' id='word_1_758' title='bbox 1448 5519 1531 5566; x_wconf 90' lang='lat' dir='ltr'><strong>est</strong></span> <span class='ocrx_word' id='word_1_759' title='bbox 1574 5509 1751 5580; x_wconf 72' lang='lat' dir='ltr'><strong>Nicaea</strong></span> <span class='ocrx_word' id='word_1_760' title='bbox 1779 5521 1898 5578; x_wconf 87' lang='lat' dir='ltr'><strong>post.</strong></span> <span class='ocrx_word' id='word_1_761' title='bbox 1944 5512 1976 5566; x_wconf 83' lang='lat'><strong>7</strong></span> <span class='ocrx_word' id='word_1_762' title='bbox 2011 5512 2107 5567; x_wconf 86' lang='lat' dir='ltr'><strong>he-</strong></span> 
     </span>
    </p>
   </div>
   <div class='ocr_carea' id='block_1_102' title="bbox 533 5579 2104 5638">
    <p class='ocr_par' dir='ltr' id='par_1_102' title="bbox 533 5579 2104 5638">
     <span class='ocr_line' id='line_1_103' title="bbox 533 5579 2104 5638; baseline -0.001 -1"><span class='ocrx_word' id='word_1_763' title='bbox 533 5579 861 5637; x_wconf 85' lang='lat' dir='ltr'><strong>bdomadum</strong></span> <span class='ocrx_word' id='word_1_764' title='bbox 897 5583 1006 5636; x_wconf 75' lang='lat' dir='ltr'><strong>et5</strong></span> <span class='ocrx_word' id='word_1_765' title='bbox 1035 5582 1246 5636; x_wconf 87' lang='lat' dir='ltr'><strong>dierum</strong></span> <span class='ocrx_word' id='word_1_766' title='bbox 1283 5581 1642 5636; x_wconf 89' lang='lat' dir='ltr'><strong>obsidionem.</strong></span> <span class='ocrx_word' id='word_1_767' title='bbox 1694 5579 1917 5638; x_wconf 82' lang='lat' dir='ltr'><strong>Robert.</strong></span> <span class='ocrx_word' id='word_1_768' title='bbox 1960 5581 2104 5636; x_wconf 82' lang='lat' dir='ltr'><strong>Mon.</strong></span> 
     </span>
    </p>
   </div>
   <div class='ocr_carea' id='block_1_103' title="bbox 535 5650 2104 5724">
    <p class='ocr_par' dir='ltr' id='par_1_103' title="bbox 535 5650 2104 5724">
     <span class='ocr_line' id='line_1_104' title="bbox 535 5650 2104 5724; baseline -0.002 -16"><span class='ocrx_word' id='word_1_769' title='bbox 535 5651 631 5708; x_wconf 87' lang='lat' dir='ltr'><strong>lib.</strong></span> <span class='ocrx_word' id='word_1_770' title='bbox 679 5667 732 5718; x_wconf 87' lang='lat' dir='ltr'><strong>t,</strong></span> <span class='ocrx_word' id='word_1_771' title='bbox 792 5653 863 5707; x_wconf 64' lang='grc' dir='ltr'><strong>το</strong></span> <span class='ocrx_word' id='word_1_772' title='bbox 902 5651 1046 5710; x_wconf 82' lang='lat' dir='ltr'><strong>Junii</strong></span> <span class='ocrx_word' id='word_1_773' title='bbox 1099 5666 1189 5707; x_wconf 87' lang='lat' dir='ltr'><strong>an.</strong></span> <span class='ocrx_word' id='word_1_774' title='bbox 1241 5650 1412 5718; x_wconf 70' lang='lat'><strong>1097;</strong></span> <span class='ocrx_word' id='word_1_775' title='bbox 1467 5652 1673 5709; x_wconf 86' lang='lat' dir='ltr'><strong>Albert.</strong></span> <span class='ocrx_word' id='word_1_776' title='bbox 1735 5653 1838 5724; x_wconf 85' lang='lat' dir='ltr'><strong>Aq.</strong></span> <span class='ocrx_word' id='word_1_777' title='bbox 1897 5652 1991 5709; x_wconf 86' lang='lat' dir='ltr'><strong>lib.</strong></span> <span class='ocrx_word' id='word_1_778' title='bbox 2041 5665 2104 5715; x_wconf 85' lang='grc' dir='ltr'><strong>ιι,</strong></span> 
     </span>
    </p>
   </div>
  </div>
