3974 6208
331 340 438 405 £01
1622 333 2032 394 ALEXIADIS
2068 332 2217 395 LIB.
2255 333 2358 396 Χῐ.
3478 330 3589 395 802

331 456 472 506 νεῶν
516 453 805 521 ἀποϐαῖεν,
872 452 1215 523 παραχρῆμα
1250 449 1636 520 ἐκπέμπεσθαι
1697 445 1918 508 τούτους

2028 459 2082 499 ac
2111 445 2320 501 honore
2374 443 2663 515 imaginis,
2710 443 2909 515 quibus
2965 443 3042 499 illi
3095 443 3238 514 capti
3293 443 3491 513 spebus
3528 455 3586 501 et

332 545 474 616 πρὸς
506 545 600 598 τὸν
646 545 1027 616 αὐτοκράτορα
1063 545 1157 597 καὶ
1195 543 1328 612 μηδέ
1362 539 1498 610 πρὸς
1530 537 1742 608 βραχύν
1789 552 1912 589 τινα

2028 537 2180 592 Facile
2215 539 2423 592 assensi
2456 548 2616 592 noctu
2648 552 2744 606 per
2778 537 2954 592 lacum
2987 537 3216 594 subinde
3235 536 3396 592 simul
3427 535 3583 604 pauci

331 635 527 705 χρόνον
557 636 966 705 παρακατέχειν
996 635 1212 698 αὐτοὺς,
1244 634 1328 685 ἵνα
1366 633 1461 701 μὴ,
1498 629 1637 700 μετὰ
1652 627 1762 680 τῶν
1786 627 1912 680 6m-

331 725 466 777 σθεν
517 723 887 794 πεμπομένων
946 722 1208 794 Τούρκων
1263 721 1575 782 ἐνωθέντες,
1627 719 1816 772 σκαιόν
1857 733 1912 768 τι

331 810 460 862 κατ’
492 810 672 864 αὐτῶν
707 810 1084 881 μελετήσαιεν.
1136 809 1210 862 Τὸ
1240 809 1297 862 δὲ
1346 808 1456 879 ἄρα
1506 806 1817 878 προφητεία
1843 801 1914 874 ἦν

331 899 598 971 ἄντικρυς
617 916 632 932 ⁸
665 901 876 971 καὶτῆς
907 901 1106 968 πολλῆς
1127 900 1221 955 τοῦ
1250 900 1442 970 ἀνδρὸς
1474 900 1685 952 ἐκείνου
1719 901 1913 966 ἐμπει-

333 997 460 1063 ρίας
497 993 802 1063 στοχασμὸς
835 992 1251 1064 ἀναντίρῤητος.
1282 993 1391 1046 Καὶ
1415 992 1524 1062 γὰρ
1549 990 1660 1043 ἔστ’
1682 989 1748 1043 ἂν
1775 989 1910 1058 ταχὺ

335 1087 474 1153 πρὸς
508 1085 600 1138 τὸν
631 1083 1016 1156 αὐτοκράτορα
1060 1088 1188 1148 τοὺς
1236 1082 1762 1151 καταλαμϐάνοντας
1829 1078 1916 1140 ἐξ-

339 1181 438 1231 ἐπε
448 1195 612 1247 μπον,
643 1179 702 1232 ἐν
728 1177 997 1250 ἀσφαλείᾳ
1023 1195 1084 1232 τε
1100 1175 1258 1249 ἦσαν,
1275 1177 1371 1231 καὶ
1388 1177 1563 1239 οὐδεὶς
1592 1176 1774 1238 αὐτοῖς
1795 1175 1912 1228 κίν-

337 1269 494 1331 δυνος
521 1266 853 1338 ἐφειστήκει.
898 1267 1071 1322 Ἐπάν
1107 1267 1164 1321 δὲ
1189 1266 1679 1330 ἀναπεπτώκεσαν,
1708 1265 1738 1317 ὁ
1765 1265 1916 1334 παρὰ

336 1359 448 1412 τῶν
477 1358 775 1429 Βαρϐάρων
805 1357 899 1422 οὒς
944 1359 1053 1430 ἀρα
1103 1357 1527 1428 παρακατέσχον
1584 1356 1705 1410 κατ’
1734 1354 1914 1408 αὐτῶν

339 1449 638 1519 ἐξηρτύετο
671 1451 943 1516 κίνδυνος.
990 1452 1099 1504 Καὶ
1151 1451 1262 1521 γὰρ
1307 1449 1708 1510 πλεονάσαντες
1761 1446 1915 1500 ἐϐου-

339 1542 560 1594 λεύοντο
603 1541 749 1594 δυεῖν
779 1540 1064 1612 θάτερονῆ
1109 1539 1305 1604 νυκτὸς
1343 1538 1658 1608 ἐπιθέμενοι
1700 1536 1916 1600 τούτοις

339 1635 680 1698 ἀποκτεῖναι,
713 1632 746 1704 ἢ
771 1631 1059 1702 δεσμώτας
1085 1632 1162 1700 τῷ
1199 1631 1476 1700 σουλτάνῳ
1503 1631 1912 1702 προσενεγκεῖν.

339 1725 700 1790 Συνδόξαντός
727 1741 788 1777 τε
820 1726 1011 1778 τούτου
1060 1725 1196 1778 πᾶσι
1227 1723 1520 1794 βελτίονος,
1580 1721 1776 1784 νυκτὸς
1819 1721 1916 1772 αύ-

2014 627 2408 683 emittebantur
2442 629 2510 683 ad
2549 629 2948 684 Rhodomerum
2984 640 3037 682 et
3085 631 3362 699 hyhridam
3407 627 3586 681 Mona-

2013 728 2206 784 stram,
2231 720 2320 789 qui
2347 721 2492 775 circa
2516 721 2828 790 oppidulum
2853 735 2881 772 a
2905 722 3122 774 domino
3143 718 3370 786 Georgio
3389 735 3583 774 nomen

2015 811 2302 874 obtinens,
2357 815 2728 866 morabantur.
2785 812 2994 878 Quibus
3025 812 3325 865 Butumites
3369 812 3434 864 ad
3472 813 3588 865 sin-

2013 905 2166 973 gulas
2200 905 2644 959 transmissiones
2680 915 3014 972 satraparum
3049 905 3234 959 Sedulo
3275 903 3584 967 mandabat,

2014 995 2161 1064 ipsos
2186 1009 2245 1051 ut
2278 999 2395 1051 sine
2430 1014 2598 1062 mora,
2631 999 2711 1050 sic
2743 1012 2836 1065 per
2873 1007 3077 1051 turmas
3099 1000 3337 1050 modica~
3370 1010 3589 1060 separa-

2017 1095 2098 1142 tos
2147 1090 2376 1143 seorsim
2426 1091 2493 1142 ad
2549 1090 2929 1158 imperatorem
2989 1089 3218 1143 subinde
3271 1089 3586 1153 mtttercnt‘;

2015 1193 2353 1246 nequaquam
2405 1187 2794 1246 exspectantes
2848 1179 3025 1247 quoad
3078 1195 3215 1232 unus
3281 1179 3588 1245 manipulus

2014 1285 2197 1325 eorum
2223 1285 2345 1324 cum
2374 1279 2637 1338 sequente
2659 1271 2906 1340 conjungi
2942 1280 3126 1339 posset
3150 1288 3162 1321 :
3184 1269 3392 1338 quodisi
3413 1270 3586 1334 ﬁeret,

2014 1362 2311 1432 periculum
2367 1372 2481 1417 erat
2531 1378 2597 1417 ne
2650 1363 2722 1415 illi
2765 1363 3152 1429 conjunctione
3179 1361 3270 1415 tali
3314 1363 3585 1429 praevalidi
3684 1384 3686 1387 ·

2017 1456 2192 1508 audax
2245 1455 2521 1524 quippiam
2561 1455 2613 1509 in
2645 1454 2922 1509 Romanos
2957 1465 3307 1509 attentarenl.
3349 1453 3589 1507 Prudens

2017 1546 2131 1601 [nec
2164 1547 2428 1614 sapientis
2481 1548 2583 1601 viri
2623 1548 2802 1602 cautio
2831 1547 3126 1616 prophetia:
3163 1547 3374 1615 pondus
3403 1545 3589 1600 habuit

2017 1637 2368 1693 Cassandreae
2388 1637 2668 1703 cujusdam
2691 1640 2803 1693 et's
2818 1653 2912 1692 ero
2937 1641 3173 1691 cretlitm.
3201 1637 3392 1691 Prima:
3417 1649 3594 1692 trans-

2021 1731 2306 1784 missiones
2343 1739 2471 1782 tutae
2519 1737 2681 1797 atque
2724 1729 2954 1783 innoxiae
3005 1729 3258 1791 fuerunt,
3317 1743 3444 1781 cura
3488 1728 3591 1782 ista

337 1814 454 1876 τοῖς
483 1812 799 1883 ἐπιθέμενοι
830 1813 1113 1884 δεσμώτας
1139 1811 1283 1868 κατά
1309 1812 1378 1865 τὰ
1406 1809 1916 1882 προσεϐουλευμὲνα

2028 1839 2180 1891 quam
2212 1823 2447 1876 diximus
2500 1820 2662 1892 315
2705 1821 2970 1875 adhibita.
3006 1819 3234 1887 Deinde,
3267 1829 3326 1874 ut
3367 1821 3425 1874 [it
3472 1819 3592 1873 dili-

340 1901 734 1972 περιάγοντες,
766 1902 980 1956 ἐκεῖθεν
1001 1900 1231 1973 ἐξῄεσαν
1255 1917 1270 1933 ο
1304 1896 1426 1955 εἶτα
1459 1900 1524 1971 δὴ
1556 1899 1656 1970 τὴν
1689 1899 1920 1968 ἀκρολο-

341 1994 471 2064 φίαν
495 1992 590 2047 τοῦ
628 1994 825 2060 Ἀζαλᾶ
854 1995 1248 2064 κατειληφότες
1268 2011 1283 2026 ·
1319 1994 1483 2056 τόπος
1508 1992 1566 2045 δέ
1599 1985 1754 2054 οὗτος
1782 2007 1918 2044 στα-

340 2087 490 2150 δίους
510 2125 524 2140 .
548 2121 565 2140 .
586 2123 604 2141 .
625 2123 641 2139 .
678 2086 788 2140 τῶν
818 2086 1016 2156 τειχῶν
1045 2085 1280 2148 Νικαίας
1311 2086 1531 2154 ἀπέχων
1553 2100 1567 2114 ·
1594 2083 1734 2136 κεῖθι
1763 2082 1915 2151 γοῦν,

341 2179 420 2241 ὡς
444 2177 625 2246 λόγος,
658 2178 1094 2248 παραγενόμενοι
1126 2178 1233 2231 τῶν
1261 2178 1444 2251 ἵππων
1467 2177 1770 2238 ἀποϐάντες
1796 2175 1921 2228 τού-

343 2287 469 2333 τους
500 2270 785 2340 ἀνέψυχον.
831 2269 988 2323 Ἐπεὶ
1019 2269 1065 2322 δ’
1091 2269 1120 2321 ὁ
1152 2268 1254 2339 μὲν
1305 2269 1628 2338 Μοναστρᾶς
1660 2267 1920 2337 μιξοϐάρ-

345 2363 517 2432 ϐαρος
548 2357 615 2432 ἦν
643 2362 735 2413 καλ⁸
760 2361 860 2432 τῆς
885 2362 1195 2433 Τουρκικῆς
1224 2361 1466 2432 είδήμων
1495 2361 1800 2426 διαλέκτου,
1824 2363 1918 2416 καὶ

346 2451 513 2514 αὐτὸς
541 2453 570 2503 ὁ
611 2451 934 2521 Ῥοδομηρδς
961 2451 1129 2504 πάλαι
1153 2449 1289 2520 πρὸς
1318 2450 1429 2503 τῶν
1452 2449 1716 2520 Τούρκων
1753 2468 1920 2506 κατα·

352 2541 568 2611 σχεθεὶς
597 2542 690 2595 καὶ
717 2542 908 2610 χρόνον
939 2542 1133 2611 συχνὸν
1182 2541 1301 2611 μετ’
1331 2540 1512 2594 αὐτῶν
1545 2541 1916 2613 ἐνδιατρίψας,

348 2632 462 2686 οὐδ’
489 2632 650 2696 αὐτὸς
695 2632 863 2702 ἀδαὴς
892 2633 986 2702 τῆς
1011 2633 1271 2701 τοιαύτης
1301 2627 1370 2702 ἦν
1399 2631 1706 2697 διαλέκτου,
1761 2633 1922 2686 πιθα-

350 2725 474 2787 νοὺς
509 2723 640 2795 πρὸς
664 2723 857 2785 αὐτοὺς
891 2723 1098 2793 cupa);
1127 2722 1406 2776 ἀνεκίνουν
1431 2722 1640 2791 λόγους,
1675 2724 1807 2778 Ἵνα
1844 2725 1920 2792 τι,

347 2816 627 2883 λέγοντες,
661 2815 804 2885 ἡμῖν
823 2817 942 2884 μὲν
987 2813 1249 2870 θανάτου
1309 2814 1600 2882 ποτήριον
1658 2816 1920 2885 κιρνᾶτε,

348 2902 496 2958 οὐδὲ
513 2900 736 2972 μικράν
776 2917 908 2955 τινα
964 2899 1078 2969 τὴν
1118 2899 1335 2968 ὄνησιν
1378 2901 1613 2969 ἑαυτοῖς
1644 2902 1923 2958 ἐντεῦθεν

349 2989 942 3060 ερατματευόμενοι;
974 2986 1146 3058 ὑμεῖς
1192 2986 1261 3040 δὲ
1295 2987 1412 3040 τῶν
1442 2988 1648 3042 ἄλλων
1681 2990 1924 3045 πάντων

344 3085 630 3152 μεγάλων
682 3077 1042 3150 δωρημάτων
1112 3077 1272 3147 παρὰ
1328 3079 1432 3133 τοῦ
1483 3083 1921 3151 αὐτοκράτορος
1948 3126 1990 3184 c

349 3172 834 3229 ἀπολαυσάντων
853 3171 952 3226 καί
971 3172 1230 3241 ἐτησίων
1243 3171 1562 3240 χρημάτων
1603 3177 1642 3228 .1
1651 3174 1798 3243 ﬁy’w
1824 3193 1923 3229 τυ·-

349 3266 668 3319 πωθέντων
687 3261 804 3317 τῶν
813 3262 1150 3332 βαρϐάρων,
1170 3263 1277 3328 οὓς
1308 3262 1418 3332 ἄρα
1439 3267 1922 3335 παρακατέσχον,

350 3359 607 3422 ἑαυτοὺς
655 3356 958 3410 τοσούτων
1001 3355 1044 3386 ¹²
1097 3354 1501 3422 ἀποστερεῖτε.
1564 3357 1662 3425 Μὴ
1717 3359 1927 3412 τοίνυν

351 3451 509 3506 οὕτω
538 3448 670 3516 περὶ
693 3446 922 3502 ἑαυτῶν
958 3446 1264 3516 seponite;
1294 3447 1400 3504 Kal
1423 3447 1566 3510 ἐξὸν
1593 3448 1926 3515 ἀκινδύνως

351 3541 646 3603 σώζεσθαι
678 3540 779 3595 καί
807 3539 1047 3602 πλούτῳ
1076 3535 1384 3606 κομῶντας
1432 3540 1520 3602 είς
1554 3541 1626 3592 τὰ
1668 3538 1928 3609 σφέτερα

351 3633 832 3702 ἐπαναστρέφειν
886 3631 930 3661 ¹³
997 3630 1094 3684 καὶ
1158 3627 1365 3698 χωρῶν
1417 3629 1718 3699 ἐγκρατεῖς
1779 3631 1928 3696 ἴσως

354 3724 634 3797 γενέσθαι
651 3725 738 3790 είς
751 3718 1060 3792 προῦπτον
1073 3722 1324 3785 ἑαυτοὺς
1344 3722 1710 3797 ἐπιρριπτετε
1728 3723 1931 3777 κίνδυ-

352 3796 489 3873 νον.
551 3817 700 3880 ισως
736 3816 845 3882 γὰρ
864 3813 960 3866 καί
988 3812 1111 3878 τοῖς
1135 3810 1404 3882 ,λοχῶσιν
1426 3796 1614 3866 αὐτοῦ
1634 3829 1752 3866 που
1791 3811 1934 3867 Ῥω-

351 3909 556 3984 μαίοις
602 3906 963 3975 ἐντυχόντες
999 3906 1232 3974 ῥύακας
1289 3903 1423 3957 ταῖν
1479 3902 1680 3972 χεροῖν
1712 3903 1933 3957 ἐπιδεί-

357 4005 579 4071 ξαντες
600 4001 698 4055 καί
723 3999 967 4065 ἑλώδεις
1005 3998 1230 4062 τόπους
1273 3995 1768 4064 ἀναιρηθήσεσθε.
1822 3999 1931 4054 Kal

361 4084 472 4167 τάρ
493 4093 917 4162 ἐνεδρεύουσιν
939 4087 1094 4158 ὑμᾶς
1109 4087 1276 4157 μάλα
1303 4103 1368 4155 γε
1399 4085 1672 4140 πλεῖστοι
1694 4087 1766 4141 οὐ
1783 4091 1934 4142 Κελ-

359 4191 452 4245 τοὶ
491 4187 592 4243 καὶ
644 4186 932 4253 Βάρϐαροι
963 4182 1156 4251 μόνον
1181 4221 1195 4245 ,
1254 4178 1414 4233 ἀλλὰ
1479 4178 1577 4234 καὶ
1639 4180 1936 4250 Ῥωμαίων

359 4281 598 4351 πλῆθος
624 4280 695 4332 οὐ
725 4274 1044 4345 μετρητόν.
1080 4275 1150 4326 El
1187 4272 1336 4340 γοῦν
1371 4271 1516 4340 ὑμῖν
1550 4272 1593 4302 ιδ
1635 4273 1932 4341 πείθεσθε,

359 4374 736 4442 στρέψαντες
758 4365 864 4432 τὰς
888 4365 1058 4432 ἡνίας
1085 4361 1232 4430 ὁμοῦ
1255 4360 1632 4430 φοιτήσωμεν
1658 4361 1804 4428 πρὸς
1829 4363 1938 4416 τὸν

2017 1913 2196 1983 gentia
2247 1913 2664 1979 elauguescente
2686 1950 2701 1975 ,
2757 1908 3028 1964 conﬂuere
3059 1909 3307 1977 permissi
3339 1924 3497 1962 unam
3536 1909 3589 1962 in

2021 2019 2236 2058 manum
2276 2003 2700 2056 numerosiorem
2751 2015 2910 2069 quam
2959 2015 3056 2070 pro
3079 2001 3360 2053 ductorum
3408 1998 3594 2064 pauci-

2023 2106 2153 2156 tate,
2191 2095 2414 2148 Barhari
2441 2132 2456 2158 ,
2487 2107 2546 2146 se
2575 2091 2994 2159 circumspicere
3021 2092 3274 2160 viresque
3319 2091 3594 2146 aestimare

2021 2187 2292 2256 proprias,
2358 2183 2786 2254 ducentibusque
2815 2181 3073 2237 Romanis
3117 2193 3207 2236 aut
3253 2181 3452 2237 eadem
3499 2188 3594 2234 aut

2021 2279 2334 2334 servitutem
2366 2278 2660 2331 decernere
2691 2284 3004 2342 creuerunt,
3036 2275 3167 2329 satis
3195 2276 3345 2346 gnari
3378 2284 3593 2344 gratum

2021 2383 2081 2424 se
2130 2381 2325 2421 munus
2382 2367 2660 2420 oblaturos
2715 2364 2930 2419 sultano
2979 2365 3066 2419 sui
3112 2365 3157 2419 si
3187 2363 3458 2420 Romanos
3517 2364 3593 2419 iiii

2023 2461 2160 2516 tales
2220 2469 2276 2514 et
2332 2467 2482 2512 tanto
2521 2470 2750 2512 numero
2783 2457 3025 2527 captivos
3063 2458 3414 2512 adducerent.
3451 2455 3594 2526 Ergo

2022 2553 2098 2606 ita
2132 2559 2446 2620 comparato
2502 2549 2731 2604 consilio
2775 2559 2834 2603 ut
2889 2563 3082 2616 capere
3113 2547 3386 2602 Romanos
3429 2561 3593 2616 quam

2022 2641 2274 2698 occidere
2305 2641 2480 2696 satius
2539 2641 2821 2704 ducerent,
2845 2647 3011 2693 noctu
3062 2639 3118 2692 in
3149 2653 3244 2692 eos
3269 2637 3553 2705 insurgunt
3575 2678 3591 2700 ,

2024 2734 2375 2801 vinciuntque
2403 2741 2662 2786 cunctos:
2684 2738 2738 2784 et
2759 2737 2966 2782 mutata
2986 2739 3206 2796 repente
3228 2729 3448 2797 regione
3471 2729 3596 2790 v's,

2025 2824 2078 2878 in
2109 2837 2227 2877 eam
2264 2832 2474 2890 partem
2510 2821 2615 2874 iter
2643 2834 2764 2874 cum
2801 2820 2866 2873 iis
2904 2818 3192 2872 intendunt
3230 2832 3334 2884 qua
3372 2829 3595 2886 pergere

2023 2914 2312 2982 oportebat
2350 2911 2418 2964 ad
2449 2909 2720 2965 sultanem
2753 2909 2949 2962 ituros.
2994 2905 3086 2962 Sic
3114 2915 3302 2962 euntes
3335 2919 3596 2976 pervenc-

2027 3012 2152 3057 runt
2198 3003 2252 3057 in
2283 3001 2538 3056 verticem
2593 2999 2774 3054 Azalae
2824 2998 3017 3067 (locus
3078 2997 3168 3052 hic
3227 3009 3310 3052 est
3359 3011 3392 3050 a
3453 2997 3596 3052 muri

2026 3095 2341 3150 Nicaea..."
2375 3092 2564 3148 statliis
2596 3091 2838 3162 dissitus)
2869 3090 2976 3144 illic
3003 3088 3429 3158 interquiescere
3457 3087 3595 3142 Bar-

2029 3188 2178 3244 baris
2205 3188 2401 3242 visum.
2426 3185 2526 3251 Qui
2555 3185 2718 3240 etiam
2746 3182 3056 3238 desilientes
3082 3197 3148 3235 ex
3178 3181 3332 3250 equis
3353 3179 3596 3250 captivos

2027 3293 2156 3334 suos
2229 3276 2485 3332 nonnulla
2566 3275 2906 3330 humanitate
2966 3272 3408 3326 consolabantur.
3468 3269 3598 3322 Erat

2027 3368 2357 3430 ﬂonastras,
2403 3375 2460 3420 ut
2519 3365 2670 3427 dixi,
2715 3379 2787 3416 ex
2845 3361 3034 3415 Turcis
3084 3357 3311 3429 hybrida
3366 3355 3599 3423 indeque

2029 3457 2225 3524 linguae
2255 3454 2498 3522 ipsorum
2534 3450 2762 3506 callens.
2793 3447 3169 3502 Rhodomerus
3207 3459 3356 3507 vero,
3390 3443 3536 3510 quod
3563 3455 3598 3493 a

2029 3543 2224 3599 Turcis
2245 3542 2372 3597 olim
2401 3551 2592 3610 captus
2613 3541 2786 3592 multo
2812 3552 2933 3590 cum
2981 3536 3047 3588 iis
3092 3541 3336 3601 tempore
3377 3531 3554 3584 fuerat
3577 3568 3596 3593 ,

2031 3649 2130 3690 nec
2175 3633 2290 3702 ipse
2339 3632 2558 3699 ignarus
2596 3627 2869 3682 idiomatis
2927 3623 3168 3678 Turcici.
3218 3621 3392 3674 Ambo
3435 3619 3601 3689 igitur

2030 3727 2159 3780 data
2189 3720 2477 3777 occasione
2505 3718 2648 3771 haud
2686 3715 2786 3770 sibi
2825 3711 3046 3768 defuere
3067 3711 3360 3779 quominus
3386 3708 3601 3765 blandis

2030 3826 2086 3872 et
2123 3810 2502 3886 plausibilibus
2541 3805 2884 3865 sermonibus
2913 3818 3132 3859 causam
3173 3802 3316 3872 apud
3350 3809 3599 3868 satrapas

2033 3909 2352 3976 perorarent
2407 3914 2616 3954 suam:
2668 3895 2969 3962 Quorsum,
3025 3894 3368 3962 inquientes,
3413 3890 3601 3944 attinet

2033 3995 2224 4054 letltale
2258 3991 2406 4048 nobis
2428 3988 2672 4060 poculum
2701 3989 2815 4042 sine
2867 3986 2980 4040 ulla
3012 3984 3090 4041 uel
3121 3985 3341 4038 minima
3371 3981 3604 4036 utilitate

2036 4099 2204 4147 uestra
2230 4083 2488 4140 miscere?
2513 4083 2616 4134 imo
2663 4095 2851 4149 magno
2894 4093 3012 4132 cum
3045 4079 3240 4130 damno
3262 4074 3600 4143 jacturaque.

2036 4180 2124 4238 Sic
2171 4181 2307 4234 enim
2338 4193 2427 4230 vos
2459 4175 2560 4229 soli
2595 4189 2660 4228 ex
2685 4171 2923 4226 ontnibus
2966 4170 3195 4236 satrapis
3220 4164 3521 4221 muneribus
3553 4172 3602 4217 et

2037 4272 2322 4329 honoribus
2349 4267 2572 4339 Augusti
2603 4264 2864 4326 carebitis,
2894 4264 3081 4332 quibus
3124 4261 3220 4313 alii
3245 4260 3332 4327 qui
3357 4257 3469 4326 iam
3500 4255 3606 4307 im-

2037 4375 2330 4436 peratorem
2357 4369 2730 4433 pracesserunt
2759 4355 3139 4412 commilitones
3187 4351 3495 4420 collegaeque
3523 4360 3610 4398 vs-

363 4457 789 4528 αὐτοκράτορα,
822 4456 918 4508 καὶ
950 4452 1100 4507 Θεὸν
1142 4451 1283 4520 ὑμῖν
1310 4451 1688 4520 ἐπομνύμεθα
1711 4451 1927 4519 μυρίων

2041 4459 2138 4513 stri
2163 4455 2368 4510 abunde
2400 4452 2754 4508 cumulantur.
2781 4449 2884 4514 Qui
2911 4463 3091 4511 nempe
3106 4445 3204 4497 hoc
3235 4444 3347 4511 ipso
3378 4450 3609 4507 tempore

361 4554 712 4613 ἀπολαῦσαι
746 4547 866 4602 τῶν
923 4545 992 4610 ἐξ
1022 4543 1208 4598 αὑτοῦ
1253 4539 1646 4610 ὃωρημάτων,
1686 4541 1938 4595 κᾶπειτα

361 4650 488 4716 ὅπη
516 4643 832 4712 ,ϐουλητὸν
865 4638 1008 4708 ὑμῖν
1044 4636 1461 4691 ἀπελεύσεσθε
1513 4633 1738 4698 ἀνέτως
1769 4633 1811 4664 ³⁵
1860 4633 1940 4699 ὠς

366 4739 691 4804 ἐλεύθεροι.
734 4731 1017 4785 Πείθονται
1054 4729 1164 4789 τοῖς
1217 4725 1421 4778 τούτων
1452 4723 1632 4794 λόγοις
1689 4723 1740 4775 oi
1770 4721 1944 4793 Τοῦρο

369 4849 478 4896 nat,
511 4829 607 4883 καὶ
641 4825 855 4887 πίστεις
889 4821 1023 4892 πρὸς
1057 4817 1326 4888 ἀλλήλους
1364 4815 1551 4876 δόντες
1575 4813 1690 4885 ἅμα
1717 4817 1812 4868 καὶ
1844 4814 1941 4866 λα..

372 4926 558 4984 εόντες
589 4921 686 4990 τῆς
709 4916 844 4988 πρὸς
869 4914 962 4967 τὸν
985 4911 1366 4980 αὐτοκράτορα
1410 4905 1686 4977 φερούσης
1709 4904 1940 4975 εἴχοντο.

374 5012 803 5070 Καταλαὸὀντων
832 5008 888 5062 δὲ
909 5007 1000 5060 τὸν
1022 5003 1348 5066 Πελεκάνον,
1371 5000 1447 5063 ὡς
1473 4997 1694 5062 τούτους
1719 5001 1747 5052 ὁ
1777 5000 1935 5050 αὺτο-

375 5111 600 5180 κράτωρ
634 5103 917 5166 ἐθεάσατο,
979 5096 1098 5170 μεθ’
1152 5093 1339 5164 ἱλαροῦ
1391 5092 1560 5145 πᾶσιν
1623 5091 1940 5152 ἐνατενίσας

383 5201 716 5272 βλέμματος,
765 5192 944 5247 καίτοι
995 5187 1169 5243 πολλὰ
1198 5187 1288 5238 τὸν
1329 5181 1656 5252 Ῥοδομηρδν
1701 5183 1796 5233 καὶ
1849 5181 1942 5234 τὸν

382 5291 702 5361 Μοναστρᾶν
727 5285 858 5358 παρ’
884 5281 1063 5352 ἐαυτῷ
1110 5276 1378 5348 νεμεσῶν,
1400 5275 1462 5328 τὸ
1492 5275 1590 5344 μὲν
1618 5273 1793 5343 παρὸν
1813 5273 1943 5324 ἀνα-

384 5378 824 5450 παυθησομένους
856 5375 900 5408 ¹⁶
942 5371 1163 5434 τούτους
1186 5364 1557 5433 ἐξαπέστειλε.
1587 5363 1744 5418 Κατὰ
1763 5361 1822 5415 δέ
1848 5363 1946 5433 τὴν

385 5472 647 5526 ἐπιοῦσαν
702 5471 892 5523 ὁπόσοι
956 5466 1056 5536 μὲν
1103 5459 1215 5516 τῶν
1244 5457 1510 5530 Τούρκων
1560 5452 1710 5525 αὐτῷ
1759 5452 1949 5524 θητεῦ-

2037 4556 2086 4600 et
2117 4545 2254 4597 dona
2287 4543 2463 4610 utique
2487 4539 2718 4608 ingentia
2745 4538 2912 4602 primo
2934 4536 3114 4587 statim
3139 4529 3284 4582 aditu
3307 4539 3610 4594 congressu-

2041 4653 2136 4707 que
2161 4636 2224 4688 ab
2261 4635 2574 4699 imperatore
2600 4636 2842 4696 congesta
2873 4624 3106 4679 obtinent
3135 4636 3152 4672 :
3181 4631 3229 4673 et
3267 4620 3334 4671 ad
3375 4615 3612 4670 certissi-

2041 4706 2180 4782 mam
2211 4726 2510 4795 [ulurorum
2537 4735 2677 4788 spent
2707 4719 2923 4772 nomina
2953 4730 3050 4767 sua
3083 4711 3270 4780 referri
3293 4710 3528 4763 viderunt
3553 4706 3610 4758 in

2043 4794 2310 4883 catalogos
2341 4825 2519 4864 eorum
2549 4809 2739 4877 quibus
2781 4805 3049 4875 pensiones
3101 4814 3292 4853 annua
3339 4814 3370 4849 a
3394 4796 3522 4862 ﬁsco
3553 4794 3611 4883 in

2044 4921 2195 4959 omne
2222 4882 2418 4970 tempus
2469 4900 2772 4952 constituta:
2801 4904 2940 4947 sunt.
2975 4891 3102 4944 Esto
3128 4904 3250 4956 ergo
3299 4884 3526 4939 sa'uiatis
3556 4882 3612 4934 in

2046 5013 2138 5051 nos
2169 5007 2442 5062 utcumque
2468 4989 2680 5043 meritos
2703 5001 2724 5041 :
2751 4986 2893 5039 vobis
2922 4983 3046 5053 quid
3067 4980 3266 5050 fecistis
3292 4979 3389 5043 ipsi
3423 4988 3612 5044 quant-

2043 5086 2219 5138 obrem
2263 5094 2431 5136 restro
2470 5081 2705 5148 ipsorum
2747 5092 2834 5130 cos
2857 5073 3060 5143 judicio
3089 5071 3315 5124 multare
3364 5076 3435 5120 tot
3464 5065 3611 5118 bonis

2047 5175 2296 5229 debeatis.
2342 5172 2544 5224 Etcum
2591 5173 2645 5222 in
2692 5183 2854 5221 manu
2906 5174 3100 5226 uestra,
3149 5163 3192 5214 si
3229 5159 3419 5218 velitis,
3450 5157 3514 5209 sit
3562 5165 3612 5207 et

2045 5265 2320 5336 pecuniam
2369 5265 2421 5315 in
2451 5277 2676 5329 prwsens
2708 5260 2962 5328 ingentem
3014 5253 3276 5323 adipisci,
3324 5261 3372 5304 et
3413 5258 3612 5301 certum

2049 5359 2105 5412 in
2131 5357 2373 5425 futurum
2406 5353 2721 5422 conﬁrmare
2750 5349 2890 5403 vobis
2918 5362 3126 5401 censum
3157 5356 3414 5404 annuum,
3438 5339 3614 5406 sicque

2053 5445 2470 5517 circumﬂuentes
2513 5458 2700 5497 secura
2745 5439 2917 5510 copia,
2951 5437 3147 5492 honore
3181 5449 3244 5488 ac
3276 5430 3470 5485 diuitiis
3519 5429 3616 5496 ﬂo-

1449 5610 1657 5674 Varim
1694 5609 2000 5672 lectiones
2042 5623 2118 5669 ex
2157 5607 2300 5668 cod.
2341 5603 2592 5666 Coislin.

462 5751 504 5783 “
534 5748 810 5805 ἁπάντων.
892 5744 935 5778 ⁸⁸
957 5738 1492 5815 ἐπαναστρέφεσθαι.
1569 5737 1611 5770 ¹⁸
1634 5735 1777 5808 ἐμοί.
1838 5736 1898 5797 ,³⁸
1929 5734 2086 5790 Deest
2117 5747 2217 5787 vox
2245 5731 2474 5794 ἀνέτως.
2554 5729 2597 5761 ⁸⁸
2631 5718 3245 5794 ἀναπαυσθησομένους.
