3974 6208
403 338 512 404 807

402 539 708 605 invectique
729 537 985 589 audacter
1001 532 1240 600 pnelium
1263 533 1495 586 invicere
1516 549 1636 588 cum
1653 533 1971 586 Baimundo.

402 629 498 684 llic
523 630 747 697 contigit
773 639 825 679 ut
858 627 1008 679 ferox
1035 635 1087 678 et
1110 634 1362 678 ventosus
1387 625 1610 679 Latinus
1641 627 1725 679 ille
1753 626 1841 692 qui
1887 640 1975 678 so-

401 720 527 773 lium
560 717 896 786 imperatoris
935 716 1168 770 insidere
1196 732 1380 780 ausus,
1405 716 1489 768 illa
1547 732 1706 784 quam
1732 715 1977 781 superius

403 816 680 869 retulimus
733 827 850 865 sese
897 810 1152 880 jactantia
1221 807 1522 873 extulerat,
1577 808 1786 861 consilii
1865 817 1974 858 tmn

399 905 595 957 oblitus
616 905 682 955 ab
703 904 1023 971 imperatore
1055 900 1314 968 snggesti,
1346 899 1515 966 prima
1542 898 1594 950 in
1632 898 1806 949 fronte
1837 895 1972 948 aciei

403 995 704 1054 Baunundi.
729 993 901 1046 locum
936 991 1485 1058 tneretur,elatusque
1510 989 1702 1041 ardore
1724 985 1975 1057 praecipi-

401 1089 438 1138 ti
470 1088 692 1140 ulterius
714 1089 872 1136 etiam
893 1090 1204 1136 occurreret
1243 1091 1428 1133 contra
1457 1078 1734 1132 ruentibus
1759 1077 1972 1131 Turcis.

403 1183 696 1230 Successus
729 1174 914 1242 obtigit
942 1172 1242 1226 temeritate
1275 1172 1471 1237 incepti
1506 1170 1718 1239 dignus.
1746 1168 1975 1222 Amissis

403 1269 549 1322 caade
599 1269 850 1336 prresenti
882 1265 1239 1334 quadraginta
1271 1281 1299 1315 e.
1326 1278 1546 1315 suorum
1578 1276 1827 1324 numero,
1859 1261 1975 1329 ipse

354 1358 357 1360 ’
403 1363 643 1429 graviter
670 1362 887 1413 saucius
931 1368 1076 1423 terga
1123 1356 1363 1424 praebere
1391 1353 1639 1407 hostibus
1669 1361 1890 1405 coaetus
1920 1353 1972 1406 in

407 1453 636 1505 mediam
686 1464 904 1503 suorum
956 1448 1126 1500 aciem
1183 1461 1377 1514 magno
1431 1459 1596 1498 cursu
1628 1460 1686 1497 se
1715 1443 1968 1498 abdidit:

400 1542 544 1598 facto
567 1544 679 1608 ipso
705 1541 1023 1608 praedicans.
1049 1546 1319 1605 utcunque
1345 1552 1442 1588 vox
1465 1536 1667 1599 sileret,
1689 1544 1973 1588 veritatem

405 1633 853 1702 prudentiamque
892 1629 1239 1682 consiliorum
1288 1627 1651 1694 imperatoris.
1704 1627 1970 1680 (laterum

406 1723 747 1777 Baimundus‘
771 1735 945 1774 acrem
985 1731 1036 1772 et
1061 1716 1451 1771 formidabilem
1474 1717 1771 1770 Turcorum
1803 1721 1971 1784 impe-

406 1825 516 1867 tnm
536 1814 791 1873 sentiens,
809 1810 1054 1878 misitqui
1076 1809 1316 1862 Gallicas
1331 1808 1511 1876 copias
1535 1822 1668 1874 pone
1687 1818 1978 1875 sequentes
2010 1795 2049 1848 Β

404 1907 485 1957 sui
523 1903 745 1971 periculi
773 1902 1148 1955 admonerent.
1187 1901 1452 1953 Advolant
1484 1899 1586 1951 illte
1625 1914 1782 1964 quam
1808 1898 1977 1951 celer-

404 1995 557 2047 rime.
585 1994 840 2060 gravique
869 2009 988 2046 cum
1019 1991 1208 2044 Turcis
1239 1990 1601 2057 redintegrato
1637 1989 1818 2058 pra-lio
1853 2003 1971 2042 tan-

407 2087 525 2138 dem
554 2098 646 2136 eos
678 2083 803 2136 totis
827 2084 1037 2134 annixae
1065 2081 1292 2143 viribus,
1331 2095 1433 2132 non
1463 2080 1580 2132 sine
1613 2078 1974 2133 Romanorum

405 2179 504 2230 sub
535 2174 739 2230 Tat‘cio
763 2174 928 2244 318
963 2173 1303 2226 militantium
1337 2170 1474 2225 fideli
1510 2179 1564 2224 et
1595 2169 1719 2224 forti
1755 2171 1974 2235 auxilio,

406 2277 684 2337 superant.
753 2265 988 2319 Ulterius
1027 2273 1202 2320 tamen
1230 2261 1364 2315 Galli
1398 2277 1520 2314 cum
1551 2262 1822 2316 turmatim
1851 2277 1974 2332 per-

409 2370 596 2426 gerent
645 2357 925 2411 olIendunt
962 2355 1167 2410 Turcos
1197 2354 1390 2407 iterum
1415 2352 1480 2406 ad
1505 2352 1820 2406 llebraicam
1843 2394 1856 2418 ,
1888 2353 1976 2408 ubi

408 2455 674 2508 'l'aniscan
698 2453 872 2506 sultan
901 2491 915 2515 ,
942 2460 996 2504 et
1025 2451 1166 2503 Asan
1200 2448 1290 2517 qui
1322 2447 1470 2500 solus
1507 2448 1762 2500 ductabat
1794 2461 1976 2500 anna-

408 2556 583 2598 tornm
617 2542 890 2609 oetOginta
925 2540 1111 2595 millia.
1168 2537 1460 2593 Conﬂietus
1492 2538 1551 2592 lit
1585 2554 1710 2592 acer
1735 2549 1788 2592 et
1817 2540 1978 2593 velte-

409 2652 561 2691 meus
610 2645 793 2690 neutra
843 2634 948 2687 sibi
986 2641 1137 2699 parte
1170 2631 1463 2700 quidquam
1521 2629 1752 2682 faciente
1783 2628 1976 2698 reliqui

407 2728 694 2798 quominus
730 2740 890 2778 manu
941 2732 1103 2792 atque
1129 2723 1328 2790 impetu
1365 2735 1574 2776 summe
1600 2720 1973 2786 contenderet;

410 2818 618 2871 obnixae
641 2817 915 2870 instabant
943 2816 1088 2868 acies
1115 2814 1320 2866 neutris
1349 2821 1495 2881 terga
1521 2819 1730 2866 vertere
1758 2821 1849 2864 aut
1871 2811 1978 2866 ulla

411 2923 465 2962 re
498 2909 691 2962 cedere
714 2906 937 2975 paratis.
962 2903 1154 2958 Curam
1196 2902 1495 2955 Baimnndo
1513 2902 1693 2955 attulit
1721 2902 1970 2956 dextrum

407 3016 469 3052 ea
492 3000 576 3053 die
597 3014 762 3053 cornu
789 2994 1058 3060 ductanti,
1085 3003 1192 3048 tam
1219 2995 1487 3048 obstinata
1512 2995 1814 3048 conSIantia
1839 2993 1979 3048 Tur-

1705 334 1931 396 ANNzE
1967 333 2346 395 COMNEN/E

399 447 647 506 militiam
673 445 1010 508 Latinorum,
1039 453 1409 512 contempsere
1430 442 1634 498 scilicet
1653 445 1974 513 paucitatem

2083 443 2374 513 τολμήσας,
2432 442 2529 512 τῆς
2586 440 2681 496 τοῦ
2770 440 3170 515 αὐτοκράτορος

3532 338 3640 401 803

3250 445 3651 518 ἐπιλαθόμενος

2078 534 2416 603 ξυμϐουλῆς,
2452 533 2512 585 τὸ
2562 533 2732 603 ἄκρον
2769 527 2883 603 εἶχε
2912 535 3012 603 τῆς
3041 535 3136 588 τοῦ
3163 536 3501 605 Βαϊμούντου
3533 557 3646 592 πα-

2083 624 2358 693 ρατάξεως
2389 641 2405 656 ο
2471 626 2565 677 καὶ
2601 625 3017 694 μικροψυχήσας
3041 625 3151 679 τῶν
3203 625 3408 680 λοιπῶν
3449 631 3650 700 προεξ-

2077 716 2303 784 έδραμε.
2333 714 2647 768 Κτείνονται
2679 715 2778 784 μὲν
2798 715 2888 767 οὖν
2903 716 3206 783 τηνικαῦτα
3233 721 3650 787 τεσσαράκοντα

2075 808 2184 860 τῶν
2239 807 2356 876 μετ’
2385 807 2551 860 αὑτοῦ
2578 823 2592 836 ·
2633 810 2840 870 ἐκεῖνος
2859 809 2916 861 δὲ
2953 809 3180 879 καιρίως
3209 810 3443 878 πληγεὶς
3497 812 3647 863 νῶτα

2077 902 2204 962 τοῖς
2224 900 2439 970 ἐχθροῖς
2464 899 2716 968 ὑποσχὼν
2746 903 2826 962 εἰς
2853 900 2912 952 τὸ
2945 902 3111 969 μέσον
3143 901 3243 968 τῆς
3279 901 3653 967 παρατάξ-ως

2076 993 2299 1062 ἦλλατο,
2355 992 2502 1060 ἔργῳ
2532 992 2622 1044 τὸν
2667 993 3046 1062 αὐτοκράτορα
3099 994 3283 1053 ὁποῖος
3345 991 3653 1061 ξύμεουλές

2077 1087 2191 1138 ἐστι
2219 1083 2632 1154 διακηρυκεύων
2660 1081 2762 1135 κᾶν
2794 1084 2867 1154 μὴ
2923 1083 3102 1148 λόγοις
3161 1084 3441 1152 ὴΰούλετο.
3497 1087 3557 1137 '0
3596 1087 3652 1138 ῐὲ

2079 1173 2416 1243 Βαῖμοῦντος
2443 1175 2569 1235 τοὺς
2661 1172 2946 1242 Τούρκους
2990 1173 3247 1242 ἐκθύμως
3306 1178 3652 1243 μαχομένους

2076 1266 2218 1335 ὁρῶν
2265 1263 2738 1328 ἁποστείλας,τὰς
2791 1262 3063 1322 Κελτικὰς
3103 1267 3490 1332 μετεπέμπετο
3536 1265 3646 1334 (97)

2075 1359 2358 1421 δυνάμεις.
2382 1358 2649 1410 Φθάνουσι
2673 1357 2727 1409 δὲ
2757 1356 2945 1425 τάχος,
2985 1355 3282 1408 κάντεῦθεν
3328 1358 3648 1410 συνίσταται

2078 1449 2315 1518 πόλεμος
2350 1448 2521 1518 βαρὺς
2553 1451 2645 1502 καὶ
2671 1448 2850 1509 δεινός
2883 1463 2898 1479 ⁸
2957 1448 3051 1499 καὶ
3098 1446 3194 1516 τὴν
3231 1447 3474 1499 νικῶσιν
3535 1447 3646 1517 (98)

2079 1541 2258 1609 εἴχετο
2316 1538 2622 1608 Ῥωμαῖκὸν
2686 1538 2781 1591 καὶ
2842 1537 3106 1590 Κελτικὸν
3169 1538 3508 1607 στράτευμα,
3549 1555 3648 1590 m-

2082 1631 2392 1702 ρευομένων
2421 1632 2466 1684 δ’
2501 1629 2713 1684 ἐκεῖθεν
2743 1631 2919 1684 ἰλαδὸν
2941 1630 3050 1684 τῶν
3070 1632 3389 1699 ταγμάτων,
3418 1629 3646 1682 συνέλα-

2081 1741 2174 1796 χον
2230 1723 2444 1786 τούτοις
2497 1724 2636 1776 κατὰ
2680 1723 2808 1784 τοὺς
2883 1721 3207 1792 Ἐὃραῖκοὺς
3267 1721 3377 1790 (99)
3424 1722 3513 1774 ὅτε
3543 1723 3655 1774 Τα-

2079 1812 2272 1867 νισκὰν
2304 1813 2381 1883 (1)
2413 1815 2441 1865 ὀ
2472 1813 2722 1878 σουλτὰν,
2744 1813 2837 1866 καὶ
2857 1814 2885 1865 ὀ
2931 1813 3092 1865 Ἀσὰν
3119 1813 3195 1881 (2)
3229 1811 3288 1874 ὂς
3321 1813 3480 1882 μόνος
3507 1808 3650 1884 ἦρχε

2077 1906 2334 1976 χιλιάδων
2359 1904 2569 1974 ἀνδρῶν
2600 1903 2836 1957 ὁπλιτῶν
2893 1903 3248 1974 ὁγδοήκοντα.
3303 1905 3500 1973 Μάχης
3551 1903 3647 1957 οὖν

2077 1998 2376 2066 γενομένης
2405 1997 2678 2065 καρτερᾶς
2713 1997 2775 2048 ὲκ
2803 1994 3010 2050 πολλῶν
3037 1997 3211 2067 χερῶν
3240 1997 3331 2048 καὶ
3359 1994 3654 2066 δυνάμεων

2079 2094 2174 2145 καὶ
2205 2090 2341 2160 μηδὲ
2369 2089 2597 2159 θατέρου
2635 2088 2854 2156 μέρους,
2897 2091 2963 2141 τὰ
3015 2087 3162 2140 νῶτα
3225 2086 3440 2156 θατέρῳ
3478 2087 3654 2139 διδόν-

2076 2200 2167 2245 τος
2203 2183 2269 2245 ³⁷,
2311 2179 2434 2232 ἐπεὶ
2469 2177 2922 2249 Θαρραλεώτερον
2971 2177 3020 2228 οἰ
3085 2174 3323 2246 Τοῦρκοι
3353 2176 3466 2236 τοῖς
3496 2175 3652 2226 ἐναν-

2078 2275 2210 2336 τίοις
2240 2273 2527 2342 ἐμάχοντο,
2558 2270 2713 2324 τοῦτο
2745 2269 3082 2337 θεασάμενος
3109 2268 3138 2318 ὁ
3189 2265 3518 2336 Βαῖμοῦντος
3552 2263 3648 2316 τοῦ

2077 2360 2252 2423 δεξιοῦ
2319 2361 2495 2428 κέρως
2549 2358 2813 2427 ἐξάρχων,
2858 2357 2954 2408 τοῦ
2999 2353 3185 2406 λοιποῦ
3243 2353 3655 2424 στρατεύματος

2078 2451 2372 2521 διαιρεθεὶς
2400 2451 2523 2503 κατ’
2561 2449 2723 2502 αὐτοῦ
2781 2447 2876 2500 τοῦ
2944 2446 3348 2516 Κλιτζιαστρὰν
3419 2444 3654 2498 σουλτάν

2083 2543 2288 2612 ἰταμῶς
2317 2540 2630 2610 ἐξώρμησε,
2656 2541 2794 2592 λέων
2827 2538 2917 2602 ,ὣς
2973 2537 3099 2591 ἀλκὶ
3152 2532 3453 2600 πεποιθὼς,
3509 2536 3652 2588 κατὰ

2082 2635 2174 2687 τὸν
2202 2633 2432 2702 ποιητήν
2464 2632 2563 2701 (5).
2619 2630 2789 2683 Τοῦτο
2835 2631 2960 2691 τοὺς
3002 2627 3280 2696 Τούρκους
3315 2628 3655 2695 ὲκδειμὰτωο

2085 2739 2176 2776 σεν
2207 2723 2276 2787 ⁸³,
2302 2723 2373 2774 τὰ
2393 2721 2538 2773 νῶτα
2579 2723 2691 2784 τοῖς
2722 2719 2945 2781 Κελτοῖς
2968 2718 3158 2771 δοῦναι
3194 2719 3471 2785 ἐποίησεν.
3505 2716 3570 2767 Οἱ
3589 2715 3650 2766 δὲ

2080 2815 2179 2867 ούκ
2197 2814 2288 2866 ἐπὶ
2326 2813 2461 2865 πολὺ
2499 2811 2722 2874 τούτους
2746 2809 2973 2862 ἐδίωκον
3016 2809 3126 2861 τῶν
3156 2807 3251 2860 τοῦ
3317 2804 3655 2874 αὐτοκράτο-

2081 2923 2173 2977 ρος
2206 2905 2548 2976 μεμνημένοι
2573 2903 3070 2973 παραγγελμάτων,
3095 2900 3232 2953 me
3263 2899 3363 2969 τὴν
3379 2896 3648 2968 ταφρείαν

2077 3000 2186 3052 τῶν
2219 2997 2474 3068 Τούρκων
2514 2995 2913 3056 καταλαϐόντες
2931 2995 3155 3046 κάκεῖσε
3191 2990 3386 3061 μικρὸν
3415 2989 3649 3050 ἑαυτοὺς

407 3103 617 3144 cortttn.
665 3087 802 3156 Ergo
864 3101 981 3139 eam
1018 3094 1074 3137 ut
1125 3084 1399 3153 frangeret
1429 3100 1456 3136 a
1500 3088 1735 3153 propriis
1773 3087 1975 3142 divisus

2089 3090 2563 3149 διαναπαύσαντες
2592 3086 2712 3147 τοὺς
2745 3085 3024 3153 Τούρκους
3077 3085 3222 3137 κατὰ
3268 3082 3655 3152 τὴν,’Δγρου-

410 3179 581 3247 cepiis
611 3177 786 3246 ipsum
816 3178 866 3230 in
902 3175 1166 3229 sultanem
1194 3175 1537 3228 Clitziastran
1586 3176 1782 3244 impetu
1830 3177 1978 3231 fero-

409 3268 631 3323 cissimo
660 3269 823 3335 erepit
858 3267 1074 3331 invehi,
1111 3266 1264 3334 plane
1313 3276 1366 3319 ut
1409 3266 1488 3318 leo
1547 3267 1730 3320 robore
1780 3269 1978 3335 fretus,

2087 3181 2341 3233 στόπολιν
2371 3179 2446 3250 (4)
2485 3177 2640 3240 αὖθις
2695 3176 3213 3245 καταλαμϐάνουσιν
3265 3175 3356 3227 καὶ
3404 3172 3652 3244 προσϐα-

2079 3271 2264 3333 λόντες
2299 3271 2566 3342 τρέπουσι
2593 3269 2946 3338 κατακράτος
2981 3283 2994 3296 ·
3031 3265 3328 3319 κάντεῦθεν
3371 3265 3563 3316 πίπτει
3587 3262 3650 3314 τὸ

403 3361 554 3428 juxta
611 3371 848 3430 poetam.
905 3357 1202 3412 Perterrnit
1247 3373 1307 3410 ea
1344 3373 1428 3411 res
1462 3356 1666 3411 Turcos
1699 3357 1975 3428 elfecitqne

2083 3361 2384 3432 Βάρὸαρον.
2428 3362 2490 3413 Οἱ
2513 3360 2570 3413 δέ
2598 3376 2662 3427 γε
2686 3359 2950 3422 σωθέντες
2976 3357 3136 3418 ἄλλος
3179 3356 3373 3410 ἄλλοσε
3436 3353 3650 3422 ἀλλαχῆ

410 3460 467 3506 ιιι
493 3451 660 3507 Gallis
709 3460 854 3521 terga
890 3448 1118 3510 darent,
1176 3449 1314 3501 haud
1367 3447 1522 3517 longe
1552 3457 1726 3502 tamen
1775 3453 1975 3505 secutis

2083 3455 2461 3522 διεσπάρησαν
2481 3453 2581 3514 τάς
2609 3469 2670 3503 τε
2693 3453 2958 3520 γυναῖκας
2997 3451 3092 3502 καὶ
3137 3455 3262 3512 τοὺς
3319 3448 3522 3508 παῖδας
3551 3462 3658 3498 κα-

410 3545 710 3614 fugientes;
755 3544 1110 3598 meminerant
1133 3544 1273 3594 enim
1310 3544 1684 3595 mandatorum
1717 3552 1769 3595 et
1795 3544 1975 3598 consi-

407 3636 600 3690 liormn
634 3634 996 3703 imperatoris.
1027 3630 1220 3686 Verum
1248 3632 1489 3686 contenti
1519 3647 1858 3702 expugnasse
1884 3634 1974 3690 die

317 3796 325 3806 _
408 3721 500 3778 illa
525 3732 702 3778 castra
736 3720 1034 3777 Turcorum
1066 3721 1156 3774 ubi
1187 3735 1305 3776 sese
1337 3722 1388 3774 in
1415 3721 1516 3776 illis
1541 3723 1814 3792 paulisper
1835 3725 1973 3780 refe-

2085 3546 2427 3609 ταλιπόντες,
2454 3545 2528 3608 ὡς
2551 3544 2646 3597 τοῦ
2724 3543 2912 3597 λοιποῦ
2979 3542 3103 3613 μηδ’
3162 3540 3485 3610 ἁντωπῆσαι
3535 3539 3654 3599 τοῖς

2083 3637 2336 3700 Λατίνοις
2363 3637 2662 3706 ἰσχύοντες,
2689 3636 2826 3691 ἀλλὰ
2851 3639 3000 3708 φυγῇ
3055 3635 3155 3708 τὴν
3206 3633 3420 3690 οἰκείαν
3497 3649 3648 3703 πρα-

2079 3729 2481 3800 γματευόμενοι
2519 3732 2820 3801 σωτηρίαν.

408 3817 644 3880 cissent,
711 3814 904 3869 iterum
956 3813 1038 3869 via
1070 3821 1344 3882 resumpta
1393 3812 1600 3870 Turcos
1647 3817 1713 3871 ad
1765 3816 2168 3888 Agrustopolim
2235 3822 2544 3890 reperiunt,
2595 3822 2980 3891 congressique
3061 3835 3248 3876 rursus
3320 3833 3536 3874 summa
3594 3819 3654 3871 vl

412 3911 640 3965 fundunt
672 3908 985 3978 fugantque.
1035 3907 1113 3964 lbi
1159 3907 1256 3963 llos
1298 3908 1564 3966 barbarici
1594 3913 1866 3968 exercitus
1892 3913 2083 3983 visque
2129 3920 2183 3970 et
2208 3915 2440 3970 audacia
2487 3913 2790 3971 'l'urcorum
2831 3914 3044 3972 cecidit.
3093 3914 3425 3984 Snperstites
3465 3911 3654 3982 pauci,

408 4013 734 4074 sparguntur
765 4003 901 4058 alius
929 4001 1052 4064 alio,
1083 4016 1211 4056 cura
1239 4005 1385 4058 omni
1419 4021 1524 4060 non
1573 4005 1647 4058 rei
1697 4005 1868 4060 solum
1918 4007 2143 4076 publicae
2181 4010 2275 4064 sed
2324 4023 2554 4063 uxorum
2590 4008 3010 4077 liberorumque,
3030 4023 3168 4078 quos
3193 4008 3388 4074 passim
3429 4004 3655 4073 abiicie-

410 4099 559 4160 bant,
590 4096 811 4149 omissa.
841 4095 951 4149 Nec
981 4094 1127 4148 abeo
1147 4094 1233 4149 die
1253 4105 1437 4151 contra
1461 4098 1724 4153 obsistere
1763 4097 1970 4154 Latinis
2004 4102 2120 4160 ausi
2148 4111 2301 4168 sunt,
2344 4116 2508 4156 unam
2539 4103 2800 4158 adversus
2851 4117 3000 4156 arma
3055 4102 3271 4170 vimque
3326 4100 3540 4157 illorum
3594 4101 3648 4153 in

413 4183 538 4254 fuga
574 4185 676 4238 sibi
705 4185 991 4252 repositam
1015 4198 1166 4252 spem
1189 4185 1379 4241 salutis
1407 4187 1757 4244 arbitrantes.

480 4279 618 4345 Quid
647 4279 872 4347 postea?
905 4281 1224 4334 Perveniunt
1248 4280 1424 4336 Latini
1449 4299 1552 4337 una
1577 4301 1700 4338 cum
1726 4285 1973 4345 ltomano

411 4369 653 4426 ezercitu
684 4368 1046 4435 Antiochiam,
1067 4373 1226 4440 eique
1246 4387 1304 4428 se
1327 4372 1616 4430 admovent
1633 4376 1701 4431 ab
1729 4393 1790 4431 ea
1821 4389 1976 4448 parte

2158 4293 2223 4348 Ti
2238 4291 2299 4345 τὸ
2321 4293 2602 4360 ὲντεῦθεν;
2631 4293 3156 4364 Καταλαμὸάνουσιν
3187 4291 3234 4343 ol
3256 4291 3478 4345 Λατῖνοι
3511 4289 3656 4359 μετὰ

2084 4385 2182 4452 τῆς
2225 4385 2538 4455 Ῥωμαῖκῆς
2563 4388 2842 4458 στρατιᾶς,
2868 4385 2966 4458 τὴν
3015 4383 3350 4454 Ἀντιόχειαν
3403 4382 3497 4436 διὰ
3556 4377 3652 4433 τοῦ

1470 4489 1670 4551 Variae
1706 4493 2019 4557 lectiones
2074 4514 2151 4560 ex
2181 4500 2326 4562 cod.
2357 4499 2614 4562 Coislin.

1374 4589 1420 4622 ⁸⁸
1459 4590 1896 4655 ὲκδειματῶσαν.

1475 4688 1611 4750 Car.
1649 4686 1978 4750 Dufresnii
2011 4692 2111 4752 Du
2160 4690 2380 4767 Cangii
2417 4700 2606 4752 nolte.

485 4784 1093 4856 (97)]ι1ετεπέμπετο.
1149 4784 1405 4840 Albertus
1440 4786 1728 4853 Aquensis,
1777 4785 1865 4840 lib.
1911 4803 1970 4853 ιι,

2083 4803 2201 4856 cap.
2253 4788 2342 4850 55,
2394 4804 2502 4856 quo
2552 4787 2771 4856 quidem
2827 4787 3130 4840 Nixandria:
3179 4785 3449 4856 vocabulo
3507 4786 3655 4837 Neo-

480 4588 526 4620 ⁸⁸
569 4586 888 4658 Ἐϐραῖκήν.
965 4587 1294 4654 ⁸⁷ὲνδόντος.

411 4869 527 4924 (εισι).
575 4855 662 4924 40.
699 4855 759 4908 41
798 4866 848 4907 el
878 4856 990 4924 alii.

482 4927 593 4988 (98)
629 4923 749 4987 Τὴν
774 4923 1061 4980 νικῶσαν.
1114 4924 1364 4977 Albertus
1421 4923 1723 4992 Aquensis,
1778 4925 1870 4979 lib.
1913 4941 1971 4988 ιι,

411 5009 531 5059 cap.
556 4995 646 5058 ἃ,
669 4994 777 5057 45;
809 4992 1146 5055 Fulclierins,
1175 4994 1267 5046 lib.
1305 5009 1343 5056 ι,
1367 5009 1484 5056 cap.
1511 4993 1544 5045 5
1577 5009 1590 5056 ;
1627 4994 1968 5059 Tudebndns,

410 5061 505 5113 lib.
557 5079 640 5130 Il.7
680 5072 781 5114 etc.
842 5062 1597 5130 Commissumbocpraelintn
1663 5061 1779 5114 Kal.
1839 5062 1969 5127 Jul.,

413 5146 498 5180 an.
555 5129 708 5193 l097,
758 5145 945 5182 anetor
973 5139 1054 5186 est
1094 5130 1403 5195 Baldricus,
1439 5131 1531 5184 lib.
1563 5146 1624 5195 tl,
1683 5142 1734 5182 ct
1789 5131 1967 5187 Tude-

411 5197 602 5260 bodus,
644 5215 764 5264 pag.
791 5197 915 5253 785.

482 5268 591 5336 (99)
629 5267 790 5322 Κατὰ
829 5268 968 5336 τοὺς
1035 5269 1400 5335 Ἐϐραϊκούς.
1460 5268 1608 5322 ΙΙ;ιιιι1
1664 5269 1844 5339 procul
1892 5270 1960 5324 ab

407 5336 589 5391 Iconio
640 5339 862 5391 alteram
920 5341 1056 5393 lianc
1103 5339 1402 5393 Turcorunt
1441 5336 1674 5394 rladcui'
1702 5341 1963 5393 accidisse

409 5420 594 5460 narrat
635 5405 980 5478 Tudebodus.
1040 5409 1134 5464 lib.
1169 5424 1226 5472 ιι,
1255 5425 1376 5478 pag.
1409 5407 1530 5463 784.
1563 5409 1635 5463 De
1686 5411 1844 5463 tertia
1899 5411 1966 5463 ad

407 5477 810 5546 Agrustopolim
840 5479 1000 5533 silent
1034 5483 1348 5546 scriptores.

478 5547 554 5614 (1)
598 5546 919 5600 Τανισκὰν.
954 5547 1094 5601 ldetn
1144 5549 1234 5614 qui
1298 5562 1420 5615 pag.
1472 5546 1596 5610 365,
1657 5547 1967 5616 Τανισμάν,

407 5615 720 5684 Solymanui
757 5617 946 5670 Neteze
998 5616 1253 5684 priuetpis
1286 5618 1491 5684 frater.
1559 5615 1666 5670 Nec
1716 5615 1860 5670 enim
1895 5619 1977 5671 di-

406 5699 596 5754 versus
654 5695 734 5739 est
787 5700 814 5737 a
859 5683 1193 5738 Donimauuo
1251 5683 1557 5739 Nixandria’.
1621 5687 1768 5740 urbis
1827 5686 1978 5754 prin-

405 5752 560 5821 cipe,
591 5755 744 5823 cujus
797 5756 1041 5810 meminit
1095 5757 1345 5810 Albertus
1404 5755 1703 5824 Aquensis,
1755 5752 1846 5810 lib}
1881 5771 1974 5826 ix,

2078 4855 2369 4911 cm’saream
2415 4855 2785 4911 fintellexisse
2840 4859 3085 4909 eumdem
3143 4855 3422 4908 Albertum
3502 4868 3653 4908 recte

2076 4929 2342 4990 coniectat
2370 4925 2719 4980 Reineccius.
2759 4926 3130 4977 Dalimanuum
3165 4936 3321 4977 vocat
3350 4922 3650 4978 Or-lericus

2080 4996 2262 5057 Vital,
2295 4997 2386 5049 lib.
2427 5013 2480 5058 χ,
2510 5013 2630 5065 pag.
2682 4996 2783 5049 796
2819 5005 2873 5048 et
2905 5010 3058 5065 seqq.
3098 4993 3389 5045 Danisman
3426 4991 3652 5065 Tyrius,

2076 5065 2168 5117 lib.
2222 5062 2694 5146 txn._ncap‘.n;2l,_et
2753 5075 2938 5146 auctor
2993 5062 3136 5146 Ges};
3187 5079 3416 5142 cepugu.
3465 5064 3652 5146 ilict,

2075 5149 2195 5202 pag.
2255 5135 2384 5193 579.
2415 5131 2555 5216 '599.
2607 5135 2664 5189 Id
2696 5136 2880 5216 Oetiam
2931 5148 3054 5186 cum
3096 5131 3432 5212 Tanistnane
3465 5131 3648 5184 Turco

2073 5217 2166 5256 seu
2194 5201 2588 5269 Persarmento,
2619 5220 2709 5272 qut
2763 5212 2873 5255 tum
2930 5203 3269 5272 cappadoeta
3313 5201 3644 5272 potiebatur,

2155 5288 2262 5340 quo
2289 5272 2505 5328 Nicetas
2558 5275 2610 5328 in
2636 5269 2817 5327 'Joan.
2874 5288 2930 5326 ιι.
2967 5269 3020 5324 5“
3048 5269 3106 5324 et
3156 5269 3210 5335 6,
3245 5281 3300 5324 et
3327 5269 3652 5331 Cinnamus,

2093 5355 2164 5393 ι).
2205 5359 2238 5394 ι.

2093 5355 2164 5393 ΙΙ).
2205 5359 2238 5394 I.

2146 5411 2223 5484 (2)
2267 5412 2448 5484 Ἀζάν.
2482 5411 2583 5478 Qui
2614 5409 2799 5484 Tyrio,
2824 5410 2918 5463 lib.
2960 5426 3017 5484 _v_,
3047 5410 3306 5477 Axianus,
3338 5410 3650 5484 Raimnndo

2075 5477 2142 5532 de
2163 5481 2340 5547 Agiles
2367 5495 2422 5536 et
2447 5477 2589 5541 aliis,
2613 5477 2919 5536 Goesianus.
2961 5479 3096 5536 Vide
3129 5485 3368 5545 Annam,
3403 5482 3501 5534 lib.
3535 5497 3645 5533 ιιι.

2154 5551 2231 5619 (ὃ)
2280 5551 2484 5607 Ἰλιάό.
2519 5554 2598 5611 E',
2625 5567 2763 5605 vers.
2796 5551 2922 5604 229.

2155 5620 2231 5688 (4)
2309 5622 2830 5690 Ἀτρουστόπολιν.
2897 5623 2975 5674 lta
3039 5621 3203 5676 editio
3259 5620 3489 5676 Hoesch.
3565 5631 3646 5672 An

2083 5685 2541 5763 ébyoo_01énoktv,
2600 5706 2762 5763 quam
2817 5691 2870 5746 in
2913 5689 3147 5763 Phrygia
3181 5693 3369 5748 statuit
3396 5690 3598 5746 Suidas
3625 5690 3650 5742 ?

2088 5755 2217 5814 Vide
2241 5759 2475 5829 Annam,
2496 5755 2633 5831 pag.’
2651 5759 2776 5814 478.
