3974 6208
298 337 402 397 817

1577 337 1990 403 ALEXMDIS
2036 344 2178 404 LIB.
2205 345 2311 405 XI.
3438 349 3541 412 818

309 452 568 520 Ἀπεῐργε
603 448 647 501 δ’
675 449 839 502 αὑτὸν
865 450 1070 522 καίπερ
1109 453 1475 521 σφαδάζοντα,
1515 456 1544 524 ἡ
1580 455 1688 507 τῶν
1732 458 1868 510 κατὰ

1981 470 2096 512 rum
2145 469 2419 530 utcunque
2501 461 2804 530 cupientem
2865 461 3107 518 cohibuit
3146 463 3430 517 maritimae.
3468 470 3538 516 rei

295 543 570 596 θάλατταν
600 543 966 613 διακειμένων
1003 546 1210 600 πόλεών
1243 565 1300 600 τε
1337 550 1430 602 καὶ
1463 551 1657 619 χωρῶν
1680 550 1875 619 λεηλα-

296 635 388 688 σία
436 635 532 687 καὶ
586 634 855 704 παντελὴς
906 637 1241 706 ὲρείπωσιςο
1271 640 1299 691 ό
1352 638 1451 708 μὲν
1495 639 1606 712 γὰρ
1654 640 1875 711 Τζαχᾶς

290 731 392 798 τὴν
436 729 693 800 Σμύρνην
743 729 932 801 ὥσπερ
969 730 1097 784 ἴδιόν
1149 747 1204 785 τι
1252 733 1416 802 λάχος
1453 736 1725 804 κατεῖχεν,
1761 737 1786 788 ὁ
1817 735 1872 788 δέ

297 841 359 890 γε
387 823 830 894 Ταγγριπερμῆς
874 824 1213 894 καλούμενος
1249 827 1406 879 πόλιν
1435 828 1560 880 τινὰ
1605 829 1874 895 Ἐρεσίων

298 916 467 988 ἀγχοῦ
505 918 602 986 τῆς
634 917 904 987 θαλάττης
932 921 1289 992 διακειμένην
1321 923 1378 975 έν
1493 923 1659 977 πάλαι
1712 924 1874 992 τέμε-

294 1027 385 1071 νος
418 1009 505 1062 ἐπ’
534 1009 757 1079 ὀνόματι
787 1011 831 1042 ⁵¹
876 1012 1124 1066 Ἰωάννου
1161 1015 1461 1067 ἀποστόλου
1491 1015 1583 1068 τοῦ
1617 1013 1870 1082 θεολόγον

297 1100 505 1172 ἵδρυτο.
559 1101 670 1154 Καὶ
731 1102 888 1164 ἄλλος
943 1103 1075 1157 ἄλλα
1130 1105 1367 1177 φρούρια
1420 1107 1530 1161 τῶν
1581 1109 1873 1177 σατραπῶν

294 1193 641 1263 κατέχοντες,
705 1195 780 1258 ὡς
846 1198 1266 1266 ἀργυρωνήτοις
1336 1201 1449 1258 τοῖς
1518 1199 1871 1269 Χριστιανοῖς

295 1285 599 1354 ἐκέχρηντο
643 1286 858 1341 ἅπαντα
888 1290 1220 1360 ληϊζόμενοι.
1261 1292 1422 1344 Ἀλλά
1470 1291 1565 1344 καὶ
1604 1292 1772 1354 asa;
1806 1291 1870 1363 δὴ

293 1378 396 1437 τὰς
424 1382 626 1445 νήσους
654 1381 786 1434 Χίον
816 1400 873 1434 τε
905 1385 1001 1437 καὶ
1045 1384 1245 1446 Ῥόδον,
1281 1385 1376 1438 καὶ
1426 1387 1524 1449 τὰς
1555 1385 1872 1442 ἐπιλοίπους

297 1471 481 1531 πάσας
514 1469 794 1542 κατέσχον,
830 1475 1088 1544 λῃστικᾶς
1120 1477 1331 1529 ἐκεῖθεν
1360 1478 1871 1540 κατασκευάσαντες

294 1563 451 1625 ναῦς.
488 1563 585 1618 Διά
641 1581 721 1616 τοι
751 1564 925 1618 ταῦτα
959 1566 1068 1619 δεῖν
1102 1567 1424 1636 ὲλογίσαντο
1457 1573 1730 1641 πρότερον
1760 1572 1868 1623 τῶν

290 1655 432 1707 κατὰ
469 1655 739 1707 θάλατταν
769 1656 864 1708 καὶ
917 1656 1012 1708 τὸν
1067 1657 1288 1729 Τζαχᾶν
1325 1662 1586 1730 πρόνοιαν
1631 1665 1869 1734 ποιήσα-

295 1748 442 1811 σθαι,
475 1747 570 1800 καὶ
595 1748 853 1818 δυνάμεις
878 1749 966 1804 διὰ
999 1749 1170 1819 ξηρᾶς
1212 1752 1490 1823 ἀρκούσας
1542 1757 1636 1806 καὶ
1682 1756 1870 1809 στόλον

296 1837 483 1889 ἱκανὸν
533 1839 891 1892 καταλιπεῖνο
942 1837 1064 1894 εἶτα
1096 1841 1164 1894 δι’
1204 1843 1406 1910 αὐτῶν,
1435 1846 1534 1910 τὰς
1577 1848 1685 1899 τῶν
1730 1850 1868 1919 Bap-

295 1925 482 1996 ὀάρων
557 1927 927 1997 ἀναχαιτίζειν
986 1929 1162 2000 ὁρμάς
1220 1934 1314 1986 καὶ
1381 1933 1870 1990 ἀντικαθίστασθαι

295 2021 507 2081 αὐτοῖς,
543 2013 665 2090 κᾷθ’
699 2019 871 2085 οὕτως
916 2024 1052 2090 μετὰ
1082 2023 1177 2077 τοῦ
1222 2023 1412 2078 λοιποῦ
1451 2028 1871 2099 στρατεύματος

292 2110 397 2177 τῆς
423 2111 561 2179 πρδς
607 2111 938 2180 Ἀντιόχειαν
976 2108 1252 2186 φερούσης
1295 2117 1556 2187 ἅψασθαι,
1593 2123 1733 2191 μετὰ
1766 2125 1872 2177 τῶν

293 2201 613 2272 ἀναμεταξῦ
643 2204 947 2275 Βαρϐάρων
1003 2207 1078 2270 ὡς
1134 2209 1256 2262 ἐνὸν
1311 2211 1646 2282 μαχόμενος.
1689 2217 1873 2270 Μετα-

292 2293 658 2362 πεμψάμενος
685 2296 862 2348 τοίνυν
905 2295 1158 2368 Ἰωάννην
1191 2299 1281 2351 τὸν
1315 2301 1524 2355 Δούκαν
1549 2304 1644 2357 καὶ
1679 2323 1868 2369 γυναιο

289 2382 559 2449 κάδελιρον
591 2384 777 2450 αὐτοῦ,
817 2387 1154 2455 παραδίδωσι
1185 2389 1450 2461 δυνάμεις
1487 2395 1554 2448 ὲκ
1590 2393 1868 2465 διαφόρων

292 2475 718 2544 συνειλεγμένας
757 2480 974 2547 χωρῶν,
1012 2483 1104 2534 καὶ
1137 2484 1324 2537 στόλον
1361 2486 1695 2556 ἀποχρῶντα
1733 2491 1869 2560 πρὸς

288 2566 391 2638 τὴν
435 2570 546 2622 τῶν
582 2571 864 2640 παραλίων
910 2574 1118 2628 πόλεων
1168 2577 1514 2649 πολιορκίαν,
1564 2585 1658 2637 καὶ
1695 2587 1868 2657 αὐτὴν

287 2661 346 2714 δὲ
413 2661 513 2730 τὴν
560 2662 654 2716 τοῦ
710 2664 896 2736 Τζαχᾶ
927 2666 1204 2738 θυγατέρα
1243 2673 1676 2742 κατασχεθείσαν
1732 2681 1871 2749 μετὰ

287 2750 402 2804 τῶν
444 2750 620 2806 ἄλλων
665 2753 853 2806 ὁπόσοι
897 2756 1048 2820 ἐντὸς
1087 2759 1186 2827 τῆς
1237 2759 1475 2824 Νικαίας
1520 2765 1643 2817 τότε
1677 2764 1870 2839 ἔτυχον

192 2889 200 2897 .
289 2843 607 2915 ἐπισκήψας
648 2844 1066 2918 διακηρυκεύειν
1118 2849 1219 2920 μὲν
1265 2855 1544 2927 πανταχοῦ
1609 2859 1707 2929 τὴν
1771 2862 1870 2932 τῆς

287 2936 531 3000 Νικαίας
581 2938 820 2993 ἅλωσιν
857 2942 905 2994 εί
958 2941 1015 2996 δὲ
1078 2943 1152 3016 μὴ
1197 2950 1546 3006 πιστεύοιντο
1597 2953 1661 3020 ",
1701 2957 1870 3027 αὐτὴν

287 3031 392 3100 τὴν
421 3030 517 3084 τοῦ
548 3032 737 3102 Τζαχᾶ
770 3032 1045 3106 θυγατέρα
1074 3038 1458 3098 ὑποδεικνύναι
1501 3050 1612 3106 τοῖς
1672 3051 1870 3118 σατρά-

1977 550 2294 620 profligatus
2363 561 2537 609 status
2599 562 2653 608 et
2699 555 2996 609 insularum
3046 554 3544 621 maritimarumque

1976 662 2195 700 orarum
2235 656 2396 715 alque
2434 647 2644 702 urbium
2677 647 2980 703 miserrima
3013 651 3262 713 vastatio,
3323 662 3410 702 aut
3451 651 3542 702 de-

1978 738 2206 793 structio
2267 739 2446 808 potius
2492 747 2547 793 et
2612 739 2886 794 desolatio
2948 751 3210 797 extrema.
3284 741 3542 794 Nimirum

1980 833 2268 908 Smyrnam
2310 837 2554 896 Tzachas
2586 851 2641 896 ut
2675 850 2877 897 sortem
2930 849 2982 892 et
3027 837 3392 894 harrcditatem
3425 853 3549 905 pro-

1981 933 2150 999 priam
2183 934 2418 988 tenebat.
2474 934 2700 1000 Quidam
2743 935 2882 988 alius
2910 931 3328 1000 Tangripermes
3372 929 3548 983 dictus

1980 1024 2166 1076 urbem
2208 1026 2493 1094 quamdam
2551 1024 2905 1092 Ephesiorum
2943 1041 3108 1093 prepe
3164 1039 3312 1078 mae
3361 1023 3543 1087 sitam,

1978 1115 2030 1168 in
2079 1131 2184 1184 qua
2245 1116 2373 1170 olim
2428 1123 2760 1171 exstructum
2786 1117 3038 1184 templum
3090 1127 3169 1170 est
3224 1117 3276 1168 in
3333 1117 3548 1170 nomine

1978 1207 2150 1262 sancti
2194 1204 2419 1261 Joannis
2463 1207 2689 1276 apostoli
2738 1205 3031 1277 Theologi;
3077 1208 3165 1262 alii
3214 1209 3420 1264 similes
3469 1210 3547 1262 la-

1980 1300 2209 1355 trunculi
2280 1301 2411 1355 alias
2467 1301 2788 1370 oppOrlunis
2848 1301 2983 1356 locis
3033 1316 3185 1355 arcos
3241 1302 3546 1354 iuvasrraut

1978 1393 2349 1462 prmsidiisque
2405 1393 2746 1462 occupabant
2803 1412 2815 1448 :
2867 1409 2897 1448 e
2952 1395 3148 1464 quibus
3203 1392 3545 1461 erumpentes

1978 1487 2172 1541 infesta
2215 1486 2321 1540 late
2358 1487 2628 1540 habebant
2657 1486 2860 1549 omnia,
2895 1484 3220 1540 Christianis
3265 1502 3400 1556 quos
3442 1502 3549 1540 ma-

1981 1593 2087 1646 gno
2119 1578 2466 1647 captivabant
2493 1595 2718 1633 numero
2753 1580 2804 1634 in
2838 1580 3153 1636 vilissimam
3187 1591 3238 1634 et
3285 1595 3550 1634 :crumno-

1977 1674 2248 1729 sissimam
2285 1674 2597 1730 servitutem
2649 1675 3042 1745 mancipandis.
3093 1675 3196 1741 Sed
3252 1685 3304 1730 et
3343 1675 3547 1729 insulas

1907 1785 1947 1841 Β
1975 1767 2194 1832 Chium,
2231 1767 2481 1824 Rhodum
2516 1784 2579 1822 ac
2616 1769 2898 1840 plerasque
2944 1779 3173 1822 cmteras
3213 1767 3545 1826 insederant,

1976 1876 2180 1933 easque
2212 1873 2323 1918 tum
2366 1877 2464 1933 pro
2495 1863 2778 1917 navalibus
2833 1863 3122 1926 habebant,
3157 1859 3245 1914 ubi
3291 1860 3548 1928 piratit-as

1975 1956 2310 2012 aediﬁcarent
2345 1955 2565 2018 classes,
2600 1961 2714 2007 tum
2764 1969 2862 2024 pro
2911 1954 3037 2006 tutis
3080 1951 3433 2020 receptaculis
3486 1967 3546 2002 ac

1976 2049 2239 2118 portubus
2294 2049 2345 2100 in
2397 2046 2593 2115 quibus
2659 2046 2893 2115 przedam
2961 2045 3138 2098 onusti
3191 2044 3542 2110 deponerent.

1976 2141 2216 2196 Primum
2251 2141 2416 2210 igitur
2443 2138 2681 2192 omnium
2739 2137 3048 2192 faciendum
3109 2135 3212 2190 sibi
3271 2137 3549 2204 Augustus

1975 2230 2161 2284 statuit
2220 2239 2278 2282 ut
2342 2238 2396 2282 et
2451 2227 2582 2281 mari
2669 2227 2898 2282 classem
2982 2227 3282 2296 imponeret
3359 2226 3548 2280 idonee

1977 2324 2296 2376 instructam
2355 2322 2422 2374 ad
2475 2319 2835 2387 coercendum
2899 2319 3196 2381 Tzacham,
3250 2329 3304 2372 et
3372 2318 3547 2373 conti-

1977 2415 2178 2478 nentis,
2230 2429 2332 2483 qua
2387 2429 2535 2466 mare
2596 2412 2837 2481 respicit,
2902 2411 3253 2478 disponendis
3311 2425 3404 2476 per
3461 2411 3548 2464 lit-

1977 2506 2198 2560 toralem
2264 2519 2413 2558 oram
2495 2517 2598 2571 qua
2678 2502 3023 2557 terrestribus
3092 2517 3196 2568 qua
3269 2500 3547 2553 navalibus

1976 2599 2238 2667 prasidiis
2294 2597 2472 2651 tutelae
2512 2595 2840 2663 provideret,
2901 2611 3003 2648 non
3064 2595 3234 2648 solum
3285 2603 3544 2658 quantum

1974 2703 2088 2745 erat
2138 2705 2271 2758 opus
2320 2687 2384 2742 ad
2443 2688 2813 2756 reprimendas
2879 2687 3211 2739 incursiones
3277 2683 3544 2739 Barbaro-

1975 2795 2128 2841 rum,
2183 2779 2345 2850 322
2407 2793 2593 2830 verum
2647 2776 2717 2828 ita
2778 2785 2836 2828 ut
2887 2775 2952 2828 ad
3008 2774 3150 2840 ipsos
3198 2788 3444 2844 quoque,
3496 2773 3540 2826 si

1976 2888 2064 2927 res
2127 2869 2333 2936 ferret,
2407 2867 2747 2924 lacessendos
2827 2865 3280 2932 dcbellamlosque
3367 2865 3544 2920 missa:

1975 2973 2162 3019 contra
2210 2977 2302 3016 eos
2329 2961 2496 3032 copiae
2535 2958 2860 3015 sufﬁcerent.
2909 2955 3003 3012 llis
3029 2958 3114 3009 ubi
3152 2954 3318 3027 magis
3349 2969 3546 3027 urgen-

1976 3059 2117 3112 tibus
2178 3055 2529 3110 satis‘erisset
2583 3053 2728 3108 curis
2776 3051 3040 3122 reliquum
3093 3064 3326 3113 omnem,
3384 3063 3545 3117 quam

284 3141 422 3187 παις
478 3125 585 3179 τῶν
639 3126 904 3198 Τούρκων
950 3131 1042 3184 καὶ
1102 3134 1216 3197 τοῖς
1283 3136 1352 3188 τὰ
1403 3139 1536 3208 περὶ
1591 3115 1864 3196 θάλατταν

1972 3163 2162 3218 cogere
2235 3145 2734 3200 unmerosissimum
2819 3151 3035 3213 posset,
3125 3143 3348 3196 ductare
3432 3142 3548 3209 ipse

283 3219 610 3286 νεμομένοις
646 3219 990 3292 Βιρδάροις,
1025 3224 1098 3288 ὡς
1130 3225 1197 3278 ἂν
1228 3229 1279 3280 oi
1321 3232 1418 3294 τὰς
1470 3233 1568 3304 ήδη
1603 3235 1867 3305 ῥηθείσας

286 3309 479 3371 πόλεις
525 3312 873 3382 κατέχοντες,
929 3315 1168 3384 ὁρῶντες
1213 3319 1422 3392 ταύτην
1466 3326 1560 3376 καὶ
1611 3325 1865 3396 βεϐαιού-

287 3419 447 3472 μενοι
480 3404 579 3472 τὴν
614 3403 714 3472 τῆς
746 3405 983 3473 Νικαίας
1017 3409 1242 3476 ἅλωσιν,
1264 3412 1594 3481 ἀπογνόντες
1618 3419 1869 3490 ἀμαχητὶ

287 3495 588 3564 παραδοῖεν
632 3497 731 3562 τὰς
765 3499 970 3563 πόλεις.
1012 3502 1336 3570 Ἐφοδιάσας
1384 3507 1476 3560 οῦν
1535 3509 1735 3573 ἱκανῶς
1782 3513 1871 3565 διὰ

285 3587 562 3642 παντοίων
590 3589 683 3643 τὸν
731 3589 981 3665 Ἰωάννην
1017 3595 1317 3664 ἐκπέμπει.

1964 3241 2242 3311 Augustus
2281 3252 2519 3308 praesens
2559 3237 2856 3290 exercitum
2902 3235 3218 3289 decreverat
3269 3232 3544 3303 suppetias

1967 3333 2208 3388 obsessis
2264 3329 2562 3383 Antiochia:
2612 3326 2840 3386 Latinis,
2901 3341 3022 3379 cum
3079 3339 3250 3392 eoque
3305 3337 3546 3393 pugnare

1969 3421 2096 3475 totis
2160 3419 2364 3473 viribus
2437 3418 2697 3471 adversus
2770 3413 3040 3467 Barbaros
3109 3413 3199 3481 qui
3275 3425 3368 3464 eos
3437 3410 3545 3463 illic

1968 3511 2370 3580 oppugnabant.
2416 3507 2538 3562 Herc
2605 3505 2768 3560 animi
2825 3503 3073 3559 consulta
3144 3517 3250 3571 quo
3311 3501 3363 3555 in
3429 3515 3544 3554 rem

1970 3602 2248 3658 conferret
2307 3600 2545 3654 accersit
2599 3597 2860 3653 Joannem
2927 3597 3127 3649 Ducam
3186 3593 3371 3649 uxoris
3437 3607 3547 3650 stuc

287 3684 537 3749 fratrem,
585 3689 740 3757 eique
773 3689 932 3742 tradit
964 3692 1149 3759 copias
1198 3707 1262 3746 ex
1319 3692 1548 3748 diversis
1595 3695 1855 3751 collectas
1895 3693 2230 3765 regionibus,
2260 3693 2598 3758 classemque
2623 3687 2755 3744 satis
2805 3687 3040 3741 validam
3101 3686 3166 3739 ad
3229 3699 3543 3754 oppttgnatt'

285 3781 382 3834 das
419 3780 682 3834 littorales
707 3797 863 3838 arces
892 3798 1010 3851 quae
1076 3799 1106 3838 a
1152 3785 1343 3852 piratis
1423 3787 1734 3843 istiusmou.
1790 3789 2132 3842 .euebantur.
2205 3785 2356 3840 Dedit
2389 3782 2552 3837 etiam
2587 3781 2748 3834 tiliam
2782 3779 3010 3833 Tzacha:
3043 3793 3211 3846 nnpcr
3273 3793 3394 3831 cum
3426 3776 3546 3832 aliis

285 3887 315 3927 e
349 3871 632 3941 principali
665 3871 968 3928 Turcorum
1000 3874 1202 3931 familia
1229 3877 1318 3946 qui
1368 3874 1563 3932 Nicaxe
1606 3887 1731 3932 sunt
1775 3878 1996 3946 reperti,
2031 3877 2315 3933 occasione
2365 3871 2654 3928 deditionis
2693 3871 2930 3925 civitatis
2980 3868 3098 3937 ejus
3153 3867 3261 3922 illic
3307 3879 3543 3938 captam.

286 3964 442 4017 Dedit
477 3973 652 4017 autem
679 3979 796 4018 eam
831 3963 880 4016 in
920 3980 1075 4020 usum
1104 3967 1482 4030 continuandi,
1534 3969 1848 4023 ostensione
1901 3969 2090 4036 puella:
2124 3967 2302 4031 istius,
2366 3979 2529 4035 quant
2587 3962 2790 4018 servari
2848 3961 2985 4030 apud
3036 3959 3269 4014 Nicaeam
3355 3967 3542 4015 notum

282 4065 407 4110 erat
455 4054 669 4120 Turcis,
722 4057 955 4112 nondum
1010 4060 1145 4114 satis
1186 4060 1390 4131 vulgati
1448 4064 1628 4116 nuntii
1687 4071 2011 4133 expugnatae
2071 4061 2286 4116 Nicaeae.
2349 4060 2521 4125 Quem
2586 4058 2802 4126 quidem
2845 4056 2950 4109 late
3003 4053 3182 4124 spargi
3252 4067 3280 4107 a
3333 4051 3545 4108 Joanne

286 4147 582 4200 mandabat
620 4148 956 4217 imperator:
988 4160 1042 4204 et
1091 4153 1350 4220 satrapis,
1386 4153 1618 4224 aliisque
1666 4155 1857 4226 piratis
1901 4153 2180 4218 Barbaris,
2214 4153 2256 4207 si
2293 4167 2430 4222 quos
2460 4150 2526 4205 ad
2566 4157 2770 4203 tantam
2834 4162 2943 4199 rem
3015 4146 3342 4200 credendam
3393 4144 3546 4198 inve-

287 4240 430 4292 niret
464 4240 652 4305 duros,
678 4241 784 4296 tale
814 4244 1084 4311 captivum
1159 4255 1320 4315 caput
1362 4245 1416 4300 in
1486 4248 1608 4302 ﬁdei
1656 4258 2036 4318 argumentum
2124 4243 2468 4300 ineluctabile
2543 4239 2853 4296 monstrari.
2917 4238 3046 4292 lude
3100 4238 3245 4292 enim
3300 4236 3543 4292 futurum

286 4328 545 4397 sperabat
594 4339 665 4404 ut_
701 4329 838 4408 certi
892 4330 986 4386 tali
1043 4334 1353 4390 testimonio
1391 4351 1457 4392 ac
1513 4339 1740 4408 pignore
1792 4339 1860 4394 de
1892 4339 2067 4392 Niczca
2140 4339 2318 4392 dedita
2355 4337 2594 4391 latrones
2632 4332 2817 4400 Turci,
2855 4333 3016 4387 rebus
3046 4331 3157 4401 jam
3222 4331 3336 4386 suis
3408 4329 3546 4385 diﬂi‘

288 4427 506 4486 dentes,
541 4437 679 4493 quas
728 4407 1047 4478 obtinebant
1098 4441 1252 4482 arces
1296 4445 1391 4497 pro
1421 4407 1526 4484 vita
1567 4443 1621 4486 et
1667 4449 1861 4488 securo
1892 4435 2040 4487 abitu
2073 4433 2355 4486 incruenta
2388 4427 2787 4500 compositione
2829 4425 3257 4495 paciscerentur.

369 4515 584 4569 Ὁπόσα
626 4514 683 4567 δὲ
730 4515 872 4569 κατὰ
918 4514 1011 4568 τοῦ
1039 4515 1232 4588 Τζαχᾶ
1264 4519 1497 4590 τρόπαια
1524 4515 1677 4584 οὗτος
1707 4523 1868 4593 ἑστή-

2049 4520 2166 4573 Jant
2195 4522 2449 4586 deinceps
2492 4517 2796 4572 faciendum
2847 4515 2976 4568 mihi
3034 4521 3211 4568 estut
3260 4525 3393 4579 quas
3436 4511 3548 4564 isto

291 4626 423 4663 σατο
457 4607 556 4662 καὶ
602 4609 749 4671 ὅπως
796 4605 984 4660 τοῦτον
1041 4607 1252 4662 ἐκεῖθεν
1302 4612 1552 4680 ἀπήλασε
1593 4613 1803 4682 προιὼν
1836 4617 1864 4666 ὁ

1974 4613 2114 4666 bello
2157 4613 2410 4664 victorias
2431 4608 2669 4662 Joannes
2712 4605 2885 4660 Ducas
2922 4603 3220 4673 reportavit
3273 4601 3375 4655 hoc
3426 4601 3544 4654 loeo

289 4703 445 4769 λόγος
508 4699 820 4770 δηλώσειεν.
894 4699 952 4750 '0
1009 4699 1111 4769 μὲν
1178 4718 1272 4754 ουν
1319 4703 1454 4770 Δοὺξ
1507 4704 1602 4757 καὶ¹
1645 4704 1786 4765 θεῖος
1837 4707 1864 4757 ὁ

287 4793 417 4862 ἐμὸς
449 4791 518 4856 ⁸⁸,
546 4791 684 4861 πρὸς
716 4790 922 4860 μητρὸς
953 4788 1031 4861 τῷ
1067 4790 1280 4860 βασιλεῖ
1320 4794 1724 4864 συνταξάμενος
1763 4799 1863 4867 τῆς

293 4883 746 4955 μεγαλουπόλεως
773 4882 962 4950 ἔξεισι,
991 4885 1084 4936 καὶ
1125 4885 1463 4953 διαπεράσας
1495 4889 1594 4957 τὴν
1627 4888 1860 4942 ’Δδυδον

295 4975 795 5045 μεταπεμψάμενος
826 4975 918 5028 τὸν
969 4975 1307 5046 καλούμενον
1357 4979 1634 5033 Κάτσπακα
1667 4981 1766 5050 τήν
1800 4999 1860 5033 τε

290 5069 382 5120 τοῦ
446 5067 635 5120 στόλου
685 5068 933 5133 ἐξουσίαν
988 5070 1084 5122 καὶ
1140 5069 1237 5139 τὴν
1291 5069 1387 5122 τοῦ
1445 5071 1606 5134 πλοὸς
1644 5071 1866 5125 ἃπασαν

293 5159 605 5227 ο’κονομίαν
635 5156 783 5229 αὑτῷ
813 5157 1057 5220 ἀνέθετο,
1088 5160 1462 5228 ὑποσχόμενος
1497 5161 1572 5224 ὠς
1596 5164 1644 5214 εί
1683 5162 1864 5227 καλῶς

292 5251 613 5319 ἀγωνίσοιτο
643 5251 883 5320 ὁπηνίκα
927 5251 1171 5323 συμὸαίη
1220 5250 1319 5321 τὴν
1353 5250 1610 5322 Σμύρνην
1655 5253 1862 5308 ἁλῶναι

294 5344 537 5414 ἡγεμόνα
593 5342 782 5398 τοῦτον
839 5344 1007 5415 αὐτῆς
1055 5362 1114 5397 τε
1165 5343 1263 5414 τῆς
1304 5343 1580 5415 Σμύρνης.
1622 5348 1714 5400 καὶ
1754 5347 1865 5400 τῶν

292 5435 640 5510 ὁμορούντων
673 5435 892 5487 πάντων
945 5437 1080 5506 αὐτῇ
1139 5437 1504 5506 καταστῆσαι.
1549 5437 1860 5507 Ἐκπέμπει

291 5525 467 5580 τοίνυν
492 5526 657 5580 αὐτόν
685 5526 997 5580 διαπόντιον
1025 5527 1511 5598 θαλασσοκράτορα
1537 5527 1630 5581 τοῦ
1665 5529 1853 5583 στόλου

1974 4719 2286 4757 memorem.
2328 4701 2374 4753 Is
2407 4701 2536 4763 dux,
2570 4697 2870 4752 avunculus
2903 4710 3073 4760 meus,
3105 4695 3183 4749 sic
3224 4696 3537 4756 instructus,

1973 4797 2047 4850 uti
2077 4795 2210 4857 dixi,
2249 4795 2365 4846 vale
2392 4789 2705 4863 imperatori
2739 4789 2905 4854 dicto,
2945 4803 2975 4843 e
3007 4802 3197 4853 magna
3243 4787 3373 4840 urbe
3421 4802 3543 4854 ριόσ

1973 4885 2241 4949 ﬁeiscens,
2295 4900 2414 4936 cum
2470 4881 2771 4951 trajecisset
2824 4880 2876 4933 in
2946 4879 3231 4948 Abydum,
3280 4877 3543 4933 accersito

1969 4977 2216 5047 Caspaci,
2271 4974 2460 5030 classis
2503 4974 2876 5044 praefecturam
2920 4985 3218 5038 curamque
3266 4983 3538 5026 commcn-

1966 5071 2150 5136 davit;
2184 5069 2452 5138 promisso
2490 5068 2560 5131 ei,
2603 5065 2645 5118 si
2683 5071 2936 5118 navasset
2967 5063 3068 5118 ista
3107 5063 3158 5116 in
3213 5079 3269 5119 re
3291 5077 3535 5134 operam,

1967 5163 2275 5231 principatu
2335 5157 2572 5214 civitatis
2625 5155 2905 5228 Smyrnae,
2962 5156 3538 5226 eonterminaruntque

1969 5254 2268 5322 regionum,
2303 5251 2391 5306 ubi
2427 5267 2486 5304 ca
2520 5266 2615 5320 per
2643 5265 2734 5303 cos
2763 5259 2918 5317 capta
2945 5249 3284 5318 imperioque
3329 5248 3536 5302 reddita

1967 5346 2157 5400 civitas
2208 5345 2368 5400 foret.
2401 5343 2533 5399 Cum
2592 5345 2692 5396 hac
2753 5357 2846 5410 spe
2902 5358 2963 5392 :tc
3022 5342 3277 5395 mandato
3327 5340 3534 5408 Caspax

1968 5437 2192 5491 classem
2224 5436 2387 5490 solvit
2419 5434 2706 5504 Smyrnam
2754 5449 2963 5495 versus,
2996 5431 3203 5486 Jumne
3253 5439 3537 5484 terreswes

1964 5528 2146 5598 copias
2177 5544 2273 5596 per
2311 5515 2676 5582 cotttinentem
2703 5525 2888 5580 eodem
2926 5541 3021 5595 per
3048 5540 3108 5578 se
3132 5525 3403 5577 ductante.
3427 5517 3536 5573 Nec

1366 5663 1568 5725 Varias
1611 5663 1926 5728 lectiones
1968 5683 2050 5728 ex
2091 5665 2232 5728 cod.
2271 5665 2503 5727 Coisliu

391 5786 430 5815 "
470 5785 675 5841 Desunt
715 5801 876 5842 voces
911 5788 998 5841 ἐπ’
1031 5788 1276 5849 ὀνόματι.
1356 5790 1400 5822 ⁵¹
1429 5789 1758 5846 πιστεύοιτο.

1840 5791 1886 5824 ⁸³
1915 5791 2103 5853 οὑμός.
2424 5791 2439 5821 ⁹
