3974 6208
243 315 310 377 84
324 316 344 378 ι

1531 323 1945 384 ALEXIADIS
1985 325 2057 385 LI
2071 325 2130 385 Β.
2165 325 2272 388 .\l.

3391 328 3500 392 διεδ

241 430 409 482 αὑτὸν
435 426 486 480 oi
525 429 582 479 ἐν
629 427 1023 498 Ἰεροσολύμοις
1070 428 1405 496 ἐγνώκεσαν,
1460 432 1826 502 μεταπεμψάι

1935 433 2129 488 ﬁerent
2159 433 2435 489 exsrinrto
2486 434 2624 489 forte
2663 433 2997 488 Gothofrch
3042 435 3220 489 Latini
3261 436 3350 505 qui
3389 435 3516 488 llic-

245 538 400 594 μενοι
435 519 530 574 τὸν
564 519 888 575 Βαλδουῑνον
921 523 1050 593 περὶ
1080 522 1179 596 τὴν
1206 525 1436 578 Ἐδεσαν
1465 525 1588 578 τότε
1655 527 1831 578 ἐνδια-

241 612 521 684 τρίϐοντα,
576 613 722 684 ῥῆγα
763 615 1161 686 Ἱεροσολύμων
1193 617 1557 688 κατέστησαν.
1623 619 1684 670 Ὀ
1731 617 1832 687 μὲν

237 701 332 756 οῦν
379 701 639 771 βασιλεὺς
668 701 760 754 τὸν
794 703 1080 772 Σαγγέλην
1128 705 1378 774 ἀσμένως
1427 704 1832 774 ἀποδεξάμενος

239 796 364 847 ἐπεὶ
393 792 490 846 τὸν
527 792 848 846 Βαλδουῖνον
904 794 1219 865 μεμαθήκει
1269 797 1369 867 τὴν
1403 798 1462 850 ιν
1528 795 1829 867 Ἰεροσολύ-

250 901 374 956 μοις
405 886 587 955 ἀρχὴν
617 884 1009 950 ἀναδέξασθαι,
1033 889 1412 957 παρακατεῖχε
1449 887 1572 958 μεθ’
1604 885 1826 942 ἑαυτοῦ.

1936 521 2222 591 rosolytnis
2247 532 2402 577 erant
2437 523 2836 578 consultatione
2886 525 3131 578 instituta
3169 525 3236 580 de
3287 539 3510 580 succeso

1931 625 2056 664 sore
2106 612 2246 682 regis
2300 613 2541 668 defuncti
2594 614 2912 683 deligendo.
2965 615 3252 683 Saugelem
3307 615 3513 685 Tripoli

1933 715 2256 768 accersunt,
2319 720 2544 775 regnum
2592 708 2640 760 ei
2697 707 3244 780 l-licrosolymitanum
3301 709 3514 762 di‘l'erre

1931 795 2236 864 cupientes.
2281 796 2351 849 At
2377 795 2462 850 ille
2493 811 2662 866 usque
2688 800 3062 862 cunctabatur,
3101 799 3238 852 adeo
3269 811 3323 851 ιιι
3348 801 3511 852 etiam

1931 885 2458 956 Constantinopolim
2511 890 2916 953 retrocederet,
2981 890 3073 944 ubi
3137 906 3256 942 cum
3335 906 3513 942 moras

235 979 482 1034 traheret
513 976 714 1031 nullam
753 987 962 1030 certam
997 992 1148 1045 spem
1215 979 1426 1036 faciens
1474 981 1558 1037 sui
1610 978 2040 1047 Hierosolymam
2099 977 2386 1039 adventus,
2435 979 2941 1050 llierosolymenses
2989 981 3129 1036 Galli
3187 980 3512 1034 Balduin-mi

231 1077 517 1124 evocatum
564 1065 769 1122 Edessa
820 1081 998 1135 regem
1048 1085 1210 1124 suum
1265 1083 1477 1127 creant.
1515 1073 1816 1142 Imperator
1849 1068 2097 1138 Saugelis
2128 1071 2194 1122 ad
2229 1087 2288 1126 se
2319 1073 2549 1126 adventu
2605 1074 2755 1140 prius
2821 1075 3150 1138 delectatus,
3219 1075 3307 1127 ubi
3369 1079 3508 1139 post

235 1163 454 1216 modum
485 1161 731 1216 Balduini
763 1160 1083 1216 electionem
1113 1165 1344 1233 audivit,
1373 1180 1440 1222 eo
1471 1167 1577 1222 sibi
1607 1165 1820 1235 putavit
1847 1162 2162 1217 faciendum
2200 1163 2501 1234 impensius
2536 1181 2588 1220 ut
2624 1167 2780 1220 talem
2816 1168 2957 1237 apud
3020 1183 3078 1222 se
3133 1169 3308 1223 virum
3385 1173 3517 1226 reli-

233 1266 412 1309 neret.

319 1346 590 1418 Ὅπηνίκα
618 1351 712 1403 καὶ
737 1353 798 1405 τὸ
826 1357 936 1408 τῶν
962 1356 1271 1426 Νορμάνων
1298 1356 1533 1424 φοσάτον
1558 1356 1604 1388 ⁹⁰
1657 1351 1826 1406 κατὲο

231 1434 526 1505 Isthmius
537 1439 705 1506 μόνας
719 1439 842 1508 ἕχον
862 1442 1124 1512 ἀδελφοὺς
1151 1442 1266 1506 δύο,
1289 1443 1569 1514 Φλάντρας
1594 1442 1707 1514 (56)
1725 1457 1828 1494 και

232 1521 644 1592 λουμένους,οἷς
667 1529 838 1584 πολλὰ
855 1532 1116 1595 πολλάκις
1133 1535 1161 1585 ὀ
1185 1532 1437 1602 βασιλεὺς
1460 1533 1829 1602 συμϐουλευό-

234 1639 396 1691 μενος
417 1623 519 1693 τὴν
544 1623 713 1695 αὐτὴν
738 1628 852 1688 τοῖς
874 1627 1212 1696 προλαϐοῦσι
1229 1631 1487 1696 φοσάτοις
1507 1631 1550 1661 ⁸³
1576 1628 1823 1692 ὁδεῦσαι,

2000 1344 2111 1398 liae
2146 1347 2260 1401 rice
2297 1361 2475 1399 rerum
2524 1347 2763 1415 pervenit
2795 1347 3328 1418 ConstantinOpoliui
3377 1350 3508 1404 Nor‘

1927 1439 2177 1492 manirus
2228 1439 2506 1491 exercitus
2560 1439 2822 1492 ductmes
2875 1439 3081 1494 habens
3125 1443 3320 1495 fratres
3379 1443 3514 1493 duos

1927 1530 2294 1584 Flandrenses
2323 1529 2518 1584 dietos.
2556 1527 2651 1582 llis
2685 1545 3012 1598 tuagtmpere
3044 1532 3309 1585 suadebat
3340 1534 3514 1598 impe-

1928 1632 2078 1676 rator
2106 1633 2163 1675 ut
2193 1625 2440 1691 priorum
2483 1631 2537 1676 et
2564 1622 2664 1691 ipsi
2705 1625 3051 1677 exercituum
3087 1625 3328 1693 chtigiis
3349 1625 3510 1695 331

232 1715 324 1767 καὶ
364 1715 454 1767 διὰ
483 1715 592 1766 τῶν
622 1717 905 1785 παραλίων
941 1720 1010 1772 τὰ
1053 1720 1406 1790 Ἰεροσόλυμα
1448 1721 1816 1788 καταλαϐεῖν,

1935 1716 2273 1778 insisterent,
2324 1725 2378 1767 ct
2432 1729 2527 1784 per
2564 1714 2868 1767 maritimas
2919 1717 3165 1784 regiones
3201 1714 3514 1788 Hieroso!y-

233 1805 324 1856 irai.
359 1803 506 1857 οὕτω
539 1805 616 1874 τῷ
663 1806 836 1877 λοιπῷ
872 1809 1246 1878 στρατεύματι
1269 1809 1375 1862 τῶν
1408 1811 1654 1864 Λατίνων
1688 1814 1823 1868 ἑνω-

231 1893 414 1961 θῆναι.
457 1894 827 1964 Πειθομένους
857 1899 1087 1960 τούτους
1126 1899 1228 1969 οὐχ
1260 1899 1538 1968 εὕρισκεν,
1575 1902 1671 1955 ἅτε
1711 1908 1828 1969 τοῖς

231 1988 507 2057 Φράγγοις
566 1987 837 2056 ἑνωθῆναι
904 1989 980 2059 μὴ
1041 1990 1406 2060 βουλομένους
1469 1992 1585 2046 ἀλλ’
1631 1995 1829 2067 ἑτέραν

231 2079 453 2132 ὁδεῦσαι
482 2079 602 2132 ὁδὸν
649 2081 741 2132 διὰ
791 2081 888 2132 τοῦ
919 2082 1275 2146 ἀνατολικοῦ,
1319 2084 1415 2137 καὶ
1447 2087 1690 2140 κατευθὺ
1724 2109 1832 2158 χω-

230 2172 402 2244 ρῆσαι
458 2172 554 2224 τοῦ
596 2173 848 2242 Χοροσᾶν
902 2174 1014 2244 (57)
1071 2177 1361 2245 οἰομένους
1411 2182 1714 2249 κατασχεῖν
1774 2183 1831 2235 τὸ

230 2262 496 2317 τοιοῦτον.
575 2263 635 2316 Ὀ
664 2264 727 2332 ,δὲ
763 2263 1020 2334 βασιλεὺς
1067 2267 1244 2338 πάντη
1289 2268 1615 2340 ἀσύμφορον
1668 2272 1832 2327 τοῦτο

235 2354 521 2423 γινώσκων
572 2357 666 2408 καὶ
709 2357 810 2426 τὴν
849 2357 1124 2410 ἀπώλειαν
1175 2358 1250 2428 μὴ
1291 2359 1462 2412 θέλων
1506 2361 1600 2413 τοῦ
1639 2364 1830 2416 τοσού-

228 2465 325 2500 του
370 2447 540 2501 λαοῦ⁹
574 2448 936 2515 (πεντήκοντα
978 2450 1087 2519 γὰρ
1125 2446 1268 2521 ἦσαν
1325 2451 1564 2520 χιλιάδες
1615 2455 1829 2508 ἱππέων

227 2538 469 2608 ἀνδρῶν,
534 2539 630 2592 καὶ
664 2539 864 2592 ἑκατὸν
897 2540 1131 2606 πεζῶν),
1171 2542 1294 2593 ἐπεὶ
1331 2542 1406 2611 μὴ
1463 2543 1828 2612 πειθομένους

228 2623 460 2688 τούτους
484 2623 656 2696 ἐώρα,
683 2627 777 2680 τὸν
809 2626 1068 2699 δεύτερον
1099 2629 1127 2682 ὃ
1154 2647 1286 2697 φασι
1317 2631 1488 2684 πλοῦν
1507 2634 1825 2703 ἐρχόμενος,

228 2717 322 2770 τὸν
362 2716 648 2787 Σαγγέλην
707 2719 819 2788 (58)
879 2722 973 2772 καὶ
1023 2721 1117 2772 τὸν
1171 2721 1377 2786 Τζίταν
1445 2725 1829 2795 συνεκπέμπει

229 2807 474 2873 τούτοις,
505 2808 590 2874 ἐφ’
698 2809 1094 2878 συμϐουλεύειν
1149 2829 1214 2864 τε
1244 2817 1312 2866 τὰ
1351 2817 1693 2876 συνοίσοντα.
1734 2815 1831 2870 καὶ

228 2900 344 2953 τῶν
381 2900 717 2970 παραλόγων
770 2904 963 2974 ὁρμῶν
998 2905 1075 2966 ὠς
1130 2906 1252 2960 ἐνὸν
1291 2907 1676 2978 ἁνασειράζειν
1729 2912 1830 2962 αὑ-

227 2992 382 3054 τούς.
409 2994 920 3065 Διαπεραιωθέντες
945 2997 1040 3051 οῦν
1062 2998 1154 3052 τὸν
1183 2999 1284 3068 τῆς
1303 2999 1558 3054 Κιὸωτοῦ
1580 3001 1830 3072 πορθμὸν

1932 1824 2074 1861 tuam
2115 1806 2524 1872 proﬁciscentes
2550 1806 2758 1860 Latinis
2791 1821 2908 1873 quae
2935 1805 3047 1874 jam
3074 1816 3227 1860 erant
3264 1809 3372 1860 illic
3394 1824 3517 1862 sese

1933 1899 2105 1968 copiis
2161 1899 2542 1968 adjungcrent.
2583 1897 2782 1951 Verum
2833 1897 2948 1950 haec
2990 1897 3119 1966 ipsis
3158 1900 3342 1966 utique
3390 1915 3516 1966 pro-

1896 1982 1904 1994 ’
1933 1991 2047 2042 liari
2085 2003 2358 2058 nunquam
2390 1999 2616 2056 potuere
2643 1988 2811 2042 Certis
2851 1987 3033 2039 animo
3065 2002 3168 2042 n0n
3198 1987 3429 2056 jungere
3456 2005 3516 2043 se

1931 2078 2126 2145 Gallis,
2160 2095 2259 2133 nec
2306 2081 2623 2133 societatem
2671 2080 2808 2133 inire
2843 2095 2964 2132 cum
3018 2081 3122 2133 illis
3165 2083 3357 2148 praedm
3404 2081 3516 2152 glo-

1933 2173 2119 2236 ria-re,
2177 2172 2270 2225 sed
2322 2185 2520 2223 novum
2577 2185 2828 2238 campum
2878 2173 3110 2240 propria:
3142 2173 3328 2226 virtuti
3365 2189 3515 2242 qua--

1931 2279 2086 2330 rere;
2121 2266 2372 2332 viamque
2401 2263 2719 2317 intentatam
2754 2263 2930 2318 adhuc
2973 2253 3296 2319 Latinorum
3321 2269 3513 2321 armis.

1936 2368 2080 2411 recta
2113 2372 2212 2427 per
2248 2357 2570 2412 orientalem
2607 2355 2834 2411 limitem
2861 2373 3147 2426 capessere
3178 2360 3514 2412 Coros:inunt

1931 2461 2150 2514 versus,
2177 2447 2333 2516 cujus
2360 2447 2524 2501 etiam
2559 2446 2717 2514 regite
2748 2445 2896 2499 urbis
2923 2448 3381 2514 expugnationem
3417 2449 3516 2511 dt"

1932 2540 2432 2610 praedationenique
2465 2539 2579 2607 jam
2637 2537 2836 2606 spebus
2893 2539 3300 2608 prmcipiebam.
3337 2521 3517 2595 Facile

1933 2627 2204 2684 sentiebat
2233 2628 2528 2697 imperator
2551 2642 2713 2696 quam
2738 2643 2844 2681 non
2881 2627 3098 2682 dubiam
3129 2629 3180 2683 in
3217 2631 3514 2697 pernicinn

1934 2722 2040 2775 ista
2073 2719 2300 2774 consilia
2328 2728 2614 2789 vergerent
2645 2737 2658 2773 :
2690 2729 2870 2772 tanien
2911 2722 3039 2788 quia
3073 2722 3268 2775 durum
3299 2733 3416 2776 erat
3463 2739 3514 2775 et

1933 2813 2126 2868 inutile
2157 2811 2425 2881 capitibus
2454 2811 2670 2864 invicta!
2699 2809 3015 2880 pertinacia}
3046 2827 3240 2866 sanum
3269 2816 3389 2868 sine
3412 2817 3516 2869 line

1938 2906 2058 2959 sine
2089 2905 2271 2957 fructu
2301 2917 2561 2971 oggerere
2610 2901 2924 2965 consilium,
2966 2905 3134 2957 cessit
3164 2904 3459 2972 aliquando
3497 2923 3512 2958 :

1933 3012 1986 3054 et
2015 3012 2082 3052 ne
2117 3005 2231 3049 tum
2260 2995 2475 3064 quidem
2515 2995 2802 3048 immemor
2831 2994 3202 3061 humanitatis,
3247 3012 3406 3065 quam
3437 3012 3514 3048 se-

227 3091 327 3140 καὶ
361 3086 501 3158 πρὸς
543 3090 637 3141 τὸν
679 3090 1046 3159 Ἀρμενιακὺν
1075 3093 1432 3162 ἐπειγόμενοι
1471 3093 1572 3163 τὴν
1613 3095 1823 3162 Ἀγκυ-

1937 3090 2165 3144 cundatn
2226 3089 2365 3142 inire
2413 3088 2586 3158 potuit
2629 3102 2767 3142 Viam
2813 3089 3127 3142 consulendi
3187 3090 3514 3153 hostiitilius.

231 3197 338 3248 ραν
379 3178 784 3242 καταλαϐόντες
832 3180 891 3248 ἐξ
934 3183 1130 3248 ἐφόδου
1167 3183 1374 3254 ταύτην
1407 3186 1697 3254 κατέσχοψ
1736 3186 1831 3239 καὶ

229 3270 379 3324 οὕτω
407 3271 499 3324 τὸν
547 3271 718 3341 ’Ἀλην
763 3272 1072 3338 διαϐάντες,
1121 3275 1397 3344 πολίχνιόν
1427 3293 1478 3329 τι
1507 3277 1828 3332 κατέλαϐον.

245 3363 404 3415 Ἐπεὶ
441 3363 499 3416 δὲ
546 3363 707 3416 τοῦτο
777 3365 1044 3434 Ῥωμαῖοι
1106 3370 1361 3437 κατεῖχον
1429 3367 1827 3440 θαρρήσαντες,

232 3456 334 3508 καὶ
363 3458 465 3517 τὰς
489 3457 644 3526 ἱερὰς
675 3455 1068 3519 ὲπενδυθέντες
1087 3460 1136 3510 οἱ
1169 3459 1336 3529 ἱερεῖς
1379 3459 1599 3523 στολὰς,
1647 3461 1828 3528 Εὑαγ·

231 3547 418 3614 γέλιόν
449 3563 501 3599 τι
534 3548 626 3599 καὶ
657 3549 931 3616 σταυροὺς
965 3548 1344 3618 κομιζόμενοι,
1371 3550 1828 3620 ώς·Χριστιανοῖς

229 3641 448 3716 ⁸εούτοις
479 3643 814 3715 προσῄεσαν.
845 3643 906 3696 Οἱ
945 3643 1003 3696 δὲ
1033 3643 1422 3713 ἀπανθρώπως
1478 3645 1574 3696 καὶ
1597 3644 1826 3713 ἀπηνῶς

231 3736 294 3788 οὑ
319 3737 449 3798 τοὺς
485 3735 651 3805 ἱερεῖς
710 3737 893 3807 μόνον,
951 3737 1088 3792 ἀλλὰ
1147 3737 1241 3789 καὶ
1298 3739 1426 3800 τοὺς
1470 3737 1693 3800 λοιποὺς
1717 3737 1828 3789 τῶν

232 3829 588 3900 Χριστιανῶν
616 3829 927 3901 ἀναιροῦσι,
962 3830 1058 3881 καὶ
1085 3829 1461 3899 ἀφροντίστως
1493 3829 1587 3880 τοῦ
1637 3829 1828 3882 λοιποῦ

231 3924 312 3986 ὡς
364 3923 506 3994 πρὸς
558 3923 861 3992 Ἀμάσειαν
915 3924 1323 3984 ἀπονεύσαντες
1380 3922 1478 3992 τὴν
1511 3922 1824 3993 ὁδοιπορίαν

233 4015 542 4068 ἐποιοῦντο.
605 4016 669 4067 Oi
727 4015 782 4068 δὲ
837 4014 1076 4085 Τοῦρκοι
1124 4015 1594 4085 ἐμπειροπόλεμοι
1645 4015 1821 4082 ὅντες,

231 4104 752 4173 προκαταλαϐόντες
776 4106 875 4168 τὰς
907 4106 1102 4174 κώμας
1126 4105 1314 4163 πάσας
1351 4105 1446 4158 καὶ
1486 4106 1554 4158 τὰ
1582 4103 1822 4175 χορτάσ-

235 4215 387 4269 ματα
420 4200 602 4252 πάντα
627 4199 962 4269 ὶνέπρησαν,
992 4197 1296 4266 ὲφθακότες
1317 4198 1374 4251 δὲ
1404 4197 1629 4262 τούτους
1652 4197 1823 4262 ὀξέως

235 4290 865 4362 πμσέόαλονώευτέρα
886 4291 943 4344 δὲ
969 4285 1038 4362 ἦν
1064 4289 1174 4361 (59)
1206 4291 1328 4345 καθ’
1349 4291 1417 4360 ἢν
1449 4291 1828 4362 ὑπερίσχυσαν

1931 3182 2098 3252 priori
2128 3180 2383 3235 exclusus
2419 3179 2554 3234 vitio
2583 3178 2850 3248 ipsorum,
2882 3182 3076 3251 cupide
3099 3182 3331 3252 arripuit
3355 3183 3515 3235 simul

1929 3285 1984 3329 et
2020 3274 2264 3343 provide.
2308 3271 2574 3326 Miserans
2608 3273 2875 3340 siquidem
2907 3285 2955 3326 et
2989 3286 3252 3343 quantum
3296 3275 3347 3329 in
3396 3277 3514 3343 ipso

1927 3377 2050 3423 erat
2099 3366 2389 3437 prohibere
2427 3378 2684 3433 satagens
2729 3368 3004 3420 interitum
3045 3378 3209 3422 tanta:
3263 3371 3512 3424 multitu-

1931 3461 2071 3513 dinis
2109 3461 2294 3530 (erant
2327 3458 2723 3528 quinquaginta
2754 3459 2920 3511 millia
2953 3459 3198 3528 equitum
3222 3477 3238 3524 ;
3265 3462 3506 3527 peditum

1935 3559 2151 3604 centum
2181 3551 2396 3620 millia),
2443 3549 2728 3617 Sangelem
2765 3559 2818 3602 et
2854 3548 3064 3602 'l'zitani
3102 3566 3222 3603 cum
3255 3551 3385 3618 ipsis
3415 3553 3512 3605 nti-

1933 3643 2026 3708 sit,
2065 3643 2283 3711 negotio
2315 3642 2534 3710 utrique
2565 3645 2691 3692 dato
2724 3638 2988 3692 suadendi
3022 3638 3245 3693 meliora
3278 3641 3329 3692 itt
3357 3655 3509 3696 occa-

1933 3737 2202 3802 sionibus,
2227 3744 2280 3790 et
2306 3736 2719 3804 intempestivos
2743 3733 2922 3802 gentis
2942 3733 3253 3800 praeferocis
3281 3735 3511 3802 impetus

1935 3843 2043 3898 qua
2077 3829 2125 3881 vi
2179 3841 2394 3896 quaque
2427 3835 2546 3879 arte
2579 3825 2821 3878 valerent
2853 3832 3086 3878 eatenus
3126 3825 3412 3878 coercendi
3448 3841 3511 3879 ne

1934 3919 1991 3974 in
2025 3919 2302 3972 exercitus
2343 3917 2508 3970 totius
2539 3915 2764 3969 exitium
2796 3925 3037 3968 ruerent.
3064 3913 3315 3982 Trajecto
3349 3915 3510 3985 igitur

1933 4011 2109 4068 Ciboti
2144 4011 2284 4065 freto
2315 4024 2502 4063 versus
2531 4009 2916 4063 Armeniacum
2963 4009 3204 4076 proveCti
3259 4009 3510 4073 limitem,

1934 4105 2206 4175 Ancyram
2242 4103 2484 4173 capiunt.
2517 4101 2634 4156 llali
2672 4101 2866 4157 deinde
2903 4116 3064 4155 amne
3113 4101 3362 4166 transito,
3397 4103 3510 4156 cui-

1934 4198 2058 4251 dam
2089 4212 2149 4250 se
2181 4194 2441 4266 oppidulo
2481 4195 2812 4248 admovent:
2855 4195 3001 4262 quod
3027 4208 3148 4247 cum
3186 4207 3215 4245 a
3259 4192 3509 4248 Romanis

1939 4289 2266 4343 incoleretur
2298 4288 2443 4342 cives
2478 4301 2505 4340 a
2554 4285 2883 4340 Christianis
2919 4285 3052 4339 nihil
3084 4285 3209 4338 mali
3237 4283 3391 4338 veriti
3420 4299 3508 4337 oc-

230 4383 448 4438 τούτων
483 4381 812 4452 οίΤοῦρκοι.
846 4383 958 4436 Καὶ
991 4398 1293 4453 τηνικαυτα
1322 4385 1488 4436 αὑτοῦ
1525 4400 1628 4436 που
1663 4399 1826 4435 κατα⁴

1941 4384 2165 4431 currunt
2211 4376 2506 4432 Normanis
2548 4375 2762 4431 obviam
2810 4375 2982 4430 sacris
3027 4377 3200 4430 induti
3251 4374 3508 4437 vestibus,

1286 4499 1483 4561 Varize
1513 4499 1822 4560 lectiones
1853 4512 1931 4556 ex
1961 4495 2104 4554 cod.
2140 4495 2413 4557 Coislin.

311 4607 358 4638 ”
412 4603 708 4674 φοσσὰτον.
786 4602 832 4634 ’⁸
882 4603 1197 4671 φοσσάτοις.

1314 4717 1452 4777 Car.
1490 4714 1817 4776 Dufresnti
1857 4713 1949 4771 Du
1981 4710 2199 4789 Cangii
2233 4717 2422 4772 notae.

234 4826 471 4895 patriam
505 4825 798 4895 parabant,
841 4837 1146 4882 secesserat
1188 4830 1287 4895 sun
1333 4840 1422 4875 an.
1455 4821 1593 4876 “UO
1611 4861 1635 4895 ,Α
1652 4820 1818 4895 paulo

237 4891 366 4949 ante
402 4891 732 4948 exstinctum
762 4894 1174 4951 GOlllurl‘elllllll.
1227 4893 1432 4946 Albert.
1469 4895 1569 4959 Aq.
1609 4891 1702 4944 lib.
1742 4906 1819 4952 vt.

237 4982 360 5034 cap.
398 4965 506 5032 53;
538 4968 631 5035 lib.
670 4980 789 5029 vttt,
845 4984 965 5035 eap.
1014 4968 1068 5029 5,
1121 4963 1174 5024 6,
1229 4963 1296 5027 7;
1355 4962 1606 5035 Fttlclter.
1649 4963 1742 5015 lib.
1780 4975 1819 5021 1ο

391 5037 490 5096 ‘20;
525 5034 774 5090 Ol‘tlt‘l'it'.
809 5033 966 5090 Vilal.
1007 5038 1098 5089 lib.
1135 5051 1187 5095 Χ,
1217 5033 1498 5104 pag._779.

309 5101 427 5176 (56)
477 5105 812 5177 Φλάντρας.
871 5108 1278 5177 Expeditionem
1338 5101 1821 5177 Langobardorum

232 5169 524 5244 intelligit,
555 5169 1025 5246 ιιυὼύειιιηιιιιὶιί
1060 5191 1163 5229 non
1195 5175 1348 5246 pauci
1385 5190 1413 5226 e
1441 5172 1825 5246 Gertnt‘tniaet

229 5247 414 5302 Gallia
434 5241 700 5307 comites,
733 5252 823 5314 qui
856 5241 915 5299 ea
946 5241 1265 5314 tempestate.
1295 5241 1821 5314 Constantitmpolint

229 5327 626 5387 pervenerunt.
663 5310 869 5371 De'ltac
906 5310 1114 5372 Albert.
1137 5319 1264 5387 diu.
1288 5315 1390 5387 lib.
1421 5330 1536 5373 νιιι,
1565 5328 1685 5387 cap.
1713 5311 1766 5387 5ἶ
1792 5310 1826 5364 6

231 5382 295 5441 ἐι
328 5405 445 5456 seq.
482 5387 612 5458 Tyr.
646 5388 743 5440 lib.
782 5403 834 5448 x,
871 5404 995 5458 cap.
1032 5388 1100 5440 12
1128 5398 1180 5441 et
1216 5386 1314 5449 l9;
1352 5386 1613 5437 Mittimus
1646 5382 1819 5434 Paris.

230 5467 296 5510 et
327 5459 439 5510 alii.
467 5457 539 5510 At
559 5457 739 5510 nullos
769 5458 838 5510 ibi
858 5473 888 5512 e
915 5457 1240 5512 Normannia
1272 5458 1500 5508 comites
1523 5459 1826 5521 agnoscunt

229 5527 562 5596 scriptores,
603 5545 778 5594 neque
825 5529 1100 5583 exercitus
1157 5533 1411 5579 ductores
1457 5525 1823 5596 Fl:tit_ilrettses

233 5592 403 5660 duos,
433 5612 570 5665 quos
608 5592 703 5650 hic
735 5599 886 5650 Anna
920 5599 1388 5660 comminiscitur;
1443 5592 1828 5665 nisilottassis

230 5671 296 5720 in
334 5669 436 5721 ista
452 5663 673 5721 iuerint
709 5671 1050 5736 expeditione
1086 5668 1367 5736 Philippus
1413 5675 1470 5720 el.
1497 5663 1822 5736 Willeltntts,

227 5737 468 5794 Robcrti
503 5737 720 5794 comitis
756 5732 1021 5792 Flandria:
1051 5732 1279 5802 fratres,
1301 5741 1366 5792 de
1407 5736 1608 5806 quibus
1637 5732 1826 5788 Meier.

575 5838 844 5900 Ρλτιιοι.
894 5836 1012 5896 GR.
1047 5833 1331 5897 CXXXI.

1923 4837 2011 4874 att.
2046 4815 2184 4868 1104
2215 4823 2268 4867 et
2299 4814 2458 4867 “09.

1994 4887 2106 4959 (57)
2171 4881 2470 4959 Χοροσᾶν.
2508 4884 2898 4959 Alhertusqu.
2950 4885 3046 4938 llh.
3091 4897 3230 4959 \'Ill_,
3271 4896 3392 4949 cap.
3428 4883 3459 4935 7
3497 4901 3507 4936 :

1930 4954 2167 5012 Dicente:
2203 4973 2258 5009 se
2303 4957 2466 5009 etiam
2503 4971 2715 5022 regnum
2761 4955 3037 5008 Cliorozan
3090 4955 3137 5006 vi
3183 4954 3402 5014 intrare,
3451 4971 3507 5006 ac

1924 5026 2290 5083 Boemundum
2308 5027 2373 5078 de
2396 5026 2700 5092 cupiit-itote
2721 5024 3012 5077 Turrorum
3054 5033 3149 5077 aut
3185 5035 3508 5092 extorquere.

1927 5111 1974 5154 et
2009 5099 2360 5156 liberare,out
2395 5095 2448 5146 in
2478 5098 2668 5148 virtute
2691 5111 2788 5148 sua
2815 5095 3076 5147 civitatem
3115 5093 3372 5147 Baldaclt.
3399 5111 3506 5164 qua

1925 5180 2000 5224 est
2033 5177 2191 5232 caput
2219 5166 2363 5232 regni
2395 5164 2696 5225 Chorozan,
2725 5165 2963 5218 obsidere
2995 5175 3042 5217 et
3077 5165 3366 5218 destruere.

1998 5238 2112 5307 (58)
2147 5237 2490 5304 Σαγγέλην.
2523 5236 2900 5307 CunSulenilus
2941 5248 3138 5307 prteter
3172 5235 3507 5307 Albert_.Av|-

1925 5304 2020 5362 lib.
2061 5321 2178 5368 VIII,
2207 5322 2325 5375 cap.
2361 5307 2416 5368 7,
2459 5307 2706 5360 Ot'ileric.
2752 5306 2913 5360 Vital.
2951 5305 3046 5358 lib.
3087 5321 3143 5365 Χ,
3180 5320 3306 5374 pag.
3336 5304 3436 5359 789
3462 5317 3505 5355 et

1925 5395 2072 5445 seq.,
2103 5377 2190 5427 ubi
2232 5385 2398 5429 totam
2441 5380 2580 5428 hanc
2613 5375 3095 5445 Lotigobardot'uttt
3122 5386 3176 5428 et
3215 5375 3504 5445 Aquitano-

1925 5442 2042 5502 rum
2079 5447 2504 5515 expeditionem,
2538 5449 2820 5514 variasipte
2854 5461 2881 5498 a
2914 5444 3110 5500 Turcis
3165 5444 3362 5499 nostris
3389 5442 3503 5495 illa-

1927 5531 2009 5572 tas
2036 5517 2218 5570 clades
2247 5529 2502 5569 accurate
2530 5527 2951 5570 Commemorat.

1942 5589 1946 5593 ’
1999 5590 2110 5657 (59)
2142 5587 2398 5654 Δευτέρα
2442 5584 2510 5638 δὲ
2545 5582 2642 5655 ἦν.
2695 5588 2908 5640 Accidit
2962 5587 3148 5657 clades
3207 5585 3308 5657 ista
3368 5580 3503 5635 circa

1931 5653 2150 5712 Junium
2217 5653 2454 5710 mensem
2515 5653 2602 5710 an.
2644 5657 2770 5710 llUl
2826 5658 3038 5711 Alnert.
3089 5656 3192 5724 Aq.
3249 5653 3342 5705 lib.
3394 5667 3502 5718 vm,

1932 5745 2055 5798 cap.
2095 5729 2158 5783 15
2189 5738 2243 5783 et
2269 5743 2382 5798 seq.

3112 5821 3182 5881 27
