3974 6208
558 276 669 340 843

1859 274 2088 334 ΛΝΝᾹΞ

2219 276 2275 336 Μ
2286 273 2513 337 ΝΕΝΑΞ
3623 283 3705 347 84(

556 390 904 460 Evangelium
946 401 1000 445 et
1044 404 1234 446 cruces
1281 390 1533 445 manibus
1590 388 1961 458 praeferentes.
2015 387 2119 442 Eos

2222 387 2608 459 σκηνὼσαντες
2673 386 2896 457 χάρακά
2943 403 3005 440 τε
3060 386 3368 457 πηξάμενοι,
3413 394 3500 452 τὰς
3550 397 3707 459 σκευὰς

555 484 906 539 nihilominus
936 481 1230 551 importuni
1263 479 1489 535 Barbari
1518 480 1638 550 plus
1664 495 1823 548 quam
1851 479 2123 537 hostiliter

552 574 834 642 excipiunt
865 582 919 627 et
946 587 1052 626 non
1088 572 1262 625 solum
1293 586 1482 626 sacros
1533 571 1815 626 ministros
1865 570 2120 634 fanatice,

498 680 503 687 '
550 668 645 719 sed
682 675 935 718 caeteram
993 678 1211 731 quoque
1259 661 1625 717 Christianam
1676 661 1887 715 turbam
1948 660 2121 715 ferina

550 754 866 809 crudelitate
932 753 1338 816 contrucidant,
1369 753 1575 822 talique
1601 753 1791 806 imbuti
1823 752 2031 807 scelere
2058 766 2124 807 ac

548 860 744 902 cruore
774 844 1024 914 sacrilegi
1058 853 1211 913 cepta
1242 844 1326 897 via
1352 845 1529 898 securi
1561 843 1934 913 procedebant
1961 842 2125 899 Amas-

547 953 691 991 seam
749 953 979 1001 versus,
1034 940 1252 1005 quando
1322 930 1785 1007 experientissimi
1859 936 2121 991 bellorum

547 1027 707 1083 Turci
756 1039 974 1083 arctare
1021 1028 1256 1098 primum
1289 1043 1485 1095 cepere
1540 1027 1766 1082 advenis
1808 1042 2118 1092 annonam;

546 1119 759 1188 oppidis
794 1121 991 1190 quippe
1023 1136 1089 1175 ac
1119 1120 1255 1175 locis
1277 1136 1374 1189 per
1397 1135 1515 1189 quae
1540 1120 1868 1175 transituros
1904 1129 2119 1184 norant,

545 1225 759 1265 mature
791 1213 1205 1283 praeoccupatis,
1254 1216 1415 1267 etiam
1467 1211 1685 1277 herbas,
1721 1228 2035 1280 camporum
2068 1222 2125 1269 et

544 1306 903 1361 animantium
938 1306 1135 1377 pabula
1173 1307 1282 1375 igni
1322 1315 1700 1374 corruperant.
1740 1303 1849 1360 Nec
1879 1304 1966 1360 bis
1991 1321 2121 1359 con-

546 1397 679 1452 tenti
722 1398 993 1451 accedunt
1040 1398 1288 1451 cominus
1320 1393 1681 1467 Latinumque
1727 1398 1897 1452 aciem
1947 1398 2125 1453 laces-

541 1498 692 1543 sunt.
724 1487 883 1543 Feria
919 1498 1039 1543 erat
1069 1490 1332 1543 secunda.
1362 1487 1547 1558 Pugna
1590 1489 1947 1543 committitur
1974 1505 2120 1560 pra-

541 1580 851 1634 valentibus
881 1580 1097 1637 Turcis.
1131 1579 1233 1645 Qui
1281 1578 1491 1635 Latinis
1536 1579 1656 1635 loco
1683 1576 1883 1650 ’pulsis
1936 1582 2117 1650 campi

544 1671 783 1738 Domini,
817 1673 1021 1726 vallum
1064 1672 1261 1726 ibidem
1305 1672 1477 1742 ligunt
1524 1675 1908 1743 deponuntque
1945 1673 2117 1728 sarci-

2225 480 2582 535 ὲναπέθεντο.
2641 480 2720 550 Τῇ
2749 479 2808 532 δὲ
2841 480 2959 549 μετ’
2991 480 3160 550 αὐτὴν
3194 476 3339 543 αὖθις
3367 481 3409 511 ³⁸
3438 484 3580 551 ἄμφω
3600 486 3707 554 ιμά.

2225 590 2382 644 χοντο
2406 572 2477 625 τά
2511 572 2923 643 στρατεύματα.
2958 573 3024 627 Ui
3076 572 3133 626 δὲ
3170 573 3388 649 Τοῦρκοι
3433 573 3709 644 κυκλοτέρως

2225 664 2784 734 κατασκηνώσαντες,
2833 665 2895 718 ού
2925 665 3293 735 χορταγωγίας
3333 664 3500 733 χώραν
3548 668 3710 732 τούτοις

2224 752 2447 814 ἐδίδουν.
2491 752 2617 807 οὔτε
2654 753 2762 825 μὴν
2796 754 2867 808 τὰ
2913 752 3183 821 ὑποζύγια
3211 753 3302 807 κάι
3330 755 3444 815 τοὺς
3469 756 3637 818 ἵππους
3669 760 3709 821 ἐς

2225 846 2389 898 ποτὸν
2421 844 2638 913 ἐξάγειν
2675 844 3039 916 συνεχώρουν.
3066 845 3178 915 Τὴν
3208 844 3405 899 ἑαυτῶν
3420 844 3503 898 οὖν
3525 849 3710 902 πανωλι.

2228 936 2390 1007 θρίαν
2430 936 2520 990 ἐπ’
2550 937 2853 1007 ὀφθαλμοῖς
2884 938 2931 971 ’⁸
2970 936 3072 1008 ἤδη
3111 936 3335 1006 ὁρῶντες
3362 938 3410 990 οἱ
3433 938 3619 1002 Κελτοὶ,
3642 936 3712 1009 τῆς

2226 1030 2440 1085 ἑαυτῶν
2473 1029 2620 1100 ζωῆς
2651 1031 3069 1101 ἀφειδήσαντες,
3108 1032 3174 1099 τῇ
3202 1030 3314 1099 μετ’
3343 1030 3518 1100 αὐτὴν,
3564 1035 3712 1101 τετρὰς

2222 1122 2280 1176 δὲ
2309 1118 2401 1193 ἦν,
2441 1123 2729 1193 καρτερῶς
2756 1122 3138 1193 ὁπλισάμενοι,
3167 1122 3254 1176 τὸν
3288 1121 3532 1191 μετὰτῶν
3550 1123 3714 1193 Bap“-

2227 1230 2337 1282 ρων
2365 1215 2685 1281 ἀνεδέξαντο
2713 1214 2972 1284 πόλεμον.
3006 1216 3069 1268 Ol
3124 1215 3181 1268 δὲ
3211 1214 3433 1286 Τοῦρκοι
3468 1217 3538 1277 είς
3575 1218 3717 1285 χεῖρας

2223 1305 2449 1368 τούτους
2478 1306 2699 1376 ἔχοντες
2736 1307 2837 1360 ούκ
2860 1306 2942 1359 ἔτι
2978 1305 3119 1376 μετὰ
3159 1305 3266 1359 τῶν
3288 1305 3508 1378 δοράτων
3531 1307 3629 1358 οὐδὲ
3656 1305 3717 1358 διὰ

2221 1397 2395 1461 τόξων
2431 1398 2568 1466 πρὸς
2596 1398 2799 1462 αὐτοὺς
2839 1398 3215 1468 ἀπεμάχοντο,
3241 1397 3369 1452 ἀλλὰ
3398 1398 3460 1451 τά
3490 1398 3600 1466 ξίφη
3617 1413 3716 1450 σπα-

2226 1489 2478 1556 σάμενοι,
2501 1490 2597 1543 καὶ
2630 1487 2741 1541 τῶν
2772 1487 3011 1543 κουλεῶν
3032 1488 3431 1555 ἐξελκύσαντες,
3466 1488 3721 1556 ἀγχέμαχοι

2220 1580 2320 1648 τὴν
2349 1581 2531 1651 μάχην
2575 1580 2882 1647 ἐποιοῦντο,
2926 1584 3020 1635 καὶ
3068 1580 3323 1654 παρευθὶι
3371 1581 3603 1649 τρέπουσι
3630 1580 3722 1642 τοὺς

2222 1672 2575 1742 Νορμάνους.
2625 1675 2689 1726 Οἱ
2720 1675 2778 1728 δὲ
2818 1675 3224 1737 καταλαϐόντες
3257 1674 3345 1728 τὸν
3393 1673 3512 1725 ἴδιον
3537 1671 3724 1740 χάρακα,

543 1781 663 1820 nas.
710 1766 983 1820 Postridie
1009 1765 1208 1821 iterum
1253 1766 1413 1819 ambo
1445 1766 1723 1821 exercitus
1759 1774 2117 1821 concurrunt.

2230 1763 2536 1832 σύμϐουλον
2573 1762 2891 1835 ἀνεζήτουν.
2944 1764 3003 1817 Ὀ
3046 1765 3092 1819 δ’
3124 1765 3342 1836 ἄριστος
3392 1763 3725 1833 αὐτοκράτωρὲ

541 1860 812 1914 (Steterunt
865 1860 937 1913 ita
995 1858 1133 1913 locis
1181 1857 1577 1927 przcoccupatis
1625 1858 1831 1912 circum
1884 1858 2120 1927 undique

542 1950 1026 2018 tabernaculisque
1100 1950 1212 2004 lato
1269 1950 1504 2005 circuitu
1572 1950 1829 2020 expansis
1896 1949 2121 2005 Latinos

539 2043 1142 2108 'l'urcicouclnserant,
1198 2053 1257 2096 ut
1312 2057 1413 2098 nec
1463 2057 1695 2098 annonae
1750 2053 1845 2098 aut
1895 2044 2123 2112 pabula-

540 2136 705 2191 tionis
737 2152 899 2190 causa
925 2136 1145 2203 prodire
1169 2150 1464 2203 quoquam,
1492 2149 1591 2189 nec
1617 2134 1861 2203 iumenta
1884 2150 2123 2205 equosve

542 2240 734 2299 potum
774 2229 978 2283 ducere
1013 2227 1221 2280 liceret.
1255 2224 1497 2292 Quorum
1530 2240 1695 2280 sensu
1748 2226 2120 2281 incommodo-

540 2334 658 2375 rum
708 2334 773 2373 ac
825 2318 1081 2388 przesenti
1131 2329 1427 2385 conspectu
1482 2319 1723 2388 supremi
1777 2318 1931 2373 exitii
1984 2318 2121 2373 Galli

539 2412 688 2466 velut
718 2411 1151 2480 desperabuudi,
1179 2419 1235 2464 at
1265 2426 1371 2465 non
1406 2410 1635 2465 inultam
1668 2411 1882 2478 passuri
1929 2426 2120 2466 necem

540 2518 665 2557 rum
708 2505 880 2557 armis
929 2503 982 2555 in
1042 2504 1227 2555 hostes
1286 2509 1472 2554 ruunt.
1525 2500 1730 2567 Quarta
1784 2508 1905 2555 erat
1959 2500 2117 2555 feria.

539 2593 835 2647 tionllictus
864 2597 1125 2653 miscetur
1175 2602 1356 2645 atrox.
1393 2588 1582 2659 Neque
1605 2590 1720 2659 jam
1755 2592 1991 2645 arcubus
2027 2598 2123 2645 aut

538 2686 712 2753 longis
740 2685 930 2751 hastis,
956 2686 1050 2738 sed
1095 2684 1314 2737 admotu
1346 2683 1412 2743 ad
1449 2698 1642 2738 manus
1676 2681 1863 2751 praelia
1911 2683 2118 2738 strictis

538 2780 787 2834 cominus
828 2778 1053 2833 ensibus
1080 2774 1243 2830 Turci
1274 2772 1577 2829 Normanos
1620 2774 1729 2830 cito
1763 2784 2000 2829 vertunt.
2050 2773 2118 2829 lli

538 2871 754 2941 propria
783 2870 839 2931 in
874 2878 1057 2925 castra
1089 2867 1358 2936 compulsi
1383 2866 1599 2923 consilii
1638 2865 1797 2936 cujus
1817 2876 1973 2923 erant
1998 2866 2113 2937 jam

538 2966 725 3032 inopes
766 2970 1042 3018 auctorem
1098 2958 1356 3014 videlicet
1407 2957 1746 3027 quaerebant.
1792 2956 1955 3028 332
2000 2958 2115 3015 Nec

2214 1857 2282 1908 τά
2322 1856 2499 1926 λῲονοι
2550 1858 2764 1921 τούτοις
2794 1857 3189 1927 ὑποτιθέμενος
3218 1856 3311 1910 καὶ
3333 1855 3404 1926 μὴ
3421 1854 3727 1917 εἰσακουσθεὶς

2215 1952 2275 2004 οὐ
2334 1954 2540 2021 παρῆν.
2598 1952 2803 2006 Λοιπὸν
2860 1952 2956 2005 επὶ
2996 1954 3100 2021 τὴν
3131 1951 3230 2004 τοῦ
3284 1950 3512 2017 Σαγγὲλη
3559 1945 3727 2001 καὶτοῦ

2219 2044 2396 2109 Τζίτα
2421 2043 2650 2115 γνώμην
2692 2044 3161 2113 καταφεύγουσιν.
3197 2042 3221 2061 “’
3237 2043 3355 2113 Αμα
3374 2041 3427 2095 δὲ
3453 2041 3538 2094 καὶ
3558 2042 3599 2093 εί
3615 2041 3728 2110 χώρα

2216 2154 2303 2200 τις
2329 2134 2440 2190 τῶν
2483 2137 2589 2191 ὑπὸ
2615 2136 2707 2191 τὸν
2753 2136 3145 2206 αὐτοκράτορα
3191 2133 3408 2204 πλησίον
3464 2133 3728 2202 παράκειται

2220 2229 2591 2284 ἐπυνθάνοντο
2638 2227 3041 2296 ἀναζητοῦντες
3101 2227 3298 2297 αὑτήν.
3348 2226 3451 2280 Καὶ
3491 2224 3549 2295 δὴ
3569 2225 3652 2287 τάς
3687 2240 3729 2275 τε

2221 2322 2424 2385 σκευὰς
2482 2323 2577 2375 καὶ
2637 2321 2736 2383 τάς
2792 2321 3000 2386 σκηνὰς
3034 2321 3133 2373 καὶ
3166 2320 3229 2372 τὸ
3262 2319 3418 2382 πεζὸν
3445 2319 3573 2373 ἅπαν
3604 2314 3731 2369 αὐτοῦ

2219 2431 2321 2466 που
2375 2412 2797 2476 καταλιπόντες,
2837 2414 2953 2474 τοῖς
3021 2412 3183 2475 ἰδίοις
3212 2413 3395 2475 ἵπποις
3438 2409 3731 2480 ὲποχηθίντις

2218 2503 2293 2566 ὡς
2324 2498 2471 2573 εἶχον
2511 2503 2713 2572 τάχους
2756 2503 2892 2573 πρὸς
2924 2503 2994 2555 τὰ
3025 2504 3184 2573 παρὰ
3223 2504 3486 2558 θάλασσαν
3517 2500 3599 2553 τοῦ
3643 2500 3726 2569 ’Δρ

2228 2596 2492 2666 μενιακοῦ
2527 2597 2624 2649 καὶ
2652 2596 2699 2627 ’⁵
2730 2595 2829 2663 τῆς
2852 2595 3162 2665 [Ιαυράκης
3188 2595 3358 2649 ἔθεον.
3410 2590 3730 2647 Ἐπεισπτσόν-

2220 2703 2313 2749 τες
2340 2686 2386 2738 δ’
2415 2684 2696 2756 άθρόονόί
2742 2684 2975 2753 Τοῦρκοι
3008 2684 3217 2738 τούτων
3267 2685 3344 2755 τῷ
3390 2686 3573 2754 χάρακι
3598 2683 3731 2734 πάντα

2218 2775 2524 2846 ἀφείλοντο.
2566 2772 2699 2829 Εἶτα
2722 2777 2951 2829 κατόπιν
2984 2776 3198 2830 τούτων
3240 2776 3512 2843 διώξαντες
3532 2774 3584 2828 τὸ
3610 2772 3732 2837 nam

2220 2869 2367 2923 ἆπαν
2385 2869 2687 2938 ἐφθακότες
2726 2870 2961 2934 ἀνεῖλον,
3000 2871 3166 2934 τινάς
3192 2872 3250 2924 δὲ
3288 2873 3380 2924 καὶ
3405 2867 3732 2938 κατασχόντες,

2221 2960 2357 3031 πρὸς
2385 2960 2478 3013 τὸν
2506 2962 2756 3031 Χοροσᾶν
2776 2962 2974 3032 δεῖγμα
3003 2964 3318 3033 ἀπήγαγον.

538 3057 723 3108 aderat
760 3051 1087 3120 imperator,
1151 3049 1244 3103 ille
1295 3048 1425 3104 olim
1514 3058 1731 3118 spretus
1775 3050 2144 3116 consiliarius,
2186 3066 2310 3107 cum
2369 3067 2501 3113 sana
2530 3064 2586 3110 et
2612 3069 2757 3109 nunc
2778 3068 2903 3108 sero
2934 3058 3294 3123 comprobata
3319 3056 3564 3109 suaderet.
3618 3050 3733 3118 Quod

539 3144 775 3209 restabat
798 3147 1000 3197 adeunt
1025 3143 1125 3197 sibi
1160 3143 1317 3199 datos
1341 3146 1408 3198 ab
1442 3145 1560 3214 ipso
1586 3146 1688 3202 vias
1713 3146 1942 3202 comites
1968 3149 2259 3218 Sangelem
2290 3157 2345 3204 et
2368 3148 2581 3205 Tzitam
2645 3150 2777 3219 quid
2806 3164 2942 3218 opus
3004 3159 3298 3205 censerent
3365 3150 3500 3204 facto
3560 3160 3734 3218 percono

538 3251 748 3305 tantes;
781 3255 844 3293 ac
872 3239 1121 3307 nunquid
1153 3251 1294 3292 esset
1327 3238 1440 3294 illic
1477 3239 1529 3293 iu
1566 3240 1817 3308 proximo
1845 3240 2114 3310 quapiam
2153 3242 2519 3310 imperatoriae
2548 3241 2776 3297 ditionis
2818 3244 2964 3311 regio
3013 3240 3071 3295 in
3141 3258 3305 3312 quam
3338 3242 3525 3299 habere
3600 3250 3734 3292 tutum

540 3346 813 3405 receptum
873 3330 1132 3402 possent?
1221 3328 1344 3385 Mox
1393 3331 1627 3388 sarcinis
1676 3339 1729 3387 et
1794 3332 2163 3389 tabernaculis
2234 3332 2442 3390 relictis
2489 3334 2865 3402 peditatuque'
2907 3332 3095 3399 omni,
3157 3334 3340 3390 caeteri
3398 3333 3539 3401 equis
3585 3329 3734 3386 invecti

538 3446 695 3500 quam
730 3425 1110 3483 incitatissima
1156 3433 1385 3479 currunt
1422 3424 1489 3479 ad
1527 3432 1736 3494 partem
1776 3424 2109 3481 maritimam
2148 3426 2461 3481 Armeniaci
2495 3425 2683 3480 limitis
2727 3433 2785 3478 et
2826 3424 3131 3480 Pauracen.
3215 3427 3284 3481 At
3363 3427 3515 3482 'l‘urci
3556 3426 3735 3495 primum

538 3528 806 3580 irruentes
837 3521 889 3576 in
916 3527 1119 3582 castra,
1182 3527 1380 3572 cuncta
1423 3516 1709 3587 diripiunt.
1776 3516 1900 3573 Mox
1969 3519 2037 3574 ad
2111 3519 2508 3589 insequendum
2537 3517 2808 3587 fugientes
2852 3519 3021 3584 versi,
3054 3519 3352 3587 peditatum
3400 3522 3607 3591 primum
3644 3532 3734 3572 oat-

498 3646 507 3663 .
538 3630 659 3669 nem
693 3611 1065 3669 internecione
1103 3610 1331 3665 delent:
1379 3610 1641 3677 quosdam
1685 3609 1849 3664 etiam
1880 3622 1949 3664 es
1992 3610 2117 3665 aliis
2155 3611 2402 3666 assecuti
2435 3611 2503 3666 ad
2560 3609 2894 3665 Corosanem
2941 3610 3277 3680 speciminis,
3320 3628 3476 3671 causa
3504 3614 3735 3668 duxerunt.

607 3706 758 3761 Talia
810 3704 1109 3759 'l‘urcorum
1169 3702 1219 3754 in
1264 3698 1571 3756 Normanos
1630 3700 1875 3758 facinora
1935 3700 2107 3757 fuere.

2298 3700 2460 3755 ’Δλλά
2523 3700 2699 3754 ταῦτα
2757 3700 2860 3771 μὲν
2888 3700 2957 3754 τά
3011 3702 3127 3755 τῶν
3195 3702 3450 3771 Τούρκων
3496 3701 3621 3755 κατά
3654 3698 3735 3752 τῶν

537 3800 706 3855 Porro
748 3797 1011 3867 Sangeles
1054 3806 1111 3851 et
1155 3793 1340 3849 Tzitas
1392 3809 1516 3849 cum
1566 3794 1803 3850 residuis
1847 3795 2119 3863 equitibus

2219 3793 2525 3865 Νορμάνων
2564 3794 3058 3865 ἀνδραγαθήματα.
3102 3798 3164 3850 Ὀ
3197 3797 3255 3850 δέ
3284 3814 3348 3865 γε
3387 3795 3640 3864 Σαγγέλης
3666 3791 3735 3844 καὶ

538 3892 725 3962 paucis
770 3885 1300 3957 Constantinopolim
1336 3885 1545 3941 reversi
1571 3894 1720 3940 sunt.
1757 3884 1984 3955 Excepit
2021 3899 2119 3941 eos

2219 3889 2246 3941 ὁ
2285 3887 2487 3952 Τζίτας
2521 3886 2663 3958 μετὰ
2690 3886 2802 3940 τῶν
2831 3888 3311 3957 καταλειφθέντων
3341 3890 3529 3956 ὀλίγων
3572 3882 3734 3939 ίππέων

538 3984 835 4051 imperator
891 3978 1332 4048 benignissime,
1400 3978 1754 4047 pecuniisque
1819 3976 2118 4034 liberaliter

539 4077 791 4135 donatos,
827 4086 893 4125 ac
942 4072 1131 4140 quiete
1179 4070 1374 4127 idonea
1433 4068 1667 4125 refectos
1716 4078 1907 4139 optare
1954 4068 2118 4138 jussit

539 4178 700 4233 quem
735 4162 961 4219 mallent
992 4161 1044 4219 in
1075 4161 1255 4253 locu'm
1287 4161 1387 4215 ire.
1430 4159 1803 4231 Hierosolyma
1834 4176 1893 4216 se
1918 4175 2117 4230 cupere

539 4256 821 4313 dixerunt.
854 4251 962 4306 Eos
991 4252 1157 4320 igitur
1184 4251 1398 4306 lterum
1430 4251 1688 4311 munifice
1736 4252 1965 4306 donatos
2013 4252 2119 4305 lm-

539 4343 690 4411 punit
715 4340 965 4404 navibus.
997 4343 1380 4410 ducendosque
1410 4356 1518 4409 quo
1549 4341 1801 4397 volebant
1828 4342 2119 4399 navarchis

539 4436 741 4500 tradit,
772 4435 955 4490 omnia
992 4434 1127 4503 ipsis
1166 4448 1232 4488 ex
1264 4448 1453 4487 eorum
1485 4434 1760 4488 sententia
1806 4433 2114 4505 indulgens.

538 4526 803 4598 Sangcles
843 4536 1025 4580 autem
1059 4535 1285 4580 exorato
1324 4524 1392 4579 ab
1421 4525 1543 4579 aula
1574 4525 1816 4580 discessu
1849 4525 2115 4581 Conslan-

2214 3980 2317 4052 τὴν
2355 3979 2753 4050 βασιλεύουσαν
2784 3979 2897 4050 (60)
2927 3980 3440 4051 καταλαμϐάνουσι.
3492 3978 3735 4047 Δεξάμενος

2213 4073 2271 4127 δὲ
2302 4072 2531 4136 τούτους
2555 4074 2584 4126 ὀ
2612 4073 2976 4144 αὐτοκράτωρ
3016 4072 3116 4126 καὶ
3176 4076 3433 4145 χρήματα
3472 4071 3582 4133 δοὺς
3615 4065 3734 4119 ἱκανά

2215 4160 2311 4214 καὶ
2361 4159 2764 4226 διαναπαύσας,
2828 4161 2997 4232 ἧρετο
3027 4161 3166 4215 ὅπου
3199 4162 3294 4217 τοῦ
3350 4161 3528 4216 λοιποῦ
3567 4156 3736 4226 clpam

2215 4251 2400 4315 αὐτοῖς
2425 4252 2671 4308 ἀπιέναι.
2705 4253 2769 4306 0i
2802 4250 2860 4307 δὲ
2903 4252 2975 4306 τά
3024 4252 3379 4325 Ἱεροσόλυμα
3405 4245 3733 4321 ἑπιζήτουνη.

2214 4342 2728 4414 Φιλοτιμησάμενος
2761 4339 2854 4398 οὖν
2897 4345 3103 4407 αὐτοὺς
3156 4346 3418 4416 δαψιλῶς,
3454 4341 3735 4399 διαποντίους

2216 4435 2527 4505 ἐκπέμπει,
2560 4439 2626 4506 τῇ
2663 4435 2844 4488 αὐτῶν
2877 4434 3072 4505 γνώμῃ
3117 4436 3179 4489 τὸ
3211 4439 3319 4491 πᾶν
3343 4437 3659 4505 ἀναθέμενος.
3691 4428 3734 4481 ’0

2222 4529 2279 4582 δέ
2311 4544 2373 4596 γε
2395 4528 2673 4598 Σαγγέλης
2710 4530 2775 4581 ἐκ
2813 4509 3233 4598 μεγαλοπόλεως
3267 4528 3497 4594 ἐξελθὼν
3527 4526 3613 4596 τὴν
3632 4520 3735 4593 πρὸς

536 4619 763 4690 tiuopoli
814 4619 1081 4689 Tripolim
1138 4629 1395 4689 repetens
1438 4632 1598 4673 suum
1649 4618 1761 4674 illic
1811 4620 2112 4675 exercitum

2221 4621 2284 4673 τὸ
2310 4620 2509 4673 οἰκεῖον
2567 4619 2884 4689 στράτευμα
2937 4619 3193 4691 ἀνεζήτει
3252 4614 3553 4684 ἀπέλευσιν,
3595 4612 3733 4679 mibi]

536 4711 749 4773 revisit,
783 4710 1161 4779 incumbitque
1195 4709 1369 4763 nihilo
1398 4708 1579 4764 secius
1610 4711 1663 4763 in
1694 4720 1933 4766 veterem
1963 4727 2113 4781 spem

2221 4711 2634 4783 καταλαμϐάνει
2696 4712 2854 4776 αὖθις
2894 4713 2994 4784 τὴν
3073 4714 3381 4785 Τρίπολιν,
3429 4706 3734 4784 χειρώσασθαι

538 4802 804 4870 cupidiori
835 4811 1033 4857 conatu
1062 4816 1226 4874 quam
1260 4816 1497 4870 unquam
1530 4802 1768 4858 civitatis
1788 4804 1930 4859 illius
1951 4820 2113 4871 quam

2220 4803 2425 4876 ταύτην
2477 4805 2822 4876 γλιχόμενος.
2872 4805 3029 4859 Μετὰ
3093 4804 3267 4860 ταῦτα
3334 4806 3390 4859 δὲ
3436 4804 3562 4872 νόσῳ
3611 4800 3734 4850 itavi-

538 4892 673 4946 mire
716 4893 1069 4963 concupierat
1100 4891 1435 4963 subigendae.
1469 4890 1671 4949 Verum
1702 4895 1993 4951 intervenit
2033 4897 2114 4952 le-

2222 4897 2369 4971 σίμφ
2401 4896 2513 4970 (61)
2544 4898 2859 4970 περιπεσὼν
2894 4902 2988 4954 καὶ
3023 4900 3201 4952 πνέων
3225 4898 3273 4930 ⁸⁸
3299 4899 3367 4952 τά
3390 4896 3579 4968 ἔσχατα
3606 4901 3732 4962 μετα·

1612 5052 1809 5115 νθνὶω
1842 5052 2157 5118 lectiones
2187 5075 2262 5119 ex
2297 5059 2439 5122 cod.
2473 5058 2743 5121 Coislm.

611 5195 654 5231 "
686 5181 845 5263 Deest
872 5212 969 5248 vox
1006 5191 1183 5260 αὖθις.
1260 5197 1305 5229 ’⁸
1336 5194 1658 5267 ὀφθαλμῶν.
1749 5198 1796 5229 ⁸⁸
1815 5198 1976 5255 Deest
2003 5215 2106 5255 vox

2219 5202 2248 5257 ἵ.
2327 5203 2372 5235 ⁵⁸
2403 5202 2734 5275 ἐπεζήτουν.
2811 5204 2859 5237 ’⁸
2884 5203 3119 5260 πενθῶν.

1609 5337 1745 5398 Car.
1777 5337 2102 5403 Dufresnii
2134 5343 2225 5404 Du
2260 5342 2480 5422 Cangii
2515 5352 2708 5405 natm.

609 5455 757 5550 (60‘)...
915 5456 1665 5550 ίαςιξξῇογρίανὲηριιῖςη.
1704 5461 1801 5532 Aq.
1856 5465 1950 5520 lib.
1985 5481 2104 5533 vm,

2219 5468 2525 5550 l_{al.‘lt_lart.
2555 5483 2645 5522 an.
2683 5468 2852 5550 “95‘;
2890 5469 3273 5550 Ἐγις..1ἰ1ι..ιι,
3309 5484 3425 5536 cap.
3467 5457 3729 5550 ﬁliani-liga

540 5521 661 5596 cap.
690 5521 776 5583 Π.
799 5527 904 5593 2'2;
935 5526 1180 5583 Orderic.
1218 5543 1338 5597 pag.
1374 5527 1495 5610 79.2,
1538 5532 1628 5586 lih.
1663 5548 1713 5585 τ.
1763 5521 1781 5532 ³
2090 5521 2103 5533 ’

542 5665 577 5668 -ν
610 5599 723 5668 (61)
752 5599 930 5666 Νόσῳ
953 5598 1286 5666 θανασίμῳ.
1318 5596 1541 5652 Moritur
1570 5599 1902 5658 Raimundus
1923 5620 2106 5660 comes

2219 5521 2318 5604 Μ.
2350 5521 2444 5593 nu.
2481 5521 2567 5603 ἐκ,
2592 5521 2858 5607 mos-2';
2900 5521 3088 5593 sinat.
3131 5521 3236 5591 ιίινῖ
3263 5521 3327 5604 ὶι,
3359 5521 3473 5607 c'ap.
3498 5521 3627 5609 29,2:
3654 5521 3732 5585 53;

2219 5608 2368 5663 Gesta
2407 5609 2604 5663 Franc.
2633 5626 2754 5668 can.
2786 5608 2888 5668 Si:
2921 5608 3062 5663 Hist.
3099 5608 3309 5665 Hieros.
3347 5626 3435 5665 an.
3465 5602 3617 5663 “05;
3653 5592 3731 5648 Ca-

610 5606 723 5668 (61)
752 5606 930 5666 Νόσῳ
953 5606 1286 5666 θανασίμῳ.
1318 5606 1541 5652 Moritur
1570 5606 1902 5658 liaimundns
1923 5620 2106 5660 comes
2214 5608 2368 5663 Gesta
2407 5609 2604 5663 Franc.
2633 5606 2754 5675 cap.
2786 5608 2888 5672 5t;
2921 5608 3062 5663 Hist.
3099 5608 3309 5665 (lieres.
3347 5606 3435 5665 an.
3465 5606 3617 5663 Ηυδὸ

541 5665 840 5726 Tolosanus
892 5676 943 5725 in
979 5679 1159 5725 castro
1210 5670 1408 5725 montis
1465 5668 1877 5742 l’eregriaoruin
1931 5676 2105 5745 pridie
2217 5681 2392 5748 tellus,
2429 5681 2522 5737 lib.
2554 5696 2590 5737 ιι
2622 5677 2760 5735 Ilist.
2795 5678 2974 5735 Tales.
3004 5694 3127 5745 cap.
3162 5681 3213 5737 l.
