3974 6208
516 216 621 282 847

1821 215 2051 276 ANN/E
2091 212 2475 275 COMNENE
3614 219 3697 280 8l8

519 328 844 401 excipiebat,
876 329 1087 400 culpam
1141 327 1195 384 in
1224 327 1525 399 Augustum
1573 325 1858 383 conferens
1905 342 2095 383 eorum

2208 327 2449 394 χόμεθα,
2477 321 2580 377 καὶ
2609 322 2790 393 ,λιμόν
2818 317 2950 376 οἷον
2976 322 3171 390 οὐδείς
3198 339 3311 379 που
3330 326 3372 357 ⁸³
3403 324 3508 380 τῶν
3529 328 3706 395 ἀνθρώ-

517 438 642 493 (ιυιε
679 423 794 491 ipse
822 435 1102 492 perperam
1143 430 1331 490 egerat
1360 437 1373 473 :
1403 418 1555 484 Quod
1581 436 1728 474 arces
1768 436 1871 473 non
1916 418 2098 473 reddi-

518 526 656 574 mus,
686 528 789 567 non
818 528 933 574 nos,
967 509 1160 580 innuit,
1183 511 1273 564 sed
1298 520 1355 564 tu
1384 511 1437 564 in
1480 528 1641 565 causa
1685 528 1760 565 es.
1810 508 2093 565 Pollicitus

518 605 656 657 enim
683 613 955 656 venturum
991 611 1038 654 te
1066 610 1182 671 post
1210 618 1303 655 nos
1334 619 1449 655 cum
1481 602 1670 656 validis
1711 602 1896 671 copiis,
1938 602 2095 671 ﬁdem

519 694 796 749 t'erbOrum
827 694 986 762 factis
1010 706 1265 763 praestare
1290 696 1544 759 noluisti;
1584 696 1962 765 neglexistique
2008 712 2099 749 nos

436 766 474 847 ,³
519 803 635 839 rum
671 787 921 856 periculis
943 788 1191 840 extremis
1220 796 1268 840 et
1296 791 1546 843 (erumnis
1592 791 1977 859 conﬂictantes.
2006 805 2101 858 per

514 880 827 933 trimestrem
862 880 1186 934 obsidionem
1221 881 1514 936 Antiochiw
1539 898 1558 936 :
1587 899 1689 953 quo
1722 892 1831 935 toto
1871 893 2100 950 tempore

515 984 709 1040 pra'ler
736 972 1103 1038 infestationes
1146 990 1413 1043 nunquam
1456 976 1699 1029 remissas
1736 975 2099 1044 pertinacissio

513 1078 719 1117 morum
755 1063 1007 1126 hostium,
1040 1066 1203 1118 etiam
1237 1068 1428 1136 [amem
1458 1067 1832 1131 sustinuimus,
1881 1083 2002 1137 qua:
2051 1075 2101 1120 et

513 1171 695 1208 senum
732 1158 1045 1210 memoriam
1078 1167 1127 1212 et
1161 1158 1419 1229 juvenum
1463 1177 1525 1214 ac
1567 1161 1802 1214 virorum
1852 1168 2104 1214 constan-

516 1249 643 1302 tiam
673 1250 916 1307 vinceret.
956 1249 1098 1305 Nam
1127 1270 1219 1306 nec
1243 1265 1544 1308 nostrorum
1575 1256 1851 1326 quisquam
1876 1254 2102 1308 similem

2205 427 2339 464 πων
2370 411 2665 477 τεθέαται,
2692 411 2772 477 ὡς
2794 411 2940 478 τοὺς
2972 411 3301 479 πλείστους
3329 413 3488 482 ἡμῶν
3517 419 3597 470 καὶ
3619 423 3707 474 ἀπ’

2201 506 2405 561 αὐτῶν
2442 506 2630 575 ὐπὲρ¹
2656 506 2762 560 τοῦ
2796 509 2988 575 νόμου
3039 507 3522 576 ἀπηγορευμένων
3558 514 3708 579 κρεῶν

2194 602 2584 671 βεϐρωκέναι.
2603 602 2729 673 Ἐφ’
2749 603 2960 657 ἱκανόν
2970 602 3038 655 δὲ
3051 603 3543 673 ἐγκαρτερούντων
3560 607 3707 675 ἡμῶν,

2199 695 2297 751 καὶ
2316 694 2499 763 αὐτός
2517 699 2549 750 ὁ
2561 696 2759 762 δοθεὶς
2784 694 2928 765 ἡμῖν
2948 697 3035 760 είς
3054 695 3291 764 ἀρωγὴν
3317 699 3631 761 πιστότατος
3647 703 3709 751 ol-

2197 788 2376 856 κέτης
2392 788 2499 842 τοῦ
2518 787 2635 841 σοῦ
2660 787 2917 857 κράτους
2939 789 3012 840 Ta
3022 788 3199 850 τίκιος
3222 786 3370 840 οὕτω
3389 788 3709 843 κινδυνεύοι·-

2197 898 2306 947 τας
2323 881 2669 936 καταλιπὼν
2689 882 2844 950 ἡμᾶς
2864 880 3071 952 ᾠχετο.
3095 882 3348 951 Εῖλομεν
3369 881 3433 935 δὲ
3454 883 3557 949 τὴν
3573 888 3711 938 πόλιν

2198 974 2552 1042 παραδόξως
2622 974 2721 1028 καὶ
2752 973 2942 1039 αὐτὰς
2965 974 3073 1040 τὰς
3116 974 3235 1027 ἀπὸ
3265 974 3368 1028 τοῦ
3393 973 3635 1042 Χοροσᾶν
3648 979 3713 1043 εις

2199 1067 2442 1137 ἀρωγὴν
2502 1065 2623 1121 τῶν
2685 1064 3033 1135 Ἀντιοχέων
3085 1068 3530 1131 καταλαϐούσας
3576 1067 3713 1120 δυνά-

2196 1178 2353 1231 μεις,
2389 1158 2991 1228 κατετροπωσάμεθα.
3028 1157 3144 1211 Kal
3192 1157 3314 1224 πῶς
3336 1158 3553 1212 δίκαιόν
3584 1159 3714 1212 ἐστιν

2202 1254 2356 1322 ἅπερ
2414 1256 2660 1318 οἰκείοις
2713 1251 2921 1319 ἱδρῶσι
2975 1251 3075 1305 καὶ
3141 1251 3346 1319 πόνοις
3375 1250 3716 1320 ἐκτησάμεθα,

440 1358 568 1405 ,ee
619 1343 908 1413 aliquando
962 1345 1330 1400 calamitatem
1381 1351 1494 1415 ejus
1534 1349 1736 1417 generis
1784 1347 2095 1401 meminerat

2208 1347 2424 1416 ῥᾳδίως
2455 1345 2644 1411 οὕτως
2667 1343 3190 1412 ἀποποιήο-ασθαι.

514 1450 786 1505 expertum
827 1455 845 1493 :
887 1449 936 1494 et
979 1455 1045 1493 ex
1092 1440 1158 1493 iis
1206 1439 1420 1508 plurimi
1467 1442 1595 1494 cibis
1637 1442 1813 1495 vetitis
1852 1451 2010 1512 atque
2059 1441 2298 1512 infandis
2328 1457 2422 1496 ora
2463 1439 2695 1510 polluere.
2740 1456 2936 1510 magno
2982 1440 3126 1493 malo
3166 1448 3285 1493 sunt
3322 1439 3504 1493 coacti.
3547 1437 3718 1491 Interim

516 1547 645 1586 sane
683 1531 808 1583 dum
839 1532 1132 1604 egregiusa
1165 1542 1213 1585 te
1235 1533 1382 1586 nobis
1450 1535 1752 1605 assignatus
1819 1535 2168 1605 expeditionis
2206 1551 2398 1597 comes,
2458 1534 2580 1588 belli
2636 1533 2831 1594 socius,
2894 1531 3139 1587 Tatirius
3187 1532 3277 1586 ille
3331 1532 3589 1597 ﬁdissimus
3636 1548 3719 1583 nta-

516 1621 694 1686 iestati
730 1634 856 1682 ture.
890 1624 987 1676 tali
1015 1640 1109 1677 nos
1140 1632 1389 1693 tempore,
1422 1636 1578 1695 atque
1622 1625 1851 1680 articulo
1890 1627 2113 1696 periculi
2151 1628 2406 1682 deseruit.
2437 1626 2505 1680 At
2552 1642 2656 1679 non
2699 1624 2925 1680 deseruit
2957 1624 3119 1690 Deus,
3151 1624 3303 1694 cujus
3334 1641 3424 1694 ope
3455 1623 3720 1679 admirabili.

517 1726 627 1786 post
666 1725 951 1770 vestrorum
986 1732 1261 1781 recessum,
1321 1719 1744 1789 supervenientes
1819 1737 1850 1771 a
1894 1718 2164 1773 Corosane
2223 1719 2279 1772 in
2332 1718 2780 1773 Antiochenorum
2852 1717 3115 1771 auxilium
3175 1715 3555 1771 innumerabiles
3586 1714 3722 1783 copias

516 1809 700 1880 prwlio
730 1809 967 1863 vicimus.
1009 1807 1139 1875 Qua:
1169 1828 1285 1864 cum
1316 1812 1391 1864 ita
1417 1812 1542 1878 sint,
1572 1812 1659 1866 cui
1688 1812 1853 1868 videri
1901 1830 2108 1883 (equum
2147 1813 2333 1883 possit,
2382 1829 2474 1866 nos
2500 1829 2564 1866 ea
2589 1829 2705 1884 qua:
2748 1812 2952 1881 magnis
3000 1827 3064 1864 ac
3090 1811 3274 1864 multis
3303 1809 3489 1864 nostris
3515 1809 3723 1862 laboribus

516 1908 897 1976 sudoribusque
921 1908 1365 1974 comparavimus,
1405 1908 1631 1978 abjicere
1672 1918 1781 1963 tam
1822 1910 2003 1975 facile,
2035 1927 2097 1965 ac
2134 1912 2266 1980 eripi
2300 1909 2445 1963 nobis
2476 1909 2680 1963 sinere?

590 1999 687 2057 llis
745 2000 937 2054 litteris
987 2000 1283 2070 legatorum
1336 2002 1507 2055 reditu
1557 2002 1626 2056 ad
1683 2016 1745 2058 se
1794 2003 2015 2072 perlatis
2081 2019 2114 2059 a
2146 2012 2186 2066 Β

517 2105 685 2163 seque
713 2091 962 2162 perlectis
998 2093 1335 2159 imperator,
1389 2091 1547 2147 facile
1597 2092 1821 2161 agnovit
1875 2093 2103 2149 rediisse

517 2183 791 2239 hominem
822 2184 888 2237 ad
919 2182 1191 2251 ingenium
1233 2182 1404 2251 prius,
1437 2197 1666 2237 excussa
1697 2182 2051 2238 simulatione
2084 2199 2099 2237 :

519 2276 786 2345 planeque
810 2276 962 2330 illum
1002 2277 1178 2345 ipsum
1218 2286 1272 2330 et
1295 2276 1543 2330 emudem
1577 2291 1702 2331 esse
1735 2279 2099 2332 Baimundmn

519 2383 667 2423 nunc
694 2382 818 2423 cum
851 2369 1106 2433 maxime,
1136 2382 1297 2438 quem
1342 2376 1451 2422 tam
1482 2378 1698 2424 atroces
1732 2371 1860 2425 olim
1917 2386 2100 2427 secum
2128 2398 2131 2399 ν

519 2458 836 2513 exercuisse
875 2458 1195 2513 inimicitias
1232 2459 1576 2515 meminerat.
1617 2460 1882 2526 Quocirca
1913 2478 2105 2517 neces-

519 2549 726 2604 sarium
758 2549 913 2604 duxit
949 2549 1203 2605 violentis
1230 2550 1351 2621 ejus
1391 2565 1684 2607 occurrere
1719 2555 1942 2608 ausibus
1971 2593 1988 2619 ,
2049 2564 2106 2609 et

521 2640 724 2695 limites
769 2640 982 2709 imperii
1029 2638 1263 2695 Romani
1296 2641 1496 2698 talibus
1530 2641 1745 2699 munire
1797 2644 2060 2712 praesidiis
2086 2682 2102 2707 ,

520 2748 642 2804 qua:
668 2732 927 2802 impetqu
964 2733 1306 2789 vehementis
1345 2735 1518 2790 hos'tis
1560 2745 1783 2804 possent
1830 2735 2101 2805 frangere.

525 2825 731 2897 Delegit
752 2826 816 2879 ad
841 2825 942 2880 hoc
973 2824 1285 2881 Butumiten
1309 2844 1470 2897 quem
1496 2828 1577 2884 ire
1595 2827 1759 2897 jussit
1786 2829 1837 2882 in
1861 2827 2104 2884 Ciliciam

522 2934 647 2974 cum
684 2918 854 2987 copiis
884 2916 1220 2984 lectissimis,
1251 2929 1414 2990 atque
1445 2921 1579 2975 adeo
1600 2919 1735 2977 ﬂore
1761 2922 1876 2990 ipso
1904 2923 2108 2977 militia:

524 3011 821 3074 Romanae.
863 3010 1010 3065 vires
1035 3025 1223 3066 omnes
1262 3010 1593 3067 fortissimos
1622 3022 1675 3067 et
1718 3014 2107 3083 experimentis

526 3102 739 3169 magnis
796 3102 1038 3170 probatae
1073 3100 1309 3157 virtutis.
1363 3100 1527 3157 Erant
1585 3104 1636 3156 iu
1695 3103 1761 3158 iis
1820 3101 2023 3160 Bardas
2053 3116 2108 3159 et

525 3196 912 3252 Pocillatorum
991 3197 1241 3267 princeps
1305 3195 1559 3262 Michael,
1626 3197 1884 3254 tlorcntcs
1948 3210 2107 3256 male

522 3289 754 3358 juvenes
785 3295 840 3344 et
882 3289 1057 3360 prima
1106 3290 1360 3360 lanugine
1404 3292 1575 3345 malas
1619 3292 1939 3361 signantes:
1972 3308 2107 3362 quos

527 3396 556 3434 a
588 3381 761 3451 prima
794 3391 956 3436 aetate
990 3383 1290 3453 imperator
1322 3384 1556 3439 nutrilos
1581 3384 1721 3454 apud
1752 3400 1833 3449 se,
1861 3385 2108 3441 imbuere

529 3471 856 3527 rudimentis
898 3473 1151 3529 militaris
1179 3476 1318 3531 artis
1352 3491 1445 3545 per
1477 3476 1716 3546 seipsum
1750 3478 1883 3533 lauti
1934 3478 2105 3534 duxe-

525 3575 652 3629 rat,
697 3566 915 3621 beroica
955 3582 1246 3635 puerorum
1300 3568 1522 3629 indole.
1578 3568 1868 3640 studioque
1916 3570 1999 3625 sui
2043 3585 2108 3626 ac

527 3658 632 3712 Iide
683 3659 887 3728 majore
942 3658 1267 3716 delectatus.
1321 3659 1457 3716 Cum
1526 3661 1610 3716 bis
1669 3672 1724 3715 et
1770 3662 1908 3718 alios
1964 3664 2109 3719 mille

527 3753 978 3823 generosissimus
1008 3752 1350 3824 eximiosque
1376 3753 1668 3808 bellatores
1693 3755 1889 3825 partim
1926 3754 2109 3812 Gallos

524 3842 721 3912 partim
756 3828 1026 3897 Ruinauos
1064 3844 1227 3897 tradit
1260 3844 1543 3899 Butumitae
1589 3842 1790 3914 jubens
1838 3862 1932 3903 eos
1982 3846 2112 3902 sub-

525 3935 744 3988 mittere
787 3950 847 3989 se
892 3933 966 3988 illi
997 3942 1052 3987 et
1081 3935 1463 4004 obtemperare
1507 3936 1563 3991 in
1606 3937 1899 4001 omnibus,
1949 3937 2110 3994 simul

524 4026 687 4080 etiam
719 4042 816 4095 pro
848 4026 1106 4096 peculiari
1162 4028 1267 4082 ﬁde
1313 4029 1552 4097 ipsorum
1605 4030 1710 4086 illis
1760 4031 2024 4085 mandans
2055 4038 2112 4085 ut

525 4118 767 4173 omnium
799 4133 919 4188 quae
951 4119 1264 4173 acciderent
1294 4119 1349 4173 in
1398 4128 1669 4176 momenta
1712 4122 1922 4187 singula
1970 4121 2111 4176 imii-

527 4210 675 4263 cium
708 4211 891 4263 statim
929 4210 994 4263 ad
1024 4210 1404 4278 imperatorem
1435 4213 1714 4267 deferrent
1748 4228 1843 4282 per
1880 4228 2109 4271 arcanas

534 4299 767 4354 litteras.
816 4299 988 4352 Porro
1034 4298 1134 4352 hac
1177 4299 1520 4368 expeditione
1566 4300 1648 4354 sic
1675 4300 1988 4354 adornanda
2020 4302 2112 4355 tle-

530 4392 918 4460 cerneudaque
945 4389 1194 4458 cupiebat
1242 4391 1517 4459 Augustus
1565 4391 1784 4447 ﬁrmare
1836 4392 1938 4447 sibi
1988 4407 2110 4460 pns-

529 4484 831 4540 seSsionem
868 4483 1070 4539 Ciliciae
1108 4481 1274 4555 334
1310 4483 1497 4550 totius,
1532 4485 1821 4552 provinciae
1851 4484 2111 4555 inprimis

526 4586 846 4648 opportunae
869 4577 937 4631 ad
963 4584 1025 4631 ea
1054 4576 1281 4630 consilia
1329 4590 1448 4644 qum
1497 4585 1609 4629 tum
1663 4584 1841 4631 mente
1873 4576 2111 4647 agitabat

2299 2001 2787 2073 ’Υποστρεψὰντων
2836 2000 2882 2055 δ’
2935 2000 3151 2055 ἐκεῖθεν
3192 2001 3301 2056 τῶν
3356 1999 3627 2074 πρέσϐειον,
3670 1998 3725 2063 ὡς

2204 2098 2302 2160 τὰς
2360 2095 2456 2148 τοῦ
2519 2092 2859 2164 Βαῖμούντου
2918 2092 3216 2162 ὑπανέγνω
3269 2094 3495 2165 γραφὰς,
3527 2091 3726 2159 διαγνοὺς

2206 2187 2373 2240 αὐτόν
2405 2188 2618 2239 ἐκεῖνον
2670 2182 2826 2248 αὖθις
2853 2182 3002 2239 εἶναι
3044 2186 3143 2239 τὸν
3174 2184 3498 2255 Βαῖμοῦντον
3521 2186 3727 2255 μηδοπω·

2206 2278 2335 2333 σοῦν
2362 2279 2457 2333 ἐπὶ
2502 2279 2564 2331 τὸ
2601 2277 2815 2349 βέλτιον
2873 2277 3315 2348 μεταϐληθέντα,
3348 2279 3452 2331 δεῖν
3494 2278 3622 2344 ἔγνω
3647 2275 3728 2327 τῶν

2203 2374 2367 2444 όρίων
2395 2373 2494 2443 τῆς
2539 2371 2820 2443 βασιλείας
2863 2372 3160 2441 Ῥωμαίων
3193 2369 3521 2441 ἀντέχεσθαι,
3552 2370 3631 2423 καὶ
3653 2369 3729 2438 τὴν

2206 2463 2510 2520 ἀκάθεκτον
2537 2463 2704 2517 αὐτοῦ
2730 2462 2911 2533 ὁρμὴν
2964 2462 3040 2527 ὡς
3074 2462 3201 2516 ἐνὸν
3239 2464 3567 2517 ἀνακόπτειν.
3594 2461 3728 2513 Δυνά-

2210 2569 2332 2621 μεις
2360 2552 2540 2606 τοίνυν
2573 2552 2778 2616 πολλὰς
2818 2552 2958 2622 μετὰ
2990 2552 3085 2606 τοῦ
3122 2552 3481 2624 Βουτουμίτου
3509 2553 3630 2606 κατά
3654 2552 3730 2620 τῆς

2208 2645 2464 2708 Κιλικίας
2495 2644 2798 2715 ἐξέπεμψε,
2820 2645 2918 2699 καὶ
2951 2647 3012 2698 τὸ
3048 2645 3478 2716 ὲλλογιμώτατον
3495 2644 3578 2698 τοῦ
3601 2661 3728 2714 στρ)-

2207 2735 2465 2788 τιωτικοῦ
2532 2737 2842 2804 καταλόγου
2880 2777 2895 2802 ,
2949 2737 3161 2807 ἄνδρας
3227 2737 3620 2809 μαχιμωτάτους
3660 2734 3730 2788 καὶ

2212 2826 2412 2894 ’Ἄρεος
2471 2827 2825 2892 ὑπασπιστὰς
2883 2829 3164 2895 ἅπαντας,
3229 2832 3324 2886 καὶ
3385 2831 3537 2885 αὐτὸν
3569 2830 3624 2898 δὴ
3663 2827 3731 2880 τιν

2208 2896 2568 2989 Βάρδανᾍαὶ
2612 2920 2704 2975 τὸν
2761 2922 3132 2993 ἀρχιοινοχόον
3185 2922 3399 2994 Μιχαὴλ
3437 2921 3538 2993 (65)
3589 2896 3731 2987 ἀκμά-

2209 3009 2403 3074 ζοντας
2450 3011 2547 3064 καὶ
2603 3013 2890 3083 ἀρτιφυείς
2958 3014 3018 3067 τὸ
3072 3017 3309 3082 γένειον.
3363 3014 3466 3078 Οὓς
3522 3012 3732 3083 vanitiem

2211 3100 2655 3172 προσλαϐόμενος
2686 3104 2716 3156 ό
2769 3105 3133 3176 αὐτοκράτωρ
3187 3110 3282 3160 καὶ
3322 3107 3391 3160 τὰ
3421 3104 3733 3170 στρατιωτικά

2210 3192 2575 3258 ὲκπαιδεύσας
2600 3193 2676 3258 ὡς
2708 3197 3105 3266 εὐνουστέρους
3144 3198 3258 3252 τῶν
3309 3199 3495 3262 ἄλλων,
3547 3196 3614 3265 τῷ
3634 3196 3732 3248 Βου-

2208 3284 2441 3356 τουμίτῃ
2510 3287 2855 3354 παραδίδωσι
2919 3289 3042 3358 μεθ’
3104 3291 3315 3362 ἑτέρων
3366 3290 3541 3363 χιλίων
3568 3286 3731 3359 ἀνδρῶν

2209 3376 2475 3444 γενναίων
2524 3378 2749 3432 Κελτῶν
2775 3380 2870 3433 καὶ
2911 3380 3229 3451 Ῥωμαίων,
3268 3384 3355 3452 ἐφ’
3404 3377 3446 3452 ᾧ
3503 3395 3734 3451 συμπαρό-

2212 3472 2445 3540 μαρτεῖν
2476 3487 2536 3523 τε
2564 3470 2717 3542 αὐτῷ
2782 3474 2880 3527 καὶ
2914 3474 3170 3530 ὑπείκειν
3204 3478 3261 3531 ἐν
3319 3477 3512 3531 ἅπασιν
3534 3514 3550 3542 ,
3576 3470 3731 3544 ipsi!

2210 3562 2308 3617 καὶ
2351 3564 2411 3616 τὸ
2460 3564 2626 3635 τυχὸν
2676 3565 2784 3618 τῶν
2842 3567 2965 3620 καθ’
3047 3566 3204 3638 ὤραν
3250 3569 3640 3640 ξυμπιπτόντων
3673 3562 3732 3616 δι’

2211 3657 2548 3729 ἀπορρήτων
2574 3659 2925 3729 γραμμάτων
2975 3661 3179 3731 δηλοῦν
3211 3663 3377 3734 αὐτῷ.
3411 3661 3645 3716 Ἐσπευδε
3688 3657 3732 3709 δὲ

2210 3747 2308 3819 τὴν
2327 3747 2546 3802 ἃπασαν
2562 3748 2748 3820 χώραν
2777 3753 2873 3820 τῆς
2899 3752 3153 3817 Κιλικίας
3189 3759 3475 3827 κατασχεῖν
3498 3753 3558 3808 ἵν’
3587 3749 3733 3805 iussit-

2212 3839 2303 3893 θεν
2335 3841 2465 3912 ῥᾷον
2498 3841 2567 3894 τὰ
2599 3843 2742 3895 κατὰ
2782 3844 2883 3912 τὴν
2925 3843 3263 3915 Ἀντιόχειαν
3280 3843 3732 3920 ὲξαρτύῃ.”Δπάρας

2211 3931 2356 3986 οὖνὸ
2385 3934 2757 4004 Βουτουμίτης
2813 3937 2912 3989 σὺν
2959 3936 3114 4002 ὅλαις
3162 3938 3447 4009 δυνάμεσι,
3513 3939 3593 3991 καὶ
3633 3933 3729 4003 περὶ

2214 4024 2312 4097 τὴν
2346 4025 2602 4079 Ἀττάλου
2647 4025 2760 4097 (66)
2822 4028 3100 4097 ὲφθακὼς,
3149 4032 3275 4082 ἐπεὶ
3320 4032 3410 4084 τὸν
3437 4028 3624 4100 Βάρδαν
3660 4025 3728 4076 καὶ

2210 4121 2303 4173 τὸν
2364 4121 2739 4192 ἀρχιοινοχόον
2783 4122 3003 4193 Μιχαὴλ
3032 4124 3108 4193 μὴ
3140 4125 3462 4185 ὐπείκοντας
3509 4121 3633 4192 ἑώρα
3672 4116 3728 4184 τῷ

2211 4210 2403 4264 τούτου
2433 4208 2702 4282 θελήματι
2758 4212 2848 4266 ἵνα
2906 4213 2982 4283 μὴ
3015 4214 3108 4267 καὶ
3139 4214 3202 4267 τὸ
3240 4213 3506 4267 ὁπλιτικὸν
3537 4205 3726 4279 συμϐαίη

2213 4307 2550 4369 στασιάζειν,
2601 4307 2714 4359 κάκ
2772 4303 2965 4358 τούτου
3024 4306 3442 4372 κενόσπουδοςὴ
3484 4300 3655 4369 σπουδὴ
3679 4295 3731 4365 τῷ

2212 4396 2558 4468 Βουτουμίτῃ
2617 4395 2848 4466 γένηται
2902 4396 2997 4448 καὶ
3053 4395 3343 4468 ἄπρακτος
3393 4395 3488 4464 τῆς
3531 4387 3731 4446 Κιλικίας

2212 4490 2630 4559 ἀποπεμφθείη,
2688 4489 3037 4560 παραχρῆμα
3068 4489 3138 4542 τὰ
3164 4489 3297 4560 περὶ
3327 4487 3509 4542 τούτου
3530 4483 3655 4557 δηλοί
3674 4476 3730 4546 τῷ

2212 4582 2603 4653 αὐτοκράτορι,
2671 4580 2772 4651 τὴν
2804 4578 2925 4648 μετ’
2960 4579 3147 4634 αὐτῶν
3179 4578 3550 4650 συνδιατριόὴν
3574 4586 3731 4641 παραι-

525 4671 595 4725 de
643 4669 951 4728 Antiochia.
1005 4668 1273 4724 Caeterum
1328 4668 1606 4736 prolectus
1646 4667 1950 4725 Butumites
1985 4684 2107 4724 cum

2212 4672 2496 4744 τούμενος.
2524 4670 2596 4725 ⁴Ο
2620 4670 2801 4733 δὲτὰς
2833 4673 2897 4723 ὲκ
2926 4669 3033 4724 τῶν
3064 4670 3327 4724 τοιούτων
3359 4667 3594 4728 εἰωθυίας
3620 4658 3731 4730 γίνε-

533 4764 616 4817 Ιιὶε
655 4763 849 4833 copiis,
879 4762 971 4817 ubi
1019 4764 1085 4816 ad
1137 4763 1321 4817 urbem
1373 4760 1535 4815 Attali
1567 4763 1835 4831 pervenit,
1883 4763 2017 4817 satis
2045 4780 2110 4818 eo

527 4853 721 4909 itinere
749 4864 1007 4922 expertus
1039 4853 1443 4909 contumaciam
1479 4853 1663 4907 Bardte
1693 4861 1747 4907 et
1773 4853 2105 4908 Arcltitnuo-

529 4946 653 4998 citoi
687 4945 963 5000 Michaelis
987 4988 1001 5011 ,
1037 4946 1128 5016 qui
1161 4945 1324 5000 ambo
1365 4943 1551 4998 favore
1591 4943 1851 5014 principis
1910 4953 2108 5014 prauu-

530 5037 686 5100 mitli,
720 5037 1100 5111 obtemperare
1131 5037 1231 5110 ipsi
1262 5038 1625 5102 recusabant;
1673 5046 1728 5092 et
1782 5036 2009 5096 veritus
2046 5052 2115 5092 ne

2214 4766 2339 4818 citati.
2363 4765 2567 4832 βλάὄας
2598 4761 2908 4831 γινώσκων,
2940 4762 3160 4833 γοργῶς
3197 4762 3285 4832 ἐφ’
3313 4761 3498 4830 ἑτέραν
3522 4755 3727 4808 ὑπόθεσιν

2210 4856 2434 4917 τούτους
2466 4872 2526 4908 τε
2551 4856 2647 4907 καὶ
2674 4853 2910 4916 ὁπόσους
2934 4854 3213 4917 ὑπόπτους
3266 4848 3381 4921 εἶχε
3407 4849 3491 4904 διὰ
3515 4838 3729 4916 γραμμά-

2213 4964 2325 5000 των
2355 4945 2731 5016 προύτρέπετο
2768 4944 2855 4998 ἵνα
2883 4944 2982 5015 τὴν
3030 4944 3255 5015 Κύπρον
3321 4944 3498 5014 τάχιον
3541 4936 3729 4992 natals-

2217 5040 2424 5104 δόντες,
2456 5038 2536 5109 τῷ
2588 5038 2929 5110 Εὐφορδηνῷ
2957 5040 3357 5110 Κωνσταντίνῳ
3391 5039 3484 5108 τὴν
3527 5024 3730 5092 Boumbe

1553 5150 1753 5215 Varias
1784 5150 2094 5215 lectiones
2128 5169 2209 5215 ex
2243 5150 2387 5214 cod.
2451 5148 2732 5212 Coislin.

534 5318 539 5322 η
600 5258 646 5291 ⁹⁰
668 5272 776 5312 πω.
853 5254 1021 5310 ¹ὐπό.

1597 5347 1738 5410 Car.
1775 5346 2103 5409 Dufresnii
2149 5346 2245 5409 Du
2270 5346 2495 5426 Cangii
2535 5354 2727 5410 nota.

534 5471 1043 5619 pagﬁﬁg‘émzmﬂ.
1115 5470 1386 5545 Dignitate
1448 5462 1836 5543 piucernam,‘
1876 5473 1941 5528 de
2005 5487 2115 5542 quo

609 5585 878 5686 53671331»
913 5615 1224 5686 Ἀττάλου.
1270 5613 1609 5679 ’Λττάλειαν,
1642 5612 1970 5686 Pamphyliae
1988 5628 2117 5686 _me-

537 5682 792 5756 Iropnlim
821 5682 872 5743 iu
912 5691 1150 5747 themate
1180 5682 1441 5743 Orientali
1494 5689 1634 5756 apud
1665 5682 1951 5740 Constant.
1986 5684 2117 5739 Pur-

2225 5473 2455 5543 pbyrng.
2486 5488 2646 5538 quam
2680 5486 2897 5529 uemum
2933 5475 3257 5543 expugnavit
3288 5467 3562 5543 lcouiensrs
3602 5453 3725 5543 still:

2225 5528 2328 5598 imi;
2363 5528 2452 5597 aii.
2483 5528 2641 5608 ista,
2675 5528 2741 5598 uti
2760 5555 2845 5599 est
2874 5546 2927 5597 in
2960 5528 3156 5599 αἱιτόη.
3190 5539 3426 5597 Altisiod.
3455 5528 3726 5608 llest'ribtttt‘r

2226 5588 2733 5739 ἶῖέἶοξέὗᾶἷῖςῖἲίῦζ
2751 5588 2862 5683 ἱξῇ
2876 5588 3569 5685 ἓὲιῖἑὸῗὶιίᾶέἰὲῖιὶιειαν.
3588 5588 3724 5651 Pant-

2226 5698 2346 5753 cap.
2489 5724 2505 5740 .
