3974 6208
271 233 379 298 853

1536 249 1954 317 ALEXIADIS
1977 257 2126 321 LIB.
2162 259 2269 321 XI.

3418 269 3524 331 854

266 352 323 405 δὲ
365 356 812 448 παραγενόμενοι
850 357 926 420 ὡς
969 360 1069 428 τῆς
1102 361 1282 431 ἄγρας
1334 365 1598 436 ἠστόχουυ
1626 369 1833 436 ὀλίγους

1943 371 2104 426 simul
2150 374 2323 429 eidem
2379 374 2452 430 illi
2501 376 2619 431 viro
2661 376 3058 444 probatissimae
3084 375 3368 444 'virtutis,
3415 397 3522 448 quo

265 444 418 503 τινὰς
455 447 825 516 ὲφευρηκότες
861 450 970 502 τῶν
1011 453 1288 508 Πισσαίων
1320 455 1487 510 αὐτοῦ
1528 476 1631 511 που
1668 477 1838 513 κατα-

263 533 987 600 λειφθέντας.ἐπυνθάνοντο
1012 545 1147 597 ὅπου
1173 546 1200 596 ὁ
1227 547 1524 611 Πισσαικὸς
1548 549 1838 621 ἐξώρμησε

265 625 473 687 στόλος.
506 628 569 679 Οί
610 628 666 681 δὲ
712 631 846 699 πρὸς
883 634 982 702 τὴν
1020 635 1202 688 Ῥόδον
1236 637 1467 704 ἔφασαν.
1519 642 1630 694 Καὶ
1659 661 1840 711 παρα-

263 718 455 783 χρῆμα
482 717 745 781 λύσαντες
771 723 835 774 τὰ
867 725 1188 794 πρυμνήσια
1215 727 1408 781 θᾶττον
1433 730 1658 795 τούτους
1681 735 1840 786 κατέ-

262 805 426 860 λαϐον
463 811 669 877 μεταξὺ
719 803 1020 884 Πᾶττάρων
1066 821 1162 870 καὶ
1203 819 1408 873 Ῥόδου.
1436 823 1672 888 Τούτους
1720 825 1765 878 δ’
1792 829 1838 880 οἱ

261 899 515 953 Πισσαῖοι
548 902 898 971 θεασάμενοι,
932 907 1098 975 μόθου
1150 913 1467 981 παραυτίκα
1504 917 1693 986 σχῆμα
1723 919 1838 972 δια-

257 992 614 1054 τυπώσαντες
655 996 792 1065 πρὸς
839 999 1021 1069 μάχην
1072 1003 1133 1054 οὐ
1179 1004 1246 1056 τὰ
1299 1005 1425 1076 ξίφη
1480 1010 1660 1074 μόνον,
1703 1011 1838 1066 ἀλλὰ

258 1081 353 1129 καί
403 1084 498 1140 τὶς
535 1081 761 1149 καρδίας
813 1082 1028 1153 ἔθηγον.
1085 1087 1614 1155 Ἐπικαταλαϐόντος
1659 1094 1715 1147 δὲ
1744 1095 1838 1148 τοῦ

270 1163 587 1231 Ῥωμαϊκοῦ
639 1169 826 1223 στόλου
877 1173 1058 1241 κόμης
1104 1192 1191 1237 τις
1239 1177 1670 1248 Πελλοπονήσιος
1722 1183 1835 1254 (74)

260 1255 641 1324 Περιχυτάνης
660 1260 679 1290 ⁸
710 1260 1046 1329 καλούμενος
1076 1267 1358 1336 ναυλοχεῖν
1382 1270 1580 1340 ἄριστα
1611 1275 1840 1328 ἐπιστά-

259 1364 422 1414 μενος
471 1349 546 1411 ὡς
583 1350 806 1415 τούτους
855 1354 1140 1420 ἐθεάσατο,
1180 1362 1300 1423 ταῖς
1340 1361 1555 1426 κώπαις
1604 1367 1666 1419 τὸ
1706 1368 1837 1424 ίδιον

253 1439 548 1508 πτερώσας
603 1443 838 1513 μονῆρες
879 1447 954 1509 ὡς
998 1443 1111 1518 εἶχε
1152 1453 1273 1503 κατ’
1314 1453 1492 1506 αὐτῶν
1533 1458 1704 1523 ἵεται,
1743 1464 1838 1513 καὶ

253 1529 526 1598 διαμέσου
559 1534 762 1586 τούτων
816 1536 891 1599 ὡς
930 1539 1040 1608 πῦρ
1077 1541 1307 1594 διελθὼν
1346 1547 1424 1607 εἰς
1455 1548 1547 1599 τὸν
1592 1551 1836 1620 Ῥωμαῖ-

254 1621 354 1674 κδν
385 1621 544 1685 αὖθις
590 1625 966 1696 ἐπανέστρεφε
1004 1631 1210 1687 στόλον.
1265 1635 1325 1688 '0
1361 1638 1544 1706 μέντοι
1592 1642 1835 1711 Ῥωμαῖ-

1929 463 2184 517 alacrius
2215 479 2407 520 novum
2437 465 2539 520 hoc
2571 465 2770 520 bellum
2799 477 3106 534 capesseret
3134 507 3148 531 ,
3198 467 3430 536 amplam
3467 470 3520 523 in

1949 553 2138 620 primis
2195 555 2603 623 appellationem
2638 555 2852 616 indidit,
2885 554 3252 610 Illustrissimi
3293 556 3519 624 Cupitis.

1947 643 2171 698 Caetera:
2215 645 2376 698 classi
2425 644 2692 698 universae
2745 646 2903 700 titulo
2945 656 2998 699 et
3061 656 3323 714 petestate
3368 648 3523 701 ducis

1948 735 2126 803 magni
2163 734 2522 802 Lantulphum
2562 735 2804 803 prtel'ecit
2854 735 3050 804 quippe
3096 736 3273 789 virum
3321 738 3526 790 navalis

1948 839 2136 894 pugnae
2165 826 2569 894 peritissimum.
2620 826 2912 880 Solverunt
2960 827 3012 880 hi
3057 827 3524 894 Constantinopoli

1947 932 2132 971 mense
2173 918 2341 986 Aprili
2369 935 2491 973 cum
2511 919 2683 973 classe
2713 919 2950 973 Romana
2971 920 3222 974 universa
3243 937 3256 983 ;
3281 929 3334 974 et
3364 919 3526 972 Samo

1947 1007 2192 1073 proximo
2246 1023 2409 1061 cursu
2460 1008 2634 1061 obiter
2681 1009 2966 1076 perstricta
3018 1009 3242 1062 navibus
3297 1007 3526 1061 adverso

1946 1095 2114 1149 littori
2153 1098 2440 1166 applicitis,
2477 1099 2529 1151 in
2558 1099 2925 1153 continentem
2959 1102 3353 1153 exscentlernnt
3382 1141 3396 1161 ,
3425 1115 3520 1151 na-

1946 1186 2084 1254 vigia
2115 1197 2355 1241 recenter
2390 1187 2651 1242 aediﬁcata
2678 1231 2692 1255 ,
2725 1191 2986 1258 asphaltis
3041 1190 3149 1245 illic
3201 1193 3525 1244 abundantis

1945 1281 2256 1336 intinctione
2284 1282 2448 1334 multa
2482 1282 2768 1336 firmaturi.
2799 1283 3075 1336 Certiores
3107 1285 3174 1335 ibi
3211 1285 3344 1337 liunt
3391 1301 3526 1353 prte-

1946 1374 2159 1428 teriisse
2197 1373 2446 1428 Pisanam
2481 1375 2730 1429 classem.
2769 1375 2946 1439 Quare
2971 1376 3242 1430 solventes
3278 1377 3377 1444 ipsi
3407 1386 3526 1445 post

1945 1479 2038 1518 eos
2063 1475 2313 1529 currunt,
2345 1481 2536 1520 versus
2565 1464 2732 1519 Coam
2765 1466 3015 1519 insulam.
3049 1465 3413 1521 Pervenerant
3449 1482 3514 1521 eo

1944 1554 2126 1608 Pisani
2159 1571 2314 1608 mane
2347 1555 2453 1609 diei
2488 1557 2623 1619 ejus.
2652 1556 2810 1625 cuth
2852 1560 2949 1610 sub
2985 1573 3265 1624 vesperam
3294 1558 3522 1612 Romani

1945 1646 2135 1699 eodem
2173 1645 2453 1714 appulere.
2479 1645 2620 1714 Ergo
2655 1647 2700 1700 si
2730 1649 3131 1715 opportunitate
3182 1647 3384 1701 exclusi
3444 1649 3522 1703 rei

252 1713 352 1774 κὸς
394 1715 583 1777 στόλος
624 1717 727 1769 οὐκ
779 1719 1060 1783 εὐτάκτως
1111 1723 1212 1794 τῆς
1248 1729 1386 1794 μετὰ
1420 1729 1528 1784 τῶν
1560 1734 1833 1788 Πισσαίων

1943 1737 2212 1804 εονεηάω,
2246 1713 2442 1807 quippe
2475 1713 2710 1803 Pisanis,
2745 1713 2832 1808 qui
2863 1739 3019 1808 longe
3050 1739 3332 1794 intervallo
3384 1755 3524 1808 pra:-

255 1805 436 1873 μάχης
467 1806 828 1874 ἀπεπειρᾶτο,
862 1810 978 1862 ἀλλ’
1001 1812 1171 1876 ὀξέως
1201 1817 1296 1869 καὶ
1323 1820 1678 1886 ἀσυντάκτως
1709 1826 1835 1878 τοῦ·

251 1913 385 1954 τους
433 1897 456 1928 ‘
503 1899 867 1967 προσέϐαλλε.
911 1904 1019 1957 Καὶ
1077 1906 1244 1970 αὐτὸς
1292 1910 1348 1962 δὲ
1400 1913 1428 1963 ὁ
1485 1915 1836 1986 Λαντοῦλφος

251 1987 472 2055 πρῶτος
505 1992 898 2058 προσπελάσας
933 1999 1044 2059 τοῖς
1077 1998 1366 2066 Πισσαίοις
1398 2008 1834 2080 ναυσὶν,ἄστοχα

245 2080 315 2131 τὸ
367 2081 483 2152 πῦρ
527 2082 686 2136 ἔϐαλε
729 2088 824 2139 καὶ
864 2088 1019 2141 οὐδέν
1076 2108 1128 2143 τι
1183 2093 1344 2147 πλέον
1394 2098 1689 2167 εἰργάσατο
1741 2104 1834 2157 τοῦ

246 2171 429 2241 πυρὶ-ς
481 2171 887 2240 σκεδασθέντος.
957 2181 1016 2232 Ὀ
1070 2183 1125 2235 δὲ
1177 2185 1477 2256 λεγόμενος
1549 2193 1835 2263 Ἐλεήμων

245 2263 432 2333 κόμης
483 2267 862 2337 ἀναισχύντως
895 2275 1136 2345 μεγίστῳ
1184 2277 1353 2346 πλοίῳ
1386 2282 1525 2335 κατὰ
1574 2285 1835 2355 πρύμναν

244 2352 581 2421 προσϐαλὼν
634 2359 751 2421 τοῖς
803 2362 1089 2428 πηδαλίοις
1141 2364 1333 2418 τούτου
1378 2352 1702 2438 περιπεσὼν*
1741 2375 1837 2428 καὶ

356 2447 599 2516 εὐχερῶς
629 2449 770 2519 ἔχων
795 2453 1006 2506 ἐκεῖθεν
1037 2455 1495 2524 διαπλωΐσασθαι,
1526 2466 1834 2536 κατεσχέθη

241 2533 341 2599 ἂν,
390 2539 438 2589 εί
477 2537 550 2608 μὴ
589 2542 808 2609 γοργῶς
856 2545 994 2612 πρὸς
1031 2547 1134 2616 τὴν
1193 2554 1395 2622 σκευὴν
1452 2533 1835 2610 ἅπεῖδεῼΚαί

245 2625 364 2696 πῦρ
415 2631 536 2683 κατ’
577 2632 760 2683 αὐτῶν
814 2636 975 2704 ἀφεὶς
1025 2637 1124 2690 οὐκ
1163 2641 1369 2711 ἄστοχα
1426 2643 1640 2701 ἔϐαλεν.
1698 2645 1835 2703 Εἶτα

241 2720 350 2786 τὴν
383 2719 516 2772 ναῦν
580 2723 671 2774 ἐπὶ
709 2723 912 2794 θάτερα
949 2729 1172 2798 γοργῶς
1214 2736 1541 2806 μεταφέρων
1577 2741 1674 2793 καὶ
1715 2743 1834 2795 ἐτέ-

245 2827 354 2880 ρας
420 2816 762 2884 παραχρῆμα
818 2821 965 2887 τρεῖς
1036 2825 1305 2891 μεγίστας
1365 2829 1670 2901 ὲπυρπόλει
1726 2837 1834 2888 τῶν

241 2904 557 2974 Βαρϐάρων
603 2907 756 2972 ναῦς.
811 2911 964 2966 Ἐπεὶ
1003 2913 1046 2966 δ’
1075 2915 1190 2984 ἅμα
1234 2919 1329 2972 καὶ
1367 2926 1646 2998 συστροφὴ
1707 2929 1832 2980 ἀνέ-

244 3015 355 3066 μου
396 2997 494 3067 τὴν
523 2999 796 3054 θάλατταν
831 3005 1244 3065 ὲπεισπεσοῦσα
1279 3011 1476 3082 ἀθρόον
1509 2997 1831 3090 διετάραττε

237 3088 348 3150 στάς
370 3107 426 3141 τε
458 3090 588 3154 ναῦς
622 3093 904 3164 συνέτριϐε
939 3100 1034 3151 καὶ
1064 3104 1291 3168 μονονοὺ
1324 3105 1564 3174 βυθίζειν
1593 3088 1830 3180 ἠπείλειο

240 3179 493 3250 sparsiet}
530 3181 551 3212 ⁸
599 3184 706 3254 γάρ
753 3184 816 3236 τὸ
858 3185 1030 3255 κῦμα,
1091 3191 1446 3261 ἐτετρίγεσαν
1485 3199 1538 3249 αἱ
1591 3179 1831 3269 κεραιαὶ,

240 3271 316 3322 τά
352 3272 402 3323 θ’
429 3273 577 3325 ίστία
607 3275 1018 3346 διερρήγνυντο.
1062 3281 1596 3352 Ἐκδειματωθέντες
1619 3291 1668 3343 ot
1696 3291 1835 3360 Βάρ-

242 3361 434 3432 6αροι,
459 3365 520 3416 τὸ
554 3366 653 3433 μὲν
679 3366 766 3419 διά
807 3371 865 3420 τὸ
896 3376 1255 3442 πεμπόμενον
1286 3375 1396 3445 πῦρ
1419 3392 1432 3406 ’
1467 3379 1524 3430 οὐ
1558 3379 1665 3449 γὰρ
1711 3383 1834 3435 ἐθά-

238 3451 338 3514 δες
371 3449 512 3523 ἦσαν
544 3456 802 3510 τοιούτων
833 3459 1048 3511 σκευῶν
1100 3463 1130 3530 ἢ
1171 3464 1364 3533 πυρδς,
1398 3467 1510 3519 ἄνω
1541 3467 1639 3536 μὲν
1672 3471 1832 3537 φύσει

239 3542 349 3613 τὴν
400 3547 576 3612 φορὰν
607 3546 852 3617 ἔχοντος,
895 3553 1254 3619 πεμπομένου
1304 3555 1348 3606 δ’
1381 3557 1467 3624 ἐφ’
1505 3557 1540 3612 ἃ
1582 3559 1832 3628 βούλεται

241 3638 276 3688 ὁ
311 3636 550 3704 πέμπων
581 3641 720 3692 κατά
758 3659 816 3694 τε
851 3644 910 3695 τὸ
944 3645 1150 3714 πρανὲς
1178 3647 1437 3712 πολλάκις
1467 3651 1564 3704 καὶ
1591 3652 1677 3722 ἐφ’
1707 3655 1835 3706 ἐκά-

241 3743 408 3795 τεραο
439 3727 501 3780 τὸ
540 3730 596 3782 δὲ
625 3731 730 3783 ὑπὸ
768 3734 864 3785 τοῦ
891 3733 1184 3789 θαλαττίου
1225 3738 1493 3804 κλύδωνος
1531 3743 1832 3812 συγχυθέν-

241 3836 340 3883 τες
387 3821 481 3872 τὸν
530 3823 657 3875 νοῦν
697 3825 996 3892 φυγαδείας
1035 3828 1263 3898 ἥψαντο.
1299 3828 1456 3883 Οὕτω
1501 3834 1602 3902 μὲν
1641 3834 1735 3886 οῦν
1766 3839 1833 3892 τὰ

239 3913 358 3965 τῶν
392 3914 714 3984 Βαρϐάρων.
761 3918 822 3973 ’0
848 3919 904 3970 δέ
933 3937 1016 3972 τοι
1055 3922 1368 3992 Ῥωμαϊκὸς
1392 3925 1578 3987 στόλος
1607 3929 1833 4000 νησιδίῳ

243 4004 356 4056 τινὶ
371 4006 747 4075 προσώκειλεν
771 4010 973 4062 οὑτωσί
993 4029 1098 4064 που
1111 4014 1279 4066 καλου
1289 4013 1434 4084 μένῳ
1456 4015 1671 4087 Σεύτλῳ
1694 4020 1828 4087 (75).

240 4096 611 4168 Δύγαζούσης
659 4101 716 4152 δὲ
759 4104 861 4171 τῆς
911 4105 1121 4173 ἡμέρας
1165 4107 1380 4158 ἐκεῖθεν
1414 4108 1733 4178 ἀπάραντες
1765 4115 1830 4183 τῇ

254 4185 428 4255 Ῥόδῳ
461 4188 872 4260 προσὼρμησαν
907 4195 947 4246 ⁸.
986 4194 1106 4247 Τῶν
1138 4195 1341 4249 πλοίων
1391 4194 1486 4252 οῦν
1519 4200 1832 4264 ἀποϐάντες

242 4281 340 4327 καὶ
369 4277 730 4344 ἐξαγαγόντες
757 4282 916 4344 ὅσους
949 4281 1195 4350 ἔφθασαν
1220 4291 1518 4356 κατασχεῖν
1549 4290 1642 4341 καὶ
1667 4291 1832 4343 αὑτὸν

1947 1841 2326 1896 Cucurrerant,
2359 1847 2463 1884 non
2497 1830 2754 1896 inventis,
2786 1832 3012 1885 Cnidum
3041 1831 3264 1894 abeunt,
3291 1832 3522 1885 insulam

1939 1936 2104 1990 prope
2138 1923 2502 1975 continentem
2531 1920 2766 1978 Orientis
2796 1924 2981 1978 sitam.
3039 1924 3112 1976 lbi
3157 1924 3527 1992 deprehensu-

1944 2027 2032 2066 ros
2065 2027 2122 2066 se
2168 2015 2267 2066 rati
2301 2012 2524 2068 Pisanos
2550 2053 2566 2079 ,
2600 2030 2694 2083 spe
2740 2016 2953 2079 quidem
3002 2017 3300 2069 exciderint
3333 2017 3525 2084 prada:

1946 2105 2131 2166 totius,
2169 2115 2487 2172 repererunt
2521 2113 2699 2158 tamen
2728 2105 2942 2159 relictos
2976 2107 3288 2160 Pisanornm
3317 2107 3524 2176 aliquos

1943 2207 1970 2243 a
2007 2191 2202 2259 quibus
2259 2191 2604 2260 interrogatis
2653 2209 2758 2261 quo
2805 2193 2992 2246 ivisset
3045 2193 3240 2246 Pisans
3293 2194 3520 2258 classis,

1938 2281 2104 2351 336
2137 2281 2381 2335 llhodnm
2415 2296 2603 2336 versus
2655 2283 2936 2350 navigasse
2979 2281 3121 2334 illam
3177 2282 3519 2335 audiverunt.

1935 2372 2089 2427 Nulla
2121 2390 2269 2426 mora
2295 2373 2605 2442 insequendi
2639 2372 2803 2437 facta,
2834 2372 3036 2426 instant
3089 2373 3282 2426 solutis
3329 2372 3524 2427 admis-

1937 2467 2122 2533 sisque
2180 2474 2298 2532 post
2324 2464 2554 2520 Pisanos
2613 2467 2864 2528 navibus,
2911 2467 3172 2534 brevique
3229 2481 3323 2518 eos
3381 2479 3524 2519 asse-

1935 2564 2175 2624 quuntur
2202 2555 2342 2609 inter
2372 2557 2594 2607 Pattara
2621 2565 2675 2608 et
2705 2554 2973 2608 Rhodum.
3011 2555 3112 2609 Eos
3141 2553 3316 2608 Pisani
3393 2570 3525 2609 con-

1935 2647 2146 2715 spicati,
2181 2647 2355 2702 classe
2378 2649 2484 2701 cito
2509 2648 2767 2714 disposita
2803 2655 2924 2715 apte
2956 2646 3021 2700 ad
3043 2651 3231 2701 navale
3255 2647 3519 2716 pra'lium,

1935 2748 1988 2792 et
2017 2739 2121 2792 tela
2162 2747 2216 2792 et
2249 2739 2458 2792 animos
2498 2739 2562 2791 ad
2597 2752 2824 2807 pugnam
2876 2737 3162 2790 acuebant.
3193 2737 3523 2791 Adtnovetur

1935 2832 2152 2885 interim
2201 2831 2419 2900 propius
2473 2829 2716 2884 Romana
2768 2829 2962 2882 classis
2989 2835 3042 2881 et
3095 2829 3310 2896 quidam
3339 2842 3522 2882 comes

1934 2921 2378 2991 Peloponnesius,
2409 2921 2792 2992 Pericbytanes
2825 2928 3072 2983 vocatus,
3110 2917 3512 2973 scientissimus

1935 3015 2069 3070 artis
2104 3015 2411 3083 navigandi,
2442 3024 2555 3069 toto
2596 3014 2821 3082 remigio
2851 3026 2962 3066 sum
3004 3009 3241 3064 moneri;
3272 3010 3514 3075 incitato,

1938 3108 2282 3164 velocissimo
2336 3108 2538 3177 impetu
2589 3106 2816 3161 Pisanos
2875 3104 3005 3174 petit
3048 3121 3062 3158 :
3107 3117 3312 3174 perque
3374 3103 3523 3172 ipsos

1936 3201 2141 3255 medios
2176 3201 2421 3254 ﬂammea
2483 3199 2770 3263 rapiditate
2816 3195 3137 3266 pervolans,
3171 3197 3238 3249 ad
3287 3195 3518 3250 classem

1938 3308 2154 3348 rursum
2182 3305 2239 3346 se
2267 3291 2567 3344 Romanam
2603 3289 2806 3344 retulit.
2830 3289 3094 3343 Caeterum
3131 3298 3331 3342 nostra!
3352 3302 3518 3342 naves

1935 3385 2076 3438 haud
2096 3384 2231 3436 satis
2258 3382 2504 3436 ordinate
2533 3381 2770 3448 satisque
2794 3379 3002 3447 iuncto,
3037 3381 3127 3432 sed
3163 3379 3514 3432 tumultuario

1936 3474 2173 3544 quodam
2203 3475 2426 3541 impetu,
2470 3488 2702 3541 pugnam
2737 3487 2857 3526 cunt
2891 3469 3103 3523 Pisanis
3132 3469 3510 3535 capessebant.

1935 3563 2074 3630 Quin
2109 3562 2440 3630 Lantulphus
2476 3562 2609 3630 ipse,
2661 3560 2752 3614 ubi
2779 3574 2835 3612 se
2877 3558 3113 3612 admovit
3155 3559 3362 3626 primus
3419 3572 3518 3610 na-

1935 3655 2090 3725 vigiis
2145 3653 2471 3714 hostilibus,
2535 3651 2712 3719 ignem
2771 3648 3149 3717 intempestive
3194 3646 3514 3714 jaculatus,

1937 3747 2056 3799 ideo
2113 3755 2315 3798 temere
2365 3754 2420 3796 et
2473 3743 2589 3795 sine
2645 3739 2880 3794 hostium
2928 3740 3129 3793 damno
3163 3739 3467 3806 dispersum
3498 3778 3514 3800 ,

1935 3836 2174 3889 fructum
2210 3834 2413 3888 inventi
2465 3832 2586 3887 novi
2623 3830 3072 3885 nullum-habuit.
3134 3829 3367 3883 Felicior
3416 3827 3520 3882 fuit

1935 3944 2119 3982 comes
2147 3968 2160 3992 ,
2192 3928 2446 3980 Elecnton
2481 3925 2678 3979 dictus.
2714 3923 2762 3977 Is
2818 3937 3063 3992 magnam
3112 3921 3368 3973 audacter
3424 3934 3517 3990 ag-

1935 4033 2156 4085 gressus
2210 4015 2456 4069 Pisanam
2511 4029 2739 4076 navem,
2791 4027 2912 4066 cum
2969 4010 3251 4064 incidisset
3305 4011 3358 4062 in
3398 4011 3517 4077 ejus

1938 4106 2386 4177 gubernaculum,
2423 4105 2606 4170 itaque
2639 4117 2698 4157 se
2725 4101 3100 4170 implicuisset,
3137 4109 3195 4153 ut
3219 4109 3364 4152 retro
3393 4098 3517 4152 inde

1934 4203 2128 4254 cedere
2157 4198 2423 4266 nequiret,
2454 4204 2645 4264 captus
2683 4201 2833 4250 esset
2880 4193 3066 4262 utique
3090 4231 3106 4257 ,
3141 4191 3242 4246 nisi
3275 4205 3517 4260 praesen-

1937 4300 2039 4342 tem
2071 4290 2125 4343 in
2161 4289 2250 4342 tali
2277 4289 2517 4357 periculo
2553 4287 2789 4340 animum
2822 4285 2887 4338 ad
2924 4294 3168 4353 paratam
3222 4283 3520 4353 appulisset

238 4366 310 4435 δὴ
332 4367 425 4418 τὸν
451 4369 546 4420 τοῦ
572 4371 911 4438 Βαῖμούντου
945 4373 1262 4442 ἀδελφιδοῦν
1288 4377 1422 4449 ('76),
1443 4380 1829 4450 ὲξεδειμάτουν

1939 4382 2242 4435 machinam
2295 4381 2606 4432 evenienda:
2645 4377 2873 4431 ﬂammae
2917 4393 3017 4446 per
3065 4375 3246 4429 fauces
3295 4389 3516 4434 aeneas,

240 4462 450 4523 αὐτοὺς
487 4461 562 4522 ὡς
607 4463 896 4531 μέλλοντες
940 4470 1104 4536 τιμῆς
1146 4469 1358 4530 πάντας
1395 4472 1758 4540 ἀπεμπολείν,
1792 4475 1824 4544 ἢ

242 4553 678 4618 κατασφάττειν.
727 4555 814 4608 Ὣς
863 4556 920 4606 δὲ
967 4558 1432 4627 ἀκαταπλήκτους
1482 4563 1620 4632 πρὸς
1673 4564 1833 4616 τοῦτο

242 4642 437 4710 ἑώρων
472 4645 670 4707 αὐτοὺς
708 4648 806 4698 καὶ
836 4648 934 4715 τὴν
973 4649 1365 4720 ἀπεμπολησιν
1393 4657 1450 4706 ὲν
1479 4655 1661 4706 οὐδενὶ
1689 4659 1835 4710 τιθε-

245 4738 476 4804 μένους,
508 4738 671 4800 εὐθὺς
707 4740 894 4807 ξίφους
923 4742 1304 4811 παρανάλωμα
1336 4748 1728 4816 πεποιήκασιν.
1769 4750 1830 4801 υἱ

241 4828 301 4881 δέ
323 4846 387 4895 γε
420 4829 865 4899 περιλειφθέντες
908 4832 1001 4885 τοῦ
1039 4834 1341 4887 Πισσαῖκοῦ
1375 4837 1563 4890 στόλου
1602 4842 1739 4909 πρὸς
1770 4844 1830 4896 τὸ

244 4921 345 4983 τὰς
369 4923 793 4992 παρατυχούσας
825 4926 1022 4994 νήσους
1048 4926 1144 4978 καὶ
1169 4926 1268 4997 τὴν
1292 4925 1518 4997 Κύπρον
1543 4929 1829 5000 ληῖςεσθαι

1934 4477 2014 4528 uti
2082 4475 2336 4527 diximus.
2391 4471 2530 4540 Ergo
2583 4471 2632 4522 id
2679 4485 2840 4537 agere
2900 4470 3276 4522 adorsuscum
3321 4479 3511 4528 magna

1929 4566 2170 4637 pernicie
2204 4564 2359 4617 navis
2387 4562 2599 4616 hostilis
2631 4562 2714 4613 cui
2770 4563 3070 4613 adlueserat
3096 4597 3111 4622 ,
3147 4567 3257 4610 tres
3291 4569 3510 4623 quoque

1931 4660 2052 4712 inde
2075 4658 2210 4710 alias
2237 4656 2500 4709 maximas
2530 4667 2652 4708 sese
2681 4661 2900 4705 strenue
2931 4651 3302 4717 circumagens
3323 4647 3512 4698 eadem

1929 4759 2080 4818 peste
2119 4748 2351 4802 incendii
2389 4745 2637 4815 sparsilis
2678 4744 2880 4797 alllavit
2913 4751 2966 4796 et
3004 4738 3326 4806 absumpsit.
3364 4736 3513 4788 inter

1931 4843 2044 4896 lucc
2080 4849 2302 4910 repente
2328 4849 2538 4892 mutato
2578 4846 2737 4890 vento
2762 4879 2774 4902 ,
2811 4833 3017 4888 turbari
3074 4847 3224 4886 mare
3247 4870 3262 4894 ,
3306 4828 3516 4894 mugire

1941 4934 2170 4998 ﬂuctus,
2206 4933 2418 4986 concuti
2447 4939 2663 5001 Lmutuo
2687 4913 2902 4983 (collisu
2947 4942 3112 4981 naves
3162 4934 3216 4978 et
3263 4920 3471 4977 conteri
3496 4961 3512 4987 ,

1339 5043 1538 5104 Varia:
1562 5043 1874 5108 lectiones
1905 5064 1982 5108 ex
2005 5047 2149 5109 cod.
2184 5044 2439 5107 Coislin.

317 5142 339 5173 ³
366 5137 696 5210 Περιχύταν.
771 5144 794 5176 ⁸
823 5143 1052 5210 τούτοις.
1131 5147 1152 5178 ⁸
1178 5146 1449 5218 ἑρῤὁχθει.

1528 5149 1548 5178 ⁸
1585 5147 2004 5221 προσώρμισαν.

1332 5280 1475 5341 Car.
1502 5282 1829 5343 Dufrcsnii
1871 5285 1959 5344 Du
2002 5281 2223 5344 Camii
2260 5291 2446 5343 notm.

324 5380 436 5448 (74)
467 5382 675 5450 Κίίμης
721 5400 809 5446 τις
843 5383 1359 5448 Πελοποννήσιος.
1402 5385 1516 5438 Non
1554 5403 1737 5438 cernes
1776 5389 1827 5440 in

252 5451 648 5514 PclmmIIm-so,
700 5455 792 5505 Sed
847 5456 1128 5514 dignitate,
1195 5471 1290 5507 seu
1353 5456 1528 5510 Oiiiciu
1567 5457 1617 5509 in
1654 5458 1829 5508 classe

253 5537 460 5644 (Saintes,
503 5523 711 5591 origine
767 5522 1210 5590 Peloponnesios.
1271 5525 1402 5578 Vide
1460 5544 1647 5595 supra,
1703 5543 1828 5593 pag.

251 5596 300 5621 ιι

332 5661 440 5730 iiii)
474 5663 736 5727 Σεύτλῳ.
771 5663 1187 5731 Sftt1108,il)llitl)
1255 5668 1427 5721 insula
1489 5669 1628 5721 circa
1682 5667 1829 5720 illio-

1933 5389 2080 5442 tilllll.
2121 5387 2292 5437 Plinio
2324 5385 2594 5440 Scullnsu.
2640 5384 2914 5449 Stephano
2950 5382 3327 5435 Ταύτλουσσα.

2003 5457 2113 5523 (7(5)
2150 5455 2524 5516 Iiui‘uov'rrcv
2544 5447 2936 5522 ἀδελφιδοῦν.
2960 5455 3090 5518 Quis
3107 5453 3191 5503 illc
3214 5447 3520 5523 linenmndi.

1934 5518 2122 5593 nepos,
2158 5529 2237 5576 Vel
2281 5526 2477 5584 ullinis.
2519 5518 2840 5590 quein'cuin
2875 5523 3086 5593 Pis-anis
3120 5518 3510 5593 n:_ivigass§__a_it

1933 5583 2119 5653 Anna,
2167 5612 2232 5648 ex
2283 5583 2480 5650 nostris
2525 5583 2884 5665 scriptoribus
2928 5591 3068 5646 baud
3140 5583 3329 5656 liquet.
3369 5583 3508 5642 Vide

1929 5685 2050 5737 pag.
2077 5665 2198 5720 ὖυιί.
