3974 6208
537 233 650 296 855

1841 241 2068 301 ΑΝΝᾹΞ
2107 241 2486 305 (ΖΟΜΝΕΝᾹΞ
3131 279 3140 288 ο
3613 254 3696 319 856

539 342 770 397 stridere
822 351 1175 398 antennarum
1235 358 1434 398 cornua
1466 383 1481 407 ,
1531 345 1700 417 frangi
1753 364 1817 403 ac
1874 350 2100 418 discerpi

2215 351 2545 421 ἀπέϐλεψαν.
2609 352 2778 407 Ἔνθα
2833 351 3018 424 τυχὼν
3068 353 3095 406 ὁ
3147 353 3428 425 Φιλοκάλης
3477 357 3698 428 Εὒμάθιος

446 452 460 508 ρ
533 437 671 504 vela,
708 437 940 507 denique
971 437 1020 490 in
1081 436 1332 506 przcsenti
1366 437 1722 496 demersionis
1756 443 1991 510 periculo
2045 461 2114 504 ac.

531 537 682 584 metu
730 544 896 583 naves
938 543 1080 583 esse.
1126 528 1439 586 Communis
1508 532 1596 585 hic
1651 545 1767 586 erat
1827 536 2105 589 ambarum

532 621 766 688 partium
808 631 1023 687 terror;
1063 621 1147 672 illa
1185 624 1401 691 prepria
1457 625 1687 678 formido
1739 628 2059 682 Pisanornm
2089 669 2104 693 ,

531 712 670 777 ignis
706 713 924 766 missilis
955 729 1231 782 nunquam
1273 716 1380 770 illis
1415 718 1525 769 visa
1583 736 1790 787 usuque
1833 731 2104 791 comperta

531 815 763 868 natura;
828 821 949 858 nam
1005 821 1129 860 cum
1165 808 1303 874 ignis
1356 818 1513 862 notus
1556 822 1761 864 rectum
1796 822 1852 866 et
1908 823 2105 867 statum

532 898 785 964 impetum
824 896 1019 950 haheat
1049 899 1245 950 cadum
1273 914 1462 954 versus
1486 941 1500 963 ,
1533 902 1617 956 hic
1661 903 1912 956 videbant
1953 913 2005 957 et
2055 907 2105 958 in

531 1002 752 1050 promim
806 987 949 1040 haud
999 988 1353 1042 reluctantem
1401 989 1672 1043 ﬂammam
1707 993 1860 1061 dejici
1893 1033 1908 1055 ,
1938 1007 1992 1048 et
2039 994 2104 1048 ad

529 1077 693 1130 la'era
727 1077 926 1131 vibrari
964 1094 1066 1132 non
1094 1094 1236 1148 εῖδει-ο
1270 1093 1580 1148 sequentem
1619 1084 1721 1136 vim
1771 1094 1823 1138 et
1867 1085 2106 1138 destina-

530 1167 729 1218 tionem
759 1166 1072 1231 iaculantis.
1101 1170 1266 1236 Igitur
1297 1171 1376 1222 ha:
1413 1173 1676 1226 machina!
1703 1175 1968 1227 artilicum
1992 1189 2106 1226 mo-

528 1256 730 1309 litrices
765 1257 1113 1328 fulgetrorum
1148 1274 1260 1312 rem
1293 1274 1357 1314 eo
1386 1261 1468 1312 die
1499 1263 1782 1317 coniecere
1815 1281 1827 1317 :
1871 1264 2103 1333 perculsi

527 1345 670 1397 cnim
707 1347 807 1399 isto
839 1349 1176 1415 potissimum
1215 1349 1354 1402 malo
1387 1349 1606 1405 Barbari
1663 1353 1800 1421 luga!
1835 1369 1893 1408 sc
1947 1370 2108 1408 man-

529 1439 749 1488 darunt.
780 1438 846 1489 At
884 1437 1124 1492 Romana
1159 1439 1348 1494 classis
1383 1443 1613 1495 vitandae
1663 1446 1966 1511 tempestati
1993 1457 2108 1500 sta-

529 1528 728 1579 tionem
787 1530 838 1580 in
892 1544 1129 1596 praesens
1177 1543 1533 1598 opportunam
1585 1535 1729 1602 cepit
1772 1537 1836 1590 ad
1887 1552 2105 1605 parvam

529 1617 758 1670 insulam
813 1620 899 1672 cui
939 1635 1134 1674 nomen
1191 1621 1374 1676 Sentlo
1427 1623 1544 1676 fuit.
1594 1627 1968 1682 Allucescente
2021 1629 2108 1682 die

529 1717 745 1776 postera
815 1723 1090 1765 nmventes
1153 1712 1276 1766 inde
1332 1719 1397 1766 ad
1474 1715 1726 1771 Rhodum
1784 1703 2180 1789 appellunt:B

529 1814 688 1866 quam
723 1798 773 1852 in
827 1799 1056 1854 insulam
1091 1818 1351 1859 exscensu
1400 1805 1628 1862 Rmnani
1673 1809 1811 1864 facto
1845 1812 2106 1878 quosdam

527 1904 559 1940 e
606 1887 812 1943 Litinis
860 1901 1090 1959 emptos,
1139 1893 1192 1946 in
1244 1895 1310 1948 iis
1358 1899 1739 1951 consobrinmn
1786 1901 2107 1968 Baimundi,

529 1990 732 2032 terrere
767 1981 940 2047 primo
971 1983 1306 2036 conabantur
1355 1995 1497 2039 metu
1542 1989 1839 2052 servitutis,
1892 2001 1945 2043 et
1976 2006 2109 2044 ven-

528 2069 751 2125 ditionis
789 2071 1033 2138 miserae;
1065 2088 1250 2127 verum
1287 2091 1407 2130 cum
1446 2078 1576 2131 nihil
1600 2079 1721 2132 inde
1753 2083 1954 2135 moveri
1981 2099 2108 2150 cos,

531 2175 582 2214 et
620 2175 828 2216 tantum
858 2167 1275 2234 manripatiouis
1315 2169 1589 2225 vilissima:
1637 2174 1870 2227 dedecus
1901 2190 1996 2240 pro
2029 2177 2112 2227 ni-

531 2255 640 2308 hilo
696 2257 840 2324 ipsos
901 2258 1102 2312 habere
1153 2260 1707 2326 animadverterunt,
1773 2266 2112 2319 trucidarunt

531 2348 835 2402 imiversos.
869 2349 1046 2403 Pisani
1083 2354 1404 2420 superstites
1443 2357 1623 2408 caeteri
1652 2357 1717 2410 ad
1749 2359 1954 2414 insulas
2013 2361 2110 2415 de-

532 2439 869 2504 pranlnndas,
915 2442 1218 2507 praisertim
1243 2443 1501 2514 Cyprum,
1534 2447 1849 2514 adjecerunt
1877 2450 2105 2504 animos.

531 2527 767 2595 tlyprum
806 2531 1146 2598 gubernabat
1181 2542 1290 2587 tum
1326 2534 1625 2590 Pliilocales
1648 2535 1988 2604 Eumatbius,
2015 2542 2110 2609 qui

529 2629 754 2688 repente
811 2622 861 2674 in
915 2621 1136 2678 Latinos
1187 2641 1309 2680 cum
1345 2629 1514 2696 copiis
1570 2631 1762 2699 movit,
1803 2633 1964 2690 simul
2018 2650 2111 2690 co-

531 2713 713 2780 guovit
749 2712 910 2784 337
937 2717 1193 2783 appulsos
1227 2735 1243 2773 :
1275 2729 1531 2790 tantoque
1562 2722 1706 2792 ipsos
1736 2732 1943 2779 terrore
1972 2726 2105 2781 alle-

529 2806 604 2858 a-it
642 2812 702 2858 ut
731 2819 954 2860 suorum
986 2809 1158 2876 obliti,
1187 2825 1323 2878 quos
1351 2827 1453 2866 non
1483 2829 1681 2881 paucos
1701 2816 1810 2884 jam
1839 2816 1904 2870 ad
1937 2819 2111 2886 pabu-

529 2894 746 2949 landum
783 2897 833 2950 in
872 2898 1104 2954 insulam
1134 2902 1449 2966 emiserant,
1481 2906 1663 2959 statim
1716 2921 1840 2960 cum
1889 2917 2103 2976 pertur-

528 2986 750 3040 batione
779 2990 1052 3043 solverent
1080 2989 1400 3046 Laodiceam
1433 3009 1640 3057 versus.
1663 3000 1728 3050 ad
1751 2997 2105 3054 Baimundum

528 3075 618 3128 cui
649 3091 707 3129 se
742 3092 948 3144 suaque
983 3078 1213 3133 libenter
1259 3082 1468 3137 scilicet
1517 3087 1798 3154 accipienti
1830 3097 1883 3141 et
1923 3100 2106 3145 mutua

530 3168 816 3234 spondenti
854 3168 1120 3224 detulere.
1157 3170 1225 3224 At
1251 3172 1352 3233 illi,
1386 3189 1524 3242 quos
1550 3177 1804 3242 diximus,
1841 3182 2021 3236 miseri
2050 3183 2100 3236 in

530 3257 766 3326 Cyprum
797 3260 1023 3328 expositi
1060 3261 1418 3329 praedatores,
1455 3264 1544 3319 ubi
1582 3269 1647 3320 ad
1683 3267 1838 3325 littus
1882 3273 2108 3334 reversi,

532 3350 762 3403 classem
803 3367 906 3403 non
934 3353 1188 3409 viderunt
1229 3373 1378 3411 suam
1405 3401 1420 3424 ,
1453 3360 1830 3430 desperatione
1865 3366 1970 3419 acti
2002 3382 2116 3418 nia-

533 3457 632 3508 gtta
673 3441 1015 3511 proiecerunt
1055 3461 1113 3500 se
1151 3448 1203 3502 in
1234 3464 1400 3515 mare,
1436 3451 1616 3522 ibique
1643 3453 1695 3507 in
1745 3457 1900 3525 aquis
1925 3459 2122 3526 praefo-

531 3530 638 3583 cziti
673 3543 817 3586 sunt.
861 3532 1064 3590 Debinc
1094 3539 1261 3593 duces
1289 3537 1551 3597 Romanae
1581 3543 1776 3600 classis
1798 3588 1814 3610 ,
1865 3557 1920 3600 et
1977 3547 2119 3600 Lan-

536 3624 753 3689 tulpbus
777 3626 890 3694 ipse
924 3627 976 3682 in
999 3629 1233 3698 Cyprum
1263 3635 1648 3691 convenientes
1681 3638 1864 3693 habito
1893 3640 2119 3692 consilio

2218 445 2338 497 κατ’
2381 445 2563 499 αὐτῶν
2633 447 2794 502 ἵεται.
2840 447 2903 500 Ol
2960 446 3018 499 δὲ
3070 447 3194 515 περὶ
3255 448 3346 510 τὰς
3402 447 3520 512 ναῦς
3561 451 3696 524 δειλία

2217 533 2500 601 σχεθέντες
2571 534 2708 603 μηδὲ
2766 534 2861 589 τοῦ
2899 535 3130 599 ἐξιόντος
3162 537 3423 606 προνομῆς
3451 538 3586 608 χάριν
3612 543 3696 596 ἀπὸ

2213 621 2324 675 τῶν
2371 623 2575 675 πλοίων
2605 622 2786 676 αὐτῶν
2821 623 2954 676 λαοῦ
2989 625 3418 693 πεφροντικότες,
3463 625 3582 677 ἀλλὰ
3605 629 3701 692 τοὺς

2217 714 2472 778 πλείονας
2531 717 2660 784 περὶ
2716 716 2816 783 τὴν
2879 719 3043 786 νῆσον
3094 716 3366 779 ἐάσαντες,
3417 717 3704 782 ἀσυντάκτως

2215 805 2358 856 οὕτω
2399 803 2662 868 λύσαντες
2689 807 2759 858 τὰ
2796 807 3116 876 πρυμνήσια
3152 807 3283 877 πρὸς
3323 806 3416 877 τὴν
3448 809 3704 863 Λαοδίκειαν

2216 896 2514 957 ἀπέπλεον.
2555 898 2646 950 τὸν
2706 898 3042 968 Βαῖμοῦντον
3093 898 3186 950 ἐπὶ
3220 897 3341 951 νοῦν
3381 900 3590 969 ἔχοντες.
3627 903 3707 955 Καὶ

2215 986 2279 1056 δὴ
2309 987 2436 1040 καὶν
2460 987 2862 1050 καταλαϐόντες
2886 986 3378 1059 προσεληλύοεισάν
3409 1005 3463 1039 τε
3491 989 3614 1057 αὐτῷ
3641 992 3708 1043 καὶ

2215 1078 2313 1150 τὴν
2341 1079 2459 1148 μετ’
2496 1079 2662 1132 αὑτοῦ
2707 1079 2932 1149 ἀγάπην
2967 1079 3305 1144 ἀσπάζεσθαι
3339 1080 3536 1148 ἔλεγον.
3579 1081 3629 1133 '0
3654 1083 3709 1147 δὲ,

2215 1174 2399 1234 ὁποῖος
2448 1173 2654 1234 ἐκεῖνος
2675 1173 2932 1238 ἀσμένως
2981 1171 3183 1232 αὐτοὺς
3219 1171 3548 1239 ὑποδέχεται.
3592 1172 3712 1225 Ἐπεὶ

2215 1260 2260 1313 δ’
2287 1262 2336 1313 οἱ
2370 1261 2498 1330 περὶ
2543 1260 2644 1330 τὴν
2680 1260 2836 1328 ἠϊόνα
2860 1258 3312 1326 καταλειφθέντες
3343 1258 3712 1330 λαφυραγωγῑας

2215 1351 2377 1404 ἕνεκα
2419 1351 2860 1420 ὑποστρέψαντες
2909 1353 3000 1404 τὸν
3030 1349 3164 1403 tam
3209 1350 3387 1402 στόλον
3418 1352 3507 1419 οὺχ
3550 1350 3713 1419 ἑώρων,

2216 1443 2473 1514 ἔρριπτον
2525 1440 2754 1503 ἑαυτοὺς
2807 1441 3042 1509 ἀφειδῶς
3091 1441 3172 1502 εἰς
3223 1440 3318 1510 τὴν
3364 1439 3612 1494 θάλασσαν
3648 1445 3718 1493 καὶ

2216 1531 2605 1600 ἀπεπνίγοντο.
2649 1533 2712 1584 Ol
2752 1533 2806 1585 δὲ
2846 1531 2941 1584 τοῦ
2995 1532 3305 1602 Ῥωμαῖκοῦ
3355 1531 3527 1585 στόλου
3558 1531 3718 1583 θαλασ-

2219 1626 2545 1694 σοκράτορες
2569 1626 2663 1677 καὶ
2687 1625 2848 1687 αὐτὸς
2869 1624 2934 1694 δὴ
2959 1627 2986 1678 ὁ
3012 1624 3354 1692 Λαντοῦλφος
3381 1623 3718 1683 καταλαϐόντες

2212 1719 2312 1789 τὴν
2345 1717 2575 1788 Κύπρον
2607 1716 3034 1786 συνεληλυθότες
3067 1719 3196 1787 περὶ
3245 1719 3459 1786 εἰρήνης
3493 1715 3722 1785 ἐπερωτᾷν

2213 1812 2589 1864 ἐϐουλεύοντο.
2627 1811 2854 1863 Πάντων
2887 1806 2982 1863 οὖν
3027 1808 3583 1879 όμογνωμονησάντων
3622 1810 3727 1874 πρὸς

2211 1904 2392 1968 τοῦτο,
2425 1903 2706 1954 στέλλεται
2731 1903 2758 1953 ὁ
2791 1902 3168 1971 Βουτουμίτης
3214 1899 3346 1969 πρὸς
3376 1900 3460 1951 τὸν
3505 1897 3726 1965 Βαῖμοῡν-

2210 2013 2324 2049 τον.
2381 1995 2584 2046 Τοῦτον
2647 1989 2742 2046 οὖν
2803 1992 3149 2062 Θεασάμενός
3203 1991 3297 2045 καὶ
3349 1988 3730 2061 παρακατασχὼν

2213 2086 2305 2140 ἐπὶ
2332 2086 2483 2148 ὅλαις
2526 2085 2687 2137 πέντε
2724 2085 2816 2136 καὶ
2853 2083 2985 2136 δέκα
3019 2085 3257 2154 ἡμέραις
3290 2083 3409 2134 ἐπεὶ
3459 2081 3548 2149 τὴν
3585 2078 3732 2132 Accii.

2215 2196 2373 2232 κειαν
2422 2177 2518 2230 καὶ
2551 2177 2708 2245 λιμὸς
2738 2175 3064 2244 κατειλήφει
3091 2177 3192 2228 καὶ
3218 2177 3245 2227 ὁ
3272 2173 3580 2242 Βαῖμοῦντος
3602 2169 3728 2230 αὖθις

2215 2267 2548 2338 Βαῖμοῦντος
2575 2264 2640 2338 ἦν
2674 2268 2766 2320 καὶ
2783 2269 2883 2319 οὐκ
2911 2266 3176 2335 ἠλλοίωτο
3208 2264 3328 2318 οὔτε
3365 2266 3463 2336 μὴν
3485 2262 3730 2334 εἰρηνεύειν

2212 2359 2576 2428 ἐμεμαθήκει,
2625 2358 3127 2426 μεταπεμψάμενος
3169 2358 3349 2419 αὐτὸν,
3387 2357 3641 2426 φησιν,οὺ
3659 2351 3733 2405 διὰ

2212 2451 2422 2520 φιλίαν
2453 2448 2491 2515 ἢ
2531 2448 2780 2515 εἰρήνην
2809 2450 2990 2512 αὐτὸς
3025 2447 3314 2503 ἐνταυθοῖ
3354 2446 3731 2515 παραγέγονας.

2212 2539 2350 2597 ἀλλ’
2373 2539 2464 2608 ἐφ’
2479 2533 2526 2602 ᾧ
2544 2539 2648 2604 τὰς
2663 2538 2810 2606 ἐμὰς
2832 2537 3141 2607 ἐμπρῆσαι
3159 2537 3326 2602 ναῦς.
3354 2538 3529 2588 Ἄπιθι
3544 2532 3730 2585 τοίνυν·

2211 2632 2386 2703 ἀρκεῖ
2431 2633 2542 2701 γάρ
2589 2647 2689 2686 σοι
2735 2632 2905 2684 τοῦτο
2936 2631 3025 2694 τὸ,
3073 2630 3617 2698 ἀνακρωτηρίαστον
3642 2621 3734 2676 τῶν

2212 2723 2471 2780 ἐνταῦθα
2529 2721 2936 2792 ἀπολυθῆναι.
2971 2722 3227 2790 Ἀπάρας
3261 2716 3352 2774 οὖν
3385 2717 3576 2772 ἐκεῖθεν
3597 2730 3732 2766 κατα-

2213 2813 2486 2884 λαμϐάνει
2511 2814 2636 2876 τοὺς
2659 2813 2824 2866 αὑτὸν
2853 2811 3292 2874 ἀποστείλαντας
3321 2810 3444 2878 περὶ
3465 2807 3562 2860 τὸν
3579 2803 3735 2873 λιμένα

2224 2905 2328 2975 τῆς
2366 2905 2614 2976 Κύπρου.
2648 2906 2759 2958 Καὶ
2785 2903 2882 2972 τὴν
2909 2901 3252 2973 Βοῖμούντου
3287 2900 3521 2970 πονηρὰν
3553 2895 3735 2964 γνώμην

2218 2998 2482 3052 ὲπιπλὲον
2507 2999 2572 3050 ἐκ
2600 2996 2706 3050 τῶν
2734 2996 2947 3048 ἐκεῖθεν
2975 2996 3319 3066 μηνυμάτων
3357 2990 3636 3058 διαγνόντες
3662 2982 3738 3036 καὶ

2216 3091 2292 3154 ὡς
2346 3090 2612 3145 ἀδύνατον
2656 3087 2990 3141 σπείσασθαι
3034 3087 3184 3156 μετὰ
3246 3087 3340 3139 τοῦ
3374 3081 3736 3151 αὐτοκράτορος.

2211 3182 2420 3234 ἐκεῖθεν
2452 3181 2760 3250 ἀπάραντες
2787 3180 2930 3242 ὅλοις
2958 3179 3158 3241 ἱστίοις
3192 3177 3289 3249 τὴν
3337 3176 3466 3249 πρδς
3490 3173 3578 3243 τὴν
3607 3186 3740 3241 μεγα·

2214 3271 2443 3325 λόπολιν
2492 3272 2665 3341 ὑγρὰν
2717 3270 2994 3324 ὑπέπλεον
3047 3270 3334 3348 κέλευθον.
3390 3265 3534 3320 Κατὰ
3574 3263 3621 3314 δὲ
3665 3258 3739 3326 τὴν

2216 3363 2397 3433 Συκῆν
2426 3363 2539 3432 (77)
2568 3362 2862 3432 τρικυμίας
2918 3361 3173 3433 μεγάλης
3214 3361 3308 3414 καὶ
3335 3357 3588 3412 κλυδώνου
3611 3355 3629 3385 ⁸
3655 3351 3739 3404 διε·

2217 3473 2279 3521 γε
2290 3457 2511 3525 ρθέντος
2539 3453 2794 3525 σφοδροῦ,
2821 3455 2893 3508 τὰ
2921 3454 3083 3508 πλοῖα
3116 3457 3190 3525 τῇ
3219 3453 3398 3524 χέρσῳ
3419 3444 3740 3522 προσραγὲντι

2223 3547 2577 3617 ἡμίθραυστα
2610 3547 2790 3599 πάντα
2845 3545 3104 3616 γεγόνασι
3171 3544 3311 3616 πλὴν
3363 3543 3466 3597 τῶν
3523 3541 3640 3594 νεῶν
3685 3526 3740 3587 ὧν

2219 3641 2452 3708 ἐξῆρχεν
2501 3640 2529 3691 ὁ
2564 3639 2844 3702 Τατίκιος.

532 3718 889 3776 decreverunt
913 3723 977 3778 de
1008 3727 1281 3780 communi
1309 3728 1549 3784 omnimn
1584 3738 2109 3790 scntenliatractare
2147 3736 2214 3789 de
2268 3749 2417 3802 pace.
2472 3733 2688 3788 Electus
2729 3734 2796 3788 ad
2863 3731 2918 3786 id
2967 3731 3272 3787 Butumites
3348 3729 3437 3800 qui
3485 3724 3646 3782 statim
3689 3711 3740 3767 ad

532 3811 892 3868 Baimuudum
919 3831 976 3869 se
1027 3819 1260 3872 contulit
1293 3837 1306 3874 :
1343 3828 1395 3874 et
1469 3825 1607 3892 apud
1687 3842 1808 3879 eum
1870 3829 1983 3882 dies
2046 3837 2185 3883 totos
2217 3827 2465 3882 detentus
2491 3835 2572 3880 est
2603 3825 2935 3893 quindecim.
2956 3825 3022 3878 At
3047 3822 3386 3878 Baimundus
3417 3823 3545 3876 idem
3570 3824 3741 3880 semper

537 3911 678 3966 erat,
713 3905 848 3960 nihil
882 3908 948 3960 ab
979 3909 1067 3961 illo
1093 3908 1434 3966 frattdulento
1487 3917 1634 3984 pacis
1686 3927 1739 3970 et
1797 3931 2109 3986 pacatarum
2154 3921 2349 3972 artium
2379 3918 2596 3972 indocili
2671 3926 2932 3971 mutatus.
2997 3915 3243 3969 Tandem
3301 3930 3430 3985 ergo
3474 3908 3740 3967 accersitum

535 3993 846 4050 Bntumiteu
921 4000 1002 4052 sic
1048 4002 1331 4055 minaciter
1377 4006 1568 4062 allatus
1623 4018 1750 4062 est:
1812 4009 1933 4064 Non
1985 4013 2084 4064 huc
2138 4022 2194 4064 tu
2233 4011 2480 4064 anticitia:
2505 4021 2596 4064 aut
2633 4010 2778 4078 pacis
2806 4009 2988 4062 venisti
3018 4023 3207 4072 causa,
3245 4008 3336 4061 sed
3358 4004 3742 4060 incendendath

532 4104 768 4141 mearum
803 4088 1040 4144 navium:
1081 4092 1256 4160 itaque
1279 4096 1366 4161 [ac
1392 4097 1546 4150 abeas
1566 4116 1724 4165 quam
1757 4104 2004 4170 primum,
2053 4113 2100 4154 et
2140 4103 2276 4172 quod
2309 4103 2516 4171 fraudis
2555 4113 2715 4156 tanta:
2741 4103 2982 4156 conscius
3050 4118 3082 4154 ιι
3156 4102 3308 4156 nobis
3359 4097 3538 4153 inultis
3588 4095 3740 4159 ὶηιεςει

534 4194 691 4251 “"I'le
736 4184 934 4238 ίίιαιευδ
980 4185 1286 4249 dimitteris,
1327 4189 1382 4240 in
1460 4191 1607 4244 lucro
1657 4210 1808 4263 pone.
1862 4197 1996 4250 Cum
2069 4198 2153 4252 his
2231 4215 2448 4254 reverso
2495 4195 2763 4251 Bntumite
2794 4196 2859 4248 ad
2887 4209 2982 4249 eos
3010 4209 3039 4247 a
3067 4197 3272 4264 quibus
3330 4195 3522 4248 missus
3569 4193 3742 4253 fuerat,

535 4276 858 4330 consultatio
885 4277 950 4330 ab
979 4277 1043 4329 iis
1090 4281 1449 4334 communiter
1489 4283 1790 4340 instituitur
1839 4289 1890 4340 in
1942 4288 2102 4358 Cypri
2147 4302 2325 4359 portu.
2363 4290 2438 4344 lbi
2475 4290 2638 4344 altius
2709 4287 3039 4352 introspecta
3099 4301 3168 4341 ex
3220 4286 3524 4341 recentibus
3570 4277 3741 4335 indiciis

534 4367 738 4421 malitia
774 4366 1076 4433 Baimundi,
1099 4370 1490 4441 desperataque
1558 4375 1697 4429 inter
1738 4378 1911 4446 ipsum
1975 4390 2030 4434 et
2079 4380 2456 4454 imperatorem
2529 4379 2840 4438 concordia.
2886 4375 3018 4432 nihil
3061 4387 3190 4431 tunc
3259 4377 3474 4446 quidem
3510 4375 3742 4428 decernere

534 4479 596 4514 se
645 4476 802 4529 posse
890 4471 1223 4531 putaverunt
1275 4467 1576 4523 consultius
1645 4485 1806 4535 quam
1854 4472 1898 4524 si
1951 4473 2179 4527 classem
2221 4473 2396 4542 plenis
2431 4472 2561 4526 velis
2586 4469 3112 4539 Constantinopolim
3141 4469 3430 4524 referrent.
3461 4468 3513 4521 In
3539 4473 3740 4520 eocursu

532 4571 656 4610 cum
691 4564 870 4610 essent
901 4569 1065 4624 prope
1099 4555 1274 4626 Sycen
1307 4559 1454 4627 gravi
1488 4574 1550 4614 ac
1581 4563 1878 4616 vehementi
1916 4565 2106 4618 oborta
2149 4575 2469 4636 tempestate
2498 4572 2650 4618 vasto
2675 4562 2938 4616 ﬂuctuum
3006 4570 3062 4614 et
3090 4571 3382 4614 ventorum
3435 4562 3617 4628 impetu
3688 4556 3745 4604 al-

533 4648 616 4703 lisi
659 4649 724 4700 ad
756 4657 954 4700 terram
984 4654 1134 4711 sunt,
1163 4651 1536 4718 conqu:iss:itis
1559 4653 1829 4710 universis
1850 4658 2099 4721 navibus,
2145 4668 2337 4725 praeter
2368 4673 2460 4711 eas
2503 4657 2698 4724 quibus
2727 4653 2940 4723 proprie
2976 4651 3219 4706 Taticius
3261 4659 3510 4719 prmerat.

607 4744 704 4798 llic
735 4757 1024 4798 successus
1053 4743 1247 4799 classis
1301 4745 1510 4800 Pisana:
1546 4748 1667 4815 fuit,
1715 4758 1768 4804 et
1795 4752 2104 4820 cxpeditio-
2141 4757 2181 4808 υ

533 4837 633 4891 nis.
651 4834 860 4889 navalis
897 4834 1020 4904 ejus
1052 4835 1342 4889 occasione
1375 4850 1666 4909 suscepta).
1715 4842 1936 4895 Interim
1990 4843 2113 4896 Bai-

534 4925 774 4979 mundus
801 4942 900 4993 pro
932 4943 1032 4980 sua
1066 4935 1266 4982 caetera
1296 4927 1655 4985 solertissima
1693 4937 1952 5000 versutia,
1987 4937 2118 4989 vidit

2293 4751 2455 4804 Ἀλλὰ
2478 4750 2546 4803 τὰ
2581 4750 2678 4819 μὲν
2717 4746 2858 4801 κατὰ
2885 4747 2980 4799 τὸν
3029 4744 3333 4798 Πισσαῖκὸν
3365 4743 3544 4797 στόλον
3571 4735 3660 4795 ὧδέ
3682 4753 3744 4788 πω

2223 4845 2666 4915 προκεχωρήκει.
2705 4841 2766 4894 '0
2797 4839 2856 4893 δὲ
2890 4836 3232 4908 Βαῖμοῦντος
3272 4835 3436 4906 φύσει
3483 4833 3743 4901 πονηρότα-

2223 4953 2311 4998 τος
2338 4933 2412 4986 ὢν
2439 4933 2627 4986 ἐδεδίει
2665 4931 2743 5001 μὴ
2767 4932 2828 4984 τὸ
2868 4928 3144 5000 Κούρικον
3165 4926 3284 4999 (78)
3321 4929 3349 4981 ὁ
3371 4926 3614 4999 βασιλεὺς
3640 4938 3745 4990 προ·

1613 5047 1813 5108 Variae
1856 5047 2170 5110 lectiones
2200 5065 2275 5109 ex
2306 5047 2448 5108 cod.
2485 5046 2743 5108 Coislin.

603 5144 622 5174 "
657 5145 752 5195 καὶ
793 5143 881 5213 δή.
957 5144 978 5175 ³
1013 5145 1312 5210 κλύδωνος.

1608 5257 1747 5318 Car.
1779 5255 2104 5319 Dufresnii
2135 5258 2224 5317 Du
2264 5255 2482 5333 Cangii
2540 5265 2730 5316 notae.

605 5358 716 5424 (77)
749 5356 974 5421 Svmir.
1015 5355 1185 5426 δείδω,
1245 5360 1406 5412 hodie
1437 5356 1652 5419 Culum,
1687 5371 1739 5412 et
1791 5358 1947 5422 Pera,
1984 5361 2109 5413 olim

536 5434 688 5482 urbis
719 5429 825 5483 ει).
876 5442 974 5480 λιιι
1022 5430 1187 5497 regio.
1221 5428 1356 5484 Vide
1421 5429 1565 5484 Uial.
1620 5442 1863 5484 nostram
1925 5430 2110 5484 Gallo.

535 5501 882 5570 Byzantii“).
917 5513 970 5559 ν,
1016 5514 1068 5550 n.
1104 5498 1195 5570 52.

605 5572 718 5640 (78)
753 5567 1072 5639 Κούρικον.
1123 5568 1324 5621 Ciliciae
1357 5573 1506 5634 urbs,
1542 5571 1593 5623 in
1636 5587 1739 5638 qua
1766 5569 2108 5625 Justinianus

536 5640 662 5708 imp.
692 5642 939 5696 balneum
979 5649 1030 5695 ct
1066 5642 1336 5709 πτωχεῖον
1386 5641 1688 5705 renovavit,
1721 5653 1776 5697 ut
1803 5652 1993 5697 auctor
2025 5653 2108 5700 cst

2215 5359 2535 5430 Procopius,
2565 5357 2658 5412 lib.
2695 5375 2723 5410 v
2784 5358 2858 5412 De
2900 5359 3047 5426 wdif.
3077 5359 3222 5430 Just.
3251 5372 3528 5422 extremo;
3563 5359 3747 5430 Camn}

2217 5429 2423 5482 Sanuto
2457 5429 2550 5484 lib.
2591 5445 2652 5491 tt,
2683 5441 2824 5496 part.
2866 5446 2939 5492 tv,
2972 5444 3092 5490 cap.
3133 5429 3201 5483 26
3231 5449 3246 5485 :
3287 5431 3483 5492 σαντα.
3516 5431 3744 5496 Tagenotll

2215 5500 2381 5554 l’atau
2406 5516 2420 5565 ;
2448 5493 2705 5569 Corycus,
2732 5501 2995 5570 innotitiga
3016 5499 3218 5565 Graec;
3244 5500 3403 5564 Curc,
3435 5493 3745 5570 Willebraoilc

2213 5573 2281 5643 ab
2312 5564 2618 5643 Oldenlmi‘g
2648 5572 2700 5622 in
2728 5566 2917 5643 Itiucr.
2947 5567 3007 5622 T.
3040 5570 3099 5625 S.
3129 5564 3216 5623 ubi
3245 5573 3599 5643 describitur;
3629 5564 3744 5643 hodit

2213 5639 2404 5695 (Ζηνί-ο.
2467 5633 2658 5710 Ejusce
2689 5641 2893 5711 Oppidi,
2932 5643 3077 5712 quod
3126 5644 3225 5698 sub
3278 5641 3543 5697 Armenia:
3572 5633 3743 5702 regibus

2213 5854 2238 5862 ε
