3974 6208
466 283 574 348 859

1779 275 2008 338 ΑΝΝκΕ
2051 274 2428 337 ςοΜΝΕΝλΕ
3568 273 3657 339 εθο

468 402 592 449 rent
636 392 704 446 ad
744 391 1105 447 Baimundum
1156 387 1376 445 :simul
1433 387 1599 444 etiam
1653 387 2037 458 invigilaturas

2148 384 2388 437 ταλιπὼν
2433 383 2579 438 κατά
2622 383 2725 446 τάς
2762 380 2862 436 τοῦ
2922 379 3315 453 αὐτοκράτορος
3370 380 3652 450 είσηγήσεις

469 484 733 540 custodiae
764 484 948 554 Cypri.
985 483 1111 537 Haec
1140 483 1321 536 omnia
1351 481 1513 550 plane
1542 481 1619 536 uti
1647 479 1834 551 jussus
1858 479 2037 533 fuerat

470 590 735 633 exectttus
795 578 1111 632 Eustathius
1155 576 1681 645 Constantinopolim
1725 592 1784 632 se
1830 576 2036 642 retulit,

470 671 703 738 amplam
759 670 830 733 ibi
861 671 931 724 ob
962 685 1082 723 eam
1119 684 1231 723 rem
1270 669 1501 723 feliciter
1541 668 1884 736 ﬁdeliterque
1912 684 2042 721 con:

471 762 692 823 lectam,
731 761 800 815 ab
848 761 1182 831 imperatore
1229 760 1441 815 laudem
1485 770 1538 815 et
1592 761 1784 814 merita
1814 757 2039 829 prmmia

469 862 822 908 ωηεεοιιιιιε.

542 944 602 998 Et
645 945 758 997 lucc
807 943 1026 1012 quidem
1070 942 1136 995 de
1201 941 1421 996 Curico.
1468 942 1695 995 Evolnto
1737 942 1867 997 hinc
1898 956 2043 995 anno

470 1034 675 1088 certior
740 1032 918 1087 factus
952 1033 1255 1099 Imperator
1291 1032 1468 1097 parari
1511 1032 1855 1086 Genuensem
1899 1031 2042 1085 clas-

471 1142 582 1181 8cm
632 1125 688 1178 in
745 1126 1002 1178 auxilimn
1054 1121 1422 1184 Francorum.
1459 1124 1633 1177 sensit
1695 1122 1875 1177 statim
1937 1138 2041 1175 non

472 1215 767 1271 mediocris
813 1215 1039 1283 periculi
1070 1231 1184 1269 rem
1224 1230 1369 1278 esse,
1404 1231 1503 1268 nec
1544 1217 1611 1267 ah
1663 1213 2045 1268 Genuensihus

471 1308 681 1361 minora
740 1307 988 1361 Romano
1047 1305 1280 1375 imperio
1325 1306 1521 1360 damna
1559 1321 1775 1374 quama
1833 1305 2046 1360 Pisanis

473 1402 669 1452 merito
702 1399 964 1454 timenda.
993 1397 1136 1466 Ergo
1166 1408 1226 1452 ut
1262 1398 1329 1452 ils
1364 1405 1675 1451 occurreret
1706 1396 2045 1452 Cantacnze-

474 1505 601 1542 num
635 1505 756 1542 cum
804 1489 1017 1544 idoneis
1072 1489 1244 1556 copiis
1297 1503 1392 1557 per
1438 1489 1808 1542 continentem
1840 1488 2043 1552 mittit;

2142 477 2580 545 ἐπαναξεύγνυσι
2606 477 2744 547 πρὸς
2768 475 2868 547 τὴν
2905 474 3290 545 μεγαλόπολιν,
3319 473 3407 525 καὶ
3440 473 3656 542 μεγάλως

2142 570 2296 639 παρά
2329 568 2425 622 τοῦ
2464 570 2878 640 αὐτοκράτορος
2921 566 3228 627 ἐπαινεθεὶς
3271 564 3494 627 δαψιλῶς
3528 583 3662 633 πεφι-

2141 658 2458 730 λοτίμηται.
2512 658 2676 713 Ἀλλά
2703 658 2876 713 ταῦτα
2907 658 3007 730 μέν
3030 657 3105 710 τὰ
3144 655 3289 733 κατά
3322 654 3382 708 τὸ
3412 654 3662 726 Κούρικον.

2212 920 2368 975 Μετά
2390 920 2447 974 δὲ
2482 921 2847 991 παραδρομὴν
2881 919 3136 974 ἐνιαυτοῦ
3168 918 3460 987 ἀναμαθὼν
3481 920 3506 971 δ
3541 919 3671 987 βασις

2145 1011 2274 1075 λεὺς
2304 1013 2387 1065 ὅτι
2428 1013 2523 1064 καὶ
2560 1011 2843 1075 Γενούσιος
2881 1013 2924 1045 ’⁸
2971 1010 3157 1073 στόλος
3211 1010 3323 1081 (8i)
3358 1011 3434 1072 είς
3480 1026 3671 1078 cuppa-

2145 1103 2271 1173 χηίαν
2309 1103 2420 1158 τῶν
2445 1103 2718 1173 Φράγγων
2748 1102 2988 1168 ἐξελθεῖν
3031 1101 3398 1168 ἐτοιμάζεται.
3439 1102 3672 1168 στοχασά-

2150 1213 2311 1265 μενος
2348 1198 2431 1249 ὅτι
2456 1196 2519 1250 ού
2566 1196 2771 1264 μικρᾶς
2813 1193 3019 1264 βλάϐης
3048 1194 3143 1246 καὶ
3173 1193 3442 1262 παραίτιοι
3486 1192 3672 1244 αὐτοὶΗ

2145 1290 2212 1357 τῇ
2256 1287 2366 1339 τῶν
2428 1286 2720 1356 Ῥωμαίων
2771 1287 2913 1356 ἀρχῇ
2967 1285 3206 1345 ἔσονται,
3241 1284 3329 1337 τὸν
3373 1285 3463 1353 μέν
3493 1287 3675 1339 Revu-

2147 1378 2410 1446 κοοζηνδν
2454 1378 2545 1429 διὰ
2578 1377 2678 1445 τῆς
2724 1377 2962 1446 ἠπείρου
3020 1374 3159 1446 μετά
3197 1375 3514 1443 ἀποχρώσης
3549 1374 3674 1428 δυνάο

2152 1484 2320 1539 μεως,
2349 1469 2443 1521 τὸν
2493 1468 2551 1519 δέ
2599 1467 2952 1535 Λαντοῦλφον
2999 1464 3223 1533 γοργῶςη
3252 1463 3528 1528 ἐξοπλίσας
3566 1463 3676 1533 μετᾶ

472 1580 607 1633 mari
643 1595 777 1634 vero
831 1580 1196 1646 Lantulphum
1227 1594 1349 1634 cum
1403 1579 1578 1632 valide
1615 1588 1823 1631 armata
1870 1578 2043 1632 classe

2153 1559 2344 1616 στόλου
2380 1557 2468 1610 διά
2496 1557 2769 1627 Θαλάττης
2812 1554 3127 1615 ἀπέστειλε,
3170 1554 3677 1625 παρακελευσάμενος

473 1671 727 1725 festinare
781 1669 943 1740 jussit
977 1671 1043 1723 ad
1077 1668 1498 1737 praeoccupanda
1557 1667 1773 1722 insidiis
1809 1667 1922 1721 loca
1955 1671 2048 1722 de-

2150 1648 2303 1718 αὐτῷ
2355 1648 2419 1700 τὸ
2462 1648 2633 1716 τάχος
2679 1647 3016 1700 καταλαϐεῖν
3058 1648 3129 1697 τὰ
3180 1645 3483 1715 κατώτερα,
3530 1646 3602 1713 ἐφ’
3644 1640 3678 1712 ᾧ

473 1716 727 1725 .---..----
781 1716 943 1740 νη.-
1077 1716 1498 1737 ,-...----,,η---
1558 1716 1771 1722 -----ην--
1809 1716 1922 1721 η--
1959 1716 2017 1722 .--

472 1763 766 1829 pressiora,
805 1761 948 1813 unde
999 1762 1050 1813 in
1106 1760 1459 1813 transituram
1528 1758 1656 1812 illac
1702 1757 2041 1813 Genuensem

2150 1738 2244 1790 τον
2275 1716 2426 1806 ⁷μετά
2472 1738 2584 1791 τῶν
2641 1737 2946 1791 Γενουσίων
2999 1739 3182 1791 ἐκεῖσε
3210 1737 3678 1807 διερχομένωνάνα·

471 1855 726 1915 classem,
762 1852 1023 1905 victorem
1073 1866 1138 1904 ex
1173 1860 1291 1905 luto
1330 1853 1590 1917 impetum
1623 1849 1803 1904 facere
1838 1860 2040 1919 posset.

470 1944 568 1999 l'vit
594 1954 803 1997 mature
839 1943 1173 2010 Lantuiplms
1223 1957 1330 2011 quo
1377 1943 1700 2005 imperatum
1741 1952 1859 1995 erat
1895 1959 2042 1998 τρω-

472 2048 649 2090 terum
685 2037 948 2103 sapientis
986 2035 1189 2101 incepti
1215 2049 1525 2090 successum
1562 2035 1644 2089 vis
1678 2034 2045 2101 majorinter—

470 2125 636 2189 cepit.
671 2123 909 2177 Procella
946 2124 1128 2191 gravis
1152 2132 1206 2175 et
1251 2138 1413 2190 supra
1445 2124 1699 2190 quamvis
1740 2123 2041 2177 validarum

471 2215 684 2269 navium
727 2215 1037 2268 firmitatem
1093 2213 1388 2267 vehemens
1440 2213 1688 2267 incubuit
1724 2213 1775 2265 in
1812 2213 2043 2268 classem

470 2312 576 2359 tam
607 2320 747 2359 saeva
777 2314 997 2371 tamque
1029 2304 1360 2358 ineluctabili
1405 2304 1453 2357 vi
1493 2314 1545 2357 ut
1583 2306 1851 2373 plerasque
1880 2318 2045 2360 naves

471 2376 854 2463 frangerentur
908 2397 1093 2462 utique
1126 2414 1140 2450 :
1176 2411 1311 2464 quas
1343 2395 1464 2449 ideo
1513 2396 1811 2449 subductas
1845 2396 1899 2450 in
1938 2406 2045 2450 ter-

471 2494 584 2539 ram
607 2486 768 2539 linire
800 2487 921 2556 pice
951 2501 1015 2540 ac
1058 2495 1453 2547 crassamento.
1492 2496 1802 2553 caeteraque
1861 2503 2044 2541 resar-

470 2578 581 2630 cire
605 2590 736 2630 cura
771 2576 891 2645 ejus
919 2575 1134 2646 generis
1161 2590 1383 2631 necesse
1410 2577 1530 2631 fuit.
1565 2577 1679 2630 Hae
1710 2577 1827 2632 vice
1861 2593 2045 2632 rerum

470 2664 854 2720 Cantacnzeno
902 2666 1163 2721 indicium
1195 2663 1461 2735 defertur,
1491 2669 1719 2723 classem
1748 2671 2046 2725 adventare

471 2756 828 2814 Genuensem.
886 2756 1000 2813 Hoc
1053 2758 1144 2813 ille
1177 2769 1422 2829 accepto,
1466 2770 1660 2815 auctor
1685 2767 1771 2815 est
1820 2760 2045 2816 Lantul-

2148 1829 2406 1893 δέξασθαι
2459 1831 2717 1899 πόλεμον.
2780 1829 3004 1883 Τούτων
3060 1828 3409 1882 ἀπελθόντων
3450 1829 3565 1881 ἔνθα
3607 1830 3680 1882 καὶ

2150 1920 2626 1989 προσετάχθησαν,
2658 1920 2868 1991 χειμὼν
2906 1919 3076 1989 βαρὺς
3128 1919 3415 1987 ἐπιγέγονε
3447 1920 3533 1971 καὶ
3576 1920 3681 1985 €196-

2154 2026 2340 2083 ρητος.
2379 2012 2474 2080 ὑφ’
2529 2006 2591 2066 οὗ
2644 2012 2741 2065 καὶ
2798 2010 3001 2073 πολλὰς
3048 2011 3161 2065 τῶν
3209 2012 3346 2064 νεῶν
3376 2008 3560 2079 συνέϐη
3592 2010 3682 2063 δια-

2151 2102 2510 2173 θραυσθῆναι,
2570 2102 2750 2174 ἇσπερ
2788 2103 2951 2157 πάλιν
2981 2103 3117 2173 πρὸς
3166 2102 3266 2169 τὴν
3296 2102 3482 2172 χέρσον
3510 2101 3683 2165 ἐξελκύσ

2153 2196 2659 2265 σαντες,ἐπιμελῶς
2675 2196 2775 2265 τὴν
2790 2196 2877 2249 διὰ
2895 2196 2998 2264 τῆς
3021 2196 3204 2264 ὑγρᾶς
3226 2195 3390 2263 πίσση
3402 2213 3422 2253 ς
3436 2193 3684 2263 ἐπίχρησιι

2150 2286 2381 2350 ταύταις
2422 2286 2716 2356 ἐπέφερον.
2759 2284 3084 2354 Τηνικαῦτα
3126 2286 3188 2338 δέ
3220 2287 3318 2338 καὶ
3348 2288 3374 2337 ὁ
3408 2286 3682 2338 Καντακου-

2151 2378 2314 2447 ζηνδς
2347 2378 2441 2431 τὸν
2474 2378 2584 2431 τῶν
2609 2374 2915 2431 Γενουσίων
2953 2375 3148 2430 στόλον
3189 2375 3318 2445 περὶ
3345 2373 3410 2439 τὰ
3444 2372 3685 2443 κατώτερα

2149 2468 2475 2522 διαπλέοντα
2508 2469 2678 2537 ἐγγύς
2716 2484 2820 2521 που
2855 2462 2999 2520 εἶναι
3042 2464 3384 2535 μεμαθηκὼς
3414 2463 3685 2518 ὑποτίθεται

2148 2560 2228 2629 τῷ
2281 2560 2615 2629 Λαντούλφῳ
2692 2558 3076 2613 ὀκτωκαίδεκα
3150 2556 3287 2619 ναῦς
3365 2551 3685 2608 ἀναλαϐέσθαι

2152 2650 2445 2721 (τοσαύτας
2475 2651 2586 2722 γάρ
2616 2651 2787 2721 μόνας
2818 2650 3017 2717 σύνεϐη
3045 2648 3128 2718 τῷ
3154 2651 3277 2701 τότε
3305 2646 3583 2701 ἀποπλέειν
3604 2645 3685 2696 τῶι

2155 2744 2336 2798 ἄλλων
2367 2743 2801 2810 ἐξελκυσθεισῶν
2818 2746 2918 2813 τῆς
2946 2742 3279 2808 θαλάσσης),
3308 2742 3399 2794 καλ⁸
3424 2738 3686 2793 ἀπελθόντι»

471 2852 597 2919 pho,
628 2860 686 2907 ut
720 2867 840 2905 cum
877 2851 1107 2905 navibus
1140 2852 1441 2907 octodecim
1471 2868 1607 2922 quas
1633 2852 1867 2907 habebat
1900 2854 2043 2907 solas

2151 2835 2297 2890 κατά
2328 2836 2389 2889 τὸ
2417 2837 2768 2906 ἀκρωτήριον
2799 2834 2893 2888 τοῦ
2919 2834 3148 2888 Μαλέου
3184 2832 3525 2905 προσοκεῖλαι
3549 2829 3688 2892 αὑτὰς

471 2957 520 2995 tn
560 2941 717 3006 mari,
769 2942 985 2997 czrteris
1019 2942 1335 3000 refectionis
1392 2946 1721 3000 necessitate
1765 2944 2043 3002 subductis

2150 2928 2293 2981 κατά
2322 2928 2426 2990 τὰς
2456 2927 2552 2981 τοῦ
2588 2926 3000 2997 αὐτοκράτορος
3040 2925 3357 2995 ύποθήκας.
3391 2924 3482 2977 καὶ
3517 2921 3686 2989 διερχο-

472 3032 524 3084 in
556 3042 778 3097 terram,
807 3033 1118 3088 subsideret
1147 3034 1298 3101 juxta
1346 3036 1661 3089 mandatum
1700 3036 2043 3104 imperatoris

2154 3018 2332 3087 μένων
2366 3017 2476 3071 τῶν
2502 3017 2808 3072 Γενουσίων
2831 3016 2880 3070 εί
2915 3016 3013 3085 μέν
3051 3016 3150 3069 τὸν
3201 3014 3319 3086 μετ’
3357 3013 3529 3068 αὐτῶν
3578 3013 3686 3064 ἀποο

384 3176 389 3181 ,
472 3120 611 3175 circa
673 3120 1112 3176 Promontorium
1148 3122 1327 3189 Malei,
1362 3123 1780 3192 immineretque
1824 3126 1947 3181 inde
1985 3127 2043 3182 in

2148 3108 2376 3180 θαρροίη
2417 3111 2460 3141 ﬂ
2492 3110 2754 3180 πόλεμον,
2799 3108 2959 3170 εὐθὺς
2990 3107 3088 3177 τὴν
3140 3106 3264 3176 μετ’
3302 3105 3476 3160 αὐτῶν
3526 3101 3687 3156 ἀναδέ-

472 3212 807 3267 occasionem
843 3214 1322 3283 aggrediendarum
1356 3230 1421 3269 ex
1452 3224 1587 3280 tuto,
1609 3216 1655 3269 si
1685 3231 1771 3269 res
1798 3226 1852 3270 et
1880 3232 2044 3272 occa-

472 3304 553 3358 sio
593 3303 783 3368 l‘erret,
843 3320 966 3359 mox
1019 3306 1440 3361 transiturarum
1505 3306 1872 3363 Genuensium
1946 3326 2044 3363 na-

473 3395 636 3450 vium.
668 3395 764 3452 Sin
787 3398 836 3450 ei
867 3397 925 3451 in
956 3397 1209 3466 praesenti
1241 3407 1541 3466 conspectu
1577 3398 1775 3453 classis
1835 3401 2047 3457 hostilis

473 3486 898 3542 aliud-suaderet
940 3502 1035 3543 sua
1064 3488 1312 3558 paucitas
1340 3497 1396 3543 et
1421 3489 1759 3545 conscientia
1810 3490 2047 3545 inﬁrmi-

472 3578 615 3644 tatis,
650 3586 798 3633 certe
823 3587 1102 3648 receptum
1134 3579 1428 3634 salutarem
1475 3580 1589 3637 suis
1634 3582 1847 3651 exiguis
1876 3584 2046 3652 copiis

473 3679 589 3724 tuto
619 3669 927 3738 perliceret,
957 3673 1132 3726 classe
1184 3679 1299 3726 tota
1355 3673 1625 3727 Coronem
1685 3675 2040 3743 deportanda,

472 3776 576 3830 quo
620 3770 824 3828 certus,
849 3770 905 3816 et
927 3762 1070 3816 nulla
1104 3762 1154 3816 vi
1191 3762 1375 3818 hostili
1410 3765 1689 3834 prohiberi
1726 3764 1922 3828 facitis,
1953 3767 2043 3820 tali

472 3859 711 3907 locorum
742 3854 848 3907 situ
908 3868 1105 3909 cursus
1134 3864 1275 3911 erat.
1304 3856 1593 3925 Arquievit
1641 3858 1872 3913 consilio
1901 3858 2047 3912 Lan-

473 3942 721 4010 tulphus;
753 3945 846 3997 sed
878 3960 1001 4000 cum
1036 3946 1272 4000 admotis
1310 3945 1716 4012 Genuensihus,
1750 3949 1933 4018 plures
1956 3965 2046 4005 eos

473 4029 630 4099 longe
682 4032 1083 4101 validioresque
1131 4047 1407 4105 cerneret,
1460 4054 1622 4106 quam
1664 4048 1725 4094 ut
1760 4055 2050 4107 capessere

474 4132 596 4209 cum
633 4133 729 4187 spe
762 4121 938 4188 aliqua
971 4121 1136 4209 339
1167 4137 1397 4191 pugnam
1430 4133 1621 4179 contra
1666 4125 1811 4193 ipsos
1843 4136 2047 4194 posset,

474 4207 738 4262 Corouetn
765 4220 823 4264 ut
855 4213 1214 4266 constitutum
1252 4222 1394 4276 erat.
1424 4230 1486 4269 se
1529 4215 1740 4283 recipit.
1776 4215 2048 4271 Cantacu-

475 4314 636 4353 unus
656 4314 809 4364 cura,
846 4312 1103 4369 quantam
1141 4305 1433 4359 maximam
1486 4306 1674 4360 debuit
1724 4307 1778 4360 in
1815 4307 2045 4362 classem

2146 3201 2341 3266 ξασθαι
2388 3202 2591 3271 μάχην
2638 3205 2686 3254 εί
2717 3200 2765 3254 δ’
2813 3201 2875 3253 ού
2913 3199 3015 3269 τὴν
3065 3198 3352 3269 σωτηρίαν
3411 3195 3573 3265 ἐαυτῷ
3616 3192 3688 3248 καὶ

2143 3294 2263 3355 ταῖς
2316 3293 2408 3346 ὑπ’
2471 3293 2636 3347 αὐτὸν
2689 3292 2851 3361 νηυσὶ
2906 3292 3003 3345 σὺν
3036 3291 3235 3354 αὐτοῖς
3281 3291 3582 3359 πλωτῆρσιν
3630 3286 3686 3340 είς

2145 3383 2414 3455 Κορώνην
2487 3384 2934 3454 προσοκείλαντι,
2998 3380 3490 3452 περιποιήσασθαι.
3556 3378 3610 3431 '0
3650 3375 3688 3429 δι

2144 3472 2397 3526 ἀπελθὼν
2450 3474 2547 3525 καὶ
2595 3471 2690 3525 τον
2742 3470 2913 3524 πολὺν
2964 3469 3161 3523 στόλον
3203 3470 3315 3524 τῶν
3365 3462 3688 3522 Γενουσίων¹²

2147 3563 2493 3633 θεασάμενος
2544 3562 2643 3616 καὶ
2711 3560 3104 3632 ἀπαγορεύσας
3195 3562 3296 3632 τὴν
3370 3558 3482 3631 μετ’
3546 3555 3689 3612 αὺτῶι

2152 3656 2351 3724 μάχην,
2414 3655 2611 3707 θᾶττον
2694 3652 2794 3724 τὴν
2853 3651 3116 3722 Κορώνην
3178 3651 3492 3706 κατέλαϐεν.
3553 3648 3604 3702 ’0
3648 3644 3689 3700 δι

2149 3742 2601 3812 Καντακουζηνδς
2643 3742 2737 3795 τὸν
2809 3740 2932 3795 ὅλον
3015 3741 3330 3811 Ῥωμαϊκὸν
3403 3737 3576 3793 στόλον
3633 3734 3689 3797 ὡς

2148 3834 2255 3888 ἔδει
2324 3832 2828 3903 περιποιησάμενος
2857 3870 2871 3894 ,
2925 3831 3020 3883 καὶ
3074 3832 3212 3894 τοὺς
3271 3828 3523 3889 συνόντας
3570 3820 3695 3905 αὐτῷ

2149 3928 2327 3979 ἐκεῖσε
2360 3922 2703 3992 συναγαγὼν,
2737 3924 2811 3985 ὡς
2842 3918 2953 3991 εἶχε
2984 3923 3198 3992 τάχους
3223 3921 3454 3975 κατόπιν
3482 3917 3582 3971 τῶν
3609 3915 3690 3966 Γε-

2147 4017 2377 4071 νουσίων
2407 4015 2623 4070 ἐδίωκε.
2655 4016 2750 4084 Μὴ
2778 4014 3033 4096 ἐιρθακὼς
3063 4012 3122 4067 δέ
3154 4014 3257 4084 τὴν
3287 4011 3594 4068 Λαοδίκειαν
3616 4022 3690 4058 κα-

2147 4111 2368 4175 τέλαϐε,
2413 4108 2662 4163 σπεύδων
2716 4107 2855 4177 πρὸς
2895 4108 3024 4171 τοὺς
3074 4109 3220 4177 μετά
3266 4106 3362 4160 τοῦ
3397 4099 3689 4174 Βαῖμούντον

2150 4202 2454 4272 πολεμῆσαι
2482 4200 2579 4271 ὅλῃ
2627 4200 2822 4270 γνώμῃ
2874 4199 2987 4252 καλο
3022 4200 3172 4269 χειρὶ⁵
3204 4196 3554 4252 ἀποδύεσθαι.
3603 4188 3692 4245 Καὶ

2153 4295 2335 4363 μέντοι
2373 4293 2467 4346 τοῦ
2512 4292 2674 4363 ἔργον
2723 4291 3025 4362 ἁψάμενος,
3076 4290 3172 4344 τὸν
3203 4290 3406 4360 λιμένα
3460 4278 3689 4339 κατέλαϐε

475 4388 774 4444 Romanam
803 4390 1023 4458 collata,
1055 4402 1116 4447 ut
1149 4392 1368 4462 impune
1398 4397 1449 4449 in
1503 4404 1707 4449 terram
1766 4398 2043 4466 expositos

2150 4385 2242 4438 καὶ
2269 4384 2360 4438 διά
2389 4384 2571 4453 πάσης
2600 4384 2793 4446 νυκτὸς
2825 4383 2923 4435 καὶ
2974 4380 3195 4451 ἡμέρας
3225 4382 3330 4449 τῆς
3370 4373 3689 4466 τειχομαχίας

473 4478 782 4537 Genucnses
807 4482 1019 4549 didicit,
1047 4484 1189 4553 quod
1227 4500 1391 4540 unum
1422 4498 1732 4555 supererat,
1764 4489 2043 4557 expedivit

473 4588 531 4628 se
562 4587 625 4627 ac
651 4589 780 4629 suos
819 4573 884 4629 ad
919 4588 1012 4630 eos
1069 4576 1448 4646 insequendos.
1481 4577 1627 4644 Quos
1686 4580 1773 4633 ubi
1826 4581 2042 4651 assequi

472 4677 577 4716 non
641 4664 842 4733 potuit,
892 4663 1215 4721 Laodiceam
1257 4666 1497 4731 deﬂexit,
1553 4679 1668 4722 toto
1700 4668 1812 4724 illic
1847 4681 2044 4725 conatu

473 4753 668 4808 bellum
707 4773 831 4811 cum
859 4757 1161 4813 Baimundo
1200 4769 1477 4830 gesturus.
1506 4760 1584 4816 Ac
1619 4762 1795 4832 primo
1821 4762 2043 4830 quidem

492 4853 674 4910 mpetu
708 4859 922 4915 portum
950 4850 1273 4919 occupavit;
1316 4851 1512 4906 deinde
1540 4866 1722 4906 arcem
1755 4866 2044 4923 aggressus

474 4933 788 4989 cominuata
853 4953 950 5006 per
1012 4949 1230 4997 noctem
1281 4948 1338 4995 et
1396 4942 1536 4997 diem
1592 4944 2043 5014 oppugnatione,

475 5022 673 5077 frustra
711 5026 813 5080 l'uit
859 5039 1065 5096 tamen,
1115 5042 1171 5087 et
1218 5034 1517 5103 smpissime
1564 5034 1770 5088 assultu
1811 5042 2043 5099 tentato,

476 5113 724 5180 repulsus
752 5126 837 5171 est
885 5122 1061 5178 toties.
1117 5123 1387 5192 Expertus
1424 5126 1552 5192 quin
1602 5126 1766 5179 etiam
1812 5133 2040 5193 pacatas

474 5211 640 5268 artes,
670 5213 726 5258 et
760 5205 1026 5264 demereri
1067 5212 1335 5281 colloquio
1377 5225 1608 5269 conatus
1642 5212 1826 5268 Gallos
1850 5255 1862 5278 ,
1933 5229 2039 5267 non

2147 4475 2248 4527 οὐκ
2298 4473 2581 4542 ἀφίστατο·
2613 4472 2764 4536 ὡςηδ⁹
2794 4471 3076 4540 ἄπρακτος
3124 4471 3223 4524 τοῦ
3265 4468 3434 4523 λοποῦ
3472 4466 3514 4499 ⁸⁸
3555 4464 3685 4531 ἔμενε

2152 4565 2415 4637 μυριάκις
2448 4565 2549 4633 μὲν
2593 4564 2953 4634 προσϐαλὼν,
2993 4563 3327 4626 τοσαυτάκις
3353 4562 3399 4615 δ’
3424 4551 3688 4626 ἀποτυχώνο

2148 4658 2243 4713 καὶ
2269 4658 2344 4727 πῆ
2373 4657 2472 4727 μὲν
2499 4655 2935 4726 ὑποποιούμενος
2957 4656 3082 4718 τοὺς
3108 4654 3354 4716 Κελτοὺς
3382 4654 3482 4705 οὐκ
3510 4644 3683 4704 ἔπειθε.

2150 4749 2226 4820 πῆ
2252 4750 2309 4803 δέ
2337 4750 2646 4819 μαχόμενος
2673 4747 3043 4817 ἀπετύγχανε.
3075 4745 3294 4817 Τειχίον
3325 4762 3380 4798 τι
3425 4744 3510 4797 διά
3540 4733 3690 4807 ξηρῶν

2149 4840 2313 4895 λίθων
2359 4839 2689 4910 κυκλοτερὲς
2722 4840 3051 4909 δειμάμενος
3100 4835 3417 4907 ἀναμεταξὺ
3448 4834 3541 4902 τῆς
3568 4827 3690 4897 φάμ’

2153 4949 2256 5004 μου
2301 4932 2398 4985 καὶ
2422 4930 2534 4985 τῶν
2564 4929 2765 5000 τειχῶν
2797 4929 3122 4993 Λαοδικείας
3155 4930 3213 4981 ἐν
3262 4927 3416 4995 τρισὶ
3446 4914 3687 4993 νυχθημέ⁴

2152 5042 2267 5096 θοις
2306 5024 2539 5079 κᾶκτοτε
2573 5024 2649 5087 ὡς
2678 5022 2915 5093 ἔρεισμα
2960 5020 3121 5076 τοῦτο
3150 5018 3497 5090 κτησάμενος
3526 5013 3687 5077 ἕτερον

2152 5116 2425 5186 πολίχνιον
2456 5115 2524 5168 δι’
2554 5116 2862 5184 ἐγχορήγου
2912 5113 3048 5182 ὕλης
3104 5109 3257 5173 ἐντὸς
3298 5107 3488 5162 τούτου
3521 5102 3686 5156 θᾶττον

2150 5208 2462 5276 ἀνήγειρεν,
2490 5205 2556 5259 ἵν’
2583 5204 2835 5258 ἐντεῦθεν
2867 5207 2941 5268 ὡς
2970 5204 3030 5271 ἐξ
3057 5201 3404 5275 ὁρμητηρίου
3430 5195 3567 5256 τινὸς
3589 5202 3684 5258 γεν-

1536 5328 1737 5389 Varite
1768 5327 2075 5390 lectiones
2112 5340 2191 5385 ex
2210 5322 2355 5385 eod.
2385 5320 2644 5383 Coislin.

542 5420 588 5457 ⁸ο
618 5420 903 5487 Θνούσιος.
929 5423 1021 5478 Sic
1057 5440 1295 5495 semper.

1388 5431 1424 5460 "
1474 5430 1635 5485 Deest
1658 5445 1763 5485 vox
1787 5416 1965 5484 αὐτοί.

2148 5424 2388 5497 ιαρῤοίη.
2469 5424 2512 5455 ¹³
2537 5421 2834 5477 Θνουσίων.
2880 5420 2971 5477 Sic
2996 5433 3233 5490 semper.
3314 5415 3360 5450 ιδ
3382 5406 3584 5470 λοιποῦ.

1535 5564 1674 5647 Car.
1710 5561 2033 5626 Dufresnii
2066 5561 2160 5621 Du
2193 5559 2417 5640 Cangii
2459 5564 2645 5622 notae.

544 5684 658 5757 (8|)
718 5689 1045 5758 Γενούσιος
1096 5690 1340 5757 στόλος.
1390 5688 1537 5748 Will.
1586 5689 1780 5763 Tyrius
1826 5692 1925 5746 id).
1980 5707 2035 5756 κ,
2078 5704 2195 5758 cap.
2225 5688 2315 5744 ‘28.
