3974 6208
393 296 495 363 887
1691 261 1916 328 ΑΝΝᾸΞ
1954 256 2339 320 CUMNEN/E
3525 245 3637 307 368

395 404 510 472 ipse
535 399 752 461 artifex,
790 395 835 449 si
879 389 1154 448 curiosius
1187 384 1312 455 quis
1357 380 1756 472 introspiceret,
1783 371 1958 472 loculo

2076 367 2337 435 πελάγους
2386 363 2448 417 τὸ
2477 362 2684 432 σκάφος
2723 363 2962 430 γένοιτο,
3008 363 3222 430 τροφῆς
3257 376 3318 413 τε
3340 358 3496 427 αὐτῷ
3529 375 3639 424 μευ

394 450 603 557 dreerat,
655 495 914 543 extentus
959 482 1173 552 supine,
1207 491 1311 532 nec
1349 474 1451 529 nisi
1501 469 1660 525 caecis
1691 464 1959 520 meatibus

2076 459 2340 512 τεδξδοσαν
2375 457 2470 510 καὶ
2520 453 2910 524 ἐπεμελοῦντο,
2976 452 3072 506 καὶ
3102 450 3247 522 μετὰ
3276 451 3437 504 τοῦτο
3472 450 3641 503 πάλιν

395 585 732 640 occultorum
781 576 1106 633 foraminum
1161 569 1413 638 spiritum
1468 567 1691 621 ducens.
1731 558 1855 613 llac
1886 556 1960 609 ita

2076 552 2114 605 si
2139 549 2296 603 αὐτοὶ
2329 549 2543 619 θρῆνοι,
2570 550 2666 601 καὶ
2699 546 2769 600 τὰ
2820 547 2964 599 αὐτὰ
3015 543 3485 615 μαγγανεύματα.
3515 543 3640 595 Ἵνα

396 682 664 733 ostentata
727 667 972 737 quandiu
1020 666 1072 718 in
1101 673 1280 733 portu,
1316 669 1408 714 aut
1444 671 1551 711 non
1584 655 1740 722 longe
1765 650 1834 703 ab
1867 660 1961 700 ora

2076 644 2119 697 Βὲ
2151 643 2245 696 καὶ⁸
2287 641 2474 710 δοκοίη
2514 642 2546 693 ὁ
2592 641 2786 708 νεκρὸς
2851 637 3020 700 ἕωλος
3065 631 3207 689 εἶναι
3243 637 3338 689 καὶ
3398 635 3638 697 Missa;

395 763 616 821 littorali
654 760 807 816 navis
827 757 961 823 fuit;
986 757 1076 810 ubi
1107 756 1275 809 altum
1303 751 1498 813 tenuit,
1520 748 1694 800 laxata
1736 739 1964 798 simula-

399 859 563 914 tionis
586 853 797 909 coactio
825 860 910 906 est
941 850 992 902 in
1017 862 1200 901 curam
1237 844 1345 897 vivi
1388 840 1601 907 sepulti.
1636 837 1840 891 Tamen
1872 831 1965 886 ubi

395 951 532 1005 cibis
564 945 822 1017 appositis
847 958 905 996 se
936 943 981 995 is
1017 939 1170 1009 quasi
1212 936 1395 991 furtim
1434 932 1719 995 refecerat,
1748 927 1964 996 praesti-

397 1042 499 1112 giae
527 1042 741 1099 iterum,
766 1045 819 1089 et
850 1035 1013 1103 jussu:
1045 1032 1315 1102 lacryinar,
1356 1025 1759 1091 mendacesque
1779 1020 1966 1075 omnia:

400 1110 748 1184 ludebantur.
784 1124 922 1190 Quin
957 1123 1121 1176 etiam
1159 1135 1228 1173 ne
1268 1117 1522 1171 iudicium
1559 1114 1772 1167 fmtoris
1808 1112 1871 1165 ad
1907 1110 1969 1163 fi-

400 1223 521 1276 dem
553 1218 682 1273 elati
723 1218 939 1270 deesset
977 1210 1280 1274 cadaveris,
1315 1222 1511 1273 corpus
1537 1205 1789 1260 exstincti
1817 1202 1969 1272 galli-

400 1313 553 1367 nacei
586 1309 776 1377 capulo
800 1308 1049 1361 inditur:
1083 1319 1192 1373 quo
1224 1312 1468 1370 putorem
1494 1297 1787 1362 inhalantc,
1816 1297 1969 1350 fucus

400 1409 652 1463 videlicet
683 1422 747 1459 eo
786 1405 898 1472 jam
952 1403 1133 1455 minus
1162 1398 1480 1455 dubitabilis
1548 1396 1710 1449 fiebat
1746 1394 1965 1458 animis,

400 1514 640 1555 aerumna
697 1497 1020 1550 miserarum
1062 1508 1125 1546 ac
1175 1492 1374 1545 damno
1429 1489 1639 1542 narium
1686 1505 1701 1541 :
1751 1502 1888 1555 quas
1922 1486 1967 1541 si

400 1593 631 1658 quisque
680 1586 976 1641 astantium
1004 1585 1144 1638 ictus
1184 1582 1404 1650 tnephiti
1445 1589 1691 1633 avertere
1723 1579 1970 1632 obstrue-

407 1696 574 1751 reqne
603 1682 910 1748 cogebatur,
930 1675 1117 1730 mirari
1155 1674 1277 1728 licet
1327 1674 1622 1741 improbam
1656 1671 1966 1740 patientiam
2001 1709 2045 1767 Β

2064 734 2406 805 ἀλεκτρυόνα
2435 732 2832 796 ἀποπνίξαντες
2866 730 2898 801 ἢ
2954 728 3397 799 ἀποσφάξαντες,
3436 726 3635 795 ἐνέθη-

2065 842 2170 879 καν
2198 822 2278 892 τῷ
2308 823 2486 891 νεκρῷ
2510 837 2523 849 ’
2561 822 2656 875 καὶ
2712 821 2879 883 εὐθὺς
2935 822 3146 882 ἐκεῖνος
3176 820 3256 882 εἰς
3288 819 3563 888 τετάρτην
3603 816 3636 887 ἢ

2065 916 2161 970 καὶ
2186 916 2443 983 πέμπτην
2474 914 2689 982 ἡμέραν
2731 911 3169 981 βαρυοδμὸτατος
3194 907 3263 981 ἦν
3283 913 3397 973 τοῖς
3422 910 3641 979 ὀσφρη-

2068 1025 2153 1061 σιν
2194 1008 2411 1075 ἔχουσιν
2438 1021 2453 1035 ο
2489 1005 2585 1057 καὶ
2612 1004 2791 1058 ἐδόκει
2829 1004 2931 1068 μὲν
2976 1003 3072 1056 τοῦ
3128 1003 3340 1073 χρωτὸς
3372 999 3519 1054 εἶναι
3545 1001 3643 1053 τοῦ

2066 1099 2407 1171 Βαῖμούντου
2441 1097 2502 1150 τὸ
2528 1097 2665 1168 βαρὺ
2689 1097 2788 1167 τῆς
2814 1098 3094 1167 ἀναπνοῆς
3121 1099 3234 1158 τοῖς
3261 1096 3466 1161 ἔξωθεν
3492 1096 3643 1165 ἠπα-

2066 1193 2326 1262 τημένοις
2351 1208 2365 1223 ο
2408 1192 2572 1244 πλέον
2610 1192 2656 1244 δ’
2686 1192 2896 1253 ἐκεῖνος
2928 1193 2958 1244 ὁ
3020 1191 3355 1258 Βαῖμοῦντος
3391 1190 3490 1243 τοῦ
3517 1192 3639 1241 ὲπι-

2070 1282 2310 1335 πλάστου
2343 1280 2515 1334 κακοῦ
2543 1282 2942 1346 συναπέλαυεν,
2968 1279 3111 1334 ὥστε
3163 1282 3340 1348 ἔγωγε
3369 1280 3645 1349 θαυμάζω

2069 1374 2188 1437 πῶς
2218 1372 2491 1443 τοσαύτην
2524 1373 2809 1444 ύπήνεγκε
2843 1372 2948 1439 τῆς
2988 1372 3136 1443 ῥινὸς
3187 1373 3512 1441 πολιορκίαν
3537 1372 3647 1434 ζῶν

2068 1467 2150 1520 ἔτι
2184 1467 2324 1536 μετὰ
2364 1466 2561 1537 νεκροῦ
2591 1466 3014 1536 συμφερόμενος
3049 1465 3327 1533 σώματος.
3373 1464 3519 1517 Ἀλλ’
3550 1465 3642 1516 ὲν-

2069 1557 2265 1610 τεῦθεν
2297 1556 2596 1626 μεμάθηκα
2635 1557 2711 1619 ὡς
2746 1558 2854 1627 ἄρα
2895 1558 3008 1610 πᾶν
3047 1557 3109 1610 τδ
3159 1557 3441 1627 βάρϐαρον
3484 1557 3643 1623 γέν·ς

2069 1650 2477 1721 δυσανάκλητον
2507 1649 2595 1719 ἐφ’
2637 1651 2775 1719 ὅπερ
2823 1650 2889 1703 ἂν
2931 1652 3292 1719 ὲφορμήσειε,
3344 1648 3443 1701 καὶ
3489 1648 3651 1702 οῦδὲν

404 1773 687 1826 sentientis
746 1768 965 1831 mortui,
1019 1766 1111 1833 qui
1169 1765 1401 1835 graviori
1451 1779 1479 1816 e
1522 1763 1700 1816 vicino
1759 1760 1969 1814 alllatus

2076 1745 2220 1813 αύτῷ
2251 1744 2665 1814 φορτικώτατον
2702 1744 2731 1797 ὃ
2761 1744 2835 1814 μὴ
2868 1745 3107 1813 ἐνέγκοι,
3152 1744 3412 1811 καθάπαξ
3441 1745 3650 1815 ἐμϐάλ·

403 1879 536 1918 attra
593 1859 957 1929 putrescentis
1011 1857 1265 1919 volucris,
1314 1854 1548 1908 fructum
1608 1868 1715 1922 quo
1777 1853 1970 1921 dignus

403 1954 528 2016 fuit,
588 1950 790 2006 inventi
846 1950 927 2003 sui
959 1947 1228 2019 praeclari,
1274 1946 1436 1999 tacite
1473 1943 1747 1998 obdurans
1781 1953 1837 1998 et
1871 1943 1974 1996 itu—

402 2054 550 2099 mote
576 2045 854 2099 sustinens
881 2040 1112 2095 ferebat.
1134 2040 1308 2107 Atque
1336 2053 1435 2107 ego
1457 2038 1579 2089 dum
1614 2037 1728 2090 haec
1760 2044 1971 2105 reputo,

404 2136 564 2191 facile
621 2135 859 2188 arbitror
910 2133 1052 2187 haud
1084 2132 1191 2185 alio
1225 2146 1292 2184 ex
1355 2130 1678 2183 documento
1722 2127 1972 2197 cognosci

404 2242 562 2296 posse
608 2226 841 2289 certius,
893 2238 1054 2290 quant
1126 2222 1237 2278 sint
1298 2220 1686 2276 irrevocabiles
1742 2220 1975 2287 impetus

405 2319 771 2374 Barbarorum
821 2329 1221 2383 quamcumque
1271 2311 1437 2367 semel
1482 2313 1536 2366 in
1584 2321 1790 2381 partem
1824 2314 1976 2366 incu-

405 2411 645 2465 buerint.
687 2410 828 2465 Ecce
880 2408 980 2461 iste
1041 2422 1136 2475 per
1158 2421 1293 2475 quos
1319 2415 1374 2458 et
1402 2415 1535 2475 quot
1588 2406 1801 2458 labores
1833 2405 1975 2458 ultro

408 2510 693 2571 susceptos
717 2500 866 2553 vadit
899 2506 1082 2555 certus
1110 2500 1179 2551 ad
1219 2498 1579 2566 propositum,
1613 2506 1671 2549 ut
1710 2512 1775 2550 ue
1807 2497 1973 2566 redigi

411 2597 626 2665 quidem
656 2596 706 2647 in
738 2600 940 2648 sortem
966 2606 1029 2646 ac
1060 2590 1379 2645 societatem
1415 2599 1754 2644 mortuorum
1780 2605 1973 2658 corpo-

409 2704 527 2744 rum
570 2694 803 2748 recuset,
852 2685 979 2737 dum
1011 2682 1154 2751 quod
1185 2681 1479 2737 destinavit
1515 2689 1682 2749 queat
1728 2681 1974 2749 exsequi.

2073 1836 2165 1889 λον
2191 1835 2354 1889 ἑαυτὸ
2409 1836 2547 1906 πρὸς
2604 1837 2968 1906 αύθαιρέτους
3014 1835 3324 1900 κακώσεις·
3386 1838 3482 1889 καὶ
3538 1838 3649 1906 γὰρ

2072 1921 2227 1991 οὗτος
2268 1928 2495 1999 μηδέπω
2527 1929 2817 1983 ἀποθανὼν
2857 1930 2958 1983 οὐκ
2977 1930 3024 1962 ¹¹
3050 1931 3350 2000 ἀπώκνησε
3378 1931 3480 2001 ζῇν
3506 1930 3652 2001 μετά

2073 2020 2464 2074 ἀποθανόντων
2500 2020 2795 2091 σωμάτων.
2833 2022 3015 2092 Τέχνη
3056 2022 3158 2092 μὲν
3185 2023 3279 2077 οὖν
3303 2024 3400 2076 τοῦ
3435 2023 3652 2095 βαρϐάο

2074 2128 2175 2185 ρου
2206 2111 2346 2183 αὕτη
2372 2112 2565 2183 πρώτη
2604 2116 2699 2168 καὶ
2727 2112 2861 2183 μόνη
2890 2115 3035 2168 κατὰ
3081 2116 3182 2186 τὴν
3212 2115 3337 2169 καθ’
3388 2118 3542 2185 ἡμᾶς
3568 2118 3652 2169 οἱ·

2075 2206 2349 2276 κουμένην
2392 2205 2636 2275 πέφηνεν
2689 2207 2771 2268 εις
2816 2208 3208 2277 καταστροφὴν
3257 2208 3651 2263 ἀποϐλέπουσα

2072 2298 2174 2368 τῆς
2223 2298 2513 2365 Ῥωμαίων
2542 2299 2863 2369 ἡγεμονίας.
2896 2299 3035 2353 οὐδὲ
3053 2300 3160 2369 πρὸ
3184 2300 3395 2371 ταύτης
3432 2302 3650 2370 βάρϐα-

2075 2409 2166 2453 τος
2196 2391 2228 2462 ἢ
2260 2391 2470 2460 Ἕλλην
2491 2390 2724 2445 τοιαῦτα
2751 2392 2896 2445 κατὰ
2943 2392 3218 2462 πολεμίων
3261 2395 3651 2464 ἐμηχανήσατο

2075 2483 2189 2537 οὐδ’
2217 2478 2507 2549 ἂν,οἷμαι,
2554 2484 2694 2550 μετὰ
2737 2483 2913 2537 ταῦτα
2965 2487 2993 2538 ό
3025 2484 3149 2537 καθ’
3187 2488 3339 2555 ἡμᾶς
3390 2487 3649 2541 θεάσαιτο

2079 2579 2209 2649 βίος.
2256 2578 2410 2632 Ἐπεὶ
2438 2576 2494 2630 δὲ
2527 2577 2627 2646 τὴν
2663 2576 2903 2647 Κορυφὼ
2952 2578 3281 2642 καταλάϐοι,
3330 2578 3522 2649 ὥσπερ
3570 2583 3650 2642 εἰς

2075 2670 2389 2741 ἁκρώρειάν
2418 2685 2539 2722 τινα
2563 2668 2859 2736 γενόμενος
2892 2670 2987 2723 καὶ
3040 2671 3291 2742 κορυφὴν
3333 2672 3431 2725 καὶ
3474 2689 3653 2743 κρησο

409 2779 537 2834 llazc
586 2779 758 2846 prima
796 2786 851 2831 et
882 2790 1094 2831 summa
1126 2771 1230 2828 fuit
1264 2773 1423 2839 hujus
1462 2770 1684 2825 Barbari
1713 2771 1763 2825 in
1799 2772 1975 2840 perni—

2079 2764 2314 2834 φύγετον
2342 2764 2440 2833 τὴν
2478 2763 2719 2834 Κορυφὼ
2747 2764 2999 2835 ταυτηνὶ,
3052 2767 3149 2821 καὶ
3189 2768 3246 2819 ἐν
3273 2766 3355 2837 τῷ
3376 2769 3652 2838 ἀκινδύνῳ

408 2872 548 2928 ciem
582 2871 726 2925 haud
764 2868 980 2923 dubiam
1023 2867 1235 2936 imperii
1261 2867 1489 2933 hujusce
1528 2866 1804 2935 designata
1827 2880 1975 2920 com-

2076 2858 2363 2925 τυγχάνων
2402 2855 2677 2926 άνήγερτό
2708 2874 2767 2909 τε
2796 2857 2906 2911 ἀπὸ
2930 2857 3041 2910 τῶν
3075 2860 3132 2912 ὲν
3162 2859 3287 2930 δόξῃ
3315 2860 3530 2930 νεκρῶν
3554 2862 3653 2913 καὶ

410 2962 692 3031 positaque
745 2959 1081 3014 machinatio
1116 2976 1131 3013 :
1163 2958 1254 3013 cui
1310 2973 1495 3028 parem
1547 2973 1707 3014 nemo
1755 2955 1975 3012 Graecus

2080 2948 2182 3019 τὴν
2211 2948 2546 3018 νεκροφόρον
2592 2950 2772 3001 ἐκεῖσε
2808 2949 3060 3020 λάρνακα
3100 2951 3458 3021 καταλείψας,
3497 2952 3651 3022 ἡλίου

408 3064 501 3109 aut
524 3054 798 3107 Barbarus
828 3060 907 3105 tot.
939 3051 1099 3107 bellis
1127 3051 1255 3106 olim
1295 3051 1460 3121 gestis
1494 3050 1825 3119 excogitavit
1853 3064 1974 3104 um-

2078 3057 2140 3095 τε
2175 3043 2490 3113 ἐνεφορεῖτο
2517 3041 2763 3105 πλείονος
2792 3043 2885 3096 καὶ
2912 3041 3007 3096 τοῦ
3034 3043 3197 3115 ἀέρος
3224 3046 3447 3098 ἀνέπνει
3474 3047 3652 3100 καθα-

410 3161 571 3213 qnam
625 3144 973 3214 suscepitve;
1007 3145 1098 3197 sed
1132 3159 1234 3199 nec
1280 3156 1414 3213 puto
1456 3145 1511 3197 in
1551 3151 1971 3211 consequentem

2081 3139 2322 3209 ρωτέρου
2357 3138 2450 3192 καὶ
2493 3138 2834 3207 περιενόστει
2876 3138 2977 3207 τὴν
3018 3140 3178 3192 πόλιν
3236 3142 3336 3212 τὴν
3386 3144 3651 3214 Κορυφώ.

410 3245 627 3289 :etatetn
684 3234 800 3301 ejus
851 3234 1156 3304 exemplum
1217 3245 1560 3303 posterorum
1599 3233 1760 3288 ullius
1796 3234 1977 3287 imita-

412 3328 556 3381 tione
626 3326 1055 3398 propagandum.
1110 3325 1379 3380 Caeterum
1439 3325 1602 3380 simul
1658 3326 1763 3380 isto
1811 3338 1973 3378 cursu

408 3420 717 3491 Coryphum
773 3419 960 3481 tenuit,
989 3417 1101 3488 jam
1153 3417 1305 3486 quasi
1348 3416 1648 3470 subductus
1704 3416 1754 3469 in
1791 3430 1974 3469 arcem

408 3528 558 3568 suam
591 3521 749 3579 atque
783 3512 835 3564 iu
868 3519 981 3564 tuto
1007 3509 1211 3578 positus
1235 3505 1973 3579 excussitlibitinam;342

409 3614 465 3658 et
492 3618 522 3656 e
552 3602 816 3655 feralibus
866 3600 1111 3653 emicans
1165 3600 1392 3653 latebris
1424 3611 1618 3652 secure
1672 3598 1809 3651 liber
1838 3600 1976 3653 caelo

410 3694 635 3760 luceque
670 3691 987 3745 hauriendis
1011 3688 1232 3749 affatim.
1260 3687 1537 3744 interclusi
1569 3689 1728 3742 modo
1755 3689 1976 3756 spiritus

410 3786 551 3839 inter
581 3784 862 3853 angustias
893 3780 1105 3846 feretri,
1146 3782 1342 3834 damna
1390 3780 1669 3848 pensabat.
1704 3777 1975 3846 Indigenas

410 3888 738 3927 concurrere
766 3887 829 3925 ac
864 3871 1049 3925 mirari
1076 3871 1345 3938 hospitem
1386 3870 1566 3925 cultus
1598 3869 1818 3933 insueti,
1848 3884 1977 3939 spe-

409 3961 494 4014 cie
524 3967 783 4028 vesteque
811 3960 1095 4028 peregrina
1124 3977 1139 4020 ;
1174 3969 1287 4013 tum
1321 3958 1607 4028 quaeritare
1630 3957 1769 4025 quod
1795 3958 1844 4012 ei
1885 3976 1978 4028 ge-

414 4050 692 4118 nusiquze
725 4049 982 4104 fortuna?
1012 4050 1155 4117 quis,
1204 4051 1368 4111 unde,
1410 4063 1518 4117 quo
1571 4049 1713 4102 iret?
1754 4049 1848 4102 llle
1881 4063 1979 4117 pro

417 4139 667 4192 familiari
694 4140 1062 4199 contumacia,
1091 4138 1367 4192 neminem
1398 4139 1679 4192 obviorum
1718 4153 1976 4208 responso

411 4230 684 4296 dignatus,
714 4229 906 4282 ducem
938 4228 1087 4281 urbis
1110 4228 1249 4283 dixit
1275 4242 1334 4281 se
1365 4227 1563 4294 alloqui
1595 4242 1813 4296 cupere.
1847 4228 1977 4284 Erat

410 4331 524 4376 tum
557 4322 603 4374 is
637 4321 860 4375 Alexius
901 4323 1116 4388 quidam
1155 4318 1464 4372 Armeniaci
1512 4318 1786 4384 thematis,
1814 4334 1972 4388 quem

411 4411 648 4466 oblatum
705 4411 872 4479 ﬁgens
897 4410 1055 4466 oculo
1094 4411 1348 4477 superbo,
1372 4416 1612 4477 nutuque
1643 4424 1707 4463 ac
1729 4410 1973 4479 superci-

411 4505 483 4558 lio
542 4504 699 4572 plane
737 4503 789 4557 in
849 4519 1010 4572 quam
1064 4502 1465 4557 odiosissimunt
1508 4502 1777 4557 barbarici
1809 4503 1977 4559 fastus

410 4597 688 4664 specimen
720 4595 1041 4651 deformatis
1074 4611 1088 4648 :
1122 4592 1262 4659 Fac,
1288 4595 1481 4663 inquit,
1518 4594 1645 4648 meis
1684 4594 1977 4648 verbis'int-

409 4687 646 4755 peratori
670 4684 860 4739 Alexio
890 4691 1120 4749 nunties,
1150 4686 1334 4740 adesse
1362 4701 1441 4739 me
1469 4685 1642 4751 illum,
1673 4697 1853 4740 notum
1876 4685 1979 4755 ipsi

416 4784 675 4845 prolecto,
714 4780 816 4831 nisi
855 4776 1181 4841 dissimulet,
1209 4785 1259 4829 et
1297 4779 1343 4829 si
1377 4776 1508 4830 satis
1536 4777 1833 4831 meminerit
1868 4775 1980 4830 cla-

414 4868 559 4920 dium
591 4886 836 4931 suarum,
870 4868 1218 4939 formidatum
1256 4868 1614 4923 Baimundum
1651 4868 1866 4921 Roberti
1905 4868 1975 4936 ﬁ-

411 4956 563 5008 lium.
592 4960 697 5022 Qui
723 4961 850 5025 quid
893 4976 1077 5024 manu,
1113 4960 1241 5027 quid
1280 4964 1458 5023 hasta,
1480 4960 1604 5028 quid
1639 4958 1979 5028 aggrediendi

414 5050 668 5110 audacia,
702 5049 829 5118 quid
863 5051 1086 5121 urgendi
1138 5052 1528 5120 perseverantia
1587 5053 1783 5116 valeat,
1845 5052 1977 5104 satis

413 5139 638 5204 experiri
695 5142 923 5206 potuerit
973 5143 1139 5208 priori
1189 5140 1322 5194 bello
1373 5143 1474 5195 sibi
1521 5157 1719 5209 suoque
1762 5141 1979 5207 imperio

417 5231 680 5283 luctuoso.
718 5231 887 5300 Atque
919 5232 1070 5286 illum
1104 5233 1258 5287 talem
1302 5232 1397 5288 Dei
1434 5229 1698 5303 singulari
1729 5232 1978 5300 beneﬁcio

2084 3231 2181 3281 Ὃν
2212 3229 2518 3298 ἑωρακότες
2541 3231 2599 3281 ὲν
2620 3229 2748 3298 ξένῃ
2770 3229 2864 3282 καὶ
2885 3228 3194 3299 βαρϐαρικῇ
3222 3230 3383 3300 στολῇ
3412 3233 3648 3284 ἀνεπυν-

2080 3320 2300 3374 Θάνοντο
2328 3320 2449 3373 τότε
2476 3321 2521 3351 ’³
2549 3321 2703 3388 γένος
2737 3322 2830 3373 καὶ
2850 3320 2948 3390 τὴν
2965 3321 3140 3390 τύχην
3165 3360 3179 3383 ,
3213 3323 3308 3374 xui
3337 3324 3425 3383 τίς
3448 3340 3509 3375 τε
3541 3323 3650 3389 εἴη,

2079 3413 2174 3468 καὶ
2208 3412 2375 3466 πόθεν
2400 3413 2526 3482 ἥκει
2563 3413 2658 3465 καὶ
2688 3413 2768 3474 εἰς
2800 3411 2895 3475 οὒς
2925 3414 3309 3483 παραγίνεται.
3352 3415 3414 3467 ’0
3448 3414 3506 3467 δὲ
3541 3415 3652 3467 τῶν

2083 3505 2180 3575 μὲν
2200 3505 2373 3559 ἄλλων
2399 3502 2689 3574 ὑπερεώρα
2725 3504 2966 3568 πάντων,
2995 3504 3253 3575 ἀνεζήτει
3273 3504 3330 3558 δὲ
3366 3505 3459 3558 τὸν
3484 3505 3654 3560 δοῦκα

2077 3598 2177 3666 τῆς
2203 3597 2430 3659 πόλεως.
2459 3591 2569 3648 Ἦν
2598 3596 2654 3649 δὲ
2690 3595 2799 3667 ἄρα
2819 3590 2977 3654 οὗτος
3025 3596 3264 3663 ’Δλέξιός
3294 3615 3381 3662 τις
3409 3597 3652 3669 “pars;

2090 3687 2413 3758 Ἀρμενικοῦ
2463 3690 2507 3721 ⁸³
2552 3688 2863 3759 γενόμενος.
2935 3690 3031 3743 Ὃν
3094 3690 3435 3760 θεασάμενος
3511 3696 3651 3761 μετὰ

2082 3781 2315 3851 σοϐαροῦ
2349 3780 2443 3835 τοῦ
2467 3781 2784 3851 βλέμματός
2830 3799 2890 3835 τε
2937 3783 3032 3836 καὶ
3082 3784 3389 3853 σχήματος,
3422 3785 3521 3840 καὶ
3554 3803 3648 3839 σο-

2080 3874 2226 3944 ϐαρᾷ
2249 3875 2315 3943 τῇ
2342 3875 2496 3941 φωνῇ
2513 3871 2803 3943 ξχρώμενος
2824 3874 2918 3928 καὶ
2938 3875 3073 3938 ὅλως
3093 3877 3427 3949 βαρϐαρικῇ,
3443 3877 3656 3942 Ἄπαγε

2078 3962 2268 4030 reum
2347 3962 2715 4031 προσέταττεν
2775 3962 3024 4029 Ἀλεξίῳ
3083 3964 3165 4030 τῷ
3233 3967 3652 4034 αὐτοκράτορι,

2080 4056 2167 4108 ὅτι
2197 4058 2296 4108 Σοι
2322 4055 2436 4123 ἐγὼ
2471 4054 2836 4124 Βατμοῦντος
2860 4055 3094 4123 ἐκεῖνος
3123 4058 3157 4110 ὁ
3210 4056 3315 4110 τοῦ
3356 4057 3646 4126 Ῥομπέρ·

2078 4165 2206 4210 του,
2240 4148 2312 4200 ὃν
2339 4148 2635 4202 ἀνέκαθεν
2664 4149 2883 4217 χρόνος
2903 4149 3001 4202 καὶ
3025 4148 3105 4205 σὲ
3127 4150 3224 4203 καὶ
3259 4151 3375 4215 τὴν
3393 4152 3549 4219 ὑπὲρ
3579 4152 3656 4206 σὲ

2072 4237 2403 4301 ,βασιλείαν
2415 4237 2697 4301 ἐδίδαξεν
2714 4239 2946 4305 ὁπόσος
2972 4241 3064 4305 τίς
3084 4241 3201 4308 ειμι
3225 4241 3341 4307 τὴν
3367 4242 3657 4309 ἀνδρείαν

2081 4328 2178 4381 καὶ
2232 4328 2347 4395 τὴν
2388 4330 2705 4391 ἔνστασιν,
2736 4331 2829 4400 ἐφ’
2869 4325 3029 4400 ᾧπερ
3076 4333 3153 4385 ἂν
3181 4333 3277 4385 καὶ
3310 4337 3430 4401 τὴν
3446 4335 3655 4401 ῥοπὴν

2082 4418 2341 4485 λάϐοιμι,
2368 4419 2448 4484 ὡς
2493 4422 2604 4473 οὐκ
2651 4417 2729 4474 ἃν
2776 4421 3156 4490 ἀνασχοίμην
3180 4423 3329 4476 ἵστω
3365 4427 3513 4492 Θεὸς
3538 4425 3657 4479 τῶν

2082 4511 2233 4577 πρὸς
2289 4509 2397 4578 ἐμὲ
2434 4512 2852 4580 γεγενημένων
2890 4510 3095 4566 κακῶν
3117 4529 3134 4545 ο
3166 4512 3385 4576 ἐξότου
3414 4514 3526 4584 γὰρ
3559 4516 3657 4570 διὰ

2082 4600 2192 4666 τῆς
2232 4601 2526 4667 Ῥωμαίων
2558 4600 2673 4670 τὴν
2701 4605 3003 4672 Ἀντιόχου
3030 4604 3389 4669 κατέλαϐον,
3416 4607 3519 4659 καὶ
3546 4610 3654 4661 Συ·

2074 4691 2220 4759 ρίαν
2255 4688 2411 4755 ὅλην
2429 4691 2971 4761 ἠνδραστοδισάμην
2990 4693 3069 4759 τῷ
3096 4693 3217 4763 ἐμῷ
3247 4693 3480 4762 δόρατι,
3511 4701 3659 4750 πολ-

2082 4778 2201 4849 λῆς
2228 4780 2389 4848 παρὰ
2421 4781 2538 4835 σοῦ
2570 4782 2669 4834 καὶ
2726 4783 2837 4849 τῆς
2899 4783 3019 4850 σῆς
3078 4784 3365 4853 στρατιᾶς
3414 4789 3665 4855 πικρίας

2084 4872 2483 4941 ἀνεφορήθην,
2514 4873 2763 4927 ἐλπίσιν
2791 4873 2861 4938 ἐξ
2893 4875 3157 4929 ἐλπΙδων
3185 4882 3667 4949 παραπεμπόμε-

2085 4977 2212 5025 νος.
2285 4961 2383 5015 καὶ
2436 4964 2523 5028 εις
2560 4965 2776 5031 μυρίας
2830 4965 3147 5034 συμφορὰς
3190 4967 3291 5019 καὶ
3351 4970 3659 5038 πολέμου(

2078 5050 2483 5118 βαρϐαρικοὺς
2536 5051 2998 5120 ἐμόαλλόμενος.
3045 5054 3233 5109 Ἀλλὰ
3260 5054 3379 5109 νῦν
3424 5073 3495 5124 τε
3534 5057 3667 5111 ῑσΰι

2081 5159 2158 5211 με
2184 5141 2301 5195 κᾶν
2329 5141 2655 5204 ἀπέθανον.
2690 5142 2880 5201 πάλιν
2904 5144 2974 5208 ἐξ
3021 5143 3301 5214 ὑπαρχῆς
3334 5147 3667 5202 ἀναϐεϐιω‹

2090 5234 2238 5287 nota
2285 5234 2383 5286 καὶ
2417 5234 2523 5297 τὰς
2550 5233 2670 5301 σὰς
2717 5233 3149 5306 διαδεδρακότα
3168 5237 3371 5307 χεῖρας
3397 5243 3416 5264 ‘
3461 5239 3665 5293 πάντα

1474 5350 1670 5410 Variae
1695 5349 1998 5411 lectiones
2028 5365 2104 5409 ex
2135 5349 2281 5412 cod.
2323 5349 2582 5410 Coislin.

378 5520 384 5527 ἢ
488 5450 533 5482 ²¹
559 5444 865 5505 ἀποθανὼν,
899 5444 1037 5499 ἀλλὰ
1067 5450 1309 5519 σχήματι
1346 5450 1492 5522 μόνῳ
1521 5449 1833 5518 ἀποθανὼν,
1856 5450 1977 5506 οὐκ.
2056 5450 2102 5481 ’⁸
2132 5451 2193 5503 τό
2227 5468 2307 5505 τε.
2387 5452 2436 5485 ’³
2457 5451 2845 5524 Ἀρμενιανοῦ.

1482 5569 1625 5634 Car.
1656 5569 1977 5635 Dufresuii
1998 5571 2093 5633 Du
2121 5570 2343 5652 Cangii
2374 5577 2563 5634 notua.

487 5668 511 5690 θ
540 5665 638 5723 Hic
663 5666 845 5725 deficit
867 5666 987 5724 cod.
1008 5665 1157 5723 Flor.
