3974 6208
550 308 663 376 8'15
1836 299 2059 363 ANN/E
2100 295 2481 360 COMNEN/E
3606 301 3690 366 8i6

545 426 906 497 perfectaque.
931 418 1209 488 Siquidem
1234 431 1409 486 prima
1441 416 1529 470 illa
1554 413 1813 470 effusione
1840 416 1893 470 in
1926 412 2107 468 Asiam

2138 414 2187 471 Α
2211 408 2314 480 τὴν
2362 404 2549 461 Ἀσίαν
2576 406 2676 477 τήν
2719 422 2780 459 τε
2816 403 3092 476 Ἀντιόχου
3118 404 3285 469 πόλιν,
3333 406 3416 460 καὶ
3435 407 3519 477 τὴν
3537 409 3676 481 Τύρον

546 495 1016 568 innumerabilium
1043 505 1373 562 Gallicorum
1406 505 1771 571 exercituum,
1814 504 2033 573 quando
2059 511 2115 554 et

2214 497 2436 562 καὶτὰς
2486 497 2904 568 παρακειμένας
2955 496 3171 559 ἁπάσας
3223 495 3390 560 πόλεις
3439 500 3521 551 καὶ
3558 500 3693 572 χώρας

544 601 825 659 Antiochia
859 610 911 654 et
950 599 1128 671 Tyrus
1157 606 1211 652 et
1233 596 1540 664 adjacentes
1572 597 1839 650 universa:
1871 594 2113 649 civitates

2219 589 2487 660 ἐμάστιζε
2564 589 2663 642 καὶ
2689 585 2973 657 δεσμώτας
3023 585 3347 657 ἐμφρούρους
3391 581 3544 658 εἶχεν·
3590 592 3618 659 ἡ
3654 592 3695 644 δὲ

549 698 641 751 illa
671 695 931 763 ﬂagrante
960 691 1009 744 vi
1034 691 1199 760 primi
1223 689 1484 743 tumultus
1517 687 1856 751 laborabant,
1885 684 2117 752 quodam

2218 681 2436 752 φρουρά
2461 680 2608 751 δεινὴ
2633 680 2742 734 τῶν
2763 679 2935 734 πάλαι
2964 679 3352 747 γεγενημένων.
3378 680 3474 733 Καὶ
3500 682 3693 752 περὶτῆς

549 802 799 844 successu
828 784 1003 838 'Gallis
1048 781 1308 847 infausto,
1360 790 1414 832 nt
1462 790 1587 832 sunt
1640 777 1804 831 varia:
1855 776 2116 831 bellorum

2142 772 2428 847 Δτούτων
2489 771 2749 835 ἁλώσεως
2811 772 2906 823 καὶ
2960 770 3070 823 τῶν
3104 768 3341 822 ἐντεῦθεν
3382 773 3700 838 συμπεσόντων

550 824 799 844 summa
836 824 1003 838 ψη..-
1048 824 1308 847 ...η--.η
1652 824 1802 831 ._.-._

546 881 713 945 vices,
738 875 1064 946 Babylonius
1094 883 1355 942 tyrannus
1379 869 1619 924 Francos
1649 869 1876 923 comites
1907 866 2024 920 fere
2051 865 2114 918 ad

2138 824 2441 927 οτούτοις
2467 824 2660 918 δεινῶν
2696 824 3041 935 μεμαθηκὼς
3069 865 3096 915 ὁ
3121 824 3476 932 αὐτοκράτωρ,
3506 824 3702 917 ἐδάκνετό

538 977 820 1023 'lrecenlos
853 973 1070 1034 ceperat
1098 962 1301 1037 etdura
1321 962 1373 1015 in
1395 961 1581 1031 primis
1611 959 1853 1015 cuStodia
1886 957 2107 1020 tenebat;

2221 971 2280 1006 τε
2325 955 2424 1015 τὴν
2479 952 2656 1024 ψυχὴν
2706 954 2800 1006 καὶ
2846 952 2968 1015 ὅλος
3020 952 3119 1022 τῆς
3168 952 3377 1006 ἐκείνων
3418 953 3703 1023 ἀναῤῥύσεως

550 1059 603 1113 in
647 1060 945 1124 teterrimo,
978 1065 1141 1125 atque
1167 1057 1242 1107 'ad
1296 1055 1613 1108 inusilatnm
1645 1052 1885 1121 antith
1920 1052 2118 1105 crude-

2223 1046 2474 1116 ἐγεγόνει
2502 1061 2516 1076 ’
2548 1047 2646 1097 καὶ
2696 1044 3200 1115 μεταπεμψάμενος
3237 1042 3463 1111 Νικήταν
3510 1044 3586 1094 τὸν
3630 1045 3706 1096 Πα-

547 1152 717 1206 litatis
744 1164 951 1203 morem
981 1157 1035 1202 et
1062 1159 1241 1212 usum,
1266 1146 1392 1200 olim
1428 1146 1711 1213 designato
1738 1143 1969 1212 quodam
1996 1157 2116 1195 car-

2222 1138 2577 1208 νουκωμίτην
2602 1137 2647 1169 ³⁸
2678 1136 2821 1206 μετὰ
2855 1154 2960 1207 χρη
2971 1137 3156 1206 μάτων
3171 1134 3303 1205 πρὸς
3328 1133 3412 1188 τὸν
3435 1133 3706 1186 Βαϐυλώνιον

551 1257 694 1296 cere.
732 1237 836 1293 Eos
864 1239 971 1292 illic
1003 1248 1081 1291 tot
1108 1252 1179 1291 ac
1213 1240 1348 1291 tales
1371 1236 1527 1304 longe
1555 1234 1957 1289 acerbissimam
1994 1232 2120 1288 tole-

2231 1228 2586 1295 ἐξαπέστειλε
2620 1228 2840 1298 γραφάς
2895 1227 3032 1298 πρὸς
3068 1225 3227 1280 αὑτὸν
3276 1225 3556 1296 ἐγχειρίσας
3573 1225 3626 1278 δι’
3661 1220 3711 1278 ὧν

548 1344 674 1384 rare
706 1329 1073 1399 captivitatem
1120 1327 1306 1380 audire
1349 1326 1644 1392 imperator
1672 1323 1791 1376 sine
1831 1319 2117 1374 tenerrimo

2222 1323 2351 1384 τοὺς
2373 1318 2754 1391 δορυαλώτους
2779 1319 3029 1379 ἐκείνους
3054 1320 3238 1389 ᾐτεῖτο
3263 1320 3513 1387 κόμητας,
3564 1319 3712 1382 πολλὰς

558 1420 955 1476 misericordize
989 1432 1152 1474 sensu
1190 1431 1293 1470 non
1318 1415 1502 1485 potuit
1533 1431 1547 1467 :
1580 1428 1679 1468 nec
1706 1413 1822 1467 sine
1849 1411 2125 1482 pr0posito

2228 1411 2615 1481 ὑποσχόμενος
2643 1410 2794 1481 αύτῷ
2822 1411 2923 1475 τὰς
2976 1411 3207 1481 χάριτας
3249 1412 3295 1463 εί
3346 1410 3547 1473 τούτους
3590 1410 3716 1471 λύσας

554 1529 617 1567 ac
651 1516 870 1565 decreto
903 1510 1073 1564 animi
1112 1524 1216 1563 non
1248 1507 1419 1577 magis
1448 1506 1689 1560 benefico
1705 1520 1877 1573 quam
1913 1501 2119 1557 efﬁcaci

2224 1505 2334 1558 τῶν
2370 1504 2587 1572 δεσμῶν
2621 1503 2911 1558 ἀπολύσει.
2960 1503 3033 1556 '0
3073 1503 3130 1556 δὲ
3160 1500 3482 1564 Βαϐυλώνιος
3519 1503 3596 1554 τὸν
3634 1503 3718 1555 Πα-

553 1602 894 1657 liberationis
928 1616 989 1655 ac
1024 1600 1288 1654 libertatis
1338 1597 1553 1651 illorum
1597 1595 1789 1664 quovis
1834 1594 2015 1664 pretio
2057 1608 2122 1648 ac

2228 1596 2577 1667 νουκωμίτην
2615 1597 2976 1666 θεασάμενος,
3003 1597 3100 1650 καὶ
3130 1597 3362 1657 ἀκούσας
3392 1595 3517 1648 ἅττα
3532 1594 3585 1664 δὴ
3608 1594 3722 1664 παρὰ

553 1691 731 1747 studio
762 1689 1231 1759 reprtnscntandae.
1264 1687 1343 1741 Ad
1370 1686 1510 1740 hanc
1544 1699 1656 1738 rem
1696 1683 1898 1738 Niceta:
1942 1684 2122 1737 Panu-

2160 1749 2197 1759 _
2229 1690 2323 1742 τοῦ
2359 1688 2765 1759 αὐτοκράτορος
2794 1688 2928 1758 πρὸς
2962 1688 3131 1740 αὐτὸν
3175 1685 3485 1756 διεμηνύθη,
3532 1683 3721 1750 ἁνελίξις

554 1785 766 1838 comitas
798 1782 991 1835 litteris
1019 1791 1073 1835 ct
1100 1781 1339 1849 pecuniis
1372 1780 1642 1832 instructo
1678 1783 1905 1847 imperat
1933 1786 1991 1831 ut
2020 1776 2123 1831 Ba-

2160 1749 2199 1802 Β
2230 1784 2287 1838 δὲ
2351 1785 2446 1838 καὶ
2515 1749 2617 1847 τὰς
2676 1749 2920 1855 τροφάς
2950 1783 3071 1838 λύει
3122 1783 3222 1854 μὲν
3262 1749 3584 1853 παραχρῆμα
3631 1749 3724 1844 re);

555 1874 767 1945 bylonis
800 1875 956 1926 adeat
1010 1874 1303 1940 principem
1336 1913 1349 1935 ,
1392 1871 1726 1938 redditisque
1769 1871 1834 1924 ab
1883 1869 2124 1940 Augusto

2232 1875 2480 1946 κόμητας
2501 1874 2615 1927 τῶν
2653 1874 2893 1947 δεσμῶν,
2939 1875 3129 1942 ἐξάγει
3174 1875 3231 1928 δὲ
3270 1874 3367 1944 τῆς
3419 1875 3643 1944 φρουρᾶς.
3671 1874 3725 1925 θύ

550 1965 812 2035 Epistolis
841 1964 1158 2034 legationem
1190 1963 1608 2031 in‘captivorum
1658 1962 1916 2016 auxilium
1961 1960 2119 2015 verba

2234 1964 2419 2035 μέντοι
2453 1980 2516 2031 γε
2554 1964 2832 2027 πανέλῶς
2862 1964 3180 2034 ἐλευθερίας
3229 1964 3419 2027 αὐτοὺς
3464 1964 3603 2030 ἀξιοῖ,
3630 1962 3732 2015 ἀλλὰ

547 2069 769 2125 quoque
792 2053 907 2122 ipse
940 2062 1155 2120 peroret
1201 2066 1361 2120 qnam
1406 2049 1857 2116 accuratissime;
1898 2058 2116 2105 conten-

2231 2059 2309 2130 τῷ
2341 2059 2743 2131 Πανουκωμίτῃ
2813 2059 3176 2131 παραδίδωσι,
3216 2059 3349 2129 πρὸς
3405 2059 3490 2110 τὸν
3523 2056 3733 2124 αὑτοκράυ

554 2146 688 2201 dens
745 2161 773 2198 a
834 2143 1125 2214 Babylonio
1177 2142 1338 2195 multa
1392 2140 1709 2210 interposita
1767 2141 2123 2210 promissione

2232 2167 2369 2221 τορα
2394 2150 2620 2215 τούτους
2650 2151 3070 2216 ἐξαποστείλας,
3119 2149 3403 2221 μηδοτιοῦν
3421 2151 3519 2201 τῶν
3541 2148 3735 2201 ἀποστα-

554 2238 741 2308 εηιίεε
778 2236 845 2289 ab
876 2237 1205 2303 imperatore
1257 2233 1505 2288 ineunda)
1535 2240 1596 2286 ut
1628 2233 1859 2287 miseros
1903 2231 2123 2286 comite:

2229 2242 2431 2296 λὲντων
2453 2261 2558 2315 χρη
2569 2243 2758 2312 μάτων
2794 2243 3227 2314 ἀναλαϐόμενος,
3249 2243 3358 2296 εἴτε
3380 2240 3432 2293 δὲ
3457 2241 3524 2302 ὡς
3553 2238 3616 2308 μὴ
3639 2238 3737 2288 ἀπ’.

557 2328 764 2383 solutos
789 2327 1024 2381 vinculis
1054 2326 1206 2380 abire
1242 2326 1442 2380 liberos
1473 2324 1700 2380 sineret.
1734 2323 1867 2378 Viso
1896 2323 2126 2395 Babylo-

2231 2335 2487 2404 χρώντων
2518 2334 2656 2405 πρὸς
2682 2333 2953 2387 τοσούτων
3001 2333 3224 2404 λύτρον,
3290 2334 3395 2385 εἴτε
3420 2328 3505 2384 καί
3550 2325 3736 2398 δωρολη·

560 2419 682 2475 nius
737 2417 1114 2479 Panucomita,
1158 2417 1471 2484 auditoque,
1502 2414 1667 2470 ‘lectis
1713 2415 1878 2471 etiam
1934 2415 2129 2469 litteris

2229 2423 2363 2493 φίας
2391 2424 2681 2494 ἐκφεύγων
2711 2424 2993 2489 ὑπόνοιαν,
3027 2426 3129 2477 καὶ
3147 2424 3230 2485 ὡς
3264 2424 3337 2492 μὴ
3361 2423 3581 2491 φαίνοιτο
3614 2417 3741 2485 τιμῗς

554 2528 693 2584 quas
718 2512 786 2567 ab
829 2515 1072 2582 Angusto
1103 2509 1399 2575 attulerat,
1439 2508 1646 2563 solutos
1675 2508 1857 2563 statim
1899 2507 2123 2563 vinculis

2232 2516 2459 2579 τούτους
2496 2515 2907 2586 ἀποδιδόμενος,
2967 2516 3110 2569 ἀλλὰ
3173 2514 3419 2584 καθαρὰν
3481 2513 3571 2581 τὴν
3619 2509 3741 2579 χάριν

556 2607 782 2661 comites
817 2598 1058 2660 custodia
1082 2602 1283 2666 educit,
1312 2615 1650 2672 nequaquam
1679 2608 1856 2656 tamen
1878 2601 2125 2655 libertate

2232 2607 2525 2676 ἀπονέμων
2553 2606 2631 2676 τῷ
2668 2605 2880 2675 βασιλεῖ
2904 2607 2999 2659 καὶ
3019 2604 3341 2674 ἀκίϐδηλον,
3377 2603 3481 2656 εἴτε
3505 2599 3589 2655 καὶ
3629 2597 3743 2651 πλει-

559 2697 677 2753 illos
706 2696 862 2767 plena
894 2698 1103 2750 donans
1138 2709 1152 2746 :
1187 2695 1282 2748 sed
1316 2707 1347 2748 e
1380 2708 1474 2748 sua
1508 2700 1777 2762 potestate
1804 2693 1859 2746 in
1894 2691 1987 2757 jus
2029 2693 2128 2745 im-

2231 2697 2368 2750 όνων
2399 2697 2709 2766 ἐφιέμενος,
2741 2696 2878 2760 Θεὸς
2907 2698 2975 2751 ἂν
3005 2697 3204 2766 είδείη.
3230 2695 3456 2757 Τούτους
3478 2695 3503 2747 ό
3545 2688 3741 2761 βασιλεὺς

557 2790 825 2862 peratoris
869 2786 1219 2851 transferens,
1251 2785 1595 2840 deducendos
1634 2789 1699 2838 ad
1728 2785 1900 2853 ipsum
1949 2784 2126 2838 Pann-

2232 2788 2639 2854 καταλαϐόντας
2675 2789 3009 2860 θεασάμενος
3040 2788 3402 2861 ὑπερηγάσθη
3450 2786 3538 2857 μὲν
3565 2783 3648 2853 τὴν
3675 2779 3746 2833 τοῦ

557 2884 771 2941 comitas
806 2882 994 2943 tradit,
1024 2878 1265 2949 pecuniis
1289 2891 1408 2946 qua:
1441 2874 1811 2930 offerebantur
1843 2874 2002 2943 plane
2044 2890 2126 2929 re-

2235 2882 2515 2955 βαρϐάρου
2546 2882 2775 2955 γνώμην
2813 2883 2911 2936 καὶ
2960 2882 3340 2954 τεθαύμακεν.
3389 2876 3661 2937 Ἐπιπόνως
3704 2869 3746 2923 δὲ

559 2975 760 3029 cusatis
794 2991 807 3027 :
843 2972 958 3026 sive
1005 2970 1146 3039 quod
1184 2969 1429 3023 minores
1464 2981 1556 3020 eas
1593 2967 1814 3020 duceret
1861 2981 2025 3033 quam
2071 2974 2128 3020 ut

2232 2976 2459 3041 τούτους
2536 2976 2667 3045 περὶ
2725 2975 2835 3028 τῶν
2883 2966 3321 3045 συμϐεϐηκότων
3369 2972 3543 3033 αὐτοῖς
3585 2969 3749 3033 ἐπερω-

560 3069 613 3121 in
641 3065 868 3135 pretium
898 3072 982 3125 tot
1014 3060 1307 3126 taliumque
1336 3059 1573 3125 capitum
1610 3067 1829 3126 possent
1856 3057 2123 3122 sufﬁcere;

2181 3069 2401 3139 ςτήσας
2462 3067 2556 3121 καὶ
2584 3065 2920 3137 μεμαθηκὼς
2971 3068 3126 3131 ὅπως
3163 3068 3258 3120 ἐπὶ
3309 3063 3551 3118 τοσοῦτον
3603 3056 3750 3127 χρὸνιν

561 3158 676 3212 sive
707 3153 850 3224 quod
883 3151 1123 3206 avaritia:
1155 3150 1518 3219 suspicionem
1542 3147 1760 3218 fugeret
1786 3165 1802 3214 ;
1832 3150 1946 3204 sive
1970 3149 2128 3203 deni-

2236 3160 2332 3213 καὶ
2395 3157 2665 3212 τοσούτων
2712 3156 2931 3212 κύκλων
2965 3160 3259 3228 περιόδους
3312 3155 3595 3227 ἔμφρουροι
3638 3148 3751 3205 οντες

558 3262 665 3317 que
690 3245 831 3316 quod
871 3251 1037 3298 totam
1064 3256 1178 3295 rem
1211 3240 1464 3310 imputari
1494 3239 1563 3293 ab
1591 3239 1917 3309 imperatore
1945 3240 2127 3296 solidae

2235 3252 2359 3305 οὐδὲ
2422 3250 2571 3315 ἅπαξ
2625 3250 2785 3320 ἥλιον
2847 3250 3196 3315 ἐθεάσαντο,
3258 3248 3376 3303 ούδέ
3427 3246 3530 3299 τῶν
3582 3237 3750 3306 δεσμῶν

559 3339 765 3411 gratias,
790 3346 845 3392 et
871 3334 1142 3389 reddendo
1170 3335 1269 3403 ipsi
1303 3332 1593 3403 aliquando
1626 3347 1746 3387 cum
1771 3348 1938 3388 usura
1967 3332 2128 3404 357

2235 3343 2526 3414 ἐλύθησαν,
2593 3341 2728 3396 ἀλλὰ
2779 3343 2875 3396 καὶ
2933 3343 3156 3410 τροφῶν
3236 3338 3502 3395 παντοίων
3556 3335 3753 3401 ἄγευστοι

560 3428 843 3494 beneficio,
874 3426 1118 3483 studeret
1148 3441 1163 3478 :
1197 3440 1425 3494 quarunt
1455 3424 1839 3494 cogitationum
1872 3440 1993 3494 qua:
2037 3441 2127 3495 po-

2233 3436 2294 3488 τὸ
2345 3437 2609 3505 παράπαν
2667 3435 2761 3488 ἐπὶ
2805 3432 3065 3487 τοσούτου
3136 3430 3636 3502 διαμεμενήκεσαν.
3687 3418 3737 3488 μδ

562 3523 828 3579 tissimnm
862 3519 1003 3589 apud
1032 3518 1258 3572 Barbari
1292 3516 1531 3570 animum
1569 3516 1933 3585 prmvaluerit,
1992 3518 2131 3572 Deus

2233 3545 2325 3581 νου
2372 3528 2534 3596 ἄρτου
2576 3527 2670 3579 καὶ
2711 3524 2904 3586 ὓδατος
2962 3523 3503 3596 μεταλαμϐάνοντες,
3532 3511 3754 3581 οἰκτείρας

558 3612 768 3672 scilicet
802 3611 972 3667 novit.
994 3608 1121 3665 lltnt
1149 3609 1218 3663 sit
1241 3608 1498 3663 deductos
1525 3608 1591 3661 ad
1622 3623 1683 3663 se
1713 3608 1956 3676 captivos
1983 3609 2127 3677 prius

2236 3616 2331 3669 τοῦ
2366 3616 2573 3679 πάθους
2597 3616 2694 3670 καὶ
2728 3615 2936 3687 θερμὸν
2958 3613 3320 3680 καταστάξας
3351 3614 3576 3680 δάκρυον
3600 3602 3755 3669 πολλῆῖ

559 3705 788 3763 comites
846 3704 1139 3772 imperator
1203 3714 1451 3766 cernens,
1515 3698 1837 3755 facilitatem
1894 3698 2128 3756 inﬁdelis

2238 3705 2587 3777 παραχρῆμα
2615 3704 2771 3774 ἠξίου
2797 3704 3240 3775 φιλοφροσύνης,
3275 3702 3535 3776 χρήματα
3566 3713 3617 3751 τε
3665 3696 3754 3747 ἐπι-

560 3814 582 3870 ι
629 3797 821 3867 incipis
852 3804 907 3850 et
932 3792 1088 3848 valde
1116 3792 1423 3847 admiratus
1447 3802 1553 3856 est,
1598 3801 1649 3847 et
1683 3792 1735 3845 in
1765 3791 1897 3847 lucri
1943 3807 2007 3848 ac
2039 3795 2129 3848 be-

2234 3798 2359 3860 δοὺς
2387 3796 2483 3850 καὶ
2512 3795 2696 3867 ἄμφια
2747 3798 2983 3850 παντοῖα
3037 3797 3354 3867 παρασχών
3378 3812 3392 3825 ·
3434 3795 3512 3854 εἰς
3548 3782 3754 3859 βαλανεῖά

562 3888 739 3944 neticii
770 3886 989 3940 maximi
1016 3894 1170 3953 parte
1204 3883 1526 3938 numeravit.
1549 3882 1721 3937 Porro
1743 3883 1885 3952 ipsos
1911 3885 2131 3939 miseros

2236 3903 2302 3939 τε
2335 3885 2778 3957 προτρεπόμενος
2799 3885 2893 3939 καὶ
2915 3886 3195 3950 παντοίως
3221 3885 3325 3955 τῆς
3357 3880 3611 3950 τοσαύτης
3635 3872 3757 3928 κακό-

561 3979 708 4035 omni
739 3978 1050 4046 complexus
1091 3974 1396 4039 cbaritate,
1449 3972 1653 4027 nullum
1704 3974 1863 4029 linem
1904 3989 2130 4043 percon-

2237 3995 2397 4050 τητος
2427 3978 2841 4048 ἀνακτήσασθαι
2870 3976 3099 4040 τούτους
3147 3974 3564 4048 μηχανώμενος.
3618 3968 3670 4020 Ol
3716 3960 3758 4013 δὲ

564 4069 709 4125 tandi
752 4068 988 4122 faciebat
1041 4064 1404 4133 audiendique
1453 4064 1519 4117 de
1565 4079 1764 4133 nupera
1817 4064 2133 4122 infelicitate

2236 4072 2455 4142 ἔχαιρον
2492 4065 2680 4138 ἐφόἷς
2719 4068 2874 4140 παρὰ
2902 4068 2998 4122 τοῦ
3024 4070 3444 4141 αὐτοκράτορος
3498 4059 3554 4116 εὑ
3600 4053 3755 4111 πεπόν-

560 4162 796 4229 ipsorum
825 4172 839 4208 :
878 4165 1038 4224 atque
1070 4152 1142 4207 illi
1182 4168 1303 4208 cum
1347 4160 1630 4207 narrarent
1662 4169 1783 4209 sese
1808 4164 1956 4208 tanto
1986 4166 2126 4210 tem-

2237 4165 2392 4219 θασιν
2418 4165 2468 4218 ol
2532 4164 2659 4234 πρὶν
2704 4162 2892 4233 ἐχθροὶ
2937 4163 3034 4215 καὶ
3080 4162 3376 4231 πολέμιοι,
3434 4148 3758 4234 οίπαραϐάττι

558 4263 712 4321 pore,
744 4254 931 4315 totque
961 4242 1191 4298 evolutis
1222 4243 1465 4312 periodis
1493 4242 1749 4297 solarium
1802 4245 2015 4299 orbium
2061 4261 2127 4301 ex

2235 4257 2345 4310 τῶν
2381 4256 2516 4325 πρὸς
2540 4254 2703 4308 αὑτὸν
2730 4253 2935 4325 ὁρκίων
2973 4252 3069 4306 καὶ
3099 4251 3460 4321 ὑποσχέσεων
3487 4245 3578 4314 τὴν
3600 4233 3755 4325 τοσαύ-

558 4357 668 4414 quo
694 4341 748 4395 in
776 4350 1049 4394 carcerem
1087 4335 1288 4389 detrusi
1320 4332 1552 4398 fuerant,
1596 4335 1763 4389 solem
1809 4336 2010 4391 vidisse
2054 4354 2123 4394 ne

2190 4364 2335 4418 ιτην
2380 4324 2438 4410 ἐς
2484 4347 2687 4408 αὑτοὺς
2739 4343 3145 4408 κατανοοῦντες
3206 4341 3582 4410 ἀνεξικακίαν.
3627 4332 3676 4384 ’0
3717 4324 3759 4376 δὲ

552 4432 723 4489 semel
751 4430 989 4499 quidem,
1023 4440 1086 4481 ac
1128 4438 1305 4494 neque
1349 4425 1416 4478 ad
1470 4436 1801 4480 momentum
1860 4428 2121 4484 relaxatos

2191 4420 2211 4447 ’
2239 4436 2362 4506 μεθ’
2387 4437 2605 4507 ἡμέρας
2639 4435 3143 4505 μεταπεμψάμενος
3165 4431 3396 4494 τούτους
3429 4430 3549 4498 ἔφη·
3581 4420 3760 4477 Ἄδερον

555 4539 678 4580 esse
705 4539 733 4578 a
765 4519 1018 4584 vinculis,
1060 4518 1152 4573 sed
1194 4532 1297 4573 nec
1327 4516 1490 4571 alium
1536 4517 1761 4572 omnino
1807 4506 2124 4590 quemquam

2233 4526 2385 4595 ὑμῖν
2407 4506 2514 4581 τοῦ
2552 4523 2775 4580 λοιποῦ
2810 4523 3020 4594 δίδωμι
3067 4524 3173 4577 ἵνα
3222 4524 3466 4577 ὁπόσον
3512 4507 3762 4595 ,Βούλεσθε

557 4628 802 4687 gustasse
828 4614 1006 4670 cibmn
1043 4619 1136 4666 aut
1176 4620 1359 4680 potum
1405 4625 1568 4679 quam
1601 4624 1794 4680 panem
1839 4619 1894 4665 et
1936 4626 2126 4681 aquam

2232 4592 2385 4668 κατὰ
2442 4615 2668 4681 ταύτην
2724 4612 2839 4681 τὴν
2905 4592 3093 4666 πολιν
3158 4610 3633 4681 ἐγκαρτερήσητε
3666 4592 3760 4667 μεθ’

560 4725 783 4772 tucratn,
811 4701 1229 4775 colliquescebat
1273 4700 1575 4755 calentibus
1615 4701 1868 4772 Iacrymis
1910 4704 2029 4772 pius
2078 4714 2129 4760 et

2230 4707 2422 4778 ἡμῶν.
2493 4708 2791 4775 Ὀπηνίκα
2845 4705 2913 4760 δέ
2964 4723 3056 4772 τις
3104 4694 3234 4759 τῶν
3286 4705 3525 4760 οἰκείων
3571 4698 3762 4763 lauim-

561 4805 831 4856 lmmauus
860 4800 1142 4865 princeps;
1184 4802 1241 4849 et
1285 4809 1393 4847 non
1437 4794 1622 4864 utique
1647 4796 1818 4851 otiosa
1854 4796 2130 4865 signiﬁca-

2227 4790 2401 4864 σθείς
2457 4799 2739 4865 ἐθελήσοι
2783 4797 3138 4868 ἀναχωρεῖν,
3205 4798 3532 4859 ἀκωλύτως
3584 4788 3663 4842 καί
3685 4780 3762 4845 τῆς

558 4896 708 4947 tione
753 4888 1137 4946 misericordia:
1182 4903 1243 4941 se
1294 4886 1607 4941 defunctum
1671 4897 1842 4953 ratus,
1900 4889 2127 4959 insuper

2231 4896 2379 4961 πρὸς
2413 4893 2485 4947 τὰ
2514 4892 2670 4946 οἴκοι
2730 4891 3038 4961 φερούσης
3078 4890 3315 4959 ἅψαιτο
3372 4881 3764 4949 συνταξάμενος

557 4985 702 5037 omni
732 4984 1033 5051 oggerenda
1070 4980 1225 5048 copia
1255 4987 1681 5048 opportunarum
1722 4995 1899 5034 rerum
1919 5020 1933 5046 ,
1968 4996 2126 5052 pecu-

2231 4984 2395 5053 ἡμῖγ,
2450 4984 2549 5037 καὶ
2604 4983 2758 5037 οὕτω
2817 4982 2916 5037 διὰ
2969 4985 3306 5051 χρημάτων
3365 4980 3463 5034 καὶ
3528 4965 3755 5028 παι-τοίας

561 5076 792 5138 niarum,
825 5072 1089 5132 ciborum,
1124 5071 1378 5134 vestium,
1426 5069 1744 5125 balnearum
1786 5073 1915 5142 quin
1962 5075 2124 5130 etiam

2233 5073 2429 5141 ἄλλης
2457 5072 2803 5142 οἰκονομίας
2828 5070 3217 5141 ἐφοδιασθεὶς
3275 5066 3480 5134 καλῶς
3525 5058 3763 5117 aevom?

556 5176 611 5217 et
648 5159 981 5216 remissionis
1022 5170 1233 5213 caetera:
1256 5196 1272 5221 ,
1311 5158 1622 5229 abstergere
1669 5159 1776 5215 illis
1811 5163 2125 5217 memoriam

2235 5166 2384 5233 θείη.
2411 5165 2518 5219 Kal
2544 5162 2752 5230 ἁπλῶς
2780 5165 2876 5217 καί
2905 5161 3186 5232 παρεῖναι
3209 5163 3314 5216 καὶ
3342 5161 3578 5216 ἀπεῖναι
3601 5150 3763 5206 ἄδειαν

557 5248 791 5307 tristitiae
820 5246 1037 5315 prioris,
1063 5257 1117 5301 et
1150 5245 1422 5303 fortunam
1453 5249 1732 5305 meliorem
1765 5250 1938 5320 plenis
1969 5254 2126 5309 totius

2236 5257 2400 5325 ἔχειν
2465 5255 2622 5326 ὑμᾶς
2673 5257 2995 5326 βούλομαι,
3059 5253 3163 5308 καὶ
3238 5254 3311 5309 τὸ
3366 5244 3657 5321 ,ϐουλητὸν
3704 5236 3761 5299 ὡς

559 5336 905 5413 benignitatis
935 5337 1125 5390 olliciis
1147 5338 1436 5407 propinare
1470 5340 1774 5410 satagebat,
1806 5344 2128 5401 mirantibus

2238 5348 2597 5416 ἐλευθέρους
2632 5349 2781 5402 κατὰ
2803 5347 2919 5414 τὴν
2939 5345 3175 5400 οικείαν
3207 5346 3462 5416 γνώμην
3511 5336 3758 5407 πράττειν·

514 5490 517 5493 .
556 5438 672 5491 sine
699 5433 801 5486 line
839 5426 991 5496 ipsis,
1022 5441 1085 5479 ac
1116 5440 1389 5496 nunquam
1409 5429 1543 5485 satis
1568 5434 1844 5500 suspicere
1866 5437 2083 5506 prtedic:

2237 5436 2418 5494 Ἦσαν
2450 5439 2550 5511 μὲν
2577 5437 2669 5493 οὖν
2696 5439 2836 5504 τέως
2864 5439 2915 5492 ot
2948 5438 3197 5508 κόμητες
3231 5435 3382 5509 μετὰ
3412 5433 3500 5490 τοῦ
3547 5418 3761 5495 αὐτοκρά·

1633 5593 1833 5656 Varia:
1858 5594 2162 5662 lectiones
2191 5617 2269 5663 ex
2312 5597 2456 5660 cod.
2478 5596 2730 5659 Coislin.

631 5725 678 5761 “
706 5723 1142 5797 Πανουκομίτην.
1184 5721 1274 5781 Sic
1306 5736 1545 5795 semper.
