3974 6208
253 327 354 388 837

1498 322 1914 385 ALEXIADIS
1951 318 2262 384 L1B.Xll.

3393 324 3498 387 878

252 453 412 506 τορος
435 434 726 497 παντοίας,
760 434 835 498 ὡς
884 433 1124 502 εἴρηται,
1178 435 1476 506 Θεραπεξας
1511 437 1832 506 ἀξιούμενῠι

1950 447 2106 502 reque
2141 431 2441 486 valentibus
2477 439 2681 486 tantam
2715 431 3061 500 imperatoris
3111 433 3162 486 iu
3195 449 3252 488 se
3301 435 3372 489 illi
3428 454 3510 488 rt"

253 531 348 583 καὶ
371 527 844 590 δυσαποσπάστως
875 527 1041 581 αὐτοῦ
1083 526 1320 596 ἔχοντες.
1378 530 1531 581 Ἐπεὶ
1555 531 1610 582 δὲ
1635 533 1838 598 Λογγί-

256 621 488 692 εαρδίαν
518 623 544 671 6
569 619 906 688 Βαῖμοῦντος
941 619 1291 680 καταλαϐὼν,
1322 622 1396 683 ὡς
1428 613 1454 674 δ
1493 621 1651 686 λόγος
1693 622 1831 689 φθά-

263 727 364 774 σας
406 710 642 781 ἐδήλωσε
684 709 857 762 πλείω
889 710 998 762 τῶν
1063 712 1345 780 προτέρων
1401 716 1835 780 στρατευμάτων

261 802 511 856 σπεύδων
581 802 929 869 συναγαγεῖν,
1007 801 1177 854 πολλὰ
1260 802 1355 854 τοῦ
1431 803 1837 874 αὐτοκράτορος

257 894 579 965 κατέτρεχε,
616 894 756 946 κατά
789 895 972 946 πᾶσαν
1008 894 1163 946 πόλιν
1223 895 1318 946 καὶ
1367 893 1551 963 χώραν
1609 895 1825 963 erepsit?»

258 986 356 1038 καὶ
381 986 624 1052 παγάνον
676 986 838 1038 αὑτὸν
871 987 1102 1055 λαμπρᾷ
1138 989 1204 1056 τῇ
1237 989 1398 1057 φωνῇ
1446 987 1838 1056 ἀνακηρύττων

260 1079 358 1133 καὶ
414 1080 528 1141 τοῖς
583 1078 848 1145 παγὰνοις
895 1077 1006 1149 (95)
1054 1078 1151 1151 ὅλῃ
1201 1081 1398 1148 γνώμῃ
1461 1079 1836 1148 ὲπαρήγοντα.

259 1168 441 1222 Τοῦτο
489 1171 516 1222 ὁ
565 1169 928 1237 αὐτοκράτωρ
987 1169 1328 1238 μεμαθηκὼς
1384 1170 1508 1230 τοὺς
1567 1170 1834 1239 ῥηθέντας

260 1260 534 1330 κόμητας,
569 1261 630 1312 τὸ
655 1259 755 1328 μέν
808 1278 891 1313 τοι
913 1261 955 1291 ³⁸
989 1262 1082 1312 καὶ
1118 1261 1296 1313 αὐτῶν
1347 1260 1636 1329 προθυμίαι
1649 1262 1830 1328 μένων

260 1354 367 1422 ἤδη
403 1352 538 1422 πρὸς
580 1352 678 1414 τὰς
744 1352 895 1420 σξῶν
930 1352 1155 1405 ἀπιέναι
1193 1351 1403 1421 χώρας,
1457 1352 1517 1403 τὸ
1551 1351 1607 1403 δέ
1654 1368 1706 1402 τι
1745 1353 1840 1403 καὶ

261 1445 405 1515 πρὸς
442 1445 666 1514 ἔλεγχον
695 1443 806 1496 τῶν
841 1444 959 1497 κατ’
989 1443 1154 1496 αὑτοῦ
1187 1445 1337 1513 παρά
1369 1442 1464 1495 τοῦ
1497 1441 1839 1511 Βαῖμούντου

260 1538 836 1605 διακηρυκευομένων,
904 1535 1146 1606 δαψιλεῖς
1195 1535 1291 1596 τὰς
1324 1535 1547 1604 δωρεὰς,
1577 1537 1840 1604 ἐπιχορη-

260 1628 443 1696 γήσας
506 1627 722 1688 αὐτοῖς,
790 1626 974 1680 οἶκαδε
1058 1625 1480 1690 ὲξαπέστειλεν’
1548 1627 1710 1689 αὐτὸς
1784 1627 1841 1680 δὲ

261 1715 401 1786 πρὸς
430 1715 528 1785 τὴν
559 1715 830 1769 Θετταλοῦ
870 1717 1027 1768 πόλιν
1057 1714 1368 1778 σπουδαίως
1393 1712 1566 1788 ἐξῄει,
1588 1717 1705 1782 ἅμα
1739 1719 1836 1785 μὲν

1941 526 2117 580 belles
2159 541 2221 578 ac
2257 525 2500 592 periuros
2541 527 2874 594 patientiam.
2928 527 3018 582 Ille
3059 543 3189 584 vero
3226 541 3507 599 postannu

1942 618 2041 671 ista
2073 616 2400 684 indulgentia
2429 617 2612 669 multis
2643 619 2833 670 diebus
2857 633 2950 671 eos
2982 620 3186 682 habuit,
3218 623 3510 675 accersitos

1942 709 2006 762 ad
2042 723 2100 762 se
2121 709 2208 772 sic
2235 710 2498 763 allocutus
2526 720 2605 762 est
2642 728 2655 764 :
2691 709 2831 774 Quid
2864 712 3084 773 malitis:
3113 713 3187 765 rel
3215 703 3298 765 hic
3329 723 3381 765 ut
3414 715 3510 766 Im-

1941 817 2116 858 ctenus
2150 809 2288 870 apud
2319 822 2412 857 nos
2448 807 2711 856 nobiseum
2752 810 2953 871 vivere,
2987 808 3064 858 vel
3105 817 3192 857 aut
3232 808 3283 858 in
3323 808 3507 859 donth

1942 905 2137 947 vestras
2168 905 2258 947 aut
2296 896 2402 948 alio
2433 912 2664 964 pergere.
2703 898 2856 948 vestri
2885 896 3039 960 plane
3061 895 3205 963 juris
3241 908 3398 963 alque
3428 918 3509 950 (tr-

1942 987 2086 1040 bitrii
2137 987 2296 1052 (ario.
2346 989 2555 1040 Maneat
2608 1006 2701 1040 nos
2748 998 2953 1040 tantum
3003 989 3048 1040 si
3086 990 3175 1058 qui
3208 989 3515 1058 forteubire

1941 1072 2094 1135 ιιυιεί.
2129 1080 2447 1130 instruemus
2482 1095 2596 1131 eum
2629 1080 2839 1144 copioso
2871 1080 3098 1144 viatico;
3131 1091 3177 1133 et
3225 1097 3382 1148 super
3409 1098 3506 1136 ca!-

1943 1179 2106 1220 teram
2154 1169 2562 1220 sollicitudinem
2609 1169 2945 1236 providendo:
2978 1169 3059 1221 illi
3093 1173 3391 1224 securitatis
3425 1174 3516 1226 via!

1940 1257 2193 1325 cujusvis,
2210 1260 2367 1309 etiam
2399 1260 2781 1325 untplisjpsum
2806 1261 3101 1311 muneribus
3124 1274 3514 1331 prosequemur.

1944 1339 2056 1399 Tun
2085 1364 2168 1400 um
2204 1364 2266 1400 ne
2300 1351 2416 1416 quis
2467 1351 2606 1400 nauta
2640 1348 2742 1416 ﬁde
2773 1368 2823 1399 se
2856 1350 3132 1402 liberatum
3170 1355 3315 1418 queri
3351 1355 3518 1422 possit

1941 1450 2033 1491 aut
2069 1458 2170 1493 non
2227 1443 2280 1493 in
2333 1434 2538 1505 plenam
2597 1452 2860 1511 assertum
2899 1441 3215 1506 Lbertutcm,
3268 1447 3516 1498 denuntio

1941 1530 2096 1595 plane
2123 1549 2184 1583 ac
2214 1533 2468 1598 pru'dit'o,
2492 1535 2643 1584 i-estri
2664 1550 2748 1586 vos
2765 1533 2908 1600 juris
2938 1551 2999 1585 nc
3034 1530 3211 1586 liberte
3238 1538 3513 1601 potestatis

1940 1640 2059 1678 esse
2094 1639 2287 1678 omnes.
2346 1624 2466 1679 Sine
2525 1627 2770 1686 manetis,
2809 1626 3032 1691 jucuudi
3090 1626 3357 1695 hospites;
3411 1629 3519 1680 sive

1943 1715 2126 1776 abitis,
2164 1718 2305 1784 grati
2355 1716 2697 1768 nihilominus
2750 1716 2928 1769 amici.
2969 1715 3063 1770 llis
3096 1717 3168 1768 illi
3219 1719 3415 1771 auditis
3455 1734 3519 1768 eo

261 1809 390 1872 τοὺς
414 1809 677 1879 νεήλυδας
725 1808 791 1861 τὰ
839 1810 1204 1877 στρατιωτικά
1255 1809 1558 1871 παιδεύειν,
1613 1808 1726 1876 ἅμα
1785 1807 1839 1860 δὲ

1950 1812 2112 1876 magis
2143 1811 2194 1861 in
2233 1810 2474 1859 tuam-u-li
2522 1813 2793 1875 proposito
2825 1808 3128 1861 confirmati
3163 1818 3324 1873 sunt,
3361 1810 3504 1877 quod

261 1900 360 1954 καὶ
401 1900 494 1953 τὸν
557 1899 890 1966 Βαῖμοῦντον
955 1903 1020 1951 ἐκ
1084 1903 1190 1969 τῆς
1261 1902 1388 1968 περὶ
1443 1899 1604 1952 αὑτοῦ
1657 1903 1843 1968 φήμης

263 1991 635 2062 ἀπείργεσθαι
677 1992 774 2060 τῆς
803 1991 906 2044 ἀπὸ
939 1990 1340 2059 Λογγιϐαρδίας
1389 1991 1520 2058 πρὸς
1549 1991 1647 2060 τὴν
1713 1992 1848 2059 ἡμε-

260 2083 446 2151 δαπὴν
467 2082 944 2150 διαπεραιώσεως.
990 2083 1351 2145 ἈπελΟόντες
1375 2083 1557 2135 τοίνυν
1587 2083 1635 2135 οἱ
1666 2083 1842 2152 κόμη-

258 2192 355 2240 τες
386 2179 584 2229 ἐκεῖνοι
605 2175 817 2245 ἔλεγχοι
839 2175 933 2229 τοῦ
973 2175 1304 2239 Βαῖμούντου
1337 2175 1592 2243 γεγόνασι
1621 2174 1848 2243 ἀψευδέ-

264 2283 459 2321 στατοι
509 2267 805 2321 ἀπατεῶνα
851 2267 1146 2330 καλοῦντες
1203 2266 1389 2328 αὐτὸν,
1446 2268 1544 2320 καὶ
1600 2266 1719 2336 μηδ’
1752 2268 1843 2319 ἐπὶ

261 2358 344 2427 τῷ
369 2361 590 2427 τυχόντι
626 2358 1060 2427 ὲπαληθεύοντα,
1121 2359 1264 2411 κατὰ
1321 2358 1616 2428 πρόσωπον
1678 2357 1844 2410 αὐτὸν

266 2449 536 2514 πολλάκις
568 2450 883 2520 ἐλέγχοντες
909 2453 1196 2521 μάρτυρας
1226 2449 1593 2513 αὑτοπίστους
1617 2450 1846 2512 ἑαυτοὺς

265 2541 665 2604 καθιστῶντες.
1072 2543 1078 2550 ’

1945 1902 2057 1954 hsce
2083 1909 2189 1951 tam
2221 1899 2453 1952 humana
2489 1900 2748 1951 relaxatio
2797 1899 3062 1952 libertatis
3096 1901 3343 1953 obnoxia:
3368 1943 3382 1964 ,
3417 1915 3511 1954 ve-

1948 1993 2202 2046 recundia
2237 1994 2381 2057 ipsos
2423 1993 2738 2058 quadamet
2778 2007 2914 2044 nova
2973 1993 3335 2045 teneritudine
3380 1993 3516 2060 grati

1947 2087 2132 2150 animi,
2167 2088 2377 2141 catenis
2413 2087 2690 2157 quibusvis
2727 2101 2790 2139 eo
2822 2085 3045 2140 fortiore
3069 2102 3175 2152 quo
3214 2085 3519 2145 blandiore,

1947 2178 2202 2248 alligabat
2257 2179 2530 2247 obsequiis
2563 2188 2615 2231 et
2645 2178 2963 2246 conspectui
3002 2179 3233 2232 hominis
3287 2187 3393 2230 tam
3430 2178 3525 2229 be.

1950 2271 2130 2332 nelici,
2177 2270 2327 2340 cujus
2376 2270 2720 2324 liberalitatis
2789 2269 3167 2336 prolixissiuvte
3211 2266 3422 2321 fructus
3469 2266 3524 2318 in

1946 2372 2222 2416 momenta
2275 2363 2483 2431 singula
2521 2361 2826 2415 uberrimos
2866 2357 3132 2414 ferebant.
3168 2358 3369 2414 Verum
3401 2373 3524 2412 cura

1951 2454 2250 2521 accepisset
2288 2453 2584 2522 imperator
2628 2461 3024 2521 transgreSsum
3070 2466 3133 2502 eo
3169 2450 3323 2503 modo
3356 2462 3515 2517 (rem

1952 2545 2234 2599 retulimus
2269 2545 2321 2598 in
2357 2545 2789 2613 Lougobardiam
2829 2545 3184 2598 Bdillllllltillm
3224 2541 3378 2597 obire
3401 2555 3524 2608 pas-

269 2636 377 2689 sim
407 2635 657 2689 civitates
685 2636 1102 2704 principumque
1141 2637 1323 2701 aulas;
1359 2638 1539 2705 ibique
1586 2647 1693 2690 tum
1743 2636 1844 2689 alia
1887 2635 1938 2688 in
2006 2653 2063 2690 se
2135 2637 2306 2690 multa
2357 2634 2866 2691 maledicentissime
2907 2636 3121 2691 mentiri
3154 2677 3168 2695 ,
3225 2642 3336 2687 tum
3382 2627 3525 2687 clari

265 2745 406 2786 voce
455 2730 792 2800 proclamare
843 2732 1222 2800 imperatorem
1281 2733 1526 2786 Alexium
1625 2748 1888 2801 paganum
1924 2747 2047 2788 esse
2118 2747 2560 2803 paganorumque
2591 2733 2968 2786 auxiliatorem
3003 2747 3064 2785 ae
3096 2731 3385 2792 fautorem,
3415 2745 3526 2781 mae

269 2834 452 2877 turtur)
491 2821 694 2889 putavit
737 2837 847 2877 suae
887 2821 1042 2876 fatua:
1092 2838 1432 2886 succurrere.
1478 2839 1543 2879 eo
1591 2825 1731 2892 quod
1783 2826 1836 2877 in
1883 2827 2130 2879 manibus
2178 2825 2456 2887 habebat,
2497 2837 2805 2894 opportuno
2884 2825 3169 2879 subsidio:
3236 2821 3528 2876 comitibus

271 2927 469 2983 nempe
494 2913 606 2967 illis
635 2912 839 2968 Latinis
870 2929 932 2967 ac
954 2912 1178 2968 Francis
1209 2913 1320 2984 (qui
1403 2925 1456 2969 et
1533 2915 1634 2983 ipsi
1696 2915 1806 2984 jam
1833 2917 2173 2971 commodum
2210 2919 2392 2987 aliquo
2439 2917 2710 2970 desiderio
2758 2917 3054 2972 reviseuda:
3105 2916 3288 2984 patria:
3329 2899 3524 2968 tentari

267 3006 552 3074 ceperant)
583 3021 642 3060 ea
684 3007 734 3060 in
783 3006 899 3059 loca
947 3007 1289 3062 remittendis
1330 3009 1419 3062 ubi
1454 3008 1636 3062 testari
1668 3007 1735 3062 de
1779 3023 1838 3062 se
1877 3017 2194 3084 prmsetites,
2236 3017 2290 3064 et
2335 3009 2573 3063 nancisci
2614 3010 2768 3063 fidem
2843 3018 3093 3063 auctores
3173 3007 3350 3060 ilonei
3403 3021 3526 3073 pose

268 3110 397 3154 sent
441 3116 565 3155 cum
609 3101 852 3156 dicerent
949 3113 1004 3156 et
1059 3103 1160 3156 sibi
1249 3103 1545 3173 compertis
1593 3105 1928 3158 documentis
1962 3106 2323 3174 approbarent
2365 3122 2378 3158 :
2413 3105 2777 3160 Christianum
2812 3105 3083 3174 inprimis
3111 3114 3163 3158 ct
3194 3103 3527 3157 Christiano-

273 3209 393 3247 rum
423 3195 722 3250 studiosum
757 3211 878 3250 esse
916 3194 1160 3251 Alexium
1188 3202 1507 3266 Angustum.
1539 3196 1642 3251 Eos
1669 3197 1836 3267 igitur
1878 3198 2013 3251 bene
2071 3199 2316 3254 volentes
2381 3199 2562 3268 amplo
2623 3198 2789 3270 348
2867 3199 3061 3252 νὶηιίυο
3138 3199 3430 3249 instructos
3479 3209 3529 3248 ei

269 3287 430 3343 donis
459 3299 713 3342 oneratos
746 3287 1044 3358 omniisque
1075 3290 1354 3343 devinctos
1384 3304 1570 3343 versus
1613 3290 1821 3344 Italiam
1862 3289 2118 3347 dimittit.
2149 3291 2250 3357 Qui
2280 3307 2410 3346 sane
2464 3307 2572 3346 non
2617 3291 2906 3345 defuerunt
2943 3291 3112 3357 ipsius
3179 3289 3294 3358 spei
3332 3329 3348 3353 ,
3437 3289 3528 3342 sed

269 3379 464 3447 grandi
498 3379 694 3448 ubique
723 3380 969 3436 convicio
998 3380 1281 3434 Baimundi
1341 3381 1641 3436 calumnias
1709 3381 2046 3447 refutarunt;
2126 3383 2444 3438 mendacem
2513 3385 2661 3436 illtnn
2713 3395 2765 3436 et
2821 3383 3196 3450 impostorem,
3249 3384 3411 3436 etiam
3473 3385 3525 3432 in

272 3471 519 3526 minimis
553 3471 856 3540 quibusque
882 3487 999 3540 qua:
1023 3473 1285 3528 adversus
1353 3471 1602 3528 Alcxium
1672 3473 1984 3538 loqueretur
2033 3489 2047 3525 :
2116 3490 2220 3529 non
2263 3489 2395 3528 voce
2476 3483 2681 3527 tantum
2733 3473 3048 3541 proﬁtentes
3097 3474 3292 3536 libera,
3339 3489 3529 3526 verum

273 3565 549 3636 gravitate
576 3580 790 3635 quoque
835 3567 1130 3622 testimonii
1163 3567 1363 3620 oeulati
1450 3576 1504 3621 et
1579 3565 1912 3635 experientia
1959 3567 2194 3630 subnixi,
2227 3567 2495 3620 dictorum
2526 3565 2684 3619 fidem
2719 3565 2893 3618 cuivis
2922 3563 3200 3618 facientes.
3230 3565 3300 3616 At
3347 3563 3518 3631 Augu-

275 3670 398 3715 stus
431 3658 551 3726 ipse
578 3659 677 3712 sub
700 3660 997 3715 discessum
1018 3660 1274 3714 comitum
1302 3676 1361 3716 se
1392 3659 1840 3716 Thessalonicam
1879 3659 2176 3722 transtulit,
2216 3666 2441 3726 urgente
2477 3659 2529 3712 iu
2568 3659 2620 3712 id
2661 3658 2943 3711 consilium
2975 3672 3101 3710 cura
3171 3665 3224 3709 et
3289 3671 3386 3723 spe
3440 3658 3526 3711 du-

277 3746 428 3813 plici.
450 3747 587 3804 Nam
616 3762 670 3807 et
697 3767 868 3822 nuper
891 3754 1230 3825 conscriptos
1261 3763 1475 3825 tyrones
1499 3771 1755 3811 exercere
1790 3759 1842 3812 in
1887 3754 2208 3812 rudimentis
2244 3751 2498 3805 militaris
2531 3753 2663 3804 artis
2705 3749 3074 3805 necessarium
3100 3747 3324 3816 putabat
3377 3759 3527 3802 tanta

275 3845 595 3901 imminente
613 3846 752 3900 bello
776 3847 882 3912 ,cui
916 3848 993 3902 rei
1015 3848 1190 3904 locum
1225 3850 1372 3904 illmn
1408 3851 1626 3906 videbat
1649 3861 1853 3919 aptum;
1925 3863 1979 3905 et
2012 3849 2255 3904 eamdem
2291 3848 2476 3900 urbem
2507 3863 2616 3900 non
2651 3845 2827 3898 minus
2863 3853 3222 3913 opportunam
3293 3842 3528 3897 arbitra-

273 3939 439 3995 batur
462 3941 529 3994 ad
556 3940 670 3993 vias
700 3955 766 3993 ex
804 3940 1102 4010 propinquo
1141 3944 1456 3997 commodas
1495 3943 1841 4013 rationesque
1882 3943 2150 3998 ineundas
2213 3939 2538 4006 impediendi
2590 3951 2658 3992 ne
2741 3935 3072 3990 Baimundus
3124 3934 3180 3988 in
3263 3934 3522 3992 ditionem

275 4029 494 4100 imperii
533 4045 599 4085 ex
631 4027 777 4083 Italia
813 4045 934 4084 cum
964 4031 1202 4085 exercitu
1238 4032 1513 4100 trajiceret

358 4121 516 4176 Ἐπεὶ
567 4123 672 4192 δ’ἡ
725 4122 820 4176 τοῦ
853 4123 1193 4192 Βαῖμούντου
1235 4124 1628 4196 διαπεραίωσις
1679 4129 1845 4181 ἁπαν·

2037 4125 2173 4178 Cum
2211 4137 2340 4192 ergo
2375 4121 2463 4175 illa
2495 4119 2609 4187 ipsa
2637 4117 2924 4172 Baimundi
2964 4116 3204 4186 traiectio
3233 4117 3377 4172 velut
3407 4134 3529 4172 mox

274 4217 420 4288 ταχῆ
441 4216 487 4247 ³’
518 4216 769 4270 διεδίδοτο
797 4217 888 4269 καὶ
941 4217 1156 4270 πολλῶν
1209 4219 1384 4272 ἐδεῖτο
1421 4221 1449 4272 ὁ
1492 4220 1852 4292 αὐτοκράτωρ

274 4305 564 4372 δυνάμεων
603 4307 696 4357 καὶ
723 4304 991 4373 ἀναλόγου
1027 4307 1441 4377 στρατεύματος
1471 4311 1856 4364 ἀντἰκαθιστασ

279 4397 446 4464 μένου
471 4395 608 4466 πρὸς
651 4396 719 4447 τὰ
771 4396 1015 4451 Κελτικά
1076 4398 1260 4467 πλήθη
1306 4401 1406 4454 οὐκ
1460 4400 1691 4470 ἔμελλεν
1746 4401 1856 4454 οὐδ’

279 4487 558 4552 ἀνεδύετο,
590 4489 726 4540 ἀλλά
756 4488 883 4551 τοὺς
927 4491 1061 4559 περὶ
1103 4491 1203 4560 τὴν
1223 4493 1427 4560 Κοίλην
1457 4495 1658 4562 Συρίαν
1695 4511 1853 4562 μετε-

279 4579 533 4648 πέμπετο
549 4579 638 4630 τὸν
657 4580 702 4631 Κ
712 4596 944 4632 αντακου
952 4580 1110 4647 me;
1126 4599 1196 4648 φη
1207 4583 1265 4650 μὶ
1287 4583 1380 4635 καὶ
1396 4583 1486 4634 τὸν
1503 4584 1854 4654 Μοναστρᾶν.

309 4671 351 4722 0
384 4669 617 4740 μὲνγὰρ
647 4669 744 4740 τὴν
769 4670 1099 4723 Λαοδίκειαν
1134 4672 1246 4740 (94)
1282 4671 1564 4742 ἐφρούρει,
1598 4675 1627 4726 ὁ
1674 4672 1859 4741 δὲιτὴν

283 4759 497 4828 Ταρσόν
531 4775 543 4787 ο
570 4760 789 4820 τούτους
819 4757 912 4812 οὖν
940 4761 1151 4812 ἐκεῖθεν
1188 4763 1713 4832 μεταπεμπόμενος,
1753 4763 1854 4815 οὐκ

284 4845 528 4920 ἑρήμους
576 4849 674 4911 τὰς
716 4851 807 4903 ὑπ’
859 4852 1038 4904 αὐτῶν
1086 4855 1495 4924 φρουρουμένας
1523 4853 1707 4924 χώρας
1763 4855 1858 4907 καὶ

287 4940 471 5004 πόλεις
499 4941 811 4996 κατέλιπεν.
839 4943 931 5005 Εἰς
971 4945 1071 5013 μὲν
1109 4945 1216 5014 γὰρ
1248 4945 1350 5014 τὴν
1396 4945 1718 4997 Λαοδίκειαν
1761 4945 1852 4998 τὸν

288 5027 528 5094 Πετζέαν
570 5031 687 5101 μεθ’
726 5033 925 5104 ἐτέρων
959 5035 1235 5104 ἐκπέμπει
1283 5035 1584 5105 δυνάμεων,
1620 5037 1675 5099 ἐς
1701 5035 1756 5088 δέ
1790 5052 1853 5103 γε

287 5107 520 5194 Ταρσὸν,
554 5124 648 5176 καὶ
677 5123 897 5187 ἁπάσας
934 5127 1032 5187 τὰς
1062 5125 1168 5178 ὑπὸ
1189 5126 1281 5178 τὸν
1309 5127 1636 5194 Μοναστρᾶν
1669 5126 1854 5188 πόλεις

285 5215 378 5268 καὶ
404 5213 613 5286 χώρας,
650 5214 743 5268 τὸν
791 5217 1102 5288 Ἀσπιέτην.
1150 5218 1315 5285 Ἀνὴρ
1348 5217 1406 5269 δὲ
1442 5210 1598 5280 οὗτος
1628 5217 1857 5288 εὐγενὴς

1962 4217 2138 4271 futura
2165 4215 2267 4268 late
2291 4205 2678 4273 celeln‘aretur,
2705 4209 2970 4264 subducta
3003 4210 3300 4277 imperator
3323 4209 3532 4264 ratione

1960 4323 2180 4363 suarmu
2218 4320 2378 4374 opum
2427 4319 2490 4357 ac
2540 4303 2760 4365 virium,
2791 4311 3182 4371 compertoque
3209 4302 3309 4356 sibi
3344 4303 3534 4357 deesse

1961 4403 2145 4470 copias
2174 4412 2311 4467 quas
2332 4396 2444 4465 pari
2479 4411 2706 4449 numero
2729 4395 2877 4449 brevi
2908 4395 3178 4449 adfuturis
3202 4395 3530 4448 exercitibus

1960 4489 2179 4546 Gallicis
2209 4495 2525 4556 opponeret,
2563 4486 2692 4539 nihil
2726 4493 2785 4538 ut
2826 4485 2880 4538 in
2924 4485 3132 4550 urgenti
3190 4482 3531 4537 necessitatis

1958 4582 2208 4643 articulo,
2255 4588 2572 4641 cunctatus,
2609 4575 2885 4632 Romanos
2924 4589 2953 4628 e
2981 4571 3315 4643 Cotile-Syria
3362 4588 3520 4627 exer-

1957 4673 2101 4726 citus
2125 4671 2362 4725 accersit
2405 4686 2419 4722 :
2466 4683 2596 4732 eas,
2629 4668 2890 4734 inquam,
2938 4664 3124 4734 capias
3169 4678 3289 4733 qua:
3329 4665 3526 4730 partim

1955 4761 2212 4830 auspiciis
2251 4771 2306 4814 et
2353 4759 2512 4813 ductu
2545 4755 2913 4810 Cantacuzeni
2946 4753 3269 4809 Laodiceam
3316 4751 3522 4808 obtine-

1957 4855 2107 4916 bant,
2161 4853 2357 4920 partim
2418 4850 2517 4904 sub
2570 4847 2844 4902 Monastra
2891 4846 3120 4899 Tarsum
3174 4843 3531 4912 Ciliciamqne

1959 4944 2272 5008 servabant,
2305 4942 2563 4996 festinare
2593 4941 2660 4993 ad
2689 4954 2747 4993 se
2775 4955 2895 4993 cum
2917 4937 3051 5006 ipsis
3078 4935 3304 4991 ducibus
3331 4948 3533 5004 prmer-

1962 5039 2037 5106 pit
2065 5054 2079 5089 :
2114 5050 2450 5104 nequaquam
2491 5034 2610 5085 illas
2646 5042 2823 5084 tamen
2865 5030 3024 5084 urbes
3055 5045 3118 5084 ac
3147 5029 3399 5098 regiones
3432 5027 3494 5077 «Ιιι

1963 5141 2146 5181 serens
2181 5127 2393 5192 penitus
2428 5131 2520 5176 aut
2554 5122 2865 5190 relinquens
2915 5119 3108 5173 nudas.
3160 5117 3292 5172 Nam
3338 5117 3534 5171 Laodi-

1965 5233 2116 5271 ct-am
2149 5216 2365 5285 quidem
2409 5231 2548 5268 novo
2574 5227 2692 5264 cum
2729 5212 2848 5266 aliis
2870 5212 3044 5282 copiis
3074 5227 3102 5265 a
3134 5225 3193 5266 se
3222 5211 3386 5266 misso
3409 5209 3530 5262 duri

1363 5331 1560 5391 Variae
1591 5329 1898 5393 lectiones
1931 5349 2006 5393 ex
2032 5333 2150 5392 cod
2213 5327 2465 5389 Coislin.

389 5451 431 5484 ⁸³
461 5468 532 5506 τι.
615 5451 660 5483 ³⁸
691 5453 1027 5521 ἁπανταχοῦ.

1356 5542 1488 5602 Car.
1538 5538 1849 5602 Dufresnii
1880 5539 1972 5601 Du
1999 5537 2210 5616 Caugii
2240 5542 2426 5598 nota.
2487 5514 2492 5518 i

361 5667 474 5735 (9'5)
503 5667 808 5735 Παγάνον.
837 5663 1107 5735 Videbat.
1141 5661 1205 5735 ad
1235 5678 1358 5734 pag.
1393 5663 1517 5718 567.

364 5731 475 5804 191)
526 5731 903 5791 Λιίοδτκειαν.
953 5732 1084 5787 Nam
1147 5731 1413 5788 Laodicea
1466 5735 1533 5787 ab
1585 5731 1859 5787 Alexianis

1970 5660 2128 5730 paulo
2155 5669 2281 5713 ante
2331 5670 2486 5728 capta
2545 5659 2743 5730 fuerat,
2791 5655 3308 5730 GallisﬁAcropol’m
3359 5653 3532 5709 adhuc

1968 5728 2360 5799 obtinentibus,
2387 5743 2548 5800 supra
2579 5728 2671 5784 lib.
2707 5745 2765 5793 ιι,
2804 5745 2922 5798 p-ig.
2956 5729 3078 5780 530.
