3974 6208
511 241 618 307 883

1808 246 2030 306 ΑΝΝῈ
2067 247 2450 307 COMNENE

3576 257 3662 320 88$

511 351 768 413 hemeuti,
806 366 901 405 nec
925 351 1144 406 vulnere
1175 359 1276 406 tam
1308 366 1470 414 smro,
1509 352 1573 406 de
1601 363 1741 408 statu
1774 355 1929 408 fortis
1958 356 2149 417 animi,
2180 372 2243 410 ac
2290 372 2355 410 ne
2407 358 2470 410 de
2520 357 2644 410 sede
2709 359 2924 428 quidem
2989 363 3222 430 corporis
3289 368 3362 419 vel
3437 365 3666 423 minimum

509 447 744 498 dimntus
771 485 784 508 ,
826 460 944 499 sese
985 444 1158 500 ﬁrmat
1205 445 1456 514 viresque
1493 446 1692 514 colligit
1740 447 1806 500 ad
1854 447 2060 518 plagam
2104 449 2243 502 hosti
2277 449 2641 516 reponenda!“
2669 489 2684 514 ,
2754 467 2917 520 quam
2954 465 3006 508 et
3087 459 3188 509 alte
3239 457 3499 526 insurgens
3539 459 3667 513 talem

509 542 703 596 inﬂixit
739 543 789 596 in
825 542 1076 596 verticem
1107 542 1327 596 Barbari
1367 553 1422 596 ut
1457 553 1509 596 ct
1551 544 1754 614 galeam
1789 545 1863 596 illi
1895 554 1948 598 et
1983 555 2143 614 eaput
2178 559 2284 597 uno
2311 545 2417 597 late
2453 546 2560 598 ictu
2593 546 2940 602 discinderet.
3006 551 3137 604 Tum
3203 569 3324 605 Vero
3383 554 3515 622 cquis
3574 570 3672 608 evo-

509 637 604 690 luti
646 638 801 713 ambo
834 637 1080 691 feruntur
1122 639 1173 691 in
1207 649 1426 693 terram.
1495 639 1680 694 Gallus
1725 639 1941 708 quidem
2014 640 2319 701 exanimis;
2386 640 2633 707 Aspietcs
2681 653 2858 696 autem
2907 644 3084 698 adhuc
3123 648 3346 714 spirans.
3396 647 3541 712 Quem
3606 649 3673 715 qui

509 729 753 784 astabant
795 729 1022 790 circnm,
1071 727 1316 782 tollentes
1345 729 1454 799 jam
1477 745 1696 796 prorsus
1755 745 2105 798 exsanguem,

509 820 838 878 detulerunt.
871 820 1215 874 ostendentes
1274 831 1326 874 et
1382 821 1590 876 hastam
1631 833 1682 874 et
1741 822 1972 890 plagam,
2023 832 2073 876 et

2183 740 2340 798 prout
2379 740 2487 783 tum
2543 732 2695 786 licuit
2749 733 2936 787 sedulo
2987 747 3226 788 curatum
3261 737 3323 789 ad
3357 737 3675 804 imperatorem

2115 838 2298 877 necem
2339 822 2475 877 Galli
2516 823 2831 878 referentes.
2865 825 3032 894 Hujus
3059 838 3108 880 et
3143 825 3456 881 fortitudinis
3511 840 3558 883 et
3605 846 3679 886 au.

509 914 673 966 dacire
704 915 955 967 mcmoria
995 930 1113 966 enim
1146 915 1429 982 splendore
1456 916 1668 984 generis
1701 915 1797 968 viri
1828 915 2067 980 ejusdem
2105 915 2245 970 hanc
2318 919 2364 970 ei
2405 916 2470 968 ab
2512 917 2838 983 imperetore
2887 919 3212 985 provinciam
3261 919 3509 973 eblandita
3577 933 3678 981 est:

512 1024 608 1061 nec
645 1006 808 1059 tantis
845 1006 925 1073 (ut
954 1006 1164 1075 opinor)
1206 1007 1360 1072 quasi
1413 1008 1815 1074 ﬁdejussnribus
1871 1019 2072 1062 temere

2111 1008 2217 1062 dici
2255 1018 2433 1077 potest
2464 1019 2628 1078 atque
2693 1011 3064 1079 imprudenter
3125 1011 3387 1076 Augustus
3413 1013 3679 1079 credidisse,

509 1117 631 1155 cum
669 1103 1049 1156 Arsacidarum
1083 1102 1509 1167 nobilissimum,
1547 1116 1653 1155 tam
1691 1103 1908 1158 heroico
1945 1102 2183 1156 facinore
2213 1105 2496 1172 probatmn
2521 1103 2691 1156 cuivis
2720 1105 2967 1174 gerenda:
3000 1105 3097 1164 rei,
3170 1105 3335 1158 cuivis
3404 1105 3528 1158 hosti
3596 1107 3668 1159 de.

509 1195 756 1248 bellando
789 1196 1216 1263 parem,Ciliciae
1244 1197 1630 1264 przeﬁcientum
1663 1196 2146 1266 opponendumque
2216 1196 2498 1252 Tancredo
2523 1239 2537 1264 ,
2571 1197 2726 1253 titulo
2802 1213 2865 1251 ac
2939 1206 3208 1265 potestate

509 1285 820 1351 insignitum
857 1285 1086 1349 censuit,
1117 1295 1173 1339 ut
1203 1287 1335 1343 dixi.

585 1378 690 1432 Sed
736 1380 848 1434 haec
897 1379 963 1432 de
1002 1379 1086 1434 his
1125 1380 1276 1434 satis.
1332 1379 1596 1434 Caeterum
1651 1379 1953 1450 imperator
2003 1377 2069 1431 ad
2103 1381 2146 1436 Α

510 1485 700 1523 omnes
728 1471 888 1523 duces
929 1470 1018 1538 qui
1050 1486 1146 1538 per
1175 1472 1486 1526 universum
1528 1473 1706 1541 sparsi
1740 1481 1894 1525 erant
1931 1469 2074 1524 occi-

515 1560 681 1612 duum
712 1561 933 1614 limitem
971 1561 1166 1615 litteris
1209 1561 1348 1619 datis
1374 1563 1652 1636 proﬁcisci
1683 1562 2080 1631 quamprimum

515 1664 636 1703 cum
681 1651 796 1706 suis
827 1667 1098 1721 quemque
1147 1655 1315 1721 copiis
1362 1656 1766 1724 convenireque
1794 1654 1859 1708 ad
1895 1655 2080 1708 Sthla-

518 1743 717 1796 nitzam
753 1742 940 1812 jussit.
990 1744 1126 1810 Quid
1164 1757 1342 1800 autem
1391 1747 1505 1814 ipse
1537 1747 1786 1801 incitator
1817 1745 2084 1800 aliorum?

515 1832 582 1886 ad
610 1833 932 1886 cessandum
963 1835 1167 1889 interea
1195 1834 1324 1901 sibi,
1363 1835 1757 1905 fruendumque
1802 1847 1980 1904 parto,
2020 1851 2084 1891 ac

515 1922 723 1978 deliciis
745 1923 1080 1992 balnearum,
1113 1935 1167 1981 et
1202 1926 1441 1996 jucundo
1482 1944 1581 1983 usu
1613 1937 1822 1986 caetera:
1853 1929 2083 1983 luxuriat

519 2017 1017 2072 transmittendum.
1081 2020 1334 2074 Suaviter
1393 2023 1604 2090 putavit
1676 2021 1781 2075 tale
1853 2030 2082 2090 tempus,

518 2124 666 2165 more
714 2125 818 2165 non
860 2125 1153 2180 paucorum
1199 2113 1288 2180 qui
1335 2113 1569 2167 fructum
1622 2115 1968 2182 imperiorum
2020 2130 2082 2168 ac

518 2201 796 2266 potestatis
881 2201 933 2254 in
999 2203 1247 2257 hcllnina:
1307 2204 1431 2258 vita:
1485 2205 1702 2272 impune
1765 2207 2085 2274 usurpandae

519 2290 734 2343 licentia
770 2290 1076 2349 collocant?
1105 2290 1324 2346 Minime
1346 2308 1494 2348 sane.
1529 2293 1666 2359 Quin
1701 2309 1769 2347 ne
1803 2294 1854 2347 in
1889 2294 2085 2362 p-ilatio

518 2379 676 2448 351
712 2381 929 2434 uuidem
973 2391 1085 2435 tum
1120 2385 1316 2436 morari
1354 2385 1644 2451 suminuit,
1695 2386 1786 2438 sed
1831 2386 2085 2455 prodiens

520 2471 594 2522 uti
655 2473 911 2539 diximus,
973 2474 1234 2543 Byzantio
1297 2494 1390 2546 per
1454 2479 1657 2533 medias
1710 2477 2084 2532 Oceidentales

519 2563 765 2632 rgiones
791 2562 1237 2619 Thessalonicam
1281 2569 1525 2634 pervenit
1557 2570 1853 2638 septembri
1901 2583 2087 2624 mense

519 2653 812 2708 indictione
834 2653 1268 2722 decimaquarta,
1307 2659 1564 2712 vicesimo
1590 2659 1799 2728 imperii
1834 2657 1915 2713 sui
1941 2674 2085 2714 anno

517 2747 812 2813 Augustam
876 2761 1081 2809 secum,
1128 2748 1255 2803 licet
1299 2749 1648 2815 sobiuvltatu,
1698 2752 1922 2806 ducens.
1967 2751 2083 2806 Non

518 2837 659 2888 enim
694 2838 985 2893 eaindoles
1021 2850 1114 2892 aut
1141 2847 1477 2896 consuetudo
1502 2843 1863 2910 iuiperatrieis
1897 2844 2087 2898 matris

521 2936 652 2975 mete
682 2921 798 2984 fuit.
827 2927 1066 2992 prodiret
1116 2941 1173 2980 ut
1223 2929 1367 2984 i‘oras
1412 2933 1664 2996 libenter,
1706 2941 2084 3002 ostentareqne

518 3026 577 3063 se
617 3012 868 3081 gauderet
901 3032 916 3080 ;
961 3032 1143 3070 verum
1176 3034 1240 3072 eo
1275 3021 1451 3087 potius
1494 3031 1685 3076 natura
1728 3024 1843 3090 ejus
1887 3033 1940 3077 et
1975 3033 2086 3076 stu-

521 3105 663 3156 dium
701 3108 975 3176 vergebat,
1012 3119 1069 3162 ut
1107 3110 1249 3163 domi
1279 3123 1427 3165 esset
1453 3129 1666 3182 semper
1693 3115 1829 3182 apud
1865 3129 1943 3178 se,
1982 3115 2086 3168 hoc

519 3207 601 3248 cst
624 3196 691 3250 iis
717 3199 882 3251 rebus
917 3211 1122 3255 attenta
1163 3211 1219 3257 et
1254 3219 1476 3270 vacans,
1513 3221 1632 3274 qua:
1665 3221 1952 3275 personam
1991 3207 2087 3262 de-

523 3288 713 3339 cebant
764 3288 928 3354 illius,
991 3301 1084 3343 aut
1172 3293 1386 3363 ingenio
1449 3308 1603 3349 erant
1665 3307 2089 3354 consentanea:

521 3377 685 3431 veluti
726 3379 893 3435 libros
946 3382 1195 3438 evolvere
1241 3396 1548 3441 sanctorum
1602 3387 1847 3454 Patrum,
1899 3391 1949 3444 in
2001 3393 2086 3445 sui

522 3471 1008 3528 considerationem
1044 3486 1203 3544 atque
1245 3492 1530 3531 censuram
1563 3483 1756 3534 mentis
1789 3482 1972 3536 oculos
2003 3484 2086 3536 in-

525 3575 608 3618 tro
643 3577 874 3630 vertere,
922 3570 1290 3625 beneﬁcentia:
1326 3574 1453 3625 dare
1484 3589 1723 3641 operam,
1782 3584 1836 3629 et
1885 3576 2081 3630 libera-

522 3656 628 3711 lem
670 3673 734 3712 ac
764 3660 1072 3714 muniﬁcam
1124 3663 1519 3718 humanitatem
1567 3665 1620 3718 in
1657 3682 1748 3719 eos
1775 3668 2081 3735 praesertim

523 3764 778 3806 exercere
819 3752 1086 3820 homines,
1137 3769 1273 3822 gnos
1325 3765 1379 3808 et
1427 3770 1456 3808 ο
1507 3756 1684 3812 cultus
1727 3757 1843 3827 ipso
1891 3774 2087 3829 genere

525 3851 684 3911 atque
718 3845 967 3928 vestitus,
1005 3855 1057 3899 et
1092 3848 1390 3916 praesertim
1427 3848 1496 3902 ab
1530 3851 1826 3906 emendata:
1860 3853 2088 3908 actionis

523 3944 578 3987 ρι
615 3937 736 3988 vine
781 3937 1112 4005 specimine,
1174 3954 1299 3994 vere
1357 3955 1419 3993 ac
1456 3941 1669 3996 sincere
1729 3943 1835 3998 Deo
1881 3945 2087 4000 servire

3287 1199 3685 1267 stratopedarcba

2258 1377 2421 1432 Ἀλλά
2467 1377 2647 1431 ταῦτα
2704 1378 2800 1447 μὲν
2835 1379 2961 1447 περὶ
3007 1378 3236 1432 τούτων..
3265 1377 3399 1448 Πρὸς
3429 1377 3481 1431 δέ
3504 1394 3558 1444 γε
3582 1379 3686 1440 τοὺς

2185 1472 2326 1523 κατά
2364 1470 2462 1538 τὴν
2485 1470 2617 1523 ἐσπέ
2629 1487 2723 1539 ραν
2750 1469 3195 1539 ἐνδιατρίϐοντας
3218 1472 3481 1539 ἡγεμόνας
3526 1469 3682 1538 ἐτέρας

2186 1562 2468 1630 ἐκπέμπει
2519 1561 2762 1630 γραφὰς,
2797 1563 3070 1626 κατευθὺς
3121 1562 3444 1632 Σολανίτζης
3482 1561 3570 1629 τὴν
3614 1577 3690 1612 πο-

2190 1653 2340 1722 ρείαν
2375 1652 2760 1723 ἐντειλάμενος
2787 1654 3086 1708 ποιεῖσθαι.
3117 1655 3180 1706 Τί
3219 1654 3276 1707 δὲ
3317 1655 3434 1715 τοὺς
3467 1653 3553 1721 μὲν
3585 1669 3690 1721 προ.

2190 1743 2397 1813 μάχους
2428 1745 2803 1813 μετεκαλεῖτο,
2843 1745 3004 1808 αύτδς
3038 1745 3095 1798 δὲ
3117 1745 3491 1798 ἀναπεπτώκει
3520 1743 3693 1813 ῥαστώ-

2185 1853 2282 1905 νης
2334 1837 2629 1890 ἀπολαύων
2680 1838 2777 1891 καὶ
2837 1837 3151 1909 βαλανείοις
3213 1836 3514 1906 χρώμενος,
3561 1838 3692 1888 ὁποία

2187 1927 2446 1982 εἰώθασιν
2505 1931 2552 1981 οἱ
2613 1929 2706 1981 τὸν
2757 1929 3163 1999 βοσκηματώδη
3228 1929 3339 1998 βίον
3389 1928 3692 1997 προελόμενοι

2188 2019 2463 2089 βασιλεῖςς
2505 2019 2790 2089 Οὖμενουν
2815 2038 2828 2052 ⁸
2867 2021 2985 2073 ἀλλ’
3036 2021 3159 2073 οὐδὲ
3215 2021 3339 2089 περὶ
3384 2022 3442 2071 τὰ
3471 2021 3695 2085 ἀνάκτορα

2184 2115 2321 2173 ὅλως
2345 2113 2703 2181 ἐνδιατρίϐειν
2739 2113 2821 2165 ἔτι
2851 2113 3136 2182 ἠνέσχετο.
3167 2111 3510 2181 Ἐξεληλυῢὼς
3543 2109 3592 2160 δὲ
3619 2109 3694 2163 τοῦ

2187 2207 2485 2270 Βυζαντίου
2528 2205 2602 2266 ὡς
2646 2205 2851 2258 ἄνωθεν
2911 2207 3130 2274 εἴρηται
3172 2204 3311 2258 κατὰ
3354 2203 3410 2256 τὸ
3438 2203 3582 2270 μέσον
3610 2201 3697 2253 τῶν

2187 2297 2460 2367 ἐσπερίων
2511 2296 2759 2363 ἐληλύθει
2816 2297 3052 2366 χωρῶν,
3118 2295 3216 2363 τὴν
3274 2294 3524 2348 Θετταλοῦ
3570 2293 3698 2346 πόλιν

2187 2386 2508 2442 καταλαϐὼν
2569 2391 2649 2449 εἰς
2724 2389 2865 2455 μῆνα
2941 2389 3325 2458 Σεπτὲμϐριον
3377 2388 3701 2451 ἐπινεμήσεως

2192 2482 2251 2534 ιδ’
2278 2483 2414 2548 (97),
2458 2487 2506 2534 κ’
2536 2481 2691 2543 ἔτους
2729 2481 2885 2543 οὗτος
2928 2481 2971 2514 ³⁸
3003 2482 3060 2546 ἐξ
3094 2472 3159 2533 οὗ
3212 2483 3307 2542 τὰς
3339 2480 3431 2548 τῆς
3471 2476 3702 2547 βασιλείας

2187 2574 2348 2642 ἡνίας
2387 2571 2764 2643 περιεζώσατο
2789 2588 2801 2600 ⁸
2845 2573 2938 2625 καὶ
2983 2572 3081 2640 τὴν
3134 2571 3448 2638 Αὖγούσταν
3473 2568 3522 2621 δὲ
3563 2581 3704 2635 παρε-

2116 2703 2163 2763 B
2191 2666 2419 2718 διασατο
2451 2663 2874 2734 συνεξη).υ6έναι
2904 2663 2949 2699 ⁸⁹
2988 2662 3108 2732 μετ’
3156 2661 3345 2717 αὐτοῦ.
3388 2661 3441 2713 '0
3470 2658 3567 2726 γὰρ
3603 2655 3704 2726 τρὸσ

2190 2775 2290 2819 πθς
2321 2758 2536 2822 ἐκείνηέ
2595 2756 2835 2817 τειοῦτός
2893 2772 2976 2817 τις
3034 2750 3139 2824 ἦν·
3195 2754 3255 2804 οὑ
3306 2753 3437 2804 πάνυ
3476 2767 3521 2802 τι
3568 2749 3705 2816 δηςιοη

2192 2847 2469 2902 σιεύεσθαι
2527 2848 2739 2918 ἢθελεν,
2781 2846 2916 2899 ἀλλά
2952 2847 3017 2898 τὰ
3070 2845 3246 2897 πολλὰ
3299 2844 3392 2913 μὲν
3428 2839 3705 2909 οἰκουροῦσα

2185 2937 2253 3011 ἦν
2289 2941 2380 2992 καὶ
2412 2939 2477 2991 τά
2512 2939 2726 3006 ἐκείνης
2756 2937 2895 3008 ἔργα
2927 2937 3099 2989 ἐποίει
3128 2951 3143 2964 ·
3187 2936 3332 3003 λέγω
3377 2934 3428 2986 δὲ
3465 2932 3638 3001 βίϐλων
3659 2944 3705 2979 τι

2189 3032 2451 3096 ἀνελίξεις
2478 3033 2585 3083 τῶν
2614 3031 2906 3100 μακαρίων
2954 3029 3194 3101 ἀνδρῶν,
3233 3029 3325 3082 καὶ
3355 3028 3412 3080 τδ
3449 3025 3574 3094 πρὸς
3602 3025 3705 3076 ἐαυ-

2187 3125 2286 3196 τὴν
2343 3123 2713 3192 ἐπιστρέφειν,
2772 3122 2865 3174 καὶ
2921 3120 3170 3183 εὐποιίας
3237 3117 3330 3172 καὶ
3395 3117 3604 3186 χάριτας
3645 3108 3707 3170 εἰς

2187 3211 2531 3284 ἀνθρώπους,
2569 3211 2803 3281 μάλιστα
2853 3211 2908 3263 δὲ
2952 3211 3033 3272 είς
3070 3209 3323 3271 ἐκείνους
3359 3206 3446 3268 οὓς
3476 3200 3599 3255 οἶδεν
3623 3196 3707 3254 ἀπό

2189 3324 2247 3358 τε
2273 3304 2365 3358 τοῦ
2406 3308 2702 3373 σχήματος,
2738 3303 2846 3354 ἀπό
2882 3319 2938 3355 τε
2965 3300 3061 3354 τοῦ
3094 3301 3217 3370 βίου
3249 3297 3549 3370 Θεραπεὺειν
3579 3291 3704 3353 Θεὸν,

2188 3399 2283 3452 καὶ
2315 3398 2589 3468 προσευχῇ
2625 3397 2984 3464 προσανέχειν
3034 3393 3129 3444 καὶ
3184 3390 3532 3458 καταλλήλοις
3559 3384 3706 3455 ᾠδαῖς.

2210 3489 2458 3544 Ἐπειδὰν
2489 3489 2545 3541 δέ
2592 3487 2774 3552 μέλλοι
2819 3485 3169 3556 δημοσιεύειν
3213 3484 3407 3552 ἑαυτὴν
3445 3480 3572 3534 κατά
3611 3489 3707 3526 τινα

2190 3578 2382 3649 χρείαν
2411 3577 2855 3644 ἀναγκαιοτάτην
2887 3575 2962 3636 ὡς
2990 3574 3241 3641 βασιλίδα
3267 3572 3440 3634 αἰδοῦς
3465 3588 3518 3626 τε
3552 3568 3705 3631 ὑπεμ-

2193 3670 2446 3728 πίπλατο,
2489 3668 2583 3720 καὶ
2629 3665 2880 3736 ἐρύθημα
2932 3665 3090 3726 εὐθὺς
3130 3664 3421 3734 ἐξηνθήκει
3481 3663 3586 3718 ταῖς
3623 3670 3703 3706 πει·

2194 3763 2384 3832 ρειαίς.
2417 3759 2527 3812 Καὶ
2582 3759 2614 3827 ἠ
2666 3758 2762 3826 μὲν
2797 3756 3082 3826 φιλόσοφος
3136 3753 3330 3806 Θεανὼ
3387 3749 3476 3805 τοῦ
3531 3749 3709 3846 «mihi;

2192 3853 2359 3921 αὐτῆς
2385 3849 2782 3920 γυμνωθέντος,
2805 3847 2991 3916 ἐπειδή
3019 3863 3103 3905 τις
3137 3846 3355 3910 παίζων
3386 3842 3581 3910 εἰρήκει
3604 3842 3711 3900 πρὸς

2186 3943 2427 4011 ταύτην
2483 3940 2681 4005 Καλὸς
2731 3941 2764 3991 δ
2813 3936 3047 4004 πῆχυςο
3119 3937 3280 3990 Ἀλλ’
3332 3936 3400 3988 οὐ
3445 3930 3710 3998 δημόσιος,

528 4025 880 4093 intelligebat,
917 4027 1296 4097 religionique,
1341 4031 1588 4086 oratione
1613 4033 1677 4085 ad
1708 4033 1875 4088 Deum
1910 4037 2086 4104 quotl-

2191 4031 2345 4090 εἶπεν
2371 4032 2576 4100 ἐκείνη.
2613 4030 2680 4082 'il
2713 4030 2768 4082 δὲ
2801 4027 3013 4097 βασιλὶς
3046 4029 3139 4080 καὶ
3186 4029 3368 4097 μήτηρ
3412 4021 3533 4093 ἐμὴ,
3561 4014 3708 4082 τὸτῆς

525 4117 733 4180 diana,
813 4118 1024 4173 vicibus
1097 4121 1321 4175 alternis
1377 4123 1629 4178 distincta
1709 4128 2090 4194 cantantium,

526 4207 860 4276 professione
903 4211 1076 4278 palam
1131 4221 1399 4281 suscepta,
1451 4215 1502 4267 in
1546 4231 1706 4271 omne
1751 4227 1962 4286 tempus
2003 4236 2091 4274 co-

527 4297 699 4352 lenda:
723 4313 844 4355 sese
878 4300 1093 4355 videbat
1123 4302 1417 4358 addixisse.
1456 4304 1677 4370 Quoties
1722 4319 1898 4362 autem
1933 4310 2090 4380 (qua-

527 4386 658 4443 lium
691 4404 872 4444 rerum
895 4391 1210 4446 occasiones
1236 4409 1380 4462 stepe
1417 4395 1860 4465 iinperatricibus
1899 4415 2090 4456 neces-

527 4479 690 4535 saria:
733 4482 1008 4552 accidunt)
1040 4481 1287 4538 articulo
1330 4484 1448 4553 Ipso
1485 4502 1690 4557 magna:
1748 4491 2093 4547 necessitatis

527 4573 820 4644 cogebatur
846 4573 1042 4631 oﬁ'erre
1063 4585 1408 4640 conspectum
1447 4581 1553 4644 sui,
1591 4597 1864 4651 nunquam
1901 4585 1951 4639 id
1975 4585 2093 4640 sine

2202 4125 2526 4193 σεμνότητος
2567 4121 2808 4188 ἄγαλμα,
2851 4120 2911 4172 τὸ
2939 4121 3038 4187 τῆς
3074 4119 3362 4187 ἁγιότητος
3402 4107 3710 4177 καταγώγιον.

2202 4217 2276 4288 μὴ
2307 4218 2388 4270 ὃτι
2441 4232 2503 4282 γε
2555 4215 2735 4282 πῆχυν
2785 4213 2816 4284 ἢ
2874 4212 3093 4281 βλέμμα
3149 4207 3498 4279 δημοσιεύειν
3539 4199 3709 4288 ὴγᾷπασ

2197 4287 2313 4362 ἀλλ’
2379 4307 2500 4360 οὐδὲ
2560 4308 2744 4373 φωνὴν
2803 4303 3019 4368 ἐκείνης
3078 4300 3274 4370 ἢθελεν
3331 4299 3410 4360 είς
3463 4287 3710 4358 ἀσυνήθεις

2200 4397 2670 4469 παραπέμπεσθαι
2719 4395 2913 4454 ἀκοὰς,
2948 4393 3206 4445 τοσοῦτον
3238 4387 3308 4460 ἦν
3345 4387 3520 4455 sitsdi
3561 4379 3710 4452 χρῆμα

2199 4491 2500 4561 θαυμάσιον
2554 4489 2627 4552 είς,
2683 4485 2833 4540 αίδώ.
2884 4485 3036 4537 Ἐπεὶ
3076 4483 3130 4535 ὃέ
3185 4483 3402 4558 ἀνάγκη
3450 4474 3574 4573 οὐδὲ.
3607 4469 3710 4573 050i:

2205 4586 2362 4654 φασὶ,
2403 4584 2687 4652 μάχονται,
2723 4575 3097 4646 ἀναγκάζεται
3130 4575 3269 4646 πρὸς
3296 4573 3396 4634 τὰς
3429 4566 3610 4639 συχνὰς
3641 4566 3712 4611 τοι)

1593 4695 1792 4759 Variae
1823 4700 2134 4762 lectiones
2161 4717 2232 4761 ex
2267 4697 2403 4760 cod.
2439 4693 2695 4760 Coislin.

603 4793 646 4828 "
681 4797 854 4859 ὄντος.
933 4796 979 4829 ⁸ο
1016 4795 1502 4867 συνεξεληλυθέναι

1595 4917 1728 4974 Car.
1757 4913 2068 4974 Dufresnii
2105 4912 2192 4970 Du
2238 4909 2456 4986 Caugii
2487 4915 2675 4970 noue.

613 5038 717 5111 (97)
759 5040 1199 5111 ἐπινεμήσεως
1230 5042 1321 5096 ιδ’,
1356 5042 1572 5095 Alexius
1619 5039 1878 5111 Byzantio
1929 5039 2095 5105 proﬁ-

534 5109 755 5180 ciscitur
784 5108 970 5165 indiet.
1023 5111 1109 5172 M,
1153 5127 1336 5166 mense
1383 5112 1531 5180 Sept.
1577 5108 1674 5165 hoc
1722 5117 1824 5174 est,
1879 5111 2096 5180 ineunte

502 5227 503 5230 η
535 5177 851 5250 indictione,
885 5194 1043 5250 quam
1074 5195 1101 5232 a
1131 5181 1248 5235 Kal.
1284 5181 1434 5249 Sept.
1457 5177 2095 5250 auspicabantut'Grteci.

533 5249 690 5304 Cadit
735 5255 911 5300 autem
960 5249 1179 5303 indictin
1217 5251 1302 5311 i4,
1350 5251 1451 5305 hoc
1502 5249 1684 5304 mense
1738 5253 1788 5304 iu
1836 5265 1923 5303 an.
1963 5249 2094 5303 Chr.

539 5319 695 5382 “05,
730 5331 835 5384 quo
875 5317 1217 5374 Bnemundus
1249 5321 1426 5375 adhuc
1461 5321 1512 5373 in
1558 5319 1728 5374 Gallia
1760 5319 2090 5383 morabatur,

535 5397 681 5446 utet
723 5388 968 5456 proxime
1003 5390 1270 5456 sequenti,
1323 5391 1408 5442 nhi
1457 5391 1654 5444 auxilia
1716 5389 2090 5456 conquirebat.

530 5462 602 5518 At
627 5455 907 5531 perperam
943 5455 1230 5531 scripsisse
1263 5459 1472 5531 videtur
1497 5459 1650 5531 Anna
1674 5459 1810 5531 hanc
1840 5455 2089 5531 indictiof

533 5527 653 5583 nem
702 5529 869 5582 fuisse
905 5527 1214 5581 vicesimum
1263 5529 1471 5593 imperii
1516 5529 1686 5581 Alexii
1729 5527 2088 5593 aunuquui

532 5599 659 5656 illud
692 5599 809 5652 iniit
844 5599 1029 5654 indict.
1082 5596 1134 5660 4,
1171 5612 1256 5650 an.
1312 5597 1470 5662 1081,
1525 5609 1581 5649 ut
1630 5599 1854 5666 ipsamct
1905 5599 2087 5666 tradit,

533 5683 656 5741 pag.
681 5667 771 5734 (54,
804 5668 902 5724 etsi
933 5670 982 5728 iu
1025 5669 1214 5726 eodem
1260 5682 1446 5722 errore
1500 5665 1743 5724 versetur
1785 5667 1975 5726 (inditi.
2012 5665 2088 5722 De

2203 5038 2520 5107 orig._pa_g.
2569 5035 2664 5107 25,
2727 5035 2863 5107 edjt.
2924 5036 3124 5092 Meurs.
3175 5037 3266 5092 ubi
3312 5037 3366 5096 4.
3419 5031 3711 5107 ἰηόῑςιῐοιιολιι

2203 5103 2302 5162 an.
2351 5105 2508 5170 1000,
2565 5105 2718 5173 juxta
2766 5104 2982 5161 Graecos
3012 5108 3190 5162 66H:
3233 5107 3489 5160 Εἰκοστδν
3515 5103 3617 5173 ἔτος
3636 5103 3714 5159 τῆς

2206 5177 2482 5247 βασιλείας
2512 5171 2606 5229 τοῦ
2639 5175 2829 5244 κυρίου
2864 5177 3101 5243 ’Δλεξίου
3127 5178 3293 5230 fuisse
3323 5171 3711 5247 perinde_oliser:

2203 5240 2313 5300 vat.
2350 5247 2616 5320 Caetermn
2631 5240 2822 5320 _n_t_iror
2851 5240 3706 5320 viros-eruditissiu'iosin__E§68§ﬂ

2203 5315 2551 5383 praeliminari
2580 5315 2646 5369 ad
2680 5314 2749 5368 lll
2778 5325 2910 5384 tum.
2946 5316 3142 5383 Martii,
3171 5331 3293 5384 cap.
3332 5317 3386 5381 4,
3417 5313 3711 5384 ἰηιίἰειὶοιιςςη

2201 5371 2340 5456 apud
2369 5385 2612 5446 Graecos,
2649 5400 2743 5437 seu
2775 5383 3094 5456 Byzantinos
3129 5371 3450 5454 scriptores,
3495 5392 3587 5432 non
3630 5371 3708 5456 ιιξξ

2200 5451 2348 5517 voce,
2404 5469 2566 5520 uuam
2621 5451 2950 5517 ίνδικτιῶνος
2996 5457 3194 5516 eti'erri,
3243 5451 3579 5521 nequaquam
3611 5451 3710 5499 vero

2199 5515 2616 5596 ὲπινέμήσεωςε
2654 5523 2795 5594 quod
2831 5515 2945 5577 non
2971 5529 3127 5579 modo
3172 5515 3231 5577 ex
3279 5515 3511 5596 pluribus
3556 5515 3708 5596 Antia:

2197 5577 2289 5650 sed
2322 5577 2639 5650 éi’inorim
2671 5577 3012 5663 'scriptorum
3033 5577 3192 5652 ilo—cis
3224 5577 3363 5648 haud
3401 5603 3536 5660 argve
3575 5577 3709 5638 refelli

2195 5673 2386 5735 potest,

2126 5431 2170 5487 D
