3974 6208
288 245 398 308 885

1584 248 1997 310 ALEXlADlS
2035 249 2186 310 LIB.
2222 248 2358 309 XII.

3444 239 3548 298 83b

287 348 699 421 αὐτοκράτορος
742 349 1173 423 ἐκστρατεύσας
1215 354 1368 424 αὐτῷ
1413 359 1871 426 παρακολουθεῖν.

1983 357 2187 424 pudore
2235 354 2470 424 quodam
2523 365 2586 406 ac
2638 365 2832 420 magno
2884 353 2935 402 in
2980 349 3131 418 genis
3177 348 3549 402 ellloresccnte

287 443 526 511 Κατεῖχε
566 442 668 511 μὲν
717 443 826 511 γὰρ
877 444 1046 514 αὐτὴν
1095 447 1132 514 ἡ
1170 444 1452 515 σύμφυτος
1502 447 1667 509 αἰδὼς
1719 449 1868 501 ἔνδον

286 531 398 586 τῶν
453 531 781 601 βασιλείωνῐ
821 534 883 586 τὸ
912 534 968 586 δὲ
1021 535 1156 604 πρὸς
1211 535 1302 587 τὸν
1333 535 1717 606 αὐτοκράτορα
1749 537 1869 604 φίλ-

284 639 418 688 τρον
471 623 568 675 καὶ
621 623 652 691 ἡ
695 623 960 693 διάπυρος
1012 626 1146 695 πρὸς
1191 627 1401 678 ἐκεῖνον
1440 626 1631 693 ἀγάπη
1673 627 1870 693 ἐξῆγεν

285 713 457 783 αὐτὴν
488 715 582 767 καὶ
633 714 705 783 μὴ
740 717 1072 787 βουλομένην
1123 719 1232 771 τῶν
1273 719 1592 789 ἀνακτόρων
1623 720 1711 773 διὰ
1740 737 1870 772 ταυ-

281 806 410 858 τασὶ
441 806 538 865 τὰς
573 807 773 868 αἰτίας.
809 808 1031 878 Πρῶτον
1067 809 1164 878 μὲν
1198 809 1369 862 ὅτιτὸ
1404 811 1686 879 συμπεσδν
1720 808 1869 878 αὐτῷ

281 897 344 948 νό
363 914 501 964 τημα
525 896 632 948 τῶν
673 897 849 950 ποδῶν
871 898 986 968 (98)
1016 900 1338 968 ἐπιμελείας
1373 903 1542 955 ὲὸεἴτο
1571 903 1830 970 πλείστης
1853 919 1868 934 ο

282 991 379 1040 καὶ
423 987 535 1056 γὰρ
575 989 877 1056 ἀλγηδόνας
931 987 1044 1060 εἶχε
1074 993 1327 1062 δριμείας
1361 994 1388 1046 ὁ
1416 996 1776 1062 αὑτοκζάτωρ
1806 995 1868 1047 ὲκ

283 1082 387 1142 τῖς
436 1082 774 1152 ποδαλγικῆς
829 1083 1148 1146 διαθέσεως.
1187 1087 1284 1138 καὶ
1331 1086 1593 1155 οὐδεμίαν
1649 1088 1870 1156 ἐπαφὴν

280 1170 430 1222 ρῦτω
461 1171 718 1239 προσίετο
742 1171 822 1234 ὡς
842 1176 938 1242 τῆς
981 1175 1122 1240 ἐμῆς
1148 1174 1435 1244 δεσποίνης
1477 1175 1571 1227 καὶ
1619 1175 1832 1244 μητρός
1855 1191 1868 1203 ’

281 1261 545 1325 ἔσιμελῶς
603 1279 663 1315 τε
719 1265 826 1332 γὰρ
871 1264 1019 1333 αὐτῷ
1069 1267 1440 1335 προσεφέρετο
1474 1267 1566 1318 καὶ
1621 1265 1872 1336 προψαύ-

289 1370 429 1406 ωσιι
487 1355 528 1385 ιι
567 1354 758 1420 δεξεῶς
787 1355 886 1418 τὰς
945 1356 1136 1420 ὀδύνας
1171 1357 1283 1408 τῶν
1316 1357 1495 1411 ποδῶν
1527 1357 1870 1424 ὑπεκούφιζέ

286 1462 428 1507 ac.
474 1445 533 1498 Ὄ
572 1447 679 1515 γάρ
712 1465 790 1500 τοι
827 1447 1083 1517 βασιλεὺς
1125 1452 1370 1513 ἐκεῖνος’
1419 1451 1514 1504 καί
1545 1468 1637 1520 μοι
1677 1452 1868 1522 μηδεὶς

279 1536 383 1602 τῆς
430 1539 886 1606 περιαυτολογίας
935 1543 1358 1612 ὲπιμεμφέσθω,
1396 1544 1466 1597 τά
1525 1545 1636 1615 γὰρ
1696 1545 1872 1598 οἰκεῖα

282 1628 580 1694 θωμάζω,
619 1631 743 1699 μηδ’
770 1633 845 1694 ὡς
876 1633 1365 1705 καταψευδομένην
1404 1637 1498 1689 τοῦ
1532 1636 1871 1708 αὐτοκράτο-

282 1738 380 1788 ρος
440 1721 757 1791 ὑφοράσοω,
807 1724 875 1777 τά
933 1725 1044 1795 γὰρ
1105 1726 1282 1798 ἀληθῆ
1341 1727 1511 1795 λέγω·
1557 1729 1736 1781 πάντα
1799 1715 1942 1779 τὰΒ

282 1812 484 1864 eum}
543 1815 641 1866 καὶ
693 1815 759 1868 τά
809 1818 932 1869 κατ’
989 1817 1154 1870 αὐτὸν
1209 1823 1440 1872 κατόπιν
1501 1821 1740 1872 ἐποιεῖτο
1772 1819 1871 1888 τῆς

283 1905 566 1975 σωτηρίας
612 1907 720 1959 τῶν
771 1909 1004 1964 πολεων.
1046 1911 1216 1964 Οὐδὲν
1254 1913 1364 1981 γάρ
1410 1910 1677 1982 ἐχώριζεν
1710 1911 1875 1966 αὐτὸν

279 1999 384 2062 τῆς
411 1997 524 2048 τῶν
577 1999 926 2068 Χριστιανῶν
971 2003 1218 2073 ἀγάπης,
1261 2005 1363 2057 οὐκ
1409 2003 1728 2075 ἀλγηδόνες,
1777 2003 1874 2073 οὐχ

280 2088 500 2154 ἡδοναί,
544 2090 604 2141 οὐ
643 2091 901 2160 πολέμων
940 2093 1241 2157 κακώσεις,
1298 2095 1397 2147 οὐκ
1433 2095 1560 2148 ἄλλο
1607 2095 1761 2148 οὐδὲν
1811 2095 1871 2147 ού

286 2181 519 2249 μικρὸν,
555 2183 616 2234 ού
655 2183 820 2253 μέγα,
857 2186 956 2255 οὐχ
992 2187 1146 2256 ἡλίου
1188 2186 1513 2255 φλογὼσεις,
1548 2187 1609 2238 ού
1668 2186 1874 2256 χειμὼ-

283 2288 400 2321 νων
423 2271 783 2344 δριμύτητες,
808 2278 868 2329 οὐ
913 2277 1210 2346 προσϐολαὶ
1257 2279 1567 2348 Βαρϐάρων
1600 2281 1872 2333 παντοδα-

282 2362 410 2418 παὶ,
445 2361 561 2414 ἀλλ’
619 2365 856 2429 ἀκλινῶς
911 2363 1028 2438 εἶχε
1076 2369 1210 2438 πρὸς
1261 2371 1476 2424 ᾶπαντα
1533 2372 1730 2433 ταῦτα,
1781 2372 1874 2424 καὶ

281 2452 506 2518 ὤκλαζε
566 2457 668 2525 μὲν
737 2460 876 2526 πρὸς
943 2461 1045 2529 τὴν
1104 2462 1268 2529 φύσιν
1311 2462 1442 2515 ’τῶν
1507 2464 1873 2533 νοσημάτων,

282 2548 616 2619 ἐιντανέοορε
649 2550 702 2602 δὲ
741 2555 879 2622 πρὸς
926 2553 1026 2625 τὴν
1062 2554 1320 2625 βοήθειαν
1360 2555 1470 2608 τῶν
1510 2559 1876 2626 πραγμάτων.

1977 448 2317 503 verecundiae
2349 446 2524 500 indice
2557 443 2768 498 rubore
2797 441 3044 495 faciebat.
3087 438 3308 493 Theano
3346 438 3546 498 ferunt,

1976 541 2331 610 philosophiae
2375 553 2478 591 non
2525 537 2682 589 modo
2725 534 3040 593 cultricem,
3091 533 3182 585 sed
3213 531 3376 585 etiam
3440 546 3553 583 ma-

1975 634 2197 701 gistram
2271 631 2568 692 feminam,
2623 641 2744 681 cum
2805 626 2932 678 olim
2999 625 3135 678 forte
3191 623 3292 690 ipsi
3351 621 3550 676 nudato

1978 724 2223 784 brachio,
2275 722 2522 776 arridens
2571 720 2767 786 aliquis
2836 718 3115 771 dixisset:
3161 716 3204 770 Ο
3269 715 3542 782 pulchrum

1975 815 2246 870 cubitum!
2295 814 2373 868 sic
2433 813 2617 868 statim
2677 811 3028 880 adiunxisse:
3083 811 3151 864 At
3211 824 3313 860 non
3363 807 3550 875 exponi

1976 907 2395 961 solitum'oculis
2439 905 2729 958 hominum.
2779 905 2844 956 At
2889 913 3060 954 mater
3114 915 3229 954 mea
3272 899 3554 968 gravitatis

1977 1001 2350 1059 simulacrum,
2394 996 3082 1054 sanctitatisdomicilium,
3113 995 3247 1045 adeo
3269 1007 3373 1043 non
3407 989 3556 1043 cubi-

1980 1102 2112 1154 tum,
2155 1106 2258 1143 non
2293 1091 2509 1144 oeulum
2543 1089 2742 1157 publici
2767 1088 2920 1156 quasi
2946 1088 3086 1151 juris
3109 1094 3203 1138 aut
3236 1090 3555 1150 conspectus

1975 1182 2157 1236 facere
2202 1182 2448 1244 solebat,
2490 1191 2549 1236 ut
2581 1195 2647 1234 ne
2695 1196 2880 1232 vocem
2936 1178 3146 1245 quidem
3211 1176 3262 1228 in
3316 1175 3556 1227 insuetas

1975 1289 2134 1328 aures
2166 1276 2461 1329 sustineret
2495 1274 2732 1335 mittere,
2773 1281 2879 1323 tam
2917 1270 3171 1322 inusitata
3206 1268 3279 1320 illi
3314 1283 3378 1320 ac
3414 1266 3550 1318 mira

1976 1366 2200 1435 pudoris
2226 1376 2393 1434 atque
2436 1365 2737 1418 honestatis
2761 1379 2892 1416 cura
2929 1361 3145 1415 inerat!
3193 1359 3386 1412 Verum
3422 1372 3555 1425 quo-

1977 1459 2120 1512 niam
2170 1457 2480 1513 necessitati
2537 1471 2603 1510 ne
2658 1455 2730 1508 dii
2787 1453 3005 1522 quidem
3067 1450 3149 1521 (ut
3213 1451 3334 1502 duci
3396 1449 3554 1514 solet)

1978 1549 2235 1604 rt-lttctari
2291 1555 2519 1618 queunt,
2565 1554 2749 1600 coacta
2811 1543 2999 1612 utique
3058 1554 3258 1610 parens
3299 1554 3415 1591 mea
3475 1548 3553 1590 est

1978 1643 2280 1712 smpissime
2321 1641 2676 1708 prodeuntem
2744 1638 2796 1689 in
2853 1635 3230 1704 expeditiones
3269 1632 3562 1700 imperato-

1977 1750 2085 1787 rem
2143 1731 2434 1800 aliquando
2488 1731 2680 1800 sequi,
2739 1740 2792 1782 et
2851 1742 3099 1782 amorem
3177 1738 3427 1778 secessus
3495 1736 3560 1774 ac

1976 1836 2044 1879 tet
2068 1825 2102 1879 ti
2143 1824 2541 1890 domesticique
2581 1821 2720 1890 septi
2765 1820 2903 1874 aula:
2946 1819 3128 1886 regite,
3167 1817 3256 1870 ubi
3283 1831 3399 1869 eam
3439 1828 3551 1864 ma-

1977 1918 2204 1974 tronalis
2225 1918 2489 1973 sanctitas
2514 1925 2567 1970 et
2603 1916 2820 1969 innatus
2844 1912 3102 1967 retinebat
3133 1911 3330 1982 pudor,
3356 1909 3562 1974 majore

1980 2027 2078 2066 nec
2112 2011 2293 2065 minus
2337 2009 2592 2064 laudabili
2631 2007 2896 2060 charitate
2931 2007 3147 2058 vincere
3179 2020 3192 2056 :
3238 2002 3323 2056 illa
3373 2013 3562 2066 nempe

1976 2120 2082 2171 qna
2140 2105 2257 2156 viro
2310 2118 2408 2156 suo
2445 2117 2608 2169 opera
2660 2100 2827 2168 ipsius
2881 2114 2942 2152 ac
3001 2095 3284 2167 praesentia
3335 2104 3558 2159 peregre

1977 2195 2178 2263 smpius
2210 2195 2387 2264 egenti
2415 2203 2808 2261 repracsentare
2837 2187 3201 2244 ministerium
3247 2193 3565 2251 (tt-praesen-

1977 2297 2080 2338 tem
2101 2301 2298 2338 navare
2323 2283 2558 2352 vigiliam
2580 2298 2641 2335 ac
2660 2296 2843 2336 curam
2871 2278 2952 2332 fas
2975 2278 3230 2345 piumque
3249 2272 3494 2330 ducebat.
3512 2275 3565 2322 et

1976 2376 2273 2445 coniugalis
2299 2373 2715 2430 necessitudinis
2739 2371 2913 2426 ollicio
2938 2368 3335 2440 prmscriptum.
3384 2362 3566 2429 Neque

1976 2468 2208 2521 Otiosum
2241 2465 2401 2521 fuerit
2425 2479 2725 2519 memorare
2749 2463 2945 2532 quibus
2983 2462 3036 2515 in
3070 2460 3233 2514 rebus
3276 2453 3567 2511 sedulitate

1985 2575 2117 2612 ntere
2168 2561 2359 2614 matris
2402 2573 2630 2630 peregre
2674 2572 2841 2627 agens
2891 2554 3156 2626 indigeret
3197 2559 3351 2620 pater
3394 2559 3565 2600 meus.

287 2639 484 2697 l‘rima‘
510 2656 627 2700 erat
670 2663 833 2703 causa
885 2651 1083 2720 pedum
1129 2653 1377 2717 morbus,
1433 2668 1540 2722 quo
1587 2670 1708 2706 cum
1764 2652 2079 2722 frequenter
2108 2656 2365 2710 redeunte
2417 2671 2481 2709 ac
2531 2655 2584 2707 in
2648 2652 2838 2722 primis
2909 2665 3051 2704 saevo
3129 2648 3424 2715 imperator
3483 2656 3572 2692 ur-

284 2751 511 2812 geri-tur
552 2759 716 2796 unum
766 2732 936 2799 feFme
1022 2745 1076 2800 in
1135 2749 1362 2802 summis
1440 2748 1720 2801 doloribus
1801 2749 2209 2804 delinimentum
2252 2765 2314 2804 ac
2363 2749 2608 2803 solatium
2664 2748 2896 2801 habebat
2973 2761 3004 2798 a
3053 2742 3299 2796 manibus
3337 2737 3572 2791 dominzn

288 2837 540 2903 parentis
585 2851 764 2892 metu:
820 2854 940 2906 qua:
977 2842 1126 2895 velut
1173 2841 1292 2909 eius
1349 2840 1610 2895 articulos
1645 2840 1868 2894 calleret
1936 2856 2128 2896 omnes
2181 2842 2250 2895 ita
2314 2841 2551 2896 molliter
2611 2839 2912 2909 suSpensis,
2957 2837 3028 2892 ita
3082 2835 3253 2902 perite
3303 2828 3570 2898 applit-itis

290 2937 480 2991 partes
506 2926 726 2982 all‘ectas
752 2931 1129 2985 eontrectabat
1171 2930 1372 3000 digitis,
1412 2939 1488 2984 ita
1515 2931 1734 2986 dolores
1774 2932 1919 3000 ipsos
1962 2932 2074 2986 fetu
2123 2934 2359 3002 quodam
2411 2942 2571 3002 atque
2599 2929 2811 2985 allrictn
2846 2929 3153 2984 demulcere
3201 2933 3389 2986 norat.
3425 2935 3476 2975 ut
3507 2921 3573 2977 de

287 3021 343 3069 vi
409 3026 574 3083 atque
637 3021 932 3076 acerbitate
1003 3022 1326 3076 intoleranti
1389 3025 1666 3077 cruciatus
1738 3040 1842 3077 non
1917 3039 2108 3092 parum
2154 3025 2254 3079 sibi
2285 3023 2497 3078 detrahi
2538 3023 2826 3076 curatione
2863 3020 2957 3078 tali
3027 3023 3303 3092 Augustus
3373 3015 3542 3070 latere

290 3115 404 3162 tur.
446 3108 608 3178 352
635 3109 803 3164 Porro
845 3112 934 3166 ille
1000 3113 1169 3167 miser
1242 3115 1396 3166 istam
1468 3114 1763 3181 podagram
1839 3116 2197 3170 certaminum
2258 3113 2506 3168 videlicet
2557 3121 2634 3168 tot
2683 3113 2897 3169 illorttm
2947 3114 3299 3180 laborumque
3353 3107 3573 3162 bellico-

295 3215 418 3250 rum
449 3204 638 3256 infelix
675 3204 1003 3273 stipendium
1037 3205 1241 3259 retulit.
1280 3204 1390 3261 Nec
1424 3207 1552 3260 milti
1589 3207 1714 3275 quis
1741 3218 2073 3263 succenseat
2138 3219 2394 3278 tanquam
2474 3222 2564 3261 res
2652 3205 2974 3274 familiares,
3027 3223 3252 3276 qna-que
3324 3210 3576 3272 parentes

294 3309 387 3348 me
409 3311 453 3343 ις
491 3296 754 3359 attinent,
786 3297 1037 3351 subtilius
1067 3299 1458 3368 verbosiusqne
1491 3304 1876 3370 porsequenti;
1919 3313 2106 3371 utpote
2132 3302 2301 3357 semel
2321 3301 2579 3371 professa:
2609 3300 2750 3371 piam
2775 3319 2858 3358 me
2916 3303 2969 3356 in
3009 3302 3300 3370 st'tiplione
3358 3309 3576 3367 quoque

298 3405 570 3458 πίνναι-ενα
601 3406 846 3458 cupere:
900 3409 998 3447 nec
1041 3394 1281 3448 recusari
1329 3405 1564 3463 Oportet,
1615 3395 1716 3448 hoc
1745 3397 1960 3466 quidem
2008 3400 2148 3460 loco,
2224 3396 2580 3451 domesticam
2662 3406 2876 3458 testem.
2929 3397 3015 3449 cui
3069 3395 3185 3464 plus
3255 3391 3374 3444 ηιιεί
3437 3389 3574 3456 apud

296 3497 514 3544 azqtmm
572 3483 828 3538 lectorem
880 3485 1073 3538 intima
1122 3486 1311 3540 notitia
1356 3503 1749 3556 personarum,
1813 3489 1881 3542 de
1921 3489 2117 3556 quibus
2151 3504 2334 3543 sermo
2369 3501 2474 3556 est,
2509 3491 2808 3546 conciliare
2840 3489 3026 3552 debet,
3091 3501 3253 3555 quam
3322 3480 3574 3539 invidiae,

298 3580 561 3634 otiositas
607 3583 812 3650 qumvis
888 3594 980 3636 aut
1059 3584 1266 3639 minuta
1315 3587 1550 3640 orationi
1639 3585 1829 3655 pietati
1879 3585 2127 3639 fortaSsis
2211 3585 2492 3653 elegantiae
2536 3587 2736 3639 damno
2780 3583 3090 3638 servientis.
3146 3580 3328 3633 Dicam
3363 3589 3492 3644 ergo
3529 3573 3575 3627 si

305 3675 489 3727 tt.itttts
518 3685 822 3743 opportune
847 3714 862 3738 ,
904 3684 960 3729 at
989 3675 1232 3746 profecto
1265 3679 1552 3733 verissime
1591 3681 1890 3748 Augustum
1930 3685 2138 3747 patrem
2192 3693 2372 3731 meum
2419 3679 2546 3731 dum
2592 3677 2755 3730 saluti
2831 3673 3268 3730 Christianorum
3344 3666 3576 3720 assiduis

307 3770 589 3833 aerumnis,
617 3768 904 3824 indefessi-5
933 3773 1217 3827 conatibus
1251 3774 1448 3828 invicta
1483 3790 1696 3842 semper
1740 3775 2048 3827 constantia
2082 3776 2256 3843 pergit
2285 3773 2590 3836 ccasulere,
2626 3787 2739 3827 sure
2811 3770 2983 3841 ipsius
3062 3768 3221 3822 saluti
3293 3781 3356 3819 ac
3423 3763 3576 3815 vale-

233 3941 242 3949 ι
309 3864 486 3918 tudini
543 3865 767 3920 minime
803 3867 1043 3932 cavisse;
1089 3885 1363 3938 nunquam
1417 3871 1560 3924 enim
1634 3871 1781 3923 illum
1830 3881 1922 3924 aut
2003 3872 2304 3938 voluptates
2354 3869 2661 3937 alliciendo,
2716 3878 2811 3923 aut
2868 3867 3080 3921 labores
3150 3861 3491 3927 deterrendo,
3547 3874 3574 3910 a

303 3959 583 4012 cannnuni
613 3960 960 4013 retardarunt
1008 3960 1240 4014 utilitate
1290 3964 1634 4031 procuranda
1683 3979 1696 4015 :
1753 3963 1883 4030 quin
1931 3977 2155 4016 suarum
2200 3963 2468 4015 rationum
2510 3977 2574 4016 ac
2639 3962 3070 4018 conunmlornm,
3138 3957 3328 4024 capitis
3355 3968 3570 4024 quoque

305 4067 372 4106 ac
424 4053 550 4106 vita:
581 4061 884 4121 respectum
923 4054 1282 4119 posteriorem
1337 4056 1562 4108 lli-reret
1609 4055 1980 4110 incolumitate
2028 4056 2309 4109 civitatum
2342 4056 2791 4123 periclitantium,
2855 4064 2948 4108 aut
3006 4052 3296 4108 Christiani
3361 4048 3570 4103 securi-

304 4145 630 4214 tatepopuli
666 4146 859 4214 quovis
886 4146 1023 4200 forte
1055 4146 1196 4200 malo
1221 4147 1299 4200 vel
1321 4149 1882 4202 discriminctentati:
1933 4164 2029 4219 pro
2083 4147 2278 4218 quibus
2338 4150 2500 4203 rebus
2544 4165 2719 4218 neque
2793 4163 3066 4202 ωτιιιιηιιιε
3141 4143 3579 4209 expeditionum.

305 4255 489 4309 neque
530 4255 691 4295 casus
728 4254 790 4294 ac
830 4241 1015 4310 plagas
1046 4241 1354 4310 prmliorum
1400 4254 1585 4297 contra
1636 4244 1902 4297 Barbaros
1942 4243 2121 4298 onmis
2193 4242 2428 4314 generis,
2479 4258 2654 4311 neqtte
2681 4253 2846 4297 aestus
2879 4250 2970 4295 aut
3002 4240 3214 4304 algorcs
3255 4234 3579 4289 subdialium

305 4333 630 4395 stationum,
666 4347 841 4400 neque
883 4333 1052 4386 lutum
1097 4349 1160 4385 ac
1214 4334 1489 4402 pulverem
1533 4335 1886 4388 hibernorum
1930 4335 2240 4388 aestivorum
2277 4334 2553 4399 itinerum,
2584 4335 2784 4404 pacisci
2820 4348 3055 4403 unquam
3115 4342 3165 4385 et
3201 4329 3382 4384 suhire
3424 4340 3581 4378 recn-

308 4425 471 4479 savit.
524 4425 702 4492 Atque
730 4424 780 4475 in
812 4425 925 4478 hmc
970 4424 1060 4479 ille
1093 4427 1276 4478 omnia
1316 4426 1440 4478 dum
1473 4441 1530 4478 se
1605 4427 1748 4480 haud
1806 4442 1968 4495 parce
2007 4425 2289 4495 impendit,
2339 4426 2651 4480 snbsidcbat
2709 4426 3025 4495 plerumque
3055 4425 3221 4475 fracta
3289 4418 3442 4471 malis
3499 4416 3580 4467 itt-

311 4514 662 4584 grnenlibus.
701 4524 754 4568 et
814 4516 1096 4570 vulnerum
1181 4518 1604 4586 morborun-que
1677 4517 1895 4571 lmsione
1935 4519 2091 4586 quasi
2139 4518 2450 4571 claudicans
2484 4528 2675 4571 natura
2713 4517 2953 4584 corporis
2993 4537 3004 4569 :
3046 4531 3230 4569 verum
3295 4529 3411 4565 eam
3483 4509 3578 4562 itt-

310 4614 548 4668 stinctns
583 4627 715 4666 cura
755 4628 930 4666 rerum
964 4622 1017 4668 et
1047 4613 1206 4666 ollicii
1238 4614 1418 4667 studio
1460 4611 1690 4666 uavandi
1730 4613 2004 4666 excitabat
2053 4613 2294 4664 animum
2378 4623 2434 4665 ut
2505 4612 2728 4664 vaderet
2774 4609 3127 4664 nihilominus
3189 4622 3296 4675 quo
3351 4604 3581 4657 vnt'abat
3665 4639 3670 4644 ι

311 4725 441 4763 usus
480 4705 811 4777 reipublicae,
859 4716 914 4761 et.
952 4707 1400 4774 humano-generi
1448 4707 1738 4774 quantovis
1789 4721 1887 4758 suo
1934 4705 2134 4759 damno
2157 4704 2419 4773 prodesse
2442 4711 2713 4773 pergeret.

391 4801 657 4872 Δεύτερον
685 4801 742 4854 δὲ
789 4802 884 4854 καὶ
923 4801 1182 4872 μέγιστον
1229 4803 1421 4863 αῐτιον,
1460 4800 1554 4852 τοῦ
1613 4800 1711 4868 τὴν
1751 4799 1871 4869 βασι

2079 4799 2321 4851 Alteram
2364 4807 2626 4866 prmterea
2667 4794 3068 4864 scquendorum
3116 4790 3342 4860 Augusti
3376 4800 3582 4842 castro-

316 4895 440 4949 λίϐα
477 4894 779 4948 συνοπαδδν
815 4889 957 4947 εἶναι
991 4895 1070 4962 τῷ
1109 4893 1496 4962 αὐτοκράτορι,
1529 4893 1610 4945 ὅτι
1637 4892 1720 4942 τοὶ
1771 4890 1871 4942 πολ

2004 4907 2122 4944 rum
2155 4906 2374 4944 causam
2408 4891 2644 4957 Angusta
2679 4903 2796 4941 mea
2827 4895 2999 4939 matcr
3025 4884 3231 4947 habuit,
3257 4881 3576 4935 insidiarum

315 4987 426 5040 λῶν
470 4986 776 5040 ἐπιϐούλων
821 4986 1216 5056 ἀναφυομένων
1261 4983 1640 5052 ἁπανταχόθεν
1700 4983 1867 5052 πολλῆ

2005 4983 2056 5036 in
2108 4998 2298 5036 omnes
2373 4982 2535 5036 horas
2598 4980 2646 5035 ei
2705 4987 3140 5047 comparatarmn
3212 4973 3579 5028 necessariam

319 5077 493 5129 ἐδεῖτο
519 5077 624 5144 τῆς
652 5075 992 5144 manem;
1017 5075 1111 5128 καὶ
1131 5074 1205 5135 ὡς
1240 5073 1284 5104 δ’
1307 5074 1480 5136 ὄντας
1509 5073 1866 5140 πολυομμάτο

2005 5075 2396 5128 amollitioncm
2438 5089 2562 5142 qua:
2591 5074 2791 5141 ubique
2821 5069 3101 5140 przesentis
3129 5075 3184 5120 et
3214 5065 3578 5120 inct‘tnniventi

319 5168 636 5238 Car/ips:ch-
666 5171 760 5221 καὶ
815 5171 922 5240 γὰρ
971 5169 1066 5222 καὶ
1119 5167 1212 5232 νὺξ
1262 5166 1412 5236 αὐτῷ
1454 5166 1740 5228 ἐπίϐουλος
1799 5163 1866 5236 ἦν

2005 5167 2329 5224 excubantis
2359 5167 2540 5234 vigilia
2572 5165 2957 5220 sollicitudinis
2996 5177 3079 5217 res
3109 5171 3248 5216 erat.
3271 5159 3402 5213 Nam
3444 5171 3583 5212 sane

325 5263 419 5315 καὶ
447 5263 509 5314 τὸ
545 5261 871 5332 μεσαίτατον
893 5261 991 5331 τῆς
1023 5260 1238 5330 ἡμέρας
1269 5259 1362 5312 καὶ⁸
1393 5259 1600 5328 ἑσπέρα
1625 5259 1864 5330 προσανέ

2005 5277 2126 5315 cum
2150 5260 2269 5314 aliis
2299 5276 2516 5330 semper
2539 5261 2837 5316 exercitum
2865 5259 3129 5322 adversis,
3161 5264 3269 5309 tum
3295 5269 3421 5308 vero
3453 5265 3583 5304 con-

1387 5376 1582 5436 \'at-im
1613 5375 1920 5438 lectiones
1957 5392 2033 5437 ex
2067 5378 2212 5439 cod.
2245 5376 2505 5440 Coislin.

406 5481 443 5508 “
475 5478 746 5548 ψαύουσα.
824 5477 866 5508 δ’
899 5478 1057 5531 Deest
1096 5478 1285 5531 vocula
1310 5475 1404 5528 ὡο.

1399 5599 1530 5656 Car.
1571 5596 1876 5656 Dufrcsnii
1918 5597 2007 5658 Du
2043 5598 2261 5677 Cangii
2296 5606 2463 5661 notae

405 5707 514 5780 (98)
546 5707 797 5773 Νόσημα
854 5700 969 5755 τῶν
1015 5697 1232 5754 ποδῶν.
1285 5698 1408 5751 Vide
1442 5697 1742 5762 Zottat'ant,
1775 5715 1893 5769 pag.
1936 5697 2060 5754 239.
