3974 6208
253 290 364 354 889

1525 292 1936 374 ALEXIADIS
1980 295 2125 354 Ltn.
2159 293 2297 356 xu.

3400 294 3508 358 890

251 423 417 476 νομα.
489 401 636 457 Ἀλλ’
693 402 880 470 ἐπειδη
935 402 1002 455 τὰ
1057 403 1157 470 μὲν
1188 404 1285 472 τῆς
1341 404 1663 473 συμπλοκῆς
1721 408 1831 459 τῶν

2009 407 2111 473 Qui
2146 408 2358 460 rabidos
2385 415 2582 458 sancire
2611 404 2786 457 dentes
2819 404 3020 458 illidere
3047 402 3227 472 furrow,

253 495 562 565 Βαρῦἀρων
609 493 824 560 ἔμελλε,
891 493 1027 563 πρὶς
1069 494 1124 547 δὲ
1171 495 1528 565 παρασκευὴν
1587 497 1694 547 τῶν
1733 497 1833 564 τῆς

257 585 588 653 συμπλοκῆς
628 586 654 636 ὁ
684 582 940 653 βασιλεὺς
962 584 1207 653 ἀφεώρα,
1239 586 1334 637 καὶ
1372 586 1440 638 τὰ
1479 587 1576 654 μὲν
1605 587 1836 654 ἀσφαλί-

253 675 455 730 σασθαι
481 674 595 726 τῶν
632 674 914 743 φρουρίων
943 675 1145 727 σκοπὶν
1171 671 1307 745 εἶχε,
1345 674 1414 730 τὰ
1434 676 1490 728 δὲ
1519 677 1834 746 κατοχυρῶο

253 786 369 832 σαι,
393 767 489 819 xa‘t
523 765 660 828 ὅλως
689 764 852 818 simia.
881 765 1062 817 πάντα
1092 767 1157 819 τὰ
1189 767 1331 819 κατὰ
1363 767 1457 819 τοῦ
1495 767 1834 835 Βαῖμούντου

253 857 710 926 καταστήσασθαι
737 856 986 920 ἔσπευδε,
1008 857 1413 928 συνεξυπήγετο
1431 859 1527 911 καὶ
1551 859 1650 930 τὴν
1673 859 1833 928 βασι-

249 950 283 1002 λ
313 949 376 1002 δα
407 947 470 999 τὸ
515 947 618 1016 μέν
647 964 729 999 τοι
757 948 850 999 καὶ
880 946 1077 1000 ἑαυτοῦ
1105 947 1290 1012 ἕνεκα,
1322 949 1417 1002 καὶ
1446 949 1512 1002 δι’
1541 949 1606 1010 ἃς
1655 950 1834 1012 αἰτίας

250 1043 601 1110 εἰρήκειμεν,
646 1041 706 1090 τὸ
725 1039 782 1091 δέ
817 1057 868 1092 τι
914 1041 1008 1091 καὶ
1039 1042 1096 1090 ὲν
1136 1041 1180 1071 ⁸⁸
1225 1040 1489 1111 ἀκινδύνῳ
1541 1042 1650 1093 τῶν
1690 1059 1835 1110 πρα-

250 1133 484 1202 γμάτων
518 1133 597 1184 ἔτι
624 1132 1037 1200 καθεστηκότων
1059 1135 1154 1184 καὶ
1187 1134 1353 1201 μήπω
1375 1134 1567 1202 καιροῦ
1593 1133 1833 1202 πολέμου

247 1222 740 1292 δπιδεδημηκότος.
798 1221 1204 1290 Ἀναλαδομένη
1268 1223 1448 1274 τοίνυν
1498 1223 1698 1274 ὁπόσον
1749 1221 1837 1274 διὰ

247 1313 461 1384 χρυσοῦ
517 1316 609 1367 καὶ
667 1312 838 1381 ἄλλης
892 1313 1175 1384 ποιότητος
1239 1317 1450 1384 προσῆν
1517 1316 1655 1384 αὐτῇ
1739 1313 1836 1382 χά-

249 1423 443 1475 ραγμα
505 1405 601 1458 καὶ
659 1403 828 1472 ἕτερὰ
884 1421 1004 1457 τινα
1039 1407 1143 1457 τῶν
1177 1406 1478 1476 χρημάτων
1521 1405 1688 1468 ἔξεισι
1734 1406 1834 1474 τῆς

251 1497 489 1557 πόλεως,
527 1495 751 1547 καὶτοῦ
805 1496 996 1548 λοιποῦ
1054 1499 1112 1550 ὲν
1144 1498 1218 1562 τῷ
1276 1497 1475 1550 διιέναι
1533 1500 1630 1559 τὰς
1683 1497 1836 1559 ὀδοὺς

256 1589 398 1640 πᾶσι
454 1589 572 1650 τοῖς
626 1589 878 1651 ἑπαίταις
945 1591 1037 1641 καὶ
1101 1592 1212 1649 τοῖς
1272 1590 1678 1660 σισυροφόροις,
1739 1591 1834 1642 καὶ

255 1681 491 1748 γυμνοῖς
522 1678 721 1747 δαψιλῆ
793 1681 889 1748 την
931 1682 1087 1749 χεῖρα
1138 1683 1386 1749 παρεῖχε.
1446 1683 1552 1732 Καὶ
1598 1681 1771 1744 οὐδεὶς
1805 1683 1833 1734 ὁ

254 1773 630 1840 αἰτησάμενος
686 1774 778 1824 καὶ
837 1773 991 1833 tes-.6;
1051 1772 1323 1828 ἀπελθών.

250 1863 694 1933 ἑπιτεταγμένην
715 1863 919 1934 σκηνὴν
953 1867 1296 1936 κατεπλήφει,
1318 1865 1378 1917 ού
1398 1865 1530 1935 πρὸς
1553 1865 1834 1937 ῥᾳστώνην

251 1955 419 2016 εὐθὺς
443 1955 736 2008 ἀπέκλινεν
767 1955 899 2007 εἵσω
932 1955 1134 2024 ταύτης
1166 1958 1444 2025 γεγονυῖα,
1472 1956 1609 2008 ἀλλὰ
1635 1957 1837 2008 ἀναπε-

250 2047 493 2101 ταννῦσα
537 2047 761 2118 ταύτην,
833 2047 1026 2101 ἄνετον
1066 2051 1178 2111 τοῖς
1215 2049 1426 2102 αἰτοῦσι
1469 2052 1704 2119 παρεῖχε
1735 2049 1834 2117 τὴν

248 2140 462 2194 εἴσοδον
483 2157 496 2170 ·
529 2143 640 2204 τοῖς
717 2139 987 2204 τοιούτοις.
1015 2142 1123 2212 γὰρ
1153 2143 1247 2195 καὶ
1307 2142 1456 2212 μάλα
1513 2143 1836 2212 εὐπρόσιτος

245 2230 317 2301 ἦν
351 2233 445 2284 καὶ
481 2234 746 2301 παρεῖχεν
790 2233 995 2300 ἑαυτὴν
1036 2233 1269 2304 ὁρᾶσθαί
1294 2251 1352 2287 τε
1391 2233 1486 2286 καὶ
1514 2231 1832 2286 ἀκούεσθαι.

252 2325 330 2377 (ta
361 2325 664 2394 χρημάτων
683 2324 739 2376 δὲ
771 2324 1052 2392 μετεδίδου
1097 2328 1211 2386 τοῖς
1247 2325 1444 2394 πένησι
1479 2324 1664 2394 μόνον,
1696 2323 1836 2377 ἀλλὰ

249 2419 349 2468 καί
375 2417 445 2466 τὰ
481 2413 655 2483 λῲονα
691 2413 1082 2467 συνεϐούλευεο
1125 2417 1220 2468 καὶ
1255 2416 1492 2478 ὁπόσους
1522 2417 1619 2483 μὲν
1659 2416 1834 2486 εὐρώ-

249 2524 412 2568 στους
469 2509 536 2560 τὰ
595 2507 825 2578 σώματα
880 2509 1151 2576 κατενόει,
1187 2509 1446 2580 ῥᾳθύμως
1489 2510 1545 2562 δὶ
1576 2511 1704 2577 περὶ
1739 2510 1834 2563 τὸν

246 2601 367 2668 βίον
397 2599 640 2666 ἔχοντας,
661 2601 794 2670 προς
819 2599 956 2669 ἔργα
987 2601 1081 2652 καὶ
1102 2600 1326 2671 πράξεις
1348 2601 1746 2672 προύτρέπετο.
1768 2601 1834 2654 ἵν’

242 2686 499 2738 ἐντεῦθεν
537 2687 602 2738 τὰ
634 2688 768 2756 πρὸς
805 2689 996 2759 χρείαν
1027 2690 1361 2758 κομίζοιντο,
1395 2692 1490 2743 καὶ
1523 2692 1596 2760 μὴ
1642 2691 1712 2744 δι’
1768 2693 1836 2744 ἀ-

246 2777 472 2846 μέλειαν
514 2777 976 2843 ἀναπεπτωκότας
997 2779 1167 2849 Θύραν
1203 2783 1264 2832 ὲκ
1282 2780 1451 2852 θύρας
1476 2782 1835 2847 ἐπαιτοῦντας

249 2883 316 2916 πε
331 2870 618 2935 ρινοστετν.
643 2869 846 2938 Καιρδς
871 2870 928 2922 δὲ
957 2870 1138 2934 οὐδεὶς
1163 2872 1260 2940 τῆς
1283 2872 1544 2943 τοιαύτης
1568 2874 1835 2945 ἐργασίας

239 2961 480 3028 ἀπεῖργε
509 2961 608 3032 τὴν
629 2962 902 3031 βασιλίδα.
936 2964 994 3018 ’0
1017 2964 1116 3034 μὲν
1139 2960 1233 3018 οὖν
1257 2964 1424 3020 Δαυῒδ
1457 2967 1608 3036 μετὰ
1641 2971 1829 3022 κλαυ-

241 3051 399 3118 θμοῦ
442 3051 509 3104 τὸ
561 3054 720 3123 πόμα
763 3053 986 3124 κιργῶν
1045 3056 1358 3125 φαίνεταν
1399 3058 1432 3128 ἡ
1499 3056 1556 3111 δέ
1605 3075 1668 3126 γε
1729 3057 1826 3128 βαι

243 3144 382 3205 0:13.;
437 3142 574 3214 αὕτη
635 3149 728 3202 καὶ
765 3148 971 3219 τροφὴν
1017 3150 1112 3203 καὶ
1143 3149 1304 3204 ποτὸν
1351 3151 1487 3220 ἐλέῳ
1519 3168 1824 3220 συγκερανι

239 3235 380 3286 νῦσα
417 3239 536 3287 καθ’
597 3238 832 3306 ἑκάστην
862 3239 1162 3294 ὲδεῖκνυτο.
1199 3241 1310 3293 Καὶ
1362 3240 1530 3295 πολλὰ
1565 3239 1632 3294 ἂν
1684 3237 1831 3312 εἶχον

239 3327 418 3378 εἰπεῖν
444 3329 572 3395 περὶ
590 3327 793 3394 ταύτης
821 3328 919 3394 τῆς
943 3330 1236 3400 βασιλίδος,
1255 3332 1305 3383 εί
1335 3331 1409 3402 μὴ
1453 3332 1514 3384 τὸ
1537 3330 1828 3402 θυγάτριον

244 3413 388 3468 εἶναι
440 3418 671 3486 ψεύδους
739 3424 1002 3492 παρεῖχεν
1056 3404 1346 3484 ύπόνοιαν,
1388 3423 1483 3476 καὶ
1531 3423 1613 3476 ὃτι
1659 3423 1825 3493 μητρὶ

244 3506 610 3576 χαριζόμεθα.
643 3510 782 3578 Πρὸς
824 3511 880 3564 δὲ
906 3513 1034 3575 τοὺς
1072 3511 1245 3565 ταῦτα
1276 3513 1635 3576 ὑπονοοῦντας
1675 3531 1806 3583 παρο

242 3599 436 3667 ἀξσμαι
455 3604 565 3664 τοῖς
592 3602 766 3670 λόγοις
786 3603 1367 3674 συνεπιμαρτυροῦντα
1390 3603 1457 3658 τὰ
1483 3604 1808 3674 πράγματα.

2008 500 2071 552 Et
2109 499 2371 551 maculam
2398 497 2543 564 puris
2571 497 2810 567 efﬁngere
2842 495 3072 548 moribus
3105 497 3311 550 ardent.

1935 591 2104 656 Quale
2135 588 2354 643 Homeri
2389 588 2535 642 Musa
2558 627 2572 649 ,
2614 588 2856 657 apprime
2885 596 3053 654 perita
3092 586 3508 642 consuetudinis

1938 683 2185 737 luunanat
2225 681 2494 750 ingenium
2541 694 2659 733 esse
2724 679 3114 745 plurimorum,
3166 679 3383 732 cecinit.
3433 677 3510 733 Ne

1937 775 2102 841 igitur
2170 771 2650 825 comminiscantur
2708 784 2841 823 neve
2899 769 3300 823 calumnientur
3362 770 3508 824 aliud

1937 863 2244 932 suspicaces
2293 870 2349 916 et
2398 859 2646 914 maledici
2680 859 2926 913 homines
2959 858 3026 913 de
3057 860 3236 913 causis
3267 874 3508 914 commo-

1939 955 2166 1008 rationis
2211 968 2342 1006 mete
2377 951 2563 1004 matris
2613 951 2662 1004 in
2717 951 2912 1005 castris
2945 961 3000 1006 et
3034 952 3244 1006 itineris
3283 951 3404 1022 ejus
3445 966 3508 1005 ac

1936 1044 2284 1118 profectionis
2341 1057 2444 1110 qua
2507 1057 2566 1094 se
2627 1041 2879 1094 comitem
2934 1043 3292 1110 expeditionis
3345 1042 3503 1098 istius

1938 1149 2099 1203 quam
2133 1134 2291 1185 modo
2327 1132 2658 1198 descriptum
2695 1132 2834 1185 imus
2883 1148 2912 1184 a
2955 1142 3107 1199 patre
3151 1147 3272 1186 meo
3319 1134 3512 1186 adver-

1936 1238 2028 1278 sus
2056 1221 2408 1276 Baimundum
2442 1231 2722 1290 susceptze,
2775 1220 2918 1275 dedit
2952 1222 3147 1290 partim
3182 1222 3348 1277 invita
3383 1237 3506 1292 par-

1939 1315 2034 1368 tim
2071 1312 2275 1377 volens,
2311 1322 2532 1380 prepter
2565 1313 2870 1366 contrarias
2918 1313 3076 1366 modo
3110 1328 3506 1370 commemora-

1941 1416 2021 1458 tas
2047 1405 2328 1473 utriusque
2359 1401 2517 1456 olIicii
2555 1403 2874 1471 consiliique
2913 1404 3168 1458 rationes.
3208 1403 3320 1457 Non
3365 1406 3505 1459 enim

1941 1501 2124 1568 utique
2176 1513 2286 1550 rem
2346 1506 2560 1566 gestura
2599 1511 2758 1549 manu
2821 1497 3066 1550 cominus
3120 1505 3171 1549 et
3205 1497 3509 1563 prazliatura

1939 1605 2060 1642 cum
2094 1589 2345 1642 Barbaris
2396 1586 2662 1656 processit
2695 1603 2708 1639 :
2745 1584 3048 1656 Tomyridis
3099 1587 3150 1639 id
3200 1585 3380 1645 fuerit,
3417 1594 3510 1636 aut

1941 1681 2248 1750 Sparethra:
2305 1678 2715 1746 Massagetidis,
2769 1693 2869 1730 non
2916 1676 3099 1732 lrenes
3137 1692 3307 1741 mete;
3357 1675 3512 1728 fortis

1405 1775 1575 1828 Ἐπὰν
1635 1774 1689 1826 ίὲ
1735 1775 1831 1842 τὴν

1940 1772 2081 1824 illius
2139 1770 2354 1836 quidem
2405 1776 2458 1822 et
2493 1768 2726 1835 prteditte
2761 1767 2946 1820 animo
2999 1766 3158 1831 virili,
3213 1767 3304 1820 sed
3349 1766 3514 1820 robur

1939 1858 2078 1912 istud
2113 1873 2268 1910 suum
2311 1856 2377 1910 ad
2406 1855 2506 1909 alia
2542 1857 2696 1925 longe
2730 1854 2969 1909 facinora
3004 1856 3303 1919 vertentis;
3334 1855 3409 1908 uti
3454 1866 3510 1909 et

1946 1951 2116 2004 armis
2160 1949 2422 2003 instructa
2456 1958 2570 2001 erat
2614 1947 2768 2017 longe
2798 1947 2920 2001 aliis
2951 1961 3114 2015 quam
3149 1947 3301 2000 hasta
3333 1947 3508 2000 Palla-

1938 2042 2022 2096 dis
2047 2050 2138 2095 aut
2165 2041 2312 2110 galea
2351 2039 2613 2093 Plutonis.
2647 2038 2838 2092 Parma
2871 2037 2998 2092 huic
3029 2049 3082 2091 et
3108 2047 3318 2092 scutum
3345 2045 3398 2091 et
3427 2049 3504 2090 te.

1937 2135 2046 2189 lmn
2095 2142 2230 2194 erat.
2276 2140 2536 2186 constans
2575 2139 2760 2198 pectus
2799 2144 3073 2198 cppouere
3119 2129 3280 2183 rebus
3321 2128 3510 2181 adver-

1939 2225 2066 2282 sis:
2119 2239 2183 2278 ac
2214 2233 2399 2278 contra
2448 2222 2776 2278 rebelliones
2839 2231 3002 2291 atque
3047 2221 3274 2276 insultus
3317 2220 3510 2290 quibus

1939 2333 2108 2389 genus
2146 2319 2322 2386 ipsum
2365 2330 2632 2386 supremae
2664 2315 2944 2385 potestatis
2964 2323 3158 2368 natura
3197 2313 3427 2380 quadam
3458 2323 3510 2365 et

1940 2410 2253 2466 conditione
2295 2411 2510 2478 propria
2536 2409 2837 2477 expositum
2874 2416 2976 2470 est,
3031 2419 3244 2471 semper
3286 2404 3510 2458 interri-

1939 2514 2045 2558 tam
2076 2517 2290 2572 semper
2319 2511 2559 2572 paratam
2596 2511 2763 2555 stare.
2786 2499 2921 2552 Tum
2947 2513 3074 2553 vero
3102 2497 3262 2552 etiam
3291 2505 3512 2550 strenue

1938 2610 2058 2650 sese
2106 2610 2322 2650 versare
2367 2595 2420 2649 in
2449 2591 2624 2650 ofﬁcio
2663 2591 2934 2663 fungendo
2969 2601 3023 2645 et
3068 2587 3370 2642 actionibus
3427 2586 3509 2639 sui

1938 2687 2178 2742 muneris
2206 2687 2258 2740 in
2293 2694 2532 2755 tempore
2556 2684 2866 2739 reddendis.
2900 2679 3168 2734 Prtelerea
3191 2689 3512 2746 responsare

1937 2778 2345 2847 cupiditatibus,
2384 2786 2439 2830 et
2485 2773 2880 2830 contumaciam
2930 2785 3115 2825 earmn
3154 2777 3371 2821 austero
3417 2779 3507 2817 ra-

1940 2870 2104 2925 tionis
2151 2869 2378 2938 imperio
2413 2882 2684 2938 premere.
2732 2864 2970 2934 Denique
2999 2862 3157 2918 (idem
3192 2871 3246 2915 et
3294 2857 3508 2924 religio-

1938 2981 2062 3020 nem
2100 2964 2166 3018 ad
2221 2961 2388 3016 Deum
2445 2975 2552 3015 non
2607 2959 2786 3014 fictam
2850 2970 3026 3026 neque
3082 2949 3507 3024 perfunctoriam

1940 3056 2159 3110 habere.
2221 3053 2351 3120 Qua:
2404 3051 2516 3106 fere
2573 3059 2851 3105 armatura
2897 3055 2982 3104 est
3022 3061 3128 3118 qua
3191 3044 3508 3099 instructam

1932 3147 2210 3202 mulierem
2253 3144 2445 3201 fortem
2492 3143 2748 3198 Salomon
2777 3142 2926 3196 velut
2972 3141 3024 3194 in
3055 3138 3228 3194 aciem
3259 3133 3441 3190 educit
3464 3131 3506 3183 ³.

1930 3239 2002 3293 At
2080 3237 2345 3308 ejusmodi
2420 3236 2556 3292 bella
2618 3245 2988 3306 comparatam
3054 3240 3110 3287 et
3170 3227 3506 3300 procinctam

1927 3331 2094 3404 355
2143 3331 2309 3386 fuisse
2339 3347 2510 3384 ineam
2544 3340 2772 3384 matrem
2806 3328 3001 3382 fateor.
3029 3325 3232 3380 Caetera
3265 3319 3509 3378 moribus

1925 3424 2280 3492 quietissimis
2325 3431 2379 3475 et
2410 3421 2502 3488 qui
2536 3421 2697 3476 facile
2726 3420 2907 3475 studio
2938 3417 3196 3486 cultuque
3245 3420 3504 3484 perpetuo

1930 3513 2100 3584 pacis,
2143 3528 2301 3567 omen
2343 3513 2416 3566 illi
2452 3511 2565 3567 dati
2606 3512 2736 3566 olim
2785 3509 3020 3564 nominis
3057 3506 3362 3576 implerent.
3392 3499 3504 3555 Ne-

1922 3617 2026 3674 que
2057 3602 2187 3658 illud
2217 3601 2603 3664 omittendum,
2633 3617 2756 3657 eum
2784 3609 2937 3668 patre
2981 3612 3104 3652 meo
3123 3595 3354 3666 jubente
3381 3605 3504 3662 pro-

241 3709 425 3764 gressa
473 3696 631 3750 simul
665 3705 749 3750 est
803 3697 868 3751 ad
927 3697 1125 3751 bellmn
1170 3713 1366 3767 parens
1405 3713 1520 3754 mea
1573 3713 1909 3768 nequaquam
1949 3698 2256 3767 opinionem
2298 3695 2474 3750 adhuc
2515 3695 2678 3750 fuisse
2718 3709 2837 3746 mox
2881 3691 3047 3745 futuri
3083 3688 3273 3760 praelii,
3316 3682 3509 3757 procul

239 3787 504 3855 siquidem
535 3789 712 3843 adhuc
746 3788 1078 3846 Baimundus
1154 3793 1537 3857 cunctabatur,
1631 3804 1687 3847 et
1738 3793 1902 3848 lentis
1949 3792 2322 3847 tantummodo
2392 3787 2634 3843 consiliis
2689 3785 3148 3856 praemuniebatur
3211 3778 3364 3850 quasi
3420 3777 3506 3830 via

239 3881 390 3936 Ilarti
421 3898 766 3951 processero,
806 3885 933 3939 dum
974 3895 1119 3941 totus
1151 3887 1364 3940 interim
1402 3897 1518 3941 erat
1568 3887 1885 3958 imperator,
1915 3889 1968 3942 in
2000 3887 2216 3942 arcibus
2262 3886 2384 3940 aliis
2457 3883 2708 3953 praesidio
2787 3880 3080 3950 imposito,
3154 3876 3275 3930 aliis
3340 3885 3504 3928 manu
3591 3873 3598 3877 ’

241 3992 401 4048 ω⁴1¹¹ίε
428 3997 593 4050 Ope"3
625 3982 922 4046 ﬁrmandis,
1011 3984 1470 4052 providendisque
1542 3985 1704 4039 rebus
1777 3987 2096 4054 ejusmodik
2118 3983 2332 4038 caeteris
2363 3996 2484 4052 quae
2507 3981 2572 4034 ad
2610 3979 3003 4034 occurrendum
3032 3972 3311 4028 Baimundi
3341 3981 3504 4048 cona-

241 4081 381 4129 tibus
421 4075 714 4140 aliquando
741 4079 1014 4144 erupturis
1045 4090 1252 4132 mature
1297 4078 1614 4132 adhibenda:
1661 4079 2002 4133 videbantur.
2037 4079 2212 4146 Atque
2237 4077 2336 4131 hoc
2363 4075 2562 4144 ipsum,
2633 4085 2826 4138 nempe
2887 4069 3028 4135 quod
3094 4067 3260 4120 sciret
3329 4063 3504 4133 impc-

241 4179 388 4220 iator
415 4167 619 4220 uellant
650 4165 797 4230 fore,
828 4166 931 4221 nisi
971 4179 1094 4238 post
1120 4169 1336 4237 longmn
1371 4169 1512 4223 forte
1555 4169 1816 4238 spatium,
1855 4169 2200 4224 occasionem
2231 4163 2554 4221 conserendi
2591 4162 2779 4230 praelii,
2828 4159 3043 4214 animos
3084 4157 3160 4211 illi
3234 4153 3365 4210 fecit
3434 4152 3503 4204 ad

244 4263 535 4326 urgendam
587 4259 808 4313 liberius
845 4273 1066 4329 pr0pter
1136 4263 1371 4316 rationes
1432 4262 1584 4330 prius
1655 4269 2002 4324 memoratas,
2077 4258 2373 4329 Augustam
2416 4270 2571 4310 suam
2608 4251 2887 4325 coniugem
2932 4258 2992 4302 ut
3035 4247 3185 4302 exire
3240 4243 3308 4298 ad
3359 4242 3503 4297 hanc

240 4351 631 4418 expeditionem
672 4364 854 4402 secum
905 4347 1106 4401 vellet?
1176 4347 1265 4400 llla
1315 4365 1442 4402 vero
1475 4350 1789 4404 necessitati
1832 4349 1992 4404 simul
2041 4367 2069 4401 a
2113 4349 2225 4401 viro
2271 4349 2536 4416 imposita:
2583 4346 2784 4410 paruit,
2864 4339 3029 4394 simul
3115 4338 3326 4392 dilectze
3397 4332 3501 4390 sibi

239 4438 554 4493 exercenda:
585 4435 858 4491 liberalius
889 4438 1274 4492 misericordiae
1298 4441 1532 4508 captavit
1561 4441 1928 4493 occasionem.
2023 4437 2452 4507 Peregrinationi
2493 4437 2637 4490 enim
2679 4433 2824 4487 omni
2900 4445 3064 4500 quam
3132 4440 3241 4480 tum
3309 4425 3502 4481 habuit

239 4541 455 4602 Sumpta
505 4547 691 4585 secum
733 4531 954 4599 pecunia
985 4531 1064 4584 vel
1105 4547 1269 4585 aurea
1313 4532 1395 4584 vel
1430 4547 1497 4586 ex
1538 4531 1645 4585 alio
1674 4533 1866 4600 quovis
1901 4530 2117 4584 metallo
2197 4545 2256 4584 se
2298 4531 2445 4584 dedit
2483 4547 2496 4582 :
2561 4541 2789 4594 eamque
2865 4538 2959 4592 per
3008 4530 3181 4574 totam-
3229 4519 3364 4570 viam
3446 4517 3500 4569 in

239 4628 428 4682 obvios
460 4638 700 4692 quosque
728 4623 1021 4687 mendicos,
1065 4633 1156 4676 aut
1185 4633 1479 4692 egestatem
1510 4623 1602 4676 vili
1637 4638 1701 4676 ac
1742 4625 1938 4678 misero
1974 4625 2169 4676 vestitu
2193 4623 2562 4690 praeferentes.
2639 4617 2872 4670 maxime
2931 4621 3109 4667 autem
3173 4613 3223 4664 in
3295 4609 3498 4665 nudos,

242 4715 733 4771 beneticentissime
773 4713 1036 4782 profudit,
1084 4716 1216 4769 adeo
1249 4725 1304 4768 ut
1340 4731 1497 4768 nemo
1529 4716 1620 4785 qui
1652 4714 1720 4768 ab
1747 4730 1806 4765 ea
1850 4715 2073 4781 petierit
2143 4713 2339 4766 abierit
2410 4725 2634 4764 vacuus.
2673 4708 2964 4776 Postquam
2994 4716 3122 4756 vero
3156 4701 3208 4753 in
3253 4698 3499 4753 destina-

241 4820 352 4862 ιηιιι
397 4807 502 4858 sibi
546 4806 948 4858 tabernaculum
993 4817 1375 4872 concesserat,
1429 4823 1534 4858 non
1586 4806 1673 4858 illa
1757 4806 2041 4873 eaptanda:
2080 4804 2278 4873 quietis
2312 4801 2718 4872 opportunitate
2791 4797 3089 4858 fruebatur,
3166 4800 3260 4844 aut
3299 4789 3500 4842 clausis

239 4901 391 4955 ostiis
449 4899 567 4952 sine
639 4898 841 4950 arbitro
873 4914 1059 4950 somno
1088 4900 1410 4967 corpotique
1453 4901 1681 4952 Otiosum
1758 4898 1920 4950 dabat
1970 4912 2232 4966 operam:
2300 4895 2393 4950 sed
2441 4893 2574 4947 velis
2636 4889 2872 4946 reductis
2954 4883 3184 4953 amplam
3235 4880 3502 4934 adeunda:

241 4997 319 5048 sui
359 4993 592 5045 faciebat
631 4991 844 5058 copiam
899 4993 1149 5046 omnibus
1192 4995 1304 5060 ipsa
1357 5003 1620 5046 conventa
1674 5008 1812 5060 Opus
1857 4993 2181 5046 habentibus
2214 4989 2516 5059 praesertim
2561 5001 2690 5039 vero
2724 4993 2906 5054 petere
2982 4977 3180 5048 aliquid
3245 4976 3495 5046 paratis;

239 5091 477 5156 qualium
515 5104 790 5142 accessum
838 5098 950 5142 tota
996 5089 1101 5140 vita
1143 5087 1297 5142 facile
1337 5089 1590 5153 admisit;
1672 5095 1727 5141 et
1766 5087 1830 5139 ad
1905 5087 2010 5139 tale
2043 5087 2308 5137 duntaxat
2339 5097 2508 5152 genus
2542 5079 2819 5134 remisisse
2847 5071 3186 5128 verecundia:
3231 5069 3498 5140 supersti-

241 5179 440 5231 tionem
493 5178 640 5230 velut
690 5178 832 5231 illam
880 5176 1164 5230 videbatur
1195 5192 1330 5244 pene
1375 5177 1640 5241 nimiam;
1676 5177 1800 5229 dum
1845 5175 1908 5230 iis
1938 5176 2198 5228 duntaxat
2232 5174 2470 5241 prtebere
2507 5186 2566 5226 se
2607 5169 2924 5232 videndam,
2953 5173 3007 5220 et
3075 5164 3291 5219 eosdem
3358 5161 3498 5217 allo-

241 5269 329 5336 qui
363 5277 720 5319 consueverat
753 5266 1002 5320 libenter.
1030 5263 1199 5318 Porro
1233 5267 1521 5332 pecuniam’
1554 5263 1882 5334 pauperibus
1911 5265 2140 5318 donasse
2176 5263 2488 5329 neutiquam
2557 5268 2832 5320 contenta,
2910 5255 3214 5321 consilium,
3280 5252 3326 5308 si
3402 5259 3524 5323 τοῦ,

245 5355 429 5420 ferret,
475 5357 696 5422 insuper
736 5356 1006 5422 addebat;
1055 5365 1108 5409 et
1147 5371 1280 5424 quos
1307 5354 1447 5410 forte
1490 5367 1706 5425 vegetos
1781 5369 1844 5408 ac
1913 5355 2198 5408 commode
2253 5352 2502 5407 valentes
2555 5351 2720 5404 vitam
2768 5349 2996 5402 inertem
3066 5345 3154 5402 cib
3243 5341 3492 5416 precario
3535 5419 3540 5422 _

245 5453 459 5505 trahere
503 5452 737 5511 videbat,
803 5450 869 5504 iis
915 5451 1072 5506 [iebat
1133 5463 1323 5506 auctor
1391 5461 1450 5504 ut
1513 5449 1816 5520 prolitendo
1853 5448 1993 5518 apud
2048 5463 2160 5502 rem
2213 5449 2474 5503 habentes
2535 5445 2716 5501 labore
2779 5444 2976 5500 victum
3048 5441 3148 5498 sibi
3236 5435 3485 5493 mercede

314 5544 332 5575 ²
363 5544 521 5598 Prov.
568 5557 720 5608 sul,
757 5542 820 5596 Ill
845 5559 993 5613 seqq.

1297 5635 1491 5698 Var-ite
1524 5636 1829 5700 lectiones
1867 5652 1944 5698 ex
1973 5633 2117 5698 cod.
2155 5631 2410 5696 Coislin.

313 5734 357 5772 “
393 5735 450 5794 ὲν
469 5735 568 5804 τῷ.
