3974 6208
477 242 585 315 89-3

1785 229 2009 294 ANNE
2044 229 2073 290 C

2175 225 2428 290 [NEeri
3237 245 3256 264 ’
3579 231 3669 294 9'30

473 357 723 414 eumdem
790 351 1229 424 frequentissime
1279 349 1553 420 gignente.
1627 347 1826 403 Gravia
1907 360 2073 404 sane.

2179 363 2264 398 στι
2288 344 2477 398 κακῶν
2509 343 2835 414 στρατηγῶν
2861 342 2970 395 τῶν
3026 341 3368 413 πραγμάτων
3417 343 3676 411 ἡτυχαζὸν-

480 454 641 511 tnala,
672 447 754 502 vel
793 447 838 502 si
875 447 1136 498 accedant
1187 442 1415 510 singula.
1481 441 1618 508 Quid
1681 451 1862 494 autem
1925 455 2046 508 cum

481 543 631 596 vario
663 540 822 595 simul
857 538 1076 590 incursu
1109 533 1321 586 anxiam
1358 533 1736 586 distrahebant
1777 533 1827 585 in
1861 541 2048 599 partes

481 633 784 689 contrarias
837 644 1018 682 curam
1066 641 1126 678 ac
1165 625 1539 678 necessitatem
1583 621 2050 678 resiStcudi?0c-

480 724 730 778 currebat
763 721 899 774 hosti
931 720 994 770 ad
1030 719 1252 770 limitem
1310 719 1588 785 Augustus
1621 733 1633 768 :
1671 716 1802 768 civis
1839 730 1866 767 a
1898 725 2050 781 tergo

481 813 746 869 rebellans
781 811 1110 882 inSurgebat.
1152 810 1317 880 358
1363 809 1440 862 Ad
1470 824 1592 862 eum
1637 807 2048 875 Opprimendum

482 909 569 962 ubi
605 920 668 961 se
698 915 957 968 verterat,
997 920 1210 956 rursum
1247 903 1422 956 ()llllllS
1474 900 1752 954 barbaries
1797 902 2050 955 coacita-
2081 887 2117 910 ”²

481 1002 654 1050 batur.
693 995 871 1062 Atque
903 1009 1002 1062 ego
1036 993 1160 1046 dum
1199 993 1430 1045 indolem
1465 993 1641 1045 Alexii
1695 993 1820 1045 dum
1882 993 2044 1044 vitam

481 1096 686 1159 specto,
723 1088 1012 1157 quominus
1043 1087 1094 1139 in
1130 1085 1490 1152 placidissima
1545 1094 1760 1148 natura,
1815 1097 2054 1137 commo-

482 1182 669 1250 disque
708 1180 949 1233 morihus
983 1179 1232 1230 odiorum
1286 1192 1480 1232 causas
1533 1176 1926 1238 animadverto,
1987 1189 2051 1228 eo

483 1274 648 1327 miror
685 1271 854 1338 magis
887 1270 1050 1324 tantis
1080 1285 1200 1323 eum
1236 1277 1494 1337 perpetuo
1528 1267 1776 1335 procellis
1807 1275 2054 1320 externa-

485 1376 606 1415 rum
669 1360 1021 1426 eiviliumque
1077 1357 1432 1425 jactationum
1493 1359 1729 1410 exerceri
1787 1358 2049 1424 potuisse.

485 1452 648 1506 Nemo
683 1453 772 1506 illo
803 1452 1034 1515 facilior,
1069 1465 1225 1503 nemo
1255 1450 1594 1514 clementior,
1636 1449 1929 1513 liberalior,
1961 1449 2053 1503 be-

486 1545 822 1610 neﬁcentior,
864 1546 1127 1597 bonormn
1191 1544 1566 1609 honormnque
1617 1542 1814 1610 largior
1845 1557 2050 1596 nemo:

489 1637 622 1689 ratio
652 1635 986 1702 gubernandi
1027 1633 1484 1694 moderatissima,
1517 1633 1648 1685 nihil
1687 1649 1901 1686 summo
1931 1633 2053 1700 jure

2156 456 2284 501 των,
2317 437 2481 500 αὐτὸς
2507 437 2824 506 ἐξεπίτηδες
2875 433 3216 505 ἀνερεθξξειν
3247 433 3374 495 τοὺς
3433 435 3572 502 πέριξ
3611 439 3675 498 εἱς

2161 530 2418 599 πόλεμον.
2456 529 2662 599 Εἰρήνη
2695 527 2770 596 (8)
2802 527 2899 594 μὲν
2962 526 3070 596 γὰρ
3123 525 3279 586 τέλος
3315 524 3430 575 ἐστὶ
3483 525 3677 593 πολέμου)

2158 621 2382 682 παντός.
2422 620 2495 672 Τὸ
2523 620 2569 672 δ’
2603 618 2927 671 ἀνθελέσθαι
2976 619 3063 671 ἀεὶ
3092 615 3318 668 αὐτόθεν
3349 615 3406 667 τὸ
3435 615 3581 668 ἕνεκα
3603 633 3678 668 του

2158 713 2253 765 καὶ
2275 710 2367 764 τοῦ
2400 710 2610 779 ἀγαθοῦ
2633 711 2823 772 τέλους
2858 710 2946 761 ἀεὶ
2979 708 3230 777 ἀμελεῖν,
3286 706 3440 759 τοῦτο
3481 708 3682 774 ἀνοήτων

2157 805 2272 856 ἐστὶ
2307 802 2633 873 στρατηγῶν
2667 803 2761 854 καὶ
2795 801 3146 870 δημαγωγῶν
3182 799 3276 851 καὶ
3306 797 3678 868 δλεθρονπραγ-

2162 895 2549 966 ματευομένων
2580 894 2682 962 τῆς
2716 893 2946 955 πόλεως.
2989 891 3127 944 Ἀλλ’
3174 892 3203 944 ὁ
3232 889 3477 960 βασιλεὺς
3493 885 3685 951 Ἀλέξιος

2160 990 2325 1041 τοὺνα
2339 988 2486 1040 ντίον
2519 981 2664 1040 ἅπαν
2681 986 2878 1047 ἐποίει,
2909 986 3003 1036 καὶ
3033 985 3127 1036 τοῦ
3161 981 3460 1052 εἰρηνεύειν
3487 981 3685 1041 inium;

2164 1080 2501 1147 ἐπεμελεῖτο,
2530 1079 2626 1131 καὶ
2661 1076 3000 1146 πανταχόθεν
3039 1079 3279 1144 συνεῖχε,
3337 1076 3430 1127 καὶ
3479 1072 3684 1139 ano-Jour;

2160 1171 2514 1242 ὲπήγρύπνει
2569 1169 2828 1232 πολλάκις
2859 1173 3007 1232 ὅπως
3055 1169 3367 1222 ἐπανέλθοι.
3438 1167 3539 1219 Καὶ
3583 1162 3689 1236 ἦνὸ

2160 1264 2321 1320 αὐτὸς
2354 1263 2495 1317 κατὰ
2553 1261 2714 1330 φύσιν
2759 1263 2859 1332 μὲν
2895 1262 3204 1330 εἰρηνικὸς,
3236 1258 3624 1326 ἀναγκαζόντων
3645 1254 3687 1308 δὲ

2159 1356 2268 1408 τῶν
2334 1354 2677 1425 πραγμάτων
2748 1354 3217 1424 πολεμικώτατος.
3288 1353 3394 1404 Καὶ
3452 1346 3597 1418 ἔγωγ’
3643 1351 3691 1401 ἂν

2163 1449 2330 1518 φαίην
2385 1447 2734 1519 οαρῤοὑντως
2781 1465 2848 1499 πε
2858 1448 2911 1517 pi.

2161 1541 2268 1608 ἄρα
2299 1539 2397 1591 τοῦ
2439 1539 2720 1606 βασιλικοῦ
2753 1538 3133 1609 χαρακτῆρος,
3180 1535 3381 1588 πολλοῦ
3415 1534 3592 1603 χρόνον
3618 1549 3696 1583 κα-

2163 1631 2546 1694 ταλελοιπότος
2573 1632 2639 1683 τὰ
2663 1632 2771 1684 τῶν
2809 1630 3100 1698 Ῥωμαίων
3159 1628 3408 1696 βασίλεια
3444 1625 3521 1678 ἐπ’
3549 1623 3686 1678 alto-3

2982 1445 3077 1499 τοῦ
3147 1444 3342 1513 ἀνδρὸς
3398 1439 3692 1503 ὲκεξνου.ὡ;

489 1742 671 1795 agere,
717 1727 1044 1782 descendere
1093 1727 1158 1778 ad
1194 1725 1406 1777 civilem
1459 1724 1872 1788 humanitatem,
1937 1725 2054 1778 solii

2175 1726 2259 1778 mi.
2323 1726 2486 1794 μόνου
2519 1722 2986 1791 ἐπανεληλυθέναι
3016 1722 3223 1792 τρόπον
3243 1720 3364 1772 τινα
3389 1721 3500 1770 τότε
3523 1718 3696 1787 πρὼτιν

481 1829 788 1888 suggestum
821 1820 1084 1873 deducere
1113 1816 1166 1869 in
1191 1817 1430 1884 planum,
1464 1827 1515 1870 et
1550 1829 1668 1868 cum
1699 1815 1927 1870 subditis
1963 1833 2056 1870 ve-

2165 1821 2231 1889 τῇ
2287 1818 2578 1887 Ῥωμαίων
2607 1817 2876 1887 ἡγεμονίᾳ
2913 1812 3367 1884 ἐπιξενουμένου.

483 1912 561 1968 lnt
590 1929 657 1969 ex
691 1928 846 1982 equo
880 1928 1040 1981 agere
1089 1916 1411 1981 potestatem
1482 1926 1546 1964 ac
1621 1911 1963 1980 principatus
2017 1912 2121 1965 vim
2195 1928 2300 1966 non
2354 1912 2645 1980 supercilio
2703 1922 2795 1965 aut
2853 1909 3012 1975 fasm,
3071 1911 3170 1964 sed
3225 1904 3526 1978 dignitatum
3574 1916 3700 1972 :i'Q"c

481 2023 642 2075 opum
699 2007 899 2073 passim
959 2008 1008 2058 in
1059 2016 1248 2062 Omnes
1286 2005 1606 2074 spargendis
1659 2006 2035 2074 largitLouibus
2079 2020 2359 2074 usurpare.
2399 2004 2831 2072 ldempraaterea
2862 2020 3020 2072 quam
3047 2003 3210 2056 [ortis
3265 2016 3328 2054 ac
3394 1999 3575 2053 bellica:
3627 2017 3699 2066 pv-
3780 2036 3785 2047 .

485 2100 622 2151 ritus
655 2097 754 2161 rei,
792 2107 898 2150 tam
926 2096 1185 2149 bellorum
1242 2113 1488 2163 perosus,
1546 2097 1820 2151 studiosus
1878 2096 2045 2164 pacis,
2124 2097 2468 2165 prudentiam
2535 2097 2587 2149 in
2649 2097 2699 2148 id
2738 2097 3017 2150 intendere
3048 2105 3217 2148 lotam
3252 2094 3437 2147 solitus
3463 2109 3522 2146 ne
3547 2091 3615 2146 cui
3643 2091 3698 2145 il.

483 2195 590 2250 lam
621 2191 702 2244 vel
731 2200 952 2245 externo
988 2190 1069 2244 vel
1099 2190 1202 2243 civi
1243 2191 1392 2244 daret
1417 2192 1761 2245 occasionem
1793 2205 1822 2242 a
1853 2203 1911 2243 se
1944 2189 2265 2244 dissidendi.
2302 2189 2442 2254 Quin
2515 2192 2676 2243 etiam
2747 2205 2868 2242 cum
2948 2191 3089 2243 ultro
3146 2189 3495 2258 impetebatur
3553 2199 3703 2237 nete-

482 2287 686 2337 sarium
744 2293 997 2338 coaatuin
1057 2285 1424 2352 repugnandi,
1479 2286 1592 2338 fere
1646 2286 1784 2338 intra
1849 2287 2010 2338 unius
2088 2284 2425 2340 defensionis
2483 2285 2641 2350 justa’,
2707 2287 3132 2339 moderationem
3203 2283 3532 2354 reprimebat,
3576 2294 3704 2350 αῖον·

489 2377 739 2432 infestam
769 2376 1028 2445 repuliss-
1053 2380 1155 2430 vim
1182 2387 1489 2442 contentus,
1514 2394 1774 2446 reponere
1807 2380 2060 2446 injuriam
2093 2382 2254 2435 etiam
2290 2381 2343 2434 in
2377 2363 2665 2435 occasione
2703 2382 3054 2448 temperabat.
3095 2378 3240 2433 Sunt
3329 2379 3573 2446 principes
3633 2395 3657 2442 «ί
3693 2378 3702 2426 i

484 2483 710 2524 vensum
737 2484 800 2523 ac
832 2470 1147 2537 sanguinem
1183 2470 1376 2523 civium
1404 2471 1746 2539 hostiumque
1771 2472 2052 2525 ambitioni
2098 2472 2332 2541 prapria:
2363 2484 2448 2525 aut
2481 2472 2708 2539 quaestui
2746 2482 2892 2525 recte
2946 2473 3190 2541 impendi
3241 2479 3452 2539 putent;
3522 2481 3568 2523 et
3623 2484 3705 2537 qm

492 2559 574 2613 cel
604 2558 780 2612 aliena
812 2559 1208 2628 depraedentur,
1265 2559 1346 2612 vel
1401 2563 1650 2630 magnum
1705 2561 1807 2616 sibi
1867 2577 2062 2616 nomen
2134 2564 2339 2617 acrium
2397 2563 2718 2618 bellatorum
2775 2562 3001 2626 faciant,
3096 2565 3236 2616 tanti
3286 2575 3466 2632 putent
3521 2563 3705 2616 mist-me

497 2655 983 2722 genushumanum
1024 2665 1074 2708 et
1100 2655 1353 2710 aerumnis
1382 2672 1444 2710 ac
1471 2656 1712 2712 cladibus
1741 2657 1926 2712 orbem
1961 2658 2256 2713 involvere.
2336 2657 2451 2711 Non
2515 2674 2578 2712 ea
2651 2667 2798 2713 secta
2869 2658 3038 2726 patris
3128 2660 3236 2711 mei
3300 2657 3418 2711 fuit.
3480 2653 3706 2708 Bcllisillc

498 2747 742 2816 gerendis
769 2748 900 2802 nihil
935 2763 1166 2818 unquam
1200 2751 1340 2804 aliud
1397 2752 1730 2820 propositum
1769 2754 1869 2806 sibi
1899 2768 2057 2820 quam
2103 2769 2288 2822 pacem
2323 2754 2530 2806 habuit.
2567 2753 2693 2806 Eam
2733 2762 2926 2807 nactus
2957 2751 3100 2806 domi
3189 2753 3401 2820 quietus
3476 2748 3664 2818 pt'rSllll'
3693 2765 3703 2803 ;

498 2845 546 2891 et
575 2838 846 2893 amicitias
867 2855 987 2893 cum
1032 2840 1222 2894 vicinis
1284 2844 1533 2908 gentibus
1600 2845 1843 2897 saucitas
1900 2845 2152 2916 religiosa
2193 2861 2406 2915 semper
2435 2848 2537 2898 lide
2568 2846 2754 2911 coluit,
2789 2845 3164 2900 abundantem
3195 2860 3408 2914 quoque
3437 2844 3705 2896 sollicitaui-

499 2945 615 2985 uem
641 2934 694 2985 in
725 2933 777 2986 id
818 2935 1134 3002 impendens
1165 2948 1221 2987 ut
1247 2937 1324 2988 vel
1361 2937 1591 2992 moros-is
1616 2949 1668 2990 et
1694 2938 2048 2992 irritabilibus
2084 2940 2448 2993 satisfaceret.
2496 2941 2765 3006 Quorsum
2798 2942 2940 2993 enim
2993 2941 3162 2992 linem
3196 2955 3258 2994 ac
3326 2954 3536 3008 scopum
3609 2937 3702 2988 lit-Iit

500 3037 780 3078 δεεεευίυε
818 3041 1028 3094 Patet".
1069 3045 1126 3080 εει
1158 3030 1222 3081 de
1245 3031 1530 3098 Complexu
1581 3031 1787 3100 abjecta
1822 3031 1964 3085 ultro
2033 3036 2100 3086 ad
2169 3051 2319 3088 arma
2365 3035 2658 3104 prosilias?
2692 3033 2820 3098 Qua:
2855 3033 3322 3087 inconsultissima
3380 3043 3432 3084 et
3485 3029 3622 3083 rebus
3667 3027 3705 3077 iu

502 3116 685 3186 primis
718 3119 1015 3184 perniciosa
1043 3121 1271 3188 publicis
1295 3124 1649 3190 quorumdam
1682 3125 2062 3192 imperantium
2107 3129 2244 3180 ratio
2281 3137 2383 3181 est.
2427 3127 2542 3179 Non
2573 3128 2652 3179 sic
2681 3128 2902 3180 Alexius
2951 3127 3096 3194 pacis
3145 3134 3374 3190 amator,
3445 3121 3577 3193 pacis
3634 3138 3703 3170 tu

502 3211 677 3278 pidus,
730 3210 878 3278 pacis
916 3223 1138 3265 curator
1179 3215 1390 3279 unicus,
1425 3217 1580 3284 cujus
1615 3225 1668 3270 et
1709 3233 1828 3270 cum
1881 3219 2068 3272 aberat
2103 3224 2428 3288 quieuerune,
2491 3235 2547 3277 et
2586 3239 2707 3276 cum
2736 3223 2923 3276 aderat
2957 3221 3204 3275 colenda:
3267 3220 3458 3274 nullam
3516 3230 3702 3278 unquaiu

503 3320 681 3359 curam
719 3306 918 3357 nullum
952 3304 1180 3359 ollicium
1217 3306 1401 3360 omisit
1435 3324 1449 3360 :
1481 3324 1576 3362 usu
1625 3309 1843 3378 quidem
1888 3321 1939 3362 et
2014 3327 2191 3364 rerum
2259 3329 2322 3366 ac
2393 3315 2758 3384 periculum")
2821 3314 3156 3368 necessitate
3227 3309 3656 3368 bellicosissimus,
3685 3320 3704 3352 tl

503 3406 691 3448 natura
733 3407 785 3448 et
819 3405 1096 3448 vosmtate
1130 3397 1534 3465 pacatissimus.
1627 3398 1804 3462 Quare
1853 3401 2104 3467 equidem
2188 3402 2330 3457 haud
2391 3406 2663 3462 allirmare
2717 3404 3076 3459 dubitaverim
3164 3403 3630 3471 prastautissimuiu
3667 3414 3706 3451 ιι

503 3487 904 3542 character-ibus
935 3486 1048 3554 ejus
1081 3488 1252 3540 laudis
1275 3504 1589 3556 expressum
1624 3492 1875 3545 uinnilius
1901 3492 2263 3560 imperatoriae
2300 3512 2548 3564 personae
2582 3499 2854 3564 specimen
2888 3499 2941 3550 in
3016 3496 3120 3550 hoc
3195 3497 3406 3550 tandem
3465 3496 3568 3546 viro
3615 3497 3706 3559 po~|

504 3581 841 3633 intervallum
873 3589 948 3632 tot
970 3590 1113 3632 retro
1143 3595 1407 3633 annorum
1471 3585 1787 3648 apparuisse
1859 3586 2170 3653 reipublica:
2208 3585 2500 3642 Romana:
2537 3589 2645 3642 imo
2679 3605 2784 3643 non
2827 3604 2894 3643 ex
2945 3590 3105 3654 longo
3166 3593 3446 3658 repetitum
3495 3598 3703 3652 lcnlptllh

505 3673 594 3725 sed
619 3671 776 3739 plane
809 3683 916 3723 tum
959 3672 1210 3740 primum,
1250 3687 1369 3724 cum
1413 3688 1625 3727 seumer
1661 3687 1820 3729 antea
1889 3679 2069 3731 nescio
2109 3695 2240 3733 sane
2267 3695 2373 3749 quo
2406 3680 2519 3734 l'ato
2549 3695 2728 3749 quove
2771 3689 2948 3750 pacto,
2973 3681 3039 3735 ab
3065 3680 3300 3736 Romani
3358 3681 3483 3737 Solio
3541 3671 3702 3746 impedi

506 3766 784 3822 abfuisset.

582 3858 988 3924 Verumtamen,
1040 3868 1098 3911 ut
1133 3859 1197 3911 ad
1233 3859 1421 3913 turbas
1461 3861 1525 3914 de
1571 3861 1764 3928 quibus
1817 3879 2067 3930 ceperam
2109 3869 2148 3926 α

507 3967 668 4018 agerc
718 3963 979 4014 revertar,
1029 3951 1444 4020 haudquaquam
1499 3954 1587 4006 ille
1651 3956 1732 4006 vir
1787 3958 2077 4024 quantavis

515 4058 695 4096 sarum
747 4053 836 4096 aut
871 4043 1128 4096 varietate
1162 4053 1254 4096 aut
1285 4044 1630 4097 multitudine
1671 4047 1950 4112 perculsus
1983 4049 2086 4100 dea

514 4133 726 4203 spondit
758 4150 992 4204 unquam
1048 4134 1308 4198 animum,
1367 4135 1759 4190 industriamve
1805 4147 1899 4190 aut
1947 4155 2079 4192 con-

515 4235 806 4278 tentionem
835 4224 1063 4287 remisit,
1090 4224 1230 4276 velut
1259 4225 1413 4279 malis
1443 4226 1638 4280 victam
1668 4243 1685 4291 ;
1718 4237 1771 4280 at
1799 4229 2076 4282 robustmn

515 4330 728 4382 semper
759 4325 920 4384 atque
961 4314 1281 4368 indomitum
1329 4315 1572 4370 adversis
1619 4319 1973 4387 undecunque
2001 4321 2084 4373 in-

515 4407 830 4477 gruentibus
869 4415 1052 4474 pectus
1083 4405 1352 4474 opposuit,
1389 4415 1728 4476 mentemque
1758 4409 1872 4462 acri
1904 4409 2084 4478 vigilia

514 4509 893 4568 experrectum
947 4499 1105 4551 cwcis
1137 4506 1192 4548 et
1225 4497 1524 4552 teuebrosis
1588 4498 2081 4554 inachinatimiilms

518 4591 763 4644 adhibuit
796 4590 1072 4642 dominum
1105 4590 1472 4656 improborum
1513 4605 1619 4643 :eo
1675 4591 1892 4658 quidem
1957 4607 2084 4642 sue-

519 4697 695 4743 cessu,
717 4693 775 4734 ut
807 4698 912 4734 non
941 4682 1097 4735 modo
1130 4681 1276 4734 nullo
1309 4696 1545 4752 unquam
1593 4679 1956 4735 Barbarorum
1992 4699 2085 4735 ex-

523 4785 674 4828 terno
707 4775 927 4844 impetu,
953 4773 1096 4828 nulla
1124 4783 1474 4843 tyrannorum
1510 4775 1654 4828 intus
1681 4777 2086 4842 exsurgentium

525 4865 780 4919 intestina
817 4865 1166 4920 succussioue
1194 4875 1503 4940 prostratus
1535 4868 1624 4930 sit,
1683 4881 1873 4920 verum
1922 4868 2084 4918 etiam

2264 3865 2406 3919 Ἀλλ’
2437 3867 2577 3936 ὅπερ
2608 3865 2796 3935 ἔλεγον
2829 3865 2922 3919 τοῦ
2973 3865 3135 3934 λόγου
3180 3869 3454 3937 ἀρχομενη
3485 3864 3559 3917 ὅτι
3605 3860 3704 3912 Θαυ

2184 3958 2376 4026 μάζειν
2440 3958 2551 4028 ἔχω
2609 3959 2710 4028 τὴν
2763 3961 3036 4028 τοσαύτην
3099 3959 3217 4011 τῶν
3276 3957 3589 4030 πραγμάτων
3621 3953 3700 4003 zu.

2181 4053 2496 4121 πολεμικῶν
2534 4053 2808 4121 ἐπίχυσινο
2846 4053 2912 4106 τά
2941 4069 2998 4104 τε
3037 4052 3147 4121 γὰρ
3185 4053 3289 4119 ἔξω
3318 4054 3404 4104 καὶ
3442 4053 3504 4103 τα
3537 4043 3703 4100 ἕνδον⁵⁶

2183 4146 2361 4197 πάντα
2390 4140 2457 4214 ἦν
2496 4145 2626 4196 ἰδεῖν
2649 4143 3028 4214 κυμαινόμενα
3059 4143 3419 4213 πανταχόθεν.
3463 4139 3584 4192 Ἀλλ’
3611 4138 3633 4188 ὁ
3658 4151 3701 4198 7’-

2159 4237 2440 4308 βασιλεὺς
2506 4237 2741 4302 Ἀλέξιος
2791 4239 2885 4289 καὶ
2912 4236 2977 4289 τα
3040 4237 3225 4305 ἁφανῆ
3274 4235 3383 4287 τῶν
3427 4232 3610 4302 ἐχθρῶν
3634 4226 3704 4277 x4"-

2185 4326 2392 4396 κρύφια
2422 4328 2513 4377 καὶ
2549 4326 2922 4395 προῃσθάνετὸ
2946 4342 3003 4376 τε
3051 4326 3147 4376 καὶ
3189 4325 3532 4380 παντοδαποῖς
3568 4333 3681 4386 μηχι

2187 4421 2396 4487 νήματι
2427 4418 2613 4489 πόρρω
2640 4421 2734 4480 τὰς
2777 4418 2979 4484 βλάἦας
3013 4417 3322 4486 ἀπήλαυνε,
3356 4415 3446 4469 καὶ
3473 4411 3588 4480 πρὸς
3607 4406 3702 4462 τοὶς

2187 4507 2400 4560 ἔκιόοοεν
2439 4510 2737 4578 τυρὰννους
2769 4510 2862 4560 καὶ
2905 4508 3038 4576 πρὸς
3074 4509 3202 4568 τοὺς
3226 4506 3419 4571 ἔξωθεν
3444 4500 3705 4569 Βχρεάριις

2194 4600 2702 4668 ἀνταγωνιζόμενος
2757 4601 2843 4650 ἀεὶ
2881 4599 3215 4668 προφθὰνων
3287 4597 3498 4663 ὀξύτητι
3539 4588 3615 4640 νοῦ
3635 4600 3704 4641 ti;

2191 4695 2301 4740 τῶν
2333 4690 2793 4741 ἐπιϐουλευόντων
2855 4689 3146 4751 ἐπιϐουλὰς
3202 4689 3295 4740 καὶ
3322 4679 3705 4740 ἀνακόπτω-ιτς

2197 4866 2540 4935 πραγμάτων
2585 4866 2765 4919 αὐτῶν
2823 4867 2922 4936 τὴν
2974 4866 3146 4939 τύχην
3199 4869 3302 4938 τῆς
3353 4861 3602 4935 βασιλείας
3644 4858 3704 4907 ὅτι

1571 4978 1768 5039 νοτία)
1803 4978 2108 5039 lectiones
2141 4995 2216 5038 ex
2243 4980 2386 5039 cod.
2423 4979 2690 5041 Coislin.

601 5075 647 5107 “
682 5075 890 5128 τᾶνδον.

1592 5189 1726 5250 Car.
1775 5189 2091 5252 Dufresnii
2128 5191 2220 5250 Du
2250 5190 2469 5270 Cangii
2505 5199 2695 5253 nolle.

604 5306 675 5386 l8)
709 5312 950 5381 Είρήνηο
981 5310 1193 5377 νυκει..
1236 5313 1347 5386 illi.
1405 5329 1508 5386 lllL
1534 5331 1656 5382 cap.
1707 5315 1728 5367 ι
1765 5332 1779 5368 :
1815 5313 1919 5386 Qui
1952 5315 2094 5386 desi-

529 5383 681 5442 derat
713 5399 911 5454 paceni.
937 5395 1191 5450 prwpuret
1230 5383 1436 5454 bellum.
1469 5383 1799 5438 'l‘bemistius
1825 5385 1976 5438 Orat.
2022 5385 2089 5437 10

533 5449 771 5526 πολέμου
811 5449 993 5526 ᾇολον,
1031 5453 1242 5526 εἰρήνη.
1284 5451 1417 5505 Illuc
1453 5455 1684 5507 nummis
1728 5455 2092 5526 Augustorum

533 5543 635 5580 non
667 5524 834 5580 Semel
877 5524 1216 5588 inscriptum,
1281 5537 1439 5573 IAR’I‘I
1499 5537 1774 5585 matrerm,
1827 5525 2095 5578 etCrom-

531 5597 672 5650 welli
699 5595 905 5666 Anglici
932 5593 1164 5666 tyranni,
1200 5606 1296 5644 cu
1325 5606 1610 5652 quemue
1642 5608 1830 5650 aeuo.
1855 5593 2095 5648 Pruden-

533 5667 638 5720 tius
671 5669 720 5719 iu
759 5662 1168 5734 Psyclidmacliia
1197 5677 1216 5713 :

2273 5314 2392 5368 Pax
2421 5314 2540 5368 belli
2570 5316 2743 5367 exacti
2763 5317 2982 5382 pretium
3011 5326 3108 5372 est.
3141 5317 3453 5383 pretiumque
3477 5305 3646 5378 pericli.
3675 5371 3680 5378 I

2200 5398 2421 5439 sanctus
2476 5387 2830 5450 Augustinus,
2887 5386 3046 5453 epist.
3088 5385 3228 5440 205:
3279 5383 3396 5437 Non
3429 5396 3523 5451 pax
3554 5387 3701 5443 qud!"

2205 5468 2314 5517 tur,
2353 5469 2402 5505 ιιι
2439 5455 2627 5506 bellum
2671 5459 2967 5508 excitetur:
3003 5457 3090 5508 sed
3129 5456 3312 5508 bellant
3341 5456 3602 5521 geminum
3625 5454 3702 5508 put;

2203 5527 2532 5595 acquiratur.
2596 5522 2877 5588 Thuanus,
2926 5526 2999 5578 lib
3057 5541 3115 5580 tu
3159 5524 3232 5578 De
3272 5542 3323 5577 re
3380 5521 3696 5588 accipitranaé

2278 5615 2466 5670 Martis
2495 5631 2624 5684 opus
2647 5631 2752 5683 pax
2785 5617 2951 5682 alma,
2985 5615 3077 5670 tibi
3103 5632 3205 5685 pax
3230 5614 3473 5684 qmcrltur
3497 5603 3645 5662 armis.

2195 4777 2400 4830 τούτων
2457 4777 2652 4847 ὁρμάς.
2721 4779 2830 4830 Καὶ
2891 4778 3066 4846 ἔγωγε
3110 4778 3438 4848 στοχάζομαι
3493 4771 3584 4825 ἀπδ
3625 4768 3703 4818 τὼν
3785 4775 3796 4790 '
