3974 6208
314 265 407 333 9θί

1565 274 1974 335 ALEXIADIS
2004 276 2154 336 LIB.
2187 275 2328 337 XII.

3473 284 3578 347 90?.

320 381 660 453 πανταχόθεν
681 381 1008 454 συνέρῤευσε
1031 384 1102 437 τὰ
1124 384 1274 438 δεινὰ
1297 387 1392 439 καὶ
1414 387 1744 459 ἐτετάρακτο
1767 392 1871 446 αὕτη

2002 407 2108 446 non
2147 390 2447 463 propalatis
2474 390 2791 464 plerumque
2819 392 3002 449 adhuc
3033 392 3269 450 hostium
3304 401 3359 450 et
3403 399 3581 453 rebel-

314 490 376 526 τε
402 473 464 526 τὸ
509 475 669 544 σῶμα
700 475 796 542 τῆς
840 475 1122 539 πολιτείας
1162 480 1257 531 καὶ
1308 481 1416 532 πᾶν
1443 481 1726 552 ἀλλότριον
1755 485 1894 553 ἐμε-

318 565 481 634 μήνει
518 562 682 617 ’κατὰ
729 565 829 634 τῆς
889 564 1170 634 βασιλείας
1203 568 1517 637 Ῥωμαίων.
1580 572 1674 634 Ὠς

1725 575 1789 643 et"
1813 591 1895 638 τις

311 655 486 718 οὕτως
517 657 631 726 ἔχοι
688 657 876 720 κακῶς
921 657 1060 711 ὥστε
1116 660 1211 712 καὶ
1272 662 1377 713 ὑπὸ
1432 662 1541 714 τῶν
1572 664 1896 717 ἀλλοδαπῶν

1992 482 2121 534 lium
2154 483 2395 537 consiliis
2449 485 2767 548 oecurrerit,
2811 483 3032 538 solcrl’a
3090 486 3320 556 quadam
3385 489 3580 554 animi,

2004 574 2399 644 diligentiaque
2430 587 2662 630 strenuae
2697 578 3010 641 celeritatis,
3047 578 3244 648 ingenii
3291 580 3581 648 providen-

1997 668 2069 720 tis
2097 678 2298 718 tltutuut
2332 667 2606 722 volucrem
2641 668 2806 739 359
2843 670 2958 738 pari
3012 686 3176 739 prope
3211 671 3578 726 exsecutionis

302 748 677 818 ’πολεμεῖσθαι
715 750 811 802 καὶ
864 748 968 802 ὑπὸ
1012 751 1126 804 τῶν
1177 752 1398 806 οἰκείων
1455 757 1871 826 κατατρύχεσθα

1977 751 2281 821 ξςυιηάιιιιε
2305 758 2667 826 aquuantis.
2699 761 2884 829 Itaque
2916 761 2982 815 ad
3013 762 3388 815 aestimandam
3415 779 3564 815 tuen-

299 840 408 902 τὰς
452 839 666 906 σάρκας
730 839 1212 912 διαμασσώμενον,
1237 845 1428 897 τοῦτον
1459 847 1544 899 δεῖ
1614 850 1892 918 ἀνεγεῖραι

296 929 412 999 τὴν
445 931 703 1000 πρόνοιαν
729 931 816 985 ἵνα
848 933 984 1003 πρὸς
1013 935 1082 987 τὰ
1119 937 1457 1005 πανταχόθεν
1484 941 1629 992 κακὰ
1657 941 1891 1011 ἀντιμη-

299 1021 544 1091 ,χανῷτω
578 1021 768 1094 ὥσπερ
793 1024 858 1096 δὴ
902 1025 997 1078 καὶ
1015 1028 1322 1096 τηνικαῦτα
1353 1029 1584 1082 συνιδεῖν
1618 1030 1746 1082 ἕδεισ
1779 1031 1807 1083 ὅ
1831 1047 1890 1083 τε

303 1113 416 1182 γὰρ
449 1115 783 1181 Βαῖμοῦντος
832 1119 858 1170 6
904 1116 1180 1187 βάρϐαρος
1221 1119 1248 1170 6
1277 1119 1538 1181 πολλάκις
1575 1121 1708 1189 ἡμῖν
1741 1123 1885 1191 εξρη.

308 1206 471 1273 μένος
527 1205 820 1275 ἐξηρτύετο
875 1210 1015 1262 κατὰ
1076 1209 1185 1261 τῶν
1241 1211 1536 1280 σκήπτρων
1601 1211 1890 1278 Ῥωμαίων

295 1296 614 1368 βαρύτατον
653 1299 968 1369 στράτευμα
1021 1301 1364 1369 ἐπαγόμενος
1417 1301 1511 1353 καὶ
1556 1303 1884 1369 τυραννικὸν

290 1386 501 1440 ’τούτου
565 1387 766 1457 πλῆθος
827 1388 1095 1460 ἑτέρωθεν
1142 1389 1571 1459 ἀντεπηγείρετο
1631 1388 1882 1460 καθάπερ

303 1477 517 1532 ἄνωθεν
547 1479 641 1531 τοῦ
668 1479 827 1547 λόγου
856 1483 1348 1552 πεπροοιμίασται.

2002 850 2072 900 tis
2105 864 2223 915 qn:e
2272 849 2325 902 in
2377 865 2440 902 eo
2488 847 2588 903 fuit
2643 851 2886 918 principe
2937 853 3217 914 virtutem,
3264 851 3421 905 talem
3476 867 3575 921 ego

1996 937 2286 1004 quamdam
2322 937 2615 992 informare
2648 940 2933 1009 imaginem
2961 940 3092 994 mihi
3127 941 3293 996 soleo.
3323 940 3378 995 Si
3416 941 3569 1008 cujus

1996 1027 2233 1081 hominis
2266 1044 2463 1097 corpus
2491 1038 2544 1084 et
2581 1031 2765 1084 multis
2792 1033 2993 1084 circum
3049 1032 3288 1100 undique
3333 1033 3578 1086 inimico-

1996 1129 2112 1166 rum
2169 1114 2380 1167 infestis
2429 1118 2673 1170 manibus
2705 1133 2767 1171 ac
2805 1119 2923 1172 telis
2969 1129 3282 1187 peteretur;
3327 1130 3380 1173 et
3435 1122 3574 1174 idem

1993 1205 2182 1256 eodem
2217 1215 2459 1274 tempore
2493 1208 2677 1275 gravia
2734 1209 2881 1264 intus
2934 1213 3272 1280 experiretur
3329 1214 3572 1266 dolorum

1993 1297 2204 1350 viscera
2236 1296 2424 1350 intima
2446 1303 2929 1355 eommordentium
2966 1305 3234 1371 tormina;
3275 1306 3574 1359 suffit-erit-

1992 1404 2098 1458 que
2131 1395 2312 1442 tamen
2348 1404 2512 1442 unum
2561 1399 2614 1454 et
2662 1391 2727 1444 ad
2784 1392 3094 1447 refutandas
3145 1395 3508 1464 impugnatinu
3547 1413 3574 1449 s

1988 1481 2302 1549 ingruentes
2331 1482 2690 1546 extrinsecus,
2734 1493 2787 1536 ct
2831 1485 2896 1536 ad
2945 1485 3116 1538 morbi
3177 1487 3284 1539 vim
3328 1487 3570 1540 inclitam

301 1570 610 1640 venenique
631 1572 878 1641 concepti
913 1572 1206 1638 diritatem,
1240 1576 1563 1643 praevalente
1605 1574 2016 1644 temperamenti
2063 1573 2250 1643 optimi
2307 1585 2519 1635 natura,
2590 1576 2990 1643 superandam;
3056 1592 3156 1644 age
3230 1589 3558 1644 quantarnm

303 1665 528 1729 virium,
558 1682 718 1735 quant
748 1668 982 1722 robusta:
1013 1669 1416 1726 constitutionis
1447 1671 1497 1724 id
1537 1671 1732 1724 animal
1768 1669 2103 1726 haberetur?
2136 1668 2287 1722 Paris
2354 1670 2407 1722 in
2441 1669 2657 1724 diverso
2724 1686 2920 1739 genere
2989 1673 3316 1741 praestantia:
3393 1674 3565 1728 Ali-xii

299 1747 554 1827 Augusti,
587 1758 674 1813 ille
696 1759 925 1823 animus,
959 1760 1098 1813 inter
1129 1761 1630 1817 vehementissimos
1665 1762 2049 1816 descrimiuum
2082 1759 2326 1813 turbines
2349 1760 2534 1828 vigens
2592 1775 2806 1837 semper
2876 1770 2930 1815 et
2994 1763 3187 1823 victor,
3251 1765 3564 1834 exemplum

299 1851 511 1908 exstitit
561 1870 576 1906 :

629 1852 707 1906 uti
754 1861 950 1920 prater
1003 1863 1193 1908 cmtera
1259 1870 1378 1925 qua:
1427 1856 1728 1918 retulimus,
1769 1855 1869 1908 hoc
1899 1868 2130 1923 quoque,
2159 1853 2300 1921 quod
2337 1866 2559 1905 narrare
2593 1869 2734 1906 nunc
2800 1863 3034 1922 oportet,
3101 1871 3253 1908 nova:
3319 1857 3571 1926 conjura‘

295 1949 469 2013 ttonis
513 1948 565 2002 in
610 1961 731 2002 eum
768 1946 971 2003 nefarie
1009 1948 1272 2014 conflataa,
1333 1952 1399 2003 ab
1457 1965 1522 2004 eo
1583 1951 1874 2019 prudenter
1913 1947 2234 2016 fortiterque
2269 1947 2551 1999 declinatae
2581 1947 2966 2001 documentum
2999 1958 3287 2003 monstrat.

373 2041 653 2110 Τέσσαρες
720 2039 819 2108 μὲν
859 2036 998 2110 ἦσαν
1028 2041 1078 2092 οἱ
1107 2039 1422 2107 ξύμπαντες
1453 2042 1504 2094 οἱ
1533 2042 1628 2110 τῆς
1671 2041 1868 2111 βουλῆς
1902 2048 1942 2101 Β

293 2131 732 2200 καταρχόμενοι,
798 2130 1091 2197 Ἀνεςὰδες
1129 2129 1205 2198 (9)
1259 2130 1357 2200 τὴν
1407 2131 1748 2199 ἐπωνυμίαν,
1774 2131 1872 2193 τὰς

289 2225 526 2294 ,κλήσεις
554 2223 581 2275 6
615 2221 714 2291 μὲν
762 2221 1004 2291 Μιχαὴλ,
1028 2222 1056 2274 6
1090 2221 1148 2274 δέ
1178 2221 1331 2274 Λέων
1381 2223 1408 2274 6
1448 2221 1637 2292 ἕτερος
1661 2223 1688 2274 6
1718 2221 1877 2282 ἄλλος

295 2313 763 2386 προσηγορεύετο.
826 2312 1076 2381 Ἀδελφοὶ
1129 2313 1172 2365 δ’
1203 2309 1347 2383 ἦσαν
1396 2313 1493 2366 καὶ
1543 2312 1615 2365 τὰ
1646 2313 1874 2382 σώματα

297 2405 582 2476 πρότεροι,
639 2407 732 2456 καὶ
797 2405 920 2456 τότε
963 2403 1062 2474 τὴν
1119 2403 1366 2472 γνώμην,
1419 2404 1501 2465 είς
1565 2403 1734 2456 ταυτὺ
1763 2403 1872 2474 γὰρ

290 2498 539 2559 ἅπαντες
573 2495 1008 2567 συνεφρόνησαν,
1049 2495 1372 2552 ἀποκτεῖναί
1401 2513 1460 2548 τε
1478 2495 1570 2548 τὸν
1597 2496 1873 2566 αὐτοκρά-

307 2608 437 2660 τορα
492 2591 583 2642 καὶ
641 2590 752 2642 τῶν
803 2588 1100 2659 βασιλικῶν
1155 2589 1520 2657 ἐπιλήψεσθαι
1554 2589 1870 2656 σκήπτρων.

290 2681 692 2751 Συνυπήγοντο
721 2681 776 2735 δὲ
807 2681 990 2743 αὐτοῖς
1057 2681 1151 2733 καὶ
1193 2681 1373 2750 ἕτεροι
1401 2679 1509 2732 τῶν
1539 2681 1794 2748 εὐγενῶν,
1823 2680 1877 2733 οἵ

298 2790 359 2826 »τε
400 2773 662 2844 Ἀντίοχοι
695 2774 888 2842 γένους
911 2771 1062 2833 ὄντες
1093 2770 1451 2843 περιφανοῦς,
1490 2770 1582 2824 καὶ
1611 2773 1658 2823 oi
1714 2771 1872 2837 Ἐξαο

296 2865 448 2935 ζηνοὶ
479 2865 828 2936 καλούμενοι,
859 2866 886 2918 ὅ
913 2883 968 2917 τε
999 2864 1206 2925 Δούκας
1239 2864 1330 2916 καὶ
1353 2866 1380 2916 6
1414 2863 1658 2927 Ύελὲας,
1684 2862 1872 2932 ἄνδρες

295 2958 656 3026 ἑκθυμότατοι
687 2957 794 3009 τῶν
829 2956 1050 3010 πώποτε
1087 2954 1474 3024 γεγενημένων
1521 2955 1656 3022 πρὸς
1694 2955 1872 3024 μάχας

295 3051 435 3119 πρὸς
474 3051 532 3103 δὲ
577 3049 670 3103 καὶ
719 3050 963 3118 Νικήτας
997 3034 1493 3119 όᾹΚασταμονίτης
1544 3047 1638 3099 καὶ
1690 3049 1871 3116 Κουρ-

295 3115 466 3204 texto;
513 3159 620 3204 τις,
680 3143 772 3194 καὶ
801 3145 828 3194 6
853 3115 1177 3202 Βασιλακιος
1235 3115 1526 3209 Ῠεώργιες.
1589 3132 1744 3191 Οὗτοι
1772 3115 1872 3209 μέν

294 3228 390 3286 οὖν
419 3229 560 3303 ἦσαν
589 3233 681 3285 τοῦ
711 3231 1107 3303 στρατιωτικοῦ
1133 3231 1436 3297 καταλόγου
1471 3229 1870 3300 πρωτεύοντες,

293 3327 390 3392 τῆς
418 3324 476 3377 δέ
509 3341 573 3392 γε
635 3325 966 3394 συγκλήτου,
1027 3325 1054 3376 6
1101 3323 1352 3392 Σολομῶν
1385 3323 1660 3392 Ἰωάννης,
1697 3324 1754 3375 ὃν
1783 3325 1871 3378 διὰ

297 3415 524 3470 πλούτου
562 3417 880 3484 περιουσίαν
908 3417 1002 3469 καὶ
1024 3416 1212 3482 γένους
1247 3415 1606 3485 λαμπρότητα
1642 3415 1869 3484 βασιλέα

291 3507 502 3576 χρίσειν
531 3509 558 3557 6
593 3505 814 3576 Μιχαὴλ
836 3507 931 3559 καὶ
947 3506 992 3538 ⁸⁷
1043 3507 1358 3574 Κορυφαῖος
1404 3505 1500 3573 τῆς
1540 3508 1868 3575 τετρακτύος

299 3597 399 3648 τῶν
433 3597 743 3664 Ἀνδμάδων
778 3593 1252 3665 σχηματιζόμενος
1287 3595 1676 3665 ἐπηγγέλλετο.
1721 3596 1779 3648 ὐ
1813 3596 1868 3650 δὲ

289 3688 354 3758 δὴ
371 3688 426 3719 ’⁸⁸
452 3685 707 3756 Σολομῶν
730 3681 883 3748 οὗτος
907 3685 1007 3754 τῆς
1038 3686 1346 3754 συγκλήτου
1366 3685 1593 3753 λογάδος
1624 3687 1688 3738 τὰ
1719 3685 1869 3756 πρῶ-

290 3798 360 3832 τα
423 3780 630 3850 φέρων,
685 3780 746 3832 οὐ
810 3780 971 3848 μόνον
1028 3777 1136 3829 τῶν
1196 3778 1394 3841 ἄλλων,
1457 3778 1594 3829 ἀλλὰ
1627 3777 1720 3829 καὶ
1760 3776 1869 3830 τῶν

291 3871 826 3942 ξυνεξηπατημένων
858 3868 1032 3938 αὐτῷ,
1071 3867 1278 3938 βραχὺς
1320 3869 1418 3938 μὲν
1460 3864 1528 3939 ἦν
1555 3869 1622 3937 τῇ
1651 3867 1863 3936 ἡλικίᾳ,

291 3965 627 4034 κουφότατος
654 3966 710 4017 δὲ
745 3963 840 4033 τὴν
867 3961 1112 4031 γνώμην,
1164 3959 1617 4030 Ἀριστοτελικῶν
1666 3977 1723 4011 τε
1774 3958 1868 4010 καὶ

293 4055 659 4110 Πλατωνικῶν
687 4055 1031 4125 μαθημάτων
1059 4052 1197 4122 ᾤετο
1219 4055 1297 4115 είς
1327 4053 1494 4122 ἄκρον
1525 4050 1867 4123 ἐληλυθέναι.

291 4150 366 4203 Οὐ
409 4149 519 4218 μὴν
551 4147 611 4202 εὖ
649 4141 752 4219 ἧκε
783 4148 879 4216 τῆς
909 4144 1202 4214 φιλοσόφου
1230 4144 1513 4211 είδήσεως.
1540 4143 1657 4196 ἀλλ’
1717 4143 1868 4212 ὅμως

290 4240 605 4308 ἐτετύφωτο
635 4239 723 4292 διὰ
765 4237 1092 4308 περιουσίαν
1132 4237 1487 4306 κουφότητος,
1515 4235 1700 4288 λοιπὸν
1731 4234 1865 4304 πρὸς

295 4331 392 4398 τὴν
445 4329 728 4399 βασιλείαν
779 4329 922 4390 ὅλοις
959 4327 1155 4389 ἱστίοις
1182 4327 1438 4392 ἀπένευε,
1473 4326 1726 4395 καθάπερ
1764 4325 1868 4378 ὑπὸ

289 4422 496 4474 τούτων
541 4421 649 4471 τῶν
696 4418 1007 4488 ’Δνεμάδων
1072 4419 1473 4488 ἐμπνεόμενος.
1536 4415 1678 4468 Ἀλλ’
1719 4412 1864 4486 ἦσαν

290 4514 394 4581 ἆρα
433 4511 502 4578 τὰ
534 4511 710 4564 πάντα
744 4511 918 4579 πλάνη
945 4513 1013 4575 ⁸⁵,
1050 4512 1110 4563 οὐ
1146 4513 1252 4580 γὰρ
1283 4507 1428 4580 εἶχον
1475 4511 1534 4560 ὲν
1567 4510 1640 4577 νῷ
1667 4508 1861 4562 τοῦτον

290 4606 336 4656 οἱ
361 4605 506 4673 ἀμφὶ
561 4609 653 4656 τὸν
691 4603 910 4672 Μιχαὴλ
934 4606 988 4664 ἐς
1016 4605 1106 4654 τὸν
1141 4603 1419 4672 βασιλικὸν
1447 4602 1636 4671 θρόνον
1671 4603 1866 4655 ἑνανα·

2046 2037 2173 2107 Ejus
2197 2047 2452 2092 auctores
2483 2037 2631 2090 fuere
2666 2037 2862 2092 fratres
2895 2047 3126 2107 quatuor
3153 2044 3429 2097 communi
3461 2059 3526 2099 co

1979 2131 2590 2201 gnomentoAnemades
2614 2130 2761 2192 dicti,
2797 2132 3029 2199 propriis
3059 2133 3287 2208 quisque
3321 2136 3565 2192 distincti

1978 2224 2308 2279 nominibus.
2343 2221 2613 2277 Maximus
2648 2233 2799 2287 natu,
2826 2223 3092 2291 Michael;
3134 2227 3269 2280 alter
3288 2226 3432 2293 Leo;
3461 2239 3562 2284 ter-

1977 2313 2175 2374 tius...,
2210 2323 2513 2382 postremus
2541 2313 2840 2382 denique...
2877 2316 3189 2370 vrcabatur.
3242 2318 3278 2371 li
3310 2321 3562 2374 concordi

1975 2405 2199 2460 consilio
2217 2407 2565 2459 decreverant
2587 2407 2764 2459 occiso
2792 2407 3112 2476 impetatme
3132 2425 3308 2463 rerum
3328 2410 3567 2467 habenas

1973 2497 2236 2565 artipere.
2269 2497 2652 2562 Adjunxerant
2680 2513 2737 2551 se
2764 2499 2865 2552 illis
2887 2510 2940 2552 et
2963 2499 3560 2567 sliinobiles,nimirum

1973 2588 2359 2642 Antioelmrum
2392 2589 2593 2642 familia
2629 2589 2873 2653 illustris,
2904 2600 2955 2642 et
2989 2593 3081 2659 qui
3124 2590 3358 2648 Exazeui
3390 2611 3551 2651 voca-

1974 2681 2171 2733 bantur
2214 2680 2386 2733 Ducas
2413 2690 2461 2734 et
2499 2679 2747 2750 Hyeleas,
2803 2682 2899 2734 \‘iri
2957 2683 3194 2737 outuitnu
3255 2685 3305 2738 in
3358 2687 3561 2754 praaliis

1973 2771 2353 2833 audacissimi;
2391 2780 2646 2839 pra'terea
2677 2769 2887 2824 Nicclas
2916 2771 3331 2838 Castamouites,
3367 2776 3550 2830 Curti—

1974 2860 2093 2915 cius
2125 2861 2368 2928 quidam,
2417 2873 2465 2915 et
2518 2859 2814 2932 Basilacius
2880 2860 3165 2932 Georgius.
3231 2863 3294 2920 lli
3352 2868 3554 2935 primas

1974 2949 2130 3006 facile
2169 2950 2731 3007 ferebantcastrensis
2772 2954 3084 3008 nobilitatis.
3143 2955 3182 3009 Ε
3244 2969 3554 3015 senatorum

1972 3058 2186 3113 quoque
2220 3059 2443 3097 numero
2479 3059 2673 3097 nomen
2713 3045 2766 3098 in
2799 3046 2952 3098 istius
2994 3048 3202 3101 consilii
3240 3051 3552 3106 societatem

1972 3139 2196 3193 dederat
2230 3137 2480 3191 Salomon
2515 3137 2771 3205 Joannes,
2815 3143 2897 3192 cui
2938 3141 3007 3194 ob
3041 3143 3428 3198 abundantiam
3463 3164 3554 3213 pe-

1972 3231 2142 3284 cunia:
2178 3238 2230 3283 et
2254 3231 2593 3297 splendorem
2631 3216 2844 3300 generis
2884 3235 3198 3300 praetumido
3253 3239 3549 3304 persuasit,

1977 3321 2199 3374 Michael
2251 3320 2581 3390 Coryphaaus
2627 3324 3000 3389 qualerniouis
3047 3325 3446 3381 Aneutadarum
3495 3344 3553 3381 se

1977 3413 2147 3482 ipsum
2190 3415 2241 3466 in
2279 3413 2660 3482 imperatorem
2716 3416 2850 3470 velle
2891 3431 3112 3485 ungere,
3169 3433 3274 3486 qua
3318 3422 3551 3488 promis-

1971 3505 2123 3558 sione
2145 3505 2395 3573 quamvis
2417 3505 2657 3558 mendaei
2685 3507 2832 3560 vafer
2860 3507 3054 3560 nebulo
3077 3506 3284 3562 futilem
3303 3509 3544 3564 animum

1972 3595 2127 3650 facile
2160 3595 2373 3650 tenebat
2403 3596 2504 3650 sibi
2535 3595 2810 3649 addictum
2851 3603 3041 3666 magno
3081 3597 3333 3652 factionis
3363 3598 3544 3653 firma-

1971 3697 2171 3741 mento.
2207 3686 2256 3740 ls
2281 3688 2424 3739 enim
2457 3687 2536 3739 vir
2566 3702 2668 3738 non
2712 3688 2870 3738 modo
2919 3688 3060 3741 inter
3106 3688 3413 3754 conjuratos
3441 3705 3547 3745 ca-

1971 3789 2116 3833 teros
2154 3779 2312 3832 simili
2347 3777 2572 3831 fratrum
2601 3788 2830 3842 quatuor
2859 3777 3070 3832 fallacia
3119 3777 3399 3842 seductos,
3456 3797 3546 3834 ve-

1971 3885 2089 3924 rum
2119 3869 2282 3924 etiam
2311 3869 2452 3921 inter
2477 3869 2704 3922 eximius
2736 3885 2978 3938 quosque
3009 3878 3320 3925 senatorum
3347 3873 3542 3941 opibus

1969 3969 2021 4014 et
2044 3961 2302 4029 dignitate
2336 3958 2698 4028 praecellebat.
2757 3944 2929 4014 Homo
2977 3958 3158 4014 brevis
3193 3971 3424 4026 statura,
3465 3963 3544 4017 le-

1969 4052 2222 4105 vissimus
2251 4053 2498 4120 ingenio;
2541 4051 2902 4106 Aristotelicis
2951 4051 3038 4106 ille
3074 4052 3310 4121 quidem,
3354 4066 3410 4107 ut
3443 4056 3541 4124 ipsi

1973 4142 2280 4208 videbatur,
2333 4142 2493 4197 simul
2543 4153 2595 4197 et
2654 4141 2946 4200 Platonicis
2999 4145 3246 4201 eruditus
3297 4150 3544 4217 apprime

1970 4232 2290 4302 disciplinis,
2321 4244 2506 4288 revera
2541 4241 2654 4288 tota
2707 4236 2786 4288 via
2835 4235 3093 4290 deerrans
3134 4251 3163 4289 a
3214 4247 3356 4292 recta
3397 4254 3538 4293 verte

1969 4323 2318 4394 philosophia:
2343 4325 2556 4388 semita,
2588 4333 2862 4392 utcunque
2900 4325 2972 4378 illi
3004 4341 3132 4381 suus
3161 4335 3337 4380 tumor
3370 4341 3421 4385 et
3455 4333 3538 4380 fu-

1971 4415 2133 4469 tililas
2162 4415 2355 4468 mentis
2385 4415 2538 4484 longe
2564 4415 2705 4468 aliud
2739 4428 3103 4484 persuaserat.
3144 4417 3222 4469 Ad
3257 4419 3536 4483 imperium

1969 4521 2096 4558 vero
2135 4507 2274 4558 haud
2308 4508 2468 4560 dubie
2499 4521 2719 4560 cursum
2750 4509 3054 4569 intendens,
3095 4510 3219 4561 totis
3244 4509 3372 4560 velis
3399 4509 3541 4559 Ane-

1971 4595 2186 4648 madum
2227 4596 2585 4663 aspirantium
2618 4613 2778 4648 auras
2815 4598 3116 4666 excipiebat
3151 4615 3164 4651 :
3203 4613 3344 4649 anne
3374 4614 3538 4666 porro

291 4696 520 4760 γιγεῑνο
565 4691 757 4744 πολλοῦ
798 4707 860 4752 γε
899 4690 992 4743 καὶ
1019 4691 1121 4751 δεῖ,
1157 4691 1293 4745 ἀλλὰ
1328 4693 1396 4759 τῇ
1435 4693 1734 4759 κουφότητι
1763 4689 1858 4742 τοῦ

1977 4695 2124 4738 erant
2160 4686 2262 4738 ilice
2290 4701 2545 4752 prorsus,
2581 4687 2777 4749 illusio,
2809 4702 2984 4748 error,
3020 4695 3072 4740 et
3109 4688 3236 4739 nihil
3277 4689 3534 4741 solidum.

290 4786 480 4856 ἀνδρὸς
511 4787 602 4837 καὶ
632 4783 709 4850 τῷ
759 4783 975 4850 πλούτῳ
1034 4783 1173 4851 πρὸς
1201 4782 1298 4851 τὴν
1325 4782 1462 4833 ἰδίαν
1509 4776 1857 4850 ἐπιχείρησιν

291 4873 637 4943 ἀπεχρῶντο.
703 4871 813 4922 ’Δεί
848 4887 902 4922 τι
933 4871 1142 4923 ἐκεῖθεν
1186 4870 1278 4923 τοῦ
1330 4868 1535 4938 χριοσοῦ
1588 4867 1859 4938 ῥεύματος

289 4965 631 5026 ἰπισπῶντες
659 4964 750 5016 καὶ
785 4964 904 5026 ταῖς
961 4962 1142 5014 ἐλπίσι
1170 4961 1268 5030 τῆς
1301 4961 1582 5031 βασιλείας
1637 4960 1855 5012 ποιοῦν-

1967 4773 2152 4843 Neque
2187 4775 2328 4827 enim
2359 4773 2585 4828 Michael
2619 4783 2671 4826 et
2702 4774 2792 4843 qui
2827 4775 3098 4827 communi
3132 4790 3242 4828 rem
3270 4779 3529 4845 gerebant

1969 4867 2196 4920 consilio
2232 4875 2343 4922 tres
2369 4865 2568 4922 fratres
2597 4867 2786 4938 reliqui
2833 4867 3194 4936 principatum
3229 4866 3540 4935 quaerebant

1973 4956 2288 5022 Salomoni;
2325 4958 2454 5012 uibil
2487 4974 2616 5014 sane
2644 4959 2842 5012 minus.
2883 4959 2989 5013 Sed
3015 4959 3230 5014 levitate
3263 4959 3539 5028 pecuniosi

1285 5078 1480 5138 Variae
1521 5077 1828 5139 lectiones
1862 5092 1936 5137 ex
1969 5075 2113 5137 cod.
2149 5076 2414 5138 Coislin.

1369 5185 1414 5215 "
1453 5183 1677 5238 πλάνον.

359 5191 402 5223 ⁸⁷
434 5194 462 5243 ό
503 5190 620 5244 καί.
694 5189 740 5221 ⁵⁸
793 5187 951 5246 Deest
977 5184 1172 5241 vocula
1205 5181 1292 5254 δή.

1361 5299 1500 5360 Car.
1537 5299 1870 5360 Dufresnii
1918 5302 2017 5362 Du
2054 5300 2274 5378 Cangii
2311 5307 2500 5361 notae.

359 5409 436 5478 (9)
513 5405 851 5474 'Arspdd‘ec.
905 5405 1086 5478 Genus
1138 5400 1408 5478 ducebant
1438 5415 1709 5478 proceres
1732 5401 1852 5478 _isti

291 5471 591 5550 By'iatttini,
643 5471 696 5530 ut
744 5471 1081 5550 opinor,_a_b
1125 5474 1400 5550 Anemade
1431 5473 1663 5550 (jurupa,
1721 5471 1854 5550 Cret

291 5540 462 5602 te'usis
503 5564 700 5599 autem:
734 5540 866 5608 lilio,
902 5547 990 5613 qui
1027 5542 1221 5613 Jnanni
1251 5540 1497 5594 Zimisra:
1535 5541 1846 5613 imperatori

290 5635 525 5674 merens.
565 5620 616 5669 in
671 5616 798 5683 pra'l
825 5635 856 5666 υ
891 5609 1074 5667 contra
1116 5611 1322 5665 Russus
1353 5627 1523 5683 Cn-sus
1572 5619 1674 5683 cst.
1722 5609 1846 5671 Ejus

289 5692 539 5742 virtutem
578 5681 840 5752 insignem
871 5685 1116 5737 hell:ch
1153 5686 1285 5734 mire
1317 5682 1526 5733 extollit
1561 5681 1845 5748 Scylztzes,

1963 5419 2099 5478 pag.
2123 5401 2247 5478 Q78,
2271 5400 2404 5478 Δ(ἶϐις
2434 5398 2674 5452 Meminit
2703 5408 2961 5478 praeterea
3001 5397 3367 5478 Tlieouhanes
3399 5396 3529 5478 Bar-

1961 5467 2103 5527 danii
2131 5470 2429 5540 Spatharii,
2455 5481 2812 5540 cognomento
2838 5471 3082 5540 Aneuur,
3119 5469 3198 5522 vel
3226 5467 3537 5540 Anemadis.

1957 5559 2046 5596 an.
2081 5543 2114 5596 5
2139 5541 2449 5608 Theophili.

1959 5629 2081 5666 nem
2114 5622 2334 5666 narrant
2367 5611 2568 5680 pariter
2599 5608 2838 5661 Zonaras
2879 5617 2929 5660 et
2962 5609 3182 5658 (Ἀνθέας.

2557 5539 2776 5592 u-haelis
2828 5548 2880 5589 et
2931 5537 3161 5589 fratrum
3196 5536 3538 5603 conjnratiu-
