3974 6208
538 236 657 307 ’907

1850 227 2077 291 ANN/E
2108 223 2490 289 COMNENE
3594 233 3678 301 903

560 378 703 419 rum.
733 361 804 416 At
829 373 952 432 spes
983 356 1129 413 illum
1164 362 1294 410 tunc
1313 351 1534 423 quidem
1572 348 1766 405 fefeltit
1808 362 1929 405 sua.
1984 346 2116 401 Nam

2223 340 2380 408 αὖθις
2399 341 2630 416 ἠρώτων
2664 341 2795 413 περὶ
2833 338 2929 397 τοῦ
2955 340 3243 413 δράματος.
3298 341 3683 418 Ὀμολογήσαντςς

554 455 628 509 illi
662 449 981 521 interrogati
1010 445 1208 515 saepius
1237 451 1549 499 constantes
1601 441 1656 495 in
1704 441 1950 509 negando
1999 453 2123 506 per-

553 547 790 600 stabant.
828 542 978 607 Tunc
998 538 1066 593 ad
1095 550 1190 592 eos
1218 534 1420 604 prodiit
1443 533 1842 587 sebastocrator
1863 530 2122 592 lsaacius,

553 645 611 694 et
647 638 873 690 innuens
909 629 1183 685 Saiomoni
1226 645 1242 684 :
1276 624 1414 692 Scis,
1466 625 1663 695 inquit,
1701 622 1981 682 Salomon,
2020 622 2126 675 cle-

552 730 802 781 mentiam
834 722 1053 793 Augusti
1080 721 1263 790 fratris
1290 719 1413 783 mei,
1454 730 1713 788 quamque
1742 714 1811 767 ad
1850 714 2126 783 ignosceno

552 821 677 872 dum
714 819 793 869 sit
814 814 1012 883 facilis.
1043 810 1128 865 Em
1171 826 1232 864 eo
1282 817 1392 863 tute
1441 809 1550 875 ipse
1608 806 1890 872 prwcipere
1945 804 2123 856 animo

552 926 693 977 spem
724 918 865 978 potes
896 922 1049 976 quant
1081 919 1173 973 ego
1204 903 1298 956 tibi
1344 910 1535 968 praesto
1577 898 1925 952 certissimam
1962 910 1980 949 :
2014 894 2126 964 fore

550 1004 821 1066 nimirum,
854 1013 910 1053 ut
941 1002 987 1053 si
1018 997 1176 1069 fateri
1206 1004 1395 1050 cuncta
1428 992 1677 1054 colueris,
1719 991 1921 1044 veniam
1944 986 2127 1043 statim

551 1107 599 1150 et
632 1095 999 1161 impunitatem
1048 1089 1111 1142 ab
1144 1104 1203 1142 eo
1238 1086 1584 1140 nanciscaris.
1633 1081 1729 1138 Sin
1770 1097 1924 1149 porro
1966 1079 2129 1135 silen-

551 1186 681 1240 tium
722 1184 949 1239 obstinas
995 1180 1376 1249 ronjnrationis
1437 1176 1652 1230 aliunde
1705 1182 2003 1242 compertae,
2050 1170 2127 1224 sic

553 1277 683 1330 habe
718 1289 736 1327 :
774 1284 822 1328 te
846 1274 1223 1328 crudelissimis
1252 1270 1659 1324 excruciandum
1691 1281 1812 1319 mox
1831 1262 2125 1317 tormentis.

554 1371 682 1425 Haec
729 1370 994 1423 dicentem
1024 1366 1516 1419 sebastocratorem
1570 1358 1797 1414 intuitus
1848 1353 2125 1416 Salomon,

552 1471 607 1515 et
630 1463 835 1517 circum
867 1473 992 1512 eum
1023 1441 1287 1512 stantium
1339 1461 1559 1521 aspectu
1607 1450 1962 1504 barbarorum
2008 1446 2128 1515 gla-

552 1553 675 1608 dios
704 1552 756 1605 in
790 1548 1033 1605 humeris
1063 1546 1326 1615 ancipites
1355 1540 1682 1613 gestantium
1707 1552 1877 1606 usque
1907 1537 1973 1590 ad
2004 1536 2133 1591 hor-

555 1658 732 1698 rurem
768 1651 1170 1706 tremoremque
1216 1633 1564 1695 conterritus,
1592 1630 1773 1684 omnia
1818 1628 2004 1685 statim
2046 1634 2131 1681 est

2223 436 2279 491 δὲ
2308 435 2524 489 ἅπαντα
2556 435 2652 489 καὶ
2696 433 2831 504 μηδὲ
2856 434 2950 488 τὸν
2979 434 3135 503 φόνον
3172 430 3554 504 ,ἐπικρύψαντις,
3592 440 3685 496 ἐπεὶ

2223 525 2274 579 οι
2300 524 2636 595 στρατιῶται
2682 523 2875 577 τοῦτον
2934 522 3350 594 μεμελετηκέναι
3391 526 3684 598 ἐγνώσθησαν*

2224 618 2321 671 καὶ
2351 616 2557 685 μᾷλλον
2585 616 2613 668 ὁ
2662 615 2899 683 ’Δνεμᾶς
2926 615 3141 685 Μιχαὴλ
3169 617 3194 668 ὁ
3220 617 3308 670 καὶ
3334 616 3422 687 τῆς
3447 618 3601 688 βουλῆς
3617 639 3690 675 κο-

2227 710 2476 780 ρυφαῖος,
2502 707 2531 760 ὁ
2555 708 2809 761 καὶκατὰ
2830 706 2927 760 τοῦ
2955 708 3343 779 αὐτοκράτορος
3360 710 3519 777 φόνιον
3537 711 3687 774 πνέων,

2226 799 2473 862 ἅπαντας
2502 798 2824 867 περιορίσας
2862 798 2958 851 καὶ
2999 798 3100 861 τὰς
3152 799 3297 866 σφῶν
3354 800 3581 869 ἐδήμευσε
3624 819 3694 856 πι-

2229 892 2492 962 ριοῡσίας.
2537 892 2595 944 Ὁ
2622 892 2805 960 μέντοι
2837 887 2984 951 οἶκος
3044 889 3135 944 τοῦ
3168 891 3497 961 Σολομῶντος,
3513 908 3693 964 περιφα-

2228 986 2326 1054 νὴς
2383 983 2486 1049 ὢν,
2548 983 2709 1052 ὲδόοη
2761 982 2897 1052 πρὸς
2937 984 3033 1055 τὴν
3086 983 3402 1051 Δύγούσταν.
3461 984 3697 1055 Ἐκεὶνηδλ

2225 1078 2389 1131 ὁποία
2437 1077 2566 1146 περὶ
2613 1075 2978 1155 τὰδτοιαῦτα,
3023 1071 3201 1130 οἶκτον
3251 1076 3471 1130 λαϐοῦσα
3515 1079 3596 1148 τῆς
3633 1078 3698 1131 τοῦ

2228 1168 2590 1237 Σαλομῶντος
2641 1167 2687 1199 ⁸⁸
2737 1166 3107 1236 ὁμευνὲτιδος,
3163 1166 3505 1238 ἀπεχαρὶσατο
3559 1168 3700 1221 τοῦτον

2229 1259 2390 1329 αὐτῇ,
2441 1256 2574 1327 μηδὲ
2603 1255 2665 1309 τὸ
2714 1255 2877 1326 τυχὸν
2906 1255 3112 1308 ἐκεῖθεν
3140 1256 3446 1326 ἀφελομένη.
3493 1256 3581 1310 Τὸν
3605 1259 3702 1327 μέν-

2229 1367 2316 1403 τοι
2369 1349 2695 1418 Σολομῶντα
2726 1348 3043 1418 ἔμφρουρον
3073 1343 3217 1418 εἶχεν
3249 1349 3280 1417 ἡ
3309 1348 3605 1412 Σωζόπολις·
3637 1349 3703 1401 τὸν

2226 1437 2287 1492 δὲ
2325 1436 2559 1507 Ἀνεμᾶν
2589 1437 2684 1490 καὶ
2714 1437 2843 1498 τοὺς
2876 1436 2973 1489 σὺν
2999 1436 3149 1505 αὐτῷ
3206 1434 3279 1498 ὡς
3303 1436 3619 1505 πρωταιτίους
3637 1436 3707 1490 καὶ

2216 1533 2330 1600 "rip;
2358 1531 2419 1583 ὲν
2444 1528 2563 1600 χρῷ
2594 1528 2798 1599 κουρὰν
2830 1530 2933 1599 τῆς
2984 1530 3246 1599 κεφαλῆς,
3268 1530 3358 1582 καὶ
3397 1527 3481 1581 τοῦ
3507 1526 3707 1596 πώγωνος

2231 1622 2494 1691 ψιλώσας,
2525 1622 2614 1675 διὰ
2655 1621 2826 1691 μέσης
2854 1620 3299 1691 πομπεῦσαιητῆς
3322 1621 3506 1689 ἀγορᾶς
3531 1635 3710 1688 mpere-

554 1733 855 1796 confessus,
898 1728 1350 1796 consciorumque
1379 1740 1443 1778 ac
1472 1722 1792 1793 participant
1828 1718 1999 1773 edidit
2031 1732 2124 1771 no-

2229 1713 2481 1778 λεύσατο,
2512 1708 2635 1767 εἶτα.
2665 1713 3026 1783 ὲξορυχθῆναι
3072 1713 3197 1775 τοὺς
3229 1711 3535 1781 ὀφθαλμούς.
3573 1710 3711 1780 Παρα-

556 1826 723 1879 mina.
756 1823 815 1876 In
844 1835 952 1877 uno
988 1834 1313 1889 magnopere
1345 1816 1738 1887 perseveravit,
1769 1827 1891 1869 sese
1922 1812 2122 1866 nullam

551 1917 794 1972 funditus
836 1916 889 1968 in
919 1928 984 1967 ea
1017 1912 1424 1966 machinatione
1473 1916 1583 1963 tota
1620 1905 1703 1960 vel
1733 1904 2120 1973 cogitationem

553 2004 875 2071 sumpsisse,
912 2000 994 2054 vel
1047 2000 1380 2053 mentionem
1432 1996 1705 2051 audivisse
1758 1993 1943 2049 caedis.
1989 1992 2129 2048 llinc

553 2098 661 2151 duo
692 2095 777 2149 isti
810 2094 1122 2149 custodibus
1153 2090 1340 2159 palatii
1375 2087 1541 2144 dediti
1569 2090 1619 2142 in
1656 2095 1933 2156 separatas
1966 2083 2124 2138 divisi

551 2186 830 2241 custodias
866 2193 1014 2239 sunt.
1058 2182 1188 2237 Inde
1218 2180 1308 2235 alii
1365 2180 1536 2234 auditi
1580 2193 1684 2232 non
1740 2177 1899 2232 modo
1947 2176 2124 2245 priora

551 2276 946 2332 confirmarunt
985 2275 1053 2329 ab
1084 2273 1206 2328 aliis
1252 2271 1363 2341 jam
1409 2271 1643 2341 prodita,
1693 2269 1787 2324 sed
1829 2283 1895 2323 ne
1925 2270 2126 2324 caedem

551 2367 772 2435 quidem
800 2375 1088 2420 tacuerunt
1117 2364 1309 2432 ipsam.
1354 2360 1620 2428 Quoniam
1675 2358 1871 2427 duplex
1933 2357 2128 2414 classis

550 2464 607 2512 et
633 2457 845 2511 diversa
867 2468 1032 2509 causa
1058 2448 1464 2519 citnjuratorum
1498 2450 1829 2520 deprehensa
1863 2457 1969 2513 est,
2004 2464 2128 2503 cum

552 2561 618 2600 ex
642 2546 747 2599 illis
776 2546 813 2598 ii
843 2545 1109 2600 duntaxat
1131 2543 1220 2611 qui
1242 2542 1485 2595 militiam
1509 2539 1905 2608 proﬁtebantur
1928 2538 2126 2593 caedem

551 2637 932 2705 parricidalem
962 2645 1017 2690 et
1049 2635 1428 2706 designassent
1474 2641 1528 2686 et
1573 2631 1989 2701 perpetrandam
2024 2630 2128 2684 sibi

550 2726 932 2798 sumpsissent,
978 2728 1045 2783 de
1075 2741 1140 2781 ea
1169 2725 1359 2780 celatis
1391 2723 1531 2789 aliis,
1568 2722 1872 2778 differentia
1918 2736 2132 2791 quoque

547 2816 795 2873 facienda
847 2817 1097 2889 supplicii
1128 2815 1253 2871 fuit.
1287 2815 1451 2886 362
1479 2814 1741 2869 Salomon
1787 2813 1939 2882 cujus
1970 2813 2130 2883 culpa

2226 1805 2487 1865 λαϐόντες
2560 1802 2654 1857 οὖν
2719 1803 2947 1868 τούτους
2994 1805 3043 1857 οἱ
3093 1804 3336 1873 σκηνικοὶ
3392 1803 3479 1856 καὶ
3527 1802 3713 1864 σάκκους

2226 1895 2654 1968 περιϐαλλόντες
2693 1896 2762 1961 ⁵⁸,
2790 1898 2891 1959 τὰς
2926 1896 2985 1948 δὲ
3028 1895 3276 1962 κεφαλὰς
3316 1894 3581 1956 ἐντοσοίοις
3610 1892 3715 1962 βοῶν

2225 1990 2317 2043 καὶ
2341 1989 2633 2059 προϐάτων
2666 1989 2881 2052 ταινίας
2903 1987 3065 2060 δίκην
3096 1990 3476 2059 κοσμήσαντες,
3503 1989 3550 2039 ὲν
3576 1986 3718 2057 βουσὶν

2225 2082 2604 2149 ἀναγαγόντες
2649 2081 2745 2134 καὶ
2776 2082 3177 2149 ὲγκαθὶσαντες
3208 2082 3267 2136 ού
3305 2080 3590 2150 περιϐάδην,
3616 2075 3719 2130 ἀλλὰ

2225 2175 2368 2228 κατὰ
2403 2174 2636 2245 θατέραν
2691 2174 2960 2243 πλευρὰν,
3011 2175 3239 2237 τούτους
3269 2174 3352 2227 διὰ
3374 2173 3463 2243 τῆς
3493 2167 3721 2240 βασιλικῆς

2223 2261 2359 2336 ἦγον
2390 2266 2627 2331 αύλίδος.
2665 2264 3007 2335 Ῥαϐδοῦχοι,
3045 2267 3354 2339 ἔμπροσθεν
3378 2265 3561 2319 τούτων
3598 2262 3724 2329 ἐφαλ-

2224 2359 2449 2430 λόμενοι
2496 2361 2595 2414 καὶ
2664 2359 2935 2431 ᾁσμάτιόν
2973 2377 3027 2413 τι
3066 2361 3274 2427 γελοῖον
3332 2360 3420 2413 καὶ
3453 2353 3724 2424 κατάλληλον

2228 2453 2297 2521 τῇ
2338 2452 2535 2520 πομπῇ
2568 2451 2925 2522 προσᾴδοντες
2966 2451 3229 2512 ἀνεϐόων,
3268 2450 3403 2516 λέξει
3436 2452 3522 2519 μὲν
3544 2444 3724 2502 ἰδιώτιδι

2230 2542 2658 2613 διηρμοσμένον,
2701 2543 2828 2596 νοῦν
2859 2543 2917 2596 δὲ
2943 2543 3074 2613 ἔχον
3105 2545 3362 2599 τοιοῦτον·
3385 2542 3609 2596 ἐϐούλετο
3644 2538 3729 2605 γὰρ

2231 2632 2293 2685 τδ
2317 2627 2471 2703 ᾆσμα
2492 2632 2778 2702 πάνδημον
2804 2634 2939 2686 πᾶσι
2969 2633 3437 2705 παρακελεύεσθαί
3456 2648 3509 2685 τε
3531 2633 3611 2683 καὶ
3634 2629 3732 2681 ἰδεῖν

2230 2723 2361 2786 τοὺς
2392 2725 2895 2794 τετυραννευκότας
2920 2725 3154 2789 τούτους
3184 2725 3531 2795 κερασφόρους
3554 2722 3731 2791 ἄνδρας.

2227 2814 2428 2877 οἵτινες
2448 2816 2519 2867 τὰ
2552 2813 2683 2886 ξίφη
2708 2817 2853 2870 κατὰ
2881 2815 2975 2870 τοῦ
2999 2818 3402 2888 αὐτοκράτορος
3426 2815 3618 2884 tensas.

550 2916 730 2970 minus
751 2925 907 2970 atrox
939 2922 1060 2969 erat
1093 2914 1409 2983 deportatus
1428 2923 1515 2967 est
1545 2912 1854 2981 Sonpolim
1884 2913 1937 2966 in
1966 2912 2216 2966 exsilium
2246 2929 2261 2978 ;
2297 2914 2444 2967 aedes
2509 2911 2630 2982 ejus
2709 2915 2903 2984 amplae
2951 2923 3007 2969 et
3085 2930 3340 2984 perquam
3387 2912 3625 2978 elegantes
3689 2922 3735 2962 ac

547 3008 914 3059 instrumento
973 3005 1214 3075 pretioso
1265 3003 1520 3071 copiosae,
1591 3005 1845 3072 Augusta}
1908 3001 2120 3056 donatae
2151 3012 2299 3058 sunt.
2328 3004 2395 3057 At
2431 3003 2520 3058 illa
2553 3019 2652 3073 pro
2680 3014 2878 3060 caetera
2904 3008 3236 3061 excelsitate
3302 3005 3482 3059 mentis
3535 3002 3736 3055 miserata

549 3106 752 3151 sortem
784 3097 972 3150 uxoris
1008 3094 1341 3156 Salomonis,
1376 3104 1594 3159 cuncta,
1637 3108 1701 3147 ne
1731 3094 1954 3148 minima
1985 3092 2203 3163 quidem
2238 3095 2424 3151 recula
2489 3104 2738 3164 excepta,
2811 3095 3011 3151 infelici
3091 3107 3349 3151 matronae
3393 3095 3455 3148 ad
3529 3090 3733 3146 solatium

548 3184 839 3241 mneessit.
869 3181 1333 3238 Porro'adversus
1381 3180 1692 3250 coniuratos
1773 3183 2029 3238 militaris
2094 3181 2305 3238 ordinis
2365 3185 2420 3238 in
2489 3200 2677 3240 necem
2710 3186 3057 3256 imperatoris
3109 3188 3416 3256 conspirare
3439 3200 3532 3239 non
3565 3182 3735 3247 veritos,

547 3275 816 3344 prmipue
843 3290 972 3329 vero
999 3273 1312 3363 Michaelem
1358 3275 1647 3338 Anemam,
1674 3273 1891 3329 'consilii
1945 3277 2112 3331 totius
2152 3276 2531 3342 architectum,
2583 3277 2841 3332 facinoris
2876 3279 3258 3333 immanissimi
3326 3279 3522 3341 ducem,
3581 3276 3731 3327 decre-

548 3370 663 3421 LJm
696 3373 783 3417 est
816 3374 873 3417 ut
906 3360 1192 3433 publicatis
1224 3363 1382 3418 bonis
1412 3375 1605 3417 omnes
1633 3360 1685 3415 in
1717 3362 1971 3417 exsilium
2016 3363 2392 3433 pellerentur;
2449 3366 2794 3435 peculiariter
2835 3381 2966 3422 vero
3038 3368 3270 3425 Michael
3331 3382 3445 3424 cum
3509 3366 3734 3423 fratribus,

545 3453 958 3520 conjurationis,
988 3454 1065 3507 uti
1095 3453 1352 3517 diximus,
1380 3452 1714 3516 auctoribus,
1742 3464 1940 3521 praeter
1968 3468 2311 3509 communem
2346 3455 2561 3510 cunctis
2625 3470 2863 3524 poenam,
2936 3457 3113 3513 barba
3160 3461 3359 3529 pilatim
3420 3459 3609 3521 avulsa,
3664 3470 3735 3507 ra-

545 3548 657 3617 pite
695 3562 825 3602 vero
859 3545 926 3601 ad
951 3556 1131 3600 cutem
1164 3560 1309 3614 raso,
1360 3561 1457 3615 per
1489 3544 1664 3600 forum
1704 3544 1769 3599 ad
1820 3544 2111 3599 ludibrium
2155 3547 2593 3613 traducerentur,
2657 3559 2843 3617 postea
2906 3550 3281 3606 multarentur
3325 3550 3505 3607 oculis.
3536 3549 3631 3601 Hos
3663 3542 3740 3611 igi-

549 3654 633 3697 llll‘
652 3640 919 3712 arripiunt
941 3642 1166 3707 scenici,
1200 3642 1483 3711 saccisque
1508 3641 1775 3705 induunt;
1804 3648 1916 3693 tum
1942 3640 2117 3709 eapita
2158 3656 2344 3696 eorum
2377 3642 2651 3698 intestinis
2675 3645 2835 3697 boum
2865 3642 3184 3714 oviumque,
3234 3645 3387 3715 quasi
3444 3642 3598 3697 taeniis
3646 3633 3739 3706 qui-

427 3753 438 3763 ’
543 3737 771 3793 busdam
820 3735 1309 3803 circumcingentes
1369 3733 1601 3789 ridicule
1654 3742 1873 3797 ornant,
1926 3732 2010 3786 vel
2073 3722 2395 3788 deformsnt
2442 3736 2644 3803 potius.
2728 3736 2820 3791 Sic
2872 3738 3197 3807 deturpatos
3255 3739 3524 3808 imponunt
3594 3732 3740 3793 bobul.

546 3842 652 3883 non
675 3835 935 3882 consueto
965 3825 1069 3878 ritu
1099 3822 1401 3878 sedentium
1432 3826 1487 3877 itt
1514 3823 1884 3893 iumentorum
1952 3822 2153 3889 dorsis,
2194 3824 2286 3876 sed
2316 3828 2633 3894 retrograda
2664 3828 2878 3882 ratione
2902 3829 3149 3887 vultibus
3179 3840 3234 3885 et
3263 3830 3564 3899 corporibus
3620 3825 3740 3877 mise-

547 3933 731 3975 rorum
783 3917 851 3971 ad
905 3916 1106 3970 caudas
1163 3912 1480 3968 animalium
1536 3915 1729 3968 versis.
1776 3913 2121 3969 Ducebantur
2156 3910 2261 3968 hoc
2322 3917 2483 3969 modo
2543 3932 2640 3985 per
2678 3918 2877 3972 atrium
2907 3919 3121 3988 palatii,
3171 3921 3447 3976 lictoribus
3475 3934 3587 3975 cum
3616 3913 3740 3983 vitng

543 4022 672 4066 ante
706 4013 852 4078 ipsos
881 4008 1205 4063 saltantibus
1247 4007 1316 4062 ad
1362 4006 1618 4063 modulos
1663 4005 1861 4062 cantici
1912 4020 2123 4075 pompa:
2163 4010 2585 4076 accommodati,
2618 4013 2760 4079 quod
2792 4010 2996 4082 vulgari
3030 3990 3211 4083 plebis
3253 4015 3425 4083 lingua
3482 4019 3738 4078 conceptum

545 4103 757 4172 magnis
807 4102 884 4156 illi
928 4110 983 4155 et
1034 4098 1255 4153 absonis
1301 4097 1716 4168 frequentabant
1776 4099 2123 4163 clamoribus,
2166 4097 2265 4154 hac
2327 4098 2500 4155 ferme
2564 4104 2879 4160 sententia:
2916 4104 2998 4159 En
3052 4109 3239 4161 stitote
3283 4114 3332 4159 et
3384 4100 3740 4174 videte‘populls

548 4197 740 4259 omnis,
785 4194 1012 4263 egregios
1036 4190 1304 4261 principes
1336 4191 1475 4245 brevi
1500 4190 1710 4258 functos
1733 4188 2014 4258 tyrannide
2037 4190 2335 4259 cornigeros
2366 4194 2461 4247 ltos
2492 4194 2654 4260 viros,
2679 4211 2868 4251 acuere
2904 4212 3187 4253 mucrones
3257 4199 3311 4254 in
3380 4202 3515 4252 tatus
3542 4170 3741 4262 impert-

544 4302 672 4344 ιονη
699 4300 878 4340 ausos.
2790 4320 2803 4333 ν

516 4430 529 4439 .
610 4380 923 4437 Concursus
947 4375 1013 4431 ad
1046 4375 1161 4429 haec
1202 4373 1431 4430 ridenda
1478 4374 1643 4429 ﬂebat
1694 4374 1884 4445 ingens
1940 4380 2116 4434 aetatis

2275 4376 2448 4435 ,Πᾶσα
2481 4372 2582 4443 μὲν
2602 4368 2699 4427 οὖν
2755 4374 2943 4444 ἡλικία
2964 4377 3048 4440 εἰς
3066 4377 3174 4449 τὴν
3201 4379 3460 4450 τοιαύτην
3479 4378 3596 4432 θέαν
3627 4365 3741 4426 σννέ-

540 4473 742 4537 omnis,
780 4471 916 4524 adeo
946 4468 1161 4535 quidem
1202 4476 1261 4520 ut
1291 4465 1523 4519 tumultu
1562 4467 1751 4519 excit-.e
1782 4466 2122 4537 strepituque

2223 4485 2436 4538 τρεχεν,
2472 4465 2545 4530 ὼς
2582 4467 2677 4519 καὶ
2718 4468 2867 4537 ἡμᾶς
2918 4468 3019 4532 τὰς
3052 4471 3152 4524 τοῦ
3187 4471 3452 4542 βασιλέως
3494 4465 3740 4537 θυγατέρας

546 4582 646 4622 nos
672 4561 1016 4632 imperatoris
1041 4558 1160 4613 tiliae
1184 4557 1413 4626 puellari
1442 4557 1759 4611 curiositate
1781 4558 2122 4627 prodiremus

2223 4555 2564 4623 ὲξελθούσας,
2591 4555 2858 4627 λαθραίαν
2888 4558 2985 4627 τὴν
3033 4558 3167 4612 θέαν
3199 4562 3490 4614 ποιεῖσθαι.
3518 4559 3593 4621 Ὠς
3606 4557 3652 4608 δὲ
3674 4552 3741 4604 τὸν

544 4655 848 4714 clanculum
891 4652 958 4707 ad
996 4658 1211 4705 brevem
1258 4663 1482 4702 usuram
1530 4651 1650 4703 novi
1704 4650 1996 4718 spectaculi
2038 4652 2122 4705 fu-

542 4749 791 4801 randam.
827 4742 897 4799 Ut
929 4757 1056 4797 vero
1100 4740 1333 4795 Michael
1365 4742 1616 4810 apparuit
1657 4740 1886 4795 sublatis
1932 4755 2123 4796 versus

540 4836 922 4905 imperatorias
950 4834 1094 4889 aedes
1125 4832 1316 4897 oculis,
1361 4831 1630 4901 supplices
1662 4831 1717 4886 itt
1768 4834 1963 4888 ctelunt
2001 4850 2119 4888 ma-

545 4941 650 4979 nus
678 4925 895 4986 tollens,
923 4934 977 4977 et
1006 4938 1110 4991 qua
1140 4936 1273 4977 voce
1301 4936 1478 4990 quove
1508 4932 1663 4991 gestu
1697 4933 1907 4992 poterat
1955 4925 2121 4994 signi-

548 5019 716 5066 ticans
743 5022 933 5081 optare
969 5026 1241 5081 orareque
1274 5027 1354 5074 se,
1388 5020 1447 5064 ut
1491 5014 1594 5067 sibi
1634 5030 1823 5069 manus
1867 5018 1933 5069 ab
1987 5016 2118 5085 ipsis

546 5101 809 5154 radicitus
861 5101 1101 5154 hutnetis
1126 5100 1511 5165 avellerentur,
1561 5104 1721 5171 pedes
1773 5118 1801 5154 a
1857 5104 2008 5159 coxis
2054 5122 2120 5160 ac

549 5193 796 5246 t-lunium
832 5192 1116 5254 vertebris,
1147 5202 1308 5258 caput
1336 5204 1516 5247 autem
1546 5212 1575 5245 ιι
1616 5195 1916 5250 cervicibus
1942 5211 2118 5265 ampu-

551 5288 781 5344 taretur,
818 5286 929 5331 tum
966 5292 1097 5331 sane
1124 5278 1326 5345 passim
1360 5282 1611 5334 omnibus
1640 5284 2113 5337 commiseratione

546 5372 785 5430 naturali
826 5369 1009 5434 motis,
1053 5369 1103 5422 in
1131 5370 1286 5423 lletus
1313 5387 1374 5427 ac
1401 5373 1633 5440 gemitus
1668 5381 1981 5441 spectantes
2015 5391 2114 5443 pro

2220 4647 2439 4717 Μιχαὴλ
2470 4645 2545 4709 ὡς
2570 4646 2707 4716 πρὸς
2732 4645 2801 4699 τὰ
2827 4649 3112 4723 ἀνάκτορα
3135 4650 3438 4705 ἐθεάσαντο
3470 4643 3740 4707 ἐναπενίζον·

2221 4755 2288 4791 τα
2314 4739 2407 4791 καὶ
2433 4740 2623 4807 χεῖρας
2649 4737 2887 4801 ἱκέτιδας
2934 4740 3015 4803 εἰς
3032 4741 3273 4811 οὐρανὸν
3302 4743 3521 4814 αἴροντα
3536 4736 3741 4803 αἰτούμε-

2221 4846 2311 4882 νον
2329 4832 2386 4882 ὲν
2407 4830 2648 4899 σχήματι
2666 4833 2857 4901 χεῖρας
2877 4831 3116 4901 ἐξῶμων
3140 4835 3505 4906 ἀφαιρεθῆναι
3520 4833 3601 4886 καὶ
3616 4826 3739 4883 πόδας

2219 4920 2465 4987 γλουτῶν
2497 4922 2680 4974 αὐτῶν
2709 4922 2755 4954 ⁸⁸
2777 4924 2873 4976 καὶ
2906 4924 3155 4994 κεφαλὴν
3181 4926 3359 4997 αὐτὴν
3389 4924 3738 4996 ἀποτμηθῆναι,

2218 5012 2403 5066 ἅπασα
2436 5012 2598 5081 φύσις
2630 5014 2767 5083 πρὸς
2816 5013 3052 5086 δάκρυον
3080 5017 3127 5046 ⁸⁷
3155 5020 3253 5069 καὶ
3289 5020 3528 5087 οἰμωγὰς
3558 5013 3735 5073 κεκίνη⁶

2218 5120 2309 5156 ται
2349 5103 2415 5164 ⁸⁸,
2448 5105 2545 5157 καὶ
2573 5104 2774 5175 μᾶλλον
2799 5107 2961 5175 ἡμεῖς
2982 5108 3153 5160 αἰτοῦ
3179 5109 3454 5178 βασιλέως
3483 5108 3738 5175 θυγατέρες·

2234 5196 2377 5262 Ἐγὼ
2402 5195 2483 5261 δὲ,
2518 5195 2819 5266 βουλομένη
2865 5197 2957 5249 τὸν
2987 5197 3163 5268 ἄνδρα
3218 5200 3313 5252 τοῦ
3359 5200 3586 5252 τοιούτου
3614 5194 3736 5264 ῥύσι-

2221 5288 2345 5342 σθαι
2382 5287 2580 5358 κακοῦ,
2620 5287 2719 5359 τὴν
2752 5287 3003 5358 βασιλζδα
3032 5290 3128 5342 καὶ
3162 5294 3385 5359 μητέρα
3416 5288 3553 5351 ἅπαξ
3582 5281 3734 5340 nim;

2221 5381 2536 5452 προύκαλού
2546 5399 2655 5453 μην
2685 5382 2745 5447 ἐς
2771 5384 2899 5435 θέαν
2924 5380 3032 5436 τῶν
3060 5384 3527 5455 πομπευομένων.
3568 5373 3720 5447 Ἑκηδᾶ

1603 5508 1805 5572 Varia;
1840 5511 2144 5577 lectiones
2190 5534 2265 5578 ex
2298 5519 2438 5582 cod.
2466 5519 2727 5582 Coislin.

618 5635 663 5668 “
695 5631 1079 5707 Σολομοῢντος.
1156 5631 1201 5665 ⁸⁸
1226 5630 1629 5704 περιϐαλόντες.

1709 5637 1752 5668 ⁸⁸
1777 5638 1839 5691 ἐκ
1865 5638 2107 5707 γλουτῶν
2127 5642 2329 5700 αὐτῶν.

2407 5647 2449 5677 ι’
2478 5646 2674 5715 δᾶκρυ.
2750 5643 2796 5677 ⁸⁸
2839 5643 3173 5716 εἰσεκίνητο.
3206 5645 3354 5720 Lege
3378 5644 3655 5713 ὶκεκίνητο.
