3974 6208
281 315 383 381 921

1526 318 1943 380 ALEXIADIS
1985 320 2134 379 LIB-
2186 290 2331 384 XII.

3427 314 3531 378 922

281 428 497 482 πολλῶν
549 426 759 498 ἀνδρῶν
789 427 1106 499 αὐτόματον
1135 430 1404 503 συλλογὴν
1449 433 1856 505 ἀγροικοτέρων
1886 487 1891 499 ,

1995 434 2163 488 imum
2193 448 2316 488 esse
2346 433 2492 503 quod
2523 430 2725 501 sapius
2774 431 3091 486 audiverant
3120 430 3361 500 iactante
3414 428 3534 497 ipso

281 523 374 574 καὶ
401 519 669 589 ἀνοήτων.
707 520 812 583 Τίς
834 519 943 590 γὰρ
977 521 1044 575 ἂν
1066 521 1185 591 οὐχὶ
1212 522 1320 575 τῶν
1346 522 1518 592 ἀγχοῦ
1546 524 1639 575 καὶ
1669 524 1859 594 πόρῤω

281 609 586 679 Βαρϐάρων
633 608 932 678 αὐτόμολος
978 603 1114 679 ἧκεν
1158 610 1238 672 εἰς
1280 609 1370 661 τὸν
1413 607 1534 661 καθ’
1568 606 1725 677 ἡμῶν
1768 607 1864 660 ’πό⁸

281 702 450 771 λεμον
484 700 886 771 ἀρχιερατικῆς
919 700 1148 770 γνώμης
1185 700 1595 771 ἐπιτρεπούσης
1634 702 1727 753 καὶ
1767 699 1862 753 τοῦ

282 796 615 864 φαινομένου
646 793 868 860 εὐλόγου
927 793 1108 846 πᾶσαν
1149 792 1336 855 ἵππον,
1375 793 1466 845 καὶ
1524 792 1718 862 ἄνδρα,
1769 793 1866 846 καὶ

283 888 444 956 χεῖρα
474 884 875 954 στρατιωτικὴν
895 884 1304 949 ἐξοπλίζοντοςς
1332 885 1456 945 Τοῖς
1475 883 1666 936 τούτου
1688 883 1868 953 λόγοις

282 976 377 1030 οὐν
424 976 745 1038 συνελαθεὶς
779 979 807 1029 6
847 976 1035 1037 πάπας
1068 977 1163 1029 καὶ
1198 976 1667 1045 ὁμογνωμονήσας
1716 973 1868 1046 αὐτῷ

282 1068 385 1137 τὴν
418 1067 553 1137 πρὸς
606 1067 667 1119 τὸ
706 1066 1003 1137 Ἰλλυρικὸν
1031 1067 1302 1137 ἐπέτρεψε
1328 1066 1747 1137 διαπεραίωσιν.

1963 526 2289 588 Baimumlo.
2311 526 2562 581 videlicet
2580 526 2960 591 imperatorem
2986 523 3234 576 Alexium
3261 521 3533 575 boininem

1966 629 2084 670 esse
2132 615 2413 685 profanum
2464 623 2520 669 et
2557 616 2777 679 impium
2825 614 3195 668 barbarorunr
3237 612 3535 665 infidelium

1969 706 2258 769 fautorem,
2278 706 2573 761 Christiani
2597 706 2834 759 nominis
2858 721 2920 758 ac
2942 705 3160 771 generis
3186 704 3396 756 hostem
3432 716 3539 756 nou

1970 796 2215 854 dubium.
2243 800 2712 869 Viderentquibus
2743 798 3028 861 militibus,
3055 796 3251 864 quibus
3274 793 3539 847 ministris

1973 888 2212 943 libenter
2242 899 2512 953 uteretur,
2543 905 2705 958 quam
2754 887 3064 943 barbariem
3113 886 3431 953 sacrilegam
3488 890 3544 937 et

1968 979 2379 1047 sanguinariam
2431 980 2658 1033 haberet
2707 979 2761 1031 in
2809 978 3041 1032 deliciis.
3094 975 3195 1039 En,
3241 973 3543 1043 inquiebat,

1967 1069 2112 1124 feros
2137 1071 2318 1124 vultus
2347 1072 2599 1124 torvitate
2649 1070 2929 1140 Scythica,
2977 1078 3031 1121 et
3074 1075 3285 1121 vestem
3324 1070 3544 1130 aspectu
3640 1091 3653 1099 ο

288 1167 485 1213 tetram
538 1159 653 1227 ipso
704 1173 769 1213 ac
821 1159 1116 1213 terribilem
1168 1160 1482 1224 ostendens,
1519 1173 1585 1213 eu
1636 1175 1770 1227 quos
1810 1160 1863 1214 in
1903 1171 2120 1216 nostras
2151 1167 2277 1217 aras
2309 1179 2375 1217 ac
2404 1162 2555 1217 focos
2619 1163 2888 1226 immittit,
2963 1160 3160 1229 quibus
3212 1159 3438 1211 Romam
3490 1165 3547 1209 et

281 1246 514 1311 Italiam,
556 1249 749 1315 quibus
783 1263 879 1303 nos
909 1259 1200 1318 nostraque
1229 1249 1410 1302 omnia
1447 1264 1624 1315 sacra,
1659 1249 1861 1315 civilia,
1938 1251 2255 1319 domestica,
2324 1269 2431 1319 res,
2463 1267 2692 1321 corpora
2721 1233 2966 1307 nostrum
2999 1251 3240 1305 omnium
3270 1248 3547 1303 coudonat

284 1342 540 1410 egregius
572 1341 871 1423 imperator
904 1340 1297 1394 Romanorum.
1334 1338 1470 1393 Tum
1524 1356 1654 1395 vero
1706 1343 2081 1423 ingemiuabat
2112 1358 2303 1400 vocem
2341 1346 2488 1399 illam
2560 1361 2682 1415 qua:
2744 1359 3008 1400 summam
3083 1342 3338 1396 invidiam
3404 1337 3544 1408 apud

198 1452 207 1473 κ
287 1430 517 1486 Latinos
550 1431 733 1495 habet,
768 1446 1009 1501 paganos
1043 1434 1140 1485 bos
1168 1429 1399 1502 Scythas
1430 1434 1721 1501 replicans,
1744 1434 1869 1487 dum
1912 1447 2006 1488 eos
2034 1412 2130 1502 per
2165 1437 2325 1490 urbes
2358 1439 2556 1506 passim
2579 1412 2793 1505 oraque
2821 1436 3063 1490 omnium
3126 1434 3191 1486 ad
3256 1431 3549 1485 ludibrium

279 1536 336 1579 et
396 1525 750 1593 ignominiam
803 1539 906 1577 non
962 1531 1071 1578 tam
1132 1523 1376 1592 ipsorum
1471 1539 1632 1593 quant
1687 1526 1914 1595 Augusti
1954 1527 2409 1591 circumduceret,
2470 1530 2623 1583 vafer
2688 1528 2882 1583 artifex
2934 1526 3256 1581 technarum
3337 1524 3547 1584 talium,

280 1634 379 1688 per
408 1634 544 1688 quas
582 1619 781 1673 invidia
822 1618 1068 1689 populari
1125 1619 1177 1673 in
1215 1633 1345 1673 suas
1427 1619 1691 1673 trahenda
1763 1633 1948 1689 partes
1985 1621 2165 1676 civilis
2231 1623 2370 1676 inter
2411 1622 2752 1678 Christianos
2804 1622 2946 1690 quod
3008 1612 3370 1671 meditabatur
3429 1612 3551 1669 belli

280 1711 506 1766 minime
546 1728 640 1782 per
668 1726 728 1766 se
763 1713 1102 1780 plausibilem
1136 1714 1462 1777 mentionem
1516 1716 1864 1768 accusatione
1908 1715 2180 1770 malitiosa
2211 1715 2561 1784 imperatoris
2639 1714 2928 1784 emolliret,
3001 1712 3110 1765 imo
3167 1704 3433 1779 probabili
3491 1720 3555 1759 ac

287 1805 378 1870 pio
409 1805 629 1856 nomine
666 1813 947 1857 mutaret:
983 1806 1108 1857 dum
1184 1818 1293 1856 non
1345 1804 1606 1860 adversus
1674 1806 2045 1863 Christianum
2110 1806 2406 1877 principem
2450 1816 2545 1860 aut
2612 1782 2895 1875 populum:
2941 1803 3033 1856 sed
3083 1816 3181 1872 pro
3228 1796 3555 1852 Christianis

287 1908 481 1951 contra
554 1910 796 1965 paganos
847 1906 1147 1966 eorumque
1200 1910 1488 1968 patronum
1545 1913 1608 1951 ac
1673 1901 1867 1954 ducem
1907 1900 2156 1956 Alexium
2186 1918 2338 1956 arma
2365 1900 2625 1956 sumenda
2700 1899 3089 1975 proclamaret.
3162 1893 3557 1947 Incredibilitcr

281 1986 426 2054 apud
456 2003 698 2042 summos
720 2003 871 2056 teque
901 1989 1227 2058 intimasque
1247 1992 1484 2060 partium
1517 1988 1729 2043 illarum
1759 1991 1863 2044 ista
1939 1992 2106 2047 valuit
2175 1993 2492 2049 industria:
2546 1992 2780 2045 fremere
2832 1988 2978 2042 haud
3034 1985 3192 2039 dubie
3247 1982 3451 2051 passim
3501 1980 3554 2029 in

281 2094 384 2134 nos
421 2090 637 2137 cuncta.
675 2081 777 2152 lpsi
806 2086 1158 2153 quietissimaa
1197 2084 1398 2152 alioqui
1448 2094 1613 2138 secta:
1643 2085 1919 2138 antistites
1947 2097 2225 2155 praeeunte
2255 2091 2369 2156 ipso
2431 2086 2678 2156 principe
2731 2094 3011 2138 sacrorum
3072 2077 3248 2148 palam
3310 2084 3559 2127 auctores

291 2171 421 2227 belli
454 2189 512 2228 se
550 2177 689 2230 terre
744 2186 802 2230 ut
854 2177 995 2231 sacri
1041 2177 1245 2247 piique.
1293 2176 1432 2230 Hinc
1474 2191 1773 2232 concursus
1803 2188 1877 2247 iet
1914 2194 2250 2235 coacervatis
2285 2197 2343 2236 se
2376 2182 2610 2249 undique
2634 2192 2781 2233 casco
2807 2177 3008 2246 impetu
3072 2168 3329 2225 colluvies
3392 2160 3563 2218 rusti"

283 2269 531 2324 eulorum
560 2271 688 2325 licet
749 2273 877 2341 quid
914 2286 1242 2340 quorsumve
1300 2275 1596 2340 loquantur
1657 2284 1753 2327 aut
1808 2284 1969 2344 agant
2002 2284 2245 2331 amentes
2300 2276 2567 2340 nesciant,
2624 2282 2805 2327 tamen
2844 2267 3242 2339 expeditionem
3295 2271 3565 2315 transuta-

287 2364 464 2418 rinam
527 2364 905 2432 loquentium,
964 2365 1019 2418 in
1070 2379 1300 2434 eamque
1345 2380 1404 2419 se
1451 2366 1883 2429 obtrudeniium.
1918 2367 2029 2423 Nec
2065 2369 2294 2424 fortunae
2324 2366 2874 2438 antcaptusmajoris
2939 2361 3188 2416 homines
3241 2353 3561 2410 cessabant;

286 2473 416 2512 nam
451 2460 574 2526 quis
606 2470 715 2512 tum
749 2476 918 2530 prope
985 2462 1209 2532 longeve
1280 2463 1597 2516 distantium
1662 2477 1767 2517 non
1831 2474 2165 2533 accurreret,
2225 2482 2332 2520 non
2371 2465 2657 2533 expediret
2716 2475 2890 2525 arma,
2938 2472 3129 2527 equos,
3188 2453 3353 2515 Viros.
3410 2458 3463 2502 ει
3519 2446 3567 2500 εί

287 2565 457 2621 quam
495 2552 721 2605 haberet
757 2554 1044 2607 militarem
1094 2555 1199 2609 tim
1255 2570 1319 2610 ac
1374 2572 1616 2622 manum,
1653 2573 1870 2612 summo
1910 2560 2030 2629 ipso
2065 2560 2322 2629 pontiﬁce
2390 2569 2624 2614 canente
2656 2558 2971 2620 classicum,
3025 2562 3079 2606 et
3129 2563 3349 2605 causam
3422 2542 3570 2596 colo-

297 2651 549 2697 τδηιευιο
591 2642 699 2695 (“ei
739 2644 1021 2713 ευίυεδδω
1059 2661 1156 2716 per
1229 2662 1288 2701 se
1375 2649 1834 2714 commendatam,
1907 2651 2101 2707 divinae
2153 2652 2493 2706 auctoritatis
2554 2659 2668 2704 toto
2728 2644 3041 2717 pra‘judicio
3116 2634 3412 2696 sacrante?
3476 2632 3569 2686 Sic

295 2733 585 2788 Baimundi
641 2732 925 2789 fraudibus
976 2750 1238 2804 persuaso
1289 2752 1426 2807 papa
1495 2746 1875 2807 commotaque
1907 2739 2058 2813 italia
2128 2741 2372 2810 traiectio
2400 2740 2568 2810 368
2637 2739 2689 2793 in
2741 2734 3015 2806 lllyricum
3068 2729 3299 2786 summis
3377 2722 3570 2780 studiis

300 2825 613 2894 animisque
648 2828 890 2879 omnium
927 2826 1310 2882 festinabatur.

386 2920 704 2972 Ἐπανιτέον
727 2917 785 2970 δὲ
827 2917 985 2982 αὖθις
1035 2920 1169 2989 πρὸς
1222 2922 1283 2973 τὸ
1320 2921 1709 2992 προκείμενον.
1770 2923 1891 2986 Ἐκ·

2062 2927 2465 2986 Revertendum
2488 2937 2655 2995 porro
2674 2931 2755 2976 est
2778 2919 2843 2972 ad
2863 2929 3095 2987 pugnam
3120 2905 3568 2976 Contostephani.

303 3012 610 3081 θυμότερον
660 3011 759 3081 μὲν
807 3008 901 3065 οὖν
938 3013 989 3065 οι
1035 3012 1347 3083 ἠπειρῶται
1403 3013 1736 3083 στρατιῶται
1787 3015 1887 3084 τῆς

309 3105 490 3173 μάχης
517 3102 848 3171 ἀντείχοντο,
866 3102 992 3165 τοὺς
1011 3102 1067 3156 δέ
1086 3119 1149 3172 γε
1174 3104 1395 3168 λοιποὺς
1412 3105 1473 3158 τὸ
1497 3105 1595 3175 τῆς
1616 3104 1888 3175 θαλάττης

309 3192 492 3264 ῥόθιον
522 3192 821 3256 ὑπεδέξατο
860 3192 928 3257 ⁸³,
971 3193 1270 3247 κάντεῦθεν
1301 3193 1566 3264 λαμπρὰν
1604 3194 1652 3246 οἱ
1693 3193 1888 3246 Κελτοὶ

308 3283 473 3358 είχων
504 3287 551 3319 ⁸⁸
593 3288 673 3349 είς
718 3290 909 3359 χεῖρας
953 3288 1134 3356 νίκην.
1191 3289 1253 3340 Οί
1304 3288 1361 3340 δέ
1407 3305 1470 3356 γε
1519 3289 1888 3358 γενναιότεροι

308 3381 423 3435 τῶν
457 3380 830 3451 στρατιωτῶν,
863 3380 954 3432 καὶ
983 3380 1183 3450 μᾶλλον
1216 3382 1264 3433 οἱ
1292 3380 1394 3448 τῆς
1422 3381 1672 3449 μείζονος
1694 3380 1888 3449 τύχης,

308 3468 386 3525 ὧν
417 3472 664 3543 φέριστοι
701 3472 905 3541 μᾶλλον
930 3473 1135 3534 ἐκεῖνος
1165 3472 1213 3524 Ν
1222 3471 1483 3542 ικηερόροξ
1521 3471 1837 3539 Ἐξαζηνὸς,
1866 3472 1893 3521 6

323 3565 573 3626 Ὑελέας.
639 3564 736 3617 καὶ
798 3564 826 3615 ὐ
879 3563 1072 3616 τούτου
1137 3563 1430 3631 ἐξάδελφος
1488 3563 1895 3621 Κωνσταντίνος

327 3654 625 3724 Ἐξαζηνος
648 3657 675 3706 6
706 3654 1040 3723 καλούμενος
1063 3654 1295 3720 Δοῦκας,
1321 3658 1415 3706 καί
1437 3654 1465 3705 6
1495 3653 1895 3722 άνδρικώτατος

327 3747 685 3831 Ἀλέξανδρος
737 3747 766 3800 6
817 3747 1166 3818 Εὐφορσηνος
1225 3747 1553 3817 καὶ,ἓτεροι
1598 3747 1698 3816 τῆς
1727 3744 1896 3812 αὐτῆς

318 3840 480 3906 ἀξίας
537 3842 634 3892 καὶ
675 3841 871 3910 τύχης,
908 3840 1250 3910 μνησάμενοι
1286 3839 1533 3910 θούριδος
1564 3838 1758 3907 ἀλκῆς,
1785 3838 1899 3889 ἐπι-

321 3932 665 4005 στραφέντες
719 3934 815 3986 καὶ
867 3935 994 3995 τοὺς
1048 3933 1334 3996 άκινάκεις
1388 3931 1754 3999 σπασάμενοι,
1804 3930 1898 4000 ὅλῃ

320 4032 469 4103 χειρὶ
512 4031 603 4081 καὶ
639 4030 834 4101 γνώμῃ
866 4028 1002 4099 πρὸς
1034 4028 1162 4088 τοὺς
1205 4026 1447 4088 Κελτοὺς
1484 4024 1774 4094 ἐμάχοντο,
1808 4021 1901 4074 τὸν

320 4124 448 4176 ὅλον
478 4122 872 4192 ἀναδεξάμενοι
922 4119 1179 4190 πόλεμον,
1211 4120 1308 4172 καὶ
1334 4118 1676 4188 ὴττήσαντες
1701 4114 1901 4177 αὐτοὺς

1998 3025 2075 3078 Ex
2111 3022 2373 3077 militibus
2402 3019 2521 3086 eius
2552 3017 2644 3087 qui
2679 3012 2881 3069 assueti
2916 3009 3150 3063 militare
3181 3005 3233 3058 in
3261 3001 3573 3058 continente

1995 3128 2050 3172 et
2086 3116 2443 3169 terrestribus
2492 3108 2690 3180 praeliis
2718 3102 3004 3161 exercitati
3038 3108 3215 3163 erant,
3251 3096 3285 3149 ii
3323 3108 3456 3149 sane
3486 3105 3576 3144 re-

1996 3210 2187 3265 stitero
2235 3205 2427 3260 fortius
2475 3214 2821 3272 pugnamque
2876 3208 3123 3254 traxere,
3175 3199 3400 3244 caeteros
3451 3183 3575 3252 fuga

1995 3300 2256 3372 praecipiti
2289 3278 2508 3351 ruentes
2562 3308 2713 3348 mare
2763 3289 3063 3346 absorbuit.
3114 3283 3469 3350 Magnamque
3521 3277 3575 3330 in

2000 3393 2250 3447 manibus
2280 3406 2343 3444 ac
2370 3386 2708 3458 splendidam
2757 3383 2895 3439 Galli
2931 3382 3117 3449 utique
3154 3376 3432 3431 victoriam
3467 3372 3576 3424 ha—

2000 3484 2221 3548 bebant,
2277 3482 2379 3535 nisi
2430 3494 2495 3533 eo
2545 3477 2776 3531 articulo
2823 3489 3003 3528 rerum
3054 3471 3156 3526 viri
3208 3468 3374 3520 fortes
3400 3462 3489 3532 qui
3520 3462 3576 3513 in

2004 3576 2246 3631 Romano
2268 3572 2546 3627 merebant
2574 3568 2844 3630 exercitu,
2864 3564 3159 3634 praesertim
3175 3558 3264 3625 qui
3286 3554 3576 3609 nobiliores

2003 3671 2148 3725 inter
2180 3668 2301 3723 illos
2322 3675 2377 3719 et
2405 3665 2631 3717 fortuna:
2659 3658 2865 3713 altioris
2882 3664 3037 3710 erant
3064 3650 3403 3717 Nicephorus
3434 3646 3578 3700 Exa-

2004 3778 2194 3827 zenus,
2245 3759 2497 3831 llyeleas,
2554 3766 2615 3811 et
2679 3752 2843 3822 huius
2889 3747 3152 3818 patruelis
3191 3738 3581 3797 Constantinus

2008 3856 2314 3917 Exazenus,
2363 3850 2455 3919 qui
2499 3854 2724 3899 vocatur
2777 3844 2976 3908 Ducas,
3032 3849 3086 3894 et
3135 3833 3585 3907 generosissimus

2006 3946 2312 4001 AleXander
2347 3940 2739 4011 Euphorbeuus
2772 3936 2951 3989 subito
3012 3944 3067 3987 et
3101 3923 3583 3985 vehementissimo

2010 4040 2212 4109 impetu
2237 4033 2509 4115 conversi,
2545 4029 2750 4085 strictis
2780 4024 3090 4080 acinacibus
3119 4031 3226 4076 tota
3261 4032 3422 4073 manu
3449 4024 3587 4069 tote-

2010 4146 2116 4200 que
2168 4129 2350 4182 animo
2405 4108 2797 4193 repugnassent
2864 4117 3053 4181 Gallis,
3129 4124 3425 4180 eorumque
3473 4108 3584 4166 vim

322 4215 590 4286 λαμπρὰν
616 4215 713 4285 τὴν
744 4212 866 4267 κατ’
912 4212 1092 4267 αὐτῶν
1124 4213 1285 4280 νίκην
1316 4210 1539 4281 ἤραντο.
1581 4206 1891 4276 Ἀνακωχὴι

2014 4224 2319 4278 universam
2369 4218 2689 4288 pondusque
2737 4213 3003 4279 integrum
3072 4206 3240 4277 praelii
3298 4204 3369 4258 ita
3421 4202 3474 4255 in
3528 4214 3588 4254 se

324 4303 422 4360 οὖν
450 4308 478 4359 6
511 4306 957 4374 Κοντοστέφανος
988 4302 1240 4356 ἐντεῦθεν
1292 4300 1475 4354 λαϐὼν
1502 4298 1602 4368 τῆς
1634 4298 1891 4367 Κελτικῆς

2010 4314 2305 4369 vertissent
2335 4320 2395 4364 ut
2427 4308 2689 4378 praeclare
2737 4303 3094 4363 sustinerent,
3128 4296 3451 4362 tandemque
3489 4290 3589 4343 ho-

325 4396 693 4462 δπελεύσεως,
726 4396 894 4461 λύσας
926 4395 1142 4449 ἐκεῖθεν
1172 4394 1242 4448 τά
1283 4392 1605 4464 πρυμνήσια
1640 4391 1778 4460 μετὰ
1809 4388 1891 4441 τοί

2014 4418 2127 4461 stes
2159 4405 2319 4457 modo
2348 4402 2584 4455 victores
2618 4397 2836 4466 egregie
2864 4394 3167 4447 vincerent.
3199 4380 3587 4451 lnterspirandi

328 4489 590 4544 ναυτικοῦ
619 4491 837 4554 παντὸς,
867 4489 963 4541 τὸν
1002 4487 1230 4541 Αὐλῶνα
1273 4483 1709 4553 καταλαμϐάνει.
1753 4479 1891 4533 Ἐπε¹

2014 4497 2243 4563 Spatium
2282 4503 2506 4562 tutoque
2540 4488 2825 4544 recedendi
2857 4484 3167 4539 facultatem
3195 4479 3385 4532 horum
3410 4474 3590 4563 virtus

330 4582 388 4637 δὲ
414 4582 582 4635 ὁπότε
616 4581 852 4652 πρώτως
884 4580 946 4632 τὸ
982 4579 1290 4651 Δυρράχιον
1325 4573 1653 4629 καταλαϐὼν
1684 4572 1784 4635 τὰς
1816 4573 1889 4641 ὑφ

2013 4555 2456 4654 Contostephanb
2502 4581 2736 4652 paravit.
2767 4581 2882 4644 Qua
2934 4576 3023 4629 ille
3054 4587 3183 4626 usus
3232 4555 3591 4623 soluta'illinc

333 4678 530 4733 ἑαυτὸν
588 4676 897 4743 πολεμικὰς
950 4674 1083 4737 ναῦς
1131 4670 1192 4737 ἐξ
1231 4669 1397 4724 αὐτοῦ
1451 4668 1546 4722 τοῦ
1603 4667 1891 4738 Δυρῤαχίοι

2017 4680 2190 4753 classe
2220 4679 2476 4731 universa
2534 4674 2801 4727 Aulonetn
2833 4683 2957 4723 cum
2990 4681 3050 4719 ea
3086 4661 3279 4717 tenuit.
3322 4655 3590 4725 Quoniam

338 4770 503 4840 μέχρι
560 4767 656 4822 τοῦ
708 4766 980 4828 Αὐλῶνος,
1035 4769 1129 4818 καὶ
1166 4763 1352 4834 ἀὐτῆς
1406 4762 1505 4831 τῆς
1562 4760 1891 4827 καλουμένης

2014 4786 2145 4825 vero
2169 4748 2287 4838 iam
2326 4780 2439 4821 tum
2491 4766 2709 4835 quando
2759 4762 2994 4832 primum
3054 4752 3407 4826 Dyrrachium
3445 4748 3593 4803 venit

335 4862 596 4931 Χιμάρας
626 4860 671 4891 ⁸⁵
702 4858 1000 4927 διέπειρεν,
1032 4854 1335 4922 ἀπέχοντος
1364 4852 1461 4921 μὲν
1486 4848 1584 4904 τοῦ
1607 4845 1891 4921 Δυρραχίοι

2018 4875 2342 4928 navesquas
2371 4859 2604 4912 habebat
2631 4855 2732 4910 sub
2764 4868 2823 4908 se
2857 4851 3105 4907 bellicas.
3134 4861 3199 4902 ex
3234 4845 3351 4913 ipso
3385 4841 3589 4910 Dyrra-

334 4953 431 5007 τοῦ
454 4952 710 5015 Αὐλῶνος
738 4949 990 5009 σταδίους
1015 4947 1234 5010 ἑκατὸν,
1258 4946 1356 5015 τῆς
1377 4943 1434 4996 δὲ
1463 4943 1718 5012 Χιμάρας
1735 4940 1778 4971 ⁸⁷
1804 4940 1891 5009 (24

2017 4951 2141 5006 chio
2187 4965 2359 5018 usque
2392 4947 2657 5002 Anionem
2704 4952 2758 4998 et
2809 4943 2981 4996 locum
3019 4939 3222 4992 dictum
3275 4933 3590 4987 Chimaram

336 5048 430 5102 τοῦ
464 5048 712 5111 Αὐλῶνος
758 5043 941 5113 αὖθις,
977 5043 1291 5113 ἀπέχουσαν
1343 5038 1595 5100 σταδίους
1648 5036 1891 5106 ἐξήκοντι

2020 5039 2358 5111 disperserat
2404 5039 2592 5107 (distat
2621 5035 2798 5090 Aulon
2831 5048 2861 5085 a
2892 5027 3191 5101 Dyrrachio
3226 5022 3417 5078 stadiis
3467 5033 3595 5074 cen-

339 5142 440 5212 τὴν
461 5140 557 5194 τοῦ
597 5140 938 5209 Βαῖμούντου
969 5112 1335 5205 ἐπειγομένην
1354 5133 1455 5204 ήδη
1482 5129 1762 5200 ἐμάνθανε
1797 5130 1886 5182 δια

2023 5141 2161 5198 tum,
2193 5131 2447 5185 Cbimara
2485 5142 2675 5183 rursus
2720 5126 2786 5180 ab
2815 5123 3021 5179 Auloue
3046 5120 3238 5175 stadiis
3269 5112 3593 5185 sexaginta),

343 5205 673 5305 περαίωσιν,
705 5205 1110 5303 στοχασάμενος
1167 5226 1520 5296 ἐνδεχόμενον
1546 5222 1686 5278 εἶναι
1720 5224 1891 5295 μᾶλλο

2024 5237 2168 5277 nunc
2214 5222 2355 5277 fama
2408 5221 2886 5291 pcrerebrescente
2937 5212 3190 5270 instantis
3259 5205 3596 5280 traiectionis

1444 5341 1649 5403 Variis
1692 5340 1997 5403 lectiones
2029 5340 2269 5416 excod.
2308 5336 2566 5400 Coislin.

418 5455 463 5486 ”
489 5453 799 5524 ὑπεδέχετο.
878 5452 924 5483 ⁸⁸
958 5445 1122 5519 εἶχον.
1198 5448 1244 5480 ⁸⁸
1272 5444 1575 5516 Χιμαίρας.
1650 5442 1694 5473 ⁸⁷
1720 5443 2023 5531 Χιμαίρας.

1407 5566 1547 5635 Car.
1592 5559 1916 5623 Dufresnii
1959 5562 2059 5622 Du
2090 5557 2316 5637 Cangii
2346 5561 2535 5619 notae.

426 5646 536 5749 (ἐξ)
569 5673 1140 5749 Χιμάραςηϐιιίιηετο,
1163 5628 1771 5749 ιιςβςκωοζῐιίωοβρξπί,
1800 5663 1851 5719 in
1872 5661 2151 5719 Cerauniis
2173 5628 2369 5730 Plinio,
2395 5657 2537 5715 haud
2572 5654 2733 5728 387
2754 5651 2941 5725 procul
2965 5664 2992 5704 a
3025 5646 3257 5713 Corcyra
3279 5630 3473 5697 insula,
3501 5628 3600 5687 h0-

354 5735 443 5806 ιιίὲ
467 5735 739 5808 ϐίιὶηιᾶνιιξ
775 5735 905 5802 Vide
938 5741 1248 5798 Leuuclavii
1280 5738 1451 5795 Patitl.
1508 5754 1561 5793 n.
1595 5735 1723 5791 2&0.
