3974 6208
310 299 420 368 325

1509 315 1924 376 ALEXIADIS
1961 316 2114 379 LIB.
2153 316 2294 379 Χῐῐ.

3469 310 3576 371 926

309 423 511 494 μικρὸν
560 423 655 478 τοῦ
712 421 970 487 Αὐλῶνος
998 424 1111 494 (25)
1148 429 1547 499 παρεκκλίνας,
1581 431 1770 485 ἄδειαν
1809 431 1887 492 τῷ

1991 433 2324 500 complures,
2381 445 2500 502 qua!
2553 431 2676 486 istis
2731 431 2873 485 velut
2927 431 3123 484 castris
3193 427 3424 482 nauticis
3475 443 3573 498 pro

303 515 636 585 Βαῖμούντῳ
685 515 887 570 δίδωσι.
925 517 1088 588 Δεξιᾷ
1127 519 1182 572 δὲ
1229 520 1368 592 τύχῃ
1413 524 1786 592 χρησάμενος,
1825 524 1890 575 ὲκ

303 606 531 676 Βάρεως
588 609 702 677 (26)
736 609 860 662 ἐπεὶ
906 611 950 641 ⁹¹
1004 611 1097 663 τὸν
1139 613 1366 666 Αὐλῶνα
1414 615 1888 684 περαιωσάμενος,

305 697 458 750 ἅπαν
489 699 551 750 τὸ
581 699 893 754 διαπόντιον
946 705 1112 758 αὐτοῦ
1172 710 1492 779 στράτευμα
1531 711 1610 774 είς
1655 711 1753 779 τὴν
1787 727 1888 765 πε-

307 788 473 855 ραῖαν
495 788 914 860 ἀποϐησάμενος
943 795 1137 864 πρῶτα
1170 800 1270 868 μὲν
1315 801 1573 870 ὲληῖσατο
1604 803 1703 868 τὴν
1742 819 1887 872 παρ-

303 879 466 931 αλίαν
513 882 771 948 ἃπασαν,
825 885 1106 958 ἀμύθητον
1166 892 1484 961 στράτευμα
1545 893 1888 962 ἐπαγόμενος

301 971 622 1039 Φραγγικόν
657 991 716 1026 τε
747 976 840 1028 καὶ
873 978 1140 1034 Κελτικόν
1163 998 1177 1013 ο
1214 984 1308 1035 καὶ
1338 986 1452 1038 ὅσοι
1491 984 1600 1036 ἀπὸ
1622 987 1719 1054 τῆς
1754 985 1890 1037 Θού-

300 1060 404 1131 λης
451 1063 562 1132 (27)
611 1067 780 1135 νήσου
836 1071 1227 1140 στρατεύονται
1268 1075 1604 1145 Ῥωμαίοις·
1655 1077 1776 1130 τότε
1822 1078 1887 1149 δὴ

301 1151 456 1218 αὐτῷ
515 1160 1015 1229 προσχωρήσαντες
1065 1162 1154 1215 διὰ
1198 1165 1297 1234 τὴν
1343 1165 1436 1218 τοῦ
1485 1166 1678 1237 καιροῦ
1729 1168 1892 1221 δυνα-

309 1242 519 1307 στείαν,
568 1249 657 1299 καὶ
684 1249 750 1320 δὴ
791 1252 885 1304 καὶ
931 1253 1156 1318 πλείους
1186 1255 1280 1308 τοῦ
1310 1257 1654 1329 Γερμανικοῦ
1691 1261 1887 1326 γένους

299 1336 398 1386 καὶ
441 1336 550 1389 ἀπὸ
599 1339 706 1392 τῶν
764 1343 1141 1417 Κελτιϐήρων.
1185 1347 1426 1413 Τούτους
1473 1351 1582 1421 γὰρ
1635 1353 1887 1415 ἅπαντας

301 1426 726 1496 συλλεξάμενος,
761 1436 943 1504 πάσης
991 1438 1091 1503 τῆς
1135 1441 1290 1504 ἐντὸς
1330 1444 1546 1515 Ἀδρίου
1583 1445 1882 1516 ὲφήπλωσε

297 1520 429 1586 γῆς.
463 1523 557 1574 καὶ
606 1525 672 1577 τὰ
720 1528 919 1598 ἐφεξῆς
973 1530 1192 1586 ἅπαντα
1216 1533 1550 1604 ληϊσάμενος
1601 1540 1667 1607 τῇ
1727 1539 1886 1590 Ἐπι-

298 1611 494 1681 δάμνῳ
526 1617 864 1684 προσέϐαλεν
898 1621 964 1692 ἢν
991 1624 1295 1696 Δυρράχιον
1333 1628 1676 1698 ὀνομάζομεν
1696 1645 1709 1659 ⁶
1751 1633 1885 1682 ταύ-

297 1718 405 1772 την
434 1704 533 1772 τὴν
565 1707 720 1760 πόλιν
769 1712 975 1764 σκοπὸν
1009 1713 1150 1784 ἔχων
1191 1717 1332 1770 ἑλεῖν
1359 1733 1373 1746 ·
1411 1715 1539 1789 κᾷθ’
1571 1718 1746 1781 οὕτως
1786 1718 1886 1789 τὴν

1991 524 2134 577 vallo
2207 538 2644 590 quoquoversum
2710 522 3204 576 ohlendehantnr:
3281 520 3436 588 plane
3515 527 3576 575 ut

1991 615 2174 686 procul
2208 629 2268 668 ex
2309 615 2419 669 alto
2467 614 2591 683 quis
2629 615 2848 668 intuens
2889 612 3132 666 formosa
3189 612 3574 679 percelleretnr

1990 709 2170 774 specie
2204 708 2356 776 quasi
2397 707 2633 759 natantis
2663 716 2715 759 et
2763 707 2813 759 in
2846 707 3006 759 llnctn
3042 704 3276 758 fundatae
3311 702 3571 756 civitatis.

1989 798 2150 852 Forte
2184 799 2280 850 fuit
2314 797 2817 866 tranquillissimum
2854 813 2917 850 eo
2942 797 3038 850 die
3058 811 3228 858 mare,
3255 811 3363 847 uno
3389 796 3574 847 admo-

1991 891 2114 943 dum
2162 890 2433 958 aspiranle
2480 899 2604 942 noto
2652 889 2861 943 blandis
2903 898 2956 943 et
3014 887 3272 940 modestis
3325 885 3574 948 llatihns,

1991 981 2194 1050 quique
2226 980 2358 1034 nihil
2392 981 2492 1034 nisi
2521 981 2899 1033 onerariarum
2957 981 3070 1033 vela
3128 979 3326 1032 lenium
3361 994 3388 1030 a
3425 989 3576 1042 tergo

1991 1088 2246 1126 aurarum
2280 1072 2395 1124 utili
2433 1082 2645 1126 tumore
2685 1073 3094 1137 distenderent;
3137 1073 3334 1140 quippe
3385 1071 3511 1123 hinc
3545 1085 3576 1122 a

1988 1164 2153 1232 puppi
2208 1162 2481 1230 propulsa:
2535 1162 2770 1214 velifera:
2819 1176 2985 1213 naves
3034 1159 3248 1214 facilem
3303 1157 3577 1211 habebant

1963 1243 2244 1322 'cnrsum;
2281 1269 2381 1308 nec
2413 1264 2596 1307 tamen
2654 1263 2760 1305 tam
2813 1251 3043 1305 celerem
3080 1260 3174 1303 aut
3219 1249 3572 1318 praecipitem,

1988 1348 2116 1417 quin
2153 1363 2232 1402 ere
2281 1363 2402 1414 quas
2436 1347 2664 1416 remigio
2702 1346 3004 1412 agebantur
3036 1359 3186 1410 :vqna
3237 1357 3452 1408 semper
3507 1340 3575 1392 ab

1989 1439 2096 1493 illis
2125 1439 2386 1493 distantia
2424 1438 2717 1492 lerrentur.
2770 1436 3084 1489 Resonahat
3131 1442 3246 1485 toto
3294 1433 3573 1485 Adriatico

1991 1544 2164 1600 usque
2215 1531 2281 1583 ad
2339 1530 2670 1582 continentis
2738 1529 3024 1594 utriusque
3079 1525 3261 1578 littora
3315 1526 3574 1588 strepitus

1990 1624 2182 1691 ingens
2215 1623 2407 1676 classis
2442 1631 2604 1674 tantae
2638 1620 3031 1682 commeantis;
3083 1628 3134 1670 et
3169 1631 3302 1685 quos
3336 1616 3381 1669 is
3412 1630 3574 1668 sonus

1994 1715 2048 1768 in
2083 1728 2200 1766 eam
2237 1712 2423 1768 oculos
2456 1721 2711 1776 verterat,
2758 1711 2991 1792 miro'in
3031 1710 3221 1778 primis
3258 1719 3309 1760 et
3337 1707 3574 1762 terrifico

297 1794 398 1848 ἐπὶ
429 1795 556 1850 τάδε
587 1799 746 1869 μέχρι
767 1803 868 1872 τῆς
909 1777 1329 1862 Κωνσταντίνου
1360 1777 1674 1878 ληΐσασοαι.
1700 1777 1886 1874 Ᾰεινές

1992 1805 2306 1874 spectaculo
2334 1804 2678 1857 tenebantur.
2714 1800 2820 1856 Nec
2846 1781 2956 1867 jam
3005 1815 3206 1868 querar
3246 1807 3338 1852 aut
3383 1815 3572 1867 repre-

298 1886 362 1939 δὲ
386 1887 462 1942 ὢν
497 1891 642 1962 ἢπερ
690 1894 847 1958 ἄλλός
893 1916 977 1961 τις
1016 1900 1096 1961 είς
1143 1900 1462 1970 πολιορκίαν
1492 1903 1520 1953 ὁ
1550 1903 1886 1972 Βαῖμοῦντος

299 1980 404 2032 καὶ
429 1982 520 2034 τὸν
559 1985 931 2058 πολιορκητὴν
983 1992 1197 2044 ἐκεῖνον
1247 1994 1564 2063 Δημήτριον
1609 1995 1887 2065 ὑπερϐαλ-

298 2075 554 2145 λόμενος,
586 2080 685 2148 τὴν
730 2081 1058 2150 Ἐπίδαμνον
1096 2085 1280 2136 πᾶσαν
1327 2085 1384 2136 ὲν
1423 2084 1499 2150 νῷ
1535 2084 1885 2153 βαλλόμενος,

295 2167 488 2230 πάσας
514 2168 726 2231 ὡδύνας
760 2170 1072 2240 μηχανικὰς
1105 2173 1250 2224 κατὰ
1289 2175 1389 2242 τῆς
1427 2174 1636 2236 πόλεως
1679 2176 1884 2246 ταύτης

292 2260 547 2330 ἐκίνησε,
615 2261 810 2330 πρῶτα
877 2263 976 2330 μὲν
1045 2263 1234 2334 κύκλῳ
1302 2265 1764 2337 περιϐαλλόμενος
1825 2269 1886 2323 τὸ

292 2353 504 2404 ἑαυτοῦ
551 2355 892 2422 στράτευμα,
920 2358 1015 2407 καὶ
1065 2356 1134 2408 τὰ
1177 2358 1344 2424 ἐγγὺς
1377 2359 1470 2410 καὶ
1527 2361 1886 2432 πορρώτερον

289 2442 396 2513 τῆς
440 2444 652 2507 πόλεως
692 2446 996 2516 Δυρραχίου
1053 2447 1400 2517 πολιορκῶνο
1451 2452 1547 2504 καὶ
1595 2452 1725 2505 ποτὲ
1785 2455 1886 2523 μὲν

293 2535 752 2598 ὑπαντιαζόντων
781 2539 944 2590 αὑτὸν
979 2539 1027 2572 ⁹³
1061 2542 1496 2610 στρατευμάτων
1532 2543 1886 2611 Ῥωμαϊκῶν,

293 2624 434 2676 ποτὲ
459 2623 517 2674 δὲ
551 2625 787 2694 ἐρημίας
837 2624 1006 2694 οὔσης
1049 2629 1156 2680 τῶν
1207 2630 1647 2683 ἀποκωλυόντων
1679 2633 1844 2686 αὐτόν
1870 2651 1886 2665 ο

296 2717 398 2768 καὶ
433 2715 691 2785 πολέμων
727 2717 942 2771 πολλῶν
980 2719 1073 2772 καὶ
1122 2719 1332 2774 κλόνων
1367 2723 1741 2792 δγγινομένων
1789 2724 1888 2777 καὶ

296 2807 504 2874 φόνωνς
539 2807 791 2880 καθάπερ
825 2809 1033 2864 ἄνωθεν
1079 2812 1319 2882 εἴρηται,
1354 2815 1493 2884 πρὸς
1526 2813 1628 2886 τὴν
1662 2815 1890 2885 πολιορ-

294 2898 429 2950 κίαν
457 2897 628 2966 αὐτὴν
652 2900 749 2967 τῆς
781 2902 988 2964 πόλεως
1013 2904 1320 2975 Δυρραχίου
1351 2905 1687 2975 ἀπέϐλεψεν.
1718 2906 1887 2960 Ἀλλὰ

298 2992 435 3059 πρὶν
467 2990 628 3060 ἥκειν
664 2993 744 3054 είς
775 2993 946 3064 αὐτὴν
978 2995 1199 3064 ἐκείνην
1240 2997 1340 3058 τὴν
1371 2998 1464 3049 ἐπὶ
1496 2998 1573 3068 τῷ
1595 3000 1888 3071 Δυρραχίῳ

1991 1897 2220 1950 hendam
2269 1895 2562 1960 ignaviteve
2621 1893 2876 1960 imputem
2926 1892 3070 1961 quod
3105 1889 3576 1958 Contostephanos

1991 2002 2284 2054 eorumque
2304 1986 2634 2039 excercitum
2666 1984 2792 2037 talis
2818 1985 3028 2051 species
3059 1983 3348 2050 perculerit
3373 1999 3386 2047 ;
3412 1984 3574 2035 etiam

1993 2079 2079 2133 ille
2117 2079 2541 2148 Argonauticus,
2567 2081 2728 2132 credo
2753 2080 3024 2146 equidem,
3049 2078 3311 2133 lectorum
3346 2079 3570 2131 heroum

1991 2173 2121 2226 ﬂore
2158 2181 2435 2237 constans,
2463 2174 2528 2225 ad
2552 2171 2708 2239 hujus
2738 2170 3044 2226 formidinis
3068 2185 3354 2226 occursum
3377 2171 3576 2223 cohor-

1994 2266 2192 2318 ruisset
2221 2265 2519 2325 exercitus,
2557 2263 2752 2315 nedum
2783 2262 3208 2331 Contostephani
3247 2260 3564 2328 Lantnlphi-

1993 2372 2099 2426 que
2128 2355 2241 2419 ieti,
2275 2365 2327 2410 et
2375 2355 2494 2421 ejus
2529 2355 2744 2426 generis
2794 2353 2883 2407 alii
2938 2355 3181 2422 quidam.
3235 2353 3378 2408 Satis
3431 2365 3564 2418 ergo

1990 2450 2296 2515 speculatus
2329 2457 2517 2500 contra
2577 2445 2885 2501 venientem
2915 2445 3252 2514 Lantulphns
3298 2445 3556 2504 classem,

1991 2556 2296 2604 numerum,
2324 2539 2574 2604 formam,
2599 2539 2763 2594 situm
2792 2549 2955 2608 atque
2985 2540 3308 2592 instructum
3336 2537 3575 2599 navium,

1991 2634 2139 2687 illum
2206 2633 2508 2700 praesertim
2591 2633 3058 2699 impenetrabilem
3135 2629 3572 2684 vastissimarnm

1992 2725 2370 2779 onerariarum
2406 2739 2619 2777 murum
2659 2734 2898 2777 armatas
2951 2724 3107 2776 ﬁrmo
3140 2723 3348 2776 ambitu
3382 2729 3572 2786 prote-

1992 2818 2254 2887 gentium,
2287 2832 2407 2885 quat
2435 2819 2594 2870 modo
2623 2814 2836 2886 singula
2871 2813 3177 2868 distinctius
3203 2811 3575 2879 exposuimus,

1993 2925 2096 2964 non
2127 2909 2286 2963 dubie
2340 2907 2645 2976 intelligens
2677 2921 2839 2974 quam
2875 2906 3032 2975 longe
3064 2905 3241 2974 impar
3269 2912 3413 2957 esset
3445 2901 3574 2956 moli

2001 3011 2164 3056 tantae
2195 3001 2320 3055 belli
2349 3017 2411 3053 ac
2445 3000 2671 3069 periculi
2705 3014 2824 3053 cum
2862 3012 2957 3066 spe
2985 2997 3176 3050 saltem
3211 2996 3388 3064 aliqua
3427 2993 3581 3047 exci-

302 3082 489 3150 μάχην
521 3081 615 3135 τοῦ
660 3086 931 3156 τυράννου
980 3086 1348 3158 Βαῖμούντου,
1388 3091 1690 3160 ἀναγκαῖόν
1720 3096 1885 3152 ἐστιν

1992 3093 2218 3162 piendae,
2273 3100 2486 3145 mature
2541 3089 2824 3143 declinans
2858 3088 2926 3140 ah
2984 3087 3196 3141 Aulone
3247 3085 3475 3139 lihermn
3524 3090 3580 3136 et

299 3174 501 3238 ειπεῖν,
542 3176 689 3240 ὅπως
723 3177 836 3246 ἔχει
865 3177 1071 3242 θέσεως
1101 3181 1134 3249 ή
1170 3181 1345 3244 πόλις.

1993 3201 2182 3255 purum
2236 3183 2538 3236 Baimundo
2603 3181 2888 3234 transitum
2953 3179 3230 3248 relinquit.
3299 3175 3487 3245 Itaque
3533 3173 3580 3227 is

297 3267 504 3338 insigni
538 3286 666 3325 usus
699 3272 884 3326 favore
941 3271 1173 3327 fortuna:
1233 3289 1262 3327 a
1312 3275 1472 3329 Bario
1527 3277 1594 3330 ad
1637 3279 1896 3332 Aulonem
1941 3295 2036 3348 per
2063 3287 2296 3338 tantum,
2367 3279 2529 3344 idque
2580 3279 2756 3343 ipsum
2809 3282 3246 3339 prmoccnpatum
3311 3270 3579 3332 hostibus,

302 3377 475 3427 mare,
529 3361 582 3415 in
615 3378 767 3417 oram
803 3363 994 3433 Illyrici
1032 3365 1320 3419 adversam
1390 3366 1654 3421 inoll'enso
1716 3371 1946 3438 trajectu
1997 3368 2502 3438 deportavit*370
2542 3365 2866 3419 incolumem
2901 3363 3225 3428 exercitum,
3280 3362 3450 3429 copiis
3502 3363 3582 3414 in-

300 3455 724 3510 numerabilibus
758 3456 974 3525 generis
1005 3457 1137 3510 varii
1192 3469 1550 3516 constantem.
1601 3457 1879 3529 Siquidem
1925 3461 1995 3514 ibi
2025 3470 2180 3515 erant
2216 3460 2410 3513 Franci
2439 3457 2686 3526 Gallique
2720 3456 2957 3524 plurimi,
2993 3469 3058 3508 ex
3097 3470 3160 3508 ea
3228 3455 3356 3506 item
3419 3463 3582 3520 gente

301 3547 612 3616 complures
658 3563 778 3616 quaa
823 3548 890 3600 ab
940 3547 1112 3604 Thule
1161 3549 1335 3604 insula
1388 3552 1688 3608 Romanam
1745 3555 1868 3610 olim
1911 3556 2063 3624 sequi
2118 3555 2366 3608 militiam
2405 3561 2738 3617 assueverat,
2812 3565 2960 3604 nunc
3017 3559 3199 3602 tamen
3294 3546 3578 3599 Baimundi

301 3638 513 3694 artibus
544 3647 598 3693 et
630 3639 992 3695 admiratione
1068 3641 1120 3694 in
1195 3651 1567 3699 transversum
1621 3655 1766 3715 acta,
1836 3647 2219 3716 lortnnamque
2245 3662 2309 3700 ac
2355 3661 2503 3714 spem
2561 3644 2741 3713 potius
2776 3657 2939 3709 quam
2993 3639 3228 3695 ollicinm
3262 3647 3316 3690 et
3354 3651 3567 3705 aequum

300 3742 578 3804 spectans,
614 3733 665 3786 in
701 3749 801 3789 nos
835 3733 1032 3790 infesta
1070 3739 1341 3793 veniebat.
1371 3739 1536 3793 Erant
1566 3752 1617 3795 et
1647 3757 1711 3795 ex
1745 3741 2073 3797 Germanico
2135 3755 2334 3811 genere
2398 3738 2668 3808 permulti,
2736 3745 2791 3790 et
2839 3750 2944 3789 non
2978 3733 3092 3787 fere
3155 3731 3441 3802 pauciores
3499 3743 3570 3783 ex

302 3827 620 3889 Celtiberis;
660 3843 782 3880 nam
807 3840 994 3896 gentes
1025 3843 1154 3881 acer
1199 3830 1528 3886 Bainmndns
1575 3835 1858 3890 universas
1896 3850 2016 3903 qua:
2066 3834 2198 3886 mari
2231 3831 2511 3886 Adriatico
2551 3830 2884 3896 Oceanoque
2951 3826 3271 3881 clauduntur
3353 3823 3572 3891 junctas

301 3921 723 3988 conjuratasqne
779 3920 832 3974 in
889 3936 984 3976 nos
1041 3933 1370 3977 armaverat.
1432 3923 1592 3978 Istam
1625 3941 1838 3979 omnem
1880 3925 2049 3980 feram
2079 3935 2131 3980 et
2164 3940 2410 3992 rapacem
2452 3921 2849 3978 multitudinem
2901 3919 2954 3972 in
3005 3916 3295 3972 littoralem
3330 3916 3561 3983 primum

205 4004 208 4007 ’
301 4027 466 4081 quam
503 4012 607 4065 late
639 4022 786 4080 patet
818 4027 970 4066 oram
1023 4017 1376 4080 continentis,
1412 4032 1532 4086 quae
1579 4016 1742 4072 Italia:
1807 4019 2040 4087 obiacet,
2107 4017 2277 4072 ell'use
2346 4014 2767 4086 praedalmndam
2837 4012 3078 4077 immisit,
3113 4025 3320 4064 summa
3353 4010 3564 4062 illarum

302 4108 544 4176 gentium
595 4105 846 4170 miseria;
897 4105 1094 4172 quibus
1125 4107 1287 4174 plane
1335 4110 1580 4178 spoliatis
1638 4110 1991 4182 funditusque
2057 4113 2356 4178 exhaustis,
2415 4109 2736 4179 Epidamno.
2793 4121 2956 4175 quam
3019 4103 3380 4176 Dyrrachium
3441 4098 3545 4154 dici

303 4215 448 4260 mus.
483 4200 770 4251 admovere
801 4212 860 4250 se
882 4198 1120 4265 undique
1149 4198 1435 4256 Raimundi
1484 4204 1654 4273 copia:
1719 4219 1951 4276 cmpere.
1995 4205 2292 4260 Consilium
2325 4212 2443 4258 erat
2474 4201 2706 4272 primum
2741 4199 2844 4253 ista
2876 4197 3036 4266 potiri
3083 4197 3324 4256 civitate,
3379 4193 3578 4248 deinde

301 4309 368 4350 ex
399 4309 464 4348 ea
496 4306 667 4360 usque
694 4291 760 4345 ad
796 4290 1325 4364 Constantinopolim
1366 4299 1611 4352 secundo
1658 4297 1888 4354 fortunae
1927 4315 2096 4356 cursu
2124 4297 2399 4370 praedandi
2433 4292 2705 4350 licentiam
2725 4291 3018 4346 extendere
3076 4296 3380 4358 cunctaque
3429 4285 3579 4340 ferro

1373 4429 1570 4491 Variae
1603 4429 1937 4510 Hectiones
1980 4448 2057 4494 ex
2102 4431 2244 4494 cod.
2282 4426 2546 4493 Coislin.

372 4532 419 4563 θ’
450 4529 566 4583 ἐπί.
642 4527 687 4560 ³³
716 4527 924 4583 αὐτῶν.

1404 4643 1540 4704 Car.
1589 4642 1905 4706 Dufresnii
1940 4648 2038 4707 Dn
2071 4645 2288 4724 Cangii
2323 4653 2512 4708 nolte.

375 4764 490 4834 (25)
540 4762 650 4817 Τοῦ
671 4761 987 4834 Αὐλῶνος.
1009 4761 1478 4834 ΓιιΙνὶιεῐνίηςζῐῘΙ).
1519 4779 1580 4823 tt,
1607 4780 1725 4827 cap.
1758 4766 1827 4819 56
1865 4787 1876 4817 ε

1991 4769 2302 4822 Boemnndo
2343 4778 2473 4823 tunc
2517 4767 2783 4823 meruisse
2845 4763 3059 4820 scrilnt.
3140 4760 3362 4834 Videtur
3395 4757 3578 4817 tamen

304 4832 395 4888 Eo
415 4836 676 4903 siquidem
713 4849 850 4884 anno
878 4833 1008 4886 “07
1038 4846 1308 4901 postquam
1334 4833 1664 4888 Boemundus
1687 4837 1750 4888 de
1773 4835 1900 4890 Gal-
2005 4840 2228 4892 innuere
2258 4838 2551 4894 Ortlericus
2588 4838 2800 4898 Vitalis,
2838 4836 2931 4889 lib.
2967 4849 3025 4895 It,
3067 4847 3189 4900 pag.
3219 4832 3346 4893 516,
3368 4834 3582 4888 cavisse

289 4907 388 4972 liis
428 4920 694 4971 regressus
735 4915 833 4976 est.
867 4914 1182 4976 conm-equm
1217 4913 1388 4976 gente
1431 4916 1899 4976 quantumcunque
1996 4909 2294 4976 Anglorum
2353 4923 2557 4976 regem,
2599 4923 2666 4961 nc
2720 4923 2786 4962 ex
2843 4904 3032 4976 Anglia
3076 4903 3324 4976 educeret
3385 4903 3582 4958 milites

279 4976 494 5041 ιρυιιιὲι,
526 4976 578 5025 iu
602 4982 756 5038 portu
786 4973 1110 5028 Brundusio.
1138 4973 1226 5040 qui
1259 4984 1331 5024 est
1356 4974 1407 5025 in
1437 4972 1648 5038 Apulia,
1674 4972 1896 5029 classem
1996 4972 2344 5032 Boemnndus
2375 4995 2388 5030 :
2415 4972 2837 5042 ‘Qui'antequam
2865 4973 3072 5026 Gallias
3096 4973 3399 5038 attingeret,
3430 4973 3580 5041 luga-

303 5059 458 5096 suam
492 5044 721 5109 paravit,
759 5045 848 5112 qui
881 5060 996 5096 cum
1043 5053 1255 5112 tempus
1307 5045 1376 5112 ad
1438 5046 1894 5112 transire/audam

301 5123 650 5178 exspectasset
722 5110 1093 5175 amtor-timum,
1129 5125 1200 5164 vn
1229 5110 1314 5165 Id.
1352 5111 1539 5166 Octob.
1592 5110 1753 5166 lances
1807 5117 1893 5169 ia-

302 5184 470 5249 ειπεεεὶ
503 5182 812 5251 Bulgariam
847 5184 1244 5247 navigaverunt,
1298 5194 1344 5234 et
1381 5183 1628 5236 Avalom's
1680 5195 1888 5251 portum

308 5265 716 5319 ccupat-erunt.
777 5253 972 5306 Eadem
1024 5252 1218 5306 habent
1255 5251 1506 5306 Albertus
1552 5254 1653 5315 Au.
1707 5254 1797 5308 lih.
1835 5273 1889 5315 κ.

308 5336 430 5389 cap.
469 5324 574 5385 58;
608 5332 661 5375 et
715 5333 906 5376 auctor
970 5322 1112 5374 llist.
1172 5319 1382 5376 Hieros.
1419 5337 1514 5376 an.
1567 5323 1706 5376 1107
1743 5329 1887 5392 apud

307 5407 466 5455 quem
535 5407 816 5460 perperam
869 5394 1092 5458 irrepsit
1144 5392 1432 5447 Ascalone.
1487 5407 1582 5459 pro
1634 5395 1888 5450 Avalone.

307 5461 462 5515 Adde
491 5462 630 5514 Rnh.
666 5463 731 5513 de
765 5462 941 5516 Monte
971 5476 1062 5515 an.
1098 5462 1234 5515 “07
1263 5471 1316 5514 et
1342 5460 1501 5516 1109.

377 5531 493 5601 (26)
527 5531 636 5585 Τοῦ
671 5531 923 5598 Βάρεως.
976 5531 1285 5586 Brundusio
1337 5532 1565 5586 solvisse
1616 5533 1889 5588 Boemnn-

313 5600 438 5654 dun
490 5603 679 5655 scribit
730 5612 926 5666 prmter
977 5602 1254 5670 Alhertutn
1285 5603 1386 5670 Aq.
1423 5611 1476 5655 et
1520 5601 1886 5670 Fulcherium,

317 5673 754 5753 \elttftscfjplpr,
787 5683 923 5753 tum;
955 5669 1172 5753 ινιιρν.
1197 5669 1462 5753 ⁸Ιίιίῃιιῖὶς.
1495 5672 1740 5753 ρει-δηθά.

406 5740 496 5811 27)
551 5741 694 5796 Ἀπὸ
739 5740 849 5810 τῆς
885 5741 1136 5810 Θούλης.
1183 5741 1385 5812 Anglos
1422 5740 1690 5814 intelligit,
1746 5758 1884 5815 quos

1996 5059 2074 5101 tos
2103 5066 2224 5100 suos
2283 5050 2336 5102 in
2375 5050 2620 5116 Angliam
2672 5048 2960 5104 direxerat.
3008 5055 3054 5096 et
3104 5045 3166 5095 de
3208 5043 3462 5116 adventus
3500 5045 3583 5096 sui

1993 5135 2156 5171 causa
2191 5121 2241 5171 in
2273 5112 2560 5172 Ausoniam
2600 5121 2706 5186 regi
2735 5116 3102 5176 mandaverat,
3127 5123 3175 5164 et
3201 5115 3338 5186 quod
3394 5112 3462 5165 ad
3488 5130 3582 5164 cu-

1993 5188 2126 5240 riam
2159 5189 2271 5253 ejus
2305 5182 2672 5257 transfretare
2693 5186 2860 5246 vellet,
2893 5186 3271 5257 insinuanerat.
3300 5182 3364 5233 At
3400 5193 3584 5257 contra

1990 5261 2233 5323 pro-virtus
2257 5275 2347 5310 rex
2370 5254 2600 5310 metuens
2633 5274 2695 5310 ne
2722 5259 2823 5310 sibi
2856 5256 3046 5307 electos
3075 5254 3265 5305 milites
3299 5263 3361 5301 de
3383 5254 3583 5323 (titione

1990 5322 2086 5379 sua
2124 5328 2474 5387 subtraheret,
2511 5328 2782 5380 mandavit
2840 5328 2886 5376 ei
2931 5341 2993 5377 ne
3039 5324 3317 5376 discrimen
3353 5322 3584 5387 hiberna!

1992 5399 2338 5466 navigationis
2381 5386 2596 5459 subiret,
2634 5395 2929 5466 prmaertim
2965 5409 3081 5446 cum
3110 5394 3217 5466 ipse
3242 5405 3332 5442 rea:
3352 5386 3582 5466 iuulilcuo

1987 5458 2276 5520 striavaale
2327 5458 2644 5535 Azymoruni
2690 5465 2911 5520 celebria
2963 5463 3350 5535 transfretaret,
3405 5458 3580 5524 ibique

1989 5538 2119 5590 satis
2142 5553 2314 5606 secum
2343 5528 2571 5606 colloqui
2605 5537 2822 5601 valeret,
2859 5535 3010 5606 quod
3041 5543 3087 5584 ct
3114 5528 3217 5606 '_ita
3252 5528 3451 5597 factum
3481 5537 3580 5585 est.

1987 5605 2146 5662 Certe
2178 5599 2534 5673 Rotomagum
2569 5599 2814 5673 ,vcnisse’
2857 5599 3221 5660 Boemnndum
3253 5608 3463 5668 _auctor
3492 5607 3581 5653 est

1985 5678 2145 5732 etiam
2181 5677 2498 5732 Eadmerus.
3592 5673 3596 5678 ’
