3974 6208
402 272 506 340 95!

1687 276 1910 335 ANNE
1943 270 2320 331 ΕΟΜΝΕΝᾸΞ

3551 261 3662 328 952

407 393 712 448 machinam
736 389 1054 455 agitantium
1085 407 1098 442 :
1121 404 1238 455 qua:
1265 397 1322 440 ut
1350 402 1407 440 se
1434 389 1685 457 ipsosque
1710 389 1967 456 pulsando

2077 403 2186 439 νων
2208 385 2347 456 ὀπὴν
2369 383 2746 455 ἀνεῤῥωγότες
2770 382 2894 436 κατ⁹
2920 380 3150 454 ἀντικρῦ
3185 381 3282 436 καὶ
3315 379 3654 450 ϐιασάμενοι

402 488 682 553 rumperet
709 495 984 546 nunquam
1020 481 1232 548 aperire
1275 481 1654 533 tantum-muri
1702 481 1824 534 labe
1853 481 1972 532 adi-

398 585 510 628 tum
545 581 746 640 posset,
787 579 1049 638 quantum
1083 580 1226 623 esset
1270 571 1414 637 quod
1466 571 1606 624 ultro
1655 571 1974 636 aperiebant

399 665 633 732 spatium
661 672 938 731 portarum
978 662 1288 729 patentibus
1318 661 1507 716 valvis.
1540 661 1602 715 lli
1640 662 1780 715 sales
1811 672 1974 728 atque

398 753 485 804 illa
509 751 702 804 fiducia
743 766 866 818 quae
896 750 1066 804 Alexii
1113 753 1323 817 nepotis
1349 751 1574 821 Augusti
1617 753 1853 806 obsessa:
1878 768 1973 806 ur-

402 844 506 904 bis,
552 843 628 895 uti
675 842 932 902 diximus,
966 843 1239 909 praefecti.
1279 845 1588 913 ducumque
1623 861 1684 899 ac
1737 847 1968 899 militum

401 935 522 1001 eius
549 933 854 1002 intrepidos
900 933 1116 988 animos
1142 936 1464 1003 prodebant,
1506 947 1558 989 et
1591 950 1762 1004 usque
1807 937 1872 989 ad
1910 936 1974 989 li-

401 1026 632 1081 centiam
681 1025 899 1094 jocandi
951 1040 1176 1078 securas
1231 1036 1455 1089 mentes,
1483 1027 1624 1081 haud
1659 1028 1760 1081 laeti
1801 1028 1972 1082 Gallis

398 1119 723 1173 accidebant
759 1137 771 1172 :
805 1135 1034 1187 quorum
1084 1121 1159 1172 illi
1194 1120 1400 1173 alacres
1449 1121 1823 1175 inchoantium
1856 1123 1972 1188 spi-

397 1211 540 1265 ritus
569 1211 711 1265 tristi
738 1210 847 1280 jam
885 1212 1266 1276 desperatione
1319 1213 1602 1266 constricti
1660 1215 1967 1281 torpebant,

394 1302 460 1356 ad
493 1303 651 1356 talem
706 1301 1096 1369 experientiam
1144 1302 1454 1357 inutilitatis
1511 1314 1800 1357 conatuum
1846 1319 1970 1360 suo-

396 1410 554 1459 rum;
608 1394 1090 1462 praeiudiciumqne
1126 1396 1324 1464 passim
1378 1411 1568 1451 omnes
1610 1407 1772 1466 atque
1799 1413 1971 1466 augu-

397 1487 535 1541 rium
599 1487 726 1540 inde
754 1503 860 1540 non
893 1503 1087 1541 vanum
1142 1488 1413 1543 ducebant
1462 1492 1660 1560 incepti
1710 1505 1960 1547 soccesst;

395 1580 660 1642 carituri;
692 1579 952 1649 languere
996 1580 1160 1648 igitur
1194 1595 1257 1633 ac
1287 1581 1562 1634 remittere
1598 1569 1965 1648 industriam;

398 1685 498 1725 nec
540 1670 640 1724 nisi
671 1670 1049 1740 desperatione
1079 1671 1232 1740 quasi
1282 1686 1506 1727 enerves
1554 1672 1795 1744 inﬂigere
1827 1675 1966 1728 ictus

2079 479 2139 531 τὸ
2181 477 2384 547 πλῆθος
2434 477 2542 530 ἀπὸ
2599 476 2700 545 τῆς
2757 475 2910 538 ἐντὸς
2967 476 3262 544 γινομένης
3317 475 3650 545 τρυμαλιᾶς,

2078 571 2214 637 πυρὶ
2243 568 2310 622 τὰ
2356 569 2561 621 τούτων
2619 567 2889 637 πρόσωπα
2919 565 3342 636 κατῃθάλωσαν.
3369 566 3542 620 Τοῦτο
3589 567 3648 621 δδ

2076 661 2137 713 τὸ
2170 661 2278 729 πῦρ
2308 661 2415 713 ἀπὸ
2445 659 2704 712 τοιούτων
2762 659 3177 727 μηχανημάτων
3213 661 3400 720 αὐτοῖς
3435 659 3650 712 διεσκέ-

2075 756 2258 807 δαστο.
2298 753 2427 804 Ἀπὸ
2463 754 2559 816 τῆς
2593 753 2926 820 πεύκης(5ϐ)
2957 754 3052 806 καὶ
3080 752 3257 805 ἄλλων
3287 751 3455 804 τινῶν
3473 750 3651 804 τοιού·

2074 863 2179 898 των
2211 846 2442 910 δένδρων
2473 844 2742 896 ἀειθαλῶν
2766 844 3055 910 συνάγεται
3084 844 3316 912 δάκρυον
3347 844 3648 899 ἅκαυστον.

2075 938 2246 991 Τοῦτο
2282 939 2419 1006 μετὰ
2448 937 2593 990 θείου
2625 937 2947 1006 τριϐόμενον
2995 936 3327 1005 ὲμὸἀλλεται
3386 937 3466 998 εἰς
3493 935 3649 988 αὖλί-

2075 1045 2237 1090 σκους
2271 1029 2538 1098 καλάμων
2560 1029 2652 1081 καὶ
2684 1029 3001 1096 ὲμφυσᾶται
3045 1027 3195 1096 παρὰ
3227 1027 3323 1079 τοῦ
3354 1027 3649 1088 παίζοντος

2072 1120 2262 1190 λάϐρῳ
2286 1121 2382 1174 καὶ
2411 1123 2625 1190 συνεχεῖ
2653 1121 2947 1189 πνεύματι,
2973 1117 3096 1190 κᾷθ’
3143 1118 3318 1180 οὕτως
3357 1119 3542 1187 ὀμιλεῖ
3569 1117 3650 1186 τῷ

2073 1214 2212 1282 πρδς
2243 1213 2423 1282 ἄκραν
2471 1211 2606 1280 πυρὶ
2647 1211 2743 1263 καὶ
2771 1209 3090 1275 ἐξάπτεται.
3124 1210 3218 1261 καὶ
3253 1209 3446 1277 ὥσπερ
3496 1225 3640 1278 πρη-

2075 1302 2212 1374 στὴρ
2239 1303 2502 1371 ἐμπίπτει
2531 1304 2653 1363 ταῖς
2687 1301 3108 1370 ἀντιπρόσωπον
3136 1301 3315 1368 ὂψεσι,
3349 1300 3540 1369 Τούτῳ
3570 1299 3649 1368 τῷ

2071 1393 2206 1463 πυρὶ
2235 1391 2563 1462 κεχρημένοι
2609 1393 2658 1444 οἱ
2709 1391 2898 1446 τᾶνδον
2927 1391 3020 1443 τοῦ
3043 1392 3352 1461 Δυῤῥαχέου
3380 1391 3648 1460 κατέχον-

2071 1502 2185 1548 τες,
2219 1485 2452 1552 ἐπείπερ
2480 1482 2890 1552 ἀντιπρόσωποι
2912 1478 3053 1552 ἦσαν
3083 1484 3194 1544 τοῖς
3228 1481 3513 1549 πολεμίοις
3546 1482 3648 1543 τάς

2071 1593 2130 1628 τε
2157 1575 2441 1644 γενειάδας
2482 1573 2662 1627 αὐτῶν
2694 1574 2788 1626 καὶ
2815 1575 2885 1626 τὰ
2911 1573 3251 1640 κατέφλεξαν
3277 1572 3550 1642 πρόσωπα
3575 1573 3645 1627 ’⁸.

2073 1668 2184 1720 Καὶ
2205 1661 2272 1737 ἦν
2306 1665 2436 1718 ἰδεῖν
2462 1665 2687 1726 τούτους
2711 1664 2964 1733 καθάπερ
2989 1667 3193 1734 σμῆνος
3235 1665 3508 1732 μελισσῶν
3539 1666 3650 1717 ὗπὶ

395 1766 755 1831 Innro,'-quem
779 1764 936 1832 lenge
969 1764 1223 1818 firmioris
1255 1775 1536 1818 senserant
1569 1767 1770 1835 operis,
1801 1781 1962 1835 quam

2075 1757 2286 1810 καπνοῦ
2315 1757 2667 1824 διωκόμενον.
2703 1756 3065 1824 ἐξαγομένον;
3093 1757 3364 1819 ἀτάκτως.
3399 1756 3526 1810 ὅθεν
3552 1757 3650 1809 εὖ·

397 1864 453 1905 ut
488 1869 587 1905 suo
619 1849 898 1924 perrumpi
949 1855 1237 1923 quantovis
1282 1867 1476 1910 conatu
1529 1867 1730 1927 posset.
1766 1856 1964 1914 Verum

396 1944 554 1996 arieti
587 1959 652 1996 ne
676 1945 894 2012 penitus
926 1960 987 1999 ce
1009 1955 1168 1998 'saret
1196 1961 1391 2000 novum
1419 1947 1844 2018 Dyrracbienses
1873 1965 1966 2003 ne-

395 2035 598 2101 gotium
657 2035 1003 2089 facessivere.
1056 2035 1294 2106 lojectus
1329 2039 1473 2092 enim
1529 2039 1599 2093 ab
1661 2040 1726 2093 iis
1765 2055 1831 2094 ex
1858 2040 1966 2095 alto

391 2125 532 2196 ignis
593 2128 857 2182 ouantem
913 2130 1220 2182 machinam
1254 2131 1562 2199 corripiens
1616 2131 1668 2186 in
1725 2111 1964 2186 cinerem

391 2219 642 2274 mutavit.
679 2220 762 2273 Ab
791 2221 890 2274 hac
922 2237 1018 2291 spe
1058 2222 1250 2288 dejecti
1281 2222 1417 2276 Galli
1456 2225 1522 2277 ad
1571 2224 1717 2278 aliud
1748 2225 1968 2279 terribi-

391 2308 496 2361 lius
545 2311 826 2364 inventum
856 2312 1212 2381 cogitationes
1242 2314 1520 2383 appulere.
1567 2315 1648 2368 Ad
1683 2316 1959 2371 borealem

390 2399 541 2455 urbis
595 2410 805 2470 partem
855 2417 886 2457 e
943 2405 1166 2472 regione
1205 2405 1480 2458 cathedra:
1533 2405 1763 2468 ducalis,
1800 2423 1960 2474 quem

389 2490 564 2546 locum
589 2493 902 2558 praetorium
932 2495 1242 2558 nominant,
1273 2497 1512 2550 tumulus
1541 2497 1790 2565 surgebat
1818 2499 1961 2552 nulla

391 2582 535 2636 intus
568 2582 706 2635 mole
739 2597 898 2636 saxea
947 2584 1178 2649 solidus,
1217 2586 1309 2640 sed
1355 2596 1496 2641 terra
1549 2590 1810 2641 duntaxat
1844 2607 1962 2642 mo-

388 2669 478 2724 bili
521 2681 791 2741 aggestus,
818 2689 991 2742 supra
1025 2689 1183 2744 quem
1214 2674 1469 2731 lundatns
1497 2677 1740 2732 civitatis
1773 2696 1960 2734 llttll'llS

2070 1848 2288 1910 τάκτως
2340 1847 2617 1917 εἰσῄεσαν.
2665 1845 2820 1898 Ἐπεὶ
2855 1845 2911 1898 δὲ
2972 1847 3067 1898 καὶ
3128 1845 3287 1898 τοῦτο
3342 1846 3533 1908 αὐτοῖς
3564 1846 3647 1907 εἰς

2071 1939 2252 2008 μάτην
2310 1939 2616 2006 ἐπεπόνητο
2655 1940 2747 1991 καὶ
2786 1939 2817 2007 ἡ
2871 1937 3184 2008 βαρϐαρικὴ
3242 1937 3468 2006 φροντὶς
3502 1935 3644 2006 αὕτη

2067 2036 2146 2097 ei;
2180 2034 2332 2087 οὐδὲν
2363 2033 2480 2086 δέον
2510 2033 2932 2102 ἁπετελεὺτησε,
2968 2035 3152 2103 τριῖτον
3191 2033 3374 2094 αὐτοῖς
3407 2033 3648 2084 ἐπινοεῖ-

2065 2146 2156 2181 ται
2197 2127 2516 2197 μηχάνημα.
2570 2127 2783 2196 Πύργος
2839 2127 3047 2191 ξύλινος
3079 2129 3240 2196 ὅπερ,
3290 2127 3366 2188 ὡς
3398 2129 3431 2195 ὴ
3483 2126 3644 2195 φήμη

2067 2220 2224 2289 φησὶ,
2259 2219 2618 2290 πολιορκητὸν
2660 2219 2891 2288 ὄργανον
2939 2219 2999 2271 οὐ
3036 2218 3177 2287 μετὰ
3228 2218 3330 2285 τὴν
3378 2217 3646 2286 ἀστοχῐαν

2065 2312 2175 2363 τῶν
2202 2311 2728 2382 προετκευασμένων
2757 2311 3006 2381 ὀργάνων
3042 2312 3320 2378 κατῆρκτο
3364 2307 3640 2376 γίνεσθαι,

2063 2403 2200 2454 ἀλλὰ
2245 2401 2352 2472 πρὸ
2387 2402 2592 2454 τούτων
2621 2403 2699 2464 ei;
2740 2401 2986 2454 ἐνιαυτὸν
3013 2400 3157 2462 ὅλον,
3214 2398 3374 2451 τοῦτο
3415 2397 3517 2468 μὲν
3548 2397 3644 2465 ἔρα

2063 2512 2158 2562 γον
2186 2492 2322 2563 εἶχε,
2360 2495 2429 2548 τὰ
2452 2496 2508 2546 δὲ
2565 2494 2938 2562 προειρημένα
2989 2493 3030 2525 ’³
3097 2494 3308 2560 ὄργανα
3338 2491 3642 2560 πάρεργον.

2075 2588 2236 2642 Ἀλλὰ
2265 2589 2343 2640 δεῖ
2398 2605 2464 2657 με
2499 2588 2764 2656 πρότερον
2809 2585 2968 2658 ὀλίγα
3014 2586 3145 2655 περὶ
3198 2584 3294 2636 τοῦ
3355 2584 3643 2652 σχήματος

2063 2681 2372 2752 Δυρραχὶου
2401 2677 2815 2748 ἀφηγήσασθαι.

386 2774 525 2819 erat.
566 2767 646 2819 Ad
695 2768 838 2820 hunc
891 2779 1039 2822 recta
1107 2769 1372 2824 tumulum
1413 2773 1697 2828 Baimundi
1756 2778 1956 2830 milites
2039 2778 2252 2832 munire
2318 2777 2419 2830 sibi
2471 2777 2610 2826 viam
2658 2775 3066 2828 subterraneam
3101 2775 3240 2827 fossa
3288 2773 3448 2842 lange
3475 2769 3643 2824 ducta

385 2862 686 2925 coeperunt.
743 2856 837 2911 Sic
886 2867 1001 2912 tuto
1064 2874 1238 2928 usque
1265 2861 1332 2916 ad
1379 2865 1644 2918 tumulum
1685 2869 1959 2936 progressi
2003 2869 2290 2939 perfodere
2335 2867 2446 2936 jam
2479 2866 2604 2919 illud
2648 2881 2711 2920 ac
2739 2881 2804 2918 eo
2845 2865 3218 2934 perterebrata
3259 2866 3360 2917 iter
3421 2864 3475 2918 in
3545 2877 3641 2916 ur-

383 2949 510 3004 bem
561 2947 664 3002 sibi
716 2950 954 3018 pandere
1007 2967 1218 3006 summa
1264 2969 1367 3022 ope
1402 2957 1761 3022 conabantur,
1846 2968 1989 3016 terra
2065 2960 2293 3030 impigre
2348 2957 2607 3012 movenda
2686 2956 3072 3025 subeundaqne
3123 2957 3387 3024 talparum
3458 2970 3633 3019 more,

384 3038 642 3102 prtesenti
693 3053 827 3092 sane
858 3040 1010 3094 urbis
1040 3042 1312 3110 periculo;
1363 3045 1448 3099 cui
1491 3046 1690 3101 frustra
1723 3049 1956 3118 primum
1998 3051 2423 3122 Dyrracbienses
2479 3048 2840 3101 occurrebant
2919 3047 3068 3102 saxis
3132 3047 3357 3117 telisque
3399 3062 3644 3116 superne

378 3128 686 3195 ineundis;
719 3145 840 3182 nam
869 3131 1006 3184 Galli
1047 3135 1211 3186 densa
1265 3135 1451 3189 subter
1491 3148 1651 3206 atque
1699 3140 2096 3208 impenetrabili
2157 3142 2430 3196 testudine
2462 3141 2684 3194 hostiles
2715 3155 2903 3194 omnes
2929 3141 3046 3209 ejus
3117 3144 3329 3208 generis
3411 3141 3644 3208 injurias

385 3219 588 3276 innoxii
625 3222 894 3293 ridebant.
927 3223 1162 3279 Eatenus
1183 3240 1314 3294 ergo
1353 3230 1462 3284 voti
1500 3242 1778 3300 compotes
1811 3233 1938 3290 facti
1981 3245 2192 3289 suntut
2228 3236 2388 3288 latam
2429 3234 2768 3303 longitu'line
2806 3233 3008 3303 ingenti
3087 3233 3288 3287 fossam
3359 3236 3641 3304 produce-

383 3322 506 3368 rent
550 3314 709 3369 facile
745 3317 984 3384 perviam
1017 3328 1072 3370 et
1138 3328 1362 3389 purgata
1428 3333 1823 3393 exportataque
1874 3328 2129 3394 plaustris
2188 3328 2415 3382 saburra
2470 3326 2732 3380 inull’enso
2801 3328 2936 3396 pede
2981 3327 3287 3382 meabilem.
3366 3326 3530 3398 383
3565 3332 3642 3386 Ac

385 3425 634 3478 magnam
667 3409 767 3464 sibi
805 3425 914 3464 rem
956 3411 1268 3478 prazstitisse
1299 3413 1396 3467 visi
1445 3416 1589 3470 serio
1648 3419 2136 3490 gaudebantquasi
2194 3428 2430 3474 meatum
2486 3421 2897 3474 subterranemn
2934 3433 2998 3472 eo
3086 3419 3298 3472 tandem
3347 3422 3638 3486 perduxis.

383 3509 504 3557 sent
557 3503 696 3556 unde
746 3512 802 3556 ut
861 3503 1046 3556 urbem
1106 3504 1335 3558 vit-tores
1389 3507 1800 3576 ingrederentur
1852 3511 1986 3564 nihil
2025 3522 2253 3566 restaret
2286 3512 2386 3564 nisi
2417 3511 2872 3566 cuniculariorum
2907 3510 3128 3564 ultimus
3161 3509 3393 3577 impetus
3423 3509 3478 3564 in
3511 3527 3642 3581 per.

387 3597 589 3650 fossam
622 3611 800 3651 arcem
853 3611 1102 3664 rumpere
1143 3599 1346 3652 aditum
1404 3602 1733 3668 parantium,
1767 3603 1953 3672 utique
1993 3618 2097 3658 non
2124 3605 2244 3659 sine
2279 3619 2470 3674 magna
2497 3617 2783 3657 successus
2826 3615 2942 3669 spe.
2976 3601 3046 3654 At
3117 3601 3436 3669 praesidiarii
3499 3602 3638 3674 Dyr-

387 3689 592 3742 rbaebii
625 3687 929 3742 contrarios
961 3702 1024 3741 ex
1053 3689 1279 3743 adverso
1305 3691 1589 3746 cuniculos
1621 3701 1677 3748 et
1699 3693 1800 3763 ipsi
1837 3703 2082 3764 egerant,
2116 3695 2381 3764 longeque
2414 3695 2630 3748 obviam
2714 3693 3078 3759 produxerant
3130 3707 3274 3746 caeco
3353 3692 3440 3746 isti
3519 3694 3624 3745 ho-

383 3785 544 3839 stium
577 3783 799 3837 adversa
828 3783 1005 3837 fronte
1033 3785 1443 3850 respondentem
1475 3785 1700 3849 fossam,
1763 3789 1999 3858 amplam
2065 3804 2278 3859 quoque
2338 3789 2509 3859 ipsam
2546 3791 2760 3854 lateque
2806 3800 3024 3838 vacuam
3063 3803 3076 3839 :
3123 3786 3209 3840 ubi
3256 3787 3392 3841 lecta
3445 3800 3640 3841 manus

385 3879 689 3934 excubabat
745 3880 983 3932 virorum
1046 3879 1264 3934 fortium
1326 3891 1614 3952 exceptura
1693 3884 1949 3952 impetum
1985 3885 2345 3953 Francorum,
2385 3889 2562 3954 siqua
2600 3891 2670 3945 illi
2709 3893 3122 3947 subterraneum
3204 3888 3410 3941 aditum
3482 3901 3637 3940 rum-

382 3981 595 4040 perent.
653 3969 821 4024 Porro
879 3971 1206 4040 procedente
1236 3973 1504 4042 utrimque
1533 3988 1714 4042 Opere,
1759 3974 1944 4028 audire
1983 3977 2214 4044 primum
2252 3982 2417 4033 nostri
2459 3979 2636 4036 Gallos
2671 3997 2954 4050 coeperunt
3002 3983 3282 4037 molientes
3355 3983 3638 4053 vastisque

385 4062 667 4132 pulsantes
709 4061 906 4116 ictibus
964 4063 1102 4116 muri
1137 4073 1342 4132 partem
1374 4063 1616 4117 infimam
1660 4079 1723 4119 ac
1759 4065 2109 4120 fundamenta
2161 4070 2274 4137 ipsa
2326 4071 2616 4136 moanium;
2679 4074 2820 4127 unde
2881 4083 2934 4127 et
2978 4089 3144 4143 prope
3222 4073 3420 4128 abesse
3487 4074 3636 4143 ipsos

385 4165 438 4209 et
471 4155 558 4208 tibi
613 4164 797 4208 essent
831 4155 1114 4218 admoniti,
1159 4153 1403 4208 foramen
1454 4170 1572 4208 eam
1633 4154 1684 4209 in
1745 4168 1956 4223 partem
1994 4159 2238 4223 pervium
2291 4159 2468 4215 fecere
2506 4177 2612 4231 quo
2638 4163 2750 4232 jam
2786 4175 3111 4235 usurpantes
3177 4166 3349 4220 oculis
3402 4165 3627 4221 ferven-

385 4257 493 4301 tem
531 4246 681 4300 intus
740 4247 1133 4301 multitudinem
1182 4247 1482 4314 Gallorum,
1528 4250 1649 4319 igne
1718 4253 1866 4319 ipsos
1937 4267 2034 4321 per
2067 4254 2388 4322 patefactam
2425 4257 2616 4310 rimam
2657 4261 2850 4313 missili
2906 4262 3180 4329 petebant.
3213 4259 3356 4330 Ignis
3397 4262 3486 4318 hic
3523 4277 3630 4330 qua

385 4339 612 4393 materia
675 4347 972 4404 constaret,
1025 4353 1129 4406 qua
1185 4350 1304 4394 arte
1353 4355 1530 4408 quove
1589 4342 1954 4396 inetrnmento
1988 4342 2286 4413 iaceretur,
2316 4347 2552 4402 breviter
2579 4349 2766 4406 doceo.
2799 4351 2964 4404 Pinus
2992 4362 3046 4407 et
3113 4354 3278 4421 picea:
3339 4351 3632 4405 arborum-

382 4447 487 4502 que
521 4433 571 4486 id
617 4447 788 4503 genus
821 4432 890 4486 ob
923 4448 1146 4487 succum
1188 4434 1332 4488 intus
1377 4435 1632 4502 pinguem
1691 4437 1744 4489 in
1811 4438 1991 4492 virore
2066 4444 2513 4509 peretmantium,
2575 4441 2825 4509 lacryma:
2880 4443 3083 4497 stillant
3146 4443 3400 4513 unguinis
3448 4442 3630 4506 lenti,

379 4525 656 4594 oleosique
703 4525 946 4594 glutinis,
999 4525 1171 4579 amica
1229 4523 1458 4579 llammre
1497 4529 1768 4590 materies,
1802 4542 1856 4583 et
1885 4545 1946 4584 ea
1987 4540 2246 4600 concepta
2281 4535 2371 4585 diu
2405 4533 2628 4587 durans.
2661 4532 2770 4588 lloc
2801 4537 2999 4605 gummi
3028 4544 3315 4590 contusum
3382 4545 3438 4590 et
3503 4552 3630 4602 cum

381 4617 572 4674 intrito
603 4617 764 4674 simul
801 4617 1062 4686 sulphure
1114 4617 1164 4669 in
1196 4632 1357 4669 unum
1410 4621 1684 4686 pulverem
1721 4624 2092 4687 coinmistnm,
2121 4624 2171 4676 in
2233 4639 2394 4679 cavas
2439 4625 2766 4679 calamorum
2833 4640 3240 4697 cannarumque
3299 4628 3465 4683 tibias
3531 4629 3631 4683 ad-

381 4730 536 4768 versa
587 4723 741 4783 parte
783 4725 1076 4766 succensas
1115 4709 1372 4764 indebant.
1443 4709 1868 4781 Dyrracliienses
1932 4717 2150 4769 nostri:
2212 4725 2320 4768 tum
2387 4717 2484 4784 ipsi
2543 4733 2606 4770 ex
2687 4733 2749 4772 ea
2811 4717 2952 4772 tibia:
3007 4727 3157 4786 parte
3213 4734 3335 4787 qua:
3403 4721 3634 4776 vacabat

381 4814 619 4879 ﬂamma,
685 4811 987 4866 vehementi
1033 4809 1296 4878 pellentes
1324 4819 1376 4862 et
1407 4819 1793 4878 perseverante
1832 4812 2023 4882 spiritu
2055 4814 2266 4882 piceum
2299 4815 2440 4868 istud
2507 4815 2796 4883 igniarium
2826 4817 3001 4884 quoad
3079 4829 3249 4886 usque
3310 4817 3376 4870 ad
3443 4827 3630 4872 extre-

381 4909 623 4960 mitatem
659 4905 779 4975 igne
812 4904 960 4972 prius
981 4910 1241 4970 concepto
1274 4899 1591 4968 ﬂagrantem
1632 4902 2058 4968 promovissent,
2088 4905 2167 4959 sic
2200 4921 2491 4960 accensum
2534 4906 2728 4961 deinde
2786 4906 3064 4960 dllllabant
3131 4907 3182 4960 in
3250 4909 3434 4962 vultus
3495 4924 3632 4964 ocu-

382 4997 570 5061 losque
622 4997 974 5048 adversorum
1028 4994 1286 5060 hostium,
1351 4993 1653 5048 incredibili
1721 4994 1961 5063 pernicie
1999 4993 2235 5061 illorum,
2267 4996 2465 5065 quippe
2511 5009 2633 5050 cum
2685 4995 2906 5060 barbas,
2971 5012 3178 5063 genas,
3229 4997 3377 5061 cilia,
3447 5000 3630 5068 capita

379 5091 654 5147 Gallorum
709 5091 897 5158 pernix
962 5090 1177 5144 ﬂamma
1224 5092 1542 5160 corriperet,
1581 5090 1938 5158 pertinaxque
1998 5091 2309 5158 depasceret
2351 5093 2632 5147 adlizerens
2687 5101 2848 5159 atque
2890 5093 3209 5152 immorans.
3247 5091 3390 5145 nulla
3433 5104 3630 5148 contra

382 5189 542 5241 talem
599 5191 802 5252 pestem
859 5183 1175 5238 fortitudine
1221 5187 1472 5238 durante.
1523 5183 1710 5251 Itaque
1743 5184 1947 5250 passim
1987 5182 2173 5237 videre
2199 5193 2316 5236 erat
2345 5198 2459 5250 eos,
2511 5183 2660 5238 velut
2704 5197 2867 5252 apum
2907 5180 3055 5236 fumo
3135 5180 3438 5238 alllatarum
3497 5199 3632 5240 exa-

1389 5295 1594 5358 Variaa
1629 5293 1941 5357 lectiones
1984 5311 2064 5357 ex
2108 5294 2251 5356 cod.
2297 5295 2554 5358 Coislin.

451 5402 498 5435 “
523 5399 590 5456 τὰ
617 5397 883 5468 πρόσωπα
925 5396 1282 5464 κατέφλεξαν.
1341 5375 1402 5427 ⁴¹¹
1428 5396 1824 5467 προειρημένα.

1446 5490 1588 5550 Car.
1622 5487 1951 5551 Dufresnii
1987 5490 2083 5549 Du
2111 5488 2337 5569 Cangii
2361 5475 2554 5552 ἠοιω.

449 5599 562 5669 (56)
605 5595 751 5650 Ἀπό
803 5609 866 5647 τε
899 5590 1010 5669 τῆς
1057 5589 1306 5656 πεύκης.
1351 5587 1513 5660 392
1541 5589 1794 5646 Albertus
1843 5588 1945 5659 Aq.

2071 5626 2076 5643 .
2127 5605 2189 5656 tt,
2234 5605 2355 5659 cap.
2391 5590 2460 5645 36
2485 5607 2498 5642 :
2524 5588 2758 5645 Facular
2789 5592 3034 5647 ardentes
3065 5609 3179 5646 cum
3212 5596 3327 5662 pice
3383 5605 3432 5649 et
3471 5595 3635 5668 adipe

373 5663 583 5736 iactam
611 5681 764 5721 super
795 5663 1116 5719 machinam.
