3998 6206
531 276 637 341 955

1814 278 2038 339 ΑΝΝᾸΞ
2078 280 2095 338 ί

2197 280 2464 342 ﬂNEN/E
3591 288 3671 349 93.6

528 406 635 461 quo
675 389 1150 461 Dyrrachiensium
1203 403 1386 445 veram
1440 389 1834 446 dimensionem
1882 395 2088 463 potuis-

2197 410 2364 461 γαστο
2398 398 2508 465 γὰρ
2531 393 2907 464 ἁπανταχόθεν
2935 392 3219 463 ἐκβάσεως
3243 392 3359 461 ἄχρι
3378 392 3460 446 καὶ
3481 402 3672 466 κορυφῆς

528 481 691 538 sent?
736 482 1007 538 Ceterum
1068 498 1189 537 cum
1242 482 1330 535 diu
1381 483 1549 536 turris
1605 482 1706 537 ista
1742 482 1870 538 dum
1917 490 2102 555 procul

532 581 913 628 exstrueretur
943 572 1105 627 minis
1134 573 1241 626 illis
1273 573 1403 640 ipsis
1437 574 1592 630 melis
1628 585 1792 630 vastas
1832 576 1938 633 late
1967 571 2100 633 eo..-

529 666 733 733 spicum
773 665 1059 719 terruisset
1106 663 1554 735 Dyrrachieuses,
1602 680 1668 721 eo
1699 666 1923 735 :deinde
1973 672 2103 739 ipsis

529 756 825 811 admovere
856 757 1078 825 pr0pius
1110 772 1418 824 augereque
1471 757 1815 813 formidinem
1847 761 1959 813 visa
1996 772 2097 826 est,

527 861 637 914 quo
672 847 787 915 ipsa
821 848 991 918 magis
1014 848 1079 902 ad
1112 863 1207 903 eos
1241 858 1478 902 rotarum
1523 852 1715 906 subtus
1765 853 2099 906 versatiliqu

528 953 631 1006 ope
677 942 1115 1003 promovebatur.
1167 939 1489 995 Intendebat
1538 943 1951 997 admirationem
2014 946 2100 999 in-

526 1028 795 1082 tuentium
844 1029 985 1099 quotl
1031 1046 1152 1084 cum
1209 1030 1398 1099 ingens
1443 1045 1506 1085 ea
1556 1032 1727 1087 moles
1763 1049 1791 1086 a
1842 1035 2102 1091 militibus

529 1118 669 1173 intra
700 1117 814 1187 ejus
849 1122 1061 1175 viscera
1086 1120 1522 1176 dilitesceutibus
1560 1123 1794 1177 vectium
1842 1139 2104 1192 quorum-

526 1209 646 1264 dam
676 1208 972 1281 agitatione
1003 1227 1199 1266 arcana
1247 1223 1574 1276 moveretur,
1621 1215 1857 1283 speciem
1915 1216 2101 1286 procul

524 1303 803 1370 prxebebat
835 1305 989 1374 quasi
1023 1305 1259 1373 gigantis
1288 1306 1459 1361 nubes
1488 1307 1693 1361 vertice
1742 1311 2013 1377 tangentis
2047 1319 2096 1365 et

527 1394 830 1451 incedentis
870 1396 1017 1451 vitali
1051 1407 1214 1465 atque
1245 1398 1295 1449 in
1323 1397 1440 1465 ipso
1471 1398 1571 1452 sita
1596 1397 1875 1461 facultate,
1906 1401 2102 1468 quippe

526 1488 680 1555 cujus
729 1498 909 1543 motus
966 1500 1305 1554 cerneretur,
1372 1500 1550 1545 mmor
1616 1506 1720 1544 non
1791 1502 2097 1560 appareret.

523 1578 732 1634 Czetera
765 1595 924 1650 porro
954 1582 1178 1636 monstri
1218 1581 1428 1650 species
1459 1580 1592 1634 nihil
1632 1596 1733 1634 non
1781 1582 2101 1651 prmfcrebat

524 1672 854 1726 eutuulando
907 1673 1099 1727 terrori
1142 1674 1631 1727 accommodatum.
1668 1671 1861 1729 Latere
1918 1678 2097 1728 omnia

528 1760 681 1815 lirmn
714 1762 940 1817 tectorio
966 1772 1201 1831 protet-ta
1241 1778 1335 1830 per
1365 1772 1597 1831 quatuor
1621 1765 1902 1832 quadrata:
1941 1765 2097 1820 molis

528 1851 694 1907 facies
730 1854 946 1923 egregie
978 1855 1324 1911 occultabant
1358 1857 1505 1909 intus
1537 1856 1792 1910 latentem
1828 1867 2094 1911 armatum

526 1959 781 2010 manum;
819 1960 937 2013 qua:
970 1961 1027 1998 se
1051 1956 1228 2001 tamen
1260 1964 1447 2002 rursus
1487 1948 1620 2001 satis
1666 1950 1927 2016 prodebat
1971 1949 2098 2003 mis-

525 2032 718 2086 silibus
745 2034 960 2089 assidue
996 2036 1334 2105 spargendis.
1371 2036 1539 2090 Erant
1576 2048 1758 2092 autem
1790 2040 1851 2090 ad
1884 2039 2093 2108 iacula-

524 2122 691 2180 tionis
743 2140 898 2179 usum
974 2137 1308 2197 cmterasqne
1377 2132 1602 2185 nocendi
1664 2135 2098 2201 opportunitates

524 2224 724 2282 apertae
748 2216 953 2271 circum
975 2219 1028 2272 in
1064 2229 1269 2289 partem
1305 2235 1519 2275 omnem
1546 2223 1795 2277 fenestra:
1824 2224 2088 2291 plurimm,

523 2307 640 2361 suis
677 2322 905 2378 qumque
940 2310 1078 2373 aptis
1109 2311 1262 2365 ostiis
1295 2312 1530 2367 occlusa:
1576 2328 1699 2366 cum
1748 2328 1884 2382 Opus
1934 2325 2094 2369 erat:

520 2398 735 2467 quoties
775 2415 904 2454 usus
957 2412 1205 2469 posceret
1240 2402 1458 2457 volubili
1493 2405 1713 2459 cardine
1750 2407 2092 2462 reserabiles.

522 2489 692 2544 Porro
712 2490 934 2545 interior
956 2493 1232 2560 capacitas
1252 2493 1514 2549 machintc
1538 2496 1588 2548 in
1615 2497 1809 2549 multas
1839 2497 1941 2550 sibi
1961 2498 2096 2552 iuvi-

516 2593 637 2634 cem
675 2581 956 2649 impositas
987 2585 1346 2654 cogitationes
1374 2585 1738 2651 dividebatur,
1775 2587 1942 2658 385
1980 2589 2094 2642 siu—

518 2669 672 2741 gulas
719 2674 940 2742 proprio
990 2684 1320 2729 armatorum
1373 2675 1605 2732 iufessas
1670 2694 1916 2733 numero.
1989 2680 2096 2735 Sed

522 2762 635 2829 alii,
670 2764 1010 2829 utdiximns,
1057 2766 1317 2822 latebant.
1353 2765 1464 2824 Soli
1503 2770 1852 2825 ostentabant
1896 2786 1955 2825 se
2003 2771 2093 2840 qui

519 2869 831 2925 supremum
863 2859 1017 2927 quasi
1049 2859 1389 2914 cmnaculum
1420 2862 1753 2918 ambulantis
1781 2863 1913 2918 tedis
1948 2863 2095 2918 obti-

517 2947 719 3002 nebant
745 2949 905 3012 torvi,
946 2950 1230 3005 horrentes
1280 2949 1446 3016 ferro,
1496 2953 1703 3008 strictis
1753 2954 1933 3008 infcsu
1972 2971 2095 3008 mu-

518 3038 794 3103 cronibus,
824 3037 932 3092 vim
963 3047 1018 3093 et
1045 3042 1246 3094 eaedem
1280 3040 1598 3103 anhelantes
1621 3042 1969 3112 gladiatores.
1998 3041 2095 3095 llic

519 3138 698 3181 terror
740 3137 919 3182 tantus
978 3143 1042 3182 ac
1108 3137 1216 3182 tam
1263 3131 1450 3186 varius
1476 3147 1597 3185 cum
1633 3147 1693 3187 se
1728 3132 1859 3188 rotis
1901 3135 2093 3189 subtus

519 3208 859 3273 volventibus
885 3219 1133 3285 inferret,
1162 3229 1573 3279 consternasset
1594 3224 1733 3279 haud
1767 3225 1928 3280 dubie
1952 3242 2091 3295 prac-

518 3308 714 3363 sidium
765 3309 1003 3366 obsessa
1046 3311 1222 3377 urbis,
1269 3311 1374 3366 nisi
1425 3311 1531 3367 dux
1578 3313 1698 3384 ejus
1735 3315 1960 3372 Alexius
1999 3332 2098 3387 pro

517 3416 613 3458 sua
644 3402 888 3472 vigilanti
937 3402 1158 3457 solertia
1186 3403 1506 3459 'remedium
1549 3404 1661 3474 jam
1699 3415 1809 3461 ttnn
1848 3410 2092 3464 nascenti

516 3493 660 3548 malo
684 3502 892 3547 mature
922 3490 1176 3548 idoneum
1204 3494 1355 3561 provi
1376 3496 1549 3550 lisset.
1577 3494 1708 3549 Nam
1723 3506 1775 3551 et
1794 3499 2021 3554 οοιιεῐιιο
2041 3508 2096 3554 et

516 3584 719 3641 auxilio
747 3598 931 3639 eorum
962 3598 1091 3640 usus
1123 3585 1212 3654 qui
1245 3585 1341 3654 ipsi
1378 3587 1723 3642 aderantviri
1754 3590 2094 3658 experientes

515 3686 572 3734 et
611 3677 883 3742 industrii,
915 3692 1037 3732 cum
1076 3676 1308 3744 primum
1343 3678 1394 3732 in
1418 3678 1697 3734 Baimuudi
1719 3681 1914 3736 castris
1944 3681 2091 3736 illam

517 3769 779 3826 aedificari
810 3781 1014 3825 turrem
1046 3769 1182 3825 vidit
1216 3786 1467 3841 magnum
1497 3772 1563 3827 ad
1608 3773 1906 3841 periculum
1936 3788 2092 3828 suum

516 3870 870 3933 suorumque,
901 3861 1060 3917 aliam
1102 3869 1157 3916 et
1208 3864 1322 3932 ipse
1356 3865 1497 3917 intra
1546 3864 1747 3918 mceuia
1804 3865 2091 3935 Dyrrachii

513 3954 632 4025 pari
662 3955 911 4025 exemplo
945 3957 1250 4011 machinam
1288 3955 1363 4009 illi
1394 3954 1549 4009 alteri
1595 3960 1971 4026 opponendam
2005 3972 2095 4011 ar-

513 4039 804 4095 chitectari
852 4053 938 4098 est
988 4059 1298 4114 aggressus,
1346 4045 1486 4099 hunc
1537 4045 1706 4100 ferme
1742 4047 1793 4099 in
1848 4034 2090 4102 mod'bm.

514 4129 859 4198 Depreheusa
894 4134 1080 4202 procul
1135 4133 1426 4189 altitudine
1460 4135 1627 4190 turris
1665 4137 1900 4201 hostilis,
1940 4137 2089 4208 tigna

513 4219 739 4274 dimensi
796 4221 1227 4291 Dyrracbienses
1294 4227 1436 4292 sunt}
1478 4224 1637 4280 alteri
1702 4242 1769 4281 ex
1842 4228 2091 4298 opposito

514 4310 849 4368 aedificandae
880 4312 1033 4382 cujus
1068 4314 1279 4370 culmen
1324 4317 1615 4372 contrariae
1645 4318 1803 4373 molis
1828 4319 2089 4375 verticem

2198 490 2297 544 καὶ
2316 491 2395 553 είς
2419 489 2618 557 στέγας
2641 488 2841 550 πολλὰς
2854 487 3100 558 διῄρητο,
3116 486 3207 539 καὶ
3220 484 3384 556 θυρίσι
3402 486 3554 555 κύκλῳ
3573 508 3674 543 παν-

2201 583 2462 646 τοδαπαῖς
2484 583 2749 652 ὴνέῳκτο,
2777 574 2962 647 ἀφ’ὧν
2990 578 3237 643 ἐξέπιπτε
3263 577 3379 645 βέλη
3402 580 3675 649 curvam?“

2201 676 2258 728 δέ
2298 677 2358 729 τὸ
2401 676 2665 729 ἀνωτάτω
2720 677 2887 743 μέρος
2942 671 3132 741 ἄνδρες
3177 667 3307 741 ἦσαν
3354 673 3673 739 ἐξωπλισμένοι

2202 767 2512 835 θυμοειδεῖς
2541 768 2637 819 καὶ
2680 766 2774 818 ἐπὶ
2816 766 2926 819 τῶν
2970 763 3168 834 χειρῶν
3209 762 3276 815 τὰ
3316 762 3433 832 ξίφη
3463 763 3676 832 φέροντες,

2203 859 2299 913 καὶ
2356 857 2492 929 πρὸς
2544 858 2761 927 ἄμυναν
2809 854 3307 924 διηυτρεπισμένοι.
3366 855 3502 906 Ἐπεὶ
3544 854 3589 908 δξ
3626 856 3686 927 τῷ

2202 954 2374 1023 τείχει
2428 952 2775 1021 προσήγγισε
2818 950 2880 1001 τὸ
2940 947 3165 1018 φρικτὸν
3220 946 3364 999 τουτὶ
3405 946 3575 1016 θέαμα,
3612 950 3684 1002 οὐκ

2201 1043 2422 1111 ἀμελῶς
2455 1042 2614 1112 ἔσχον
2655 1044 2703 1095 οί
2740 1041 2885 1111 ἀμφὶ
2922 1038 3013 1093 τδν
3054 1035 3281 1102 Ἀλέξων
3323 1039 3409 1091 καὶ
3448 1041 3688 1108 στρατηγὸν

2199 1136 2300 1206 τῆς
2322 1136 2532 1198 πόλεως
2560 1133 2889 1205 Δυρραχίου,
2931 1130 3051 1185 ἀλλ’
3078 1131 3196 1200 ἅμα
3217 1145 3275 1182 τε
3314 1129 3457 1183 τοῦτο
3482 1131 3533 1182 το
3558 1133 3687 1200 μηχά-

2206 1248 2357 1300 νημα
2388 1228 2588 1295 ἔξωθεν
2621 1227 2699 1297 τῷ
2741 1225 3063 1295 Βαῖμούντῳ
3110 1223 3515 1286 κατεσκευάζετο
3549 1223 3691 1295 ὥσπερ

2200 1337 2286 1384 τις
2316 1318 2567 1381 ἑλέπολις
2606 1316 2872 1386 ἄφυκτος,
2914 1314 3013 1367 καὶ
3055 1311 3181 1368 ἄλλο
3209 1330 3261 1365 τι
3295 1312 3488 1366 ἔνδοθεν
3509 1311 3585 1363 τοῦ
3610 1310 3694 1363 τείο

2199 1428 2329 1483 κους
2387 1410 2575 1472 αὐτοῖς
2627 1407 3072 1476 ἀντεμηχανᾶτο.
3126 1404 3446 1474 Ἐωρακότες
3490 1404 3558 1466 είς
3601 1404 3695 1457 ὅσον

2201 1503 2337 1572 ὕψος
2392 1505 2420 1557 ό
2446 1502 2803 1570 αὐτοκίνητος
2847 1492 3005 1562 οὗτος
3053 1498 3263 1567 πύργος
3306 1497 3585 1561 ἐκτέταται,
3624 1498 3696 1549 καὶ

2199 1595 2335 1648 ὅπου
2388 1592 2584 1647 τοῦτον
2629 1590 2926 1662 ἐστήριξαν
2977 1588 3305 1659 ὑφελόμενοι
3350 1588 3466 1650 τοὺς
3500 1588 3695 1657 τροχοὺς,

2204 1688 2441 1758 τέτταρα
2476 1685 2607 1752 ξύλα
2653 1684 2978 1753 μακρότατα
3028 1680 3362 1752 καταντικρὺ
3392 1680 3477 1733 τοῦ
3517 1681 3698 1748 μόσυνος

2206 1777 2500 1845 πήξαντες,
2535 1776 2723 1842 ὥσπερ
2758 1775 2865 1827 ὑπὸ
2908 1772 3258 1844 τετραγώνου
3289 1770 3485 1838 βάσεως
3513 1769 3582 1831 είς
3611 1769 3701 1820 πεί·

2204 1884 2409 1938 σματος
2456 1866 2643 1936 σχῆμα
2697 1864 3114 1931 διανιστάμενα.
3167 1858 3305 1934 Κᾷθ¹
3361 1860 3517 1920 οὕτως
3562 1858 3701 1927 βάσεις

2200 1961 2354 2020 τινὰς
2384 1954 2725 2024 διειληφότες
2747 1953 2952 2023 μεταξὺ
2977 1953 3083 2005 τῶν
3114 1950 3553 2016 ἀντιτεταγμένων
3570 1946 3703 2013 ξύλων

2200 2055 2281 2114 είς
2312 2049 2494 2121 πῆχυν
2531 2050 2629 2102 ἕνα
2664 2048 2755 2100 τὸν
2786 2046 2988 2112 ἔξωθεν
3027 2044 3242 2108 ξύλινον
3269 2044 3466 2111 πύργον
3497 2041 3705 2106 ἐποίησαν

2200 2140 2522 2209 ἀνατρέχειν
2545 2153 2559 2168 ο
2589 2137 2820 2203 ἁστεγὲς
2865 2135 2921 2187 δὲ
2952 2129 3022 2202 ἦν
3055 2129 3427 2201 ἁπανταχόθεν
3456 2129 3559 2181 ὅλον
3585 2125 3707 2182 τοῦτο

2198 2231 2258 2286 τὸ
2287 2231 2559 2298 διάστημα
2578 2245 2593 2260 ·
2613 2228 2672 2281 οὐ
2696 2227 2802 2297 γὰρ
2828 2226 3000 2280 ἐδεῖτο
3024 2222 3405 2294 προφυλακῆς,
3429 2223 3472 2273 εί
3499 2220 3563 2289 μὴ
3586 2219 3708 2286 μόνον

2199 2323 2342 2374 κατὰ
2376 2320 2474 2391 τὴν
2510 2317 2756 2390 κορυφὴν
2782 2315 3131 2385 ἐξωρόφωτο.
3175 2312 3429 2368 Ἐνταῦθα
3459 2311 3516 2379 δὴ
3543 2312 3708 2375 ἀναγα·

2198 2415 2388 2481 γόντες
2420 2414 2468 2464 οἱ
2501 2412 2644 2480 ἀμφὶ
2673 2410 2765 2463 τὸν
2805 2407 3048 2471 Ἀλέξιον
3085 2403 3413 2476 στρατιῶται
3448 2401 3504 2454 τὺ
3529 2401 3710 2468 ἔνυγρον

2199 2506 2332 2577 πῦρ,
2362 2505 2497 2574 περὶ
2548 2506 2617 2557 τὰ
2663 2502 2979 2574 ἀκρόστεγα
3021 2498 3123 2553 τοῦ
3162 2498 3551 2568 ἀνεπιφρέικτου
3591 2494 3709 2558 ξυλο-

2199 2596 2411 2666 πύργου
2461 2594 2688 2665 ἔμελλον
2744 2591 3113 2659 ἐξακοντίζειν
3164 2591 3300 2661 προς
3352 2587 3440 2642 τὸν
3483 2583 3711 2640 ἀντίθετον

2203 2689 2434 2759 μόσυνα.
2474 2684 2614 2739 Ἀλλ’
2647 2684 2823 2737 ἐδόκει
2856 2683 2952 2736 καὶ
2982 2683 3015 2751 ἠ
3051 2680 3224 2750 βουλὴ
3252 2679 3342 2733 καὶ
3366 2678 3422 2733 τὸ
3444 2679 3643 2746 πρᾶγμα
3665 2671 3710 2724 οὐ

2197 2780 2335 2847 πρὸς
2392 2776 2773 2848 πανωλεθρίαν
2823 2774 2917 2827 τοῦ
2972 2775 3403 2843 μηχανήματος’
3457 2763 3714 2839 ἁκροθιγῶς

2197 2872 2307 2941 γὰρ
2341 2869 2534 2940 ἔμελλε
2566 2872 2627 2921 τὸ
2659 2866 2865 2937 πῦρίτδ
2900 2863 3161 2933 ἐντεῦθεν
3206 2865 3381 2917 ἐκεῖσε
3413 2858 3715 2929 πεμπόμενον

2197 2962 2292 3016 τοῦ
2331 2963 2561 3032 μόσυνος
2591 2958 2887 3013 ἅπτεσθαι.
2934 2955 3100 3011 Ἀλλὰ
3135 2956 3189 3010 τί
3222 2948 3716 3028 μηχανῶνταιςῐιλη-

2202 3053 2358 3121 ροῦσι
2390 3051 2482 3104 τὸν
2528 3050 2732 3121 μεταξὺ
2763 3048 2928 3100 τόπον
2959 3046 3055 3100 τοῦ
3096 3064 3159 3099 τε
3189 3045 3397 3111 ξυλίνου
3425 3042 3512 3095 καὶ
3539 3039 3621 3094 τοῦ
3642 3038 3717 3105 τῆς

2198 3142 2411 3196 πόλεως
2450 3139 2666 3209 πύργου
2708 3136 3176 3206 εὐκαταπρήστου
3216 3134 3467 3195 παντοίας
3499 3131 3614 3199 ὕλης
3647 3127 3718 3179 καὶ

2196 3230 2377 3285 ἐλαίου
2425 3228 2623 3281 πολλοῦ
2667 3227 2811 3280 κατὰ
2844 3226 3137 3295 ποταμοὺς
3188 3224 3511 3294 κενωμένου.
3541 3219 3718 3279 Τούτοις

2195 3322 2524 3388 ἐπενῄνεκτο
2546 3318 2658 3388 πῦρ
2681 3317 2830 3370 δαλοὶ
2856 3318 2951 3370 καὶ
2980 3316 3206 3384 φλόγες,
3231 3315 3261 3368 ὅ
3279 3312 3598 3383 καταμικρὶιν
3619 3310 3720 3361 ὑπο-

2194 3411 2522 3479 τυφόμενον,
2557 3405 2683 3480 κᾷθ⁹
2732 3406 2907 3470 οὕτως
2946 3407 3212 3476 βραχεία;
3244 3404 3509 3471 ἀναπνοῆς
3544 3401 3722 3467 ἐπιδρα-

2196 3499 2459 3568 ξάμενον,
2498 3498 2690 3550 ἔπειτα
2728 3498 2810 3560 είς
2846 3496 3133 3568 περιφανῆ
3183 3494 3362 3563 φλόγα
3397 3492 3595 3561 διαρθὲν
3627 3504 3720 3540 συν-

2196 3586 2729 3656 επιλαμϐανομένων
2762 3586 2856 3637 καὶ
2880 3584 2990 3637 τῶν
3012 3584 3124 3637 ἀπὸ
3151 3584 3248 3637 τοῦ
3287 3585 3453 3654 πυρὸς
3471 3582 3557 3635 τοῦ
3587 3575 3719 3646 ὑγροῦ

2196 3682 2534 3752 πρηστήρων
2583 3678 2732 3733 ἆπαν
2787 3677 2958 3749 ἀνῆψε
2990 3678 3037 3709 ³⁵
3072 3677 3137 3731 τδ
3178 3676 3406 3748 φρικτὸν
3457 3676 3616 3727 ἐκεῖνο
3650 3669 3721 3721 καὶ

2195 3772 2587 3828 πολυυλότατον
2634 3770 2955 3842 μηχάνημα,
3002 3769 3280 3838 ἐμποιοῦν
3322 3764 3451 3839 ἦχον
3481 3768 3566 3820 καὶ
3599 3763 3724 3833 e055-

2198 3865 2297 3935 ρᾶν
2328 3864 2459 3916 θέαν
2489 3866 2608 3926 ταῖς
2640 3862 2848 3933 ἥψεσιν.
2878 3861 3148 3932 Αἴσθησις
3185 3862 3243 3914 δὲ
3286 3861 3380 3915 τοῦ
3429 3857 3607 3913 πολλοῦ
3639 3871 3719 3906 πυ·

2197 3954 2288 4027 ρος
2320 3949 2389 4025 ἦν
2423 3953 2691 4007 κυκλόθεν
2742 3953 2903 4024 μέχρι
2955 3954 3052 4006 καὶ
3103 3953 3341 4006 σταδίων
3388 3948 3721 4021 τρισκαίδεκαο

2196 4045 2427 4117 θόρυϐος
2457 4044 2515 4097 δὲ
2550 4043 2646 4097 καὶ
2680 4042 2895 4112 ταραχὴ
2936 4043 3046 4104 τοῖς
3083 4042 3237 4095 ἔνδον
3268 4040 3563 4111 Βαρόἀροις
3588 4031 3723 4101 πολλὴ

2193 4138 2286 4192 καὶ
2324 4136 2609 4205 ἀμήχανος
2635 4173 2650 4198 ,
2701 4131 2810 4184 τῶν
2848 4130 2947 4202 μὲν
2980 4131 3478 4201 ὲναπειλημμένων
3520 4125 3592 4198 τῷ
3621 4120 3725 4190 πυρὶ

2194 4226 2290 4281 καὶ
2319 4222 2838 4293 ἀποστρεφομένων,
2863 4220 2971 4274 τῶν
2994 4221 3049 4274 δὲ
3074 4221 3187 4273 ἀπὸ
3216 4220 3487 4301 μετεώρου
3514 4211 3723 4289 ῥιπτούν-

2193 4336 2304 4386 των
2344 4317 2574 4379 ἑαυτοὺς
2609 4312 2747 4386 πρὸς
2770 4310 2869 4382 τὴν
2907 4310 3048 4379 γῆν·
3083 4309 3185 4381 βοὴ
3210 4310 3269 4364 δὲ
3306 4307 3473 4379 πολλὴ
3500 4301 3720 4372 autem:

513 4403 699 4458 cubito
731 4405 895 4460 altius
932 4380 1255 4475 despiceret.
1305 4406 1408 4462 Ubi
1453 4422 1582 4462 vero
1604 4407 1714 4475 jam
1771 4418 2087 4467 constructa

2197 4380 2380 4483 ἑανος,
2421 4380 3056 4479 ταραχὴ-ἀντηῂούντων
3087 4380 3185 4455 καί
3208 4401 3319 4454 τῶν
3351 4399 3524 4460 ἐκτός.

512 4496 917 4564 turrisGallica,
943 4509 1187 4571 promota
1210 4499 1603 4555 indestinatam
1657 4502 2109 4572 propinquitatem
2177 4505 2340 4569 muri,
2419 4500 2661 4567 rotisque
2740 4494 2855 4553 illic,
2908 4493 3203 4548 subtractis
3244 4492 3546 4546 ﬁrmissime
3587 4483 3724 4539 tlcl‘m

509 4589 841 4659 fundataque
864 4598 966 4654 est,
990 4590 1191 4647 crassis
1215 4598 1267 4645 et
1297 4592 1589 4659 praeacutis
1629 4591 1737 4646 alte
1807 4592 1858 4646 in
1909 4600 2109 4648 terram
2151 4593 2390 4662 undique
2434 4586 2686 4658 impactis
2729 4583 2957 4641 sudibus
3003 4600 3017 4636 :

3068 4592 3182 4637 tum
3237 4587 3308 4638 ab
3358 4580 3583 4636 obsessis
3649 4585 3725 4625 sua

513 4700 725 4755 quoque
757 4684 894 4738 intra
925 4696 1111 4737 muros
1134 4691 1277 4735 recta
1300 4696 1364 4735 ex
1392 4682 1620 4736 adverso
1648 4697 1807 4751 quam
1867 4685 2114 4753 proxime
2154 4683 2407 4753 oportuit
2464 4688 2645 4734 erecta
2699 4677 2867 4732 molcs
2930 4686 3033 4739 est,
3093 4691 3198 4727 non
3257 4674 3347 4726 illa
3409 4664 3723 4769 quiue-mulli

509 4779 783 4834 substrato
816 4775 1137 4832 inaediﬁcata
1188 4774 1446 4838 tabulato,
1494 4790 1614 4830 cum
1669 4776 1948 4831 transferri
1993 4794 2112 4833 eam
2193 4787 2247 4833 et
2274 4775 2410 4830 rotis
2441 4770 2734 4839 circumagi
2766 4784 2869 4822 non
2900 4776 3044 4822 esset
3070 4781 3208 4836 opus
3238 4782 3252 4819 :
3288 4767 3382 4818 sed
3418 4767 3468 4817 in
3500 4763 3603 4816 solo
3632 4763 3725 4823 ipso

512 4870 740 4923 firmatis
773 4870 986 4937 alteque
1017 4867 1142 4923 inde
1185 4868 1529 4937 surgentibus
1574 4866 1799 4923 sublicis
1851 4880 2084 4937 quatuor
2123 4864 2552 4939 quadrangulum
2586 4864 2636 4917 in
2666 4863 2934 4914 direcutm
2986 4859 3224 4911 attolens
3287 4857 3504 4919 molem,
3575 4860 3724 4905 trans-

511 4973 789 5015 versorum
821 4962 1081 5029 dispositu
1107 4961 1377 5032 lignorum
1396 4960 1554 5015 scalae
1580 4961 1868 5030 quamdam
1920 4964 2155 5031 speciem
2196 4973 2463 5028 usumque
2520 4956 2783 5026 graduum
2845 4951 3169 5021 praebentem
3240 4949 3549 5004 ascensnris
3602 4946 3727 5014 proul

513 5065 603 5106 res
628 5065 875 5121 posceret
904 5055 957 5109 in
983 5057 1263 5124 superiora
1292 5057 1574 5112 machinae.
1632 5056 1822 5112 Latera
1910 5059 2117 5129 protegi
2192 5055 2461 5111 obducive
2524 5049 2772 5114 tectorio,
2825 5063 2930 5100 non
2975 5055 3058 5101 est
3103 5045 3282 5099 visum
3339 5058 3569 5104 necesse,
3615 5034 3727 5105 quod

515 5146 684 5201 muris
716 5146 864 5201 urbis
891 5160 1233 5219 conspectum
1289 5150 1646 5221 iniuriamque
1700 5153 1938 5207 hostium
2002 5153 2240 5208 arcebat.
2272 5149 2345 5204 Ea
2377 5160 2583 5204 tantum
2655 5161 2781 5216 pars
2839 5158 2959 5212 qua:
3011 5141 3148 5194 ultra
3227 5141 3489 5195 interdum
3564 5143 3729 5200 corpus

511 5237 785 5301 exstabat.
807 5238 1011 5291 munita
1049 5241 1149 5295 fuit
1180 5243 1434 5312 impositu
1466 5243 1742 5300 coronidis
1772 5253 1825 5298 et
1852 5243 2204 5314 circumiectu
2252 5244 2506 5305 laterum,
2577 5238 2753 5307 quoad
2826 5247 2910 5290 est
2960 5235 3223 5289 creditum
3312 5240 3401 5286 sat
3466 5227 3727 5322 form-nec.

511 5331 774 5404 impedire
810 5344 969 5401 posse
996 5331 1217 5386 liberam
1262 5334 1610 5390 emissionem
1655 5336 1794 5405 ignis
1829 5336 2075 5405 sparsilis
2111 5350 2274 5405 quant
2343 5347 2438 5401 per
2506 5342 2695 5400 aperta
2738 5328 2912 5382 latera
2971 5326 3134 5381 turris
3187 5337 3307 5379 suae
3357 5322 3543 5393 ligneae
3588 5317 3727 5371 Alexi

514 5427 715 5485 milites
743 5425 797 5481 in
827 5406 1024 5479 molem
1081 5420 1366 5480 Baimundi
1400 5425 1779 5493 destinabant;
1831 5437 2173 5497 comportata
2241 5434 2530 5495 propterea
2619 5421 2673 5477 in
2732 5434 3041 5491 supremam
3118 5416 3572 5494 cgntignationem
3639 5414 3730 5459 ευω

1545 5565 1750 5628 νοτίδι
1797 5566 2099 5631 lectiones
2162 5586 2240 5633 ex
2275 5567 2421 5632 cod.
2454 5563 2709 5627 Coisliu.

591 5660 632 5695 “
657 5663 889 5730 ἀνῆπτο.
2048 5692 2051 5695 ν
