3998 6206
277 272 385 338 957
1444 285 1854 345 ALEXIADIS
1893 287 2041 346 LIB.
2084 287 2260 347 xm.
2354 333 2363 347 κ
3434 282 3544 346 958
3604 255 3623 280 ‘

287 386 561 443 machinae
591 404 784 459 magna
817 392 865 447 vi
901 393 1116 463 pinguis
1147 403 1198 449 et
1230 393 1477 451 ﬂammas
1502 398 1711 451 alilttrm
1743 401 2001 454 materiae.
2036 403 2101 453 At
2162 401 2344 456 statim
2424 398 2510 453 vel
2582 396 2914 468 experientia
2947 395 3031 451 vel
3113 396 3251 450 ratio
3300 397 3547 450 exactior

284 484 477 540 docuit
505 486 688 539 noceri
738 487 879 541 haud
937 490 1165 543 multttm
1202 490 1305 544 isto
1359 491 1518 546 modo
1591 507 1748 560 posse
1827 497 2264 550 machinamento
2332 494 2558 558 Gallico,
2589 490 2785 546 nedum
2819 501 2874 544 ut
2927 490 3006 547 sic
3079 488 3194 558 eius
3240 489 3546 544 combustio

285 580 456 636 totius
495 581 705 652 sperari
761 593 964 652 posset.
1021 583 1166 639 Satis
1199 585 1342 639 enim
1389 589 1680 655 apparebat
1741 587 1856 644 fore
1898 601 1954 645 ut
2013 589 2387 660 supet'liciario
2425 592 2686 644 duntaxat
2743 600 2799 642 et
2865 586 3230 655 perfunctorie
3294 594 3544 641 contactu

285 675 511 731 missilis
550 691 580 730 a
627 675 1160 749 Dyrrhacbiensibus
1206 695 1271 735 ex
1314 682 1598 738 intervallo
1647 685 1856 740 vibrata
1899 687 2114 740 ﬂamma
2182 686 2459 742 Gallorum
2509 701 2646 756 opus
2699 685 2930 740 solidum
2980 692 3035 737 et
3089 692 3341 738 accurate
3421 699 3547 749 pro-

293 781 500 827 tectum
527 773 812 834 lamberet.
853 773 1116 830 Secuudze
1141 777 1304 846 igitur
1343 780 1699 848 c0gitatioues
1727 797 1950 837 suasere
1991 783 2266 839 Alexianis
2325 783 2502 849 aliud;
2563 798 2754 852 nempe
2797 793 2851 836 ut
2881 791 3048 836 totum
3105 782 3359 848 spatium,
3406 779 3547 846 quod

282 871 507 940 patebat
537 871 678 926 inter
727 872 1219 944 Dyrrhachiensem
1254 885 1455 928 turrem
1507 877 1770 946 lapideam
1807 887 1859 932 et
1905 881 2155 934 hostilem
2186 881 2262 933 illi
2327 879 2599 932 admotam
2655 879 2886 949 ligneam
2965 876 3131 929 multo
3179 876 3437 928 stramine
3488 890 3551 927 ac

282 979 481 1024 czetera
523 967 574 1022 id
609 983 779 1036 genus
829 969 978 1023 arida
1027 971 1251 1023 materia
1297 972 1652 1038 complerent,
1701 983 1864 1042 quam
1907 975 2072 1028 etiam
2125 974 2309 1028 iul‘uso
2360 975 2585 1043 largiter
2666 973 2785 1026 oleo
2843 971 3138 1039 rigaruut:
3207 967 3551 1038 cumularunt

283 1061 468 1112 nunnia
525 1060 1025 1127 crebrntitionum,
1069 1062 1276 1124 facum,
1327 1079 1624 1131 prunarum
1672 1065 1978 1118 ardentium
2047 1065 2322 1130 coniectu.
2396 1066 2518 1118 llaec
2549 1064 2710 1117 simul
2799 1063 2961 1116 mista
3023 1074 3143 1114 cum
3229 1056 3540 1124 aliquandiu

288 1160 496 1206 tantum
573 1151 898 1218 fumassvnt,
1001 1167 1332 1209 exarserunt
1387 1157 1616 1222 denique
1669 1158 1771 1211 leui
1849 1161 2082 1214 excitata
2135 1160 2355 1226 spiritu,
2413 1159 2744 1226 robustaque
2792 1155 3043 1210 incendio
3093 1153 3538 1221 comprehensa“

285 1247 620 1302 Gallicanam
655 1257 860 1303 turrem
896 1258 1046 1303 trans
1079 1265 1257 1304 tnnras
1283 1252 1507 1306 corticis
1539 1262 1593 1305 et
1622 1253 2088 1322 prmmuuitissimi
2121 1253 2337 1308 tectorii
2421 1260 2803 1322 pet-rumpente
2867 1250 2933 1302 ad
2992 1259 3293 1302 extremum
3367 1245 3551 1297 furore

285 1340 425 1408 ignis
463 1342 585 1394 oleo
615 1339 762 1408 large
800 1343 1009 1414 ingesto
1059 1344 1208 1398 velut
1239 1345 1400 1410 ebrii,
1434 1361 1604 1414 usque
1646 1347 1710 1400 ad
1770 1347 1958 1401 intima
2023 1364 2305 1416 pervasam
2373 1349 2744 1413 absmnpsere.
2812 1343 2943 1396 Late
2993 1342 3297 1394 horrendus
3379 1351 3545 1389 exau-

290 1431 540 1484 diebatur
567 1432 769 1501 fragor,
804 1449 910 1487 non
939 1434 1080 1486 enim
1115 1435 1288 1487 dicam
1323 1437 1611 1503 crepitum,
1673 1437 1900 1491 llnnmaa
1943 1439 2258 1492 bacchantis
2291 1440 2342 1492 in
2376 1439 2666 1508 perniciem
2692 1435 2842 1489 silva:
2900 1434 3399 1503 imtucusarz386
3427 1434 3537 1488 lon-

291 1524 625 1593 gissimeQue
665 1524 1018 1592 resplendens
1046 1532 1099 1578 et
1131 1539 1227 1579 sua
1263 1527 1629 1594 magnitudine
1667 1527 1889 1594 iisipsis
1929 1527 2314 1582 forinidolosus
2340 1529 2426 1594 qui
2451 1546 2569 1583 eam
2627 1528 2867 1581 fecerant
2914 1534 2970 1580 et
3028 1538 3256 1593 quorum
3317 1524 3548 1577 ardebat

285 1613 432 1666 bono
468 1612 922 1682 relucebatrogus
945 1631 1116 1683 usque
1145 1615 1208 1670 ad
1235 1616 1412 1669 stadia
1474 1616 1899 1684 circumquaque
1970 1617 2252 1672 tredecim.
2291 1617 2426 1671 Illud
2472 1619 2649 1670 dicere
2701 1618 2822 1686 quis
2857 1623 3018 1684 queat
3065 1624 3265 1683 quanta
3337 1624 3551 1676 pertur-

287 1705 434 1760 batio
467 1705 773 1760 clausorum
809 1716 917 1759 tum
951 1707 1051 1761 ista
1106 1707 1656 1762 mole-Barbarorum
1698 1707 1906 1761 fuerit?
1943 1711 2030 1776 qui
2077 1709 2235 1763 dolor
2279 1711 2397 1762 clau
2423 1725 2589 1778 orque
2646 1707 2994 1761 sentientium
3067 1708 3171 1758 vim
3255 1705 3554 1771 grassantis

287 1797 535 1852 ardoris?
567 1797 696 1864 Quae
731 1800 1037 1869 desperatio
1066 1817 1186 1857 sese
1237 1803 1322 1856 ubi
1375 1803 1573 1856 frustra
1609 1813 2041 1858 verswerantex
2072 1803 2520 1868 altojactantium
2591 1805 2640 1857 in
2707 1803 2989 1872 praeceps?
3063 1816 3178 1868 qum
3231 1816 3432 1859 voces;
3462 1817 3552 1875 qui

283 1889 518 1960 eiulatus
572 1892 864 1948 infelicium
931 1895 1444 1963 victimarum‘lQui
1495 1909 1681 1962 aestus,
1731 1909 1848 1962 qua)
1913 1897 2137 1964 agitatio
2176 1898 2451 1952 Gallorum
2511 1907 2828 1951 czetcrormn
2917 1895 3043 1945 dum
3120 1908 3263 1954 suos
3321 1892 3557 1947 lluumis

288 1985 498 2053 eripere
529 1983 726 2040 frus'ra
753 1987 1089 2042 conabantur
1128 1989 1536 2044 lamentantiqu
1608 1989 1823 2044 interim
1887 1994 1943 2039 et
1971 1987 2260 2042 cbarorum
2294 1990 2430 2043 mala
2471 1987 2957 2056 complorantium?
2994 2047 3003 2055 D

365 2075 617 2130 Τοσαῦτα
676 2079 774 2147 μὲν
809 2079 900 2133 οὐν
940 2083 1068 2151 περὶ
1105 2085 1201 2135 τοῦ
1257 2083 1600 2152 ὑπερνεφοῦς
1641 2084 1868 2151 μόσυνος
1901 2086 1943 2140 Α

290 2169 390 2221 καὶ
418 2170 517 2238 τῆς
541 2171 690 2239 παρὰ
718 2172 826 2223 τῶν
855 2174 1163 2244 Βαρϐάρων
1190 2175 1569 2244 τειχομαχίας.
1609 2175 1748 2228 Ἀλλ’
1781 2177 1872 2227 ἐπ”.

283 2261 382 2313 τὸν
415 2261 640 2332 βασιλέα
665 2265 756 2317 καὶ
783 2261 940 2327 αὖθις
971 2266 1242 2333 τὸνλόγον
1274 2268 1638 2322 ἐπανακτέον.
1670 2267 1872 2333 Ἕαρος

284 2354 473 2406 τοίνυν
525 2356 978 2426 ἐφισταμένου,ὴ
1026 2359 1124 2424 μὲν
1173 2360 1460 2426 Λύγούστα
1507 2363 1570 2413 ὲκ
1602 2361 1700 2428 τῆς
1732 2361 1870 2412 Θεσ-

286 2445 588 2518 σαλονίκης
616 2447 690 2510 ὼς
717 2447 852 2518 πρὸς
880 2448 979 2518 τὴν
1011 2448 1404 2517 βασιλεύουσαν
1436 2452 1868 2520 ὲπανὲστρεφεν.

284 2539 316 2590 ὁ
349 2536 407 2588 δὲ
438 2539 798 2610 αὐτοκράτωρ
828 2541 924 2608 τῆς
952 2543 1143 2611 πρόσω
1183 2544 1408 2612 πορείας
1450 2543 1627 2613 εἴχετο
1653 2545 1744 2596 καὶ
1773 2545 1873 2612 τὴν

290 2630 556 2682 Δεάὸολιν
589 2631 678 2684 διὰ
728 2633 828 2699 τῆς
861 2633 1202 2703 Πελαγονίας
1237 2637 1678 2705 καταλαμϐάνει,
1701 2637 1873 2696 ,ἔνθεν

293 2722 428 2792 περὶ
457 2723 584 2785 τοὺς
631 2725 913 2794 πρόποδας
958 2727 1065 2778 τῶν
1115 2729 1216 2798 ήδη
1267 2727 1542 2798 ῥηθέντων
1588 2729 1874 2781 δυσϐάτων

292 2813 560 2882 ἀτραπῶν
585 2814 774 2870 οὖσαν.
818 2818 929 2871 Καὶ
957 2821 1153 2888 καινήν
1196 2837 1319 2872 τινα
1351 2821 1690 2890 στρατηγίαν
1730 2819 1876 2872 κατὰ

291 2903 403 2958 τῶν
440 2903 734 2977 βαρϐάρων
765 2909 1161 2978 μεμελετηκὼς
1190 2911 1301 2964 δεῖν
1331 2912 1616 2978 ἐλογίσατο
1646 2912 1740 2965 τοῦ
1776 2913 1875 2982 μὲν

290 2995 560 3064 δημοσίου
613 2997 852 3068 πολέμου
905 3000 1104 3072 σχολὴν
1159 3003 1439 3066 παντελῶς
1485 3005 1874 3075 καταψηφίσα-

294 3088 448 3150 σθαι,
503 3089 597 3142 καὶ
653 3090 967 3162 ἀγχέμαχον
1016 3093 1105 3147 διὰ
1154 3093 1330 3147 ταῦτα
1379 3096 1478 3164 τὴν
1541 3095 1724 3166 μᾶχην
1773 3099 1875 3152 οὐκ

296 3180 510 3250 ἤθελεν.
559 3179 720 3234 Ἀλλὰ
761 3184 831 3235 τὰ
869 3183 1111 3236 δύσϐατα
1161 3185 1345 3253 τέμπη
1378 3187 1473 3238 καὶ
1519 3188 1617 3245 τὰς
1663 3189 1874 3254 ἀδιεξο-

289 3271 514 3336 δεύτους
543 3274 695 3337 ὁδοὺς
733 3275 1059 3344 μεταίχμιον
1087 3277 1296 3346 ἀμφοῖν
1345 3280 1457 3330 τοῖν
1485 3281 1876 3347 στρατοπέδοιν

293 3365 616 3420 καταλιπὼν
655 3367 782 3430 τούς
815 3367 1005 3430 εὐνους
1054 3369 1300 3431 ᾶπακτας
1335 3371 1475 3422 κατὰ
1516 3371 1613 3433 τὰς
1641 3373 1874 3438 ἀκρολοο

295 3461 432 3530 φίας
482 3462 620 3532 μετὰ
669 3461 1000 3533 ἀποχρώσης
1047 3463 1335 3532 δυνάμεως
1375 3466 1730 3532 καταστήσας
1775 3465 1875 3536 τὴν

292 3551 494 3624 καινὴν
531 3555 750 3625 ἐκείνην
795 3557 1134 3624 στρατηγίαν
1166 3557 1580 3626 ἐμηχανήσατο,
1611 3557 1687 3620 ὡς
1733 3560 1876 3628 μήτε

292 3647 422 3708 τοὺς
465 3647 618 3702 ἔνθεν
657 3648 792 3723 πρδς
822 3648 912 3700 τὸν
947 3648 1286 3713 Βαῖμοῦντον
1324 3652 1672 3720 προσχωρεῖν
1701 3653 1877 3722 ῥᾷστα

292 3737 577 3801 δύνασθαι,
631 3737 757 3807 μήτ’
787 3737 1001 3791 ἐκεῖθεν
1053 3738 1189 3808 πρὸς
1235 3739 1462 3801 τούτους
1499 3735 1660 3803 αὖθις
1692 3743 1878 3812 γράμ-

298 3847 451 3902 ματα
480 3831 672 3899 φοιτᾷν
710 3829 743 3900 ἢ
787 3831 1166 3899 προσηγορίας
1209 3831 1638 3900 διαπέμπεσθαι,
1675 3835 1766 3901 ὑφ’
1800 3828 1876 3888 ὧν

217 3989 224 3996 ,
295 3921 374 3986 ὡς
416 3921 486 3974 τὰ
540 3920 712 3973 πολλά
759 3919 827 3972 τὰ
859 3921 958 3986 τῆς
1010 3921 1233 3988 ἀγάπης
1272 3920 1596 3990 ἐδράζεσθαι
1641 3921 1833 3976 εἴωθεν
1862 3939 1878 3956 ο

299 4015 502 4077 σπάνις
533 4014 641 4082 γὰρ
671 4013 1044 4081 προσηγορίας
1076 4013 1214 4065 κατὰ
1247 4012 1340 4064 τὸν
1364 4013 1720 4094 Σταγειρίτην
1748 4015 1879 4068 πολ·

298 4105 399 4167 λὰς
438 4102 622 4172 φιλίας
668 4103 904 4156 διέλυσε.
961 4101 1256 4155 Γινώσκων
1305 4102 1360 4154 δὲ
1404 4103 1496 4156 τὸν
1540 4104 1876 4174 Βαῖμοῦντον

297 4196 469 4268 ἄνδρα
533 4196 800 4266 πονηρίας
859 4196 954 4247 καὶ
1016 4195 1481 4266 δραστηριύτητος
1547 4197 1872 4264 ἀνάπλεων,

296 4287 460 4358 ῆῡελε
499 4287 600 4356 μὲν
630 4287 724 4340 καὶ
763 4285 861 4356 τὴν
885 4286 1025 4338 κατᾶ
1055 4286 1350 4354 πρόσωπον
1383 4286 1520 4356 πρὸς
1566 4288 1728 4340 αὐτὸν
1769 4289 1876 4358 μά-

297 4397 403 4450 χην
440 4376 828 4442 ἀναδέξασθαι,
863 4377 1003 4431 καθά
1032 4395 1092 4442 γε
1119 4380 1214 4430 καὶ
1241 4378 1460 4448 εἴρηται
1487 4396 1502 4411 ·
1530 4380 1668 4434 ἀλλὰ
1689 4383 1786 4432 καὶ
1806 4381 1877 4434 δι’

297 4471 492 4539 ἑτέρου
528 4469 729 4528 παντὸς
761 4467 964 4537 τρόπου
997 4470 1088 4520 καὶ
1125 4471 1372 4538 μηχανῆς
1411 4470 1534 4522 κατ’
1571 4471 1739 4524 αὐτοῦ
1778 4489 1877 4540 με·

297 4559 474 4613 λετῶν
513 4557 766 4627 οὐδαμῶς
815 4558 1068 4612 ἐνεδίδου.
1102 4559 1203 4611 Δια
1258 4559 1316 4610 δὲ
1352 4560 1452 4620 τὰς
1480 4561 1580 4630 ἤδη
1616 4562 1877 4632 ῥηθείσας

301 4653 510 4712 αἰτίας,
544 4651 726 4704 καίτοι
759 4651 929 4704 πολλὰ
965 4651 1252 4718 σφαδάζων
1282 4651 1417 4720 πρὸς
1449 4652 1610 4704 τοῦτο
1633 4653 1876 4718 φιλοκίν-

2044 2084 2318 2140 Hactenus
2369 2088 2434 2139 de
2477 2087 2704 2153 superba
2758 2094 2930 2148 turre,
2999 2097 3062 2136 ac
3114 2089 3226 2136 tota
3275 2081 3554 2152 Dyrrachii

1977 2194 2256 2231 murorum
2308 2195 2335 2230 a
2370 2177 2538 2232 Gallis
2585 2184 2847 2227 attentata
2897 2174 3260 2230 concussione
3305 2174 3554 2241 dictum,

1974 2271 2040 2318 ad
2075 2271 2463 2336 imperatorem
2493 2268 2670 2320 oratio
2717 2265 2994 2319 referenda
3032 2275 3137 2320 est.
3162 2265 3292 2319 Post
3323 2266 3554 2320 hiemem

1977 2357 2065 2409 ille
2115 2358 2512 2414 Thessalonicae
2549 2367 2912 2419 transactam,
2968 2356 3067 2410 sub
3117 2357 3327 2410 initium
3367 2355 3551 2419 veris,

1976 2451 2201 2502 remissa
2258 2450 2787 2518 Constantinopolim
2847 2448 3132 2513 Augusta,
3193 2447 3361 2499 movit
3431 2447 3556 2503 inde

1977 2539 2201 2594 ulterius
2254 2557 2374 2594 cum
2418 2543 2628 2610 copiis,
2674 2550 2728 2595 et
2776 2555 2870 2610 per
2901 2537 3242 2607 Pelagoniam
3278 2536 3554 2592 Deabolim

1977 2635 2246 2702 pervenit,
2280 2636 2468 2688 urbem
2498 2637 2578 2689 cis
2607 2649 2700 2689 eos
2733 2642 2942 2687 montes
2980 2631 3140 2684 sitam
3174 2631 3263 2698 qui
3305 2631 3557 2684 desinen-

1980 2735 2060 2780 tes
2114 2727 2168 2780 in
2223 2727 2639 2794 angustissimos
2707 2726 2909 2790 calles,
2993 2725 3361 2794 thermopylas
3437 2723 3557 2777 illas

1979 2833 2205 2884 quarum
2237 2819 2486 2884 superius
2515 2818 2860 2872 meminimus
2896 2829 2951 2873 et
2989 2817 3414 2872 arctissimarum
3445 2816 3558 2867 val-

1979 2908 2108 2962 lium
2166 2911 2611 2979 impeditissimas
2651 2912 2881 2966 clisuras
2927 2910 3189 2964 eﬂiciunt.
3245 2907 3345 2961 liic
3395 2921 3558 2960 accu-

1981 3002 2254 3057 ratissime
2297 3003 2695 3070 circumspecto
2752 3004 2874 3057 belli
2920 3001 3203 3070 prmseutis
3245 3015 3444 3069 genere
3491 3013 3554 3052 ac

1979 3101 2144 3155 statu,
2190 3095 2566 3163 subductaque
2609 3095 2964 3149 consiliorum
2998 3107 3204 3147 summa
3257 3093 3553 3159 sapienter,

1980 3186 2138 3254 plane
2164 3185 2356 3241 statuit
2384 3187 2554 3242 vitare
2573 3187 2928 3241 decretoriam
2963 3185 3158 3247 aciem,
3183 3199 3279 3236 nec
3310 3182 3555 3235 fortunas

1981 3277 2223 3342 publicas
2273 3281 2614 3332 committere
2648 3280 2868 3333 casibus
2927 3280 3150 3333 incertis
3209 3278 3552 3347 praeliorum:

1981 3384 2168 3421 verum
2203 3383 2330 3422 suas
2367 3370 2714 3436 hostiumque
2745 3370 2932 3439 copias
2973 3379 3248 3422 vastorum
3286 3381 3338 3422 et
3378 3369 3555 3436 impe-

1982 3458 2324 3512 netrabilium
2366 3461 2686 3526 interpositu
2723 3461 3018 3527 diremptus
3045 3459 3245 3512 habere
3267 3459 3552 3512 montium.

1980 3549 2059 3602 Ah
2092 3549 2192 3602 hac
2235 3548 2624 3602 deliberatione
2653 3549 2916 3602 describit
2945 3548 3146 3616 quique
3193 3557 3377 3612 partes
3405 3561 3551 3600 suas.

1979 3640 2304 3696 Fidissimos
2352 3655 2596 3710 quosque
2631 3656 2751 3694 cum
2785 3641 2978 3694 idoneo
3021 3639 3283 3694 comitatu
3338 3639 3552 3692 fortium

1981 3732 2210 3786 militum
2258 3731 2402 3802 iugis
2447 3732 2580 3800 ipsis
2626 3746 2686 3785 ac
2715 3730 2948 3799 speculis
2990 3731 3253 3783 montium
3305 3729 3551 3798 imponit.

1981 3824 2158 3878 Valles
2181 3824 2318 3878 imas
2351 3838 2514 3889 opere
2557 3837 2618 3876 ac
2651 3822 2902 3892 praesidio
2937 3821 3148 3875 abunde
3185 3819 3396 3873 lirrnat-
3426 3817 3554 3872 Vias

1981 3915 2266 3984 dlligenter
2319 3915 2526 3984 obsepit
2578 3929 2766 3969 omnes
2794 3923 2957 3983 atque
2983 3912 3290 3981 intercipit,
3359 3911 3554 3978 quibus

1983 4020 2075 4066 aut
2131 4009 2346 4065 mittere
2396 4008 2726 4062 Baimundus
2769 4007 2820 4061 in
2871 4006 3184 4060 interiorem
3239 4004 3553 4057 Romanlam

1979 4108 2074 4156 aut
2122 4101 2364 4168 recipere
2415 4101 2537 4154 inde
2577 4099 2784 4153 litteras
2813 4105 3016 4166 posset.
3067 4094 3275 4164 Nempe
3315 4094 3556 4148 habebat

1980 4195 2311 4250 Baimundus
2359 4195 2468 4250 illic
2512 4193 2705 4264 partim
2761 4192 2965 4247 amicos
3011 4190 3121 4259 jam
3151 4229 3167 4254 ,
3211 4190 3408 4260 partim
3451 4186 3546 4258 qui

1984 4287 2111 4342 odio
2163 4287 2505 4356 imperatoris
2549 4286 2615 4339 ad
2663 4283 2783 4353 ejus
2832 4282 3126 4338 amicitiam
3189 4289 3383 4350 sponte
3433 4294 3554 4347 pro-

1981 4381 2299 4452 penderent.
2366 4379 2580 4432 Talium
2627 4374 2914 4431 intestinos
2987 4382 3164 4426 motus
3223 4381 3554 4436 conatusque

1980 4473 2214 4526 audaces
2267 4466 2623 4536 pratvertebat
2675 4465 2776 4517 ista
2812 4459 3088 4528 diligentia
3133 4456 3552 4510 obsidendorum

1982 4564 2258 4623 itinerum,
2305 4557 2726 4623 commerciique
2763 4551 3082 4620 prohibendi
3135 4545 3445 4602 nuntiorum
3491 4557 3554 4596 ac

1982 4653 2332 4721 scriptorum.
2374 4647 2644 4700 Alimenta
2677 4643 2821 4697 enim
2856 4643 2968 4694 hare
3004 4646 3128 4694 sunt
3163 4633 3552 4694 amicitiarum,

298 4740 456 4803 δυνός
482 4757 542 4793 τε
585 4743 679 4793 καὶ
711 4740 1130 4801 πυκνοκίνὸυνος
1181 4739 1351 4792 πάλαι
1397 4738 1472 4791 ὢν
1509 4741 1692 4792 οὐτοσὶ
1728 4743 1755 4793 ὁ
1781 4742 1877 4792 αὐ-

1982 4757 2120 4812 qum.
2165 4747 2222 4794 ut
2248 4747 2392 4792 recte
2415 4738 2569 4789 docet
2600 4730 2946 4794 Aristoteles,
2984 4730 3026 4783 si
3067 4726 3454 4781 salutationum
3490 4735 3554 4776 ac

299 4831 592 4902 τοκράτωρ
626 4832 721 4885 καὶ
754 4833 888 4900 ἐμὸς
933 4831 1139 4900 πατὴρ,
1183 4831 1303 4882 ἐπεὶ
1335 4830 1421 4882 τὸν
1463 4830 1619 4898 λόγον
1651 4827 1795 4900 εἶχεν
1821 4834 1878 4884 ὲν

306 4927 446 4976 πᾶσι
475 4925 804 4993 κρατοῦντα,
825 4923 892 4976 δι’
917 4924 1109 4992 ἑτέρας
1149 4923 1374 4990 μεθόδου
1396 4923 1881 4988 καταγωνίσασθαι

300 5011 496 5066 τσῦτον
529 5014 774 5067 ἔσπευδε.
795 5017 884 5066 Δεῖ
926 5012 1056 5080 γὰρ,
1099 5009 1277 5081 οἶμαι,
1307 5011 1398 5063 τὸν
1442 5015 1753 5081 στρατηγὸν
1780 5013 1880 5065 οὐκ

302 5104 393 5156 ἀεὶ
416 5105 506 5156 διὰ
543 5105 860 5174 ξιφουλκίας
889 5108 987 5176 τὴν
1021 5106 1178 5174 νίκην
1222 5103 1401 5172 ἑαυτῷ
1434 5103 1684 5156 σπεύδειν
1720 5121 1879 5174 περι-

303 5197 604 5260 ποιεῖσθαι,
638 5198 774 5251 ἀλλὰ
833 5201 930 5252 καὶ
977 5198 1113 5268 πρὸς
1171 5197 1510 5266 πανουργίαν
1559 5195 1672 5264 (58)
1725 5196 1874 5248 ἔστιν

302 5283 362 5342 οὗ
383 5289 826 5357 εὐτρεπίζεσθαι,
854 5290 994 5342 ἐπὰν
1011 5293 1038 5342 ὁ
1064 5289 1254 5358 καιρὸς
1279 5289 1373 5340 καὶ
1395 5288 1462 5340 τὰ
1490 5286 1870 5355 συμπίπτοντα

305 5380 478 5450 τούτῳ
520 5381 722 5436 διδόασι
744 5382 842 5454 τὴν
875 5384 1060 5452 νίκην.
1117 5380 1295 5450 ἑαυτῷ
1337 5379 1572 5432 πάντοσε
1623 5395 1874 5448 περιποι-

1984 4831 2284 4886 ofﬁciorum
2334 4825 2667 4881 consuetudo
2705 4822 3007 4878 cessaverit
3048 4821 3155 4872 cito
3203 4823 3552 4878 evanescunt,

1984 4921 2334 4991 quantumvis
2384 4919 2534 4988 prius
2582 4925 2730 4971 arcte.
2786 4914 3018 4968 coalitaa.
3067 4911 3148 4965 Ad
3203 4912 3340 4963 hanc
3391 4919 3554 4975 porro

1984 5016 2276 5069 Fabianum
2349 5010 2525 5079 potius
2598 5021 2756 5077 quam
2811 5019 2964 5057 suam
3060 5011 3230 5054 artem
3305 4995 3550 5052 trahendi

1971 5105 2128 5168 belli,
2163 5117 2265 5156 non
2319 5101 2424 5153 ulla
2475 5113 2608 5152 sane
2653 5097 2946 5166 imperator
2995 5092 3218 5147 Alexius
3265 5087 3553 5142 timiditate

1987 5206 2222 5250 mentem
2263 5191 2490 5261 appulit.
2527 5188 2665 5254 Non,
2699 5187 2938 5256 inquam,
2983 5193 3074 5238 aut
3109 5181 3386 5236 Baimundi
3414 5179 3550 5231 adeo

1985 5285 2295 5341 formidavit
2345 5282 2529 5352 c0pias
2579 5289 2669 5333 aut
2716 5278 2948 5349 propriis
2985 5274 3198 5337 diﬂidit,
3232 5281 3321 5325 aut
3365 5277 3550 5338 aperto

1985 5385 2156 5432 marte
2202 5377 2345 5428 vires
2388 5371 2620 5442 experiri
2663 5385 2790 5425 suas
2823 5384 2942 5424 cum
2969 5383 3033 5421 eo
3066 5365 3358 5420 dubitaret.
3408 5356 3548 5422 Quin
3599 5430 3612 5442 κ
3650 5357 3658 5370 ‘

1339 5498 1477 5558 Car.
1509 5494 1831 5556 Dufresnii
1864 5496 1959 5555 Du
1993 5491 2211 5570 Cangii
2247 5497 2432 5551 notae.
2696 5495 2702 5501 '
3297 5572 3299 5574 η

375 5625 488 5693 (58)
555 5625 955 5692 Πανουργίαν.
1004 5622 1294 5678 Ordericus
1344 5619 1503 5676 Vital.
1537 5617 1656 5688 -lib.
1701 5632 1754 5671 Ix
1801 5617 1866 5672 de
1901 5615 2132 5674 Alexio:
2179 5613 2308 5667 Erat
2342 5614 2478 5667 enim
2535 5610 2763 5667 callidus
2796 5618 2845 5665 et
2879 5603 3166 5678 facundus,
3223 5598 3424 5667 largus,
3491 5603 3542 5650 et

306 5695 531 5764 fallendi
558 5695 752 5764 artifex
785 5695 1105 5765 ingeniosus.
