3998 6206
506 295 607 361 971

1824 282 2048 344 ΑΝΝίΕ
2097 283 2483 346 (ΖΟΜΝΕΝᾸΕ

3606 291 3693 353 972

510 429 669 469 cursu
700 410 916 467 concito
963 408 1230 465 terebant.
1289 402 1675 471 Exploratores
1718 397 2084 453 Cantacuzetti

2206 397 2657 472 Καντακουζηνοῦ
2713 396 2906 449 σκοποὶ
2943 392 3227 465 (βάρϐαροι
3259 394 3312 448 δὲ
3348 391 3489 466 ἦσαν.
3519 401 3543 452 ὁ
3570 401 3693 471 λόγος

511 507 761 563 homines
810 500 1070 564 barbari,
1134 507 1195 552 ut
1253 497 1454 551 dictum
1493 502 1613 557 est,
1681 491 1798 545 visu
1851 490 2089 560 perculsi

514 598 724 669 trepide
762 602 1054 652 recurrunt
1086 591 1155 646 ad
1201 590 1392 643 ducem
1427 601 1621 648 suum;
1666 598 1769 637 nec
1823 594 2005 636 tamen
2040 581 2090 636 ei

511 694 739 760 primam
769 686 842 743 rei
872 684 1122 740 notitiam
1156 686 1457 741 reservant,
1482 676 1765 732 autsedati
1799 690 1928 728 voce
1958 673 2088 728 sub-

515 783 679 839 missa
712 779 841 848 quid
873 776 1139 831 vidissent
1166 772 1438 834 nuntiant,
1476 780 1535 823 ut
1563 768 1913 824 cordatorum
1966 765 2093 821 ofll-

513 877 660 935 cium
699 880 841 938 erat,
869 869 964 927 sed
999 870 1138 924 inter
1177 866 1353 936 ipsum
1387 878 1607 919 cursum
1641 871 1701 915 ιιι
1721 870 1878 916 erant
1912 858 2091 913 anheli

513 982 569 1025 et
592 975 735 1022 metu
763 962 1043 1022 examines
1073 958 1375 1013 clamarunt
1406 955 1594 1009 adesse
1611 951 1820 1008 Gallos.
1856 948 2095 1005 Perculit

514 1057 833 1130 imprudens
884 1069 990 1111 vox
1026 1053 1296 1107 Romanos
1344 1048 1454 1117 jam
1502 1046 1771 1107 victores,
1803 1054 2093 1111 arcemque

515 1148 755 1206 incensis
813 1154 1092 1216 patentem
1164 1138 1377 1209 portis,
1448 1134 1781 1191 trauscensis
1846 1133 2092 1189 invas.un

516 1241 726 1305 muris.
783 1236 1016 1295 extorsit
1066 1233 1319 1289 manibus
1376 1228 1741 1285 obtinentium
1796 1243 1811 1279 :
1864 1224 2094 1293 quisque

475 1318 482 1325 ’
516 1349 705 1389 amens
739 1342 951 1387 terrore
980 1326 1159 1383 subito
1208 1323 1395 1393 pedem
1426 1320 1588 1374 refert
1611 1359 1625 1383 ,
1679 1318 1965 1373 victoriam
1998 1315 2094 1369 ab-

518 1425 687 1490 dicat,
738 1437 939 1493 equum
986 1416 1207 1488 repetit,
1257 1414 1628 1484 adjumentum
1683 1410 1882 1465 velocis
1939 1408 2095 1477 fugai.

515 1517 739 1573 Collisio
761 1523 878 1570 erat
902 1514 1038 1566 mira
1061 1506 1417 1575 confusioque
1439 1505 1493 1558 in
1517 1518 1635 1558 sese
1657 1498 2051 1556 incurrentium
2078 1537 2091 1561 ,

519 1623 574 1669 et
620 1624 742 1665 cum
777 1606 982 1676 trepide
1014 1618 1110 1670 pro
1161 1616 1219 1655 se
1270 1601 1503 1667 quisque
1553 1595 1895 1657 festinarent,
1930 1606 2097 1660 equos

518 1720 618 1778 pro
646 1704 759 1758 suis
789 1699 1020 1760 alienos,
1061 1705 1119 1749 ut
1149 1705 1421 1762 quemque
1454 1688 1652 1756 cuique
1681 1686 1795 1739 fets
1852 1694 1908 1739 et
1940 1695 2096 1736 error

2193 488 2410 559 φθάσας
2446 486 2709 557 ἐδήλωσε)
2734 484 3204 554 ἐπανατρέχουσιν
3242 483 3561 549 ἀσυντάκτως
3591 490 3696 558 πρὸς

2191 581 2358 635 αὐτὸν
2380 582 2475 633 καὶ
2502 584 2565 634 οὐ
2608 577 3006 650 μυστηριωδῶς
3033 578 3161 647 περὶ
3184 575 3290 629 τῶν
3315 575 3561 645 φανέντων
3596 596 3697 635 κατ.

2192 673 2476 746 ἤγγελλον,
2500 672 2637 726 ἀλλά
2673 669 2955 742 πόρρωθεν
2977 666 3274 737 φωνοῦντες
3290 665 3479 720 τούτων
3496 666 3650 734 ἔφοδον
3666 668 3697 701 tt

2192 769 2398 849 ελεχον.
2467 764 2829 827 Ἀκούσαντες
2884 761 2942 815 δὲ
3015 764 3064 815 οί
3131 759 3452 831 στρατιῶται
3495 760 3579 828 τήν
3617 760 3700 813 etin

2192 859 2413 916 Κελτῶν
2447 858 2658 928 ἔφοδον,
2691 856 2797 911 κᾶν
2847 856 2957 908 τῶν
2995 853 3192 923 τειχῶν
3248 852 3587 922 ὑπερέϐησαν,
3623 856 3703 906 κᾶν

2192 955 2291 1017 τὰς
2314 953 2489 1015 πύλας
2520 951 2860 1020 ἐνέπρησαν,
2902 948 3003 1002 κᾶν
3040 950 3098 1001 έν
3121 945 3279 1016 χερσὶ
3332 944 3477 998 τοῦτο
3499 945 3704 1013 κατέχον-

2193 1063 2284 1109 τες
2314 1040 2456 1116 ἦσαν
2500 1044 2627 1115 ήδη,
2663 1042 2777 1096 ἀλλ’
2827 1038 3319 1111 ὲκδειματωθέντες
3358 1038 3567 1100 ἕκαστος
3603 1038 3705 1106 πρὶς

2193 1140 2288 1194 τὸν
2342 1138 2476 1192 ῐδιον
2533 1136 2760 1207 ἔτρεχεν
2810 1136 2999 1189 ἵππον.
3068 1131 3337 1202 Ἔμφοὸοι
3398 1131 3451 1184 δὲ
3478 1131 3608 1192 ὅντες
3636 1131 3708 1182 καὶ

2197 1228 2484 1291 συνθέντες
2529 1225 2643 1298 [ισ.
2685 1225 3069 1297 συγχυθέντες]
3100 1225 3192 1278 τὸν
3231 1221 3349 1277 νοῦν
3381 1222 3552 1292 ἅτερος
3589 1218 3708 1272 θατέ-

2198 1339 2295 1392 ρου
2335 1320 2502 1374 ἵππον
2560 1318 2871 1373 ἐπέϐαινεν.
2902 1317 3078 1372 Πολλά
3138 1316 3267 1385 γοῦν
3320 1317 3347 1369 ὁ
3388 1312 3711 1379 Καντσκουζη-

2197 1416 2284 1479 νὸς
2323 1414 2732 1484 ἀγωνισάμενος
2779 1414 2874 1467 καὶ
2930 1411 3132 1474 πολλὰς
3189 1410 3443 1473 ἱππασίας
3479 1406 3601 1475 κατά
3632 1405 3711 1458 τῶν

2202 1506 2722 1577 έκδειματωθέντων
2787 1506 3043 1576 ποιήσας,
3135 1501 3367 1575 Ἀνέρες
3428 1500 3569 1557 ἐστε.
3626 1514 3713 1565 φω-

2199 1600 2306 1653 νῶν
2387 1600 2528 1654 κατά
2602 1598 2696 1652 τὸν
2774 1599 3007 1667 ποιητὴν
3043 1636 3057 1662 ,
3113 1597 3417 1666 μνήσθητε
3500 1588 3717 1656 θούριδος

2200 1692 2418 1760 ἀλκῆς,
2473 1693 2550 1754 ὡς
2622 1691 2724 1745 οὐκ
2790 1690 3008 1744 ἔπειθεν
3036 1728 3051 1753 ,
3108 1687 3323 1757 εὐφυῶς
3400 1683 3592 1745 τούτους
3642 1684 3719 1749 τῆς

519 1750 793 1852 iibtulerat
829 1831 845 1856 ,
899 1785 1352 1843 inscendentitun.
1429 1779 1802 1848 Nequidquam
1894 1773 2087 1830 Canta-

2206 1750 2415 1849 πτοίας
2468 1750 2773 1856 ἀνήνεγκε,
2826 1750 3092 1855 φάμενος,
3132 1750 3209 1846 ὡς
3260 1782 3341 1834 Οὐ
3397 1779 3505 1850 χρὴ
3556 1775 3722 1831 ἑλεπό-

520 1901 761 1945 cuzenus
792 1881 1114 1951 obequitans
1166 1877 1420 1933 obstabat
1448 1872 1760 1937 ruentibus,
1796 1879 1850 1924 et
1896 1882 2055 1921 manu
2078 1903 2094 1930 ,

522 1994 656 2036 voce
678 2018 692 2044 ,
743 1983 876 2031 nutu
901 1987 1094 2029 omnes
1127 1969 1447 2029 admonens,
1481 1963 1709 2020 reddere
1733 1958 2095 2018 constantiam

518 2084 664 2128 metu
702 2067 940 2137 abreptis
972 2065 1165 2135 panico
1211 2060 1475 2116 certabat.
1524 2056 1652 2112 Este
1706 2055 1840 2120 uiri,
1877 2054 2095 2117 aiebat,

517 2182 551 2221 e
581 2173 737 2234 poeta
760 2170 1033 2229 repetens,
1058 2168 1104 2209 et
1124 2156 1307 2222 prisca:
1332 2166 1587 2207 memores
1608 2147 1816 2203 virtutis
1835 2148 1891 2201 in
1911 2145 2097 2207 armis;

522 2256 618 2313 sed
671 2252 908 2310 canebat
958 2248 1158 2313 surdis,
1214 2254 1271 2303 et
1313 2242 1468 2299 ducis
1525 2239 1661 2296 nihil
1709 2254 1817 2294 non
1854 2237 2100 2293 conantis

519 2345 848 2404 industriam
911 2340 1201 2396 oblitorum
1252 2335 1420 2392 officii
1486 2333 1716 2389 militum
1764 2328 2099 2402 perturbatio

523 2438 797 2494 vincebat.
861 2433 955 2488 Ille
1000 2443 1177 2488 tamen
1229 2445 1296 2484 ne
1347 2438 1475 2483 tunc
1530 2426 1747 2495 quidem
1799 2422 2099 2492 desperans

516 2532 706 2587 omnia
750 2547 765 2584 :
820 2526 987 2591 Esto,
1052 2523 1256 2592 inquit,
1304 2520 1498 2575 milites
1546 2534 1747 2573 eamus.
1808 2514 1974 2585 Fuga:
2019 2529 2100 2567 me

521 2625 723 2679 socium
772 2618 1048 2674 habebitis.
1086 2614 1189 2671 Sed
1250 2629 1343 2668 cur
1400 2622 1603 2667 nostras
1632 2609 1905 2664 machinas
1963 2607 2100 2661 hosti

523 2712 898 2786 relinquimus?
918 2728 1011 2766 cur
1033 2722 1212 2764 nostra
1228 2707 1377 2777 copia
1399 2703 1583 2759 Gallos
1607 2719 1873 2757 armemus
1890 2702 1914 2755 ?
1930 2702 2098 2770 Agite,

524 2812 690 2866 breuis
742 2824 834 2862 nec
863 2803 1159 2876 periculosa
1210 2816 1358 2854 mora
1401 2807 1500 2853 est.
1537 2795 1949 2863 Corrumpamus
1988 2791 2101 2863 igni

522 2921 641 2976 qua:
667 2918 758 2956 nec
782 2898 963 2954 tuendi
993 2896 1224 2957 artiums,
1258 2909 1349 2946 nec
1372 2888 1628 2960 efferendi
1650 2887 1883 2957 facultas
1902 2887 2102 2940 otium-

524 3014 581 3051 ve
607 2994 855 3064 suppetit;
888 3005 1048 3058 neque
1079 2986 1211 3041 illud
1231 2986 1391 3054 jubeo
1420 2993 1715 3046 exspectare
1735 2997 1820 3034 vos
1837 2980 2010 3050 quoad
2040 2994 2101 3032 ea

524 3093 577 3145 in
600 3089 822 3142 cinerem
842 3082 1088 3141 abierint;
1104 3079 1322 3147 ﬂamma
1339 3076 1495 3130 semel
1518 3074 1733 3143 injecta,
1752 3089 1845 3141 per
1861 3088 1941 3125 me
1958 3070 2101 3131 licet,

2203 1881 2332 1943 λεις
2383 1876 2739 1932 καταλιπεῖν
2764 1876 2905 1942 τοῖς
2954 1877 3256 1941 ἐναντίοις
3296 1874 3418 1928 καθ’
3460 1871 3607 1941 ἡμῶν
3652 1867 3723 1936 ὄρ-

2206 1986 2358 2041 τανα
2383 2013 2398 2036 ,
2428 1970 2590 2025 ἀλλὰ
2648 1971 2768 2039 πῦρ
2822 1974 2913 2036 εὶς
2960 1971 3151 2035 αὐτὰς
3192 1965 3481 2037 ἐμϐαλεῖν,
3512 1959 3619 2032 κᾷθ’
3645 1962 3723 2015 οὗ·

2210 2082 2333 2139 τως.
2374 2065 2809 2130 etiamdieth
2854 2061 3216 2131 ὑποχωρεῖν.
3272 2058 3591 2129 Παραχρῆμα
3624 2054 3724 2120 γοῦν

2210 2156 2355 2228 μάλα
2388 2154 2690 2227 προθύμως
2723 2155 2998 2223 ἐπλήρουν
3038 2153 3091 2204 oi.
3127 2151 3448 2218 στρατιῶται
3496 2147 3549 2200 τὸ
3592 2161 3726 2215 προσ·

2203 2246 2559 2315 ταττόμενον,
2591 2249 2686 2298 καὶ
2741 2245 2803 2297 οὐ
2832 2245 2933 2306 τὰς
2980 2242 3269 2304 ἑλεπόλεις
3297 2240 3474 2311 μόνον,
3504 2237 3621 2291 ἀλλά
3654 2235 3726 2287 καὶ

2206 2340 2274 2390 τὰ
2293 2337 2438 2390 κατὰ
2475 2336 2568 2389 τὸν
2607 2337 2856 2404 ποταμὸν
2891 2333 3109 2404 Βούσην
3172 2332 3427 2403 ἱστάμενα
3460 2329 3599 2383 πλοῖα
3640 2326 3728 2380 ivl-

2209 2444 2461 2498 πρησαν,
2509 2427 2585 2490 ὼς
2623 2426 2698 2496 μὴ
2759 2425 2964 2497 ῥᾳδίως
3001 2425 3053 2478 οἱ
3112 2424 3308 2479 Κελτοὶ
3335 2423 3579 2492 διαπερᾷν
3608 2419 3725 2473 ἐνθεν

2207 2522 2404 2592 ἔχοιεν.
2429 2520 2601 2584 Αὐτὸς
2627 2520 2684 2573 δὲ
2709 2518 3042 2582 ἀναποδίσας
3085 2500 3289 2589 μικρὸν
3317 2516 3407 2569 καὶ
3429 2513 3614 2568 πεδιάδι
3644 2510 3728 2565 τινὶ

2207 2612 2447 2684 ἐντυχὼν
2492 2612 2730 2678 δεξιὸθεν
2792 2613 2891 2681 μὲν
2952 2612 3044 2665 τὸν
3101 2610 3437 2678 καλούμενον
3490 2607 3728 2675 Χαρξάνην

2210 2705 2457 2772 ποταμὸν
2487 2703 2711 2775 ἐχούσῃ,
2747 2703 2808 2769 ὲξ
2840 2703 3137 2771 εὐωνύμου
3174 2702 3232 2757 δὲ
3262 2702 3431 2767 ἑλώδη
3459 2699 3572 2753 τινὰ
3599 2697 3729 2750 τόπον

2210 2800 2301 2853 καὶ
2332 2796 2602 2867 βαλτώδη,
2633 2798 2728 2851 καὶ
2760 2797 3220 2868 συγχρησάμενοι
3255 2796 3456 2859 τούτοις
3475 2794 3542 2858 ὡς
3563 2789 3729 2862 ὀχυρώ-

2212 2905 2379 2959 μασιν
2408 2886 2577 2940 αὐτοῦ
2611 2905 2715 2941 που
2757 2887 2851 2941 τδν
2902 2888 3135 2958 χάρακα
3175 2887 3461 2958 ἐπήξαντο.
3506 2885 3560 2938 Οἱ
3584 2883 3631 2936 δὲ
3657 2884 3731 2949 ρη-

2210 2980 2398 3044 θέντες
2430 2980 2629 3035 Κελτοὶ
2651 2981 2807 3052 παρά
2846 2980 2925 3051 τῷ
2958 2981 3138 3049 χείλει
3164 2980 3258 3033 τοῦ
3289 2976 3522 3046 ποταμοῦ
3549 2976 3732 3045 γενόμε·

2159 3118 2174 3135 ,
2210 3090 2313 3137 νοι,
2346 3074 2458 3127 τῶν
2515 3074 2721 3128 πλοίων
2782 3073 2886 3145 ήδη
2936 3072 3499 3144 προεμπρησθέντων,
3546 3068 3731 3135 ἀστοχή-

525 3182 614 3243 ite,
648 3172 891 3232 recedite;
916 3170 1003 3224 sed
1036 3184 1139 3222 non
1167 3176 1377 3231 temere,
1406 3180 1509 3216 non
1542 3163 1784 3231 turpiter,
1812 3163 1902 3215 sed
1920 3162 2101 3215 decore

2210 3182 2405 3228 σαντες
2437 3165 2549 3218 τῶν
2602 3164 2837 3219 ἐλπίδων
2890 3166 3198 3236 κεχηνότες
3249 3166 3589 3235 ὑπέστρεφον.
3617 3160 3664 3213 ὐ
3688 3159 3731 3212 δὲ

528 3267 907 3338 compositeque
945 3262 1191 3316 recedile.
1234 3256 1471 3312 Nimium
1499 3271 1650 3325 aequa
1683 3270 1912 3325 poscere
1953 3254 2102 3309 visus

528 3370 646 3427 cst;
678 3364 844 3421 agunt
880 3353 1079 3409 milites
1130 3349 1274 3420 quod
1317 3348 1676 3419 jubebantur,
1718 3350 1859 3401 ultra
1914 3346 2103 3409 etiam,

528 3464 587 3507 ut
634 3450 730 3513 ﬁt,
773 3461 935 3517 quam
965 3446 1072 3499 dux
1102 3449 1453 3511 speraverat.
1510 3448 1668 3508 capto
1700 3436 1866 3493 semel
1902 3437 2103 3505 impetu

527 3543 675 3597 elati.
711 3537 986 3607 Siquidem
1044 3548 1147 3586 non
1183 3532 1358 3585 solum
1384 3544 1513 3583 suas
1542 3529 1778 3597 ipsorum
1805 3525 2103 3590 machinas,

527 3637 623 3691 sed
649 3634 812 3689 etiam
870 3627 1092 3684 hostiles
1137 3623 1299 3694 392
1343 3636 1510 3676 naves
1559 3620 1626 3675 ad
1680 3618 1879 3675 ﬂumen
1925 3618 2103 3673 Busen

530 3734 740 3781 stantes
768 3718 1125 3775 incenderunt
1154 3756 1169 3779 ,
1205 3730 1310 3769 non
1366 3712 1560 3783 exiguo
1614 3712 1955 3766 incommodo
1981 3708 2107 3764 Gal-

532 3821 753 3881 lorum,
831 3811 1029 3883 quibus
1094 3809 1239 3862 bautl
1304 3806 1483 3860 facilis
1538 3804 1793 3872 deinceps
1854 3802 2116 3874 trajectus.

533 3911 710 3965 amnis
743 3906 863 3977 ejus
898 3902 1115 3959 iuturus
1142 3900 1448 3954 videbatur.
1481 3895 1557 3949 Ita
1593 3896 1809 3951 demum
1836 3893 2108 3949 Cautacn-

531 4015 697 4055 aeuus
756 3999 858 4052 rite
912 4006 1075 4063 atque
1150 3991 1401 4046 ordinate
1453 4002 1575 4043 cum
1634 3987 1752 4042 suis
1810 4001 1842 4040 e
1901 3995 2110 4040 terrore

531 4091 811 4162 paulisper
866 4085 1120 4153 receptis,
1148 4084 1293 4137 lento
1337 4080 1447 4146 jam
1476 4089 1530 4134 et
1563 4078 1785 4133 militari
1843 4078 2107 4133 recedens

532 4186 725 4254 gradu.
751 4178 1028 4249 planitiem
1051 4174 1432 4229 animadvertit
1457 4187 1564 4239 non
1595 4172 1753 4241 longe
1783 4172 2100 4235 distantem,

532 4275 688 4344 cujus
720 4273 859 4328 situs
899 4284 928 4322 a
988 4266 1194 4321 dextris
1247 4265 1451 4319 habens
1482 4278 1695 4317 amnem
1727 4261 2062 4317 Charznnem
2092 4300 2109 4329 ,

530 4376 808 4443 protectus
854 4378 884 4417 a
928 4359 1166 4416 sinistris
1211 4358 1357 4412 invio
1406 4354 1583 4424 spatio
1631 4354 1890 4423 palustris
1920 4365 1974 4409 et
2008 4354 2106 4409 uli-

2208 3258 2304 3313 τοῦ
2340 3258 2685 3328 Βαῖμούντου
2717 3259 2948 3327 ἀδελφὸς
2990 3259 3173 3325 Γίδος,
3210 3261 3280 3315 τά
3310 3258 3575 3326 συμ-ὂάντα
3604 3254 3731 3308 πυθό-

2212 3369 2374 3423 μενος
2409 3351 2539 3422 παρ’
2571 3351 2775 3417 αὐτῶν,
2808 3352 2975 3424 ἀλλην
3004 3353 3305 3423 ἐτράπετο,
3339 3351 3429 3406 καὶ
3455 3348 3731 3421 στρατιώτας

2208 3446 2495 3514 γενναίους
2531 3445 2645 3498 τῶν
2678 3446 2772 3499 ὑπ’
2804 3445 2970 3499 αὐτὸν
3022 3446 3367 3517 διελόμενος,
3409 3446 3535 3517 πρὸς
3568 3440 3732 3510 Ἰερειὼ

2209 3540 2306 3591 καὶ
2331 3539 2399 3592 τά
2420 3539 2636 3592 Κάνινα
2665 3537 2971 3609 ἐξέπεμψε.
3012 3540 3439 3602 Καταλαὸόντες
3467 3533 3550 3592 οὖν
3572 3534 3631 3589 τὰ
3656 3531 3734 3585 ὐπὸ

2205 3630 2302 3685 τοῦ
2339 3631 2702 3701 Κεκαυμένου
2744 3632 2967 3703 Μιχαὴλ
3009 3636 3334 3704 τηρούμενα
3354 3633 3527 3703 τέμπη
3549 3630 3731 3699 (ἐκεῖνον

2207 3723 2318 3793 γάρ
2373 3722 2596 3792 φύλακα
2644 3723 2853 3777 τούτων
2908 3725 3223 3797 ἐπέστησεν
3263 3724 3308 3757 ³⁸
3341 3714 3731 3791 ὁαύτοκράτωρλ

2212 3817 2306 3868 καὶ
2330 3818 2605 3886 συμμάχῳ
2623 3817 2703 3887 τῷ
2717 3816 2870 3887 τόπῳ
2893 3820 3241 3887 χρησάμενοι
3277 3819 3369 3892 κα).
3396 3816 3729 3888 θαρρήσαντες.

2210 3908 2481 3976 τρέπουσι
2559 3906 2935 3977 ξυμϐαλόντες
2987 3909 3032 3941 ³⁸
3075 3910 3461 3979 κατακράτος’
3497 3906 3618 3974 ἀνὴρ
3652 3900 3731 3967 γὰρ

2212 3994 2420 4059 Κελτὸς
2448 3994 2591 4048 ἐπὰν
2627 3996 2889 4066 στενωπῷ
2912 4000 3026 4060 τοῖς
3086 4000 3312 4069 ἐχθροῖς
3355 3999 3550 4068 ἔτυχεν,
3576 3992 3733 4049 ἀκάθε-

2214 4106 2343 4150 κτος
2393 4088 2625 4156 γίνεται,
2677 4088 2868 4159 ὥσπερ
2939 4090 2997 4142 έν
3048 4091 3265 4144 πεδιάδι
3326 4091 3441 4143 λίαν
3499 4088 3733 4141 εὐάλωτος·

2216 4179 2619 4250 θαρσήσαντες
2646 4177 2762 4244 οὖν,
2795 4181 2873 4243 ὠς
2900 4183 3036 4252 πρὸς
3062 4185 3160 4237 τὸν
3201 4180 3627 4250 Καντακνηυζηνδν
3663 4173 3733 4226 αὖ·

2217 4271 2303 4335 θις
2353 4274 2849 4342 ἑπανατρέχουσιν.
2917 4274 3075 4328 Ἐπεὶ
3133 4276 3193 4330 δὲ
3250 4276 3341 4328 τὸν
3394 4275 3549 4328 τόπον
3602 4262 3730 4334 οὗπερ

2215 4362 2453 4431 ἔφθασεν
2486 4363 2515 4415 ὁ
2548 4363 3013 4434 Καντακουζηνὺς
3036 4364 3116 4429 ὡς
3161 4366 3395 4434 εἴπομεν
3437 4363 3520 4416 τὸν
3567 4359 3732 4429 χάρακα

532 4462 708 4536 uinosi
736 4456 860 4524 loci,
890 4469 1014 4511 cum
1036 4462 1192 4524 aptus
1214 4460 1359 4506 esset
1380 4449 1528 4504 visus
1552 4448 1860 4503 muniendis
1887 4450 2101 4513 castris,

2216 4455 2494 4526 πήξασθαι
2562 4456 2653 4528 μὴν
2677 4458 3129 4528 προσϐοηθοῦντα
3184 4458 3400 4520 τούτοις
3439 4456 3728 4524 ἐγνώκασιν,

533 4555 732 4611 vallum
768 4549 877 4605 illic
913 4547 1050 4601 fixit.
1082 4544 1252 4598 Porro
1279 4540 1415 4597 Galli
1438 4554 1575 4610 quos
1611 4538 1840 4594 infestos
1875 4539 2110 4594 movisse

532 4647 600 4701 ad
659 4639 1033 4699 liberationem
1067 4634 1189 4706 Myli
1238 4632 1471 4687 diximus
1497 4670 1512 4695 ,
1549 4632 1637 4687 ubi
1676 4632 1741 4685 ad
1775 4630 1922 4698 ripas
1960 4627 2107 4683 ﬂuvii

531 4736 775 4810 provecti
830 4748 996 4787 naves
1055 4744 1180 4783 snas
1244 4726 1498 4781 incensas
1566 4732 1927 4793 repererunt,
1994 4727 2107 4791 spei

536 4831 766 4897 impotes
815 4836 869 4881 et
934 4822 1141 4877 frustra
1201 4819 1415 4875 hiantes
1478 4816 1687 4882 regredi
1734 4814 1903 4870 coacti
1957 4820 2105 4868 sunt.

540 4919 737 4975 Verum
784 4914 1066 4973 Baitnundi
1121 4912 1290 4969 frater
1346 4909 1516 4965 Gidus
1562 4908 1761 4963 auditis
1815 4922 1933 4976 qua:
1965 4905 2109 4961 acci—

538 5013 765 5075 derant,
797 5010 901 5064 alia
949 5008 1033 5062 via
1092 5008 1300 5061 hostem
1338 5012 1523 5075 petere
1574 5000 1831 5056 decrevit.
1892 4999 2111 5054 Lectum

533 5102 758 5159 fortium
805 5101 1035 5155 militum
1058 5138 1076 5167 ,
1113 5096 1301 5167 quales
1341 5095 1442 5151 sub
1471 5110 1530 5149 se
1563 5094 1793 5148 habebat
1826 5090 2110 5159 plurimos,

536 5208 759 5252 manum
796 5191 1088 5257 improviso
1134 5190 1187 5243 in
1217 5187 1597 5244 Jerecbuntem
1633 5195 1687 5239 ct
1724 5185 1929 5239 Canina
1959 5185 2115 5254 jubet

534 5288 770 5344 irruere.
823 5280 1200 5351 Obsequentes
1254 5280 1327 5335 illi
1360 5279 1528 5335 valles
1558 5278 1609 5331 in
1643 5287 1904 5348 angustas
1946 5292 2113 5345 pene-

539 5389 712 5446 trant,
757 5390 993 5450 quarum
1028 5381 1147 5427 erat
1176 5373 1419 5429 Michaeli
1462 5372 1808 5427 Cecaumeno
1838 5372 1906 5425 ab
1938 5372 2113 5440 impe-

538 5484 716 5533 ratore
774 5468 1023 5529 custodia
1068 5464 1345 5521 mandata.
1406 5464 1473 5520 Et
1525 5464 1696 5519 adfuit
1734 5463 1821 5518 ille
1873 5463 2111 5533 quidem,

2215 4547 2610 4615 δειλιάσαντες,
2652 4549 3019 4604 ἀνεϐάλλοντο
3053 4551 3155 4621 τήν
3186 4552 3388 4622 μάχην.
3448 4549 3503 4602 '0
3521 4547 3572 4600 δὲ
3596 4538 3731 4597 αὐτῶν

2206 4638 2546 4710 ⁴ιι,ἱσθι5ι.ι.ε;νος
2584 4640 2682 4707 τῆς
2714 4640 2931 4709 ἐφόδου,
2989 4640 3059 4695 δι’
3091 4642 3223 4711 ὅλης
3282 4642 3473 4703 νυκτὸς
3529 4633 3730 4702 ξυμπάσῃ

2220 4733 2451 4802 στρατιᾷ
2505 4731 2609 4815 τὴν
2673 4733 2770 4785 τοῦ
2837 4731 3091 4803 ποταμοῦ
3155 4733 3394 4804 περαίαν
3464 4723 3729 4784 κατέλαὸεν-

2229 4824 2416 4877 Ἡλίου
2459 4824 2517 4877 δὲ
2536 4823 2811 4894 ὁρίζοντος
2851 4826 3019 4895 μήπω
3072 4824 3487 4893 ὑπερκύψαντος
3531 4815 3727 4876 αὐτόςτε

2219 4914 2677 4985 θωρακισάμενος
2706 4917 2802 4969 καὶ
2832 4916 2980 4970 ἅπαν
3005 4918 3241 4979 ὁπλίσας
3266 4918 3329 4969 τὸ
3356 4914 3645 4985 στράτευμα
3658 4903 3731 4971 τὴν

2223 5007 2394 5077 μέσην
2446 5009 2543 5076 τῆς
2607 5009 2973 5079 παρατάξεως
3000 5004 3115 5079 εῐχε
3140 5008 3329 5077 χώραν
3384 5000 3730 5077 προμετώπως.

2218 5101 2279 5152 0i
2316 5097 2373 5152 δὲ
2396 5097 2631 5169 Τοῦρκοι
2668 5100 2729 5165 ἐξ
2755 5100 3039 5170 εὐωνύμου
3060 5141 3076 5166 ,
3118 5100 3145 5152 ὁ
3170 5100 3229 5153 δέ
3291 5116 3353 5169 γε
3402 5095 3602 5156 Ἀλανὸς
3635 5086 3730 5140 Ῥω⁶

2226 5189 2431 5262 σμίκης
2458 5192 2515 5244 τὸ
2543 5190 2715 5256 δεξιὸν
2750 5192 2926 5246 διεῖπε
2975 5194 3141 5263 κέρας
3195 5194 3336 5261 μετά
3362 5191 3470 5244 τῶν
3511 5178 3729 5240 ὑπἀὖτδν

2217 5282 2552 5352 ὁμοχοόνων.
2600 5283 2740 5346 Τοὺς
2785 5283 2843 5336 δὲ
2886 5284 3098 5348 Σκύθας
3149 5283 3473 5354 προέπεμψε
3503 5275 3625 5331 κατά
3649 5268 3727 5321 τῶν

2219 5374 2465 5439 Κελτῶν,
2487 5375 2871 5447 ἐντειλάμενος
2930 5376 2999 5429 δι’
3042 5372 3441 5447 ἀκροϐολισμοῦ
3481 5364 3726 5424 immans-

2218 5465 2342 5518 σθαι
2376 5467 2602 5532 τούτους
2635 5468 2728 5522 καὶ
2775 5467 2995 5539 βάλλειν
3024 5470 3121 5538 μὲν
3151 5468 3385 5539 συχνῶς,
3417 5454 3725 5530 ύιιιειιφεύγεω

1282 5576 1358 5646 θ
1565 5600 1770 5662 Varias
1799 5599 2104 5664 lectiones
2133 5619 2210 5665 ex
2240 5605 2381 5667 cod.
2424 5606 2691 5669 Coislin.

598 5732 640 5764 ⁸⁷
663 5732 898 5786 έλευσιν.
974 5731 1018 5764 ³⁸
1051 5729 1302 5799 ἔστησεν.

1401 5726 1443 5758 ³⁹
1469 5724 1629 5781 Deest
1652 5742 1751 5782 vox
1786 5726 2181 5796 ξυμϐαλόντες,
