3998 6206
405 821 424 846 κ

544 321 646 383 975
1846 320 2073 381 ᾹΝΝιΈ

2191 317 2484 381 νΜΝΕΝβΕ
2587 345 2606 361 κ
3629 315 3714 374 9τῆ

543 429 846 499 impingi-ns
872 427 1074 483 rabiem
1108 423 1315 481 offensu
1377 425 1525 480 velut
1568 424 1722 479 molis
1794 425 1977 480 solida:
2043 425 2496 494 rcpulsus,liaud
2546 421 2704 476 dubie
2764 417 3017 478 titubare,
3078 429 3174 470 nec
3239 415 3345 482 jam
3385 417 3722 476 dissimulanter

542 530 688 572 retro
728 517 854 572 ferri
909 527 962 572 et
986 519 1100 585 ipse
1164 514 1313 570 visus
1365 524 1465 570 est.
1517 513 1593 569 Eo
1644 515 1952 585 spectaculo
2000 532 2112 569 rem
2147 517 2259 587 jam
2291 524 2340 568 ct
2379 528 2528 584 Spem
2602 511 2905 565 universam
2956 508 3010 562 in
3081 520 3140 562 se
3181 507 3438 564 redactam
3482 523 3574 562 uno
3607 508 3722 564 αλιι·

544 625 838 667 tacuzenus
869 609 1180 665 admonitus
1209 648 1224 672 ,
1259 607 1460 663 nullam
1519 607 1645 661 facit
1676 623 1881 661 moram
1916 607 2284 672 immittendi,
2336 607 2477 659 velut
2516 620 2545 658 c
2578 603 2888 658 carceribus
2918 601 3044 655 dato
3109 600 3294 670 signo,
3371 599 3421 654 in
3490 600 3718 655 Gallorum

542 707 821 760 adversam
857 701 1024 756 aciem
1057 699 1237 755 infesti
1273 716 1490 756 cursus.
1547 699 1654 753 Nec
1690 699 1906 752 fortuna
1939 700 2108 752 defuit
2149 700 2366 767 in:epto
2419 698 2586 759 forti;
2632 695 2871 765 perrupit
2917 694 3062 747 enim
3126 704 3180 747 ct
3221 693 3273 746 in
3337 701 3508 761 partes
3543 692 3725 760 disrupil

546 797 740 852 inultas
789 795 931 850 illam
965 795 1431 850 consertissimam
1477 806 1531 851 et
1579 798 1891 852 adhmsionc
1964 806 2147 848 mutua
2223 793 2687 864 impenetrabilem
2745 792 2914 846 aciem
2969 788 3268 854 Gallicam;
3320 788 3567 856 planeque
3612 789 3724 839 fuso!

536 893 652 948 acie
688 893 874 947 hostes
906 901 960 946 et
1001 890 1121 961 fuga
1159 890 1366 946 cladem
1417 892 1760 956 confitentes,
1818 907 1994 961 usque
2071 891 2136 944 ad
2174 889 2482 959 Oppidulum
2539 887 2660 959 Μ]Ιί
2685 889 2888 942 dictum
2955 887 3231 939 insecutus
3259 891 3356 938 est.
3393 879 3516 934 H‘nc
3546 880 3724 937 revertit

535 985 882 1054 receptuique
932 984 1162 1048 cecinit,
1219 983 1391 1052 captis
1443 999 1509 1038 eo
1540 984 1626 1038 die
1665 984 1941 1038 nonnullis
1970 985 2108 1054 apud
2149 982 2386 1037 Francos
2443 979 2761 1041 illustribus,
2787 993 2817 1032 e
2843 991 3068 1031 numero
3089 977 3360 1037 comitum,
3399 987 3522 1042 quos
3555 982 3724 1024 vocant-

534 1074 589 1128 In
615 1073 681 1128 iis
710 1072 1040 1128 erantUbus
1072 1069 1383 1140 siveHugo,
1455 1083 1508 1126 et
1576 1072 1742 1127 frater
1803 1073 1961 1141 hujus
2027 1071 2329 1126 liirhardus
2386 1072 2605 1134 dictus,
2676 1069 2914 1139 denique
2980 1067 3388 1137 Contopaganus
3455 1071 3726 1117 ιιιειιιοιιιιιε

532 1181 694 1236 supra
731 1187 742 1222 :
781 1181 915 1235 quos
960 1167 1121 1221 simul
1178 1183 1300 1221 cum
1346 1167 1607 1222 laureatis
1647 1168 1721 1222 rei
1761 1169 1894 1222 bene
1947 1177 2109 1237 gesta:
2149 1167 2356 1222 nuntiis
2387 1168 2452 1220 ad
2497 1167 2797 1237 Augustum
2847 1165 3028 1219 statim
3083 1164 3270 1225 misit;
3342 1161 3610 1230 adiungens
3643 1175 3724 1211 una

530 1259 709 1326 capita
745 1255 1024 1312 Gallorum
1086 1259 1440 1328 plurimorum
1505 1274 1626 1328 quae
1693 1260 1756 1313 de
1813 1260 2037 1327 truncis.
2083 1259 2323 1313 abscissa
2379 1259 2677 1329 iacentium
2735 1257 3083 1321 cadaverum,
3145 1255 3518 1322 longarumq-ie
3578 1253 3726 1306 hasta-

530 1365 648 1402 rum
709 1351 872 1405 infixa
963 1352 1512 1422 cu5pidibus,sicque
1579 1351 1887 1423 triumphali
1943 1352 2188 1406 traducta
2225 1368 2416 1422 pompa
2469 1353 2520 1406 in
2573 1351 2743 1406 oculis
2792 1351 3133 1420 imperatoris
3191 1359 3244 1403 et
3311 1349 3578 1403 comitatus
3603 1345 3724 1409 eius.

530 1442 967 1512 magnitudinem
1018 1443 1257 1498 victoriae
1319 1443 1773 1500 demenstrarent.
1832 1441 1944 1497 Hoc
2011 1457 2110 1514 ego
2150 1445 2202 1498 in
2244 1444 2555 1514 scriptionis
2588 1444 2706 1499 loco
2738 1460 2858 1498 cum
2925 1444 3098 1514 prima
3159 1443 3274 1496 face
3303 1440 3489 1510 Stylum
3567 1441 3725 1495 ducem

527 1533 592 1586 ad
631 1533 912 1587 lucubrum
948 1544 1189 1590 versaret
1241 1537 1696 1601 commentando,
1783 1535 1927 1590 sensi
2007 1536 2183 1592 fateor
2223 1537 2486 1606 obrepere
2543 1537 2673 1591 mihi
2731 1552 2981 1592 somnum
3036 1537 3195 1592 taedio
3247 1535 3467 1604 quodam
3517 1534 3727 1587 orationis

527 1627 671 1680 haud
717 1627 848 1682 satis
880 1637 1106 1695 compta:
1158 1627 1397 1696 satisque
1423 1627 1764 1682 cohaerentis.
1815 1626 2074 1682 Volebam
2167 1629 2415 1696 equidem
2486 1645 2646 1698 quam
2695 1629 3135 1694 ornatissimum,
3200 1641 3458 1696 quamque
3501 1625 3729 1694 aptissimo

523 1717 792 1788 iuncturis
859 1715 1332 1771 coliterentissimis
1409 1717 1780 1771 continuatum
1843 1719 2087 1774 historiae
2161 1719 2313 1788 quasi
2385 1735 2577 1788 corpus
2646 1719 2837 1785 edere,
2902 1720 3036 1775 ﬂore
3088 1728 3348 1790 perpetuo
3395 1718 3618 1772 vestitum
3654 1720 3726 1769 de.

524 1810 700 1864 centis
735 1808 906 1878 ipsam
935 1819 988 1864 et
1016 1808 1185 1862 doctis
1235 1807 1406 1862 oculis
1439 1808 1689 1878 expetitae
1739 1807 1944 1877 formae;
1994 1810 2086 1864 sed
2155 1809 2404 1880 prohibet
2433 1810 2824 1881 conturbatque
2874 1824 2959 1865 me
3007 1812 3207 1880 saepius
3283 1810 3511 1864 incidens
3578 1823 3726 1862 herci-

541 1905 676 1959 sitas
705 1903 992 1958 nientionis
1030 1902 1327 1960 inferenda:
1363 1902 1766 1958 barbaricorum
1803 1901 2106 1966 nominum,
2145 1917 2325 1957 naevos
2352 1902 2592 1970 ingratos
2667 1903 3062 1974 aspergentium
3114 1902 3316 1958 Grmca:
3354 1902 3582 1966 dictioni;
3641 1915 3724 1956 lum

530 2011 660 2052 vero
705 2012 884 2051 rerum
939 1997 1114 2052 Alexii
1164 1995 1392 2066 Augusti
1450 1995 1706 2065 professa:
1776 1995 2141 2050 narrationem
2219 2003 2296 2050 tot
2331 2005 2546 2065 tamque
2583 1997 2748 2051 variat
2803 2007 3032 2078 naturae,
3065 1996 3277 2064 negotia
3309 1995 3430 2046 mihi
3461 2008 3566 2047 sese
3599 2005 3726 2060 atque

521 2102 840 2163 argumenta
874 2092 1126 2160 ingerunt
1153 2091 1490 2160 undique,ut
1515 2107 1636 2146 cum
1662 2093 1712 2145 in
1738 2107 1904 2146 unum
1930 2090 2087 2145 unius
2125 2091 2273 2148 velut
2311 2093 2431 2147 telae
2465 2103 2670 2146 textum
2706 2107 2813 2146 non
2876 2091 3037 2147 facile
3102 2099 3254 2145 tanta
3297 2090 3560 2144 diversitas
3622 2104 3724 2141 con-

520 2191 722 2254 veniat,
784 2191 1025 2245 historia:
1091 2189 1308 2244 articuli
1377 2189 1528 2258 quasi
1596 2188 1786 2253 luxati,
1852 2188 2324 2258 membrorumque
2379 2205 2548 2250 nexus
2612 2205 2799 2259 parum
2851 2192 3060 2259 uspiam
3115 2189 3376 2244 concinne
3431 2186 3635 2241 cuuserti
3676 2199 3724 2236 ac

531 2281 810 2336 commissi
872 2281 1180 2334 videantur.
1232 2278 1399 2334 Porro
1447 2279 1536 2344 id,
1591 2279 1704 2334 sive
1759 2277 1946 2332 vitium
2006 2281 2122 2334 sive
2193 2279 2349 2348 culpa
2407 2289 2513 2343 est,
2551 2279 2760 2335 factura
2788 2280 2920 2334 mihi
2956 2294 3075 2335 meo
3123 2279 3248 2348 jure
3277 2280 3484 2343 videor,
3515 2279 3552 2331 si
3587 2278 3723 2332 bonos

521 2387 816 2443 aequosque
848 2371 1081 2428 lectores
1128 2385 1320 2439 precer
1345 2380 1402 2425 ut
1442 2370 1711 2440 imputent
1743 2369 2087 2438 necessitati;
2130 2384 2230 2426 nec
2251 2369 2426 2426 fraudi
2459 2371 2624 2425 velint
2656 2385 2776 2426 esse
2803 2385 2936 2426 mea:
2967 2369 3125 2425 fama:
3167 2380 3465 2441 peceatum,
3523 2370 3561 2423 si
3613 2368 3721 2435 quod

521 2473 601 2518 est
634 2461 792 2522 forte.
818 2460 960 2531 quod
993 2461 1165 2515 vitare
1206 2476 1310 2514 non
1346 2461 1516 2530 potui.

595 2549 924 2605 Baimundus
948 2549 1059 2619 jam
1117 2549 1273 2604 nobis
1323 2549 1638 2605 revisendus
1677 2559 1760 2605 est
1821 2551 1874 2606 in
1931 2550 2094 2612 arctis
2124 2558 2169 2614 Α

527 2658 761 2702 aestuans
795 2645 1060 2714 angustiis
1083 2661 1097 2708 ;
1119 2645 1322 2714 quippe
1352 2658 1382 2697 a
1415 2644 1572 2711 mari,
1603 2659 1633 2697 a
1665 2655 1828 2710 terra,
1863 2659 1966 2699 non
1989 2644 2097 2700 cir-

524 2737 862 2794 cuinciusum
908 2737 1067 2791 modo
1107 2750 1186 2801 se,
1216 2737 1310 2791 sed
1346 2736 1648 2806 impetitum
1698 2736 1859 2792 etiam
1896 2736 2096 2805 magis-

520 2844 628 2900 que
653 2829 703 2882 in
733 2829 850 2882 dies
888 2842 951 2882 ac
996 2827 1170 2897 magis
1218 2828 1637 2897 oppugnandum
1696 2842 1946 2882 cernens.
1997 2826 2098 2882 Hic

523 2929 804 2990 postquam
843 2919 893 2972 in
920 2917 1254 2987 expediendo
1281 2918 1478 2974 diﬂicili
1501 2917 1724 2973 consilio
1753 2918 2097 2973 deliberatio-

531 3025 653 3063 nem
685 3009 994 3078 aliquandiu
1027 3009 1189 3062 traxit
1232 3011 1471 3072 anxiam,
1504 3009 1715 3062 tandem
1743 3011 1825 3063 vir
1861 3009 2095 3079 ingentis

523 3100 710 3162 animi,
749 3114 846 3152 nec
881 3099 1150 3152 lentarum
1183 3099 1397 3167 patiens
1435 3105 1652 3166 artium,
1709 3116 1894 3154 verum
1947 3101 2092 3170 peri-

527 3189 771 3242 culorum
807 3203 871 3242 ac
907 3205 1206 3259 pugnarum
1262 3191 1546 3245 lacessitur
1597 3201 1701 3245 tuta
1755 3192 1860 3245 vita
1908 3206 2094 3261 prom-

521 3277 826 3345 ptissimus,
879 3278 1012 3331 satis
1071 3293 1320 3348 magnum
1356 3293 1386 3332 a
1422 3280 1641 3350 reliquis
1687 3283 1934 3336 avulsum
1982 3282 2095 3336 suis

523 3372 692 3440 mpiis
725 3371 950 3423 militum
991 3385 1271 3424 numerum
1305 3371 1382 3450 ire
1429 3371 1588 3441 jussit
1618 3373 1983 3441 depraedatum
2016 3373 2094 3427 vi-

521 3478 613 3517 t'us
644 3465 952 3530 oppidaque
994 3477 1112 3530 quin
1136 3462 1278 3515 circa
1303 3462 1588 3528 Anionem,
1616 3463 1987 3518 Jcrichuntem
2038 3475 2092 3518 et

517 3555 724 3607 Canina
783 3553 895 3606 suis
959 3551 1098 3606 forte
1148 3551 1362 3620 injuriis
1419 3566 1718 3624 opportuna
1769 3558 2088 3626 reperirent.

521 3645 694 3699 Sensit
744 3654 1090 3711 esperrectus
1120 3645 1185 3696 ad
1215 3645 1392 3698 omnia
1426 3644 1836 3702 (Iantacnzenus
1875 3664 1980 3717 qun
2009 3651 2090 3704 vis

521 3736 752 3789 hostium
784 3736 1118 3788 incumberet
1152 3753 1165 3789 :
1201 3736 1469 3807 istamque
1515 3738 1567 3792 in
1623 3751 1828 3806 partem
1883 3742 2090 3798 idoneis

519 3827 841 3878 instructum
881 3826 1145 3880 Beroitem
1179 3829 1350 3896 copiis
1395 3829 1659 3898 proﬁcisci
1699 3842 1882 3885 contra
1908 3831 2090 3887 Gallos

519 3921 762 3985 imperat.
795 3916 1090 3988 394m
1147 3919 1237 3972 ille
1286 3918 1533 3974 felicibus
1586 3921 1859 3990 auspiciis,
1914 3925 2087 3992 primo
2121 3900 2161 3954 Β

519 4022 810 4072 congressu
847 4010 1017 4060 victor
1057 4006 1271 4072 factus;
1308 4011 1589 4064 succensis
1624 4013 1786 4064 etiam
1821 4013 1872 4064 in
1914 4014 2087 4066 reditu

518 4097 799 4150 Baimundi
831 4102 1075 4161 navibus,
1099 4101 1246 4154 Velut
1275 4103 1564 4156 corollario
1612 4105 1877 4169 victorias,
1911 4106 2088 4160 reddi-

521 4197 605 4237 tus
635 4184 853 4237 clarior.
891 4184 1116 4255 Regium
1153 4189 1310 4256 plane
1343 4189 1626 4261 frangique
1678 4196 1920 4248 nescium
1966 4194 2090 4248 Bai-

523 4273 705 4326 mnndi
745 4281 932 4342 pectus
981 4283 1141 4340 erat;
1197 4277 1328 4330 nihil
1392 4279 1505 4332 hazc
1566 4280 1713 4334 illum
1760 4284 2088 4339 conturbare

518 4364 699 4418 clades
727 4365 836 4417 visa
864 4373 966 4419 est.
1009 4364 1147 4431 Quin
1205 4367 1316 4421 imo
1382 4369 1526 4424 velut
1580 4373 1849 4427 neminem
1899 4390 1964 4428 ex
2020 4391 2088 4430 eo

519 4474 681 4528 quem
716 4457 782 4511 ab
810 4457 957 4510 italia
990 4462 1368 4527 deportaverat
1395 4463 1637 4517 exercitu
1668 4467 1843 4521 adhuc
1869 4469 2085 4523 amisis-

515 4559 616 4614 sel,
649 4550 848 4620 praeliis
879 4550 943 4604 de
971 4552 1187 4618 integro
1221 4555 1456 4624 accingit
1477 4569 1626 4611 suos.
1664 4557 1736 4610 Ex
1762 4561 1906 4612 omni
1939 4561 2089 4630 pcdi-

517 4655 628 4696 tum
659 4644 1011 4714 equitumque
1043 4643 1387 4700 multitudine
1409 4649 1868 4716 pugnacissimum
1897 4669 2087 4720 quem-

511 4751 616 4804 que
637 4735 910 4789 dclectum
941 4747 1088 4791 recta
1117 4736 1315 4790 vadere
1339 4738 1390 4791 in
1425 4739 1861 4795 Cantacuzenum
1892 4744 2083 4810 jubet;

515 4841 800 4882 numerum
829 4843 922 4882 sex
957 4829 1182 4883 millium
1214 4829 1266 4883 id
1299 4845 1490 4898 agmen
1529 4833 1802 4902 explebat.
1848 4833 2086 4903 Eratque

514 4915 699 4984 Opinio
755 4921 1206 4976 contidentissimi
1268 4921 1488 4974 Barbari
1524 4939 1590 4975 ne
1620 4927 1929 4993 conspectui
1962 4927 2085 4994 qui-

515 5007 634 5059 dem
667 5016 745 5060 tot
769 5010 1015 5076 heroum,
1042 5013 1376 5081 clamorique
1406 5015 1579 5083 primo
1609 5031 1789 5082 pal't'lii
1817 5015 2085 5069 Cantatu-

518 5110 710 5149 zcnum
743 5097 1078 5158 Romanosve
1105 5104 1257 5170 fore;
1297 5106 1404 5157 imo
1437 5106 1719 5160 universos
1767 5108 1908 5175 ipsos
1939 5109 2084 5175 pari-

515 5197 599 5241 ter
630 5202 738 5240 uno
771 5188 987 5245 incursu
1035 5196 1348 5263 capiendos.
1399 5200 1468 5250 At
1514 5199 1940 5264 Cantacuzenus,
1989 5214 2154 5289 perc

514 5279 904 5350 exploratores,
928 5297 1062 5351 quos
1085 5301 1301 5358 semper
1335 5305 1488 5343 acres
1512 5298 1566 5344 et
1599 5292 1731 5344 lidos
1768 5291 1996 5346 habebat
2026 5295 2078 5346 in

525 5373 930 5444 rigiiia,-factus
959 5384 1171 5432 mature
1225 5381 1428 5434 certior
1459 5381 1523 5435 de
1549 5381 1781 5436 adventu
1819 5384 2078 5448 hostium,

511 5478 668 5520 nocte
715 5465 1058 5536 intempesta,
1091 5481 1213 5522 cum
1243 5473 1470 5525 armavit
1501 5472 1614 5542 ipse
1649 5489 1728 5537 se,
1767 5484 1875 5527 tum
1915 5490 2086 5527 artua-

2280 2549 2370 2614 Ὠς
2399 2550 2457 2604 δὲ
2489 2551 2517 2603 ὁ
2551 2547 2943 2621 μαχιμώτατος
2997 2547 3342 2618 Βαῖμοῦντος
3375 2550 3430 2600 ἐν
3472 2544 3622 2613 στενῴ
3652 2561 3720 2594 κο-

2203 2641 2327 2713 μιδῆ
2378 2640 2447 2694 τὰ
2496 2639 2620 2695 κατ’
2648 2641 2810 2694 αὐτὸν
2884 2639 3031 2708 ἐώρα
3056 2679 3070 2704 ,
3097 2639 3163 2692 ἐκ
3197 2656 3258 2692 τε
3293 2638 3546 2706 θαλάσσης
3583 2636 3636 2688 εκ
3675 2649 3718 2685 τε

2198 2733 2431 2804 ἠπείρου
2492 2732 2847 2804 βαλλόμενος,
2888 2731 2963 2794 ὡς
3022 2731 3120 2784 καὶ
3169 2729 3280 2782 τῶν
3318 2729 3572 2799 χρειωίὡν
3604 2723 3719 2792 αὐτῷ

2198 2822 2595 2876 ἐπιλειπόντων
2623 2821 2746 2891 ήδη,
2783 2819 3132 2890 πανταχόθεν
3168 2819 3598 2888 ὲξαπορούμενος,
3621 2817 3715 2866 ἱκα-

2197 2913 2287 2966 νδν
2346 2912 2651 2966 ἀποδιελὼν
2716 2912 3054 2982 στράτευμα,
3128 2912 3268 2982 πρὸς
3316 2912 3410 2972 τὰς
3484 2909 3604 2960 κατὰ
3647 2907 3716 2957 τὸν

2195 3003 2422 3058 Αὐλῶνα
2452 3004 2547 3057 καὶ
2567 3002 2666 3075 τὴν
2707 3000 2916 3073 Ἰεριχὼ
2948 3003 3042 3055 καὶ
3067 3003 3142 3056 τὰ
3183 3004 3392 3056 Κάνινα
3415 2999 3716 3069 διακειμένας

2197 3095 2384 3159 πόλεις
2415 3094 2707 3164 πέπομφεν
2762 3095 2983 3156 ἁπάσας
3037 3093 3363 3165 ληῖσασθαι.
3410 3091 3536 3145 Ἀλλ’
3587 3087 3717 3141 οὖεό

2196 3185 2652 3256 Καντακουζηνδς
2681 3185 2894 3255 ἡμέλει,
2919 3185 3042 3239 οὔτε
3087 3186 3326 3257 νήδυμος
3357 3183 3507 3245 ὕπνος
3529 3183 3633 3249 ἔσχε
3648 3178 3715 3230 τὸν

2193 3277 2386 3348 ἄνδρα,
2416 3276 2560 3330 κατὰ
2586 3277 2678 3331 τὸν
2707 3277 2960 3348 ποιητὴν,
2993 3277 3135 3331 ἀλλὰ
3165 3277 3381 3348 γοργῶς
3396 3275 3481 3327 τὸν
3500 3273 3714 3341 Βεροῖτιςν

2196 3369 2337 3440 μετὰ
2394 3369 2695 3439 ἀξιομάχου
2747 3371 3008 3440 στρατιᾶς
3061 3369 3364 3423 ἀντίπαλον
3401 3369 3504 3428 τοῖς
3538 3362 3714 3420 Κελτοῖς

2192 3461 2518 3532 ἐξέπεμψεν.
2566 3463 2733 3533 Ἰιττᾷ
2765 3463 2864 3530 μὲν
2909 3458 3003 3515 οὖν
3026 3463 3231 3527 αὐτοὺς
3269 3460 3571 3516 καταλαϐὼν
3601 3471 3713 3522 περ’

2191 3555 2389 3606 αυτίκι
2435 3555 2527 3607 καὶ
2587 3553 2698 3607 οἷόν
2755 3573 2808 3608 τι
2866 3555 3119 3625 πόρισμα
3159 3555 3259 3618 τὰς
3302 3555 3394 3608 τοῦ
3434 3549 3710 3619 Βαῐμούντου

2191 3644 2322 3707 ναῦς
2357 3647 2414 3699 ἑν
2455 3645 2533 3716 τῷ
2579 3646 2979 3717 ἐπανέρχεσθαι
3008 3648 3378 3717 πυρπολήσας
3430 3643 3709 3712 διεληλύθει.

2192 3737 2289 3801 Ὠς
2338 3737 2539 3808 ᾔσθετο
2581 3738 2638 3791 δὲ
2691 3739 2719 3790 ὀ
2781 3739 3260 3809 τυραννικώτατος
3307 3737 3607 3806 Βαῖμοῡντος
3637 3732 3709 3798 τῆς

2190 3829 2298 3882 τῶν
2325 3829 2686 3898 πεμφθέντων
2710 3831 2907 3900 ἣττης,
2935 3829 3130 3900 ὥσπερ
3159 3832 3363 3902 μηδένα
3381 3829 3471 3882 τοῦ
3494 3824 3708 3896 στρατεύ-

2192 3936 2360 3989 ματος
2414 3921 2800 3984 ἁπολωλεκὼς,
2852 3923 3197 3976 κατέπιπτεν
3213 3921 3462 3990 οὐδαμῶς
3491 3935 3504 3950 ·
3547 3915 3705 3986 μᾶλλον

2193 4012 2292 4080 μὲν
2319 4007 2412 4066 οὖν
2437 4014 2531 4066 καὶ
2561 4013 2604 4044 ⁵³
2646 4012 3096 4084 θαῤῥαλεὼτερος
3139 4015 3406 4082 ἐφαίνετο,
3432 4012 3520 4065 καὶ
3538 4007 3707 4064 ἀποδω·

2190 4103 2415 4173 λόμενος
2454 4100 2610 4167 αὖθις
2663 4105 2864 4168 πεζοὺς
2921 4105 3016 4157 καὶ
3055 4105 3248 4168 ἱππεῖς
3290 4105 3423 4175 πρὸς
3467 4101 3620 4172 μάχας
3638 4100 3707 4150 ἑκ-

2191 4193 2527 4263 θυμοτάτους
2554 4195 2636 4257 είς
2678 4194 2922 4265 χιλιάδας
2969 4195 3029 4259 ἒξ
3069 4195 3444 4265 ποσουμένους
3471 4192 3594 4246 κατὰ
3633 4182 3703 4239 τοῦ

2190 4284 2656 4355 Κανταιιουζηνοῦ
2708 4285 3120 4350 ἐξαπέστειλεν,
3196 4288 3440 4356 οἰόμενος
3499 4275 3702 4336 αὐτοϐοεὶ

2189 4376 2440 4446 αἱρήσειν
2471 4377 2569 4430 σὺν
2597 4375 2677 4445 τῷ
2710 4376 3016 4447 ’Ῥωμαῖκῴ
3043 4378 3444 4448 στρατεύματι,
3474 4369 3700 4426 tralaticia!

2187 4466 2278 4518 τὸν
2314 4466 2785 4535 Καντακουζηνόν.
2805 4467 2942 4520 Ἀλλ’
2975 4469 3208 4531 ἐκεῖνος,
3245 4467 3474 4528 σκοποὺς
3512 4465 3586 4516 ἀεὶ
3610 4458 3701 4515 τοὺς

2189 4558 2579 4628 ἐφεδρεύοντας
2607 4559 2674 4611 τὰ
2706 4558 2947 4611 Κελτικᾶ
2986 4559 3171 4630 πλήθη
3209 4560 3374 4629 ἔχων,
3422 4549 3698 4630 μεμαθηκὼς

2187 4651 2287 4720 τὴν
2341 4648 2521 4702 αὐτῶν
2589 4650 2896 4714 ἑπέλευσιν,
2945 4646 3143 4714 νυκτὸς
3207 4652 3306 4722 τὴν
3363 4641 3699 4720 στρατιωτικὴν

2187 4740 2460 4804 ὡπλίζετο
2492 4741 2822 4800 πανοπλίαν.
2873 4741 2966 4794 καὶ
3005 4741 3214 4806 ὥπλιζε
3245 4744 3369 4805 τοὺς
3400 4733 3608 4810 στριτιὼ
3635 4749 3659 4780 α
3685 4765 3698 4791 ο

2191 4829 2476 4900 σφαδάζων
2547 4833 2893 4886 ἐπεισπεσείν
2939 4833 3139 4896 αὐτοὺς
3214 4834 3355 4888 κατὰ
3426 4834 3483 4885 τὸ
3525 4829 3696 4893 περίφ

2188 4923 2448 4994 θρον.Ὦς
2475 4923 2522 4976 δ’
2544 4926 2593 4977 oi
2628 4924 2843 4992 Κελτοὶ,
2872 4925 3265 4990 κεκοπιακότες
3297 4926 3442 4994 παρὰ
3473 4921 3540 4990 τῷ
3568 4914 3693 4988 χείλει

2187 5015 2365 5084 Βοὺση
2414 5014 2510 5068 τοῦ
2553 5020 2821 5086 ποταμοῦ,
2877 5017 3158 5088 ῥᾳστώνης
3194 5019 3394 5099 μικρῇ
3435 5017 3576 5068 ἓνεκι
3602 5020 3693 5058 κατ·

2187 5107 2500 5176 εκλίθησαν,
2546 5109 2710 5162 αὑτοῦ
2767 5126 2870 5162 που
2934 5109 3344 5179 καταλαμϐάνει
3381 5107 3578 5163 τούτους
3605 5112 3693 5167 μεν

2187 5197 2386 5268 διώσης
2414 5199 2621 5271 ἀπάρτι
2654 5200 2753 5269 τῆς
2794 5202 3029 5270 ἡμέρας,
3063 5201 3156 5254 καὶ
3196 5200 3526 5271 παραχρῆμα
3550 5187 3692 5286 ἐπιθέ-

2191 5305 2350 5360 μενος
2413 5289 2642 5352 πολλοὺς
2705 5289 2804 5359 μὲν
2861 5289 3102 5359 ζωγρίαν
3153 5291 3303 5358 ἄγει,
3379 5288 3598 5341 πλείονες

2187 5383 2414 5446 κτείνει,
2450 5381 2500 5432 oi
2555 5379 2614 5433 δέ
2641 5397 2704 5448 γε
2750 5380 2932 5434 λοιποὶ
2972 5384 3092 5444 ταῖς
3137 5381 3312 5446 δίναις
3359 5378 3448 5434 τοῦ
3495 5381 3689 5437 ποταμοὶ

2192 5471 2605 5544 παραωρέντες
2656 5473 3062 5545 ἀπεπνίγησαν,
3107 5475 3202 5528 καὶ
3256 5474 3529 5544 φεύγοντες
3566 5465 3688 5514 λύκον

1579 5586 1783 5646 Varia:
1824 5585 2135 5655 lectiones
2161 5603 2238 5648 ex
2269 5589 2408 5650 cod.
2438 5587 2711 5652 Coislin.

574 5683 622 5718 “
659 5683 864 5741 Desunt
899 5700 1060 5743 voces
1091 5683 1294 5756 μᾶλλον
1331 5683 1432 5755 μὲν
1459 5685 1557 5740 οὖν
1585 5688 1675 5741 καὶ
1705 5699 1811 5744 etc.
1845 5703 2016 5759 usque
2044 5689 2095 5744 at'

2191 5689 2458 5744 ατέῖτιπτε
2505 5690 2605 5762 μὲν
2632 5690 2883 5762 οὐδαμῶς
2916 5708 2966 5760 p.
3015 5690 3139 5746 395.
