3998 6206
353 222 458 287 977

1569 225 1988 288 ALEXIADIS
2023 226 2172 289 LIB.
2211 225 2391 288 XIII.

3515 226 3621 290 978

268 358 282 407 ξ
349 334 682 406 περιέτυχον
721 333 924 391 λέοντι.
965 336 1102 400 Τοὺς
1135 337 1236 408 μὲν
1279 339 1372 394 οὖν
1410 340 1659 410 κόμητας
1691 339 1939 402 ἅπαντας

2065 350 2130 390 os
2159 336 2579 406 procinctosque
2635 333 2826 390 habuit
2875 333 2942 389 ad
2998 348 3232 406 pugnam
3295 347 3464 402 suos;
3518 351 3623 407 pro

271 446 292 490 σ,
350 425 494 496 πρὸς
522 426 613 478 τὸν
640 425 1029 499 αὐτοκράτορα
1065 427 1369 498 ἐξέπεμψε.
1413 425 1732 492 κᾶθόὐτως
1778 429 1938 499 ἀνέρ-

286 536 307 584 ι(
349 536 508 590 χεται
540 517 676 588 πρὸς
698 518 788 571 τὸν
812 518 1050 588 Τίμορον
1079 521 1192 590 (75)
1227 538 1239 551 ·
1275 523 1441 585 τόπος
1465 522 1520 574 δὲ
1552 516 1708 585 οὗτος
1737 520 1940 592 ἑλώδης

305 597 449 672 "uacci.
488 609 758 672 δύσϐατος
784 627 796 641 ’
854 610 996 664 κεῖθι
1042 611 1173 680 γοῦν
1205 613 1444 685 ἑϐδόμην
1475 613 1693 686 ἡμέραν
1739 616 1943 683 ἐγκαρ-

351 705 618 774 τερήσας,
653 705 961 773 μετρητοὺς
986 706 1223 769 σκοποὺς
1249 709 1306 760 ὲν
1342 707 1626 778 διαφόροις
1656 708 1939 779 ἐξέπεμπε

352 794 545 854 τόποις
598 792 922 863 περιαθρεῖν
977 793 1048 847 τὰ
1107 797 1238 866 περὶ
1300 797 1391 851 τὸν
1441 797 1803 870 Βαῖμοῦντον,
1850 799 1943 853 καὶ

354 885 604 953 γλῶτταν
636 885 748 957 (74)
802 885 951 954 αὐτῷ
977 887 1188 942 ἐκεῖθεν
1221 890 1450 959 κομίσαι
1481 891 1558 954 ὡς
1582 891 1651 946 τὰ
1680 892 1825 946 κατά
1851 893 1944 946 τὸν

355 977 696 1046 Βαῐμούντον
778 977 1087 1048 πυθόμενος
1157 980 1556 1052 ἀκριϐέστερον
1617 983 1941 1052 ἐγνωκέναι.

368 1069 798 1138 Ἐντυγχάνουσι
829 1069 885 1122 δὲ
918 1071 1162 1139 τυχαίως
1188 1072 1239 1124 οἱ
1284 1073 1654 1142 πεμφθέντες,
1712 1073 1944 1136 Κελτοῖς

360 1161 560 1214 ἑκατὸν
612 1160 834 1231 σχεδίας
882 1162 1298 1234 εὐτρεπίζουσι,
1333 1165 1404 1218 δι’
1459 1158 1534 1218 ὧν
1568 1167 1659 1218 τον
1699 1167 1946 1236 ποταμὸν

357 1250 752 1321 διανηξάμενοι
813 1253 876 1306 τὸ
917 1254 1055 1325 πρὸς
1121 1254 1222 1325 τὴν
1295 1255 1534 1328 περαίαν
1596 1256 1945 1326 διακείμενον

359 1343 639 1412 πολίχνιον
715 1345 968 1416 αἱρήσειν
1031 1346 1324 1418 ἠϐούλοντο
1355 1389 1367 1402 .
1435 1347 1667 1412 Τούτοις
1746 1348 1948 1419 ἀθρόον

361 1437 589 1489 ἑπεισπε
600 1438 800 1502 εόντες,
817 1438 1139 1511 ἐζώγρησαν
1168 1441 1370 1512 μικροῦ
1393 1441 1642 1506 ἅπαντας
1665 1442 1759 1496 καὶ
1787 1440 1950 1496 αὐτὸν

364 1534 455 1583 τὴν
516 1531 612 1582 τοῦ
678 1531 1024 1602 Βαῖμούντου
1075 1533 1368 1601 ὲξάδελφον
1430 1534 1543 1605 (75)
1590 1536 1673 1598 είς
1721 1534 1950 1588 δέκατον

364 1624 502 1677 πόδα
539 1625 835 1680 ἀνέλκοντα
863 1626 924 1679 τὸ
961 1627 1214 1698 μέγεθος,
1247 1626 1412 1697 εὐρὺν
1449 1627 1506 1680 δὲ
1540 1626 1798 1695 καθάπερ
1825 1628 1952 1682 τινὰ

364 1715 524 1768 ἄλλον
559 1718 860 1788 Ἰῐρακλῆν.
917 1719 1029 1771 Καὶ
1053 1714 1120 1786 ἦν
1158 1718 1289 1771 ἰδεῖν
1338 1719 1526 1772 καινόν
1550 1737 1622 1782 τι,
1649 1719 1739 1773 τὸν
1771 1720 1948 1787 μέγαν

365 1807 575 1862 ἐκεῖνον
604 1809 837 1878 γίγαντα
869 1812 964 1864 καὶ
982 1811 1060 1882 τῷ
1088 1811 1204 1864 δντι
1231 1810 1506 1882 πελώριον
1537 1811 1643 1865 ὑπὸ
1665 1812 1946 1882 πυγμαίου

367 1903 784 1970 κατασχεθέντα
817 1904 1128 1959 Σκυθιδίόυ.
1163 1904 1620 1976 Παρεκελεύσατο
1654 1905 1708 1958 δὲ
1743 1907 1770 1956 ὁ
1801 1907 1949 1959 Καν-

365 1995 702 2064 τακονζηνὸς
728 2037 740 2058 ,
771 1997 899 2059 τοὺς
955 1997 1394 2066 κατασχεθέντας
1461 1997 1832 2063 ἀποστέλλων,
1859 1997 1952 2050 τὸν

369 2087 647 2151 πυγμαίον
704 2084 922 2155 Σκύθην
998 2087 1222 2156 δέσμιον
1278 2088 1370 2141 τὸν
1419 2087 1686 2158 πελώριον
1744 2089 1954 2141 ἐκεῖνον

368 2175 582 2239 εἰσάξαι
615 2175 691 2245 τῷ
738 2177 1150 2248 αὐτοκράτορι,
1187 2179 1578 2250 ἀστεϊζόμενος
1623 2181 1766 2250 τάχα
1812 2180 1950 2250 πρὸς

367 2269 461 2318 τὸν
495 2268 901 2339 αὐτοκράτορα.
941 2271 1031 2334 Ὠς
1051 2271 1106 2324 δὲ
1135 2272 1455 2340 φθάσαντας
1487 2272 1710 2335 τούτους
1739 2275 1766 2326 ὁ
1794 2273 1952 2342 βασι-

367 2351 497 2415 λεὺς
558 2356 898 2426 μεμαθήκει,
966 2359 1060 2412 ἐπὶ
1116 2361 1211 2415 τοῦ
1261 2361 1546 2432 βασιλικοῦ
1604 2363 1950 2432 προκαθίσας

373 2443 610 2509 θρόνον,
687 2449 974 2504 ἐκέλευσεν
1046 2455 1372 2523 εἰσάγεσθαι
1439 2456 1566 2520 τοὺς
1635 2453 1947 2526 δεσμώτας.

372 2537 585 2590 Εἴσεισι
615 2540 787 2594 δὲκαὶ
814 2543 842 2595 ὁ
876 2545 1090 2616 Σκύθης
1137 2547 1262 2618 μηδ’
1295 2547 1424 2620 ἄχρι
1461 2549 1690 2617 γλουτοῦ
1731 2548 1952 2618 φθάνων

369 2627 467 2682 τοῦ
531 2635 874 2699 γιγαντιαέου
943 2639 1156 2694 ἐκείνου
1229 2640 1463 2709 Κελτοῦ,
1491 2642 1714 2711 δέσμιον
1767 2643 1960 2696 τοῦτον

371 2723 938 2816 έπαγόμενος.βύθὺς
970 2731 1063 2788 οὖν
1092 2733 1268 2802 γέλως
1316 2735 1538 2789 πάντων
1576 2734 1723 2806 ὦρτο
1764 2737 1954 2800 πολύς.

371 2815 479 2869 Καὶ
503 2818 631 2882 τοὺς
665 2817 767 2888 μὲν
796 2823 1018 2886 λοιποὺς
1057 2826 1305 2896 κόμητας
1336 2827 1549 2900 φρουρά
1581 2827 1874 2894 διεδέξατο.

2042 423 2322 482 Gallorum
2352 428 2554 494 impetu
2585 439 2810 496 sperans
2835 429 2900 479 ac
2939 438 3142 480 vovens
3172 423 3311 490 fore,
3345 435 3400 480 ut
3444 429 3477 480 ii
3509 427 3623 484 Ro-

2042 534 2204 574 mana
2239 527 2422 575 castra
2453 517 2692 572 diluculo
2721 526 2966 587 .posterae
2996 516 3125 582 diei,
3169 531 3273 586 qua
3311 519 3362 571 in
3398 533 3627 587 conspe-

2045 622 2191 668 ctum
2225 625 2415 667 eorum
2442 618 2728 676 venerant,
2778 609 3148 664 adorirentur.
3195 608 3394 663 Verum
3431 626 3624 679 super-

2046 704 2312 760 sederunt
2371 686 2483 769 illi;
2552 703 2754 773 quippe
2817 700 2946 757 fcssi
2999 703 3064 756 de
3120 701 3205 756 via
3260 701 3400 767 diem
3474 704 3624 755 illum

2047 796 2327 866 indulgere
2358 795 2425 850 ad
2453 796 2688 864 quietem
2718 793 2823 850 sibi
2852 794 3227 848 decreverant.
3255 792 3406 861 Quod
3440 806 3630 849 noster

2049 898 2108 944 ut
2168 887 2461 958 comperit,
2527 886 2816 942 consilium
2879 885 3116 940 hostium
3167 884 3220 937 in
3281 885 3626 938 occasionem

2049 995 2226 1044 suam,
2277 989 2334 1034 et
2375 979 2684 1048 excipiendi
2736 977 2860 1033 belli
2912 989 3232 1048 apparatum
3271 975 3324 1029 in
3366 975 3628 1029 infert-udi

2050 1072 2334 1127 audaciam
2364 1080 2582 1126 strenue
2610 1069 2789 1125 vertit.
2836 1068 3114 1137 Siquidem
3149 1068 3348 1122 castris
3377 1067 3629 1121 eductam

2052 1165 2228 1221 aciem
2254 1164 2341 1219 ubi
2393 1163 2761 1234 promovisset
2796 1162 3098 1230 paululum,
3134 1161 3361 1216 offeudit
3416 1174 3544 1214 cccc
3568 1160 3633 1212 ad

2055 1257 2206 1310 Busae
2233 1253 2410 1309 amnis
2443 1253 2588 1321 ripas
2637 1251 2824 1306 Gallos
2856 1251 3148 1322 plerosque
3205 1251 3591 1306 (ICCllmItellIf‘S
3618 1268 3632 1314 ;

2052 1357 2277 1415 nam,ut
2304 1347 2438 1410 dixi,
2460 1346 2834 1401 lassitudinem
2869 1345 3078 1400 itineris
3098 1345 3238 1400 lecto
3276 1345 3453 1399 securi
3485 1359 3635 1398 som-

2053 1456 2233 1512 noque
2250 1439 2598 1510 reparabant.
2618 1437 2817 1494 Ridere
2850 1437 3198 1493 commodum
3229 1438 3344 1491 dies
3370 1446 3635 1506 coeperat,

2055 1551 2181 1590 cum
2205 1548 2402 1604 sopore
2434 1533 2727 1602 implicitos
2773 1532 3056 1606 expeditus
3089 1531 3140 1585 in
3175 1530 3343 1585 armis
3384 1539 3494 1584 toto
3534 1530 3636 1581 im-

2059 1638 2184 1695 petu
2233 1625 2512 1681 Romanus
2571 1625 2804 1694 impetit.
2850 1625 2956 1680 Res
3007 1634 3284 1680 momento
3331 1621 3633 1677 conficitur.

2056 1719 2204 1774 Multi
2249 1719 2352 1772 vivi
2400 1717 2568 1787 capti,
2611 1717 2795 1788 plures
2842 1717 3051 1782 occisi;
3121 1716 3315 1786 reliqui
3371 1715 3641 1783 fugientes

2059 1812 2241 1882 (quod
2265 1811 2450 1882 aiunt)
2477 1811 2682 1881 lupum,
2716 1811 2856 1866 leoni
2902 1824 3192 1865 occurrere
3228 1826 3242 1862 :
3275 1809 3451 1864 hausﬁ
3483 1807 3641 1862 vide-

2057 1905 2188 1960 licet
2220 1905 2518 1960 verticibus
2544 1903 2807 1969 fluminis,
2857 1904 2985 1958 dum
3018 1902 3278 1972 expedire
3316 1902 3439 1972 fuga
3495 1899 3643 1954 salu-

2063 2009 2169 2054 tem
2199 2007 2471 2069 quaarnnt.
2511 1997 2693 2053 Victor
2719 1998 2948 2067 captivis
2976 1997 3268 2052 comitibus
3299 1995 3550 2049 omnibus
3576 1993 3643 2048 ad

2064 2093 2442 2160 imperatorem
2477 2091 2676 2156 missis,
2708 2090 2985 2145 Timarum
3021 2104 3082 2144 se
3103 2087 3315 2143 confert
3343 2085 3531 2158 (locus
3562 2092 3646 2139 est

2061 2183 2315 2254 palustris
2353 2191 2407 2236 et
2454 2181 2686 2237 difficilis
2741 2183 2928 2252 aditu)
2990 2181 3172 2251 ibique
3235 2179 3301 2233 ad
3359 2177 3644 2245 septimam

2063 2277 2304 2329 consedit
2368 2277 2508 2330 diem
2570 2275 2972 2343 exploratorum
3045 2273 3280 2328 reditum
3337 2267 3644 2341 opperiens,

2058 2385 2192 2438 quos
2227 2369 2421 2422 multos
2458 2369 2511 2421 in
2542 2379 2719 2438 partes
2749 2350 2932 2422 varias
2967 2366 3272 2428 dimiserat,
3323 2377 3450 2417 cum
3492 2376 3649 2413 manv-

2059 2461 2198 2516 datis
2223 2470 2276 2512 ut
2299 2461 2365 2515 de
2389 2461 2686 2515 Baimundo
2721 2460 3064 2531 explorarent
3082 2465 3227 2514 certa
3254 2455 3645 2522 referrentque.

2067 2552 2376 2606 Occurrunt
2417 2552 2498 2605 Itis
2528 2553 2663 2606 forte
2689 2551 2841 2621 jussa
2889 2548 3302 2619 capessentibus
3349 2543 3486 2600 Galli
3519 2557 3648 2596 ccu-

2071 2653 2184 2698 tutn
2221 2654 2436 2714 pontem
2468 2662 2497 2700 e
2530 2645 2736 2699 ratibus
2758 2643 3080 2699 subitarium
3108 2643 3448 2710 imponenles
3477 2633 3646 2696 amni,

2069 2749 2126 2792 ut
2155 2755 2218 2791 co
2251 2739 2330 2792 sic
2362 2738 2591 2808 trajectu
2625 2738 2787 2793 situm
2836 2747 2984 2791 trans
3021 2735 3302 2789 adversam
3341 2731 3511 2801 ripam
3554 2743 3650 2798 op-

2069 2830 2308 2898 pidulum
2353 2839 2716 2900 expugnatum
2769 2828 2934 2882 irent.
2988 2827 3136 2880 lland
3191 2824 3507 2894 negligenda
3565 2835 3650 2876 res

372 2907 532 2976 visa;
571 2911 899 2967 invehuntur
951 2917 1001 2968 in
1053 2917 1152 2973 hos
1197 2919 1388 2982 nosui,
1451 2935 1698 2989 pcueque
1757 2935 1952 2975 omnes
1994 2921 2405 2991 vivoscapiunt.
2436 2922 2716 2977 Eminebat
2743 2924 2886 2977 inter
2909 2937 3001 2977 eos
3063 2920 3368 2981 Baitnnndi,
3436 2926 3651 2984 patrue-

378 2999 446 3056 lis
495 3014 660 3058 vosne
695 3021 758 3060 ac
833 3007 1100 3076 gigantem
1143 3019 1364 3064 staturae
1431 3010 1680 3082 jutenlis;
1744 3012 1943 3081 quippe
1988 3013 2039 3066 in
2083 3014 2265 3066 decem
2309 3013 2505 3083 pedum
2551 3013 2888 3068 altitudinem
2937 3022 3240 3082 porrectus,
3295 3009 3653 3077 respofndente

373 3092 686 3160 proceritati
728 3097 992 3158 crassitie,
1027 3105 1246 3168 totaque
1277 3098 1591 3153 habitudine
1640 3093 1835 3155 torosa!
1867 3115 1932 3156 ac
1972 3113 2136 3154 succo
2169 3102 2421 3157 distentae
2496 3103 2677 3168 molis,
2767 3117 2988 3172 prorsus
3040 3101 3325 3156 Herculem
3377 3099 3646 3157 referens.

373 3186 417 3240 si
468 3188 644 3240 virtus
678 3188 842 3241 animi
901 3189 1116 3242 modum
1171 3191 1416 3258 corporis
1464 3199 1752 3258 aequasset.
1804 3189 1958 3244 Nune
1997 3191 2195 3245 mirum
2243 3202 2296 3246 et
2362 3193 2648 3248 ridiculum
2705 3201 2823 3247 erat
2875 3192 3238 3261 spectaculum
3312 3191 3495 3246 videre
3572 3191 3653 3260 gi-

367 3281 767 3352 gantetnillunt
808 3289 1110 3334 monstrosa
1143 3281 1516 3351 magnitudine
1585 3293 1919 3352 suggestum,
1984 3283 2052 3338 ab
2093 3283 2360 3339 hutnilict
2411 3285 2632 3340 cubitali
2684 3295 2990 3353 correptum
3029 3300 3093 3338 ac
3142 3293 3372 3338 tractum
3432 3284 3652 3355 Stylha.

381 3374 504 3428 Visa
543 3390 628 3430 res
657 3375 1039 3429 Caulacttzt'tto
1070 3377 1228 3444 digna
1261 3377 1432 3431 oculis
1483 3377 1763 3446 principis.
1815 3375 1949 3433 Cum
1995 3394 2126 3446 ergo
2159 3379 2222 3430 ad
2257 3378 2640 3447 imperatorem
2674 3389 2727 3434 ct
2762 3380 2862 3434 hos
2890 3382 2954 3436 de
3025 3394 3176 3434 more
3235 3378 3479 3449 captivos
3527 3378 3654 3432 mit-

378 3475 540 3532 teret,
595 3467 847 3534 praecepit
907 3468 1224 3523 ductoribus
1268 3484 1456 3523 eorum
1523 3471 1864 3538 vmgrandent
1941 3481 1998 3525 ut
2076 3470 2289 3526 Gallum
2331 3487 2434 3537 non
2487 3473 2608 3527 sine
2663 3481 2939 3539 prteennte
3001 3486 3065 3526 ac
3118 3472 3355 3526 tinctum
3410 3471 3656 3528 trahente

377 3577 624 3632 pygmzro
677 3561 880 3631 Scytha
931 3563 979 3615 ei
1036 3561 1312 3619 offerrent.
1376 3563 1666 3618 Nuntiatur
1724 3563 1965 3634 Angusto
2005 3565 2199 3621 adesse
2228 3565 2295 3620 ab
2319 3568 2561 3620 exercitu
2584 3566 2829 3636 captivos
2853 3579 3229 3621 novoscoram
3285 3566 3405 3636 ipso
3464 3565 3657 3619 sisten-

379 3655 838 3720 dos;insi.tetad
873 3670 990 3707 eam
1014 3654 1177 3726 395
1209 3671 1393 3711 vocem
1460 3657 1729 3728 imperiali
1757 3657 1894 3713 solio
1953 3670 2008 3714 et
2088 3659 2354 3714 introduci
2418 3659 2668 3716 homines
2714 3660 2891 3730 jubet.
2961 3661 3132 3715 Datur
3186 3660 3238 3715 in
3306 3652 3674 3729 conspectum

381 3749 584 3821 Scytha
623 3751 776 3816 pusio
813 3749 1051 3804 vinctum
1103 3751 1252 3806 illum
1309 3752 1562 3809 immanis
1614 3753 1965 3822 corpulentia:
2008 3755 2220 3811 Gallum
2293 3753 2540 3816 trahens,
2608 3753 2763 3823 cujus
2816 3768 2886 3808 ne
2939 3752 3117 3808 femur
3176 3752 3387 3822 quidem
3448 3765 3658 3806 suunno

384 3845 587 3898 vertice
637 3843 934 3910 minabat;
989 3844 1134 3900 risus
1220 3847 1477 3901 nimirqu
1537 3857 1690 3903 ortus
1735 3857 1820 3902 est
1909 3846 2175 3905 omnium.
2275 3847 2393 3903 Dati
2455 3863 2576 3902 mox
2638 3846 2898 3903 custodia:
2958 3847 3059 3902 i5te
3149 3846 3364 3916 aliique'
3436 3841 3658 3900 comites
3717 3855 3720 3858 '

379 3949 530 3997 sum.

452 4035 622 4088 Οὔπω
651 4035 852 4105 μικρὸν
902 4035 1388 4104 ὲπιμειδιάσαντος
1428 4037 1523 4090 τοῦ
1557 4039 1953 4110 αὐτοκράτορος

2152 4035 2262 4090 Nec
2307 4036 2463 4100 longa
2509 4031 2858 4103 imperatoris
2909 4034 2976 4088 dc
3027 4033 3186 4087 rebus
3217 4050 3244 4086 a
3281 4032 3660 4087 Cantacuzeno

378 4129 474 4180 ἐπὶ
514 4126 587 4197 τῷ
622 4128 716 4180 τοῦ
753 4126 1213 4196 Καντακουζηνοῦ
1245 4128 1657 4199 κατορθώματι,
1683 4131 1849 4201 ἑτέρα
1877 4149 1962 4195 τις

379 4217 678 4289 ἀπόφημος
713 4218 1016 4271 κατέλαϐεν
1043 4218 1303 4287 ἀγγελία,
1337 4219 1500 4286 φόνον
1537 4221 1825 4290 ἀμύθητον
1853 4222 1966 4275 τῶν

389 4311 531 4380 μετά
579 4309 674 4363 τοῦ
714 4308 985 4382 Καμύτξη
1033 4312 1128 4364 καὶ
1181 4312 1276 4365 τοῦ
1309 4312 1598 4366 Καὸάσιλα
1635 4313 1968 4385 Ῥωμαϊκῶν

385 4397 686 4471 ταγμάτων
735 4403 1041 4474 μηνύουσα.
1077 4406 1400 4478 Κατέπιπτε
1441 4406 1540 4474 μὲν
1581 4402 1677 4460 οὖν
1708 4407 1966 4477 οὐδαμῶς

382 4493 410 4545 δ
442 4494 829 4563 αὐτοκράτωρ,
868 4493 1046 4548 καίτοι
1105 4496 1315 4566 σφόδρα
1343 4497 1565 4566 δηχθεὶς
1596 4496 1695 4568 τὴν
1735 4499 1968 4568 καρδίαν

383 4589 478 4637 καί
509 4584 833 4652 ἀνιώμενος,
862 4587 1232 4650 ἐπιστενᾶζων
1259 4604 1318 4639 τε
1343 4590 1456 4650 τοῖς
1492 4587 1780 4654 πεσοῦσιν,
1814 4589 1968 4644 ἔστιν

386 4669 449 4728 οὗ
479 4680 572 4729 καὶ
609 4676 863 4746 δακρύων
911 4678 1001 4730 τὸν
1043 4677 1165 4730 καθ’
1208 4678 1437 4731 ἕκαστον
1465 4696 1478 4711 ο
1515 4678 1646 4737 ἀλλὰ
1680 4681 1970 4734 Κώνσταν-

384 4771 530 4821 τῖνον
586 4768 680 4821 τὸν
735 4768 954 4838 Γαὸρᾶν
1000 4769 1170 4840 ἄνδρα
1221 4770 1518 4841 ἀρηίφιλον
1552 4773 1644 4825 καὶ
1685 4772 1798 4843 πῦρ
1830 4774 1975 4828 κατά

345 4905 352 4911 .
385 4862 495 4915 τῶν
526 4862 787 4916 ἐναντίων
816 4863 862 4894 ⁸³
910 4865 1144 4917 πνέοντα
1199 4866 1722 4933 μεταπεμψάμενος,
1743 4865 1824 4928 είς
1863 4865 1962 4935 τὴν

388 4954 533 5008 οὕτω
578 4954 926 5026 καλουμένην
961 4954 1276 5026 Πετρούλαν
1316 4957 1608 5010 ἀπέστειλε
1635 4957 1978 5020 κατασκεψό-

399 5061 561 5115 μενον
597 5045 718 5098 ὅθεν
758 5046 808 5098 oi
833 5045 1032 5099 Κελτοὶ
1061 5046 1142 5108 είς
1169 5045 1238 5098 τὰ
1280 5045 1466 5116 τέμπη
1515 5047 1856 5116 ἐμπεσόντες
1883 5045 1976 5102 τὸν

469 5287 514 5318 ⁸³
558 5287 874 5359 Ῥωμαίων.

2078 4131 2398 4200 prudenter,
2437 4129 2672 4192 fortiter,
2707 4142 3076 4198 prospereque
3106 4145 3150 4197 ε·
3174 4129 3271 4183 stis
3315 4127 3502 4182 laetitia
3543 4127 3662 4180 fuit.

2073 4211 2406 4290 Calllpl‘t‘SSil
2434 4220 2541 4274 cito
2573 4218 2849 4274 risusillos
2877 4219 3202 4287 peracerbus
3234 4218 3452 4272 nuntius
3482 4215 3659 4270 infan-

2079 4317 2202 4369 dam
2269 4313 2470 4368 caedem
2534 4313 2902 4367 Romanarum
2960 4311 3294 4378 cohortium,
3359 4325 3480 4379 quae
3538 4324 3670 4362 cum

2077 4406 2336 4476 Camytze
2369 4419 2431 4458 ac
2458 4403 2706 4458 Cabasila
2740 4402 2978 4471 fuerant,
3010 4403 3276 4458 referens.
3333 4399 3660 4455 Incredibili-

2078 4506 2162 4552 tcr
2191 4495 2419 4566 Augusti
2448 4494 2692 4549 animum
2724 4494 2826 4548 ista
2850 4493 3032 4548 clades
3063 4493 3315 4561 perculit.
3352 4489 3502 4543 Sedit
3531 4503 3661 4542 ma:-

2081 4601 2220 4655 stus,
2278 4587 2530 4656 suspiriis
2594 4586 2704 4641 late
2752 4585 2969 4640 sonoris
3023 4598 3287 4638 caesorum
3336 4580 3662 4634 desiderium

2083 4683 2356 4753 prodens;
2396 4681 2706 4750 lacrymans
2739 4692 2954 4747 quoque
2986 4675 3218 4730 subinde
3250 4675 3315 4729 ad
3352 4674 3662 4729 distinctam

2086 4785 2356 4831 certorum
2386 4789 2450 4828 ex
2480 4774 2546 4828 iis
2572 4770 3063 4840 compellationem.
3102 4766 3221 4820 Mox
3262 4777 3440 4820 tamen
3491 4767 3663 4822 solita:

2088 4868 2410 4923 constantiae
2439 4882 2502 4921 ac
2531 4881 2709 4920 rerum
2742 4861 3214 4934 procurandarutn
3245 4860 3426 4916 officio
3460 4875 3518 4915 se
3540 4862 3664 4916 red-

2087 4961 2244 5025 dens,
2272 4958 2686 5015 Constantinum
2724 4956 2960 5013 Gabram
2998 4954 3177 5008 virum
3224 4952 3360 5008 bello
3384 4952 3663 5008 ardentem

2086 5070 2150 5108 ac
2178 5067 2340 5106 manu
2378 5060 2706 5122 promptum,
2744 5047 2945 5120 quique
2977 5046 3155 5119 ignem
3207 5047 3258 5105 in
3311 5046 3509 5117 prmliis
3556 5046 3664 5116 spi-

1473 5186 1672 5250 νοτία)
1701 5187 2008 5251 lectiones
2046 5207 2125 5252 ex
2156 5191 2298 5252 cod.
2325 5189 2565 5252 Coislin

1492 5401 1630 5462 Car.
1661 5400 1992 5463 Dufresnii
2021 5403 2121 5464 Du
2151 5404 2375 5483 Cangii
2414 5412 2598 5467 notae.

472 5534 585 5605 (75)
641 5532 922 5605 Tlpopor.
975 5532 1280 5605 Adipopptor
1354 5529 1591 5605 vicinum
1674 5528 1979 5605 Balagritjs,

399 5599 499 5662 nec
527 5599 717 5672 praeui
743 5599 1039 5672 atlaninis,
1079 5599 1482 5672 Gantacuzeno,
1513 5599 1604 5653 lib.
1645 5615 1702 5665 tt,
1737 5614 1858 5668 cap.
1887 5600 1975 5655 32.

469 5671 582 5747 (τι)
615 5674 921 5730 Ruﬁnam
955 5671 1086 5729 Vide
1114 5672 1351 5730 Glossar.
1377 5671 1661 5729 Anttteunt.

2161 5533 2274 5602 ('75)
2308 5532 2680 5600 Βαϊμούντου
2730 5531 3089 5601 ἐξάδελφον.
3148 5527 3295 5581 llltus
3361 5530 3479 5579 orte
3508 5521 3663 5593 cujus

2091 5603 2335 5658 meminit
2377 5619 2496 5674 pag.
2529 5603 2651 5658 356.
