3998 6206
294 274 399 343 981

1516 280 1945 345 ALEXIADIS
1981 284 2136 350 LIB.
2174 287 2287 349 XII
2305 289 2349 351 l.

3462 285 3646 354 982'

200 410 209 439 ἠ
289 394 580 467 ἡμάρτανε
636 392 734 448 τοῦ
794 394 1025 453 σκοποῦ.
1076 398 1258 455 Μέσον
1309 397 1416 471 γὰρ
1471 398 1569 454 τοῦ
1624 399 1875 471 πορθμοῦ

1986 404 2243 470 partium.
2275 406 2457 461 Semel
2505 406 2810 479 iterumque
2870 404 3051 462 Latini
3110 410 3297 477 postea
3354 418 3569 473 quoque

289 485 731 557 καταλαμϐάνων
761 486 883 540 ἐπεὶ
903 489 1030 551 τοὺς
1062 490 1303 555 Κελτοὺς
1324 491 1577 563 ὲξουρίας
1608 491 1874 555 πλέοντας

290 580 444 651 ἑώρα
476 580 547 634 τά
578 579 627 635 θ’
674 580 823 635 ίστία
868 584 1319 647 ἀναπετάσαντας
1349 585 1443 639 xui
1501 584 1731 657 σφοδρὸν
1783 586 1876 641 τὸν

290 672 578 727 ἀπόπλουν
627 674 1011 744 ποιουμένους,
1047 676 1147 747 οὐχ
1196 671 1309 741 οἷός
1355 694 1412 731 τε
1454 672 1524 750 ἦν
1573 679 1713 751 πρὸς
1738 679 1877 745 τοὺς

290 764 537 828 Κελτοὺς
572 764 690 835 ἅμα
718 766 810 820 καὶ
842 767 971 831 τοὺς
1024 768 1259 839 ἀνέμους
1313 770 1698 842 ἀπομάχεσθαι
1734 770 1879 826 κατὰ

289 856 521 928 πρῶραν
565 857 662 912 τοῦ
715 857 1031 930 πνεύματος
1076 861 1413 931 ἱσταμένου·
1460 864 1583 917 οὐδὲ
1619 866 1729 936 γὰρ
1785 868 1877 922 τὸν

298 949 581 1019 Ἡρακλέα
614 950 750 1020 πρὸς
781 950 904 1004 δύοι
927 952 1061 1019 φασί
1090 970 1105 986 ο
1137 955 1205 1024 τῇ
1234 953 1323 1025 βίᾳ
1368 954 1550 1008 τοίνυν
1585 957 1679 1011 τοῦ
1707 957 1876 1012 πνεύο

291 1061 466 1115 ματος
494 1044 823 1114 παλίνορσος
864 1046 1095 1114 ἐγίνετο.
1135 1046 1259 1100 Ἐπὶ
1301 1047 1516 1113 τούτοις
1546 1050 1575 1103 δ
1601 1052 1877 1124 αὐτοκράι

288 1157 404 1209 τωρ
441 1137 739 1209 διεπρίετο.
768 1140 1041 1207 Διαγνούς
1082 1138 1141 1193 δὲ
1167 1140 1250 1201 ὅτι
1299 1140 1399 1212 οὐχ
1430 1143 1567 1197 ὄπου
1602 1145 1877 1214 προσήκοι

287 1231 383 1285 τὸν
418 1231 730 1299 Ῥωμαϊκὸν
767 1232 955 1286 στόλον
989 1235 1017 1286 ό
1049 1235 1466 1304 Κοντστέφανος
1493 1235 1875 1307 προσὼρμισε,

292 1326 389 1378 καὶ
440 1323 533 1377 διὰ
577 1323 739 1378 τοῦτο
766 1326 930 1381 αὐτὸν
962 1326 1013 1380 οί
1041 1323 1184 1381 νότοι
1235 1328 1607 1399 ἀπείργουσιν
1653 1328 1877 1384 εὐθετον

290 1420 405 1482 τοῖς
458 1419 687 1482 Κελτοῖς
741 1420 943 1489 μᾶλλον
992 1420 1086 1474 τὸν
1117 1420 1288 1475 πλοῦν
1337 1424 1729 1492 παρεχόμενοι,
1761 1423 1879 1477 δια-

291 1508 509 1579 γράψας
539 1509 638 1580 τὴν
675 1511 775 1579 τῆς
802 1512 1212 1584 Λογγισαρδίας
1238 1514 1398 1583 ἠϊόνα
1442 1516 1537 1569 xui.
1568 1515 1663 1571 τοῦ
1707 1516 1878 1571 Ἰλλυ-

296 1600 473 1670 ρικοῦ,
502 1603 597 1655 καὶ
627 1602 757 1666 τοὺς
785 1604 919 1674 παρ’
954 1605 1195 1672 ἑκάτερα
1219 1605 1603 1673 διακειμένους
1628 1606 1876 1675 λιμένας,

291 1694 581 1748 ἀπέστειλε
622 1695 701 1764 τῷ
742 1696 1176 1768 Κοντοστεφάνῳ
1237 1697 1534 1763 ὑποδείξας
1583 1699 1643 1753 ὲν
1687 1699 1877 1771 γράμ-

294 1804 450 1855 μασι,
485 1788 578 1841 καὶ
605 1788 727 1841 ὅποι
764 1788 848 1842 δεῖ
884 1791 1259 1862 προσορμίσαι
1290 1791 1389 1856 τὰς
1423 1792 1580 1857 ναῦς,
1615 1794 1709 1847 καὶ
1752 1793 1878 1848 ὅθεν

289 1880 495 1950 οὐρίου
528 1880 670 1952 τύχῃ
703 1880 799 1936 τοῦ
839 1882 1156 1954 πνεύματος
1208 1885 1350 1939 κατά
1407 1884 1517 1939 τῶν
1551 1885 1880 1952 διαπλωῖζο-

291 1975 472 2044 μένων
505 1977 728 2031 Κελτῶν
775 1977 1045 2049 ἐξορμῶν.
1091 1979 1363 2050 Ἀνέρωσέ
1412 1979 1527 2052 [τσ.
1565 1981 1875 2056 ἀνέρρωσε]

286 2085 348 2121 τε
401 2068 557 2134 αὖθις
615 2073 707 2125 τὸν
747 2072 1196 2141 Κοντοστέφανον
1260 2076 1353 2127 καὶ
1413 2074 1580 2144 ἔργου
1630 2074 1878 2145 ἅψασθαι

286 2160 595 2217 ἀνέπεισεν.
638 2165 1119 2235 ’Δνακτησάμενος
1146 2165 1240 2220 οῦν
1275 2168 1470 2220 ἑαυτὸν
1514 2167 1543 2219 ὁ
1604 2166 1878 2233 Ἰσαάκιος

286 2254 388 2305 xui.
411 2254 742 2309 καταλαϐὼν
789 2248 1016 2326 οὗπερό
1066 2257 1434 2328 αὐτοκράτωρ
1491 2257 1644 2327 αὐτῷ
1694 2275 1875 2329 παρεέ

284 2345 593 2398 κελεύσατο
640 2347 736 2409 τὰς
767 2346 902 2411 ναῦς
952 2347 1319 2418 προσῷκειλε.
1356 2348 1465 2403 ΚαὶΙ
1510 2350 1704 2421 καιρὸν
1754 2353 1880 2405 ἐπι-

282 2439 539 2507 τηρήσας
572 2440 807 2509 ὁπηνίκα
839 2438 887 2492 οί
918 2440 1025 2493 ἀπὸ
1056 2440 1465 2510 Λογγιὸαρδίας
1499 2441 1639 2511 μετὰ
1673 2443 1879 2516 πολλῆς

284 2531 663 2599 παρασκευῆς
734 2533 869 2601 πρὸς
941 2535 1002 2585 τὸ
1077 2533 1378 2605 Ἰλλυρικὸν
1438 2533 1531 2588 τὸν
1590 2536 1876 2593 ἀπόπλουν

283 2620 590 2686 ἐποιοῦντο,
624 2623 828 2693 ἀνέμου
884 2623 1064 2689 δεξιοῦ
1116 2625 1429 2695 τηνικαῦτα
1481 2629 1872 2697 ἐπιπεσόντος,

283 2713 501 2783 δέχεται
536 2715 763 2780 τούτους
799 2718 896 2770 τοῦ
936 2718 1187 2789 πορθμοῦ
1247 2720 1432 2789 μέσον,
1481 2722 1578 2775 καὶ
1624 2722 1747 2778 τινὰ
1780 2723 1879 2793 μὲν

284 2806 399 2859 τῶν
470 2808 782 2879 λῃστρικῶν
864 2811 1066 2865 πλοίων
1132 2813 1495 2883 πυρίκαυστα
1560 2815 1875 2886 πεποίηκε·

286 2897 460 2950 πλείω
492 2898 547 2950 δὲ
584 2900 678 2951 καὶ
706 2898 987 2971 αὔτανδρα
1016 2901 1094 2971 τῷ
1125 2901 1273 2973 βυθῷ
1299 2904 1876 2975 παρέπεμψεν.οῠπω

283 2993 460 3046 ταῦτα
491 2993 828 3063 μεμαθηκὼς
864 2996 892 3048 ὁ
935 2995 1214 3065 βασιλεὺς,
1242 2998 1383 3053 ἀλλά
1417 3000 1556 3070 πρὸς
1605 3001 1675 3055 τὰ
1722 3002 1878 3072 παρά

1979 509 2196 550 cursum
2233 506 2435 552 rectum
2466 506 2519 554 et
2563 498 2884 554 incolumem
2915 513 2978 551 ex
3010 495 3159 552 Italia
3196 496 3248 550 in
3296 494 3566 567 Illyricum

1982 590 2244 655 habuere,
2297 587 2497 644 frustra
2532 588 2752 645 obstare
2804 599 3001 644 conata
3058 587 3304 642 Romana
3366 586 3563 642 classe.

1982 680 2335 738 Promoverat
2387 698 2505 737 eam
2547 683 2764 754 quidem
2800 682 3043 739 lsaacius
3099 682 3153 736 in
3207 680 3400 736 fretum
3453 695 3570 735 me-

1983 775 2127 829 dium
2176 774 2391 829 obviam
2432 782 2621 830 contra
2670 774 2944 846 naviganti
2984 774 3241 839 Gallica;
3291 771 3386 829 sed
3442 787 3565 826 cum

1984 869 2125 925 hanc
2157 877 2350 924 ventus
2387 883 2415 922 ι
2445 868 2607 939 puppi
2638 869 2910 924 secundus
2937 868 3114 923 valide
3144 867 3383 938 pelleret,
3418 866 3561 921 illam

1984 960 2126 1015 idem
2161 976 2187 1014 a
2218 976 2378 1027 prora
2433 962 2725 1016 vehemens
2777 958 3031 1024 dilﬁaret,
3102 968 3292 1015 contra
3352 965 3568 1013 ventum

1981 1061 2035 1107 et
2060 1052 2273 1108 hostem
2307 1068 2548 1122 pugnare
2576 1052 2737 1109 simul
2768 1052 2905 1107 ratio
2936 1068 3038 1106 non
3064 1050 3185 1119 fuit,
3215 1048 3469 1120 quoniam
3508 1062 3574 1100 ne

1982 1142 2241 1199 Hercules
2292 1144 2517 1215 quidem
2567 1147 2731 1215 (quod
2783 1145 2888 1200 dici
2946 1144 3103 1214 solet)
3162 1152 3353 1197 contra
3408 1140 3569 1195 duos.

1983 1237 2171 1308 Itaque
2223 1237 2478 1294 cedentes
2539 1236 2852 1292 necessario
2909 1234 3166 1297 Romani,
3216 1247 3410 1303 purum
3465 1232 3570 1285 iter

1980 1330 2324 1400 liberumque
2375 1327 2578 1385 Italicis
2615 1329 2888 1400 reliquere
2937 1327 3182 1383 navibus.
3235 1324 3570 1395 Ringebatur

1983 1424 2050 1479 iis
2101 1423 2340 1494 acceptis
2381 1424 2722 1494 imperator;
2790 1430 2846 1477 et
2900 1429 3140 1475 erratum
3198 1434 3229 1474 a
3281 1417 3571 1473 Contoste-

1983 1515 2167 1587 phano
2199 1515 2504 1586 intelligens
2547 1515 2602 1571 in
2650 1514 2885 1571 statione
2918 1520 3042 1583 apta
3089 1511 3247 1567 classi
3276 1525 3387 1565 suae
3436 1507 3571 1562 deli-

1983 1613 2181 1683 genda,
2218 1612 2452 1668 tabulam
2482 1610 2767 1679 utriusque
2806 1623 2916 1664 ora:
2941 1606 3193 1663 littora‘lis
3238 1603 3525 1658 maritimae
3550 1641 3567 1665 ,

1988 1703 2331 1775 lllyricianae,
2360 1704 2603 1775 inquam,
2659 1710 2715 1757 et
2747 1702 2796 1756 ei
2838 1699 3080 1755 adversa:
3123 1695 3565 1768 Longobardicac.

1984 1813 2108 1853 cum
2134 1796 2337 1853 notatis
2363 1795 2620 1865 utrinque
2649 1793 2887 1865 regionis
2910 1792 3189 1860 utriusque
3218 1788 3478 1859 portubus
3502 1784 3566 1837 ad

1982 1905 2107 1947 eum
2132 1890 2285 1946 misit
2322 1905 2338 1943 :
2375 1888 2576 1944 litteris
2605 1889 2908 1942 admonens
2954 1883 3151 1953 quibus
3187 1882 3241 1934 in
3284 1879 3418 1935 locis
3449 1880 3569 1946 qui—

1984 1985 2155 2039 busve
2202 1980 2531 2038 stationibus
2580 1988 2766 2034 tenere
2793 1992 2859 2033 ex
2899 1975 3143 2031 excubiis
3174 1987 3338 2028 naves
3368 1968 3568 2025 Roma—

1983 2092 2080 2132 nas
2102 2085 2397 2146 oporteret,
2433 2083 2491 2129 ut
2520 2089 2600 2129 eae
2626 2087 2951 2143 quocunque
2971 2080 3136 2127 vento
3162 2068 3477 2137 navigantes
3501 2078 3569 2120 ex

1984 2169 2134 2224 Italia
2158 2167 2395 2225 Gallicas
2424 2181 2614 2224 arcere
2657 2174 2901 2237 possent.
2938 2162 3094 2233 Cepit
3145 2158 3402 2222 lsaacins,
3440 2172 3565 2212 cttm

1985 2264 2069 2318 bis
2098 2261 2390 2332 postremis
2420 2260 2642 2316 monitis
2685 2257 3068 2328 acquievisset.
3106 2254 3344 2308 fructum
3378 2249 3567 2305 docili-

1982 2356 2113 2411 tatis
2144 2370 2277 2411 suae.
2328 2353 2464 2408 Nam
2508 2353 2801 2408 observato
2853 2359 3093 2418 tempore
3147 2360 3256 2415 quo
3313 2343 3568 2413 trajectus

1981 2461 2135 2502 nova:
2162 2445 2228 2501 ab
2256 2443 2630 2512 Longobardia
2669 2440 2963 2513 parabatur
2988 2437 3203 2502 classis,
3245 2436 3422 2488 locum
3462 2431 3565 2487 sibi

1983 2539 2208 2607 suisque
2242 2553 2308 2591 ex
2344 2533 2695 2605 imperatoris
2742 2530 2975 2587 consilio
3007 2527 3274 2583 delectum
3311 2522 3567 2592 sumpsit.

1981 2631 2111 2686 Inde
2142 2639 2318 2685 autem
2353 2624 2772 2697 procedentibus
2817 2635 3078 2694 prospero
3116 2629 3405 2674 ventorum
3436 2614 3562 2669 llatu

1981 2723 2256 2781 Gallorum
2286 2722 2514 2777 navibus
2544 2718 2732 2774 multis
2774 2728 2831 2773 et
2872 2722 3133 2786 apparatu
3195 2712 3407 2767 onustis
3446 2708 3566 2779 plu-

1982 2819 2145 2879 rimo,
2182 2814 2411 2870 infestus
2443 2815 2702 2884 ingruens
2738 2824 2896 2865 cursu
2943 2808 2997 2861 in
3051 2805 3249 2866 medio,
3310 2800 3567 2872 piraticas

1982 2921 2169 2960 eorum
2212 2906 2474 2974 quasdant
2531 2900 2792 2966 incendit,
2848 2898 3031 2968 plures
3074 2910 3197 2950 cum
3256 2891 3569 2948 vectoribus

1984 2984 2271 3068 depressit.
2309 2996 2421 3051 Hoc
2471 3008 2783 3065 quanquam
2838 2991 2908 3045 ita
2950 2988 3156 3044 lsaario
3204 2990 3564 3046 successerat,

284 3086 387 3139 τοῦ
423 3087 776 3155 Λαντούλιρου
818 3089 1126 3159 γραφέντα,
1154 3090 1253 3144 xui
1298 3091 1468 3145 αὐτοῦ
1498 3092 1691 3156 δουκὺς
1734 3095 1877 3166 Δυρο

1986 3098 2163 3145 tamen
2195 3103 2317 3144 cum
2346 3086 2725 3142 accusationes
2760 3084 2810 3139 in
2843 3097 2966 3138 eum
2999 3077 3314 3147 Lantulphi,
3369 3089 3567 3131 conso-

295 3178 487 3249 ραχίου
519 3181 839 3251 ἐγκείμενον
880 3179 1017 3251 ἔχων
1053 3181 1147 3234 τὸν
1192 3182 1339 3247 νοῦν,
1379 3184 1568 3254 ἐτέρου
1612 3185 1876 3257 λογισμοῦ

286 3270 529 3337 γεγονὼς
558 3274 903 3343 παραχρῆμα
930 3273 1022 3325 τὸν
1058 3273 1160 3346 ήδη
1193 3273 1436 3345 ρηθέντα
1464 3277 1750 3348 Μαριανδν
1779 3281 1872 3332 τὸν

287 3364 815 3434 Μαυροκατακαλὼν
871 3366 1380 3436 μεταπεμψάμενος
1433 3369 1649 3423 ἐκεῖθεν
1694 3370 1877 3426 Δοῦκα

286 3455 384 3508 τοῦ
440 3458 630 3511 στόλου
673 3458 1086 3530 προχειρίζεται
1117 3501 1132 3525 ,
1184 3460 1253 3512 τὰ
1303 3459 1361 3512 δὲ
1408 3463 1508 3530 τῆς
1566 3463 1881 3533 Πετρούλας

290 3549 463 3619 ιτέρερ
524 3549 867 3620 ἀνατίθησιν.
919 3544 1092 3613 Οὗτος
1135 3546 1231 3604 οὖν
1274 3550 1532 3606 ἀπελθὼν
1586 3554 1682 3607 καὶ
1730 3554 1874 3608 κατά

288 3657 415 3692 τινα
463 3641 758 3711 συντυχίαν
787 3642 951 3706 εὐθὺς
979 3642 1223 3713 ἐντυχὼν
1260 3645 1384 3709 ταῖς
1428 3644 1538 3698 ἀπὸ
1568 3645 1883 3717 Λογγιδαρσ

289 3732 411 3795 δίας
435 3732 575 3802 πρὸς
603 3734 697 3785 τὸν
733 3733 1073 3803 Βαῖμοῦντον
1103 3735 1602 3807 διαπλωῖςομέναις
1647 3738 1874 3812 λῃστρι-

292 3829 418 3889 καῖς
442 3829 537 3880 καὶ
562 3831 855 3897 φορτηγοῖς
883 3829 1066 3894 ναυσὶ,
1099 3829 1369 3899 κατέσχεν
1400 3830 1618 3893 ἁπάσας
1648 3830 1881 3903 πλήρεις

294 3920 571 3973 παντοίων
640 3918 942 3988 ἐδωδίμων.
996 3920 1107 3973 Καὶ
1174 3921 1269 3975 τοῦ
1332 3920 1524 3974 λοιποῦ
1593 3921 1880 3994 ἄγρυπνος

295 4010 474 4080 φύλαξ
505 4008 600 4063 τοῦ
632 4009 953 4078 ἀναμεταξύ
990 4010 1400 4081 Λογγιόαρδίας
1443 4013 1539 4065 καὶ
1579 4013 1880 4087 Ἰλλυρικοῦ

294 4103 545 4173 πορθμοῦ
577 4104 884 4174 τυγχάνων,
917 4104 981 4157 οὐ
1025 4103 1326 4175 συνεχώρει
1378 4103 1438 4157 τδ
1473 4106 1734 4177 παράπαν
1769 4112 1882 4174 τοῖς

296 4199 522 4261 Κελτοῖς
548 4202 641 4250 τὸν
682 4198 819 4269 πρὸς
850 4199 909 4251 τὸ
936 4198 1243 4271 Δυρράχιον
1276 4199 1578 4257 ἀπόπλουν.

380 4384 442 4436 '0
479 4383 537 4436 δέ
585 4399 647 4450 γε
706 4381 1084 4452 αὐτοκράτωρ,
1115 4382 1241 4452 περὶ
1292 4382 1419 4446 τοὺς
1462 4383 1739 4454 πρόποδας
1774 4387 1882 4441 τῶν

296 4476 633 4545 κλεισουρῶν
682 4477 775 4530 xui
835 4475 977 4529 κατά
1037 4475 1138 4545 τὴν
1186 4473 1446 4528 Δεάόολιν
1505 4476 1876 4548 αὐλιζόμενος,

296 4568 515 4640 ἀπῆγχε
543 4568 639 4639 μὲν
701 4567 828 4630 τοὺς
892 4565 1248 4637 προχωρῆσαι
1288 4564 1367 4636 τῷ
1401 4566 1722 4638 Βαῖμούντφ
1751 4568 1874 4623 ὠδί-

295 4679 490 4725 νοντας
510 4677 522 4693 ο
566 4660 697 4713 ὡσεὶ
731 4658 980 4726 νιφετοὺς
1008 4657 1064 4710 δὲ
1096 4656 1233 4728 πρὸς
1256 4657 1385 4721 τοὺς
1418 4656 1518 4720 τὰς
1558 4658 1882 4729 κλεισούρας

298 4756 632 4826 ἐξέπεμπεν,
687 4752 904 4822 ἑκάστῳ
960 4749 1352 4820 ὑποτιθέμενος
1396 4750 1627 4815 ὁπόσους
1661 4753 1741 4816 είς
1780 4754 1881 4824 τὴν

298 4849 532 4903 πεδιάδα
587 4844 895 4917 Δυρραχίου
948 4841 1363 4907 ἐξαποστέλλειν
1413 4840 1555 4894 κατά
1597 4841 1691 4896 τοῦ
1750 4843 1880 4896 Βαῖ-

302 4941 538 5013 μούντου
589 4939 685 4994 καὶ
719 4939 901 4992 ὁποῖον
944 4936 1005 4989 τὸ
1052 4935 1148 4987 τοῦ
1182 4935 1426 5004 πολέμου
1479 4934 1668 5006 σχῆμα
1694 4935 1883 4988 διατυ-

301 5032 464 5097 ποῦν,
512 5033 638 5095 τούς
669 5028 1109 5100 κατερχομένους
1149 5026 1255 5097 χρὴ
1290 5028 1347 5078 ὲν
1381 5025 1457 5095 τῷ
1487 5026 1760 5096 μάχεσθαι
1816 5028 1888 5083 τὰ

304 5126 535 5181 πλεῖστά
563 5141 623 5176 τε
664 5123 992 5194 προτρέχειν
1023 5120 1136 5181 τοῖς
1174 5119 1363 5181 ἵπποις
1400 5119 1491 5171 xui.
1527 5114 1687 5181 αὖθις
1718 5120 1886 5173 ἀνθυ-

1914 4438 1961 4497 D

1983 3184 2068 3238 nis
2112 3196 2328 3253 quoque
2360 3180 2518 3234 ducis
2558 3172 3011 3247 Byrrhaehiensis
3052 3170 3385 3229 conﬁrmatae
3432 3180 3566 3238 que-

1983 3275 2132 3339 relis,
2166 3273 2462 3329 insiderent
2494 3271 2546 3324 in
2578 3264 2803 3338 Augusti
2839 3266 3023 3322 animo
3051 3263 3234 3327 altius,
3263 3260 3482 3317 tandem
3515 3257 3563 3313 is

1985 3378 2194 3422 mutate
2250 3374 2469 3435 repente
2528 3361 2760 3417 consilio
2821 3357 3093 3415 retinendi
3149 3356 3355 3412 diutius
3387 3353 3441 3407 lu
3476 3351 3567 3406 illa

1984 3458 2150 3513 maris
2179 3456 2503 3525 prterectura
2544 3448 2993 3520 Contostephani,
3040 3446 3363 3504 accersitum
3406 3448 3587 3513 quem'

1986 3551 2146 3606 modo
2176 3547 2599 3605 memoravimus
2633 3543 2796 3616 397
2825 3541 3130 3596 Marianum
3162 3534 3568 3591 Maurocatalo-

1984 3659 2108 3699 nem
2141 3642 2334 3697 ducem
2365 3638 2556 3694 classis
2583 3646 2756 3697 creat,
2812 3632 3047 3689 Petrulze
3076 3630 3317 3685 visenda!
3351 3624 3570 3696 negotio

1985 3734 2140 3790 alteri
2170 3732 2441 3787 mandato.
2476 3728 2752 3782 Marianus
2791 3727 2842 3779 in
2896 3719 3227 3794 provinciam
3253 3718 3362 3774 cito
3395 3714 3573 3784 profe-

1985 3839 2106 3885 ctus
2136 3838 2358 3895 operam
2392 3821 2630 3876 navavit.
2676 3816 2891 3873 Etenim
2923 3811 3289 3885 deprehensas
3316 3810 3371 3863 in
3408 3820 3570 3861 cursu

1985 3919 2247 3994 piraticas
2271 3915 2662 3984 onerariasque
2705 3911 2942 3968 Gallicas
2991 3913 3332 3963 comeatuum
3366 3898 3571 3979 ingenti

1985 4016 2037 4071 vi
2067 4013 2296 4069 refertas
2325 4009 2704 4081 cepitomnes,
2742 4003 2981 4075 vigilque
3028 3998 3225 4057 deinde
3274 4012 3338 4052 ac
3389 4001 3572 4077 certus

1985 4117 2169 4163 custos
2191 4103 2374 4160 Italico
2404 4103 2542 4158 freto
2568 4099 2833 4156 incubans
2855 4108 3016 4152 omne
3044 4093 3231 4162 utique
3254 4087 3567 4144 ltalicarum

1987 4199 2204 4254 navium
2235 4212 2266 4251 a
2298 4191 2826 4267 Dyrrhacbieusibus
2871 4185 3159 4244 Baimundi
3190 4182 3386 4240 castris
3415 4178 3575 4252 plane

1985 4292 2242 4360 deinceps
2268 4286 2655 4345 commercium
2686 4282 2925 4353 abrupit.

2070 4383 2242 4440 Porro
2282 4381 2582 4451 imperator
2634 4377 2854 4432 interim
2909 4371 3132 4431 Deaboli
3189 4368 3478 4426 considens
3517 4366 3573 4421 in

1991 4476 2237 4547 proxima
2272 4473 2470 4527 vicinia
2505 4470 2870 4527 claustrorum
2905 4468 3024 4522 sive
3053 4463 3400 4525 clisurarum,
3434 4471 3573 4529 quas

1993 4568 2187 4634 ﬁrmis,
2231 4565 2307 4620 uti
2339 4563 2598 4627 diximus,
2627 4558 2901 4631 praesidiis
2949 4556 3241 4639 munierat,
3290 4550 3570 4620 haudqua-

1989 4674 2151 4726 quam
2182 4656 2297 4725 ipse
2333 4652 2563 4708 vacabat
2593 4664 2757 4720 opere
2781 4686 2799 4716 ,
2829 4647 2922 4704 sed
2956 4646 3310 4717 praecipuum,
3347 4641 3395 4697 si
3424 4646 3574 4695 recte

1991 4751 2114 4819 quis
2151 4747 2406 4811 aestimet,
2437 4743 2504 4798 ad
2555 4742 2681 4798 belli
2740 4754 3010 4796 summam
3061 4744 3392 4792 momentum
3441 4730 3575 4787 alle-

1990 4841 2169 4897 rebat.
2206 4838 2575 4905 Praeterquam
2619 4834 2761 4889 enim
2816 4833 2963 4901 quod
3018 4820 3349 4898 impediebat
3387 4825 3575 4894 utique

1991 4933 2187 4988 castris
2220 4946 2286 4986 eo
2320 4931 2438 4985 loco
2464 4928 2656 4999 positis
2687 4941 2755 4981 ne
2785 4925 2925 4980 ullus
2955 4939 3019 4979 ex
3054 4919 3284 4978 infensis
3318 4918 3421 4975 sibi
3451 4918 3576 4987 plu-

1988 5026 2142 5081 rimis
2174 5033 2229 5080 et
2258 5024 2589 5079 rebelliones
2626 5017 3066 5091 parturientibus
3116 5014 3459 5087 transfugere
3503 5012 3573 5068 ad

1987 5118 2376 5180 Baimundum,
2408 5129 2531 5170 cum
2574 5126 2749 5184 eoque
2794 5112 2936 5166 vires
2982 5126 3048 5167 ac
3096 5109 3323 5165 consilia
3388 5116 3576 5179 posset

307 5221 614 5284 πονοστεῖν,
656 5218 750 5270 καὶ
783 5215 926 5269 οὕτω
956 5212 1118 5267 πάλιν
1147 5212 1240 5264 xui.
1277 5212 1441 5266 πάλιν
1469 5212 1759 5277 ποιοῦντας
1800 5212 1878 5267 διὸ

1986 5212 2245 5285 jungere:
2273 5209 2514 5266 subsidia
2540 5208 2705 5264 etiam
2729 5205 3216 5277 supplementaque
3236 5202 3573 5261 creberrima

302 5314 400 5383 τῆς
430 5310 645 5377 τοξείας
684 5307 987 5379 μάχεσθαι’
1024 5307 1151 5371 τούς
1191 5306 1247 5359 δὲ
1286 5304 1354 5357 τὰ
1385 5304 1593 5375 δόρατα
1615 5306 1878 5377 φέροντας

1990 5303 2296 5359 recentium
2325 5302 2547 5356 assidue
2584 5300 2815 5354 militum
2862 5299 2915 5354 in
2949 5300 3119 5356 horas
3159 5290 3297 5370 parte
3331 5296 3574 5368 singulas

302 5404 531 5457 ὄπισθεν
567 5401 747 5455 αὐτῶν
777 5400 969 5473 βραδεῖ
1001 5400 1125 5454 ποδὶ
1155 5399 1411 5470 στείχειν,
1433 5399 1524 5465 ἶν’,
1555 5400 1608 5453 εί
1632 5416 1737 5452 που
1798 5400 1878 5468 γέ⁴

1989 5398 2314 5471 suggerebat
2373 5396 2490 5452 suis
2538 5394 2766 5449 clisuras
2812 5391 3205 5458 obtinentibus,
3248 5391 3446 5462 quibus
3496 5389 3575 5444 illi

306 5514 469 5568 νηται
520 5498 634 5558 τοῖς
687 5495 934 5559 τοξόταις
974 5492 1139 5547 πλέον
1180 5491 1275 5544 τοῦ
1334 5482 1740 5563 δέοντος¹πρὸς
1787 5491 1878 5556 τὰς

1991 5494 2136 5548 aucti
2171 5491 2310 5546 ultra
2345 5490 2644 5545 custodiam
2677 5487 3091 5543 commissarum
3143 5484 3375 5551 arcium,
3411 5482 3575 5538 etiam

304 5588 526 5642 ὃπισθεν
589 5586 993 5657 παρασυρῆναι,
1050 5584 1313 5655 δέχωνται
1368 5583 1637 5648 τούτους,’
1672 5584 1785 5654 ἅμα
1836 5584 1878 5636 δὲ

2004 5583 2071 5637 ad
2106 5580 2448 5637 lacessendos
2486 5580 2671 5636 hostes
2696 5578 3030 5649 quotidianis
3078 5572 3385 5630 incursibus
3412 5588 3581 5653 para:

309 5683 406 5735 xui.
438 5683 535 5734 τὶν
587 5650 683 5743 είς-
718 5650 910 5749 χεῖρας
957 5650 1161 5731 τούτων
1224 5678 1355 5740 ἴσως
1405 5675 1629 5728 ἐλθόντα
1683 5650 1878 5728 Κελτὺν

2000 5684 2109 5730 tam
2157 5682 2210 5728 et
2240 5672 2474 5728 alacrem
2531 5670 2928 5726 multitudinem
2982 5665 3276 5722 habebant.
3331 5650 3579 5720 Addebat

314 5777 619 5850 πλήτςςιεν.
658 5775 1016 5847 Ἐπεχορὴγει
1061 5774 1116 5828 δὲ
1170 5773 1361 5845 δαψιλῆ
1411 5774 1619 5837 τούτοις
1677 5773 1742 5827 1'7.
1776 5772 1878 5843 βέλη

2014 5785 2131 5829 cam
2167 5768 2341 5839 ipsam
2374 5768 2435 5824 ad
2481 5780 2594 5823 rem
2643 5773 2911 5837 praecepta
2953 5762 3251 5833 imperator
3297 5759 3578 5829 salutaria,
