3998 6206
254 270 368 334 933
1473 286 1887 350 ALEXIADIS
1920 293 2064 354 LlB.
2103 295 2277 356 XIII.
3405 256 3510 368 Si86

257 388 418 456 longo
453 402 550 442 usu
579 399 850 460 comperta
884 390 1176 462 imperator
1201 395 1450 453 obtinens
1509 403 1690 455 animo
1755 405 1898 458 illam
1939 409 2053 461 suis
2083 421 2244 474 quam
2284 408 2566 462 reterimns
2595 407 2894 479 imperabat
2925 409 2977 465 in
3008 411 3190 468 Gallos
3231 415 3502 484 pugnandi

256 486 551 548 rationem,
579 495 636 536 ttt
665 487 820 554 equis
845 490 1026 557 jaeulo
1049 492 1274 561 figendis
1306 493 1450 547 viros
1483 497 1830 562 Omitterent;
1874 502 2073 570 quippe
2109 499 2267 554 facile
2301 510 2354 555 et
2386 501 2607 556 innoxie
2667 503 2961 559 vincendos
3034 522 3295 576 equorum
3338 523 3495 563 casn.

252 579 522 636 Nimirum
559 596 662 634 non
713 580 856 636 illam
905 583 1179 651 ferociam,
1230 585 1350 640 illos
1422 587 1570 658 ignes
1631 605 1763 657 quos
1801 591 1854 645 in
1909 592 2062 661 equis
2123 592 2214 646 alti
2263 594 2490 662 spirant,
2518 594 2680 647 etiam
2711 597 2923 650 excussi
2980 601 3232 663 retinent,
3282 601 3326 655 si
3404 618 3509 671 qua

256 691 354 731 eos
401 675 484 728 vis
533 674 807 728 aﬂlixerit.
853 673 1040 731 Gallus
1085 693 1226 747 equo
1279 694 1541 746 generoso
1597 692 1837 737 armatus
1877 683 2116 738 insidens
2144 685 2389 738 flammea
2421 684 2706 740 velocitate
2780 686 3070 743 fulmineus
3116 690 3193 743 vel
3267 690 3502 764 Babylo-

255 775 378 826 nios
412 787 595 826 muros
628 771 956 834 transvolet;
1004 771 1152 826 humi
1187 773 1490 850 depositus,
1525 779 1828 846 quibusque
1867 779 2042 834 obviis
2073 780 2227 834 ludus
2258 788 2360 834 est.
2441 778 2564 834 Haec
2622 782 2784 852 igitur
2835 782 2887 834 in
2928 783 3073 835 hunc
3150 786 3362 836 modum
3411 802 3502 839 sa-

253 865 470 933 pienter
511 867 787 928 Angustus
816 880 879 917 ex
913 881 975 919 eo
1013 867 1132 920 loco
1193 869 1550 936 gubernabat.
1623 870 1732 925 Cur
1779 888 1882 926 non
1925 876 2242 941 procederet
2277 875 2501 928 ulterius
2529 885 2582 927 et
2631 873 2882 927 claustris
2939 874 3207 942 superatis
3233 876 3508 928 cautiones

252 957 370 1026 ipst'
404 972 527 1009 eum
558 957 727 1010 Gallis
771 972 1019 1027 pugnans
1076 960 1174 1012 has
1223 972 1509 1027 usurparet
1543 977 1679 1030 quas
1722 963 1968 1016 tradebat
2038 963 2184 1024 aliis.
2251 979 2413 1018 causa
2484 964 2598 1017 haec
2646 963 2745 1017 fuit
2801 979 2959 1034 quam
3009 980 3072 1018 ex
3126 966 3239 1034 ipso
3317 964 3506 1018 audire

253 1054 479 1107 memini
531 1069 650 1104 cmn
703 1053 923 1116 diceret,
978 1069 1227 1121 perversa
1279 1053 1502 1106 consilia
1549 1054 1655 1108 sibi
1703 1066 1825 1108 nota
1866 1053 2002 1108 male
2031 1054 2400 1124 feriatornme
2439 1071 2536 1110 suo
2599 1058 2766 1124 ipsius
2836 1057 3091 1109 comitatu
3139 1074 3243 1112 non
3296 1071 3496 1124 pauco-

253 1165 372 1202 rum
415 1163 637 1201 aversos
675 1163 700 1199 a
731 1163 789 1202 se
821 1149 1028 1202 animos
1074 1149 1406 1210 habentium,
1463 1149 1704 1202 cnecisse
1754 1158 1810 1202 ut
1851 1150 2156 1203 consultum
2189 1150 2496 1219 neutiquam
2531 1158 2759 1218 putaret,
2791 1149 2840 1202 id
2908 1150 3049 1218 quod
3116 1149 3314 1218 alioqui
3377 1164 3508 1202 ave-

251 1242 339 1294 bat
374 1241 555 1302 unice,
590 1240 834 1294 transitis
874 1240 1087 1294 clisnris
1114 1258 1265 1307 :eqno
1291 1240 1456 1294 Marte
1526 1243 1650 1294 totis
1719 1241 1888 1310 copiis
1927 1257 2048 1295 cum
2075 1241 2372 1296 Baimundo
2398 1242 2632 1311 experiri
2664 1242 2932 1294 fortunam
2964 1241 3154 1311 prtelii.
3187 1243 3249 1296 Et
3290 1251 3503 1296 astrue-

251 1351 333 1398 re,
379 1333 432 1386 ni
493 1331 672 1397 fallor,
723 1335 845 1387 iiUiC
901 1335 1190 1403 cjnsdicto
1247 1335 1401 1387 fidem
1455 1345 1673 1404 possent
1708 1349 1827 1402 qua:
1865 1335 2115 1404 superius
2164 1334 2295 1389 locis
2359 1335 2525 1388 variis
2591 1335 2655 1386 de
2707 1334 2900 1387 bellica
2953 1334 3124 1400 ipsius
3177 1333 3374 1396 indole,
3432 1333 3501 1387 de

248 1430 450 1482 ardore
480 1441 592 1480 rem
625 1427 859 1498 gerentis
890 1427 940 1480 in
971 1427 1108 1488 acie,
1137 1429 1202 1480 de
1239 1428 1535 1481 constantia
1578 1428 1974 1497 pratsentiaque
2010 1427 2225 1490 mentis,
2256 1441 2320 1480 ae
2349 1427 2528 1496 vigilia
2593 1425 2828 1490 consilii,
2906 1428 2958 1478 in
3025 1435 3222 1480 eventu
3292 1427 3504 1492 pericu-

249 1521 372 1576 luve
413 1523 624 1590 quovis,
677 1531 1093 1575 commemorata
1134 1533 1258 1576 sunt
1309 1539 1337 1577 a
1392 1525 1566 1579 nobis.
1600 1522 1823 1590 Verum,
1862 1533 1921 1578 ut
1948 1539 2090 1591 smpe
2117 1523 2315 1578 dictum
2351 1531 2456 1587 est,
2485 1523 2586 1577 ltoc
2621 1522 2672 1576 in
2711 1535 2816 1590 quo
2880 1521 3147 1574 narrando
3215 1535 3500 1574 versamur

249 1624 495 1681 tempore
525 1613 838 1682 gesaicntetn
874 1611 925 1663 in
964 1611 1252 1664 discrimen
1318 1627 1505 1680 pugnze
1575 1613 1889 1668 decretoriae
1925 1615 2154 1683 Augusti
2199 1605 2568 1666 fortitudinem
2627 1612 2868 1680 ejusdem
2914 1611 3175 1680 sapientia
3205 1612 3495 1673 continuit,

251 1705 581 1773 Cogitatione
641 1720 701 1756 ac
759 1703 1090 1758 conSt-icntia
1146 1704 1382 1770 suspecti
1437 1703 1680 1772 maleque
1733 1705 1820 1757 lidi
1861 1705 2192 1758 comitatus:
2235 1718 2483 1773 quaeres,
2515 1701 2675 1771 longe
2733 1702 2910 1756 minus
2975 1713 3118 1756 metu
3153 1704 3494 1766 insidiarum,

253 1810 416 1864 quam
479 1793 660 1847 dolore
719 1793 786 1846 ob
845 1803 1082 1861 ereptam
1136 1793 1472 1846 occasionem
1541 1794 1829 1864 probandae
1869 1795 2103 1858 virtutis,
2131 1771 2489 1848 discruciabat
2519 1783 2918 1859 ejnsnanintnm.

323 1882 834 1952 Στενοχωρούμενος
857 1878 948 1934 οὖν
969 1884 996 1934 ὁ
1023 1881 1350 1950 Βλῖμοῦντος
1379 1883 1486 1936 ἀπό
1511 1900 1565 1935 τε
1603 1885 1834 1953 ἠπείρου

2014 1883 2233 1938 Interim
2296 1896 2425 1936 vero
2480 1883 2644 1935 miras
2703 1881 2754 1935 in
2815 1882 3092 1951 angnStias
3157 1883 3509 1938 aretabantur

251 1975 351 2029 καὶ
390 1975 704 2043 θαλάττηςο
762 1974 857 2024 καὶ
917 1974 1026 2039 γὰρ
1079 1973 1106 2024 ὁ
1150 1973 1247 2041 μὲν
1307 1973 1664 2044 αὐτοκράτωρ
1719 1971 1832 2027 οἷον

1940 1973 2227 2028 Baimundi
2271 1988 2355 2027 res
2393 1991 2407 2027 :
2439 1973 2524 2028 cui
2571 1988 2743 2041 neque
2791 1987 2819 2025 a
2875 1974 3010 2026 mari
3063 1989 3232 2042 neque
3287 1989 3315 2026 τι
3367 1985 3507 2027 terra

251 2067 454 2136 θεατὴς
491 2067 601 2118 τῶν
635 2066 775 2117 κατὰ
804 2064 902 2134 τὴν
940 2063 1163 2117 πεδιάδα
1190 2065 1284 2118 τοῦ
1327 2064 1628 2136 Ἰλλυρικοῦ
1663 2083 1838 2137 πρατ-

248 2161 499 2228 τομένων
556 2159 819 2227 καθῆστο,
869 2158 974 2209 κάν
1009 2157 1106 2228 ὅλῃ
1142 2157 1287 2226 ψυχῇ
1319 2156 1416 2209 καὶ
1466 2157 1660 2229 γνώμῃ
1693 2176 1835 2227 συμο

252 2254 439 2320 παρῆν
488 2253 599 2312 τοῖς
643 2249 1009 2319 μαχομένοις,
1072 2249 1163 2300 καὶ
1211 2250 1320 2302 τῶν
1367 2249 1550 2301 αὐτῶν
1605 2247 1835 2312 ἐκείνοις

250 2340 500 2410 ἱδρώτων
534 2341 626 2391 καὶ
677 2339 746 2390 πό
781 2356 854 2390 ων
905 2341 1154 2406 μετεῖχεν
1197 2340 1245 2390 εἰ
1281 2341 1352 2406 μή
1395 2357 1497 2390 που
1541 2340 1634 2392 καὶ
1666 2339 1836 2392 πλείω

248 2452 336 2493 τις
375 2431 510 2500 φαίη
538 2470 553 2494 ,
585 2429 848 2498 ἐρεθίζων
899 2429 1034 2499 πρὸς
1072 2431 1247 2500 μάχας
1274 2432 1367 2483 καὶ
1410 2431 1676 2498 πολέμους
1709 2432 1835 2493 τοὺς

249 2544 284 2578 κ
303 2527 403 2574 113i
432 2524 529 2584 τὰς
556 2521 890 2592 ἀκρολοφίας
915 2521 1024 2573 τῶν
1057 2523 1390 2591 κλεισουρῶν
1428 2523 1831 2587 κατατεθέντας

247 2618 351 2682 ἠξέ
363 2612 551 2680 μόνας,
580 2615 669 2663 καὶ
699 2610 1091 2679 ὐπατιθέμενος
1115 2611 1252 2681 ὅπερ
1271 2612 1314 2642 ⁵⁵
1334 2613 1441 2682 χρὴ
1465 2613 1834 2684 προσδὰλλειν

245 2709 363 2766 τοῖς
413 2701 658 2764 Κελτοῖς.
708 2703 766 2754 '0
801 2702 856 2753 δέ
909 2717 971 2767 γε
1031 2704 1311 2772 Μαριανὸς
1361 2704 1456 2756 τοῦ
1516 2706 1832 2774 ἀναμεταξὺ

252 2793 662 2862 Λογγιόαρδίας
707 2795 801 2845 καὶ
853 2793 1153 2862 Ἰλλυρικοῦ
1207 2795 1455 2864 πορθμοῦ
1506 2795 1604 2858 τὰς
1643 2799 1835 2850 κελεύ-

252 2890 376 2947 θους
406 2887 687 2954 ἐπιτηρῶν
715 2887 944 2952 ἀπεῖργε
975 2887 1290 2940 παντάπασι
1317 2889 1442 2950 τοὺς
1464 2889 1674 2942 ἐκεῖθεν
1699 2891 1836 2961 πρὸς

249 2983 345 3031 τὶν
385 2981 680 3047 Ἰλλυρικὸν
743 2979 1156 3048 διαπερῶντας,
1211 2980 1270 3031 οὐ
1309 2981 1658 3049 τριάρμενον,
1712 2983 1834 3036 οὐδὲ

255 3069 592 3138 μυριοφόρον
650 3067 868 3132 ὁλκάδα,
908 3067 1028 3120 οὐδέ
1084 3067 1422 3136 μυοπάρωνα
1471 3067 1712 3120 δὶκωπον
1773 3069 1833 3121 τὸ

254 3165 522 3228 παράπαν
561 3159 856 3230 ξυγχωρυῖιν
893 3161 1025 3229 πρὸς
1053 3159 1144 3211 τὸν
1174 3158 1512 3228 Βαῑμοῦντον
1539 3159 1830 3232 διαπερᾳν.

252 3253 365 3304 Καὶ
425 3251 604 3302 αὐτῶν
663 3229 796 3318 γοῦν
845 3251 953 3302 τῶν
1004 3249 1091 3302 διὰ
1121 3249 1393 3317 θαλάττης
1457 3229 1832 3318 κομιζομένων
1867 3229 1911 3284 Β

251 3343 541 3412 τροφίμων
594 3342 959 3394 ἐκλειπόντων
1019 3341 1202 3409 αὐτῷ,
1241 3341 1334 3392 καὶ
1362 3340 1473 3394 τῶν
1523 3340 1610 3394 διὰ
1659 3343 1830 3412 ξηρᾶς

252 3434 652 3503 ἐπιτιθεμένων
717 3436 815 3486 σὺν
866 3431 1134 3504 ἐμπειρίᾳ
1213 3431 1384 3501 πολλῇ
1445 3433 1536 3485 τὸν
1596 3435 1832 3496 πόλεμον

254 3529 405 3597 ἐώρα
435 3526 820 3596 προϐαίνοντα.
860 3524 1130 3592 ὐπηνίκα
1159 3524 1267 3593 γὰρ
1299 3523 1392 3576 τοῦ
1425 3523 1670 3594 χάρακος
1700 3543 1832 3596 χορ-

250 3619 538 3687 ταγωγὶας
571 3620 731 3688 χάριν
781 3616 929 3687 ἐξῄει
968 3635 1050 3679 τις
1086 3616 1117 3687 ἢ
1163 3617 1257 3670 καί
1295 3634 1459 3670 τινων
1485 3621 1830 3690 συγκομιδῶν

254 3714 458 3778 ἄλλων,
489 3714 558 3783 ’π
611 3713 704 3764 καὶ
757 3714 881 3772 τοὺς
933 3712 1257 3774 ἰππουςιεις
1315 3712 1480 3764 ποτὸν
1519 3712 1834 3784 ἐξήλαυνον,

253 3805 572 3858 ἐπετίθεντο
627 3803 840 3866 τούτοις
891 3805 940 3856 οἱ
998 3803 1260 3873 Ῥωμαῖοι
1300 3805 1552 3868 καὶτοὺς
1583 3807 1838 3868 πνείονας

258 3895 516 3965 ἀνῄρουν,
574 3895 649 3956 ὡς
711 3895 853 3946 κατὰ
917 3895 1109 3964 μικρὸν
1163 3895 1223 3946 τὸ
1280 3895 1446 3948 αὑτοῦ
1497 3895 1836 3948 δαπανᾶσθαι

256 3989 605 4056 στράτευμα·
641 3985 969 4047 ἀποστείλας
1026 3990 1162 4054 πρὸς
1196 3985 1286 4038 τον
1329 3984 1498 4038 δοῦκα
1529 3987 1836 4059 Δυρραχίου

265 4080 512 4143 ’Ἀλέξων
539 4081 605 4132 τὰ
643 4079 774 4150 περὶ
808 4079 1033 4148 εἰρήνης
1060 4077 1170 4146 (80)
1195 4079 1478 4148 ἐπερωτᾷ.

1937 2068 2232 2136 quidquam
2264 2066 2375 2134 jam
2413 2066 2622 2130 auxilii,
2652 2082 2712 2116 ac
2743 2081 2813 2120 ne
2843 2064 3025 2135 effngii
3056 2066 3272 2135 quidem
3312 2067 3507 2120 factum

1939 2169 2059 2212 erat
2095 2158 2380 2226 reliqutnn.
2418 2155 2550 2211 llinc
2599 2159 2894 2226 imperator
2923 2159 3129 2222 aderat,
3177 2157 3372 2212 sedens
3423 2158 3510 2210 ille

1935 2251 2152 2319 quidem
2185 2250 2339 2318 quasi
2377 2259 2657 2317 spectator
2688 2250 2740 2302 in
2768 2251 2944 2303 media
2996 2248 3190 2320 Illyrici
3250 2250 3509 2318 planitief;

1935 2343 2029 2396 sed
2067 2341 2118 2394 itt
2149 2356 2368 2394 suorum
2402 2342 2636 2410 nudique
2667 2357 2764 2410 per
2790 2343 3080 2394 circuitum
3128 2357 3191 2395 ex
3236 2342 3365 2395 tntis
3420 2356 3511 2393 ar-

1935 2431 2086 2486 cibus
2108 2431 2322 2486 assidue
2353 2431 2538 2486 Gallos
2569 2431 2962 2485 incursantium
3012 2431 3208 2486 animis
3256 2441 3308 2485 et
3347 2444 3512 2484 cona-

1936 2523 2102 2584 tibns,
2133 2522 2477 2576 anetoritatis
2511 2522 2560 2574 vi
2594 2522 2824 2590 quadam
2859 2522 2964 2574 late
3021 2521 3159 2586 fusa,
3197 2523 3410 2575 cunctis
3442 2536 3509 2575 ex

1942 2613 2186 2682 partibus
2223 2628 2337 2667 rem
2375 2628 2514 2666 unus
2555 2627 2768 2682 gerens.
2815 2613 2966 2665 Adeo
3007 2626 3280 2678 nunquam
3324 2613 3512 2664 remit-

1939 2713 2057 2757 tens
2087 2703 2383 2768 contentio,
2415 2718 2689 2772 nunquam
2729 2703 3032 2756 connivens
3065 2701 3242 2772 vigilia
3276 2702 3511 2770 impera-

1938 2799 2090 2852 toria:
2146 2797 2523 2868 providentia},
2574 2797 2626 2851 in
2672 2795 2972 2855 mittendis,
3028 2792 3366 2857 revocandis,
3419 2791 3514 2843 ad-

1937 2892 2259 2957 hortandis,
2314 2889 2668 2947 admonendis
2721 2887 2987 2950 ducibus,
3047 2884 3346 2947 militibus,
3413 2883 3507 2952 qni

1936 2986 2165 3040 vertices
2194 2986 2482 3049 montium,
2521 2982 2614 3051 qui
2647 2981 2817 3036 valles
2858 2987 3139 3048 angustas,
3186 2977 3278 3046 qui
3313 2987 3510 3031 cetera

1935 3094 2030 3148 per
2058 3077 2346 3132 circuitum
2381 3075 2638 3144 disposita
2671 3073 2918 3142 praesidia
2949 3071 3228 3132 tenebant,
3260 3069 3500 3132 labores,

1937 3175 2182 3237 sudores,
2216 3180 2444 3247 conatus
2475 3169 2810 3240 singulorum
2861 3175 3026 3234 atque
3061 3164 3301 3219 omnium
3341 3161 3512 3229 impe-

1941 3264 2136 3317 ratoris
2191 3263 2438 3333 proprios
2501 3262 2667 3330 ipsius
2710 3258 3005 3314 faciebant.
3062 3255 3240 3309 Nihilo
3289 3251 3513 3322 segnius

1939 3355 2236 3407 cural-atnr
2273 3353 2545 3406 maritima
2595 3366 2704 3404 res.
2760 3349 3070 3403 Excubabat
3107 3347 3175 3400 ab
3223 3347 3322 3399 hac
3359 3351 3516 3411 parte

1940 3443 2169 3496 Mariani
2201 3445 2352 3496 ducis
2388 3442 2639 3496 acerrimi
2695 3442 2956 3494 adversus
2991 3447 3133 3491 artes
3175 3435 3382 3502 pariter
3425 3447 3518 3484 co-

1939 3546 2202 3604 natusque
2237 3549 2426 3588 omncs
2455 3532 2884 3600 impenetrabilis
2921 3529 3205 3592 custodia;
3237 3527 3309 3578 ita
3332 3533 3516 3591 partes

1938 3626 2209 3695 callesque
2252 3624 2370 3679 freti
2405 3625 2547 3692 quod
2583 3623 2788 3676 Italiam
2819 3630 2872 3674 et
2919 3618 3185 3690 Illyricum
3235 3613 3517 3682 interiacet

1943 3720 2222 3772 universas
2243 3717 2550 3784 obsepiens,
2580 3724 2637 3768 ιιι
2661 3729 2765 3766 non
2799 3710 3022 3766 firmiori
3056 3709 3212 3763 trinis
3235 3707 3513 3760 instructa:

1942 3811 2076 3864 velis
2104 3810 2225 3863 navi
2255 3809 2494 3873 Gallicae,
2549 3825 2652 3862 non
2706 3805 2993 3866 onerariae,
3043 3817 3148 3856 non
3198 3795 3516 3869 myoparoni

1946 3917 2218 3955 remorum
2249 3902 2408 3954 dnmn
2443 3899 2694 3967 trajicere
2740 3897 2860 3950 illac
2900 3896 2964 3949 ad
3010 3901 3189 3949 castra
3229 3886 3514 3942 Baimundi

1941 3990 2051 4044 ullo
2083 3991 2242 4044 modo
2279 3989 2488 4044 liceret.
2520 3985 2730 4040 Arctari
2766 3999 2895 4055 ergo
2927 3985 2979 4038 in
3015 3983 3132 4038 dies
3157 3996 3390 4044 annona,
3423 3978 3516 4030 tle-

1940 4083 2155 4137 ficiente
2187 4089 2431 4137 comeatn
2459 4081 2748 4144 maritimo,
2781 4094 2810 4130 a
2835 4090 2976 4132 terra
3007 4084 3136 4130 vero
3162 4076 3271 4146 jam
3305 4075 3377 4128 ita
3412 4090 3516 4130 nn-

258 4175 427 4240 .qune
460 4173 732 4226 admoveri
762 4171 1098 4242 oppugnatio
1135 4173 1334 4224 dudum
1366 4171 1604 4226 obsessis
1645 4173 1839 4229 castris
1874 4173 2119 4238 Gallicis,
2158 4183 2217 4230 nt
2250 4173 2333 4227 vel
2373 4173 2642 4227 tantillum
2708 4169 2972 4240 prodiisse
3017 4167 3156 4221 vallo
3223 4153 3513 4236 pabulandi

259 4268 671 4337 causaimpnne
701 4285 804 4321 non
846 4277 1008 4332 esset,
1044 4267 1302 4320 Romanis
1327 4277 1434 4321 tam
1517 4269 1738 4324 assidue
1802 4271 2233 4338 imminentibus,
2299 4267 2464 4339 399
2507 4276 2656 4322 tanta
2687 4278 2804 4322 arte
2855 4266 3177 4332 rationeque
3228 4275 3369 4314 -rem
3416 4272 3511 4328 ge.

261 4361 528 4424 rentibus,
561 4371 616 4415 ιιι
649 4373 699 4416 et
724 4377 939 4429 semper
970 4362 1066 4428 ipsi
1105 4361 1298 4416 subitis
1331 4363 1662 4427 incursibus,
1689 4366 2029 4434 tempestivis
2100 4362 2430 4432 receptibtts,
2506 4355 2624 4417 sine
2685 4376 2785 4416 suo
2833 4357 3072 4428 periculo
3108 4363 3392 4419 nocerent;
3459 4359 3515 4405 et

259 4452 429 4507 Gallis
464 4452 662 4506 nullam
697 4453 1034 4506 occasionem
1080 4453 1394 4506 exercendae
1463 4452 1696 4513 virtutis.
1783 4454 1985 4508 nuliam
2050 4469 2199 4524 spem
2233 4452 2525 4507 evadendas
2564 4450 2891 4505 calamitatis
2921 4449 3185 4517 reliquam
3253 4443 3514 4497 facerent-

259 4547 360 4611 ριιὶ
387 4545 431 4599 si
459 4544 538 4598 vel
565 4546 628 4597 ad
662 4557 841 4614 potum
869 4561 1036 4613 equos
1059 4546 1292 4598 educere
1358 4545 1621 4598 auderent
1688 4546 1904 4612 castris,
1947 4546 2216 4601 Romanos
2269 4560 2300 4600 e
2357 4544 2626 4614 praesidiis
2656 4536 2920 4612 proximis
2954 4541 3096 4595 haud
3128 4537 3288 4592 dubie
3331 4535 3516 4588 incnr-

261 4647 448 4689 santes
481 4637 847 4703 patiebantur,
884 4637 1231 4690 creberrimis
1259 4651 1520 4705 equorum
1551 4637 1902 4706 virorumque
1969 4639 2376 4708 captivitatibus
2438 4649 2533 4691 attt
2613 4637 2870 4691 caedibus.
2922 4634 3105 4688 Sensit
3184 4627 3514 4684 Baimtmdtts

259 4725 661 4779 ineluctabiletn
699 4727 804 4778 vim
838 4727 983 4789 ntali,
1012 4729 1272 4796 earpique
1323 4728 1524 4781 sensim
1563 4743 1627 4782 ac
1676 4729 2062 4797 colliqnescere
2091 4731 2302 4783 iteratis
2365 4729 2418 4782 in
2448 4729 2609 4782 horas
2665 4726 2879 4780 damnis
2936 4724 3238 4776 exercitum
3297 4718 3512 4776 videns.

260 4836 288 4870 a
316 4825 324 4868 I
358 4829 660 4872 extreimim
687 4834 752 4873 eo
784 4820 1022 4888 confugit
1055 4830 1114 4874 ut
1180 4820 1360 4874 missis
1420 4821 1486 4874 ad
1546 4820 1790 4874 Alexinm
1837 4823 2024 4875 ducem
2098 4821 2418 4892 Dyrrhachii
2447 4821 2657 4890 legatis,
2693 4818 3024 4871 memionem
3058 4815 3207 4884 pacis
3252 4813 3400 4883 prior
3431 4811 3516 4865 in-

265 4915 450 4963 Intret.

345 5007 500 5058 Ἐπεὶ
539 5007 594 5059 δὲ
624 5008 714 5060 καὶ
738 5001 817 5070 εἷς
849 5025 932 5069 τις
964 5008 1191 5077 εὐγενὴς
1219 5007 1328 5059 τῶν
1361 5007 1453 5060 τοῦ
1486 5008 1832 5079 Βαῖμούντου

2013 5005 2125 5058 5ι1ι
2178 5003 2228 5054 id
2285 5013 2493 5071 tcn'pus
2545 5001 2842 5056 Gulielmus
2895 4999 3154 5063 L‘laretas,
3207 4992 3513 5066 praenobilis

265 5094 521 5159 κομὴτων
549 5094 832 5166 Γελίελμος
865 5099 892 5148 ό
931 5097 1210 5168 Κλαρέλης
1257 5097 1370 5166 (8|)
1413 5099 1559 5168 ἐώρα
1596 5099 1655 5150 τὸ
1683 5099 1830 5151 anum

1947 5099 2086 5151 inter
2121 5095 2298 5149 Gallos
2334 5097 2562 5148 comites
2593 5093 2682 5162 qni
2712 5108 2832 5146 cum
2865 5090 3156 5144 Baimundo
3188 5087 3512 5146 militabant,

1330 5209 1524 5270 Vario:
1558 5208 1858 5272 lectiones
1892 5226 1966 5270 ex
2007 5207 2145 5270 eod.
2184 5203 2451 5266 Coislin.

333 5307 379 5341 λδ
397 5309 566 5370 ὅπως.

1334 5421 1472 5482 Car.
1509 5419 1835 5479 Dufresnii
1887 5421 1979 5480 Du
2018 5418 2231 5495 Cangii
2267 5428 2454 5480 notae.

1955 5548 2141 5600 Initum
2193 5545 2486 5600 Buetnnndi
2523 5544 2584 5594 ad
2615 5541 2860 5595 Alexium
2918 5537 3212 5593 defectione
3263 5533 3514 5586 Albertns

1953 5621 2030 5676 Λιι
2095 5619 2180 5670 lib.
2221 5634 2272 5676 tt,
2307 5633 2428 5682 cap.
2459 5614 2526 5666 45
2544 5624 2594 5666 et
2622 5613 2730 5678 44;
2761 5621 2814 5666 et
2848 5611 3132 5682 Qtjdcricus
3170 5606 3301 5682 loco
3323 5604 3509 5682 citato.

1955 5670 2114 5740 Addit
2171 5670 2423 5740 Alliertt'ts
2469 5670 2798 5737 lelcltnt'tm
2851 5677 3049 5740 Claret,
3095 5675 3182 5743 qui
3235 5670 3514 5742 Κλαρέλας

337 5553 448 5619 (ειη)
499 5551 573 5607 Τὰ
629 5551 759 5619 περὶ
813 5550 1072 5618 εἰρήνης.
1125 5549 1432 5609 Ordcrictts,
1486 5547 1578 5619 liii.
1623 5563 1682 5619 ιι,
1721 5561 1842 5615 pag.

261 5617 394 5689 bat;
433 5626 493 5676 Al
523 5616 868 5688 artus-Actu.
892 5623 982 5672 lib.
1013 5638 1062 5676 ιι.
1101 5636 1216 5685 Cap.
1249 5619 1339 5682 41,
1372 5619 1458 5676 42.
1494 5617 1582 5689 45,
1613 5616 1700 5668 44.

333 5688 446 5764 t8!)
484 5693 810 5760 I‘sJilewq
842 5691 874 5744 ὀ
908 5690 1230 5757 Κλαίέλας.
1292 5692 1468 5757 Agunt
1525 5688 1588 5740 de
1627 5689 1724 5742 liae
1752 5701 1841 5739 co-
