3998 6206
248 308 341 370 907

1439 302 1853 365 ALEXIADIS
1892 304 2038 364 LIB.
2081 305 2256 366 Xlll.

3397 304 3502 370 998

237 420 395 473 αὑτὸν
419 414 516 469 τοῦ
542 412 884 483 Βαῖμοὼτου
934 410 1354 481 ἀπαγγέλλοντα
1391 410 1628 467 ἔλευσιν.
1664 414 1821 467 Ἐπεὶ

1932 417 2078 468 ruina
2108 415 2371 486 praecipiti
2410 415 2475 470 ad
2507 423 2718 471 certum
2752 415 2978 471 exitium
3007 416 3196 472 velint.
3237 417 3316 471 Ad
3372 418 3510 489 Dyr-

236 513 290 565 δὲ
317 508 487 579 ἀγχοῦ
527 508 624 577 τῆς
648 506 935 577 βασιλικῆς
961 505 1206 574 ἐγεγόνει
1233 507 1439 576 σκηνῆς
1462 505 1820 575 παρεσκεύα-

241 621 328 657 στο
358 606 455 656 καὶ
497 601 567 655 τὰ
607 600 705 669 τῆς
756 597 922 653 αὐτοῦ
952 598 1216 667 ὑπαντῆς,
1233 594 1419 660 καθὼς
1464 598 1516 649 οἱ
1563 597 1823 666 πρέσϐεις

238 696 410 767 τούτῳ
464 693 773 747 συνέθεντο.
816 689 1169 753 Εἰσελθόντος
1210 688 1268 742 ὁὶ
1317 688 1532 756 τούτου,
1566 689 1824 752 ἐκτείνας

241 790 336 861 τὴν
386 790 547 859 χεῖρα
581 788 609 838 ὁ
646 784 900 851 βασιλεὺς
948 782 1046 835 καὶ
1109 782 1211 851 τῆς
1259 782 1475 835 ἐκείνου
1541 782 1828 853 ἁψάμενος

242 878 440 948 χειρδς,
476 878 567 930 καὶ
590 877 689 936 τὴν
741 874 949 944 συνήθη
983 874 1099 936 τοῖς
1133 872 1418 943 βασιλεῦσι
1449 875 1828 942 προσαγόρευ-

244 993 326 1028 σιν
356 974 748 1044 ποιησάμενος,
798 970 964 1038 ἐγγὺς
995 969 1089 1023 τοῦ
1115 967 1402 1039 βασιλικοῦ
1436 970 1827 1040 παρεστήσατο

243 1066 269 1118 0
277 1066 431 1135 ρόνου
441 1106 454 1119 .

1928 508 2279 564 rharhienses
2309 524 2440 580 ergo
2471 508 2869 579 Euphorbenus
2898 511 3087 565 adiens
3127 514 3378 565 mandata
3429 515 3510 566 eis

1926 614 2046 669 quae
2072 600 2139 654 ad
2172 601 2319 670 ipsos
2356 601 2592 657 habebat
2613 602 2959 672 imperatoris
2989 602 3273 667 exposuit;
3310 604 3510 657 audere

1927 692 2074 761 ipsos
2106 692 2173 747 de
2205 704 2402 748 caetero
2435 709 2501 749 ac
2528 694 2733 762 optimo
2773 695 2955 748 animo
3000 709 3121 749 esse
3169 695 3384 763 iubens.
3418 694 3508 748 lu-

1927 786 2225 855 terrogavit
2282 787 2476 842 deinde
2534 788 2774 841 vicissim
2832 804 2938 856 quo
2992 804 3079 842 res
3148 804 3336 841 eorum
3395 788 3512 842 lmo

1934 888 2155 943 essent;
2192 889 2247 933 et
2283 888 2344 934 ut
2373 892 2520 936 recte
2551 881 2751 935 habere
2779 884 2959 935 omnia
2988 883 3268 950 comperit,
3299 897 3514 934 summo

1933 972 2164 1026 consilio
2238 973 2584 1042 maximaque
2648 976 2981 1041 providentia
3046 984 3159 1030 toto
3218 976 3513 1029 obsidionis

1934 1071 2176 1132 tempore
2209 1064 2640 1119 administratam
2678 1066 2819 1133 apud
2853 1066 2973 1121 illos
3026 1067 3195 1121 fuisse
3231 1065 3505 1136 publicam

239 1174 373 1223 rem,
410 1160 686 1213 abundare
715 1159 891 1212 adhuc
920 1156 1049 1225 ipsis
1074 1155 1142 1209 ad
1180 1155 1377 1208 victum
1453 1169 1518 1208 ac
1589 1152 1709 1207 belli
1739 1168 1893 1206 usum
1937 1168 2060 1222 quae
2128 1168 2266 1223 opus
2316 1165 2534 1221 essent,
2589 1168 3045 1227 contemnereque
3112 1162 3329 1215 eosdem
3376 1167 3516 1214 nunc

244 1252 477 1304 maxime
523 1265 585 1304 ac
634 1249 792 1318 plane
844 1248 994 1301 nihili
1049 1246 1250 1301 ducere
1311 1245 1590 1299 machinas
1631 1258 1821 1297 omnes
1861 1255 2199 1313 conatusque
2264 1245 2575 1313 Baimundi,
2617 1265 2738 1303 cum
2776 1250 2861 1305 his
2892 1250 2957 1304 ad
3012 1251 3369 1306 Baimundum
3428 1267 3515 1305 re-

239 1343 333 1395 diit
383 1344 475 1411 qui
521 1343 633 1413 jam
680 1342 1025 1397 connuodum
1075 1355 1170 1397 sua
1226 1348 1407 1394 castra
1463 1338 1814 1393 transtulerat
1853 1353 1977 1392 eum
2009 1338 2062 1390 in
2098 1338 2270 1394 locum
2301 1342 2367 1394 de
2402 1358 2508 1410 quo
2541 1342 2717 1396 fuerat
2750 1344 2898 1412 prius
2977 1359 3098 1398 eum
3142 1345 3290 1399 inter
3377 1344 3520 1412 lega-

240 1440 430 1500 tosque
464 1441 810 1489 cooventum.
847 1432 981 1487 Huic
1013 1448 1071 1487 se
1111 1431 1417 1501 adiungens
1456 1430 1854 1499 Euphorhenus
1896 1430 2001 1483 iter
2066 1432 2303 1501 capessit
2353 1433 2420 1486 ad
2469 1434 2815 1503 imperatoris
2885 1445 3084 1499 castra,

240 1525 403 1578 oOCiiS
456 1526 589 1591 suis,
632 1526 781 1593 prius
844 1524 1055 1594 legatis,

3172 1435 3342 1489 tribus
3398 1434 3518 1494 aliis

1149 1539 1292 1578 nunc
1375 1522 1679 1584 obsidibus,
1736 1530 1893 1589 prout
1933 1532 2049 1575 erat
2073 1523 2453 1589 constitutum,
2484 1527 2534 1579 in
2589 1524 2709 1580 Gidi
2759 1536 3024 1596 potestate
3075 1527 3299 1581 relictis.
3350 1525 3521 1579 Porro

241 1618 356 1687 ipse
400 1619 511 1685 jam
592 1632 822 1688 pergens
879 1616 1144 1687 praemisit
1194 1617 1258 1670 ad
1320 1615 1620 1683 Augustum
1659 1627 1690 1668 e
1742 1612 1825 1664 via
1866 1611 2167 1668 Manuelem
2200 1614 2486 1671 Modcnum
2515 1617 2790 1670 hominem
2818 1619 2920 1673 sibi
2994 1618 3313 1671 fidissimum
3385 1632 3522 1670 nun-

244 1712 373 1765 tium
403 1712 671 1767 adventus
727 1709 1051 1775 Baimundi;

1136 1708 1226 1778 qui
1282 1706 1370 1761 ubi
1425 1710 1495 1760 ad
1540 1714 1748 1759 certum
1830 1704 1899 1759 ab
1940 1706 2220 1775 Augustali
2293 1709 2527 1777 spatium
2586 1720 2872 1779 provectus
2930 1714 3106 1764 eundo
3164 1721 3266 1775 est,
3331 1708 3519 1770 obvios

242 1804 595 1874 habuitjuxta
628 1813 782 1873 pacta
817 1813 1081 1857 conventa
1107 1802 1404 1856 familiares
1485 1799 1852 1869 imperatoris.

1937 1797 2139 1855 Deinde
2206 1799 2540 1858 Baimundus
2615 1804 2939 1869 admittitur,
2997 1805 3238 1875 Augusto
3296 1814 3517 1858 extensa

244 1917 403 1954 inanu
478 1915 574 1954 sua
624 1913 840 1952 manum
888 1897 1006 1967 ejus
1052 1897 1437 1967 prehendente,
1503 1897 1673 1966 iisque
1727 1910 1848 1947 eum
1912 1895 2093 1950 verbis
2149 1910 2212 1951 ac
2268 1898 2425 1952 modo
2460 1898 2729 1955 salutante
2764 1916 2870 1969 quo
2913 1901 3267 1969 imperatores
3321 1903 3498 1958 solent

244 2007 363 2047 mox
401 1991 562 2044 etiam
593 1990 856 2044 invitante
878 1999 936 2043 ut
973 2003 1141 2060 prope
1176 1989 1584 2059 imperatorium
1616 1993 1822 2042 astaret
1865 1985 2084 2039 solium.

311 2079 419 2135 Ἦν
473 2082 528 2135 δὲ
558 2080 800 2144 τοιοῦτος
833 2082 860 2133 ὁ
892 2079 1034 2150 ἀνὴρ
1084 2074 1222 2143 οἶος,
1263 2079 1338 2141 ὡς
1381 2078 1574 2149 βραχεῖ
1607 2076 1707 2147 μὲν
1741 2076 1822 2143 ει-

2000 2075 2051 2129 ls
2080 2078 2163 2131 vir
2192 2078 2300 2144 cui,
2331 2088 2387 2131 ut
2439 2079 2605 2135 multa
2647 2080 2832 2150 paucis
2877 2094 3125 2147 conligam
3149 2122 3162 2144 ,
3200 2081 3403 2134 nullum
3455 2092 3520 2136 ea

244 2179 385 2237 πεῖν,
412 2175 588 2238 οὐδεὶς
617 2174 737 2227 κατ’
764 2175 971 2225 ἐκεῖνον
1004 2170 1159 2240 ὤφθη
1193 2172 1250 2222 ὲν
1282 2173 1348 2241 τῇ
1385 2170 1495 2221 τῶν
1534 2167 1823 2236 Ῥωμαίων

242 2270 337 2337 γῇ,
398 2266 522 2320 οὔτε
586 2264 862 2334 βάρϐαρος
922 2262 1318 2330 061:3"Eiti.nv'
1372 2260 1583 2330 θάμϐος
1622 2259 1733 2330 γὰρ
1760 2254 1827 2328 ἦν

240 2358 534 2427 ὀφθαλμῶν
552 2354 822 2425 ὁρώμενος
844 2354 937 2406 καὶ
957 2371 1029 2423 φη
1040 2354 1350 2422 μιξάμενος,
1369 2351 1629 2421 ἔκπληξις
1654 2368 1827 2404 κατα-

244 2453 411 2519 μέρος
462 2449 518 2500 δὲ
566 2444 879 2515 ὑπογράψαι
908 2446 969 2498 τὸ
998 2444 1095 2498 τοῦ
1131 2444 1412 2514 βαρϐάρου
1440 2441 1600 2505 εἶδος.
1647 2441 1829 2496 Τοιόσ-

236 2541 296 2593 δε
372 2538 582 2608 μακρὸς
616 2533 684 2607 ἦν
714 2539 813 2606 τὴν
875 2536 1187 2607 ἀναδρομὴν
1241 2535 1337 2588 τοῦ
1395 2533 1652 2604 σώματος
1685 2534 1827 2588 ὥστε

243 2633 326 2694 εἰς
360 2632 540 2700 πῆχυν
572 2630 666 2681 ἕνα
710 2629 909 2699 μικροῦ
943 2628 1067 2691 τοὺς
1112 2627 1490 2697 μακροτάτους
1525 2626 1829 2696 ὑπερελαύ·

243 2740 380 2787 νειν,
409 2721 510 2791 τὴν
542 2721 786 2789 γαστέρα
822 2719 1267 2789 συνεσταλμένος
1310 2721 1404 2773 καὶ
1432 2721 1560 2783 τοὺς
1588 2720 1636 2752 ⁸⁸
1660 2718 1825 2787 λαγό-

249 2833 366 2876 νας,
410 2812 501 2865 καὶ
537 2814 660 2873 τοὺς
692 2810 877 2881 ὤμους
904 2811 1070 2881 εὐρύς
1107 2826 1120 2840 ⁵
1152 2812 1246 2864 καὶ
1267 2811 1338 2863 τὰ
1367 2812 1569 2881 στέρνα
1620 2811 1829 2866 πλατὺς

249 2906 343 2958 καὶ
374 2908 501 2968 τοὺς
534 2904 830 2974 βραχίονας
850 2903 1144 2973 κρατερός·
1183 2904 1278 2956 καὶ
1309 2903 1409 2972 τὴν
1436 2902 1563 2972 ὅλην
1588 2902 1702 2969 ἕξιν
1731 2901 1827 2955 τοῦ

247 2998 499 3066 σώματος
531 2993 657 3048 οὔτε
685 2994 1152 3064 περιεπτισμένος
1170 2995 1238 3058 ⁵⁵,
1268 2993 1393 3047 οὔτε
1436 2994 1829 3065 νιτεριϐριθὸμιε.⁴

247 3107 336 3151 νος
363 3090 483 3152 ταῖς
517 3087 710 3153 σαρξὶν
727 3087 793 3150 ⁸⁸,
832 3086 948 3139 ἀλλ’
970 3086 1047 3149 ὡς
1084 3088 1285 3157 ἄριστα
1313 3088 1683 3158 κεκραμένος,
1731 3085 1829 3139 καὶ

244 3177 357 3234 οἷον
383 3181 560 3233 εἰπεῖν
589 3179 731 3231 κατὰ
759 3178 851 3230 τὸν
880 3177 1290 3231 Πολυκλειτειον
1360 3178 1562 3231 κανόνα
1591 3179 1827 3246 ἐνηρμο-

248 3278 448 3342 σμένος
485 3291 499 3306 ·
529 3276 629 3338 τὰς
652 3276 842 3344 χεῖρας
871 3272 1029 3343 ἁδρὸς
1058 3271 1284 3325 καὶτῶν
1310 3270 1488 3325 ποδῶν
1515 3271 1613 3333 τὰς
1642 3269 1829 3340 βάσεις

251 3369 505 3440 στερῤόςο
532 3367 624 3420 καὶ
647 3367 740 3419 τὸν
758 3365 961 3435 αὐχένα
988 3364 1079 3418 καὶ
1104 3364 1174 3418 τὰ
1207 3365 1522 3433 μετάφρενα
1552 3362 1824 3430 εὐπαγὴς.

1930 2175 2254 2239 tempestate
2312 2186 2487 2238 neque
2529 2173 3004 2241 Gnecum‘neque
3060 2171 3355 2225 Barbarum
3411 2174 3519 2227 Ro-

1928 2274 2085 2315 mana
2116 2272 2256 2317 terra
2288 2279 2471 2330 parem
2495 2265 2660 2320 vidit:
2688 2263 2841 2331 cuius
2911 2263 3068 2318 fama:
3126 2263 3323 2332 iungenti
3351 2303 3368 2329 ,
3411 2280 3515 2332 qua

1938 2353 2047 2407 late
2091 2354 2282 2423 procul
2337 2356 2666 2424 percellebat
2719 2357 2972 2421 animos,
3007 2357 3215 2424 Species
3240 2360 3518 2426 praesentis

1929 2443 2266 2498 admirabilis
2332 2446 2547 2514 rapiens
2571 2459 2752 2499 coram
2783 2446 2967 2501 oculos
2996 2453 3183 2500 exacte
3214 2448 3519 2514 responde-

1930 2537 2041 2600 bat,
2072 2534 2238 2608 404
2269 2536 2392 2592 talis
2419 2536 2534 2594 fere
2576 2547 2796 2607 aspectu
2830 2553 2893 2593 ac
2946 2538 3121 2593 forma
3175 2539 3298 2593 fuit.
3337 2539 3518 2607 Longo

1931 2628 2186 2695 surgebat
2212 2642 2447 2685 excursu
2472 2639 2679 2685 statura
2709 2631 2953 2701 corporis
2975 2673 2989 2694 ,
3028 2632 3163 2686 adeo
3209 2641 3267 2686 ut
3320 2646 3516 2703 proce-

1932 2719 2178 2775 rlssimos
2211 2736 2454 2791 quosque
2484 2740 2594 2779 uno
2620 2723 2793 2780 ferme
2816 2725 2976 2779 altior
3007 2726 3189 2779 cubito
3232 2734 3519 2781 trans-cem

1931 2810 2105 2867 deret.
2152 2812 2408 2868 Ventrem
2437 2824 2491 2869 et
2535 2816 2626 2870 ilia
2664 2815 2993 2870 contractior
3018 2857 3031 2882 ,
3068 2817 3207 2870 latus
3240 2818 3519 2883 humeros,

1933 2905 2172 2974 Spatioso
2194 2917 2248 2960 et
2279 2916 2559 2976 coaequato
2588 2917 2825 2978 pectore,
2856 2910 3072 2964 lacertis
3124 2920 3365 2975 torosns;
3407 2918 3516 2963 tota

1931 2996 2176 3063 corporis
2224 2996 2539 3051 habitudine
2561 3012 2664 3052 nec
2695 2999 2957 3067 strigosa,
2993 3014 3090 3053 nec
3114 3011 3338 3070 gravata
3370 2978 3519 3055 lium

1931 3085 2195 3151 carnium,
2230 3088 2322 3141 sed
2355 3088 2559 3157 optimo
2622 3089 2764 3142 inter
2801 3089 3123 3144 obesitatem
3185 3099 3237 3144 et
3286 3094 3515 3147 maciem

1933 3185 2381 3246 temperamento,
2412 3177 2559 3244 velut
2607 3176 2861 3250 Polycleti
2914 3192 3076 3233 manu
3122 3180 3401 3249 cujusdam
3451 3198 3518 3238 ex

1932 3265 2049 3321 idea
2092 3266 2597 3335 praecellentissima:
2625 3268 2758 3321 artis
2796 3268 2953 3322 fictus
2997 3279 3159 3340 atque
3216 3278 3510 3327 minatus:

1934 3359 2253 3427 maiusculis
2279 3369 2332 3412 et
2357 3374 2521 3413 succo
2554 3360 2732 3414 vivido
2786 3361 2975 3414 solidis
3023 3363 3310 3427 manibus;
3372 3371 3519 3419 recte

759 3417 1109 3527 μετρίωςτῷ
1159 3417 1404 3524 ἀκριὸιῖλς
1431 3454 1596 3529 αὑτὸν
1653 3417 1820 3524 πέρζ-

1936 3450 2174 3505 fundatis
2203 3451 2430 3519 pedibus
2454 3462 2506 3504 et
2541 3452 2759 3506 robuste
2786 3454 3077 3520 vestigium
3110 3454 3516 3520 obtinentibus;

248 3550 607 3621 εργαζομένῳ
654 3549 910 3616 ἐφαίνετο
934 3563 948 3576 ·
977 3546 1038 3599 οὐ
1070 3546 1179 3598 τῶν
1210 3534 1478 3598 νωτιαίων
1512 3544 1830 3597 σπονδύλων

244 3659 298 3694 τι
332 3640 683 3695 πεπονθότων
727 3639 826 3709 τῆς
892 3637 1125 3708 ῥάχεως,
1152 3634 1266 3690 ἀλλ’
1300 3635 1444 3690 οὕτω
1503 3634 1740 3706 μετρίως
1767 3636 1830 3687 ὲκ

245 3734 497 3802 γενετῆς,
527 3732 601 3794 ὼς
636 3731 802 3796 ἔοικε,
837 3728 933 3797 τὴν
954 3728 1245 3782 διάπλασιν
1270 3730 1497 3799 ἔσχηκε.
1528 3729 1601 3780 Τὸ
1631 3728 1832 3798 χρῶμα

247 3830 345 3881 καὶ
396 3827 457 3878 τὸ
487 3825 615 3878 ἄλλο
666 3824 763 3892 μὲν
795 3822 954 3892 σῶμα
980 3823 1327 3886 λευκότατον,
1352 3821 1415 3873 τὸ
1448 3820 1504 3872 δὲ
1531 3821 1830 3890 πρόσωπον

250 3916 392 3986 μετὰ
431 3916 526 3969 τοῦ
582 3912 781 3965 λευκοῦ
802 3911 1128 3982 ἑπυρσοῦτο,
1150 3914 1243 3962 καὶ
1276 3911 1308 3981 ὴ
1332 3910 1479 3979 κόμη
1507 3907 1830 3973 ὑπόξανθος,

246 4008 362 4061 ἀλλ’
391 4004 661 4075 οὐμενοῦν
725 4004 888 4074 μέχρι
921 4002 1032 4054 τῶν
1058 4001 1437 4071 μεταφρὲνων
1476 3999 1831 4070 αἰωρουμένη

248 4099 395 4152 κατὰ
443 4099 573 4161 τοὺς
629 4096 825 4157 ἄλλους
890 4094 1239 4163 Βαρϐάρους⁸
1298 4092 1358 4145 οὑ
1389 4091 1501 4162 γὰρ
1537 4091 1834 4163 ἐτριχομὰ-

251 4211 332 4247 νει
366 4191 481 4261 (87)
509 4193 536 4242 ὁ
560 4189 720 4259 ἀνὴρ,
753 4186 888 4241 ἀλλὰ
944 4185 1174 4257 κουρίας
1194 4180 1262 4254 ἦν
1312 4185 1472 4255 μέχρι
1509 4184 1618 4236 τῶν
1652 4184 1830 4239 ὢτων.

252 4286 327 4339 Τὸ
353 4285 411 4337 δὲ
435 4286 645 4351 γένειον
670 4282 776 4334 εἴτε
805 4279 1013 4350 πυρσὸν
1052 4280 1161 4332 εἴτε
1192 4278 1323 4332 ἄλλο
1358 4297 1407 4330 τι
1435 4278 1631 4349 χρῶμα
1660 4274 1829 4349 εἶχεν,

245 4380 349 4431 οὐκ
384 4378 494 4447 ἔχω
532 4374 713 4442 λέγειν
746 4391 760 4404 ·
783 4374 811 4426 ὁ
836 4370 995 4441 ξυρὸς
1020 4370 1129 4440 γὰρ
1147 4362 1192 4402 ‘7
1238 4371 1537 4440 ἐπεξῆλθεν
1575 4371 1705 4424 αὐτὸ
1733 4371 1833 4425 καὶ

247 4472 468 4523 τιτάνου
523 4465 721 4527 παντὸς
784 4463 1217 4532 ἀκρισέστερονο
1257 4462 1428 4516 ἐδόκει
1480 4463 1524 4516 δ’
1564 4462 1658 4517 οὖν
1692 4459 1832 4519 εἶναι

249 4565 367 4616 καὶ“
392 4562 550 4614 τοῦτο
613 4558 836 4627 πυρσόν.
891 4553 965 4608 Τὸ
1024 4553 1241 4624 βλέμμα
1291 4554 1529 4621 γλαυκὸν
1577 4557 1673 4608 καὶ
1714 4556 1833 4624 ἅμα

249 4655 428 4726 θυμὸν
453 4656 547 4707 καὶ
584 4648 906 4722 ἐμϐριθειαν
925 4647 1321 4715 ὑποσημαῖνον.
1366 4647 1471 4699 Καὶ
1502 4648 1536 4716 ἡ
1573 4649 1656 4717 ῥὶς
1682 4647 1832 4719 αὐτῷ

1932 3541 2161 3597 cervicis
2198 3557 2585 3611 armorumque
2624 3554 2745 3611 apta
2780 3557 3069 3613 compages
3092 3583 3107 3608 ,
3133 3552 3186 3598 et
3224 3554 3333 3599 tum
3370 3548 3517 3601 succi

1933 3636 2111 3704 plena.
2141 3645 2253 3690 tum
2280 3636 2578 3705 dignitatis.
2616 3635 2820 3691 Trunci
2862 3646 3036 3692 status
3063 3678 3078 3703 ,
3113 3638 3155 3693 si
3188 3639 3308 3707 quis
3338 3648 3519 3694 atten-

1933 3726 2086 3781 deret
2113 3725 2404 3787 curiosius,
2439 3739 2469 3779 e
2501 3724 2806 3779 rectissimo
2853 3724 3100 3779 inclinari
3152 3727 3421 3797 paulisper
3462 3730 3516 3782 in

1931 3833 2162 3889 pronum
2204 3816 2488 3871 videbatur
2522 3832 2536 3869 :
2570 3831 2673 3871 non
2705 3816 2812 3870 ullo
2837 3816 3205 3871 vertebrarum
3235 3830 3327 3871 aut
3350 3821 3517 3889 spina:

1933 3906 2079 3962 dorsi
2110 3907 2268 3969 vitio,
2303 3905 2396 3961 sed
2449 3912 2610 3974 prout
2661 3904 2993 3972 apparebat,
3036 3904 3180 3973 quod
3230 3905 3298 3959 ab
3354 3913 3515 3958 actate

1934 4008 2117 4055 tenera
2154 3998 2415 4053 institutis
2449 3997 2842 4051 moderantium
2892 3995 2945 4049 in
2998 3996 3154 4050 istum
3189 4006 3331 4051 esset
3362 3996 3517 4051 habi-

1934 4100 2047 4145 tum
2074 4089 2141 4143 ad
2177 4089 2446 4159 specimen
2485 4086 2763 4142 modestia:
2794 4085 3081 4141 formatus.
3115 4086 3276 4141 Color
3308 4088 3516 4159 reliquo

1941 4194 2173 4250 corpore
2226 4180 2661 4235 candidissimus.
2706 4176 2893 4233 Facies
2950 4178 3002 4232 in
3055 4178 3214 4234 niveo
3261 4181 3511 4235 rubebat.

1930 4274 2126 4346 Capilli
2166 4272 2416 4340 subﬂavi,
2445 4284 2672 4327 eatenus
2706 4266 2957 4341 promissi
2985 4282 3042 4325 ut
3063 4286 3220 4329 aures
3240 4282 3515 4344 tegerent,

1934 4382 2041 4423 non
2078 4365 2241 4420 etiam
2276 4377 2427 4419 more
2458 4363 2634 4434 gentis
2662 4362 2917 4418 humeros
2969 4360 3318 4433 ﬂagellarent,
3347 4379 3519 4431 neque

1932 4461 2077 4517 enim
2105 4459 2409 4514 insaniebat
2442 4455 2599 4509 istam
2628 4455 2894 4509 insaniam
2945 4468 3117 4508 coma:
3161 4455 3513 4510 studenttum.

1935 4554 2109 4607 Barba
2144 4551 2297 4619 cuius
2325 4549 2519 4604 coloris
2553 4555 2699 4602 esset
2733 4560 2838 4600 non
2876 4560 3095 4615 possum
3130 4547 3309 4599 dicere
3333 4584 3347 4609 ,
3367 4559 3517 4613 gemit

1936 4646 2132 4715 quippe
2159 4659 2223 4698 ac
2254 4651 2495 4695 mentum
2518 4639 2633 4710 ejus
2655 4638 2773 4693 acie
2800 4637 3074 4691 novaculae
3101 4636 3166 4689 ad
3195 4645 3370 4689 cutem
3395 4650 3514 4688 rasa

1319 4763 1517 4825 Varia:
1576 4764 1882 4829 lectiones
1913 4784 1989 4828 ex
2024 4762 2168 4824 cod.
2203 4759 2475 4823 Coislin.

293 4877 342 4909 ιι
372 4874 493 4938 τάς,
569 4872 615 4905 ιε
655 4871 1094 4943 περιεσφγμένος
1112 4867 1256 4938 (sic).
1333 4866 1380 4896 “
1418 4868 1482 4936 τῇ
1516 4867 1698 4936 σαρκί.
1779 4869 1823 4901 ⁸⁷
1854 4866 2014 4937 γοῦν.

1364 4990 1504 5049 Car.
1540 4986 1868 5050 Dufresnii
1894 4990 1993 5049 Du
2023 4981 2248 5059 Cangii
2288 4988 2476 5043 noue.

327 5098 439 5167 (87)
483 5090 898 5167 Ἑτριχοιέάκει,
945 5092 1393 5167 N.._r_n1\l_ormanni
1443 5091 1824 5167 callfl'i,“lllcl

1932 5099 2024 5167 εει.
2075 5087 2467 5167 επιβεάνρεεοτ.
2500 5099 2622 5152 νοεο
2663 5081 2789 5167 ἑδδο
2837 5089 2900 5167 ,ει
2936 5091 3023 5167 εξ
3053 5165 3058 5167 .
3085 5075 3302 5167 “satis
3327 5086 3513 5167 una!

249 5160 472 5231 Franci,
522 5174 654 5216 teste
712 5160 972 5217 0rderiro
1016 5163 1170 5217 Vitali
1195 5164 1288 5216 lib.
1330 5178 1426 5215 vm
1464 5178 1477 5212 ε
1513 5161 1749 5230 Capillos
1792 5179 1823 5214 ιι

248 5240 443 5293 rei-tite
506 5236 560 5287 in
623 5234 842 5295 frontem
894 5232 1352 5296 discriminabam,
1419 5232 1601 5299 longos
1658 5232 1824 5283 crines

245 5310 411 5364 veluti
462 5304 704 5359 mulieres
737 5304 1061 5365 nutriebant,
1110 5314 1157 5355 et
1188 5315 1514 5367 summopere
1546 5302 1826 5353 curabant.

248 5379 400 5434 Idem
437 5394 527 5428 an.
586 5371 723 5428 1092
742 5390 769 5443 A:
811 5370 889 5427 La
926 5384 1157 5443 tempore
1211 5370 1468 5424 militares
1510 5372 1608 5443 viri
1666 5385 1835 5443 mores

248 5462 505 5518 paternos
536 5448 590 5499 in
625 5441 814 5518 vestitu
843 5452 891 5496 et
924 5439 1234 5513 capillorum
1288 5449 1510 5518 tonsura
1541 5439 1833 5518 derelique-

247 5509 401 5580 ruut,
433 5533 563 5585 quos
610 5513 778 5585 paulo
821 5528 938 5579 post
978 5509 1255 5585 (turgentes
1281 5521 1327 5565 et
1376 5509 1582 5585 rustici,
1629 5520 1677 5585 et
1711 5523 1836 5573 pene

252 5600 425 5641 totum
445 5579 640 5657 'vulgu's
686 5582 875 5636 imitati
909 5597 1053 5639 sunt.
1079 5579 1157 5638 'Et
1178 5583 1270 5637 lib.
1304 5596 1382 5635 tt:
1422 5579 1489 5633 In
1518 5581 1835 5657 nutrimento

250 5675 432 5712 autem
490 5654 790 5716 comarum,
858 5657 1134 5708 mulierum
1190 5665 1435 5718 sequaces
1482 5654 1835 5704 animantur.

250 5729 441 5784 Gallos
474 5737 683 5783 veteres
718 5736 773 5783 et
806 5723 1043 5781 Francos
1074 5737 1280 5780 comam
1314 5721 1608 5777 nutrivisse
1658 5718 1831 5788 palam

1937 5144 2237 5213 salmasius
2268 5159 2331 5209 ad
2360 5144 2623 5216 Solidum,
2661 5144 2977 5206 Goslelinns
3013 5148 3062 5201 in
3111 5144 3316 5199 (listor.
3351 5160 3509 5216 pater.

1936 5228 2076 5282 Gall.
2120 5227 2492 5280 llotomannus
2533 5232 2587 5275 et
2612 5215 2616 5216 ί
2644 5222 2991 5275 Matharellus
3042 5218 3092 5271 in
3128 5215 3510 5271 Franro-Gull.

1933 5308 2121 5352 contra
2181 5311 2342 5358 quam
2377 5292 2573 5354 Gnaei,
2605 5294 2694 5360 qui
2726 5290 3231 5360 caputtondebant,
3262 5297 3321 5339 ut
3350 5296 3432 5360 est
3455 5290 3512 5360 in

1934 5370 2103 5436 Epist.
2137 5355 2356 5420 Adriani
2384 5363 2485 5436 PP.
2511 5366 2590 5436 ad
2624 5355 2809 5417 Caroli
2858 5359 2928 5415 M.
2962 5375 3027 5413 ex
3066 5359 3132 5413 iis
3158 5373 3295 5426 quas
3350 5355 3530 5436 edidit

1933 5434 2241 5492 Gretzerus.
2271 5435 2422 5508 Angli
2452 5434 2618 5508 etiam
2637 5447 2699 5486 ea
2729 5440 3041 5508 tempestate
3066 5444 3274 5508 comam
3310 5435 3514 5508 nutrie-

1932 5508 2085 5569 bant,
2121 5521 2226 5574 quo
2259 5495 2475 5558 nomine
2501 5504 2569 5558 ab
2592 5495 2851 5556 Anselmo'
2889 5496 3302 5574 Cantuaileu‘si.
3336 5495 3514 5547 archi-

1933 5563 2187 5643 episcopo
2240 5590 2347 5628 non
2406 5574 2820 5643 semelicarptos
2843 5581 3029 5625 auctor
3058 5563 3512 5643 £S_lul‘;ad.tie_r_tlf,

1931 5633 2026 5702 lib.
2062 5664 2100 5710 ι,
2121 5633 2192 5700 ἰιι
2220 5653 2273 5701 et
2318 5660 2368 5698 ιν
2398 5642 2536 5701 Hm.
2563 5633 2763 5700 ιιουᾰν.
2795 5651 2848 5697 et
2873 5658 2939 5697 ex
2961 5654 3025 5695 eo
3058 5634 3354 5692 Willehnus
3385 5633 3515 5707 Malo

1935 5716 2345 5773 tnesburiensis.
2398 5764 2401 5777 ,
