3998 6206
348 265 479 330 ῙθΟῙ

1580 266 1990 329 ΑΙᾸΞΧΙᾹΟΙΞ
2018 264 2161 323 ΙΛΒ.
2202 265 2372 323 ΧῐῐῙ.

3450 266 3586 323 102

343 382 595 444 εἰπόντος
634 397 690 433 τε
748 378 843 433 καὶ
902 380 1258 446 ἀκούσαντος,
1302 382 1425 435 ἐπεὶ
1457 382 1483 436 ὀ
1513 384 1672 445 αὐτὸς
1713 383 1916 442 ἐκεῖνος

2023 378 2203 432 ciss'm
2238 377 2671 445 anilirisscntque
2709 376 2846 431 inter
2895 391 2952 431 se
3016 377 3311 446 imperator
3361 388 3414 432 et
3472 379 3561 431 Bai

344 469 414 542 ἦν
454 474 481 526 ὁ
526 470 859 541 Βαῖμοῦντθς
908 472 1003 524 καὶ
1047 473 1145 527 οῦκ
1192 473 1468 543 ἠλλοίωτο,
1506 475 1608 543 ἔφη
1642 475 1919 536 ἀδυνάτως

346 565 494 634 ἔχειν
523 562 622 633 τὴν
663 562 922 633 τοιαύτην
963 563 1258 633 ὑπόσχεσιν
1294 563 1644 632 ποιήσασθαι.
1697 565 1806 617 Καὶ
1851 565 1918 617 δι’

345 655 482 709 ἄλλα
512 655 632 708 τινὰ
664 654 815 724 παρά
860 653 954 707 τοῦ
990 654 1256 724 βασιλέως
1291 653 1677 722 ἀπαιτούμενα
1730 656 1918 724 ᾐτεῖτο

342 748 441 816 τὴν
465 747 604 817 πρὸς
634 746 692 815 τὸ
725 749 853 799 ἴδιον
891 748 1215 817 στράτευμα
1246 746 1611 811 ἐπανάζευξιν
1643 742 1785 801 κατὰ
1820 748 1919 817 τὴν

341 842 642 910 γενομένην
690 840 1011 910 συμφωνίαν
1060 840 1211 910 παρὰ
1259 840 1368 893 τῶν
1418 840 1722 910 πρέσϐεων.
1769 840 1827 893 Ὀ
1860 840 1918 894 δὲ

344 930 603 1001 βασιλεῦς
639 948 804 999 φησιν
844 931 979 1001 πρὸς
1012 931 1172 985 αὑτὸν
1206 932 1287 983 ὅτι
1318 931 1616 1001 Κρείττονα
1650 930 1784 999 ἐμοῦ
1820 931 1919 982 οὐκ

342 1021 451 1090 ἔχω
476 1022 567 1073 τὸν
617 1023 755 1091 μετὰ
803 1021 1102 1088 ἀσφαλείας
1154 1039 1212 1073 σε
1260 1022 1614 1074 διασώσοντα.
1665 1020 1919 1085 Καὶᾶμα

345 1113 606 1183 τῷλόγῳ
675 1115 788 1175 τοῖς
865 1112 1099 1183 ἡγεμόσι
1149 1112 1434 1184 παρρησίᾳ
1501 1111 1761 1163 ἐπέταττε
1818 1109 1913 1162 τοῦ

343 1206 781 1276 στρατεύματος,
819 1205 1109 1275 ἑτοιμάσαι
1135 1206 1261 1267 τοὺς
1293 1206 1495 1265 ἵππους
1530 1202 1733 1266 αὐτῶν,
1761 1201 1848 1271 ἐφ’
1874 1195 1919 1269 ᾧ

344 1295 440 1364 τῆς
476 1295 618 1361 πρὸς
647 1294 707 1345 τὸ
739 1295 1043 1365 Δυρράχιον
1069 1292 1340 1363 φερούσης
1367 1292 1631 1360 ἅψασθαι.

413 1384 586 1436 Τοῦτο
626 1385 654 1436 ὁ
695 1384 1024 1454 Βαῖμοῦντος
1045 1384 1282 1446 ἀκούσας
1308 1382 1541 1447 ἐξελθὼν
1568 1383 1659 1435 ἐπὶ
1682 1382 1757 1452 τῷ
1780 1382 1919 1451 πρὸς

340 1475 443 1546 τὴν
475 1475 929 1544 ἀποτεταγμένην
952 1474 1101 1544 αὐτῷ
1134 1474 1356 1527 ἀπιέναι
1396 1473 1627 1543 σκηνὴν,
1661 1474 1757 1526 τὸν
1785 1472 1919 1542 ἐμὸν

341 1564 599 1634 Καίσαρα
625 1562 940 1634 Νικηφόρον
965 1563 1055 1615 τὸν
1079 1561 1367 1633 Βρυέννιον
1393 1561 1471 1632 τῷ
1508 1562 1592 1614 τοῦ
1628 1562 1918 1629 Πανυπερ-

344 1656 609 1709 σεσάστου
634 1656 753 1709 τότε
781 1654 1152 1726 τετιμημένον
1179 1653 1451 1725 ἀξιώματι
1492 1651 1675 1724 ἐζήτει
1722 1654 1918 1707 θεάσα-

346 1747 493 1801 σθαι.
529 1747 587 1799 ’0
614 1747 667 1800 δέ
696 1744 925 1811 ἐξελθὼν
945 1747 1039 1799 καὶ
1066 1747 1246 1799 πᾶσαν
1264 1744 1436 1801 πειθὼ
1463 1744 1634 1813 λόγων
1666 1746 1916 1815 κινήσας,

343 1842 529 1901 ὁποῖος
615 1842 824 1901 ἐκεῖνος
894 1838 952 1889 ἐν
1016 1836 1385 1907 δημηγορίαις
1451 1837 1545 1890 καὶ
1616 1835 1919 1901 διαλέξεσιν

343 1930 746 2002 ἀπαράμιλλος,
782 1929 964 1983 πείθει
1003 1929 1096 1982 τὸν
1130 1928 1468 1997 Βαῖμοῦντον
1500 1930 1612 1991 τοῖς
1642 1928 1919 1991 πλείστοις

345 2025 632 2079 συνθέσθαι
664 2025 773 2078 τῶν
807 2026 958 2095 παρὰ
995 2023 1089 2078 τοῦ
1123 2022 1391 2093 βασιλέως
1418 2022 1718 2093 ῥηθέντων.
1756 2023 1917 2093 Κρα-

343 2120 517 2191 τήσας
583 2117 677 2170 οὖν
733 2116 898 2170 αὑτὸν
950 2115 1051 2186 τῆς
1110 2115 1297 2185 χειρὸς
1356 2113 1570 2181 εἰσάγει
1634 2112 1770 2183 πρὸς
1825 2112 1918 2166 τλν

339 2206 596 2278 βασιλέα.
624 2206 705 2276 Τῇ
740 2205 798 2257 δέ
832 2206 951 2274 μετ’
987 2205 1157 2273 αὐτὴν
1185 2202 1474 2272 ἐνωμότως
1500 2207 1596 2256 καὶ
1631 2202 1771 2271 μετά
1818 2201 1916 2273 τῆς

341 2300 553 2360 οἰκείας
608 2298 983 2369 προαιρέσεως
1004 2295 1145 2350 κατὰ
1170 2294 1229 2347 τὸ
1258 2293 1446 2347 δοκοῦν
1472 2293 1618 2363 αὒτῷ
1646 2292 1744 2364 τὴν
1776 2310 1918 2364 συμ-

340 2392 552 2462 φωνίαν
618 2391 962 2462 ἐπλήρωσεν.
1016 2384 1145 2459 Είχε
1201 2385 1259 2442 δέ
1309 2389 1379 2441 τά
1424 2386 1916 2457 συμπεφωνημὲνα

338 2484 518 2547 οὕτως
568 2483 698 2553 (88).

2025 470 2279 531 mundus,
2316 469 2526 522 tandem
2562 468 2645 522 hic
2680 468 2821 521 illius
2845 483 3123 522 sermones
3149 484 3334 537 parum
3363 469 3428 520 ad
3464 485 3524 521 su
3547 484 3593 520 ις

2024 574 2147 626 ερρε
2214 575 2275 612 ac
2346 560 2582 612 rationes
2657 560 3088 613 accommodatus
3156 560 3592 612 animadverterit

2024 650 2241 720 (quippe
2294 652 2381 717 qui
2435 651 2707 703 morditus
2750 652 2799 703 in
2861 652 3136 719 proposito
3179 652 3409 705 ἥπατι-οι
3436 691 3452 717 ,
3494 668 3591 705 nec

2023 742 2299 809 Cupiditati
2337 751 2498 807 atque
2530 742 2810 794 ambitioni
2844 758 2952 794 sua:
2979 742 3491 810 detrahiquidquam
3521 746 3588 793 de

2025 834 2272 902 superbis
2301 834 2406 885 illis
2450 833 2760 887 dominandi
2799 835 3160 904 rrgnanquue
3208 836 3347 889 ταῖς
3382 846 3596 904 pzttrrv-

2025 925 2155 991 tur),
2189 926 2284 983 sic.
2321 925 2470 992 quasi
2504 927 2779 991 drsperata
2817 927 3246 993 compositione,
3293 929 3591 994 Λιιςιιμιιιιη

2022 1016 2307 1084 alloquitur
2349 1033 2363 1069 :
2406 1017 2669 1082 Quoniam
2706 1033 2825 1086 qztre
2878 1020 3124 1085 .promit'i
3180 1020 3529 1087 prmtariquc
3567 1039 3592 1072 ει

2022 1122 2107 1160 mc
2145 1108 2234 1159 tibi
2266 1109 2524 1175 postulas,
2562 1112 2635 1160 ttti
2672 1109 2997 1162 deditionem
3038 1111 3353 1175 Antiochia,
3391 1120 3448 1163 et
3483 1112 3585 1163 alii

2022 1199 2298 1269 pleraque,
2351 1216 2409 1253 ea
2441 1200 2700 1267 ejusmodi
2734 1217 2851 1254 esse
2883 1202 3056 1255 sentio
3086 1218 3203 1267 quae
3230 1219 3325 1255 nec
3355 1202 3594 1271 polliceri

2022 1307 2119 1345 nec
2150 1304 2541 1359 repracsentare
2570 1293 2767 1361 possim
2798 1309 3055 1361 unquam,
3084 1309 3182 1361 age
3228 1292 3380 1360 juxta
3432 1294 3590 1347 [idem

2022 1382 2149 1435 mihi
2184 1398 2278 1450 per
2307 1392 2425 1435 tuos
2457 1383 2663 1452 legatos
2697 1400 2725 1434 τι
2764 1393 2814 1436 te
2843 1384 3048 1448 datam,
3097 1400 3275 1437 annue.
3323 1385 3451 1438 mihi
3500 1400 3591 1439 8"-

2022 1490 2207 1528 curum
2227 1476 2276 1528 itt
2302 1486 2477 1528 ca~tra
2503 1490 2618 1527 mea
2649 1474 2899 1528 reditum.
2924 1475 3019 1528 Cui
3046 1476 3317 1546 Augustus
3350 1494 3362 1529 :
3388 1476 3595 1529 Piolise

2022 1580 2172 1628 vero,
2202 1566 2397 1634 inquit,
2437 1565 2751 1631 Baimunde,
2787 1581 2970 1621 annuo
2996 1569 3136 1637 quod
3171 1570 3340 1638 petis;
3371 1583 3432 1621 ac
3459 1583 3595 1637 qun-

2025 1658 2259 1710 niamad
2299 1667 2345 1711 te
2379 1666 2491 1711 tuto
2538 1673 2835 1726 securaque
2888 1659 3260 1714 deducendum
3313 1660 3589 1715 neminem

2031 1764 2114 1802 me
2146 1749 2265 1818 ipso
2296 1750 2560 1818 aptiorem
2596 1750 2769 1805 habeo
2797 1790 2812 1815 ,
2853 1750 2997 1822 agite
3054 1752 3255 1819 (vertit
3300 1754 3507 1807 vultuut
3566 1770 3595 1805 a

2022 1838 2320 1893 Baimundo
2348 1840 2591 1908 quicum
2634 1851 2844 1895 secreto
2892 1841 3249 1911 loquebatur,
3304 1846 3370 1898 ad
3427 1845 3594 1898 duret

2019 1931 2290 1986 exercitus
2339 1941 2576 1987 astantes
2632 1934 2923 2004 palamque
2988 1934 3125 2004 ipsis
3174 1945 3419 1989 contenta
3470 1951 3593 1988 vove

2019 2021 2099 2076 sic
2133 2022 2315 2085 edicit,
2343 2024 2506 2092 agite,
2537 2026 2779 2091 inquam,
2814 2039 2985 2093 equos
3017 2028 3297 2092 expedite,
3349 2042 3472 2080 mox
3503 2041 3588 2078 no-

2020 2112 2232 2168 biseum
2284 2112 2678 2185 Dyrrhachium
2733 2132 2921 2172 versus
2980 2117 3301 2183 profecturi.
3347 2115 3442 2172 llis
3502 2131 3589 2169 au-

2026 2207 2153 2261 ditis
2186 2205 2515 2263 Baimundus
2564 2223 2684 2264 eum
2743 2213 2811 2263 ad
2844 2210 3181 2279 designatum
3245 2219 3594 2278 paratumque

2023 2297 2125 2351 sibi
2171 2298 2575 2353 tabernaculum
2624 2315 2683 2355 se
2734 2302 3041 2371 reciperet,
3090 2317 3263 2355 meum
3327 2300 3594 2355 Caesarem

2021 2386 2382 2457 Nicephorum
2437 2388 2723 2461 Bryenium
2777 2390 3260 2460 panhypersebasti
3334 2391 3489 2444 titulo
3537 2402 3593 2442 ac

2024 2479 2415 2549 dignitatejam
2450 2489 2560 2535 tum
2610 2492 2861 2538 ornatum
2912 2483 3093 2538 videre
3139 2485 3312 2537 obiter
3354 2481 3594 2552 expetiit.

346 2577 553 2633 Prodiit
607 2578 716 2643 ille,
776 2586 1050 2645 totamque
1098 2573 1374 2645 explicans
1424 2588 1586 2643 quam
1643 2586 1912 2628 summam
1955 2572 2187 2629 habebat
2214 2574 2427 2631 dicendi
2456 2577 2923 2642 vim,sermonum
2951 2579 3066 2647 ejus
3132 2580 3478 2633 familiarium
3542 2585 3592 2631 et

340 2673 676 2739 publicarum
723 2674 786 2727 ad
835 2672 1122 2726 conciones
1165 2671 1472 2725 orationum
1526 2669 1913 2740 experimentis
1953 2670 2167 2726 abunde
2196 2674 2499 2739 probatam,
2529 2674 2599 2727 ad
2662 2675 3005 2729 tractandum
3076 2675 3296 2728 adhibet
3358 2674 3593 2729 ferocem

340 2767 607 2826 animum,
642 2765 897 2834 omnique
926 2781 992 2821 ex
1027 2772 1180 2833 parte
1206 2762 1564 2818 Baimundum
1613 2763 1785 2819 ambit
1832 2772 1996 2834 atque
2029 2776 2185 2835 urget
2252 2767 2467 2832 leniter,
2532 2783 2623 2822 sua
2686 2770 2772 2823 illa
2832 2786 2934 2838 qua
2986 2770 3221 2841 pollebat
3262 2771 3586 2839 incompara-

342 2859 433 2913 bili
456 2858 691 2914 etlicacia
730 2858 1227 2925 suavitatis,doncc
1249 2856 1551 2915 molliendis
1570 2858 1913 2927 quibusdam,
1961 2861 2302 2930 indulgendis
2328 2862 2469 2931 aliis,
2508 2863 2733 2932 perfecit
2773 2866 2989 2921 tandem
3061 2877 3119 2920 ut
3165 2866 3434 2935 plerisque
3502 2882 3590 2921 eo-

344 2971 459 3008 rum
491 2969 609 3023 quae
636 2956 912 3027 Angustus
946 2955 1177 3024 petierat
1237 2955 1587 3024 acquiescere
1639 2954 1749 3022 jam
1768 2965 1989 3025 paratus
2026 2966 2171 3011 esset
2199 2958 2554 3014 Baimundus.
2601 2960 2718 3027 Quo
2764 2962 2897 3016 satis
2952 2961 3035 3016 vir
3064 2976 3214 3017 meus
3267 2972 3550 3032 perspecto
3576 3000 3592 3026 ,

340 3052 565 3108 comiter
592 3054 987 3123 apprehensum
1018 3067 1178 3105 manu
1211 3049 1570 3105 Baimundum
1617 3051 1908 3107 introducit
1945 3052 2109 3124 ms
2136 3053 2201 3108 ad
2233 3055 2553 3125 Augustum.
2618 3055 2881 3111 Convenit
2922 3058 3101 3111 statim
3156 3058 3295 3113 inter
3358 3061 3547 3114 ambos
3577 3100 3592 3123 ,

339 3156 393 3200 et
425 3146 685 3216 postridie
748 3160 815 3198 ex
870 3143 1151 3211 utriusque
1204 3142 1470 3196 sententia
1542 3141 1797 3196 conclusa
1883 3144 2172 3200 concordia
2240 3156 2346 3215 es',
2394 3146 2756 3204 instrumento
2826 3150 3036 3219 publico
3087 3148 3360 3205 Baimtmdi
3415 3152 3592 3207 verbis

340 3238 444 3293 rite
470 3247 752 3307 concepto,
786 3236 940 3304 cujus
964 3235 1266 3303 exemplum
1298 3234 1386 3288 hic
1423 3233 1676 3302 deinceps
1707 3233 2060 3303 describimus
2100 3251 2115 3288 :

416 3352 436 3385 ι
501 3334 569 3387 Ἦ
612 3334 709 3404 μέν
746 3332 992 3403 προτέρα
1039 3331 1353 3401 συμφωνία,
1403 3332 1525 3400 ἥτις
1554 3331 1621 3401 δὴ
1659 3333 1755 3385 καὶ
1798 3329 1918 3384 κατ’
1948 3336 1989 3393 C

338 3430 516 3481 ἐκεῖνο
546 3424 743 3495 καιροῦ
771 3425 963 3493 γέγονε
993 3424 1133 3495 πρὸς
1161 3422 1221 3475 τὸ
1251 3422 1553 3489 Θεοστεφές
1582 3423 1782 3491 κράτος
1822 3439 1915 3476 σου

334 3519 539 3573 ὁπόταν
571 3517 709 3586 μετὰ
730 3515 832 3583 τῆς
862 3512 1242 3582 πολυπληθοῦς
1271 3513 1491 3582 ἐκείνης
1520 3514 1782 3581 στρατιᾶς
1809 3514 1917 3567 τῶν

337 3610 612 3679 Φράγγων
660 3609 740 3671 είς
768 3609 869 3678 τὴν
902 3606 1157 3676 βασιλίδα
1206 3605 1362 3659 πόλιν
1396 3605 1777 3677 ἐπιδεδήμηκα
1803 3606 1919 3659 δια-

336 3703 544 3756 ϐαίνων
576 3700 685 3753 ἀπὸ
710 3698 812 3768 τῆς
838 3697 1111 3769 Εὐρώπης
1139 3698 1220 3760 είς
1251 3696 1351 3767 τὴν
1387 3696 1571 3749 Ἀσίαν
1602 3698 1698 3751 ἐπὶ
1722 3700 1785 3768 τῇ
1808 3698 1918 3751 τῶν

350 3792 747 3865 Ἰεροσολύμων
799 3790 1109 3859 ἐλευθερίᾳ,
1153 3788 1342 3860 ἐπειδὴ
1390 3788 1531 3843 κατά
1569 3806 1723 3850 τινας
1762 3806 1917 3859 περι-

337 3882 561 3946 πετείας
581 3880 928 3952 πραγμάτων
944 3878 1229 3949 ἠθέτηται,
1254 3877 1442 3949 ἐκείνη
1468 3878 1571 3949 μὲν
1597 3880 1916 3950 σχολασάτω

338 3976 436 4030 καὶ
486 3974 563 4045 μὴ
596 3973 773 4043 ἐχέτω
821 3970 883 4024 τὸ
929 3970 1153 4039 ἐνεργὸν
1184 3969 1259 4033 ὡς
1285 3969 1348 4022 τὸ
1386 3969 1594 4041 ἄκυρον
1639 3972 1917 4042 ἀποφερο-

341 4067 481 4136 μὲνη
533 4065 622 4120 διά
658 4064 759 4135 τὴν
793 4062 904 4116 τῶν
940 4062 1286 4134 πραγμάτων
1318 4062 1646 4132 περίστασιν
1669 4078 1685 4093 ⁸
1727 4065 1824 4117 καὶ
1854 4063 1913 4130 ἐξ

337 4158 560 4229 ἐκείνης
588 4155 650 4210 οὐ
679 4156 787 4227 χρὴ
818 4155 943 4207 κατ’
971 4151 1110 4223 ἐμοῦ
1136 4151 1349 4206 δίκαιόν
1372 4170 1424 4206 τι
1458 4151 1603 4223 ἔχειν
1634 4151 1732 4223 τὴν
1760 4151 1915 4225 βασι⁴

336 4249 490 4303 λείαν
536 4264 656 4312 σου,
711 4245 1011 4299 κάντεῦθεν
1076 4242 1453 4312 ἰσχυρίζεσθαι
1510 4243 1639 4314 περὶ
1685 4244 1793 4296 τῶν
1849 4245 1908 4297 ἐν

339 4340 530 4411 ἐκείνῃ
574 4334 1106 4407 συμπεφωνημένων
1152 4350 1212 4385 τε
1246 4333 1342 4386 καὶ
1372 4332 1911 4402 ἀναγεγραμμένων.

341 4429 595 4498 Πόλεμον
628 4426 738 4496 γάρ
788 4422 1072 4495 ἀραμένου
1115 4439 1216 4492 μου
1252 4421 1395 4475 κατά
1427 4423 1523 4475 τοῦ
1557 4422 1650 4476 σοῦ
1682 4422 1916 4493 Θεοπρο-

336 4521 536 4592 6λήτου
562 4521 803 4590 κράτους
846 4518 941 4571 καὶ
967 4515 1389 4587 παραλύσαντος
1421 4516 1491 4568 τὰ
1535 4531 1909 4585 συμπεφωνη-

338 4616 498 4684 μένα,
543 4609 1041 4683 συμπαραλὲλυται
1079 4607 1290 4669 τούτοις
1319 4606 1414 4660 καὶ
1443 4608 1510 4659 τὰ
1541 4606 1649 4658 άπὺ
1682 4606 1779 4658 τοῦ
1814 4605 1908 4660 σοῦ

334 4708 575 4777 κράτους
620 4705 744 4757 κατ’
776 4702 911 4772 ἐμοῦ
944 4701 1263 4769 αἰτιάματα.
1300 4698 1414 4751 Νῦν
1439 4697 1494 4749 δὲ
1525 4695 1617 4750 οὖν
1648 4697 1691 4728 ⁶⁰
1720 4697 1907 4768 ὥσπερ

335 4801 401 4851 ἐκ
432 4795 795 4866 μεταμελείας
819 4794 1108 4864 ἐρχόμενος
1137 4791 1231 4844 καὶ
1257 4788 1449 4855 ὥσπερ
1474 4787 1656 4849 ἁλιεὺς
1677 4786 1910 4856 πληγεὶς

336 4888 434 4941 καὶ
464 4887 915 4956 ἀπενεγκάμενος
947 4883 1072 4937 νοῦν
1107 4881 1201 4935 καὶ
1248 4880 1412 4952 μόνον
1455 4879 1578 4948 οὐχὶ
1612 4877 1689 4947 τῷ
1721 4878 1908 4949 δόρατι

334 4982 415 5049 τῷ
454 4981 549 5033 σοῦ
583 4979 993 5047 νουνεχέστερος
1024 4971 1263 5043 γεγονὼς
1310 4971 1406 5025 καὶ
1445 4971 1543 5038 τῆς
1580 4970 1700 5023 κατ’
1733 4970 1909 5021 ἐκεῖνο

337 5069 531 5141 καιροῦ
578 5070 748 5140 ἥττης
795 5066 890 5119 καὶ
936 5064 1043 5117 τῶν
1090 5064 1346 5133 πολέμων
1392 5059 1767 5131 ἀναμνησθεὶς
1824 5059 1905 5121 είς

2100 3352 2120 3385 ι
2158 3333 2399 3390 Primum
2454 3337 2695 3392 omnium
2728 3378 2743 3401 ,
2778 3341 3066 3393 conventio
3100 3349 3462 3411 tractatusque
3504 3344 3592 3399 ille

2019 3432 2179 3486 quem
2207 3436 2328 3475 cum
2355 3437 2385 3476 a
2408 3421 2517 3478 Deo
2546 3433 2801 3478 coronata
2835 3426 3118 3496 majestate
3153 3437 3241 3481 tua
3274 3438 3383 3482 tum
3421 3440 3592 3487 trans.

2027 3509 2136 3577 egi,
2175 3517 2390 3578 quando
2422 3513 2473 3567 in
2497 3517 2754 3569 comitatu
2804 3519 3231 3571 numerosissimi
3261 3520 3401 3575 illius
3429 3537 3590 3578 exer-

2016 3601 2158 3656 citus
2185 3598 2430 3656 Francici
2486 3618 2553 3657 ex
2618 3605 2830 3674 Europa
2861 3608 3260 3677 transgrediens
3310 3611 3361 3664 in
3404 3612 3585 3667 Asiam

2016 3689 2513 3762 Hierosolymorum
2606 3694 3030 3761 liberationem,
3115 3698 3587 3772 Constantinopoli

2019 3781 2265 3846 transivi,
2292 3789 2351 3835 ut
2372 3781 2693 3850 quibusdam
2721 3798 2898 3838 rerum
2931 3794 2983 3839 et
3015 3789 3348 3857 negotiorum
3406 3793 3475 3847 ab
3524 3809 3590 3847 eo

2016 3880 2261 3942 tempore
2295 3873 2689 3928 incurrentium
2717 3875 2924 3930 vicibus
2949 3876 3241 3946 abrogatas
3265 3890 3367 3945 est,
3401 3884 3472 3939 ita
3495 3901 3590 3955 pro

2015 3962 2276 4029 abrogato
2300 3963 2567 4032 planeque
2600 3965 2877 4034 antiquato
2926 3984 3072 4024 nunc
3123 3972 3387 4029 habeatur
3431 3993 3444 4030 :
3488 3993 3591 4031 nec.

2015 4070 2080 4107 ex
2106 4067 2171 4107 co
2197 4062 2284 4108 tua
2309 4054 2561 4124 majestas
2583 4054 2672 4123 jus
2702 4057 2803 4111 sibi
2840 4064 3070 4126 posthac
3116 4063 3282 4119 ullum
3330 4082 3544 4124 sumere
3572 4112 3585 4127 .

2015 4145 2170 4214 eique
2198 4147 2266 4201 ad
2298 4161 2448 4216 spem
2480 4148 2642 4203 ullam
2675 4150 2831 4205 inuiti
2860 4154 3053 4219 valeat,
3079 4154 3148 4209 ob
3169 4171 3229 4211 ea
3250 4174 3586 4230 quaecunque

2015 4249 2079 4291 ac
2107 4236 2502 4307 qualiacunque
2550 4249 2707 4293 cauta
2732 4281 2748 4305 ,
2784 4254 3004 4312 excepta
3037 4286 3052 4311 ,
3090 4248 3289 4317 scripta
3315 4290 3329 4315 ,
3366 4251 3541 4319 jur..ta
3571 4294 3587 4317 ,

2015 4328 2503 4397 quomodocunque
2558 4330 2631 4384 ibi
2682 4332 2942 4399 promissa
2991 4347 3081 4388 aut
3132 4352 3447 4395 memorata.
3493 4345 3584 4396 Et-

2017 4420 2162 4474 enim
2188 4420 2329 4476 hello
2363 4423 2561 4477 exinde
2594 4438 2624 4478 a
2666 4440 2752 4480 me
2782 4427 3044 4482 adversus
3091 4440 3234 4484 tuam
3267 4448 3294 4484 a
3331 4434 3436 4487 Deo
3462 4450 3588 4503 pro-

2016 4522 2216 4565 motam
2274 4513 2610 4579 majestatem
2673 4526 2817 4572 muto
2861 4531 3121 4587 gesmque
3165 4533 3411 4577 revocata
3464 4526 3584 4588 illa,

2016 4602 2282 4671 irritaque
2306 4618 2369 4657 ac
2392 4618 2542 4658 cassa
2570 4605 2839 4659 declarata
2887 4610 3099 4661 censeri
3144 4625 3268 4678 pars
3321 4624 3403 4666 est
3439 4626 3455 4664 :
3487 4629 3587 4669 nec

2015 4707 2242 4747 causam
2273 4702 2368 4746 aut
2395 4693 2608 4747 titulum
2645 4696 2885 4763 praebere
2911 4697 3074 4750 ullmn
3106 4700 3197 4755 tibi
3226 4716 3381 4768 posse
3411 4702 3587 4772 legiti-

2012 4801 2160 4840 mum
2215 4793 2405 4839 contra
2454 4799 2544 4839 me
2589 4787 2937 4842 accusatione
2992 4787 3098 4843 ulla
3154 4792 3440 4858 querelave
3496 4812 3583 4851 ve-

2014 4875 2216 4930 niendi.
2250 4875 2462 4943 Integer
2484 4888 2614 4944 ergo
2646 4890 2786 4930 nunc
2812 4876 3079 4944 pleneque
3120 4880 3259 4950 juris
3308 4884 3409 4937 mei
3443 4884 3583 4939 ultro

2009 4965 2104 5018 tibi
2134 4978 2217 5017 me
2250 4964 2404 5030 sisto,
2445 4964 2587 5018 velut
2611 4965 2851 5033 piscator
2880 4963 3014 5020 ictus
3051 4967 3131 5021 vel
3157 4983 3279 5023 sero
3324 4972 3583 5038 proiitens

2012 5057 2383 5125 paenitentiam
2436 5074 2596 5127 quam
2628 5061 2848 5132 concepi
2896 5074 3117 5126 veram,
3166 5077 3230 5118 ex
3273 5078 3419 5120 certa
3465 5085 3580 5125 mea

1487 5179 1691 5239 Varite
1725 5179 2033 5240 lectiones
2071 5192 2154 5237 ex
2189 5177 2331 5237 cod.
2367 5175 2630 5238 Coislin.

402 5290 447 5322 ⁸⁸
479 5289 570 5345 αὖ.

1378 5375 1509 5434 Car.
1533 5368 1854 5432 Dufrcsnii
1899 5373 1995 5431 Du
2045 5372 2257 5452 Cangii
2288 5380 2473 5437 notat.

398 5515 511 5577 (88)
566 5509 709 5580 Εἶχε
785 5508 853 5562 δὲ
910 5503 1108 5571 οὗτος.
1181 5504 1257 5557 De
1305 5517 1432 5570 pare.
1487 5496 1901 5580 firmnata_inter

329 5568 571 5638 Alesiunt
604 5568 1043 5636 eilliuemundnnt
1069 5568 1240 5637 agunt
1279 5568 1530 5636 pt'a'tet'ca
1584 5568 1901 5638 Fulrlterius

329 5637 527 5711 Carnot
568 5653 664 5706 lib.
694 5666 751 5711 ιι.
782 5666 901 5715 cap.
924 5647 1026 5707 57;
1054 5646 1304 5698 Albertus
1331 5645 1431 5708 Aq.
1463 5641 1553 5695 lib.
1583 5656 1633 5703 tt,
1655 5655 1773 5710 cap.
1795 5637 1901 5701 ιιε

656 5746 931 5806 Puncta
977 5741 1097 5803 Gtt.
1144 5734 1431 5799 CXXXI.

2009 5503 2301 5556 0rdericns
2332 5502 2698 5573 et__Malth:cus
2731 5502 2883 5560 Paris
2911 5521 2998 5559 an.
3034 5500 3205 5573 “09;
3249 5516 3399 5565 vetus
3433 5503 3571 5559 scri-

2009 5585 2148 5643 ptor.
2184 5584 2311 5628 tom.
2356 5570 2421 5626 IV
2452 5572 2588 5627 "ist.
2618 5572 2712 5628 Fr.
2746 5590 2867 5646 pag.
2902 5577 2990 5631 95.

3065 5730 3141 5791 32
