3998 6206
318 301 462 366 1005

1527 296 1940 361 ALEXIADIS
1981 297 2127 362 LIB.
2165 301 2341 362 XIII.

3428 307 3570 372 1006

307 409 483 480 κυροῦ
532 407 780 462 ’ῐωάννου
833 408 928 462 τοῦ
970 408 1490 481 Πορφυρογεννήτου
1519 422 1534 438 °
1578 408 1645 478 ἥν
1680 409 1890 478 ἀμετα-

2007 408 2316 464 ῐιινεειίιυνο
2351 409 2482 466 mihi
2520 411 2800 468 confertur
2834 427 2930 483 per
2957 411 3160 470 Bullam
3197 418 3428 474 Auream
3459 437 3572 474 ma-

308 501 536 570 κινητον
577 499 672 552 καὶ
711 497 1010 552 ἀσάλευτον
1049 498 1766 568 καθέξεινέπισχνούμενος
1790 515 1893 550 κα-

311 592 490 664 θάπερ
539 592 788 662 ἄγκυραν
846 591 1087 662 ἀσφαλῆ.
1141 591 1252 644 Καὶ
1291 590 1380 643 ἵνα
1425 589 1758 644 ἐπαναλάδω
1802 591 1896 642 τὸν

309 684 473 752 λόγον
513 683 848 755 σαφέστερον
885 685 977 736 καὶ
1018 683 1117 753 τήν
1152 683 1392 751 ἰδιότητα
1439 681 1745 752 φυλάξαιμι
1786 681 1896 734 τῶν

311 778 610 846 ἐγγράφως
629 770 1103 845 ’συμφωνούντων,
1153 775 1263 828 ἰδοὺ
1319 773 1433 844 ἐγὼ
1481 775 1817 846 Βαῖμοῦντος
1850 775 1896 807 ⁸⁸

313 869 434 930 υἱὸς
509 870 853 940 Ῥομπέρτου
908 868 1216 940 Γισκάρδου
1264 867 1544 939 συμφωνῶ
1605 868 1743 938 μετά
1801 867 1898 922 τοῦ

315 958 560 1028 κράτους
594 958 748 1026 ὑμῶν
780 959 874 1011 καὶ
926 958 1027 1027 τὴν
1067 958 1391 1028 συμφωνίαν
1436 959 1653 1029 ἀρραγῆ
1709 957 1900 1027 τίθημι

315 1048 613 1120 φυλάττειν
649 1049 783 1120 πρὸς
810 1051 910 1120 τήν
935 1049 1215 1120 βασιλείαν
1246 1049 1424 1119 ὑμῶν,
1455 1049 1723 1114 τουτέστι,
1755 1051 1814 1103 σέ
1841 1066 1898 1102 τι

313 1141 407 1194 τὸν
435 1142 816 1213 αὐτοκράτορα
859 1142 1150 1212 Ῥωμαίων
1178 1144 1285 1214 κῦρ
1312 1142 1358 1176 ⁸³
1379 1141 1646 1212 Ἀλέξιον,
1680 1144 1774 1198 καὶ
1805 1143 1898 1197 τὸν

315 1231 548 1303 βασιλέα
580 1234 674 1285 καὶ
712 1233 825 1285 υίὸν
863 1248 958 1287 σου
990 1234 1080 1287 τὸν
1120 1233 1660 1306 Πορφυρογέννητον,
1713 1233 1811 1288 κοιλ⁸
1838 1233 1900 1286 τὸ

312 1321 488 1386 λίζιον
542 1321 850 1392 ἀνθρώπιον
904 1323 1197 1376 άνόθευτόν
1224 1341 1284 1376 τε
1321 1324 1414 1377 καὶ
1470 1323 1901 1394 ἀπαραποίητον

313 1412 421 1476 ἕως
443 1411 509 1466 ἂν
538 1414 763 1482 ἐμπνέω
790 1415 882 1466 καὶ
907 1415 1045 1484 μετά
1071 1414 1180 1468 τῶν
1201 1414 1420 1479 ζώντων
1445 1431 1578 1469 συνα
1589 1415 1674 1484 ριο
1684 1415 1896 1485 μῶμαι·

314 1507 413 1559 καὶ
447 1505 849 1576 ἐξοπλισαίμην
873 1506 970 1578 τὴν
993 1511 1153 1578 χεῖρα
1183 1507 1328 1561 κατὰ
1358 1507 1467 1562 τῶν
1496 1507 1746 1561 ἐντεῦθεν
1771 1507 1903 1560 ἀνα⁹

317 1599 715 1670 φανησομένων
770 1599 980 1671 ἐχθρῶν
1023 1599 1176 1670 ὑμῶν
1216 1599 1309 1654 καὶ
1343 1601 1442 1667 τῆς
1481 1598 1760 1670 βασιλείας
1804 1597 1904 1669 τῆς

317 1692 594 1763 ὑμετέρας
620 1691 728 1746 τῶν
759 1692 1132 1746 ἀεισεϐάστων
1175 1691 1460 1745 σεϐαστῶν
1492 1691 1760 1761 βασιλέων
1802 1691 1902 1762 τῆς

316 1784 430 1838 τῶν
463 1786 757 1856 Ῥωμαίων
795 1786 1100 1857 ἡγεμονίας
1129 1786 1223 1840 καὶ
1255 1785 1385 1840 ἔνθα
1421 1785 1486 1841 ἂν
1515 1786 1608 1840 καὶ
1663 1803 1905 1857 προστα-

318 1876 507 1948 χθείην
532 1877 622 1947 ὑφ’
650 1877 806 1948 ὑμῶν
831 1879 971 1950 μετά
995 1878 1177 1951 πάσης
1205 1881 1304 1949 τῆς
1351 1896 1417 1931 πε
1429 1879 1482 1949 pl.
1515 1878 1616 1950 ἐμὲ
1641 1877 1906 1948 στρατιᾶς

316 1971 740 2042 ἀπροφασίστως
786 1972 1122 2026 ἐκδουλεύσω
1184 1974 1325 2026 κο.τά
1354 1972 1453 2044 τὴν
1489 1972 1907 2043 παρισταμένην

318 2061 532 2133 χρείαν.
573 2063 684 2116 Καὶ
723 2063 776 2115 εί
802 2081 945 2126 τινες
977 2064 1043 2118 ἂν
1083 2064 1177 2118 καὶ
1215 2059 1326 2117 εἷεν
1357 2064 1643 2134 δυσμενῶς
1687 2063 1906 2134 ἔχοντες

318 2153 458 2224 πρὸς
494 2152 556 2206 τὸ
595 2153 863 2224 ὑμέτερον
897 2155 1099 2226 κράτος
1131 2156 1180 2208 εί
1223 2156 1409 2226 μήπου
1469 2158 1582 2218 τοῖς
1614 2155 1906 2231 ἀθανάτοις

317 2247 577 2314 ἀγγέλοις
612 2245 919 2310 ίστάζοιντο
956 2248 1022 2300 ἂν
1063 2248 1157 2301 καὶ
1184 2248 1290 2300 elei
1327 2249 1440 2310 τοῖς
1479 2248 1778 2319 ἡμετέροις
1815 2247 1906 2301 δός

322 2353 484 2407 ρασιν
522 2336 780 2407 ἄτρωτοι,
813 2335 846 2407 ἢ
886 2336 1228 2408 ἀδαμάντινά
1263 2355 1383 2391 τινα
1415 2338 1764 2409 περίκεινται
1798 2337 1907 2391 σώ-

321 2447 473 2498 ματα
507 2429 651 2482 κατά
698 2429 905 2484 τούτων
963 2432 1186 2485 πάντων
1233 2433 1771 2504 ὑπεραγωνισαίμην
1806 2436 1906 2504 τῆς

322 2519 604 2588 βασιλείας
627 2519 804 2590 ὑμῶν.
832 2523 942 2574 Καὶ
964 2521 1013 2573 εἰ
1042 2521 1142 2592 μὲν
1177 2523 1345 2590 ὑγιῶς
1373 2522 1482 2595 ἔχω
1513 2524 1608 2577 τοῦ
1649 2523 1904 2594 σώματος

318 2612 414 2663 καὶ
475 2611 842 2682 ἐλευθεριάξω
885 2612 1123 2682 πολέμου
1151 2615 1296 2677 τινὸς
1338 2614 1683 2688 βαρϐαρικοῦ
1719 2632 1777 2668 τε
1810 2615 1906 2668 καὶ

318 2699 626 2770 Τουρκικοῦ
685 2702 852 2766 αὑτὸς
881 2701 994 2771 ἐγὼ
1033 2703 1111 2772 τῷ
1152 2703 1268 2773 ἐμῷ
1306 2703 1521 2775 σώματι
1552 2703 1904 2775 ἀγωνιοῦμαι

319 2792 413 2843 καὶ
447 2791 538 2843 τὸν
575 2793 714 2860 ὑπὲρ
753 2793 906 2863 ὑμῶν
944 2795 1185 2864 πόλεμον
1213 2797 1354 2864 μετά
1393 2794 1488 2849 τοῦ
1530 2795 1903 2868 ξυνεπομένου

322 2883 754 2954 στρατεύματος.
793 2886 855 2938 Ei
895 2886 953 2939 δὲ
1006 2886 1038 2956 ἢ
1073 2887 1212 2957 νόσῳ
1250 2887 1446 2958 βαρείᾳ
1499 2888 1772 2959 πεδοῦμαι
1817 2883 1904 2942 οἷα

322 2973 494 3027 πολλὰ
521 2974 590 3026 τά
622 2973 959 3046 ἀνθρώπινα,
996 2977 1026 3046 ἢ
1077 2977 1317 3046 πόλεμος
1357 2980 1710 3050 ἐπικείμενος
1763 2983 1905 3053 πρὸς

1995 500 2211 570 jestatis
2246 512 2374 567 tute,
2421 518 2448 558 a
2505 512 2556 559 te
2609 505 2959 562 rttbramento
3011 509 3392 581 sub5r~riptam.
3444 512 3577 580 Qua:r

1998 591 2214 661 quidem
2243 592 2396 648 Bulla
2428 610 2532 650 non
2562 598 2732 665 gratis
2759 599 2892 654 mihi
2925 610 3006 654 est
3045 604 3264 669 tradita,
3304 607 3395 660 sed
3425 622 3574 661 οοηι-

2001 693 2208 738 mutata
2235 699 2332 755 pro
2367 701 2424 740 re
2454 689 2708 758 quapiam
2742 705 2769 742 a
2809 707 2892 745 me
2934 693 3172 748 vicissim
3227 699 3527 753 exhibenda
3555 717 3572 759 ;

1999 773 2073 828 ita
2113 789 2213 845 ego
2244 793 2388 832 nunc
2430 779 2638 850 accipio
2686 789 2858 836 terras
2895 793 2952 837 ct
2984 783 3219 840 ditiones
3263 787 3382 843 illas
3425 806 3451 842 a
3486 800 3575 845 tua

2000 867 2283 938 majestate
2331 871 2669 928 irrevocabili
2721 873 2772 928 vi
2828 875 3099 944 praedictae
3156 877 3324 934 Bullae
3384 883 3575 936 Aurea:

1999 961 2288 1019 attributas
2335 965 2504 1031 mihi,
2546 973 2606 1019 ut
2661 967 2714 1020 in
2770 969 3260 1025 remunerationem
3314 980 3476 1041 atque
3525 974 3577 1028 in

2001 1054 2230 1120 pretium
2265 1064 2340 1109 tot
2401 1055 2614 1112 illarum
2658 1067 3038 1130 tantarumque
3073 1064 3353 1134 regionum
3392 1073 3447 1121 et
3494 1083 3582 1120 ur-

2000 1145 2170 1208 bium,
2229 1161 2499 1217 apponam
2546 1152 2886 1223 obligemque
2929 1154 3087 1209 ﬁdem
3143 1171 3208 1210 ac
3256 1157 3573 1214 ﬁdelitatem

2008 1250 2184 1290 meam
2217 1237 2489 1307 majestati
2518 1242 2800 1310 utriusque
2827 1253 3060 1300 vestrum
3089 1263 3104 1312 ;
3141 1257 3278 1315 tuae,
3327 1250 3578 1319 inquam,

2004 1327 2184 1397 magni
2225 1329 2571 1397 imperatoris
2598 1334 2800 1388 domini
2833 1335 3009 1391 Alexii
3052 1338 3348 1406 Comneni,
3387 1350 3441 1396 et
3487 1341 3582 1396 de-

2002 1420 2384 1478 sideratissimi
2421 1424 2515 1479 ﬁlii
2553 1426 2628 1479 tui
2659 1427 2923 1496 principis
2961 1429 3162 1485 domini
3195 1431 3420 1489 Joannis
3451 1434 3584 1488 Por-

2004 1510 2343 1582 phyrogeniti
2383 1515 2655 1585 spondeus
2701 1527 2755 1572 et
2804 1519 3068 1588 pollicens
3116 1523 3394 1576 immotam
3457 1539 3579 1579 eam

2005 1599 2494 1673 inconcussamque
2535 1614 2893 1675 retenturum,
2929 1610 3073 1665 velut
3119 1610 3330 1667 ﬁrmam
3378 1615 3584 1668 anchoo

2009 1703 2148 1744 ram.
2177 1688 2352 1760 Atque
2381 1699 2438 1745 ut
2470 1692 2671 1750 clarius
2705 1709 2974 1764 exponam
3013 1709 3247 1754 mentem
3287 1716 3462 1757 meam
3483 1743 3498 1766 ,
3533 1712 3585 1757 ct

2011 1779 2398 1849 proprietatem
2424 1796 2659 1849 servem,
2689 1784 3068 1857 lt-gitimasque
3099 1804 3352 1860 usurpem
3389 1791 3587 1847 formu-

2009 1871 2091 1928 las
2129 1887 2318 1927 eorum
2356 1873 2446 1943 qui
2497 1875 2602 1931 rite
2634 1877 2944 1933 ﬁdelitatem
2981 1881 3141 1935 alicui
3177 1896 3331 1936 suam
3379 1885 3586 1954 scripto

2009 1964 2323 2022 authentico
2355 1967 2722 2037 proﬁtentur:
2756 1985 2822 2025 en
2851 1986 2950 2042 ego
2991 1972 3324 2031 Biimuudus
3360 1976 3584 2032 Roberti

2007 2055 2256 2124 Giscardi
2291 2060 2454 2125 ﬁlius,
2485 2059 2797 2117 ﬁdelitatem
2823 2071 2878 2118 et
2900 2063 3292 2133 subjectior‘tetn
3327 2069 3586 2137 proﬁteor

2010 2163 2204 2205 vestrae
2237 2152 2529 2222 majestati,
2571 2155 2672 2208 hoc
2701 2163 2812 2216 est.
2837 2154 2935 2210 tibi
2967 2156 3280 2226 imperatori
3314 2158 3563 2215 Romano

2010 2254 2128 2292 rum
2160 2240 2379 2297 domino
2411 2243 2606 2299 Alexio
2630 2283 2644 2308 ,
2681 2257 2735 2301 et
2775 2246 3004 2318 principi
3051 2263 3114 2303 ac
3151 2249 3259 2307 ﬁlio
3312 2261 3406 2307 tuo
3447 2253 3588 2310 Pur-

2007 2332 2406 2404 phyrogenito;
2449 2344 2503 2390 et
2537 2339 2779 2407 spondeo
2816 2352 2904 2395 me
2947 2338 3104 2395 Vobis
3153 2340 3334 2396 lizium
3369 2357 3585 2399 omnem

2007 2439 2194 2479 verum
2223 2440 2288 2480 ac
2314 2427 2587 2483 sincerum
2626 2427 2766 2496 fore,
2797 2432 3041 2500 quandiu
3069 2433 3318 2503 spiritum
3349 2435 3542 2492 ducam
3571 2477 3586 2499 ,

2007 2528 2062 2571 et
2104 2531 2224 2570 cum
2273 2518 2409 2573 vivis
2458 2523 2808 2590 numerabar,
2865 2533 3320 2596 armaturumque
3367 2542 3588 2582 manum

2007 2619 2196 2662 contra
2241 2622 2430 2666 omnes
2467 2612 2558 2681 qui
2591 2627 2656 2666 ex
2702 2613 2806 2669 hoc
2848 2624 3096 2685 tempore
3145 2631 3267 2672 sese
3316 2618 3586 2686 profereu'

2011 2698 2194 2752 hostes
2255 2699 2552 2767 maiestatis
2591 2714 2810 2767 vestrae,
2871 2703 3266 2774 imperatorum
3330 2706 3589 2762 Romanae

2005 2789 2232 2864 ditionis
2267 2805 2481 2858 semper
2523 2794 2906 2861 Augustorum.
2947 2793 3141 2849 Vester
3188 2806 3392 2852 tantum
3441 2800 3590 2853 labor

2010 2877 2172 2933 fuerit
2224 2880 2416 2948 jubere
2467 2898 2531 2936 ac
2580 2884 2876 2953 praacipere
2901 2900 3009 2954 quo
3055 2888 3174 2942 loco
3233 2902 3297 2942 ac
3348 2899 3592 2959 tempore

2009 2971 2187 3025 velitis
2220 2986 2305 3026 me
2332 2981 2528 3040 praesto
2548 2973 2739 3029 adesse
2767 2989 2889 3030 cum
2916 2976 3049 3033 meis
3080 2979 3251 3048 capiis
3277 2981 3548 3038 universis
3572 2999 3587 3036 :

319 3065 516 3119 ἑαυτὸν
544 3066 692 3119 ἕλκει
725 3085 814 3137 με,
839 3067 960 3120 τότε
999 3067 1083 3138 δὴ,
1117 3070 1240 3121 τότε
1273 3069 1643 3142 ὑπισχνοῦμαι
1667 3074 1756 3127 διὰ
1790 3075 1899 3126 τῶν

2008 3061 2278 3130 obsequar
2313 3061 2586 3132 extemplo
2636 3063 2756 3118 sine
2799 3067 3174 3134 excusatione,
3228 3070 3347 3124 sine
3394 3085 3545 3126 mora
3572 3113 3588 3139 ,

317 3157 448 3225 περὶ
475 3155 575 3225 ἐμὲ
602 3157 866 3224 γενναίων
901 3156 1205 3227 ἀνθρώπων
1239 3177 1341 3230 μου
1405 3161 1506 3231 τὴν
1552 3162 1784 3233 δυνατὴν
1814 3163 1901 3231 ἐξ·

318 3248 674 3300 αποστέλλειν
705 3248 978 3319 βοήθειαν,
1003 3250 1077 3314 ὡς
1101 3251 1564 3314 ἐπανασωζόντων
1589 3254 1814 3308 ἐκείνων
1838 3257 1900 3310 τὸ

318 3337 452 3409 ἐμὸν
493 3339 786 3410 ἔλλειμμα.
848 3341 912 3392 Ἠ
959 3341 1068 3411 γάρ
1115 3341 1253 3413 ὀρθὴ
1314 3341 1500 3407 πίστις
1550 3345 1618 3416 ἢν
1660 3349 1903 3418 σήμερον

319 3431 460 3504 πρὸς
522 3432 621 3504 τὴν
662 3431 944 3503 βασιλείαν
1004 3433 1182 3504 ὑμῶν·
1240 3435 1402 3488 τοῦτο
1464 3439 1581 3490 ἐστὶ
1620 3438 1704 3498 τὺ.
1760 3438 1902 3509 ἢδι’

321 3525 568 3596 ἐμαυτοῦ
600 3525 632 3596 ἦ
665 3525 731 3580 δι’
761 3526 988 3596 ἐτέρων,
1019 3527 1278 3600 καθάπερ
1307 3529 1553 3600 εἴρηται,
1577 3531 1904 3602 ἀνακρωτη-

321 3621 521 3688 ρίαστα
557 3622 745 3687 τηρεῖν
777 3619 843 3672 τά
893 3620 992 3689 τῆς
1023 3621 1369 3690 συμφωνίας,
1395 3622 1564 3691 ὀροήν
1613 3640 1671 3675 τε
1717 3622 1903 3677 πίστιν

319 3708 616 3774 φυλάττειν
650 3709 934 3781 διὸμνυμι-
973 3711 1066 3765 καὶ⁸
1114 3711 1345 3766 καθόλου
1396 3715 1494 3766 καὶ
1522 3714 1664 3767 κατά
1709 3714 1898 3786 μέρος,

319 3801 466 3871 ὑπὲρ
504 3801 599 3855 τοῦ
629 3802 901 3875 ὑμετέρου
935 3803 1171 3874 κράτους
1199 3804 1292 3858 καί
1315 3804 1416 3873 τῆς
1449 3805 1728 3876 ὑμετέρας
1757 3805 1902 3878 ζωῆς

319 3895 560 3964 ταυτησὶ
598 3895 743 3963 λέγω
772 3895 870 3964 τῆς
908 3896 1061 3949 κάτω
1089 3913 1150 3948 τε
1208 3897 1304 3949 καὶ⁸
1334 3897 1533 3967 γηΐνης
1562 3912 1576 3926 ο
1611 3897 1752 3968 ὑπὲρ
1795 3899 1902 3968 γάρ

320 3991 422 4059 τῆς
457 3988 713 4060 τοιαύτης
747 3988 899 4059 ὑμῶν
928 3987 1095 4058 ζωῆς,
1127 3987 1386 4059 σιδηροῦς
1421 4005 1505 4052 τις
1546 3987 1771 4058 ἀνδριὰς
1813 3988 1906 4042 καὶ

323 4081 669 4152 σφυρήλατος
703 4079 1005 4151 γεννοίμην
1037 4081 1148 4143 τοῖς
1178 4080 1388 4145 ὅπλοις,
1429 4080 1569 4134 ἀλλὰ
1610 4081 1774 4152 μέχρι
1811 4080 1906 4132 καὶ

321 4176 422 4245 τῆς
452 4173 622 4244 τιμῆς
644 4172 742 4242 τῆς
773 4173 1072 4243 ὑμετέρας,
1112 4173 1393 4242 καὶμέχρι
1417 4171 1716 4242 βασιλικῶν
1749 4172 1905 4242 ὑμῶν

326 4265 506 4338 μελῶν
543 4266 771 4319 ἐκτείνω
796 4264 888 4318 τὸν
928 4265 1112 4333 ὅρκον,
1140 4263 1194 4317 εἴ
1220 4281 1305 4327 τις
1329 4265 1516 4328 αὐτοῖς
1553 4265 1906 4320 ἐπιϐουλεύε-

323 4377 415 4415 ται
462 4360 709 4422 κάκωσις
758 4360 911 4430 παρά
965 4376 1130 4412 τινων
1173 4357 1475 4431 ἀλιτηρίων
1537 4360 1771 4432 ἐχθρῶν,
1813 4360 1906 4425 οὓς

2006 3152 2328 3220 navahoque
2361 3150 2574 3208 ﬁdelem
2609 3163 2665 3208 et
2695 3170 2856 3224 quam
2886 3157 3231 3214 utilissimam
3265 3161 3420 3216 vobis
3453 3179 3589 3234 opev

2005 3259 2145 3306 ram,
2183 3252 2346 3314 prout
2409 3261 2496 3300 res
2553 3257 2853 3316 prtesentes
2911 3251 3153 3319 exigent,
3221 3254 3590 3322 perduellibus

2009 3334 2226 3396 vestris.
2256 3344 2350 3390 aut
2383 3336 2791 3408 quibuscunquc
2813 3343 3300 3413 quomodocunque
3332 3345 3485 3402 vobis
3509 3347 3591 3401 itt-

2009 3424 2178 3481 t‘cnsis
2213 3427 2343 3497 (nisi
2377 3427 2520 3482 forte
2552 3430 2955 3487 immortalibus
2996 3433 3202 3490 similes
3233 3436 3444 3504 angelis
3481 3438 3592 3493 sint

2009 3515 2432 3571 invulnerabiles
2467 3518 2669 3572 nostris
2700 3519 2892 3584 hastis,
2923 3527 2977 3574 et
3015 3521 3381 3576 adamantiuis
3425 3523 3588 3578 solidi

2007 3607 2326 3677 corporibus
2361 3607 2616 3678 rigeant),
2650 3618 2760 3665 toto
2785 3610 2984 3677 impetu
3013 3625 3112 3679 pro
3135 3622 3312 3667 vestra
3340 3628 3502 3670 causa
3534 3625 3592 3670 et

2009 3700 2289 3770 majestate
2325 3701 2652 3770 impctendis
2683 3717 2748 3756 ac
2777 3702 3129 3758 debellandis.
3157 3703 3234 3758 Ac
3263 3705 3306 3759 si
3334 3721 3437 3775 ego
3467 3709 3590 3776 qui-

2009 3795 2128 3849 dem
2170 3801 2225 3847 et
2263 3807 2496 3862 corpore
2527 3794 2740 3858 valebo,
2775 3801 2828 3849 et
2859 3807 2892 3846 a
2926 3793 3066 3850 bello
3107 3809 3429 3866 quocunque
3464 3799 3592 3854 bar-

2008 3885 2192 3941 barico
2219 3893 2314 3940 aut
2345 3885 2574 3941 Turcico
2599 3885 2735 3941 liber
2763 3884 2939 3952 fuero,
2962 3901 3062 3957 per
3089 3901 3175 3943 me
3197 3887 3316 3959 ipse
3345 3904 3588 3959 praesens

2008 3964 2241 4034 ductabo
2275 3992 2425 4033 meas
2454 3977 2664 4048 copias,
2700 3993 2938 4048 cumque
2983 3980 3053 4037 iis
3098 3995 3278 4037 meum
3324 3991 3492 4054 caput
3535 3994 3592 4039 et

2007 4071 2387 4143 408corpus
2414 4088 2466 4126 tn
2496 4087 2689 4142 pugna:
2713 4071 3005 4129 discrimen
3033 4085 3215 4129 vestra
3238 4091 3400 4131 causa
3428 4077 3590 4133 dabo.

2012 4166 2109 4220 Sin
2155 4181 2264 4231 me,
2299 4165 2480 4236 qualia
2516 4167 2687 4222 multa
2727 4168 3018 4224 humanam
3052 4168 3219 4224 vitam
3246 4168 3591 4226 incommoda

2010 4259 2291 4326 infestant,
2323 4269 2413 4316 aut
2440 4261 2624 4331 gravis
2651 4260 2876 4317 morbus
2904 4260 3230 4332 impedierit,
3267 4273 3360 4318 aut
3390 4262 3592 4319 bellum

2013 4351 2333 4410 incumbens
2393 4353 2462 4409 ad
2512 4367 2633 4410 sese
2689 4352 2796 4409 alio
2849 4355 3099 4420 traxerit,
3155 4363 3282 4411 tunc
3331 4356 3596 4425 polliceor

323 4452 550 4507 δυνατόν
580 4453 730 4507 ἐστιν
770 4429 871 4524 ἐμὲ
911 4451 1207 4507 καταλύειν
1245 4429 1350 4507 και
1367 4429 1656 4526 ἀπείργειν
1682 4454 1778 4509 τοῦ
1809 4471 1902 4509 κα-

2013 4447 2306 4503 missurum
2341 4461 2427 4503 me
2458 4461 2622 4517 quam
2657 4456 2847 4515 potero
2889 4445 3283 4502 validissimum
3323 4445 3589 4500 auxilium

325 4546 420 4600 κοῦ
448 4547 871 4616 ἐγχειρήματος·
904 4547 1041 4602 ἀλλά
1063 4547 1156 4599 καὶ
1190 4547 1330 4618 ὑπὲρ
1369 4547 1552 4618 πάσης
1590 4546 1776 4618 χώρας
1805 4551 1906 4619 τῆς

325 4639 597 4711 ὑμετέρας
648 4639 743 4690 καὶ
783 4637 991 4702 πόλεως
1037 4641 1242 4708 μικρᾶς
1268 4656 1327 4692 τε
1369 4639 1462 4692 καὶ
1512 4640 1760 4711 μεγάλης
1809 4641 1906 4694 καὶ

323 4734 506 4800 νήσων
532 4730 734 4795 αὑτῶν,
765 4731 859 4782 καὶ
895 4730 1256 4796 ἁπαξαπλῶς,
1290 4731 1462 4801 ὁπόση
1495 4732 1578 4796 τίς
1610 4733 1725 4786 ἐστι
1749 4733 1821 4804 γῆ
1845 4749 1906 4786 τε

323 4821 420 4874 καὶ
476 4819 728 4872 θάλασσα.
777 4819 883 4872 ὑπὸ
924 4819 992 4873 τά
1034 4819 1280 4890 ὑμέτερα
1334 4822 1590 4892 σκῆπτρα
1641 4821 1701 4886 ἐξ
1733 4820 1902 4876 αὑτοῦ

322 4911 563 4982 δήπουθε
583 4911 680 4965 τοῦ
711 4909 1088 4980 Ἀδριαντικοῦ
1115 4911 1386 4981 πελάγους
1411 4915 1507 4966 καὶ
1531 4911 1692 4982 μέχρι
1719 4913 1905 4981 πάσης

2012 4538 2253 4594 virorum
2287 4539 2509 4596 fortium
2541 4540 2631 4608 qui
2661 4539 2796 4594 mihi
2825 4539 3076 4605 subsunt,
3115 4539 3206 4609 qui
3239 4538 3306 4592 ad
3351 4547 3591 4594 vestrum

2015 4643 2206 4689 nutum
2241 4647 2352 4703 quo
2396 4631 2658 4702 jubebitis
2687 4639 2883 4700 praesto
2940 4629 3139 4693 futuri,
3196 4645 3373 4683 meum
3425 4630 3586 4684 obse-

2016 4728 2202 4798 quium
2252 4733 2643 4794 repraasenlent
2692 4733 2747 4779 et
2799 4723 3072 4780 defectum
3121 4723 3431 4794 suppleam.
3469 4723 3596 4778 llaec

2012 4818 2158 4874 enim
2191 4825 2338 4871 recta
2382 4814 2514 4870 ﬁdes
2539 4824 2646 4880 est,
2673 4829 2838 4884 quam
2887 4813 3046 4870 hodie
3101 4811 3372 4881 maiestati
3403 4823 3596 4870 vestra:

2009 4909 2214 4979 obligo,
2250 4916 2342 4962 aut
2373 4921 2467 4978 per
2495 4922 2582 4961 mo
2609 4917 2700 4962 aut
2730 4923 2827 4975 per
2859 4906 3018 4974 alios,
3054 4917 3116 4962 ut
3139 4906 3250 4962 dixi
3275 4945 3292 4971 ,
3325 4906 3591 4962 illibatum

323 5001 596 5071 ἀνατολῆς
626 5002 720 5053 καὶ
753 5001 898 5054 κατὰ
932 5003 1106 5072 μῆκος
1139 5003 1236 5071 τῆς
1276 5001 1519 5073 μεγάλης
1559 5002 1741 5067 Ἀσίας
1776 5001 1902 5056 ἔνθα

2012 5001 2152 5057 tueri
2184 4999 2538 5069 subjectionis
2559 4999 2829 5066 oﬁicium;
2867 5001 2969 5056 hoc
2999 5013 3162 5055 sensu
3200 5009 3402 5055 rectam
3429 5001 3590 5057 ﬁdem

322 5095 391 5148 τά
419 5093 530 5146 τῶν
568 5092 858 5164 Ῥωμαίων
908 5092 1186 5163 ὁρίσματα
1217 5087 1306 5162 ἦν.
1345 5092 1467 5145 Ἔτι
1499 5093 1777 5161 συμφωνῶ
1815 5094 1902 5146 καὶ

2008 5095 2154 5166 juro,
2190 5105 2244 5149 et
2272 5095 2568 5150 universim
2599 5105 2653 5150 et
2681 5109 2776 5164 per
2811 5104 3017 5166 partes,
3061 5111 3162 5165 pro
3190 5100 3369 5151 vestra
3403 5097 3597 5167 ampli-

322 5185 485 5242 h'rat
520 5185 628 5239 τῶν
659 5183 1190 5256 συμπεφωνημένων
1236 5185 1448 5256 μάρτυς
1485 5187 1578 5238 καὶ
1609 5185 1850 5254 ὑπήκοος
1881 5187 1902 5239 ὁ

2012 5187 2200 5244 tudine
2223 5202 2288 5243 ac
2321 5187 2584 5257 potentia,
2610 5202 2817 5259 proque
2841 5197 3022 5245 vestra
3046 5188 3180 5255 vita,
3205 5188 3332 5254 bac,
3355 5191 3591 5260 inquam,

323 5279 459 5344 Θεὸς
490 5281 764 5351 μηδεμίαν
797 5279 1068 5350 μηδέποτε
1107 5276 1294 5348 χώραν
1321 5278 1665 5348 τεταγμένην
1707 5279 1813 5332 ὑπὸ
1845 5280 1902 5333 τά

2013 5280 2195 5334 inﬁma
2231 5279 2585 5351 tcrrestrique
2617 5295 2681 5337 ac
2710 5281 2948 5338 naturali
2975 5282 3086 5339 vita
3112 5325 3127 5352 ,
3157 5282 3360 5339 tuenda
3391 5297 3593 5372 propu-

325 5371 568 5442 ὑμέτερα
605 5373 866 5441 σκῆπτρα
905 5369 1018 5422 εἴτε
1064 5369 1158 5422 νῦν
1202 5368 1315 5421 εἴτε
1347 5367 1636 5438 πρότερον,
1670 5369 1783 5422 εἴτε
1818 5371 1902 5424 πός

2013 5372 2366 5442 gnaudaque,
2406 5387 2510 5427 non
2569 5373 2749 5431 minus
2808 5374 3168 5433 inconcussus
3223 5391 3288 5432 ac
3339 5367 3596 5428 constans

325 5459 410 5513 λιν
439 5461 473 5530 ἢ
501 5463 666 5532 νῆσον
697 5464 918 5531 κρατεῖν
947 5479 1006 5515 τε
1041 5463 1137 5515 καὶ
1164 5462 1335 5532 ἔχειν.
1367 5461 1476 5514 Καὶ
1512 5461 1704 5525 ἁπλῶς
1735 5465 1902 5518 ὁπόσα

2013 5479 2174 5544 quam
2203 5463 2384 5520 ferrea
2413 5463 2498 5520 vel
2532 5479 2640 5521 aere
2667 5463 2786 5524 fusa
2829 5468 3060 5525 ductave
3098 5477 3277 5525 statua
3327 5463 3379 5518 in
3427 5462 3596 5516 armis

1387 5599 1586 5665 Varia:
1625 5603 1932 5672 lectiones
1965 5624 2042 5671 ex
2067 5607 2211 5672 cod.
2249 5606 2518 5671 Coislin.

403 5726 450 5758 “
483 5727 510 5779 ὁ
546 5723 902 5795 Βαῖμοῦνδος.
983 5725 1029 5759 ⁸³
1069 5724 1225 5782 Deest
1284 5739 1386 5782 vox
1421 5723 1550 5798 κῦρ.
