3998 6206
554 250 694 319 1007

1818 246 2045 309 ANN/E
2086 238 2464 307 (ΞΟΜΝΕΝίΕ

3591 253 3749 316 Ῑθθῧ.

553 384 639 426 me
678 375 941 424 staturum
976 380 987 415 :
1016 363 1755 435 iuraui-ritumqueeousque
1777 362 2030 424 extendo,
2057 368 2114 412 ut

2224 355 2250 423 η
2310 351 2559 422 βασιλεία
2612 351 3233 418 Κωνσταντινουπὸλεως
3277 359 3523 428 περιεῖχεν
3567 363 3594 432 ἢ
3630 366 3707 418 νῦν

551 478 662 519 non
695 469 899 515 tantum
933 473 1028 525 pro
1064 453 1320 509 membris
1354 454 1549 509 vestris
1581 454 1764 523 regiis,
1810 453 1903 507 sed
1949 452 2112 505 ctiam

553 570 652 626 pro
678 554 882 608 honore
912 546 1244 603 defendendo
1268 556 1469 609 vestro,
1496 545 1862 616 dignitateque
1887 558 1948 597 ac
1974 541 2114 595 fama

556 645 770 700 tuendis
802 650 988 697 contra
1019 651 1370 707 quoscunque
1394 634 1589 691 ltedere
1618 634 1737 688 illas
1773 641 1867 688 aut
1912 631 2118 685 violare

555 728 956 802 quomodolibet
998 733 1347 789 attentantes,
1381 722 1463 777 vel
1498 730 1776 793 parantes,
1817 730 1929 776 tota
1966 723 2017 773 vi
2052 733 2117 774 ac

553 822 794 893 potentia
825 834 939 873 mea
979 817 1212 883 veniam;
1243 815 1495 883 injuriam
1534 829 1632 884 pro
1671 828 1791 868 meo
1818 811 1957 868 virili
1993 825 2118 881 pro-

553 911 847 966 hibiturus.
879 907 988 961 Nec
1022 921 1120 976 pro
1150 904 1294 958 fama
1320 915 1375 958 et
1396 902 1795 958 existimatione
1827 902 1997 955 solum
2026 915 2119 955 ve-

552 1009 688 1067 stra,
719 1000 812 1055 sed
850 998 1015 1051 etiam
1054 1012 1149 1065 pro
1201 996 1391 1065 quavis
1445 995 1699 1065 regione,
1745 992 1875 1046 urbe
1902 1031 1916 1055 ,
1955 1006 2117 1059 parva

550 1091 635 1145 vel
667 1102 884 1160 magna,
914 1086 1105 1141 insulis
1137 1098 1354 1155 quoque
1394 1082 1557 1155 ipsis;
1584 1081 1840 1149 denique,
1870 1090 1926 1134 ut
1952 1082 2117 1135 verbo

551 1183 750 1246 dicam,
781 1195 877 1250 pro
902 1191 1223 1248 quocunque
1251 1175 1369 1229 loco
1395 1184 1555 1229 terrae
1586 1173 1857 1242 marisque
1884 1173 2117 1242 sceptris

548 1273 748 1329 vestris
787 1272 1044 1335 obnoxio,
1078 1270 1146 1325 ab
1172 1266 1449 1322 Adriatico
1489 1267 1700 1335 pelago,
1733 1280 1903 1334 usque
1934 1264 2000 1319 ad
2034 1274 2117 1319 to-

554 1377 662 1420 tum
694 1365 996 1426 Orientem,
1023 1372 1075 1416 et
1111 1374 1205 1431 per
1231 1359 1569 1413 latitudinem
1599 1372 1804 1426 magnae
1833 1356 1997 1420 Asiae,
2025 1355 2116 1410 ubi

546 1454 919 1513 Romanorum
961 1452 1094 1506 lines
1122 1458 1304 1505 erant.
1330 1448 1595 1504 Promitto
1623 1455 1900 1519 prmterea,
1931 1456 1987 1501 et
2017 1447 2121 1502 erit

549 1547 941 1617 promissorum
994 1542 1150 1597 testis
1198 1551 1252 1596 et
1285 1541 1501 1594 auditor
1547 1541 1722 1605 Deus,
1776 1540 1979 1594 nullam
2033 1551 2119 1593 me

550 1653 786 1707 unquam
834 1635 1108 1705 regionem
1152 1632 1449 1702 subiectam
1477 1630 1710 1698 sceptris
1746 1630 1962 1695 vestris,
1997 1630 2113 1685 sive

550 1746 719 1796 nunc,
747 1730 860 1782 sive
887 1728 1060 1797 prius,
1098 1739 1189 1778 seu
1217 1725 1348 1777 urbs
1392 1723 1504 1787 illa,
1554 1737 1650 1778 seu
1697 1723 1871 1777 insula
1906 1722 2069 1776 fuerit
2095 1759 2110 1787 ,

550 1819 862 1872 habiturum
893 1826 1343 1884 possessurumve
1378 1824 1482 1876 me,
1523 1818 1614 1864 aut
1644 1811 1774 1865 mihi
1806 1810 2114 1865 vindicatu-

555 1924 696 1971 rum,
729 1916 922 1976 praeter
952 1920 1044 1959 eas
1083 1911 1257 1958 terras
1290 1910 1345 1957 et
1370 1901 1487 1957 loca
1516 1901 1831 1956 nominatim
1872 1916 1995 1957 mox
2025 1915 2120 1955 ex.

557 1998 836 2068 primemla
871 1997 924 2050 in
968 1995 1220 2065 praesenti
1267 1993 1503 2062 scripto,
1531 2007 1648 2062 qua:
1683 1992 1816 2047 mihi
1863 1992 2118 2048 distincte

553 2094 763 2146 ιίοηιιιυε
791 2097 920 2143 sunt
964 2088 1031 2141 ab
1066 2086 1323 2141 divinitus
1350 2084 1518 2140 electa
1564 2085 1846 2156 majestate
1881 2092 2061 2141 vestra
2100 2102 2116 2140 :

552 2184 622 2236 iis
648 2182 912 2235 duntaxat
943 2179 1204 2247 exceptis,
1229 2186 1425 2231 caetera
1458 2177 1618 2247 plane
1649 2177 1851 2240 omnia,
1887 2192 2006 2246 qua;
2037 2176 2121 2231 vel

553 2274 689 2327 alias
735 2270 1213 2339 complectebatur,
1264 2267 1347 2321 vel
1398 2283 1540 2322 nunc
1586 2267 1982 2335 complectitur,
2025 2282 2120 2336 per

553 2363 824 2419 Orientem
861 2374 1061 2431 perque
1095 2357 1437 2414 Occidentem
1462 2357 2113 2426 Constantinopolitanum

553 2452 836 2521 imperium
865 2448 1079 2519 propria
1106 2462 1199 2517 per
1229 2461 1314 2500 me
1335 2446 1489 2500 vobis
1517 2444 1711 2515 etjure
1733 2459 1891 2513 quam
1919 2446 2121 2513 Optimo

555 2540 848 2612 peculiaria
882 2543 1062 2593 erunt.
1095 2536 1248 2604 Quod
1291 2535 1334 2590 si
1380 2551 1539 2607 quam
1576 2538 1713 2591 l'ortc
1744 2535 1907 2590 armis
1953 2537 2121 2607 subji-

553 2649 679 2689 cere
714 2633 938 2702 quivero
956 2631 1262 2701 regionem,
1297 2628 1653 2697 pra-sentibus
1687 2628 1803 2697 ejus
1835 2641 2119 2697 possesso-

556 2725 707 2780 ribus
740 2723 878 2778 bello
904 2720 1354 2783 exterminandis,
1397 2734 1516 2789 quae
1563 2720 1690 2776 olim
1716 2719 2002 2789 aliquando
2053 2719 2119 2774 ad

554 2815 855 2871 Romanum
909 2811 1194 2882 imperium
1236 2810 1580 2877 pertinuerit,
1618 2810 1871 2879 polliceor
1918 2826 2004 2863 me
2051 2810 2117 2863 ad

557 2916 791 2964 vestrum
822 2903 1106 2960 arbitrium
1142 2902 1450 2956 delaturum
1503 2903 1743 2956 victoria
1799 2902 1941 2955 illius
1981 2916 2118 2956 mete

558 3000 791 3052 fructum
818 3033 833 3059 ,
895 3001 1446 3061 exspectaturumque
1499 2991 1732 3047 obnoxie
1775 2992 1905 3060 quid
1953 2993 2018 3045 de
2056 3007 2120 3047 eo
2148 3024 2191 3081 ϐ

554 3084 884 3141 constituere
911 3081 1065 3136 vobis
1094 3079 1336 3149 placeat;
1373 3095 1436 3135 ae
1468 3081 1512 3134 si
1540 3083 1756 3149 quidem
1787 3082 1937 3135 vobis
1969 3083 2119 3136 vide-

554 3178 702 3232 bitur
766 3173 1290 3228 administrationem
1340 3180 1395 3224 et
1448 3173 1746 3240 precariam
1801 3180 2119 3239 potestatem

553 3270 844 3341 provinciae
871 3268 994 3323 talis
1024 3282 1052 3321 a
1074 3281 1171 3321 me
1200 3264 1341 3320 bello
1368 3264 1626 3333 qumsitze,
1653 3264 1781 3318 mihi
1805 3265 2121 3328 concedere,

552 3363 609 3416 id
642 3361 697 3415 in
722 3360 908 3429 gratiae
941 3367 1093 3428 parte
1123 3356 1398 3426 imputabo
1430 3355 1578 3409 vobis
1611 3371 1626 3408 :
1656 3366 1711 3410 et
1743 3370 1880 3411 novo
1908 3357 2123 3410 nomine

552 3465 710 3509 terra!
746 3468 810 3507 ac
838 3450 1203 3521 possessionis
1253 3449 1413 3505 istius
1463 3447 1624 3502 homo
1667 3447 1820 3502 vobis
1869 3447 2025 3503 lizins
2071 3455 2126 3502 et

552 3558 740 3600 servus
774 3543 949 3598 ﬁdelis
998 3556 1122 3597 esse
1167 3556 1410 3611 pergam.
1447 3539 1542 3593 Sin
1593 3539 1735 3593 aliud
1789 3539 2114 3606 malueritis,

553 3637 763 3689 tradam
793 3648 917 3687 cum
946 3632 1046 3686 llde
1075 3631 1194 3686 sine
1228 3629 1487 3685 dilatione
1523 3628 1773 3681 fraudevc
1798 3626 1961 3699 m9
1992 3628 2122 3693 ulla,

554 3734 721 3781 totam
751 3724 895 3778 illam
929 3731 1125 3777 terram
1157 3720 1430 3788 urbesque
1469 3727 1524 3772 et
1567 3732 1720 3772 arces
1754 3720 2058 3786 cuicunque
2091 3731 2121 3771 a

552 3818 839 3885 majestate
867 3821 1051 3868 vestra
1077 3812 1141 3865 ad
1170 3811 1222 3865 id
1253 3810 1533 3879 designato
1559 3810 1829 3877 missoque
1851 3808 1987 3861 viro.
2010 3807 2125 3861 lmo

552 3909 598 3962 si
647 3907 772 3976 quis
827 3907 966 3959 forte
1012 3904 1086 3957 sit
1139 3901 1231 3968 qui
1286 3900 1767 3969 quomodocunqne
1823 3913 2122 3968 possessam

555 4004 870 4064 ereptumve
928 3993 1178 4049 hostibus
1223 3992 1411 4047 urbem
1489 4005 1739 4061 magnam
1794 3991 2127 4043 minutamve

553 4089 876 4158 quamlibet,
905 4101 970 4140 ex
1005 4086 1073 4140 iis
1102 4098 1219 4154 quae
1251 4084 1351 4138 sub
1384 4082 1621 4136 dominio
1663 4080 1891 4135 Romani
1927 4081 2128 4149 princi-

554 4191 713 4250 patus
740 4177 1030 4246 aliquando
1057 4176 1294 4238 fuerunt,
1342 4174 1472 4228 mihi
1520 4173 1770 4242 prodere,
1814 4181 1905 4226 aut
1937 4173 1989 4227 in
2027 4187 2127 4242 po-

557 4279 807 4324 testatem
837 4268 1101 4336 privatam
1136 4280 1308 4320 meam
1342 4263 1659 4328 transferre,
1684 4264 1882 4318 mihive
1912 4265 2126 4331 proprie

2219 445 2461 515 κατέχει,
2499 445 2642 497 κατά
2670 460 2727 497 τε
2757 444 2854 514 τὴν
2882 443 3149 513 ἀνατολὴν
3180 448 3270 497 καὶ
3303 446 3392 516 τὴν
3417 447 3567 513 δύσιν,
3587 453 3709 518 ἐκτὸς

2216 537 2324 591 τῶν
2365 536 2546 607 ῥητῶς
2577 534 2966 605 δεδωρημένων
3000 552 3091 605 μοι
3137 535 3282 606 παρὰ
3313 537 3400 589 τοῦ
3426 542 3708 612 θεοπροσλὴ.

2215 644 2310 681 του
2345 630 2583 698 κράτους
2619 626 2796 696 ὑμῶν,
2842 625 2879 680 ἃ.
2924 628 3018 680 καὶ
3047 629 3168 680 κατ’
3203 628 3366 698 ὄνομα
3393 628 3708 701 δηλωθήσεται

2216 720 2274 771 ἐν
2309 719 2385 789 τῷ
2411 719 2640 789 παρόντι
2660 717 2944 787 ἐγγράφῳ.
2997 718 3138 770 Ἀλλ’
3168 720 3364 789 ὁπόσην
3390 720 3449 774 ἂν
3476 721 3712 794 δυνηθείην

2216 808 2585 881 χειρώσασθαι
2604 808 2792 880 χώραν
2834 808 3097 864 τελοῦσαν
3120 827 3247 862 ποτε
3271 810 3369 863 ύπϊ
3384 809 3473 881 τὴν
3495 812 3714 882 βασιλείαν

2216 901 2420 971 ταύτην
2442 902 2806 971 ἀπωσάμενος
2825 900 2948 964 τοὺς
2968 900 3066 972 τὴν
3086 902 3266 971 χώραν
3290 904 3489 973 ἐκείνην
3508 908 3717 974 κατέχον-

2216 1007 2315 1052 τας
2334 992 2411 1054 είς
2432 993 2528 1060 τὴν
2551 990 2776 1061 γνώμην
2800 990 2898 1061 τὴν
2921 992 3190 1062 ὑμετέραν
3214 995 3438 1064 ἀναρτᾷν
3458 995 3628 1061 ὀφείλω
3644 997 3717 1066 τὴν

2220 1085 2354 1152 περὶ
2396 1083 2604 1152 ταύτης
2655 1080 2992 1152 οίκονομίαν·
3041 1084 3135 1136 καὶ
3164 1085 3212 1137 εἰ
3266 1084 3360 1152 μὲν
3387 1085 3477 1154 ἐμὲ
3504 1084 3715 1154 βούλεσθε

2218 1173 2597 1244 ἐπιτροπεύειν
2645 1173 2745 1243 τῆς
2793 1173 3179 1244 κυριευθείσης
3223 1173 3398 1245 χώρας
3434 1176 3501 1239 ὡς
3549 1178 3718 1247 ἄνθρωι

2219 1281 2319 1318 πον
2365 1262 2632 1332 ὑμέτερον
2671 1260 2841 1326 λίζιον
2868 1263 2963 1315 καὶ
2991 1263 3177 1315 δοῦλον
3202 1264 3385 1317 πιστὸν
3406 1264 3544 1317 ἔσται
3577 1265 3717 1321 τοῦτο.

2218 1354 2281 1406 El
2315 1353 2358 1407 δ’
2388 1351 2505 1418 οὖν,
2530 1352 2666 1406 ἀλλὰ
2701 1352 3000 1423 παραδοίην
3034 1353 3099 1407 ἂν
3123 1345 3168 1422 ᾧ
3191 1352 3255 1407 ἂν
3285 1354 3434 1424 ἀνδρὶ
3464 1357 3493 1426 η
3520 1356 3721 1425 βασιλεία

2218 1443 2370 1513 ὑμῶν
2412 1443 2698 1514 βουληθείη
2719 1483 2734 1508 ,
2774 1445 2849 1514 μὴ
2882 1445 3238 1513 ἀμφιϐάλλων
3273 1447 3407 1499 κατὰ.
3436 1462 3484 1497 τι
3518 1447 3573 1499 τὸ
3624 1446 3723 1500 cliv-

2222 1534 2364 1589 ολον.
2394 1533 2594 1605 Χώραν
2621 1534 2675 1587 δὲ
2699 1535 2761 1587 ού
2789 1534 3010 1604 δέξομαι
3034 1534 3124 1603 ὑφ’
3156 1535 3340 1606 ὲτέρου
3369 1537 3501 1598 τινὸς
3530 1537 3724 1607 προδιδο-

2225 1625 2394 1696 μένην
2424 1626 2570 1694 ἐμοὶ,
2594 1625 2626 1696 ἦ
2659 1624 2811 1677 πόλιν
2842 1625 2967 1678 τινὰ
2997 1625 3029 1695 ἢ
3050 1625 3345 1696 πολίχνιον,
3367 1626 3499 1697 ἅπερ
3520 1628 3627 1680 ποτὲ
3646 1614 3726 1680 ὑπὸ

2215 1719 2311 1787 τὴν
2344 1719 2443 1788 τῆς
2483 1716 2756 1786 βασιλείας
2786 1716 3033 1780 ἐξουσίαν
3066 1717 3380 1787 ἐτύγχανον,
3415 1723 3482 1781 ib;
3508 1720 3724 1788 ὲμοὶδιαο

2218 1807 2472 1877 φέροντα.
2514 1807 2650 1860 ἀλλὰ
2688 1808 2784 1860 καὶ
2825 1811 2893 1860 τὰ
2943 1808 3236 1879 πολιορκίᾳ
3274 1809 3610 1879 κρατούμενα,
3654 1808 3729 1862 καὶ

2216 1902 2285 1954 τὰ
2315 1901 2442 1955 ἄνευ
2472 1898 2785 1970 πολιορκίας
2814 1899 3058 1971 ὑμέτερα
3089 1899 3135 1951 δ’
3169 1894 3307 1969 ἦσαν
3336 1900 3426 1952 καὶ
3458 1899 3596 1951 πάλιν
3624 1898 3729 1966 ὗμι-

2218 2010 2351 2065 τερα
2374 1991 2591 2046 ἔσονται
2612 2009 2626 2023 ·
2654 1992 2776 2062 μηδ’
2797 1993 2941 2054 ὅπως
2969 2008 3015 2045 τι
3040 1988 3132 2045 οὖν
3155 1992 3626 2062 δικαιολογουμένου
3651 2004 3731 2059 μου

2219 2084 2349 2154 περὶ
2381 2082 2614 2137 τούτων.
2663 2082 2803 2134 Ἀλλ’
2832 2081 2954 2134 οὐδὲ
2993 2082 3160 2149 ὅρκον
3206 2081 3421 2150 δέξομαι
3458 2083 3592 2151 παρά
3618 2095 3732 2141 τινος

2218 2173 2570 2245 Χριστιανοῦ,
2599 2172 2632 2243 ἢ
2658 2172 2817 2227 δώσω
2850 2173 2982 2243 πρὸς
3004 2174 3089 2225 Et:
3102 2190 3219 2241 ρον,
3245 2174 3277 2244 ἢ
3305 2174 3597 2243 συμφωνίαν
3621 2172 3734 2240 ἠντι-

2220 2265 2380 2319 ναοῦν
2415 2265 2549 2335 πρὸς
2583 2264 2787 2335 βλάϐην
2808 2264 3081 2334 ὑμετέραν
3105 2264 3343 2335 ὁρῶσαν,
3371 2265 3401 2333 ἢ
3430 2263 3553 2334 πρὸ,
3575 2261 3735 2330 ζημίαν

2221 2357 2315 2408 καὶ
2367 2356 2521 2424 ὑμῶν
2578 2356 2793 2424 καὶτῆς
2838 2354 3115 2425 βασιλείας
3169 2357 3270 2425 τῆς
3311 2355 3581 2423 ύμεοέρας.
3628 2351 3736 2404 Ἀλλ’

2219 2447 2341 2500 οὐδὲ
2374 2445 2662 2515 ἄνθρωπος
2705 2445 2894 2515 ἑτέρου
2939 2448 3264 2516 γενήσομαι,
3300 2446 3333 2516 ἢ
3384 2446 3556 2514 ἐτέρας
3598 2442 3737 2512 ἀρχῆς

2223 2536 2489 2608 μείζονος,
2522 2536 2887 2607 ἢέλάσσονος,
2929 2538 3056 2591 ἄνευ
3097 2537 3193 2590 τοῦ
3224 2538 3447 2608 κράτους
3474 2535 3555 2589 τοῦ
3580 2534 3734 2604 ὑμετέ-

2223 2645 2338 2700 ρου,
2388 2627 2523 2681 ἀλλὰ
2569 2628 2664 2697 μία
2708 2628 2964 2699 κυριότης
3012 2629 3137 2698 ἐμοὶ
3264 2625 3599 2696 ύτισχνοῦμαι
3648 2624 3738 2675 διυ-

2220 2719 2420 2785 λεύειν,
2458 2722 2490 2790 ἠ
2546 2719 2789 2789 βασιλεία
2834 2720 2927 2773 σοῦ
2965 2738 3025 2773 τε
3060 2722 3159 2773 καὶ
3199 2720 3292 2773 τοῦ
3328 2719 3621 2789 τριποθήτου
3646 2714 3738 2767 υἷοῦ

2223 2828 2339 2865 σου.
2371 2813 2507 2873 Teii,
2538 2813 2593 2863 δὲ
2625 2811 3094 2882 προσερχομένους
3116 2830 3212 2883 μοι
3238 2811 3537 2882 ἀνθρώπους
3564 2810 3644 2878 τῆς
3665 2807 3738 2877 βα-

2224 2904 2426 2966 σιλείας
2456 2920 2548 2956 σου
2568 2903 2640 2966 ὼς
2664 2904 3178 2970 κατεξαναστάντας
3210 2903 3302 2957 τοῦ
3327 2905 3548 2973 κράτους
3572 2900 3648 2953 τοῦ
3666 2898 3739 2950 σοῦ

2225 2996 2350 3065 ἐμοὶ
2387 2995 2722 3047 ὲκδουλεύειν
2752 2997 2829 3061 ⁵⁸,
2865 2997 2955 3047 καὶ
2986 2996 3211 3066 μισήσω
3242 2998 3334 3049 καὶ
3359 2992 3735 3063 ἀποπέμψομαιο

2233 3083 2431 3152 μᾶλλον
2469 3083 2523 3135 δὲ
2569 3082 2687 3137 κατ’
2721 3084 2900 3136 αὐτῶν
2936 3083 3314 3154 ἑξοπλίσομαι.
3344 3085 3471 3145 Τοὺς
3510 3083 3558 3134 δὲ
3590 3081 3739 3138 ἄλλους

2230 3173 2567 3245 Βαρὸἀρους,
2598 3173 2882 3237 casiam;
2910 3175 2965 3228 δὲ
2990 3177 3138 3244 ὅμως
3182 3177 3285 3229 ὑπὸ
3312 3176 3371 3229 τι
3402 3175 3521 3243 ἐμὸν
3543 3174 3649 3242 δόρυ
3676 3162 3740 3237 is:

2229 3265 2435 3329 νεσθαι,
2462 3265 2722 3335 δεξαίμην
2753 3266 2877 3336 μὴν,
2904 3266 3020 3319 ἀλλ’
3042 3267 3142 3321 οὐκ
3170 3267 3285 3337 ἰδίῳ
3307 3265 3581 3337 προσώπῳ,
3605 3261 3739 3332 ὀρκιὼ

2229 3358 2284 3411 δὲ
2319 3360 2540 3421 τούτους
2573 3359 2735 3413 ἕνεκα
2781 3359 2872 3411 σοῦ
2908 3375 2966 3412 τε
3004 3362 3099 3413 καὶ
3134 3360 3233 3414 τοῦ
3274 3359 3610 3432 περιποθήτου
3649 3352 3739 3405 υἱοῦ

2232 3465 2322 3501 σου
2361 3448 2456 3502 καὶ
2497 3449 2595 3511 τὰς
2642 3448 2701 3514 ἐξ
2750 3447 2926 3502 αὐτῶν
2966 3448 3151 3519 χώρας
3187 3450 3555 3520 παραλήψομαι
3587 3442 3741 3509 δικαίῳ

2228 3540 2328 3608 τῆς
2364 3538 2642 3608 βασιλείας
2684 3543 2779 3611 τῆς
2820 3540 3092 3611 ὑμετέρας
3113 3580 3130 3605 ,
3166 3540 3263 3594 καὶ⁸
3295 3540 3528 3594 ἐνεεῦθεν
3555 3537 3605 3587 τὸ
3632 3534 3741 3601 ὑπὲρ

2231 3631 2413 3685 αὐτῶν
2447 3633 2938 3702 προσταττόμενον,
2969 3634 3394 3702 ἀπροφασίστως
3429 3633 3581 3684 ποιεῖν
3607 3631 3740 3689 ἐπαγ·

2229 3722 2511 3792 γέλλομαι.
2555 3722 2743 3776 Ταῦτα
2777 3723 2876 3793 μὲν
2916 3727 3043 3793 περὶ
3082 3724 3196 3776 τῶν
3234 3726 3436 3777 πόλεων
3460 3724 3543 3775 καὶ
3562 3717 3739 3790 χωρῶν.

2229 3813 2351 3866 ὅσαι
2382 3813 2488 3866 ὑπὸ
2517 3812 2577 3866 τδ
2608 3815 2887 3885 σκῆπτρον
2916 3816 3013 3886 τῆς
3059 3815 3353 3886 Ῥωμαίων
3381 3818 3536 3885 τύχης
3562 3811 3741 3877 ἐτύγχα·

2230 3923 2322 3958 νον
2367 3903 2544 3959 οὖσαι.
2592 3908 2728 3978 Περὶ
2759 3907 2814 3962 δὲ
2856 3909 2963 3963 τῶν
3008 3909 3240 3981 μηδέπω
3280 3907 3659 3963 δεδουλευκότων
3690 3903 3740 3970 τῇ

2242 3994 2543 4067 Ῥωμανίᾳ,
2578 3996 2754 4049 ταῦτα
2783 3998 3022 4068 ἐνόρκως
3048 3999 3573 4069 κατεπαγγέλλομαι,
3597 3995 3656 4057 ὡς
3677 3992 3741 4044 ἵνα

2231 4086 2328 4148 τάς
2351 4103 2410 4139 τε
2433 4089 2805 4157 ἐπερχομένας
2838 4106 2927 4159 μοι
2950 4090 3133 4161 χώρας
3164 4092 3296 4146 ἄνευ
3317 4090 3557 4160 πολέμου,
3586 4086 3613 4156 ἦ
3637 4081 3741 4154 μετὰ

2231 4176 2471 4247 πολέμου
2495 4179 2589 4230 καὶ
2621 4177 2820 4249 μάχης,
2859 4182 2953 4233 καὶ
2989 4182 3197 4243 ταύτας
3232 4184 3444 4246 ἁπάσας
3470 4181 3538 4242 ὡς
3560 4176 3649 4232 ἀπὸ
3667 4174 3741 4241 τῆς

2234 4268 2508 4338 ὑμετέρας
2534 4268 2809 4338 βασιλείας
2834 4269 3145 4341 λογίζομαι,
3182 4275 3292 4327 εἴτε
3317 4270 3593 4344 Τουρκικαί
3615 4269 3739 4322 εἰσιν,

552 4360 940 4430 possidendam
971 4356 1265 4412 attribuere
1303 4354 1453 4419 velit,
1488 4356 1673 4424 utique
1699 4356 1963 4409 recusabo
1989 4372 2004 4409 :
2031 4357 2123 4409 sed

2232 4362 2342 4413 alta
2383 4360 2723 4430 Ἀρμενικαὶ,
2754 4361 2848 4413 καὶ
2879 4361 2952 4425 ὡς
2984 4363 3049 4416 ἄν
3077 4380 3164 4426 τις
3192 4365 3324 4437 εἴπῃ
3352 4364 3459 4417 τῶν
3480 4364 3569 4433 τὴν
3590 4355 3742 4428 ἡμετὲ-

551 4455 668 4509 si\e
714 4451 800 4506 illa
845 4447 1244 4520 oppugnatione
1286 4459 1405 4500 mea
1453 4444 1745 4500 alteriusve
1783 4456 1962 4515 capta,
2011 4446 2125 4501 sive

551 4546 688 4599 citra
723 4540 1177 4613 oppugnationem
1211 4538 1339 4592 mihi
1373 4537 1534 4591 aliive
1564 4537 1769 4600 dedita,
1796 4548 1968 4592 vestra
1994 4576 2009 4602 ,
2047 4538 2122 4592 uti

551 4641 703 4710 prius
735 4637 971 4700 fuerant,
998 4632 1075 4687 sic
1102 4631 1354 4698 deinceps
1376 4641 1536 4684 erunt
1585 4639 1640 4685 et
1686 4638 2075 4699 permanebunt
2105 4673 2120 4698 ,

551 4746 638 4786 me
668 4730 800 4785 nihil
820 4729 874 4783 in
905 4725 1235 4781 contrarium
1255 4722 1489 4792 allegare
1517 4722 1839 4792 causai-ique
1866 4723 2119 4778 valituru.

551 4822 657 4875 Sed
684 4833 857 4890 neque
882 4817 1248 4887 juramentum
1289 4813 1549 4884 accipiam
1580 4828 1608 4866 a
1647 4827 1923 4883 quoquam
1961 4813 2122 4869 Chri-

555 4911 761 4977 stiano,
792 4921 888 4965 aut
921 4908 1064 4964 dabo
1095 4908 1345 4976 cuiquam
1374 4903 1553 4968 alteri,
1582 4903 1964 4959 ﬁdelitatemve
1995 4919 2123 4975 pro-

551 5001 759 5056 mittam
788 5011 880 5056 aut
904 4999 1315 5056 conventionem
1340 4995 1484 5051 inibo
1513 4995 1702 5061 ullam,
1725 5011 1845 5065 quae
1872 4995 1924 5049 in
1956 4997 2120 5051 ullum

550 5092 954 5156 detrimentum,
991 5090 1386 5146 incommodum
1419 5098 1509 5143 aut
1541 5088 1798 5144 damnum
1839 5103 2081 5157 persona:
2107 5129 2123 5153 ,

553 5180 853 5251 majestatis
878 5220 894 5246 ,
929 5189 1020 5233 aut
1054 5180 1266 5249 imperii
1298 5178 1464 5234 vestri
1499 5179 1709 5248 possint
1739 5193 1980 5248 vergere.
2016 5180 2124 5234 Sed

550 5286 726 5342 neque
759 5270 922 5325 homo
951 5269 1177 5326 alterius
1212 5270 1339 5335 llam
1370 5271 1632 5341 principis
1655 5280 1748 5325 aut
1783 5271 2123 5341 principatus

546 5363 776 5436 majoris
804 5359 1113 5426 minorisve,
1147 5370 1340 5431 praeter
1369 5375 1532 5431 quam
1563 5360 1867 5431 majestatis
1898 5371 2113 5431 vestrae,

2238 4469 2336 4521 ραν
2356 4452 2740 4520 ἐπισταμένων
2769 4454 2976 4526 φωνὴν,
3003 4459 3359 4529 παγανικαὶῆ
3395 4445 3739 4526 Χριστιανικαῖο

2231 4544 2275 4596 Τ
2278 4546 2371 4605 οὺς
2397 4561 2457 4597 τε
2481 4545 2588 4597 ἀπὸ
2615 4544 2724 4597 τῶν
2750 4545 2918 4598 ἐθνῶν
2948 4550 3277 4618 προσιόντας
3302 4566 3392 4621 μοι
3419 4550 3507 4603 καὶ
3526 4540 3740 4599 δουλεύειν

2229 4636 2354 4705 ἐμοὶ
2396 4635 2785 4705 βουλομένους,
2826 4639 3005 4704 οὕτως
3051 4640 3140 4694 ἵνα
3169 4643 3393 4706 τούτους
3429 4638 3738 4708 παρεδέχομαι

2228 4726 2304 4788 ὡς
2331 4721 2468 4779 εἶναι
2497 4728 2588 4779 καὶ
2619 4728 2815 4792 αὐτοὺς
2849 4729 3140 4799 μέλλοντας
3174 4732 3490 4804 ἀνθρώπους
3518 4728 3605 4797 τῆς
3630 4724 3741 4794 βασι·

2228 4816 2378 4881 λείας
2421 4818 2574 4887 ὑμῶν
2618 4820 2713 4872 καὶ
2753 4820 3017 4876 διαϐαίνοι
3049 4825 3141 4877 καὶ
3182 4827 3319 4896 πρὸς
3353 4823 3560 4883 τούτους
3595 4819 3623 4886 ἡ
3657 4812 3738 4882 ἐμὴ

2231 4910 2523 4978 συμφωνία
2551 4908 2688 4980 πρὸς
2716 4914 2776 4963 τὸ
2814 4913 3017 4982 κράτος
3040 4913 3141 4983 τῆς
3175 4913 3454 4985 βασιλείας
3485 4929 3586 4974 σου,
3616 4902 3739 4960 καὶοῖ

2227 5001 2747 5069 κατεμπεδωθέντες
2788 5003 2833 5034 ⁸⁸
2878 5005 3053 5075 ὅρκοι.
3098 5008 3205 5058 Καὶ
3240 5007 3444 5060 τούτων
3488 5002 3644 5059 αὐτῶν
3669 4994 3740 5053 οὓς

2230 5089 2328 5158 μὲν
2362 5090 2431 5143 ἂν
2459 5090 2691 5143 ἐθέλοιτε
2718 5091 2875 5162 ὑμεῖς
2907 5096 2956 5146 oi
2989 5094 3333 5149 ἀεισέδαστοι
3366 5095 3411 5127 “
3435 5091 3644 5166 βασιλεῖς
3669 5080 3740 5138 ὑπ’

2224 5182 2323 5250 ἐμὲ
2360 5183 2672 5246 τάττεσθαι,
2708 5184 2976 5239 τάττοιντ*
3005 5187 3091 5242 ἄν’
3117 5187 3210 5252 οὓς
3231 5189 3289 5241 δὲ
3314 5189 3542 5260 πέμπειν
3569 5180 3677 5252 πρὸς
3693 5174 3739 5227 τδ

2226 5271 2494 5343 ὑμέτερον
2535 5274 2740 5342 κράτος
2795 5275 3051 5345 βούλεσθε
3094 5276 3437 5349 βουλομένων
3486 5271 3735 5331 κάκείνων,

2224 5364 2511 5418 ἀποστελῶ
2529 5404 2547 5430 ,
2580 5366 2654 5436 μὴ
2682 5367 3023 5440 βουλομένων
3049 5371 3107 5426 δὲ
3130 5412 3146 5441 ,
3181 5370 3318 5426 ἀλλὰ
3348 5361 3739 5436 ἀπαναινομένων

1630 5525 1842 5588 Varias
1879 5526 2194 5591 lectiones
2233 5547 2322 5602 ex,
2345 5532 2488 5592 cod.
2520 5534 2792 5598 Coislin.

617 5679 662 5712 “
697 5675 793 5732 καὶ
831 5675 953 5745 ἐμοὶ
980 5668 1312 5729 ἱκδουλεύειν
1337 5671 1637 5741 ἐθέλοντας.
1694 5677 1739 5711 ⁸⁵
1763 5681 2271 5751 καταπεμφθέντες.

2348 5685 2396 5718 ⁸⁸
2430 5684 2840 5747 εὐσεϐέστατοισ
