3998 6206
488 286 633 354 1οΞ3
966 341 970 345 ‹
1714 291 1940 351 ΑΝΝᾺΕ
1979 292 2067 351 C0

2082 289 2286 351 MNEN
2296 288 2360 347 ,Ε
2880 308 2895 319 ‘
3540 295 3661 355 1023i

478 401 599 453 dico
629 397 793 452 libras
813 397 1141 453 Michaelata:
1164 412 1519 468 percussum.
1557 395 1712 453 Prius
1736 399 1879 453 enim
1910 398 2038 452 mihi

2087 406 2117 466 λ
2146 398 2349 459 πάντες
2386 393 2479 449 καὶ
2517 393 2705 448 ὁπόσοι
2745 393 2844 463 τῆς
2873 391 3012 463 ἐμῆς
3047 392 3291 457 ἐξουσίας
3322 393 3428 448 εἰσὶ
3464 397 3550 450 καὶ
3586 401 3666 452 τὸν

479 490 637 543 datus
662 488 996 557 donatusque
1036 498 1119 542 est
1165 504 1261 558 per
1305 489 1444 559 piam
1495 490 1730 544 Auream
1773 488 1975 543 Bullam
2010 504 2041 544 a

2138 487 2301 557 χορὸν
2326 486 2435 539 τῶν
2478 484 2628 554 ἐμῶν
2673 484 3028 555 στρατιωτῶν
3066 484 3476 553 ἀπαρτίξουσιν.
3522 489 3663 544 una

482 578 762 647 majestate
798 590 974 631 vestra
1013 579 1240 633 ducatus
1283 579 1515 649 integer,
1544 595 1668 636 cum
1696 580 1943 636 omnibus
1974 582 2040 634 ad

2138 579 2232 631 καὶ
2261 578 2401 648 ὑπὲρ
2430 577 2540 630 τῶν
2568 576 2677 629 σῶν
2718 575 2930 646 ἐχθρῶν
2953 575 3381 645 θωρακιούμεθα
3404 580 3493 631 καὶ
3518 579 3665 650 ἀροῦ-

479 686 601 723 eum
631 669 1021 737 pertinentibus
1053 670 1268 724 arcibus
1301 680 1357 725 et
1398 672 1597 735 terris;
1650 686 1752 726 neu
1786 672 1836 724 in
1865 686 2040 725 meam

2141 685 2242 739 μεν
2270 671 2413 723 ὅπλα
2464 668 2558 721 καὶ
2605 666 2826 737 δόρατα,
2857 666 2952 719 καὶ
2981 668 3092 729 τοῖς
3141 670 3258 730 σοῖς
3312 669 3479 736 φίλοις
3520 671 3668 739 ἔμϐα-

481 775 763 829 pcrsonani
802 768 1006 812 tantttm
1046 772 1373 815 conventura
1403 762 1504 818 ista
1537 763 1711 817 ducali
1756 763 2040 833 dignitate,

2138 759 2339 830 λοῦμεν
2389 760 2487 824 τὰς
2532 758 2749 823 δεξιάς·
2790 759 2885 812 καὶ
2929 759 3105 813 πάντα
3145 760 3215 813 τὰ
3257 759 3394 828 πρὸς
3433 760 3671 826 ὠφέλειαν

479 849 572 900 sed
602 848 725 901 inde
767 852 1106 919 propaganda
1133 850 1185 906 in
1223 867 1601 922 quemcunque
1649 854 1780 908 mihi
1829 867 2046 909 succes-

2141 850 2238 905 καὶ
2282 848 2447 922 τιμὴν
2481 851 2585 920 τῆς
2612 850 2720 904 τῶν
2753 849 3043 918 Ῥωμαίων
3081 849 3263 918 ἀρχῆς
3305 852 3566 921 ἑπινοήσω
3594 856 3673 908 καὶ

479 951 656 989 sorent
709 939 983 1007 elegerint,
1023 941 1179 1010 cujus
1222 942 1508 997 electionis
1544 950 1595 997 et
1643 943 2045 1012 propagationis

2142 942 2583 1012 καταπράξομαι.
2628 940 2816 1002 Οὕτως
2861 941 3093 1010 ὀναίμην
3131 945 3234 1013 τῆς
3265 941 3359 995 τοῦ
3405 942 3532 995 Θεοῦ
3567 942 3672 1011 βοη-

481 1022 740 1081 [ειρίυιιιιεε
774 1029 901 1082 mihi
930 1040 1169 1097 potestas
1212 1033 1471 1100 permissa
1503 1042 1606 1096 est,
1639 1047 1733 1102 per
1755 1035 1899 1101 piam
1931 1032 2043 1084 Au-

2144 1034 2327 1097 θείας·
2360 1036 2504 1089 οὕτω
2551 1034 2643 1088 τοῦ
2689 1035 2924 1107 σταυροῦ
2965 1035 3059 1089 καὶ
3101 1036 3216 1088 τῶν
3264 1036 3420 1090 θείων
3467 1037 3679 1104 libans--

480 1129 626 1169 ream
658 1116 902 1187 Bullam;
951 1137 1070 1175 cum
1096 1138 1161 1176 eo
1187 1132 1362 1176 tamen
1405 1134 1461 1176 ut
1513 1124 1601 1177 ille
1638 1124 1944 1193 quicunque
1974 1124 2049 1178 sit
2142 1125 2298 1179 λίων.
2335 1144 2352 1178 ι

478 1227 761 1267 successor
795 1233 944 1270 meus
976 1219 1162 1271 eadem
1200 1234 1409 1273 mecum
1457 1220 1728 1274 lidetitatis
1759 1229 1922 1289 atque
1980 1222 2224 1289 obsequii
2265 1222 2331 1274 ad
2392 1221 2725 1289 majestatem
2766 1232 3002 1278 vestram
3046 1223 3380 1289 subjectione
3443 1231 3675 1284 teneatur,

478 1313 733 1375 tanquam
772 1323 926 1364 verus
962 1310 1119 1364 homo
1147 1311 1303 1366 lizius
1344 1310 1641 1378 majestatis
1704 1323 1915 1379 testrte,
1985 1312 2033 1368 ei
2064 1315 2116 1368 in
2157 1314 2404 1367 omnibus
2427 1328 2546 1380 quia:
2573 1328 2674 1381 ego
2699 1313 2918 1382 promisi
2954 1313 3257 1382 obsequens
3278 1314 3677 1373 etcouscntieus,

481 1401 761 1468 pactisque
792 1418 819 1454 a
863 1419 946 1457 me
974 1404 1121 1457 initis
1162 1404 1446 1460 inliterens.
1485 1406 1560 1460 Ex
1594 1406 1718 1461 hinc
1744 1423 1870 1463 vero
1897 1417 2178 1476 postquam
2204 1407 2368 1462 semel
2397 1418 2573 1461 vester
2618 1408 2777 1461 homo
2821 1407 2995 1461 factus
3067 1421 3211 1471 sum,
3279 1414 3334 1460 et
3394 1407 3458 1459 ad
3520 1407 3676 1458 urbem

479 1490 807 1563 principatus
837 1498 1002 1552 vestri
1036 1499 1307 1569 pertinere
1332 1500 1493 1570 ccepi,
1549 1502 1719 1557 debeo
1774 1501 2021 1571 accipere
2047 1499 2303 1571 pensione
2336 1515 2513 1554 anima
2580 1514 2612 1555 e
2674 1500 2838 1569 regiis
2892 1497 3166 1552 thesauris
3221 1498 3417 1551 talenta
3481 1496 3677 1550 ducenta

478 1594 706 1638 monetae
737 1583 966 1641 formam
1033 1598 1087 1645 et
1146 1590 1460 1660 qualitatem
1504 1590 1753 1647 habentis
1788 1591 2020 1653 idomioi
2073 1589 2350 1647 Michaelis
2398 1591 2489 1662 qui
2543 1590 2692 1660 prius
2735 1591 3042 1661 imperavit,
3092 1606 3190 1659 per
3234 1589 3460 1659 aliquem
3518 1606 3575 1643 es
3617 1588 3677 1641 rei

477 1676 710 1731 nauticae
756 1679 1024 1746 praefectis
1067 1682 1260 1737 vestris
1309 1697 1339 1736 e
1384 1681 1539 1753 Syria
1599 1682 1847 1738 mittendi
1884 1696 1915 1737 a
1954 1699 2042 1738 me
2074 1682 2235 1756 415
2271 1698 2391 1737 cum
2437 1683 2574 1737 meis
2610 1682 2803 1738 litteris
2838 1683 2903 1736 ad
2944 1697 3038 1737 vos
3112 1682 3167 1735 in
3218 1681 3406 1734 urbem
3491 1681 3666 1749 regiam

480 1777 536 1820 ut
567 1782 628 1822 ea
660 1784 840 1826 coram
870 1788 897 1826 a
927 1783 1105 1829 vestra
1135 1789 1362 1841 persona
1402 1791 1522 1831 meo
1594 1777 1811 1831 nomine
1882 1777 2131 1845 recipiat.
2169 1778 2246 1831 Ac
2273 1789 2363 1828 vos
2388 1775 2603 1845 quidem
2645 1789 2858 1844 semper
2885 1772 3110 1841 Augusti
3159 1772 3424 1840 principes
3464 1770 3681 1825 Romane

478 1858 785 1929 reipublicae
807 1864 1180 1934 imperatores,
1205 1865 1559 1937 dignabimini
1592 1883 1813 1923 servare
1842 1879 2046 1923 etcum
2088 1868 2192 1922 lide
2228 1866 2451 1933 implere
2478 1881 2811 1937 qurecunque
2852 1867 2905 1921 in
2935 1867 3087 1921 Bulla
3134 1867 3313 1919 Aurea
3344 1865 3441 1932 piae
3501 1879 3557 1917 ac
3607 1878 3675 1916 re-

479 1950 679 2019 ligiosa:
711 1956 1007 2024 majestatis
1058 1971 1254 2014 vestra:
1306 1963 1614 2029 Conscripta
1671 1960 2045 2029 promissaque
2081 1971 2228 2015 sunt.
2254 1960 2364 2032 Ego
2397 1976 2525 2015 vero
2557 1976 2651 2029 per
2681 1964 2780 2015 hoc
2845 1952 3229 2030 juramentnm‘
3267 1974 3328 2013 ea
3379 1959 3444 2011 de
3509 1958 3676 2025 quibus

479 2046 740 2103 hactenus
784 2053 1009 2105 conveni
1045 2053 1345 2115 vobiscum,
1387 2052 1543 2106 ﬁrmo
1608 2051 1927 2120 sancioque.
1987 2050 2119 2107 Juro
2155 2054 2297 2106 enim
2343 2067 2438 2120 per
2482 2054 2762 2122 passiones
2810 2052 3134 2121 doloresque
3182 2068 3325 2106 nunc
3375 2050 3683 2123 impassihilis

476 2141 774 2199 Salvatoris
803 2142 1030 2210 Christi,
1083 2155 1137 2201 et
1186 2162 1282 2217 per
1343 2146 1597 2202 invictam
1660 2146 1776 2214 ejus
1828 2161 2047 2200 crucem
2090 2160 2252 2216 quam
2284 2160 2381 2215 pro
2432 2146 2608 2201 salute
2641 2146 2882 2200 omnium
2934 2148 3177 2213 pertulit,
3233 2157 3287 2201 et
3317 2161 3411 2218 per
3474 2163 3531 2201 ea
3586 2156 3684 2211 qum

473 2250 655 2288 coram
684 2235 839 2291 video
880 2240 1383 2295 sacrosanctissima
1415 2237 1731 2309 Evangelia,
1781 2253 1904 2309 quae
1946 2237 2134 2292 orbem
2212 2237 2519 2292 universum
2577 2239 2628 2292 in
2699 2249 2812 2293 rete
2871 2237 3075 2293 Christi
3135 2240 3510 2310 cont-luserunt
3556 2237 3683 2306 (hac:

475 2329 1226 2402 enimmanutencnsjuro);
1298 2333 1746 2402 pretiosissimam
1811 2345 1942 2386 vero
1967 2330 2165 2385 Christi
2195 2344 2410 2384 crucem
2443 2340 2619 2383 mente
2663 2329 2821 2385 simul
2870 2331 3294 2399 comprehendo,
3365 2339 3416 2383 et
3478 2331 3683 2398 spineam

476 2440 754 2493 coronam,
787 2436 841 2481 et
866 2428 1047 2483 clavos
1077 2438 1131 2483 et
1160 2429 1401 2484 lanceam
1438 2445 1558 2498 quae
1584 2428 1876 2499 perforavit
1923 2428 2041 2497 ejus
2076 2425 2413 2480 Dominicum
2438 2441 2500 2479 ac
2528 2425 2797 2479 vivillcum
2825 2425 2968 2480 latus
2998 2444 3012 2480 :
3047 2427 3144 2481 tibi
3223 2428 3581 2496 potentis-imo
3632 2438 3674 2477 et

475 2531 632 2571 sacro
657 2527 844 2572 nostro
870 2517 1183 2586 imperatori
1205 2517 1429 2573 Domino
1449 2519 1638 2572 Alexio
1662 2517 1957 2583 Conmeno,
1990 2525 2044 2570 et
2081 2513 2317 2569 consorti
2347 2529 2411 2567 ac
2441 2514 2660 2583 collega:
2692 2514 2903 2583 imperii
2936 2516 3011 2570 tui
3079 2516 3539 2570 desideratiSsitno
3598 2514 3685 2566 tilio

476 2622 570 2665 tuo
598 2609 820 2665 domino
847 2609 1043 2665 Joanni
1064 2610 1549 2683 Porphyrogenito,
1607 2625 1693 2667 me
1749 2610 1930 2666 omnia
1964 2619 2119 2680 pacta
2160 2609 2423 2679 promissa
2457 2623 2552 2661 ore
2583 2624 2700 2662 meo
2726 2604 2927 2678 prolata
2952 2611 3357 2665 custoditurqu
3388 2623 3438 2663 et
3466 2610 3682 2664 inviolati

477 2713 813 2756 servaturum
871 2704 925 2757 in
966 2717 1129 2759 omne
1176 2711 1387 2771 tempus
1433 2711 1539 2759 :et
1588 2704 1639 2758 in
1696 2705 1887 2759 eodem
1941 2703 2040 2755 hoc
2079 2716 2240 2771 quem
2274 2715 2418 2753 nunc
2460 2698 2631 2754 habeo
2700 2715 2827 2770 erga
2867 2700 3215 2768 majestatem
3292 2712 3511 2758 vestram
3550 2715 3682 2755 sensu

475 2808 541 2846 ac
574 2795 755 2851 animo
779 2785 1245 2865 perseveraturum
1270 2811 1482 2866 semper
1514 2814 1530 2852 :
1574 2810 1749 2868 neque
1791 2795 1871 2851 vel
1913 2795 2138 2864 primam
2163 2786 2545 2863 cogitationem
2600 2791 2733 2855 odii,
2773 2792 2901 2857 dofi,
2961 2804 3057 2847 aut
3088 2790 3093 2793 ’
3124 2793 3341 2848 iratidis
3382 2794 3552 2849 ullins'
3580 2808 3679 2858 erga

479 2900 577 2942 vos
620 2898 993 2957 suscepturum
1070 2900 1510 2946 ostensurumve.
1564 2889 1670 2945 Sed
1726 2888 2077 2959 perstiturum
2149 2883 2586 2940 constantissime
2613 2884 2863 2938 omnibus
2891 2899 2933 2937 a.
2956 2900 3038 2938 me
3084 2887 3396 2953 promissis,
3453 2899 3680 2954 nunquam

476 2982 670 3049 quovis
709 2994 993 3050 prmtestu,
1020 3001 1343 3056 quacunque
1374 2987 1586 3041 ratione
1624 2987 1907 3041 adversum
1941 2998 2035 3038 vos
2075 2981 2390 3053 pejerando,
2435 2988 2526 3034 aut
2560 2981 2625 3033 ad
2652 2978 2814 3032 ullam
2848 2977 3258 3032 reroeationcm
3328 2995 3419 3047 per
3447 2994 3525 3031 me
3582 2993 3681 3044 pro-

480 3074 790 3139 missorum,
848 3086 942 3131 aut
997 3079 1400 3149 abrogationem
1458 3078 1679 3133 imiteris
1738 3077 1899 3147 hujus
1967 3077 2073 3130 ulla
2118 3073 2517 3144 escogitatione
2591 3070 2878 3126 calumnia:
2916 3069 3141 3130 callidae.
3207 3070 3501 3133 veniendo;
3542 3082 3683 3133 neque

476 3177 578 3232 ego
619 3163 752 3231 ipse,
787 3179 959 3233 neque
988 3180 1226 3220 nieorum
1257 3167 1567 3237 quisquam,
1614 3166 1925 3236 quicunque
1957 3162 2241 3233 potestatis
2269 3176 2398 3216 mea
2423 3166 2552 3215 sunt
2623 3167 2677 3212 et
2751 3157 2980 3211 militum
3030 3172 3285 3211 ineorum
3350 3157 3556 3211 cltorutu
3598 3156 3680 3205 im-

479 3256 646 3323 plent.
679 3256 785 3312 Sed
819 3266 874 3312 et
899 3260 1159 3314 adversus
1192 3270 1313 3314 tuos
1356 3261 1544 3315 hostes
1599 3260 1792 3315 loricas
1841 3259 2146 3323 induemus,
2179 3263 2235 3310 et
2300 3252 2549 3308 tollemus
2624 3265 2774 3305 arma
2835 3264 2899 3304 ac
2938 3248 3188 3315 lanceas,
3245 3259 3299 3304 et
3383 3248 3482 3302 tuis
3529 3245 3681 3297 amicis

479 3347 779 3417 injiciemus
822 3350 1026 3427 amicas
1052 3352 1324 3417 dexteras,
1358 3354 1647 3422 omniaque
1678 3353 1927 3427 similiter
1958 3349 2024 3404 ad
2066 3347 2353 3401 utilitatem
2385 3346 2757 3421 honoremque
2788 3341 3018 3396 Romani
3060 3340 3288 3409 imperii
3354 3336 3580 3409 cogitabo
3630 3350 3680 3387 ac

478 3439 774 3510 perﬁciant.
805 3440 898 3496 Sic
927 3420 1014 3497 ine
1042 3441 1185 3497 Deus
1208 3442 1427 3513 adjuvet
1456 3461 1471 3497 :
1507 3420 1586 3499 sic
1611 3458 1744 3498 crux
1772 3452 1826 3498 et
1852 3422 2032 3497 divina
2073 3438 2387 3507 Evangelia.
2430 3457 2449 3490 s

549 3533 680 3590 Htec
698 3537 996 3607 conscripta
1020 3547 1143 3592 sunt
1166 3550 1214 3593 et
1228 3540 1537 3605 juramenta
1556 3541 1789 3610 praestita
1816 3544 1868 3596 in
1898 3556 2037 3611 pt'w-
2072 3540 2114 3599 Β

2098 3542 2114 3598 ι
2216 3533 2413 3588 Ταῦτα
2432 3533 2661 3602 ἐτράφη
2686 3548 2751 3586 τε
2779 3531 2877 3584 καὶ
2907 3533 2964 3584 ol
2991 3531 3157 3598 ὅρκοι
3190 3532 3677 3594 συνετελέσθησαν

475 3628 648 3682 sentio
688 3629 1100 3699 subscriptoruns
1142 3633 1373 3699 testium,
1402 3651 1576 3689 mense
1609 3634 1921 3699 Septembri,
1961 3635 2046 3686 in-

2142 3630 2441 3693 παρουσίᾳ
2473 3623 2590 3677 τῶν
2605 3626 2725 3679 ὑπο
2734 3623 3202 3694 γεκραμμμένων
3212 3626 3533 3693 μαρτύρων,
3556 3621 3676 3673 κατὰ

475 3718 718 3772 dictionis
758 3721 1019 3787 secundm,
1042 3738 1181 3777 anno
1201 3724 1321 3793 jam
1343 3725 1614 3780 desinente
1663 3728 1828 3781 sexies
1869 3725 2040 3780 mille-

2136 3717 2304 3788 μῆνα
2353 3715 2758 3785 Σεπτέμϐριον
2813 3716 2911 3785 (6),
2962 3716 3259 3783 δευτέρας
3298 3714 3671 3785 ἐπινεμήσεως.

475 3809 612 3861 sima
646 3810 1055 3879 quingentesima
1081 3812 1281 3867 decimo
1308 3816 1544 3881 septima.

2140 3812 2317 3874 ἔτους
2346 3808 2464 3876 ἤδη
2497 3807 3000 3876 διαρυισκομένου
3022 3808 3223 3875 ,ς-χιζ’.

545 3895 718 3953 Porro
749 3917 968 3971 quorum
1013 3903 1067 3958 in
1105 3907 1411 3973 praesentia,
1451 3908 1559 3963 ha’c
1591 3909 1846 3977 completa
1880 3919 2040 3975 sunt;

2215 3906 2279 3957 Ol
2318 3902 2528 3973 μέντοι
2581 3900 3106 3969 παρουσιάσαντες
3124 3901 3431 3971 μάρτυρες
3454 3899 3670 3955 ualeas-

474 3989 662 4059 quique
683 3990 761 4043 his
782 3992 1131 4062 subscripsere
1150 4004 1305 4049 testes
1338 3996 1392 4048 lii
1406 4009 1545 4062 sunt,
1574 3999 1669 4052 Dei
1686 4001 2041 4054 amantissimi

2141 3994 2526 4062 γετραςρότες,
2561 3986 2650 4046 ὧν
2680 3992 2961 4045 ἐναντίον
2985 3991 3175 4045 ταῦτα
3208 3996 3528 4051 τετέλεστο,
3548 3990 3667 4041 εἰσὶν

475 4079 719 4145 episwpi.

2141 4082 2323 4149 οὗτοι,
2359 4086 2414 4139 οἱ
2447 4084 2899 4153 θεοφιλέστατοι
2925 4084 3283 4138 ἐπίσκοποι.

549 4164 845 4234 Amalphis,
880 4167 1123 4223 Maurus.
1196 4168 1434 4236 Tarenti,
1502 4172 1805 4237 Renardns,
1856 4183 1906 4229 et
1951 4177 2039 4245 qui

2213 4178 2286 4230 Ὅ
2307 4194 2371 4231 τε
2401 4176 2719 4245 Ἀμὰλςρης,
2747 4173 2990 4241 Μαῦρος
3010 4215 3025 4240 ,
3069 4174 3167 4228 καὶ
3207 4179 3242 4229 ὁ
3277 4174 3381 4229 τοῦ
3414 4166 3671 4239 Τερεντοῦ.

473 4274 590 4317 cunt
612 4274 673 4312 eo
704 4268 854 4312 erant
883 4259 1084 4313 clerici.
1116 4259 1554 4331 Religiosissimus
1574 4268 1887 4334 prrrpositus
1915 4283 2042 4322 sun-

2150 4264 2482 4334 Ῥενάρδος,
2510 4265 2610 4318 καὶ
2639 4266 2697 4318 ol
2743 4263 2868 4318 σὺν
2897 4261 3058 4328 αὐτῷ
3100 4265 3402 4332 κληρικοί.
3439 4265 3495 4314 '0
3523 4262 3656 4314 εὐλα-

475 4351 545 4403 cti
576 4351 879 4404 monasterii
914 4352 969 4404 in
1007 4350 1375 4421 Longobardia
1422 4357 1537 4419 siti,
1576 4360 1746 4413 sancti
1794 4360 2036 4426 Andreas,

2140 4355 2429 4420 ὅέστατος
2502 4354 2952 4421 καθηγούμενος
3010 4351 3123 4418 τῆς
3191 4354 3265 4405 ἐν
3323 4347 3669 4419 Λογγιὸἰιλὸίᾳ

471 4441 527 4497 in
557 4442 733 4495 insula
772 4440 1060 4498 Brundusii
1095 4459 1116 4499 :
1143 4454 1192 4500 et
1228 4446 1330 4499 duo
1353 4463 1419 4501 ea:
1444 4452 1710 4505 monachis
1736 4450 1893 4506 dicta:
1949 4453 2038 4506 do-

2139 4445 2477 4515 σεόασμίας
2499 4442 2697 4512 μονῆς
2728 4442 2833 4496 τοῦ
2858 4444 3031 4514 ἁγίου
3079 4442 3359 4512 Ἀνδρέου
3401 4442 3502 4509 τῆς
3529 4440 3588 4493 ἐν
3610 4433 3667 4502 τῇ

473 4545 609 4586 ntus.
641 4529 915 4602 Principes
939 4534 1358 4606 peregrinorum,
1385 4537 1552 4611 416
1589 4541 1680 4609 qui
1701 4557 1798 4596 sua
1829 4543 2038 4612 quidem

2138 4538 2312 4607 νήσῳ
2363 4536 2469 4591 τοῦ
2511 4536 2926 4604 Βρεγτησιου,
2982 4536 3084 4588 καί
3144 4553 3313 4602 τινες
3360 4532 3545 4588 αὐτῶν
3580 4529 3667 4583 δύο

468 4623 621 4693 signa
645 4624 747 4693 ipsi
767 4625 1065 4695 ﬁgurarum
1113 4643 1273 4682 manu
1323 4634 1538 4699 propria
1598 4647 1617 4686 :
1665 4636 1871 4689 numina
1920 4650 2037 4690 vero

2132 4630 2414 4701 μοναχοί.
2457 4630 2522 4681 Ol
2555 4627 2846 4696 ἄρχοντες
2867 4627 2984 4679 τῶν
3012 4629 3388 4696 περεγρὶνωι·
3409 4628 3469 4680 ⁸⁷.
3490 4620 3584 4677 Ὧν
3609 4620 3664 4671 τὰ

467 4715 705 4770 inserunt
735 4733 897 4773 manu
938 4718 1044 4774 Deo
1078 4720 1404 4776 dilectissimi
1459 4726 1691 4796 episcopi
1740 4728 2035 4795 Amalphis,

2133 4721 2252 4790 μὲν
2296 4721 2482 4789 σι’γνα
2521 4717 2686 4771 αὐτοὶ
2739 4714 3105 4785 διεχάραξαν
3139 4720 3562 4786 οικειοχείοως·
3610 4709 3664 4763 τὰ

466 4807 561 4859 sub
594 4823 771 4863 eorum
808 4810 973 4881 signis
1015 4812 1311 4882 subscripta
1367 4825 1539 4874 sunt:
1567 4819 1658 4886 qui
1705 4818 1866 4872 etiam
1917 4820 2033 4888 epi-

2084 4886 2097 4888 >
2138 4812 2208 4866 δὲ
2239 4812 2467 4866 τούτων
2493 4810 2760 4877 ὀνόματα
2790 4808 2889 4862 διὰ
2923 4810 3126 4878 χειρὸς
3163 4811 3271 4865 τοῦ
3316 4803 3663 4877 θεοφιλεστὰ-

467 4912 654 4963 scopus
723 4899 925 4970 legatus
993 4918 1026 4957 a
1084 4899 1237 4972 Papa
1304 4905 1374 4960 ad
1441 4885 1809 4978 imperatorem
1885 4885 2034 4967 vene-

2077 4885 2102 4950 3
2136 4920 2244 4959 του
2267 4902 2603 4956 ἐπισκόπου
2640 4899 2968 4969 ’Δμάλφηα
3000 4901 3382 4972 τοῖςῙσίτιεοις
3402 4913 3656 4969 προσπαρ-

469 4997 575 5042 fal-
2137 4995 2509 5065 εγρὰέρησαν,
2546 4993 2614 5058 ὃς
2664 4991 2761 5046 καὶ
2805 4992 3073 5060 πρέσϐυς
3111 4996 3269 5063 παρὰ
3299 4993 3404 5048 τοῦ
3430 4988 3664 5056 πὰπαω

2138 5087 2291 5156 πρὸς
2313 5088 2420 5140 τὸν
2447 5084 2854 5155 αὐτοκράτορα
2887 5086 3190 5155 ἐληλύθει.

1505 5198 1698 5259 Varia:
1728 5198 2030 5263 lectiones
2066 5220 2141 5264 ex
2175 5203 2317 5263 cod.
2350 5199 2616 5263 Coislin.

538 5289 584 5322 ⁸⁷
612 5289 972 5343 πελενοῑνων.

823 5305 972 5343 ινων.

784 5305 813 5356 ρ
1538 5366 1675 5428 Car.
1711 5368 2030 5431 Dutresnii
2067 5369 2156 5431 Du
2196 5369 2413 5444 Cangii
2449 5380 2611 5434 notat

541 5461 620 5529 (6)
646 5463 809 5540 Κατὰ
834 5460 995 5540 mira
1033 5462 1718 5540 xsxréu6pror._Firinata
1742 5485 1867 5540 Apax
1919 5471 2048 5523 Ale-

2204 5470 2282 5540 (7)
2322 5472 2487 5537 Παρὰ
2539 5472 2645 5525 τοῦ
2697 5471 2893 5527 Urina.
2963 5472 3198 5526 l‘asehali
3252 5472 3315 5537 ΙΙ,
3363 5486 3570 5538 qnoclim
3605 5481 3654 5518 (⁸³

466 5529 613 5609 {ium
646 5534 784 5609 inter
814 5530 1270 5609 fulloemundum
1308 5536 1360 5586 in
1390 5536 1523 5588 urbe
1573 5529 1810 5601 Diaboli',
1849 5555 2033 5595 mense
2131 5529 2452 5609 tempestate
2477 5552 2814 5609 magna'erat
2854 5553 2904 5596 et
2961 5543 3189 5597 llenrico
3243 5529 3546 5609 imperatore
3590 5540 3654 5591 si-

470 5598 1000 5682 §epteiithri_i1idict.
1150 5600 1385 5682 _ipeunte
1441 5617 1583 5659 anno
1639 5598 1822 5670 mundi
1878 5609 2029 5679 juxta
2132 5598 2349 5664 inultus.
2387 5608 2519 5665 Vide
2542 5598 2755 5665 Petrum
2780 5610 2932 5668 Diae.
2972 5614 3063 5667 Lb.
3099 5629 3148 5669 tv
3172 5653 3188 5681 ,
3214 5598 3333 5682 cap:
3366 5612 3450 5666 48.

469 5667 684 5728 Crtecos
714 5671 877 5739 6617,
910 5670 1109 5731 Christi
1144 5669 1303 5727 1108.
