3998 6206
318 286 458 353 1053
1463 293 1880 355 ALEXIADIS

2010 294 2068 355 Β.
2109 295 2269 356 XIV.
2874 312 2884 320 ‘
3455 288 3591 354 1054

315 401 597 474 θαλάσσης
627 404 995 478 ἡγησάμενοι,
1027 407 1168 478 πρὸς
1219 407 1320 478 τὴν
1369 410 1719 481 Χερρόνησον
1764 409 1898 475 ἀφο-

2010 421 2134 477 pere
2174 407 2450 462 volebant.
2493 403 2599 462 Sed
2647 405 2892 462 Bertraui
2945 405 3088 460 illius
3125 413 3179 459 et
3209 401 3587 474 Tripolitanus

315 494 450 564 ρῶσι
485 494 575 547 τὸν
597 497 978 570 αὐτοκράτορα
1006 499 1242 570 ἔχουσαν
1261 539 1276 565 ,
1314 501 1409 554 καὶ
1440 501 1528 553 τὸν
1573 501 1901 568 Ἑλλήσπον-

307 603 403 640 τον
435 586 822 658 ὅιαϐεὗηκότες
855 592 948 644 τὸν
987 589 1214 660 βασιλέα
1247 593 1786 662 καταλαμϐάνουσιν.

2010 589 2338 644 instantibus
2363 602 2552 644 contra
2587 590 2786 644 nostris
2813 629 2826 650 ,
2871 597 2924 641 et
2963 585 3440 644 denuntiantibus,
3482 582 3586 634 nisi

313 679 575 746 pecunias
614 682 1002 748 restituerent,
1071 683 1248 738 ollicio
1328 683 1610 738 defuturos
1649 683 1822 754 jurati
1897 683 2139 751 Angusto
2191 682 2476 750 obsequii;
2536 693 2588 736 et
2671 681 2972 752 pudendam
3031 677 3366 732 inﬁdelitatis
3429 673 3480 726 in
3530 688 3589 726 se

311 770 580 825 maculam
635 784 1018 841 suscepturus,
1057 776 1102 831 si
1142 777 1210 831 ab
1245 781 1330 830 avi
1363 777 1612 847 Sungelis
1646 789 1700 832 et
1741 779 1986 833 Bertraui
2019 779 2187 848 patris
2237 778 2504 846 exemplis
2550 788 2659 830 tam
2705 776 2906 830 recenti
2978 772 3241 826 memoria
3310 771 3362 822 in
3435 768 3591 821 lauda:

309 862 550 916 onmium
586 865 926 933 rigentibus,
971 875 1076 920 tam
1118 865 1260 922 fmde
1293 883 1352 922 se
1416 870 1736 939 degenerem
1813 870 1956 923 illius
1999 885 2186 936 nepos,
2235 868 2396 938 huius
2439 869 2580 923 illius
2625 870 2914 936 probart'l.
2967 864 3364 934 νῑιιψονιιῑῑυηθ
3419 875 3590 929 "’“l‘l‘3

316 954 384 1007 ad
444 954 820 1009 consultorum
881 968 1266 1013 curatoruntve
1319 961 1487 1028 ipsius
1533 962 1766 1014 dedecus
1813 975 2156 1029 processura.
2230 957 2342 1013 lino
2396 969 2757 1028 prmterquam
2796 957 3167 1016 inhonestau't,
3231 955 3393 1005 etiam
3466 947 3578 1004 rem

309 1047 412 1101 sibi
452 1051 670 1104 noxiam
705 1050 946 1108 facturos
978 1054 1142 1122 ipsos.
1182 1053 1318 1107 Cum
1349 1053 1527 1117 enim,
1612 1069 1717 1121 qua
1757 1054 1808 1106 in
1855 1051 2052 1105 vicinia
2093 1051 2257 1120 Cypri
2327 1063 2504 1114 erant,
2580 1065 2767 1103 carere
2801 1047 2958 1100 istius
3033 1045 3220 1096 insula:
3263 1041 3592 1094 commercio

307 1141 674 1211 subsidiisque
701 1144 820 1198 sine
856 1161 952 1200 sua
985 1146 1226 1212 pernicie
1284 1162 1390 1200 non
1459 1157 1700 1215 possent,
1767 1156 1972 1198 certum
2015 1143 2278 1198 haberent
2319 1143 2454 1208 fore,
2500 1143 2603 1196 nisi
2654 1152 2892 1194 actutum
2955 1137 3218 1203 pecunias
3275 1136 3590 1198 redderent,

310 1242 367 1282 ut
405 1232 548 1285 nulla
589 1235 842 1300 deinceps
874 1237 941 1289 ab
970 1236 1148 1306 Cypro
1189 1237 1363 1291 insula
1417 1241 1570 1307 capia
1622 1251 1855 1291 annona:
1881 1277 1896 1297 ,
1941 1235 2104 1290 nullis
2144 1237 2296 1291 ducis
2335 1238 2452 1305 ejus
2529 1235 2747 1288 auxiliis
2792 1233 3154 1300 juvarentur;
3239 1231 3381 1283 unde
3440 1229 3590 1295 ipsos

311 1340 538 1382 necesse
594 1339 740 1383 essrt
787 1328 928 1384 fame
982 1333 1182 1399 perite.
1237 1329 1396 1384 Dura:
1435 1334 1502 1386 ad
1550 1333 1663 1386 lucc
1745 1335 1925 1385 omnia
2005 1331 2282 1385 Gallorum
2339 1339 2494 1384 erant
2547 1345 2729 1383 aures.
2778 1327 2946 1395 lgitur
3000 1327 3196 1390 nostri,
3262 1326 3349 1378 ubi
3419 1333 3587 1383 moto,

308 1421 452 1486 quod
500 1423 673 1483 aiunt,
735 1421 859 1476 fune
903 1424 1087 1489 omni,
1142 1423 1542 1493 blanditiasque
1569 1439 1674 1477 non
1704 1424 1882 1478 minus
1924 1424 2126 1478 frustra
2168 1438 2328 1494 quam
2361 1423 2536 1477 minas
2565 1420 2814 1488 experti,
2889 1422 3218 1487 persuadere
3298 1419 3588 1486 nequivere

309 1508 557 1562 Bertrani
604 1510 714 1563 lilio
755 1514 1164 1567 curatoribusve
1226 1523 1318 1567 aut
1379 1513 1706 1568 consiliariis
1742 1515 1931 1583 ipsius,
1979 1524 2038 1568 ut
2089 1525 2479 1583 repraesentare
2526 1528 2636 1566 rem
2698 1514 2961 1567 creditam
3010 1511 3232 1576 vellent,
3267 1513 3479 1565 tandem
3525 1527 3590 1565 eo

306 1603 728 1668 descenderunt,
755 1613 812 1659 ut
841 1615 1048 1673 partem
1082 1607 1341 1676 depositae
1370 1607 1610 1676 pecuniae
1639 1623 1886 1678 magnam
1931 1607 2194 1662 Bertrano
2225 1608 2293 1662 ab
2323 1607 2650 1673 imperatore
2683 1607 3008 1665 destinatam
3045 1611 3147 1665 sibi
3223 1609 3410 1676 utique
3477 1623 3593 1659 ser-

306 1703 459 1749 varet
513 1693 760 1750 Bertraui
814 1697 990 1762 lilius,
1046 1699 1207 1752 melo
1261 1713 1404 1764 eam,
1457 1699 1762 1766 prastando
1807 1699 2033 1754 solemni
2107 1698 2385 1754 lidelitatis
2418 1699 2768 1768 jurautento,
2820 1701 3145 1770 promereri
3215 1702 3281 1751 ab
3343 1699 3590 1765 impera-

307 1799 425 1895 tore
460 1790 706 1860 {gratiam
753 1806 1067 1866 occuparet.
1117 1800 1209 1857 Sic
1257 1805 1522 1872 prolatum
1583 1803 1884 1871 imperialis
1925 1821 2071 1874 gazzie
2106 1806 2408 1875 depositum
2446 1817 2573 1870 est;
2619 1821 2685 1858 ex
2719 1821 2783 1859 eo
2825 1813 3108 1874 segregata
3183 1813 3292 1855 tum
3371 1809 3589 1852 moneta

308 1892 515 1952 Signata
548 1901 614 1942 ex
645 1903 779 1943 auro
810 1899 971 1958 atque
1002 1905 1247 1966 argento,
1276 1908 1386 1950 tum
1464 1897 1577 1951 vela
1629 1907 1924 1966 vestesque
2002 1902 2254 1969 pretiosae
2304 1901 2484 1954 omnis
2536 1901 2752 1968 generis
2782 1940 2796 1964 ,
2860 1914 2994 1968 quas
3051 1899 3312 1952 Bertrauo
3372 1892 3591 1959 proprie

304 1977 537 2081 dugusti
564 1980 935 2081 designatione
964 1988 1247 2041 constabat
1281 1989 1590 2045 attributas.
1636 1989 1724 2045 Eae
1796 1990 1964 2063 5.29
2005 1993 2150 2047 illius
2187 1993 2296 2046 [ilio
2328 1992 2560 2058 relictze;
2600 2008 2786 2047 verum
2831 1993 2919 2046 hic
2948 1994 3138 2045 eodem
3183 2000 3427 2056 tempore
3458 1989 3589 2057 legi-

307 2073 436 2122 tima
469 2073 572 2125 rite
600 2073 828 2129 formula
861 2079 1102 2134 solemne
1127 2079 1788 2148 lldelitatisjuramentum
1823 2085 1874 2136 in
1918 2085 2141 2154 Augusti
2190 2100 2383 2139 nomen
2419 2085 2588 2139 dedit.
2621 2085 2861 2139 Caeteros
2901 2098 3033 2152 opes
3117 2081 3258 2150 apud
3324 2079 3589 2147 Tripolim

306 2161 584 2234 depositas
621 2164 1068 2242 tollentesflegati
1116 2184 1169 2230 et
1202 2176 1266 2231 ad
1314 2175 1660 2233 Eumathinm
1721 2179 1774 2232 in
1811 2181 2044 2250 Cyprum
2074 2181 2399 2246 deterentes,
2438 2198 2609 2251 equos
2678 2181 2744 2236 iis
2811 2194 3109 2248 generosos
3188 2178 3257 2231 ab
3323 2161 3590 2234 Damasco

306 2267 360 2360 et
392 2257 588 2360 Edessa
617 2259 840 2360 ipsaque
869 2264 1068 2319 Arabia
1093 2269 1316 2322 mercati
1353 2278 1500 2326 sunt.
1526 2268 1661 2324 llinc
1699 2271 1979 2343 Syriacum
2011 2275 2232 2342 pelagus
2286 2284 2340 2328 et
2372 2273 2746 2346 Pamphylium
2818 2275 2998 2327 sinum
3065 2269 3296 2332 emensi,
3366 2269 3589 2336 naviga-

308 2349 456 2402 tione
492 2349 734 2405 ulteriori
767 2363 824 2406 ut
856 2365 1105 2424 suspecta
1143 2357 1445 2427 declinata,
1492 2360 1677 2416 tutiori
1715 2363 1961 2417 terrestri
1995 2349 2192 2421 itinere
2254 2367 2306 2421 in
2375 2365 2772 2422 Chersonesum
2818 2364 3068 2428 tendunt,
3126 2359 3214 2416 ubi
3286 2357 3592 2413 didicerant

309 2445 695 2512 imperatorem
745 2460 888 2511 esse,
939 2463 1004 2504 ac
1048 2450 1394 2522 Hellesponto
1445 2455 1678 2510 transito
1721 2457 1893 2525 ipsum
1936 2457 2156 2536 adeum.
3187 2443 3195 2451 ⁸

394 2538 546 2590 Ἐπεὶ
577 2539 685 2608 γὰρ
718 2539 1112 2614 ἀλλεπάλληλοι
1143 2547 1318 2616 τούτῳ
1351 2549 1406 2601 αί
1435 2550 1715 2619 φροντίδες
1747 2567 1896 2620 νιφε-

2043 2553 2246 2609 ίϐθυεα
2295 2553 2592 2623 prodeundi
2642 2553 2886 2623 Augusto
2936 2565 2997 2606 ex
3049 2550 3181 2604 urbe
3235 2549 3378 2619 regia
3413 2547 3591 2601 fuerat

2007 501 2298 568 episcopus
2347 502 2652 568 depositum
2706 510 3096 568 repraesentare
3155 495 3583 548 cunctabantur:
3667 532 3678 544 .

311 2629 408 2681 τοῦ
428 2629 587 2700 δίκην
605 2633 707 2702 ἐπή
717 2650 927 2703 ρχοντο,
947 2636 1054 2690 ἀπὸ
1075 2637 1173 2706 μὲν
1191 2640 1286 2707 τῆς
1309 2641 1580 2713 θαλάσσης
1603 2642 1690 2696 διὰ
1711 2643 1897 2696 στόλου

309 2722 787 2794 εὐτρεπιζομένων
808 2745 918 2781 των
940 2730 1226 2801 ἡγεμόνων
1250 2734 1457 2806 [licet];
1479 2753 1535 2788 τε
1561 2737 1654 2789 καὶ
1672 2736 1901 2798 Γενούας

311 2813 409 2869 καὶ
437 2817 841 2890 Λογγιδαρδίας
865 2825 935 2875 τὰ
967 2825 1120 2893 παρὰ
1149 2823 1418 2879 θάλατταν
1447 2827 1666 2882 ἅπαντα
1687 2828 1733 2860 ³⁵
1765 2827 1904 2900 δῃώ-

310 2907 528 2974 σασθαι,
562 2909 672 2963 κάκ
699 2911 801 2980 τῆς
829 2914 1062 2984 ἠπείρου
1085 2911 1242 2980 αὖθις
1260 2916 1320 2982 ἐξ
1361 2919 1538 2989 Ἐᾡας
1563 2919 1659 2972 τοῦ
1691 2921 1902 2991 Ἀμηρ-

313 3001 511 3054 σαῖσᾶν
536 3001 1058 3070 καταλαμϐάνοντος
1094 3007 1192 3078 ἤδη
1218 3010 1359 3060 κατὰ
1389 3010 1488 3078 τῆς
1513 3011 1902 3081 Φιλαδελφείας

313 3094 408 3146 καὶ
442 3093 549 3147 τῶν
580 3094 864 3163 παραλίων
899 3097 1104 3168 μερῶν,
1129 3099 1240 3152 δεῖν
1269 3099 1366 3152 καὶ
1397 3101 1559 3164 αὐτὸς
1586 3102 1903 3174 ἐξεληλυθέ-

312 3203 402 3240 ναι
435 3185 536 3258 τῆς
571 3186 966 3258 βασιλευούσης
990 3191 1134 3259 ἔγνω
1154 3209 1167 3222 ·
1197 3192 1454 3247 κακεῖθεν
1488 3196 1902 3266 παραγενέσθαι

313 3272 374 3333 οὗ
406 3282 632 3335 δυνατὸν
672 3284 766 3336 καὶ
802 3284 923 3337 κατ’
957 3285 1125 3355 ἄμφω
1154 3288 1222 3339 τὰ
1264 3287 1405 3358 μέρη
1451 3277 1743 3358 μάχεσθαι.
1785 3292 1902 3347 Κα-

311 3374 654 3444 ταλαμδάνει
689 3376 871 3447 τοίνην
896 3378 940 3410 ³⁵
969 3377 1066 3446 τὴν
1089 3379 1459 3454 Χερρόνησον.
1490 3376 1627 3434 Εῐτα
1656 3382 1905 3435 ἅπαντα·

314 3464 472 3536 χὸθεν
509 3470 1026 3538 μετακαλεσάμενος
1052 3471 1152 3533 τὰς
1186 3471 1473 3541 δυνάμεις,
1507 3473 1616 3526 ἀπό
1644 3491 1701 3525 τε
1733 3474 1905 3543 ξηρᾶς

317 3558 417 3610 καὶ
457 3559 750 3630 Θαλάττης.
785 3563 881 3614 καὶ
915 3563 1217 3616 ἁποδιελὼν
1247 3563 1433 3616 ἰκανὸν
1464 3564 1786 3634 στράτευμα
1819 3566 1904 3619 διὰ

315 3648 412 3702 τοῦ
437 3650 792 3723 Σκαμάνδρου
821 3654 1016 3724 μέχρις
1051 3656 1396 3728 Ἀτραμήτου
1422 3658 1514 3711 καὶ
1535 3657 1698 3711 αὐτοῦ
1723 3658 1786 3728 δὴ
1810 3658 1903 3712 τοῦ
1928 3673 1930 3675 ·

314 3741 627 3815 Θρᾳκησίου
653 3745 764 3815 (38)
789 3748 1168 3817 κατατίθησιν.
1197 3746 1325 3820 Εἶχε
1359 3751 1457 3821 μὲν
1477 3748 1571 3805 οὖν
1594 3751 1903 3821 τηνικαῦτα

321 3836 630 3908 στρατηγὸν
666 3840 697 3907 ἡ
732 3839 1092 3908 Φιλαδέλφεια
1124 3844 1536 3897 Κωνσταντϊνον
1566 3847 1655 3897 τὸν
1683 3844 1902 3912 Ιάϐρᾶν

317 3932 412 3981 καὶ
441 3928 571 3982 λαὸν
597 3931 924 4000 ἀποχρῶντα
965 3933 1104 4002 πρὸς
1131 3935 1228 4005 τὴν
1259 3935 1465 4007 ταύτης
1492 3937 1739 4006 φρουράν
1761 3954 1774 3968 ·
1810 3937 1903 3990 τὸν

313 4021 371 4074 δέ
407 4022 815 4094 μιξοδάρΰαρον
837 4025 1187 4095 Μοναστρᾶν,
1217 4022 1391 4097 οὗπερ
1423 4029 1482 4080 ἐν
1519 4027 1734 4091 πολλοῖς
1761 4030 1788 4080 ὁ
1815 4029 1904 4083 λό-

317 4131 412 4185 γος
439 4116 740 4186 ἐμέμνητο,
771 4120 803 4186 ὴ
837 4118 1130 4187 Πέργαμος
1163 4120 1255 4172 καὶ
1285 4121 1352 4173 τὰ
1379 4121 1591 4191 Χλιαρὰ
1622 4121 1689 4186 ³⁸,
1717 4124 1809 4175 καὶ
1838 4123 1904 4176 τὰ

317 4209 528 4270 τούτοις
546 4209 928 4278 παρακείμενα
958 4209 1228 4282 πολίχνια,
1258 4214 1350 4266 καὶ
1376 4215 1433 4266 αί
1454 4218 1606 4284 παρὰ
1634 4206 1905 4268 Θάλατταν

319 4298 505 4370 ἕτεραι
543 4301 749 4365 πόλεις,
787 4301 980 4363 ἄλλους
1021 4302 1187 4373 πείρᾳ
1221 4306 1565 4373 στρατηγικῇ
1599 4305 1694 4358 καὶ
1729 4303 1903 4376 τόλμῃ

320 4391 696 4461 διαφέροντας.
727 4393 931 4463 Πολλὴν
952 4394 1005 4448 δὲ
1023 4394 1121 4465 τὴν
1143 4394 1280 4462 πρὸς
1303 4395 1501 4459 αὐτοὺς
1527 4396 1906 4466 παραγγελίαν

321 4485 348 4536 ὁ
375 4486 736 4558 αὐτοκράτωρ
763 4489 1062 4557 ἐποιήσατο
1086 4487 1453 4558 ἐγρηγορέναι
1471 4489 1786 4552 διαπαντὸς,
1811 4491 1905 4542 καὶ

319 4581 559 4642 σκοποὺς
593 4580 928 4649 πανταχόθεν
968 4581 1279 4650 ἐκπέμπειν
1318 4581 1447 4643 τοὺς
1479 4579 1579 4644 τὰς
1614 4581 1723 4633 τῶν
1760 4580 1902 4652 Βαρ-

319 4670 506 4742 δάρων
543 4665 945 4742 ἐπιτηροῦνταὲ
978 4673 1305 4743 διεκδρομὰς
1338 4675 1432 4726 καὶ
1459 4673 1906 4741 ἀπαγγέλλοντας

321 4763 503 4826 αὐτοῖς
536 4761 658 4816 καθ’
681 4762 850 4833 ὥραν.
885 4763 1042 4817 Οὕτω
1067 4764 1166 4834 μὲν
1193 4763 1282 4816 οὖν
1311 4765 1383 4817 τὰ
1413 4768 1556 4819 κατὰ
1586 4766 1683 4836 τὴν
1719 4765 1906 4822 Ἀσίαν

323 4857 764 4926 ἀσφαλισάμενος
788 4857 924 4928 πρὸς
945 4859 1068 4920 τοὺς
1097 4858 1414 4922 θαλαττίους
1434 4860 1613 4913 ἐπεῖδε
1634 4861 1907 4931 πολέμους

321 4952 432 5012 τοῖς
482 4953 758 5014 ναυτικοῖς
791 4950 1194 5020 ἐντειλάμενος,
1243 4953 1373 5015 τοὺς
1427 4951 1527 5022 μὲν
1559 4955 1673 5017 τοῖς
1723 4954 1906 5023 λιμέσι

323 5039 576 5093 Μαδύτου
623 5042 736 5112 (59)
791 5044 886 5095 καὶ
943 5041 1155 5096 Κοίλων
1207 5043 1606 5113 προσορμίσαι,
1661 5045 1757 5099 καὶ
1813 5045 1906 5098 τὸν

385 5283 431 5315 ³⁸
450 5284 874 5352 παραθαλάσσ.α
907 5286 1106 5339 πάντα.
1197 5284 1242 5322 ³³
1269 5283 1471 5338 τοίνυν.

1556 5285 1601 5315 ³⁸
1629 5283 1860 5354 Χλιερά.

2006 2647 2306 2717 periculum
2351 2647 2590 2715 undique
2626 2647 2816 2715 ingens
2861 2645 3122 2698 Romanae
3154 2643 3254 2696 rei.
3309 2641 3588 2709 Siquidem

2005 2739 2170 2795 certis
2219 2740 2284 2795 ab
2331 2739 2628 2795 Occidente
2685 2740 2887 2792 nuntiis
2922 2737 3197 2791 ferebatur
3249 2734 3480 2790 Pisanos
3528 2747 3591 2785 ac

2006 2835 2324 2891 Genuenses
2361 2845 2695 2903 eaetcrosque
2724 2833 2998 2902 principes
3026 2831 3196 2884 Italia:
3237 2843 3445 2883 summa
3491 2841 3593 2895 ope

2006 2930 2210 2985 classes
2249 2944 2445 2999 parare
2478 2928 2684 2982 validas
2707 2927 2906 2997 quibus
2948 2924 3196 2992 regiones
3232 2936 3423 2975 omnes
3449 2918 3593 2972 limi-

2007 3022 2077 3076 tis
2108 3022 2316 3077 occidui
2349 3022 2644 3074 maritimas
2674 3018 2918 3086 piraticis
2947 3014 3354 3070 incursionibus
3396 3023 3451 3065 et
3492 3026 3591 3065 ex-

2004 3113 2382 3171 scensionibus
2417 3113 2469 3168 in
2509 3121 2681 3165 tutum
2722 3107 2915 3164 subitis
2943 3107 3205 3160 vastaturi
3241 3121 3365 3158 mox
3389 3113 3590 3162 essent.

2004 3206 2304 3261 Constabat
2339 3206 2552 3259 aliunde
2577 3203 2774 3258 bellum
2801 3201 2869 3255 ab
2901 3199 3123 3254 Oriente
3152 3200 3363 3253 instare
3393 3197 3591 3249 harba-

2006 3299 2177 3352 rieum
2235 3295 2654 3353 formidolosum
2715 3304 2880 3362 atque
2939 3302 3144 3356 atrox;
3202 3291 3336 3344 duce
3408 3302 3593 3342 amere

2005 3389 2171 3443 Saine
2205 3389 2257 3439 in
2291 3386 2689 3454 expeditionem
2721 3382 2832 3449 jam
2858 3394 3170 3452 progresso,
3201 3395 3263 3432 ac
3288 3389 3434 3432 recta
3467 3392 3589 3431 mo-

2007 3487 2163 3531 vente
2216 3475 2642 3545 Philadelphiam
2675 3488 2866 3528 versus
2891 3483 2941 3526 et
2975 3480 3142 3526 totam
3173 3470 3315 3524 illam
3347 3468 3482 3521 mari
3512 3469 3593 3519 vi-

2005 3567 2183 3622 cinam
2234 3565 2528 3633 regionem.
2559 3563 2672 3618 Hac
2700 3565 2932 3634 quadam
2967 3561 3119 3632 quasi
3148 3562 3269 3614 nive
3294 3568 3383 3612 aut
3423 3574 3590 3627 grau-

2007 3659 2131 3714 dine
2157 3659 2469 3711 crebrarum
2497 3657 2702 3725 pariter
2720 3667 2773 3710 et
2790 3655 3188 3710 vehementiam
3209 3666 3592 3716 curarum,ex-

2008 3766 2201 3806 cussus
2219 3749 2403 3818 utique
2419 3749 2712 3820 imperator
2725 3749 2906 3818 quiete
2926 3748 3118 3800 domus
3133 3747 3404 3814 Augustae,
3425 3758 3490 3797 eo
3503 3759 3593 3796 ac-

1951 3899 1970 3921 ,ι
2006 3845 2333 3900 currendum
2349 3843 2577 3914 putavit,
2594 3841 2736 3896 unde
2753 3841 3015 3895 adversus
3031 3848 3317 3903 utramque
3332 3837 3435 3890 vim
3452 3850 3593 3888 unus

2011 3945 2323 3994 occurreret
2353 3950 2514 4004 quam
2553 3933 2665 3988 ﬁeri
2699 3941 2884 4003 posset
2915 3932 3137 3999 optime.
3167 3927 3226 3980 Ei
3265 3927 3339 3980 rei
3384 3924 3590 3980 delecta

2013 4031 2390 4086 Chersonesus
2441 4030 2492 4082 in
2564 4043 2728 4097 quant
2790 4023 2953 4080 simul
3015 4037 3074 4077 se
3133 4019 3386 4079 contulit,
3433 4015 3592 4073 simul

2013 4125 2202 4178 eodem
2233 4137 2296 4177 ex
2331 4121 2462 4174 locis
2500 4119 2756 4173 outnihus
2811 4125 3099 4170 terrestres
3150 4113 3302 4182 juxta
3344 4109 3593 4164 narales-
3643 4106 3662 4115 ⁸

2015 4230 2120 4284 que
2154 4213 2344 4284 cepias
2367 4210 2566 4280 coegit.
2603 4209 2680 4263 Ex
2722 4209 2788 4263 iis
2819 4209 3030 4262 delectu
3071 4213 3412 4273 segregatum
3473 4199 3592 4251 ido-

2016 4322 2176 4362 neum
2210 4305 2508 4360 exercitum
2545 4317 2640 4372 per
2692 4299 3089 4354 Scamandrum
3132 4309 3302 4363 usque
3342 4293 3592 4344 Atrame-

2016 4409 2128 4452 tum
2160 4397 2451 4465 ipsumque
2482 4391 2837 4445 Thracesium
2872 4387 3124 4456 progredi
3159 4385 3345 4453 jussit,
3380 4381 3595 4446 illicque

2014 4491 2332 4546 subsistere.
2386 4485 2585 4540 Habuit
2663 4494 2774 4536 tum
2833 4479 3203 4545 Philadelphia
3279 4472 3594 4543 pra-fectum

2013 4581 2435 4636 Constantinum
2485 4577 2744 4636 Gabram,
2781 4583 3178 4637 numerumque
3229 4563 3594 4616 abundantem

2017 4670 2382 4729 nmltitudiuis
2408 4669 2472 4721 ad
2505 4665 2724 4720 tutelam
2755 4664 2858 4718 sui.
2897 4659 3134 4732 Hybrida
3173 4656 3499 4712 Mouastras,
3533 4650 3598 4703 de

2016 4782 2123 4834 quo
2152 4777 2248 4816 nos
2285 4759 2450 4814 multa
2489 4757 2760 4827 superius,
2810 4753 3130 4822 Pergamum
3193 4743 3479 4801 obtinebat
3544 4750 3597 4793 et

2013 4831 2259 4914 Chliera.
2296 4853 2431 4907 Aliae
2477 4851 2564 4907 his
2611 4849 2920 4916 adjacentes
2957 4856 3144 4915 arces,
3203 4839 3479 4901 urbesque
3531 4831 3598 4885 ad

2017 4965 2167 5005 mare
2194 4950 2314 5002 sitae
2345 4955 2552 5000 tractus
2579 4943 2724 4996 illius
2751 4938 2992 5007 reliquiae
3041 4934 3164 4989 aliis
3215 4927 3597 5001 praestantibus

2017 5045 2094 5098 rei
2130 5040 2342 5097 bellica:
2392 5036 2590 5109 peritia
2621 5043 2676 5090 ct
2709 5030 3030 5088 fortitudine
3053 5027 3284 5082 ducibus
3313 5021 3595 5077 suberant.

1373 5182 1574 5244 Varize
1612 5182 1914 5244 lectiones
1943 5200 2022 5246 ex
2053 5180 2197 5245 cod.
2224 5175 2494 5240 Coislin.

1375 5404 1523 5469 Car.
1547 5401 1873 5465 Dufresnii
1903 5402 1994 5462 Du
2026 5399 2244 5478 Cangii
2281 5403 2470 5458 noue.

399 5528 511 5594 (38)
546 5527 1382 5601 epqxnalov.510'l‘hracesii
1412 5526 1714 5601 Thematis,
1738 5525 1885 5601 quod

326 5597 576 5670 Lydiam,
608 5600 846 5663 Cariam,
883 5597 1110 5670 Ionium,
1150 5610 1204 5652 et
1237 5598 1622 5670 aliquol._alias
1670 5599 1896 5670 proyin-

325 5666 438 5724 cias
465 5670 953 5737 (’mnpleclebalur.
981 5666 1338 5725 Constantio.
1358 5669 1422 5724 de
1447 5666 1697 5737 Tltcmat.
1734 5667 1826 5722 lib.
1861 5681 1899 5732 Ι,

325 5753 378 5797 ct
411 5741 462 5795 in
493 5736 714 5806 Basilio,
752 5756 874 5810 cap.
917 5738 984 5793 15
1018 5747 1072 5797 et
1101 5739 1184 5798 16.
1663 5736 1672 5742 ”

2075 5522 2186 5593 (39)
2245 5519 2548 5593 Maddtov.
2601 5513 2868 5593 Oppidum
2923 5511 2978 5565 in
3015 5497 3586 5593 _Ch_ersott_es;)"l'h;3:

2011 5569 2592 5656 cialezvitodiendleit‘os,
2621 5569 2779 5638 t'e'ste
2832 5580 3188 5637 Leunclavio,
3254 5589 3305 5625 u.
3479 5569 3590 5656 lle}:

2016 5637 2592 5730 δ’ὧέιῆἀτιξξιᾷἷιίιίτα’
2627 5637 2822 5730 Κοῖλα2
2879 5661 3068 5722 portus
3111 5648 3446 5701 memoratus
3495 5637 3588 5691 Ni-

2017 5725 2150 5788 ceta:
2175 5733 2226 5787 in
2260 5729 2404 5786 Man.
2438 5728 2530 5784 lib.
2556 5742 2608 5793 ν,
2641 5741 2766 5795 cap.
2795 5725 2851 5780 4.
