3998 6206
457 272 594 339 1055

1760 277 1910 340 ANN
1913 278 1983 339 1E
2017 278 2402 343 COMNENIE

3584 275 3718 339 1056

450 395 603 457 Quos
633 390 869 449 assiduis
901 393 1105 451 nuntiis
1136 391 1192 447 in
1214 392 1463 449 omnium
1496 393 1758 449 horarum
1793 386 2029 466 vigiliam

2134 393 2452 466 ἀναμεταξὺ
2492 392 2741 465 πορθμὸν
2776 388 3135 455 ἁνωτᾶκτως
3166 388 3456 460 φυλάττειν
3476 428 3495 456 ,
3526 390 3723 462 ἐκδρο-

452 492 806 551 oxperrectos
840 483 1074 539 habebat
1109 482 1445 554 imperator;
1496 484 1734 541 subinde
1780 486 2028 557 repetitis

453 573 721 627 mandatis
747 575 1017 633 excitans.
1056 573 1122 627 ad
1169 574 1544 643 speculatores
1585 576 1722 631 [idos
1764 585 1821 630 et
1872 591 2029 632 acres

447 681 889 734 quoquoversum
941 667 1199 723 continue
1264 668 1599 735 mittendos,
1653 685 1790 738 quos
1844 668 2028 724 nullus

452 756 688 809 hostium
739 766 923 811 motus
973 773 1365 827 progressusve
1419 770 1602 829 posset
1654 760 1873 827 fallere,
1932 760 2026 830 qui

449 850 633 903 statim
668 862 942 919 comperta
990 853 1329 909 nuntiarent.
1380 853 1473 909 Sic
1520 854 1825 922 procuratis
1870 855 2029 910 rebus

446 940 608 1006 Astii»,
644 942 708 992 ad
752 943 1022 996 maritima
1059 944 1193 998 bella
1223 946 1629 1014 pcovidentiam
1656 946 1843 1008 vertit.
1878 946 2029 999 edito

445 1034 512 1087 ad
547 1049 741 1089 omnes
802 1037 1053 1091 nauticos
1106 1040 1384 1104 mandato,
1433 1048 1490 1093 ut
1519 1039 1721 1111 Madyti
1752 1051 1807 1096 et
1836 1041 2029 1097 Coela-

448 1140 567 1178 rum
617 1137 808 1192 portus
853 1141 1224 1197 occuparent,
1278 1130 1589 1201 fretumque
1650 1132 2027 1204 interpositum

446 1218 815 1273 iucouniventi
870 1221 1117 1276 custodia
1176 1234 1482 1287 servarent,
1539 1234 2030 1293 percursantesque

447 1310 723 1366 celocibus
748 1312 853 1366 ista
877 1312 1071 1380 maria,
1104 1314 1324 1369 micanti
1345 1315 1565 1371 assidue
1585 1317 1912 1373 Strenuitate
1934 1319 2029 1375 im-

450 1401 719 1456 minerent
743 1404 797 1457 in
820 1418 1036 1458 omnem
1080 1416 1286 1463 motum
1327 1416 1493 1477 atque
1522 1422 1800 1465 accessum
1837 1407 2029 1465 classis

444 1491 719 1548 Francicae
774 1512 787 1548 :
842 1505 897 1548 et
952 1510 1076 1550 cum
1131 1496 1440 1552 ellecissent
1497 1499 1809 1567 speculandi
1895 1500 2028 1568 vigi-

2133 484 2242 554 μάς
2271 501 2428 548 τινας
2462 485 2818 554 ποιουμένους
2854 483 2943 537 διὰ
2974 480 3260 555 δρομάδων
3284 479 3509 548 κούφων
3535 481 3719 550 νηῶν,

2131 579 2229 631 καὶ
2258 578 2365 643 τὰς
2386 579 2485 648 τῆς
2514 576 2787 645 θαλάττης
2817 575 3107 640 κελεύθους
3132 575 3495 636 ἀνυστάκτως
3521 576 3719 643 ἐπιτη-

2132 672 2271 740 ρεῖν,
2303 671 2400 725 τὸν
2421 671 2735 740 Φραγγικδν
2760 667 3241 740 ἀπεκδεχομένους
3274 666 3498 721 στόλον*
3527 666 3657 727 τοὺς
3680 666 3721 698 ³⁷

2128 761 2188 816 δὲ
2219 762 2319 825 τὰς
2344 762 2542 833 νήσους
2564 762 2986 833 παραπλέοντας
3016 763 3299 832 φρουρεῖν,
3324 758 3464 829 μηδὲ
3489 756 3560 811 τὰ
3588 758 3725 810 κατά

2128 853 2227 921 τὴν
2258 854 2667 925 Πελοπόννησον
2696 855 3051 923 παριδόντας,
3070 853 3211 909 ἀλλὰ
3233 852 3329 905 καὶ¹
3356 849 3569 920 ταύτης
3588 852 3723 903 ἁπο-

2130 945 2352 1015 χρῶσαν
2392 946 2668 1001 ποιεῖσθαι
2717 947 2992 1016 φυλακήν.
3038 945 3193 997 Ἐπεὶ
3238 943 3297 996 δὲ
3336 943 3637 1014 βραδύνειν
3674 947 3728 996 ἐν

2128 1038 2360 1100 ἐκείνοις
2407 1041 2519 1102 τοῖς
2570 1039 2798 1109 μέρεσιν
2836 1034 3094 1092 ἐϐούλετο
3141 1038 3199 1088 ὲν
3242 1036 3525 1106 ἐπικαίρῳ
3574 1034 3729 1105 τόπῳ

2128 1128 2419 1198 σχεδτάσας
2444 1130 2721 1199 οἰκήματά
2750 1147 2874 1184 τινα
2918 1126 3087 1185 αὐτοῦ
3119 1144 3222 1180 που
3251 1126 3353 1196 τὴν
3375 1142 3729 1196 παραχειμα-

2134 1220 2257 1273 σίαν
2287 1221 2552 1276 ἐποιεῖτο.
2607 1223 2693 1285 Ὠς
2731 1222 2789 1275 δὲ
2838 1221 2867 1275 δ
2912 1220 3022 1274 ἀπὸ
3076 1218 3485 1288 Λογγιϐαρδῐας
3534 1219 3728 1285 εὑτρε-

2130 1311 2347 1377 meo;
2398 1314 2585 1377 στόλος
2631 1315 2727 1367 καὶ
2768 1314 2878 1367 τῶν
2916 1311 3125 1366 λοιπῶν
3173 1309 3380 1381 μερῶν,
3433 1308 3613 1371 λύσας
3662 1311 3730 1362 τὰ

2131 1406 2454 1474 πρυμνήσια
2479 1406 2570 1458 τὸν
2601 1404 2884 1458 ἀπόπλουν
2914 1403 3268 1471 ἐπεποίηντο,
3300 1399 3727 1471 ἀποδιελόμευος

2129 1494 2157 1546 ὁ
2207 1493 2413 1549 τούτων
2475 1495 2720 1567 ἀρχηγὸς
2775 1496 2941 1551 πέντε
2991 1494 3200 1563 διήρεις
3264 1491 3592 1547 ἀπέστειλεν
3643 1495 3709 1560 ἐφ

445 1584 608 1637 lautia
641 1602 704 1638 ue
743 1587 1016 1655 improvisi
1059 1588 1380 1644 fortitudine
1410 1600 1899 1662 consequerentur.
1962 1607 2029 1649 ne

2130 1581 2175 1655 ᾧ
2201 1590 2498 1658 κατασχεῖν
2530 1605 2687 1652 τινας
2714 1588 2809 1641 καὶ
2828 1588 2897 1641 τὰ
2936 1586 3091 1657 παρὰ
3117 1585 3215 1639 τοῦ
3254 1585 3525 1656 βασιλέως
3560 1601 3727 1636 κατα-

441 1674 609 1746 430
664 1680 808 1732 noxii
861 1681 1047 1736 hostes
1113 1682 1478 1748 accederent;
1539 1693 1647 1741 tam
1715 1685 2029 1743 continente

2134 1679 2328 1750 μαθεῖν
2361 1680 2426 1736 ³⁸.
2473 1682 2560 1743 Ὠς
2587 1680 2643 1733 δὲ
2688 1679 2788 1751 τὴν
2825 1679 3059 1733 ’Δϐυδον
3091 1679 3395 1733 κατέλαϐον
3433 1678 3562 1749 ήδη,
3598 1676 3726 1746 μίαν

442 1784 603 1836 quam
652 1769 844 1825 insulis
887 1772 956 1827 ab
1002 1787 1189 1829 eorum
1230 1775 1429 1842 impetu
1474 1786 1638 1846 atque
1692 1776 1890 1848 injuria
1946 1787 2029 1831 tu-

2132 1768 2341 1822 τούτων
2387 1768 2524 1839 πρὸς
2554 1769 2645 1822 τὸν
2696 1768 2992 1839 πέμψαντα
3041 1768 3241 1838 συνέϐη
3280 1768 3574 1821 ἐπανιέναι
3620 1766 3728 1817 τῶν

447 1862 644 1917 undis.
671 1864 898 1919 Oliircnt
920 1866 1086 1937 igitur
1109 1877 1316 1924 tractus
1345 1868 1466 1925 illos
1495 1871 1725 1925 marium
1750 1871 2027 1927 littorum-

365 2006 369 2010 .
441 1968 550 2021 que
590 1960 920 2012 ostentando
966 1958 1518 2030 circumferendoque
1564 1963 1800 2033 passim,
1846 1965 2032 2019 admo-

441 2046 620 2101 vendo
650 2048 838 2116 etiam,
856 2066 1196 2120 quocumque
1223 2068 1359 2123 opus
1385 2065 1551 2121 esset,
1584 2055 1837 2123 praesidio
1864 2065 2030 2126 atque

442 2141 668 2206 auxilio,
700 2142 781 2197 'ne
815 2142 1190 2215 PeIOponneso
1237 2147 1455 2217 quidem
1503 2148 1783 2218 neglecta;
1823 2164 1942 2204 nam
1976 2156 2032 2204 et

441 2234 581 2287 hanc
619 2234 873 2303 imputari
905 2253 933 2290 a
974 2239 1264 2294 navarchis
1291 2239 1555 2295 Romanis
1578 2240 1627 2294 in
1662 2251 1871 2309 partem
1905 2257 2032 2310 pro-

440 2326 635 2382 vincia:
665 2329 957 2393 mandatae,
996 2331 1357 2402 idoneamque
1387 2332 1437 2387 ei
1471 2334 1683 2389 tuendas
1720 2333 2028 2387 cuStodiam

437 2416 678 2485 impendi
727 2421 1047 2475 nominatim
1114 2422 1416 2491 imperator
1464 2434 1704 2478 caverat.
1761 2422 2027 2490 Quoniam

439 2517 617 2562 autem
662 2509 716 2563 in
766 2511 832 2566 iis
877 2514 1123 2580 partibus
1161 2515 1367 2570 diutius
1392 2516 1594 2570 morari
1647 2518 2028 2585 constituerat,

438 2599 663 2652 excitari
720 2602 996 2672 Augustus
1035 2604 1200 2676 jussit
1246 2613 1373 2675 apto
1434 2608 1501 2661 ad
1554 2607 1606 2661 id
1638 2607 1850 2663 delecto
1910 2608 2029 2664 loco

438 2692 1144 2762 subitariasdomunculas,
1189 2699 1349 2755 tectis
1395 2701 1838 2769 extemporaneis
1870 2717 2028 2771 oper-

439 2790 543 2848 tas,
572 2785 672 2837 sub
703 2786 902 2855 quibus
932 2787 1165 2844 hiemem
1200 2793 1486 2860 transegit.
1515 2789 1582 2846 Ut
1611 2801 1794 2846 autem
1826 2806 1858 2846 e
1886 2789 2029 2847 Lon~

436 2875 693 2942 gobardia
735 2879 1061 2948 ca’terisque
1086 2880 1224 2937 locis
1254 2897 1317 2937 ac
1339 2882 1583 2951 partibus
1604 2895 1791 2953 parata
1827 2884 2023 2946 Latina

436 2966 627 3022 classis
662 2968 826 3023 solvit
858 2969 910 3025 in
951 2987 1051 3026 nos
1084 2973 1282 3028 infesta
1304 3014 1320 3040 ,
1349 2975 1581 3044 primum
1615 2977 1749 3032 illud
1778 2979 2024 3034 onmium

435 3058 553 3120 eius
593 3061 784 3114 ductor
824 3064 1034 3130 putavit
1095 3060 1402 3121 faciendum
1442 3076 1500 3122 ut
1541 3068 1728 3125 missis
1779 3069 2023 3139 quinque
2051 3101 2093 3158 ε

436 3147 735 3204 biremibus
762 3161 815 3205 et
840 3168 1003 3221 quam
1025 3156 1273 3224 proxime
1295 3157 1590 3214 admovere
1626 3176 1686 3215 se
1722 3160 1893 3231 jussis
1918 3162 2025 3219 Ro-

437 3241 617 3297 manis
639 3246 803 3301 terris
831 3261 894 3317 ac
919 3247 1207 3316 portubus,
1241 3251 1486 3319 captivos
1519 3251 1585 3306 ad
1625 3267 1683 3307 se
1721 3253 1846 3310 duci
1875 3254 2030 3320 jube-

437 3343 523 3387 ret
558 3348 588 3388 e
623 3332 831 3392 Graecis
858 3338 1092 3407 aliquos,
1142 3356 1374 3409 quorum
1416 3343 1641 3410 indicio,
1687 3346 1816 3416 quid
1854 3346 2025 3416 impe-

435 3433 588 3479 rator
618 3441 801 3481 rerum
847 3442 1085 3502 gereret,
1124 3432 1213 3488 ubi
1247 3432 1509 3502 locorum,
1538 3450 1645 3505 quo
1678 3446 1823 3492 statu
1856 3449 2027 3501 esset.

432 3518 783 3578 edoceretur.
804 3523 1051 3603 Abydum
1079 3523 1191 3595 jam
1212 3540 1350 3597 pene
1381 3539 1745 3598 pervenerant
1777 3531 2030 3599 explora-

437 3612 591 3667 torias
620 3629 786 3670 naves
824 3618 1040 3686 quando
1068 3619 1475 3677 incurrentibus
1504 3621 1703 3678 nostris
1738 3622 1966 3693 contigit
1996 3639 2027 3679 e

431 3704 675 3776 quinque
711 3708 926 3763 unicam
961 3713 1223 3767 duntaxat
1267 3714 1336 3767 ad
1380 3728 1503 3768 eum
1529 3716 1625 3785 qui
1659 3715 1889 3770 miserat
1936 3730 2024 3770 re-

430 3786 657 3854 currere
716 3801 940 3871 reliquis
993 3805 1167 3875 captis
1219 3814 1274 3861 et
1329 3807 1564 3864 detentis
1611 3822 1736 3863 cum
1795 3808 2024 3879 remigio

430 3901 498 3940 ac
556 3891 863 3947 vectoribus
933 3896 1213 3956 omnibus.
1302 3897 1623 3954 Didicerunt
1706 3897 1869 3967 hujus
1937 3914 2024 3952 re-

430 3972 547 4028 ditu
612 3976 837 4035 biremis
923 3983 1090 4040 duces
1138 3984 1461 4040 Latinarum
1532 3987 1792 4042 classium
1842 3987 2020 4040 muni-

434 4072 517 4117 tos
540 4066 607 4121 ab
630 4067 960 4143 imperatore
982 4074 1151 4143 copiis
1175 4077 1410 4145 egregiis
1435 4085 1622 4147 portus
1652 4092 1843 4132 omnes
1867 4093 1882 4142 ;
1908 4089 2019 4131 ter-

2132 1860 2337 1915 λοιπῶν
2371 1862 2816 1932 κατασχεθεισῶν
2850 1861 2948 1914 συν
2981 1860 3167 1924 αὐτοῖς
3204 1860 3446 1931 ἐρέταις,
3476 1858 3546 1912 δι’
3582 1848 3651 1930 ἧς
3676 1860 3726 1915 οἱ

2131 1954 2370 2025 ἀρχηγοὶ
2396 1957 2505 2007 τῶν
2528 1954 2629 2025 ήδη
2659 1952 2939 2024 ῥηθέντων
2965 1952 3171 2029 στόλων
3192 1950 3261 2005 τὰ
3282 1952 3423 2005 κατὰ
3451 1950 3542 2003 τὸν
3564 1952 3730 2002 αὑτο-

2132 2045 2379 2126 κράτορα
2417 2044 2822 2117 μεμαθηκότες,
2852 2045 2945 2099 καὶ
2965 2044 3049 2096 ὅτι
3093 2043 3164 2096 τά
3202 2059 3262 2096 τε
3293 2042 3443 2097 κατὰ
3472 2040 3573 2112 τὴν
3626 2041 3727 2095 Gd-

2130 2137 2335 2193 λατταν
2368 2140 2463 2191 καὶ
2494 2140 2595 2206 τὴν
2636 2138 2867 2209 ἤπειρον
2895 2134 3146 2208 ἀκριϐῶς
3189 2134 3725 2205 ὲξασφαλισὰμενος,

2132 2232 2275 2284 κατά
2304 2230 2402 2302 τὴν
2434 2232 2784 2301 Χερρόνησον
2816 2229 2916 2300 τὴν
2957 2228 3410 2299 παραχειμασίαν
3450 2229 3694 2281 ποιεῖται
3716 2243 3730 2257 ’

2130 2323 2216 2392 ἐφ’
2273 2318 2317 2389 ᾧ
2360 2327 2569 2386 πάντας
2622 2320 3111 2395 παραθαρρύνειν,
3156 2320 3281 2373 ἐπεὶ
3324 2321 3462 2391 πρὸς
3510 2322 3581 2371 τὰ
3628 2316 3728 2370 τοῦ

2130 2416 2537 2487 αὐτοκράτορες
2572 2417 2946 2485 μηχανήματα
2975 2416 3074 2483 οὐχ
3100 2407 3203 2467 οἷοι
3233 2429 3293 2466 τε
3326 2407 3471 2482 ἦσαν
3503 2411 3732 2477 saepe-

2128 2513 2344 2582 χεσθαι,
2378 2513 2505 2575 τοὺς
2537 2512 2732 2574 οἴακας
2768 2508 3330 2581 μεταχειρισάμενοι,
3361 2506 3530 2577 ἀλλην
3565 2504 3734 2573 ἐτρα-

2130 2619 2316 2656 ποντο.
2360 2596 2455 2665 Εἷς
2491 2601 2547 2655 δέ
2581 2619 2666 2665 τις
2708 2599 2914 2662 Κελτὸς
2949 2600 3059 2654 τῶν
3094 2600 3237 2669 ἀμφὶ
3279 2599 3407 2658 τοὺς
3440 2595 3731 2665 ἀρχηγοὺς

2133 2696 2235 2763 τὴν
2259 2695 2396 2749 ἰδίαν
2416 2695 2756 2765 ἀφελόμενος
2778 2698 2913 2765 νῆαν
2939 2694 2982 2726 ³⁸
3004 2693 3219 2763 μονήρη
3246 2691 3537 2759 ὠκυτάτην
3558 2687 3730 2742 οὖσαν

2129 2789 2269 2860 πρὸς
2301 2790 2393 2843 τὸν
2431 2788 2752 2843 Βαλδουῖνον
2780 2788 2956 2858 ’ἀπῄει
2979 2827 2994 2852 ,
3027 2785 3125 2841 καὶ
3155 2785 3254 2855 τὴν
3287 2783 3466 2853 Τύρον
3499 2780 3729 2851 πολιορ-

2129 2881 2330 2937 κοῦντα
2369 2879 2560 2933 τοῦτον
2590 2878 2768 2949 εὑρὼν
2794 2879 3011 2935 ἅπαντα
3048 2875 3232 2939 καθὼς
3265 2876 3295 2927 ὁ
3322 2875 3481 2943 λόγος
3509 2873 3731 2942 φθάσας

2132 2972 2373 3041 ἐδήλωσε
2404 2974 2473 3026 τὰ
2504 2972 2644 3025 κατὰ
2674 2972 2763 3024 τὸν
2794 2971 3176 3042 αὐτοκράτορα
3205 2968 3548 3039 διηγήσατο,
3584 2964 3730 3035 μετᾶ

2130 3060 2379 3129 γνώμης,
2409 3055 2583 3129 οἶμαι,
2611 3060 2717 3114 τῶν
2745 3058 3007 3131 ἀρχηγών
3030 3058 3256 3112 ἐκείνων
3281 3056 3537 3109 ἀπελθὼν
3560 3055 3605 3086 ⁸⁸
3632 3055 3730 3109 καὶ

2126 3152 2274 3217 ὅπως
2308 3153 2405 3216 τὰς
2435 3152 2819 3216 κατασκόπους
2851 3152 3129 3224 δρομάδας
3161 3151 3295 3214 ναῦς
3325 3151 3353 3204 δ
3396 3149 3719 3220 Ῥωμαϊκὸς

2126 3245 2340 3314 φθάσας
2364 3245 2597 3316 κατέσχε
2619 3245 2826 3311 στόλος,
2847 3245 2992 3300 καθά
3016 3260 3079 3314 γε
3103 3245 3146 3276 ⁸⁸
3173 3244 3269 3296 καὶ
3289 3243 3531 3313 εἴρηται.
3554 3240 3731 3296 Ἀλλὰ

2125 3336 2189 3409 δὴ
2225 3340 2319 3391 κατ¹
2353 3337 2513 3391 τοῦτο
2545 3334 2994 3408 ἁνερυθριάστως
3030 3333 3372 3405 ἀνωμολόγει
3408 3333 3455 3364 δ’
3478 3372 3495 3397 ,
3528 3334 3728 3401 ὅτιπερ

2128 3430 2179 3484 οἱ
2214 3431 2485 3501 ἡγεμόνες
2529 3429 2624 3483 τοῦ
2656 3429 2924 3483 Κελτικοῦ
2965 3428 3153 3482 στόλου
3186 3426 3330 3481 οὕτω
3361 3441 3724 3497 παρασκευα-

2134 3523 2373 3593 σάμενον
2421 3523 2513 3576 τὸν
2562 3523 2949 3594 αὐτοκράτορα
3003 3521 3126 3575 κατ’
3178 3522 3361 3575 αὐτῶν
3415 3521 3725 3589 ἐγνωκότες

2136 3616 2527 3686 ὑπέστρεψαν,
2591 3616 2800 3688 βέλτιον
2844 3610 2986 3670 εἶναι
3026 3615 3357 3685 νομίσαντες
3404 3613 3727 3684 ἀπράκτους

2133 3708 2495 3779 ὑποστρέψαι,
2524 3707 2558 3777 ἢ
2593 3708 2735 3778 μετὰ
2756 3709 2847 3761 τοῦ
2895 3707 3211 3777 Ῥωμαϊκοῦ
3244 3705 3442 3759 στόλου
3477 3703 3731 3775 μαχομέ-

2129 3817 2255 3864 νους
2292 3798 2615 3871 ἡττηθῆναι.
2665 3800 2727 3854 ’0
2779 3799 2877 3871 μὲν
2920 3799 3012 3853 οῦν
3060 3797 3266 3862 Κελτὸς
3302 3798 3519 3862 ἐκεῖνος
3546 3795 3724 3850 ταῦτα

2130 3894 2269 3965 πρὸς
2298 3893 2390 3946 τὸν
2422 3892 2747 3947 Βαλδουῖνον
2781 3894 3018 3961 ἐξεῖπεν,
3051 3893 3363 3964 ὑπότρομος
3394 3892 3472 3946 ὢν
3502 3893 3598 3945 καὶ
3632 3890 3724 3943 τὸν

2136 3984 2444 4055 Ῥωμαϊκὸν
2471 3985 2550 4039 ἔτι
2578 3984 2765 4047 δεδιὼς
2797 3985 3003 4038 στόλον.
3028 3985 3216 4038 Ταῦτα
3246 3984 3346 4054 μὲν
3370 3980 3463 4038 οῦν
3489 3983 3558 4051 τᾲ
3580 3982 3726 4036 κατὰ

2124 4078 2223 4148 τὴν
2256 4077 2526 4132 θάλατταν
2561 4079 2914 4148 συμπεσόντα
2942 4081 3055 4143 τοῖς
3087 4077 3338 4139 Κελτοῖς.

432 4173 523 4214 ras
553 4162 714 4217 etiam
753 4180 816 4219 ac
882 4168 1246 4222 continentem
1305 4170 1476 4223 lirmis
1521 4169 1791 4239 prmsidiis
1832 4169 1884 4222 in
1960 4178 2075 4224 tuto
2150 4171 2375 4241 positas.
2445 4173 2625 4241 Ipsum
2686 4186 2793 4239 quo
2848 4173 3057 4227 cunctis
3110 4187 3177 4227 ex
3232 4180 3546 4240 opportuno
3601 4170 3726 4226 loco

431 4252 795 4320 prospiceret,
855 4258 1073 4311 cunctis
1129 4259 1346 4313 animos
1414 4261 1636 4315 adderet
1706 4261 1774 4314 ad
1850 4261 2291 4317 Gherrhonesnm
2346 4263 2591 4319 hibernis
2640 4264 2921 4320 mdilicatis
2960 4248 3215 4318 hiemare
3264 4278 3389 4318 cum
3450 4265 3721 4317 exercitu.

434 4344 528 4396 llis
558 4340 697 4397 Galli
731 4345 953 4411 auditis,
998 4347 1133 4402 satis
1178 4350 1281 4404 sibi
1329 4350 1533 4405 conscii
1594 4351 2015 4419 haudquaquam
2059 4350 2192 4418 ipsis
2220 4353 2410 4408 adesse
2441 4355 2585 4408 vires
2652 4362 2833 4407 tantas
2895 4362 3112 4422 quanta:
3156 4352 3223 4405 ad
3276 4355 3723 4422 perrumpenda:

433 4449 514 4494 tot
550 4440 684 4493 istas
721 4440 790 4495 ab
862 4442 1199 4511 imperatore
1248 4444 1493 4514 olijcctas
1562 4446 1938 4517 praesidiorum
1989 4446 2209 4500 fortium
2277 4457 2331 4502 et
2395 4447 2834 4503 cautissituorum
2871 4447 3216 4501 consiliorum
3259 4446 3709 4516 praintunitioacs

428 4551 493 4592 ac
526 4538 673 4592 velut
703 4538 939 4594 invictas
986 4539 1179 4607 moles,
1225 4541 1400 4598 versis
1423 4552 1645 4612 repente
1684 4542 1853 4598 clavis
1896 4544 2005 4598 alio
2045 4557 2268 4619 cursum
2312 4544 2688 4598 intenderunt.
2743 4540 2898 4598 Tunc
2927 4541 3208 4599 Gallorum
3284 4557 3423 4596 unus
3492 4542 3720 4609 quidam

424 4646 493 4688 ex
529 4631 593 4687 iis
627 4633 717 4703 qui
755 4642 869 4689 tum
898 4633 1041 4689 forte
1073 4635 1216 4690 circa
1250 4635 1417 4691 duces
1448 4635 1599 4693 fuere
1632 4638 1850 4707 quando
1878 4639 1993 4693 haec
2032 4640 2098 4693 ad
2133 4638 2283 4708 ipsos
2304 4637 2371 4692 de
2395 4637 2724 4706 imperatore
2753 4637 2935 4693 delata
2981 4646 3143 4701 sunt,
3178 4651 3368 4690 navem
3433 4636 3717 4705 propriam

430 4739 713 4784 monerem
802 4731 1211 4788 velocissimam
1280 4743 1557 4789 momento
1585 4749 1943 4791 conscensam
1982 4736 2289 4805 raptimque
2341 4752 2369 4790 a
2426 4736 2600 4789 classe
2661 4735 2895 4791 divisum
2986 4734 3039 4788 io
3076 4749 3295 4789 cursum
3355 4734 3609 4801 expedit,
3664 4727 3722 4776 ει

425 4836 588 4890 quam
620 4825 908 4883 celerrime
940 4826 1265 4883 Balduiuum
1302 4828 1417 4883 adit
1456 4837 1583 4882 tunc
1649 4837 2052 4898 oppugnantem
2130 4827 2354 4899 Tyrum.
2408 4827 2583 4896 Eique
2637 4829 2882 4895 exponit,
2938 4827 3094 4895 jussu
3143 4828 3339 4896 Opinor
3388 4823 3713 4878 Latinorum

427 4913 649 4983 ducum,
681 4933 788 4987 quo
819 4919 939 4975 loco
970 4921 1108 4989 apud
1142 4922 1304 4992 ipsos,
1342 4936 1450 4993 quo
1471 4919 1610 4991 apud
1641 4921 2021 4990 imperatorem
2063 4936 2150 4976 res
2185 4929 2368 4976 esseut
2397 4936 2412 4973 :
2443 4927 2502 4975 ut
2530 4920 2819 4975 dromades
2848 4920 3089 4991 ipsorum
3129 4918 3517 4987 exploratoris:
3542 4933 3572 4967 a
3607 4914 3721 4969 Ro“

432 5009 608 5061 manis
643 5021 815 5080 capta:
850 5031 865 5080 ;
896 5023 953 5067 ut
983 5017 1201 5073 acribus
1216 5016 1465 5072 excubiis
1502 5016 1717 5071 invictis
1749 4998 2019 5086 prasidiis
2048 5017 2526 5083 prtentuuitissima
2557 5016 2698 5083 apud
2735 5015 2920 5073 hostes
2950 5014 3057 5069 sint
3085 5015 3289 5068 omnia.
3314 5013 3564 5081 Denique
3584 5010 3716 5064 illud

428 5101 597 5156 libere
625 5120 687 5157 ac
717 5109 922 5173 pudore
977 5120 1230 5181 superato
1271 5110 1541 5166 fatebatur
1572 5128 1585 5163 :
1616 5126 1957 5180 nequaquam
2001 5127 2162 5165 ausos
2198 5127 2318 5164 essu
2347 5113 2515 5165 duces
2557 5110 2800 5165 Francos
2847 5111 3234 5179 imperatorem
3304 5110 3387 5162 sic
3454 5117 3711 5177 paratum

431 5192 694 5260 aggredi;
725 5178 1137 5266 consultiusqiie
1214 5200 1493 5270 judicasse
1538 5178 1717 5256 redire
1804 5178 1982 5256 salvos
2026 5216 2084 5254 re
2122 5201 2318 5256 infecta
2349 5218 2513 5272 quam
2553 5213 2755 5257 temere
2780 5210 3042 5257 attentato
3089 5202 3354 5257 adversus
3398 5201 3717 5255 instructis-

429 5289 622 5359 simam
656 5286 954 5342 Romanam
992 5290 1224 5347 classem
1269 5294 1453 5362 praelia
1476 5294 1619 5348 vinci
1647 5294 1790 5347 haud
1821 5295 2004 5350 dubie.
2050 5293 2188 5349 Huic
2242 5293 2547 5351 .formidini
2614 5296 2883 5352 orationis
2933 5309 3206 5365 congruos
3260 5304 3381 5350 erat
3439 5309 3707 5366 aspectus

429 5394 594 5452 atque
620 5379 838 5435 habitus
870 5380 996 5432 talia
1024 5380 1320 5439 referentis
1354 5383 1623 5440 Baldnino
1671 5382 1835 5452 Galli,
1899 5387 2185 5445 trementis
2215 5387 2438 5442 interim
2473 5388 2603 5443 totis
2665 5386 2917 5454 artubus,
2961 5395 3018 5442 et
3082 5385 3386 5442 Romanam
3468 5387 3538 5443 de
3600 5401 3712 5458 qua

431 5476 646 5535 dicebat
670 5472 900 5529 classem
943 5484 1141 5540 pavere
1175 5474 1353 5530 adhuc
1387 5476 1751 5543 praeferentis.

1434 5617 1635 5681 Varias
1678 5618 1991 5681 lectiones
2019 5633 2098 5676 ex
2130 5614 2276 5677 cod.
2307 5612 2576 5677 Coislin.
2691 5698 2706 5705 ἡ

517 5721 562 5763 ⁸⁷
595 5699 752 5794 πρός.
818 5723 861 5759 ³³
885 5721 1098 5795 μαθεῖν.
1159 5723 1201 5756 ³³
1252 5720 1373 5797 νῆα.
1434 5721 1477 5755 ⁸⁸
1513 5722 1775 5781 ἐπελθών.
1874 5723 1914 5757 ⁶¹
1953 5719 2275 5793 καθώσπερ.
2338 5699 2701 5789 ⁸²ὠμολόγειξ
