3998 6206
293 316 426 380 10-57

290 616 548 684 κράτορι.
614 613 832 682 Μιχαὴλ
894 613 1003 683 γάρ
1070 630 1155 676 τις
1219 613 1279 678 ἐξ
1343 615 1704 684 Ἀμάστριδος
1763 615 1864 686 τὴν

303 705 593 774 Ἀκρουνὸν
615 703 868 774 φρουρῶν
895 704 1237 758 ἀποστασίαν
1265 706 1570 776 μελετήσας
1596 705 1867 776 κατέσχεν

291 796 460 865 αὐτὴν
479 797 571 847 καὶ
603 796 669 847 τὰ
704 796 1089 864 παρακείμενα
1115 796 1288 869 ταύτῃ
1317 796 1362 828 ⁸⁸
1386 796 1577 859 δεινῶς
1603 795 1868 868 ὲληῖζετο.

292 888 462 940 Τοῦτο
499 887 835 958 μεμαθηκὼς
874 890 902 941 ὁ
935 888 1294 960 αὐτοκράτωρ
1347 889 1484 957 μετὰ
1530 889 1870 960 ἀποχρώσης

289 981 576 1048 δυνάμεως
621 981 750 1032 κατ’
808 981 976 1032 αὑτοῦ
1029 981 1122 1032 τὸν
1165 981 1260 1033 τοῦ
1311 979 1550 1034 Δεκανοῦ
1589 981 1869 1051 ἐξέπεμψε

290 1073 592 1140 Γεωργιον.
648 1073 744 1134 Ὃς
787 1071 883 1126 καὶ
927 1071 1303 1144 πολιορκήσας
1357 1073 1450 1125 ἐπὶ
1506 1075 1657 1142 τρισὶ
1711 1074 1867 1142 μησὶ,

289 1164 521 1234 ταυτηνλ⁵
550 1163 650 1232 μὲν
682 1164 780 1228 τὴν
833 1163 988 1218 πόλιν
1037 1166 1296 1234 κατέσχε,
1327 1165 1420 1219 τὸν
1461 1165 1516 1217 δὲ
1551 1165 1870 1235 ἀποστάτην

292 1259 501 1310 ἐκεῖνον
547 1257 684 1323 πρὸς
721 1257 814 1309 τὸν
844 1255 1230 1328 αὐτοκράτορα
1279 1256 1491 1326 ταχέως
1533 1256 1869 1324 ἐξέπεμψεν.

300 1348 361 1400 '0
390 1347 446 1401 δὲ
494 1348 851 1415 αὐτοκράτωρ
885 1349 982 1416 τὴν
1041 1350 1141 1417 μὲν
1189 1347 1285 1400 τοῦ
1329 1347 1574 1416 κάστρου
1619 1346 1869 1416 φρουρὰν

293 1441 465 1510 ἑτέρῳ
503 1439 744 1503 ἀνέθετο,
769 1440 919 1510 αύτῷ
952 1441 1008 1492 δὲ
1044 1439 1141 1502 τὰς
1177 1439 1351 1510 ὀφρῦς
1384 1439 1746 1502 ὲρπιτοξεύσας
1772 1438 1870 1491 καὶ

295 1531 498 1594 πολλὰς
535 1530 581 1562 ⁸⁵⁵
612 1532 916 1600 ἀπειλήσας
955 1533 1046 1584 καὶ
1091 1531 1327 1585 Θάνατον
1364 1527 1536 1584 αὐτοῦ
1569 1528 1647 1598 τῷ
1675 1545 1870 1598 φαινο-

297 1623 444 1692 μένῳ
483 1626 1032 1694 καταψηφισάμενος,
1074 1625 1155 1686 είς
1191 1623 1358 1692 φόϐον
1390 1621 1564 1689 μέγαν
1586 1621 1749 1686 ἐνῆκε
1778 1619 1869 1673 τὸν

294 1716 605 1786 ἄνθρωπον.
643 1717 795 1785 Ταχὺ
843 1717 900 1770 δὲ
940 1717 1004 1774 τὺ
1043 1715 1162 1778 δέος
1190 1714 1350 1768 ἔλυσε
1377 1715 1474 1766 τοῦ
1508 1710 1868 1782 στρατιώτου.

1479 315 1890 380 ALEXIADIS
1927 317 2077 382 LIB.
2112 319 2271 381 XlV.

371 431 511 484 Ἀλλ’
565 432 687 486 οὐδὲ
743 433 885 487 κατὰ
928 433 1024 502 τὴν
1093 434 1320 500 ἤπειρον
1352 433 1522 505 ζάλης
1571 435 1700 488 ἄνευ
1733 453 1875 505 παρ·
1904 442 1950 498 Α

288 522 426 592 ἦσαν
491 520 613 574 οὐδὲ
675 523 971 590 φροντίδων
1015 525 1148 592 ἄτερ
1189 523 1558 592 καθεστήκασι
1599 522 1676 594 τῷ
1719 525 1872 577 αύτο-

3413 327 3550 391 1058

2056 435 2210 489 lluuc
2257 449 2569 491 successum
2617 435 2750 492 Galli
2805 437 3122 507 expediouis
3174 454 3285 495 suae
3341 445 3552 498 navalis

1979 525 2238 581 habuere.
2294 522 2683 580 Turbult-ntior
2731 539 2784 581 et
2826 541 3016 596 pacatu
3049 530 3316 587 dillicilior
3345 548 3375 587 a
3409 543 3552 590 terra

1979 626 2270 685 tempestas
2305 618 2620 685 imperatori
2654 621 2928 689 negotium
2960 623 3254 689 fuCcSSiVil,
3287 629 3372 679 vix
3406 617 3553 682 curis

1976 719 2324 776 procuratum
2359 709 2542 763 multis
2572 710 2807 779 denique
2837 710 2995 782 431
3033 712 3261 768 Michael
3293 731 3359 769 ex
3389 716 3554 770 Ama-

1972 800 2070 854 stri
2095 800 2310 868 quidam
2333 801 2534 853 Acruni
2562 803 2820 855 custodias
2851 803 3134 869 praefectus
3165 819 3345 860 arcem
3382 809 3546 872 illam,

1973 892 2154 947 subito
2202 909 2525 961 exprouteus
2578 895 2666 946 diu
2721 896 3010 963 cogitataut
3065 899 3446 968 defectionem,
3497 904 3550 956 vi

1975 985 2252 1054 tyrannica
2290 985 2464 1051 palam
2522 985 2738 1038 rebellis
2786 987 3050 1053 obtinuit;
3096 989 3329 1058 indeque
3372 992 3424 1046 in
3453 994 3552 1048 ad-

1971 1076 2207 1142 iacentia
2255 1092 2578 1140 excursans,
2613 1078 2792 1131 omnia
2842 1079 2948 1133 late
2966 1082 3156 1136 'avaris
3191 1091 3262 1136 et
3303 1085 3548 1140 cruentis

1975 1167 2166 1220 infeSta
2216 1167 2520 1222 latrociniis
2554 1169 2810 1224 habebat.
2855 1169 2934 1225 Re
2965 1172 3242 1241 Augustus
3273 1184 3552 1245 comperta

1977 1251 2141 1305 mittit
2196 1263 2387 1306 contra
2445 1252 2735 1324 Georgium
2786 1254 2984 1312 Decani
3035 1276 3159 1313 cum
3213 1263 3385 1332 copiis
3433 1280 3554 1334 quae

1976 1344 2286 1398 subicerent
2334 1348 2400 1399 ad
2458 1348 2789 1401 domandum
2843 1351 3132 1419 perﬁdum.
3191 1353 3439 1410 Admotis
3487 1356 3555 1411 iis

1974 1435 2232 1490 obsessus
2263 1437 2467 1491 Aeruni
2499 1437 2728 1494 Michael
2763 1449 2882 1509 post
2911 1443 3242 1498 trimestrem
3271 1461 3552 1515 oppugna-

1979 1529 2181 1582 tionem
2217 1545 2321 1582 una
2356 1547 2476 1584 cum
2507 1547 2632 1585 arce
2668 1547 2763 1587 sua
2798 1543 3010 1601 captus,
3044 1536 3226 1588 statim
3258 1538 3455 1594 missus
3487 1541 3553 1594 ad

1979 1620 2362 1686 imperatorem
2402 1632 2506 1675 est.
2542 1622 2610 1688 Is,
2633 1613 2925 1691 ’desiguato
2961 1641 3082 1680 mox
3118 1627 3224 1681 alio
3253 1629 3345 1696 qui
3390 1634 3554 1688 castri

1978 1709 2354 1778 praefecturam
2392 1711 2548 1765 istius
2593 1713 2802 1767 meliori
2849 1714 2954 1770 fide
2989 1728 3223 1786 gereret,
3279 1721 3553 1776 hominem

501 1767 608 1878 γὰρ
656 1767 899 1878 ίδἮῆλιᾷξ
954 1767 1046 1860 τοῦ
1104 1767 1381 1874 ὁρίζοντος
1434 1767 1656 1867 κατέδυ,
1694 1802 1792 1855 καὶ
1843 1803 1872 1853 6

1977 1810 2180 1854 terrere
2215 1801 2515 1855 constituit.
2549 1803 2648 1857 Irae
2672 1804 2874 1859 larvam
2906 1807 3133 1876 imponit
3179 1810 3369 1877 vultui,
3406 1811 3554 1867 fron-

291 1899 578 1970 δεσμώτης
606 1899 887 1968 ἐλεύθερος
921 1897 1133 1963 ῐστατο,
1172 1895 1279 1953 ,καὶ
1323 1895 1352 1946 6
1402 1893 1640 1948 θανάτου
1693 1909 1868 1949 καται-

291 1991 586 2062 ψηφισθεὶς
611 1991 824 2061 μυρίων
848 1991 1171 2059 ὲτετυχὴκει
1198 1985 1442 2057 δωρεῶν.

331 2082 333 2084 ’
367 2083 624 2146 Τοιοῦτος
654 2086 682 2135 6
727 2082 860 2152 ὲμδς
909 2083 1096 2151 πατὴρ
1133 2079 1386 2149 βασιλεὺς
1415 2080 1474 2131 ὲν
1509 2079 1674 2132 πᾶσιν
1707 2065 1866 2146 ἐφαί-

292 2193 436 2238 νετο,
457 2175 560 2228 κᾶν
592 2174 792 2240 πολλῆς
819 2175 876 2235 ές
906 2172 1135 2241 ὕστερον
1165 2171 1264 2239 τῆς
1300 2169 1363 2234 ἐξ
1394 2169 1654 2222 ἁπάντων
1685 2171 1864 2237 ἀγνω-

300 2267 537 2335 μοσύνης
563 2265 845 2334 ὰπήλαυσε
867 2265 936 2329 ‘5,
961 2263 1216 2330 καθάπερ
1237 2261 1368 2314 ποτὲ
1396 2261 1486 2313 καὶ
1517 2261 1546 2311 6
1575 2259 1794 2329 πρῶτος
1823 2259 1868 2292 ⁸⁸

293 2359 592 2428 εὐεργέτης
613 2359 640 2410 6
658 2355 882 2424 Κύριος,
911 2356 1087 2422 μάννα
1111 2353 1320 2423 βρέχων
1337 2354 1396 2406 ὲν
1415 2353 1628 2422 ἐρήμῳ,
1651 2351 1870 2416 σιτίζων

296 2453 356 2502 ὲν
381 2449 558 2517 ὄρεσι,
595 2448 694 2502 καὶ
729 2449 786 2500 έν
822 2445 1058 2515 θαλάττῃ
1086 2445 1349 2516 ἁϐρόχους
1386 2445 1740 2509 διαϐιϐάζων,
1773 2444 1870 2497 καὶ

299 2536 528 2609 ὕστερον
575 2537 941 2608 ἀθετούμενος
971 2539 1066 2591 καὶ
1110 2536 1470 2606 ὐόριζόμενος
1520 2537 1615 2590 καὶ
1663 2535 1870 2588 τυπτό-

305 2649 469 2701 μενος
497 2633 589 2685 καὶ
621 2631 774 2692 τέλος
823 2630 1055 2701 σταυρὸν
1101 2629 1253 2700 παρὰ
1293 2628 1403 2681 τῶν
1448 2627 1669 2696 ἀνόμων
1701 2644 1872 2681 κατα·-

296 2725 645 2795 κρινόμενος.
709 2724 853 2776 Ἀλλ’
909 2721 1138 2776 ἐνταῦθα
1186 2722 1490 2790 γενομένης
1547 2719 1874 2790 προεκπηδᾷ

299 2833 403 2886 μου
436 2815 532 2868 τοῦ
567 2817 727 2884 λόγου
767 2816 828 2869 τὸ
865 2815 1104 2886 δάκρυον
1154 2814 1249 2866 καὶ
1283 2809 1474 2881 σφύζω
1506 2814 1634 2881 περὶ
1667 2810 1872 2863 τούτων

295 2910 466 2978 ἐρεῖν,
509 2907 604 2960 καὶ
639 2907 970 2976 ποιήσασθαι
1013 2904 1122 2957 τῶν
1164 2902 1500 2972 ἀγνωμόνων
1541 2900 1869 2966 κατάλογον,

294 2998 433 3052 ἀλλὰ
477 2997 575 3065 τὴν
604 2995 866 3062 ξγλῶτταν
909 2996 1093 3062 ἐπέχω
1132 2995 1228 3046 καὶ
1261 2994 1360 3064 τὴν
1395 2992 1626 3059 καρδίαν
1662 2991 1870 3060 σφαδά-

1975 1900 2081 1944 tem
2121 1903 2337 1961 asperat
2379 1895 2579 1958 minis,
2634 1905 2689 1948 et
2718 1911 2785 1951 ex
2823 1899 3064 1953 arcuatis
3095 1899 3200 1954 alte
3249 1905 3556 1971 superciliis

1974 1984 2232 2037 ardentes
2272 1984 2510 2040 intuitus
2544 1987 2596 2041 in
2631 1987 2889 2042 miserum
2943 1990 3225 2058 ejaculans
3255 1991 3415 2047 facile
3450 1995 3552 2061 ipsi

1973 2073 2132 2130 ﬁdem
2187 2073 2316 2128 fecit
2367 2077 2500 2130 nihil
2555 2078 2657 2133 nisi
2715 2094 2877 2148 quam
2926 2092 3044 2136 erat
3085 2085 3310 2138 meritus
3357 2100 3558 2158 exspe-'

1971 2168 2220 2219 claudam
2247 2183 2454 2222 necem.
2485 2168 2636 2224 [hinc
2656 2180 2856 2225 metum
2884 2187 3079 2225 vanum
3111 2175 3266 2242 quasi
3297 2177 3555 2232 condien-

1972 2255 2054 2312 da:
2089 2257 2154 2310 ad
2187 2260 2495 2312 suaviorem
2531 2276 2750 2314 sensum
2799 2276 2960 2328 quam
3008 2265 3290 2333 indulgere
3326 2268 3553 2334 parabat

1974 2364 2070 2402 reo
2105 2350 2296 2414 gratia:
2327 2352 2586 2418 pra‘tuisit
2619 2353 2906 2407 clementia
2940 2355 3271 2412 incredibilis
3297 2360 3553 2428 Augusti;

1971 2439 2222 2495 Perditus
2248 2451 2304 2495 et
2329 2441 2582 2510 opinione
2612 2459 2678 2500 ac
2701 2447 3026 2501 conscentize
3052 2449 3397 2505 confessione
3428 2465 3555 2520 pro-

1973 2531 2102 2599 pria:
2152 2546 2273 2584 mox
2317 2532 2597 2588 ducendus
2649 2534 2824 2598 miles,
2878 2551 2986 2607 quo
3029 2537 3117 2592 die
3148 2542 3430 2594 convictus
3460 2558 3556 2611 pa-

1978 2622 2083 2676 lam
2119 2623 2432 2676 rebellionis
2464 2622 2688 2678 nefariae
2719 2636 2845 2681 ante
2880 2628 3266 2698 imperatorem
3295 2640 3546 2698 steterat,

1975 2711 2090 2781 ejus
2119 2714 2223 2767 diei
2277 2716 2390 2766 sole
2422 2714 2659 2769 nondum
2692 2718 2911 2771 condito
2945 2720 3207 2774 liberatur
3237 2731 3289 2774 et
3323 2723 3556 2780 vinculis

1973 2815 2024 2858 et
2061 2821 2224 2870 cura;
2260 2819 2324 2858 ac
2347 2820 2442 2873 pro
2477 2807 2676 2858 timore
2699 2816 2866 2860 certae
2915 2811 3104 2863 mortis
3153 2810 3422 2865 donorum
3453 2813 3554 2868 ho-

1973 2911 2275 2961 norumque
2306 2896 2784 2951 innumerabilium
2827 2898 2974 2967 larga
3007 2901 3405 2957 mandatorum
3437 2904 3553 2960 laesi

1976 2987 2236 3056 principis
2302 3001 2466 3040 manu
2527 2988 2778 3054 praesenti
2837 3004 2938 3042 usu
3003 3004 3276 3060 sensuque
3331 2995 3552 3062 perfun-

297 3091 517 3155 ζουσαν.
562 3089 671 3141 Καὶ
700 3086 858 3139 τοῦτο
897 3087 961 3156 δὴ
999 3086 1134 3157 πρὸς
1167 3083 1410 3155 ἐμαυτὴν
1439 3081 1685 3149 ἐπιλέγω
1747 3099 1870 3136 συν-

1977 3079 2158 3134 d'ttur-
2197 3077 2344 3132 Talis
2391 3085 2508 3132 erat
2549 3086 2741 3132 natura
2782 3079 2884 3133 mei
2964 3083 3154 3148 patris.
3222 3083 3346 3141 Haec
3401 3087 3552 3142 illum

296 3184 437 3254 εχῶς
469 3184 530 3236 τὸ
563 3180 658 3235 τοῦ
686 3180 939 3250 ποιητοῦ·

1984 3173 2038 3226 in
2069 3171 2218 3225 omni
2268 3173 2558 3232 occasione
2607 3171 2692 3224 sui
2739 3185 2954 3239 semper
3006 3175 3199 3230 similis
3235 3192 3330 3246 per
3383 3191 3550 3234 totam

295 3281 461 3332 vitam
519 3276 769 3330 comitata
823 3273 1134 3326 humanitas
1181 3278 1285 3324 est.
1339 3269 1474 3323 Male
1523 3271 1613 3324 illa
1651 3266 1867 3337 quidem
1911 3266 2092 3336 agnita
2179 3278 2514 3333 repensaque
2558 3265 2773 3332 saepius,
2843 3273 2896 3318 et
2948 3279 3012 3319 ex
3061 3280 3305 3325 semente
3352 3275 3560 3340 optima

296 3375 448 3426 duris
488 3371 760 3440 plerisque
813 3368 1189 3421 commendata
1270 3365 1564 3428 mentibus,
1656 3362 1791 3416 nihil
1845 3358 1947 3415 nisi
1987 3361 2236 3414 odiorum
2306 3357 2797 3426 lngratissimorum
2870 3361 3300 3427 spinosissimam
3351 3365 3558 3421 referre

296 3465 456 3517 solita
489 3477 718 3517 messem
750 3480 776 3516 ς,
811 3469 986 3512 tamen
1044 3459 1187 3512 hanc
1252 3464 1308 3510 ut
1354 3457 1406 3509 in
1462 3456 1620 3508 malis
1688 3451 2120 3507 consolationem
2171 3451 2399 3513 habens,
2467 3451 2610 3517 quod
2670 3455 2763 3517 qui
2815 3461 3060 3506 uteretur
3139 3457 3228 3509 tali
3313 3457 3554 3520 fortuna,

295 3559 620 3611 conditionis
655 3571 751 3624 per
801 3569 920 3608 eam
967 3555 1126 3608 lieret
1153 3551 1272 3618 ejus
1298 3552 1490 3607 similis
1523 3567 1625 3622 qua
1656 3553 1862 3621 primus
1901 3551 2016 3618 ipse
2066 3563 2130 3604 ac
2185 3562 2473 3617 supremus
2533 3549 2798 3604 bonorum
2853 3557 3048 3604 auctor
3144 3550 3388 3605 omnium
3455 3566 3556 3605 sua

299 3652 603 3706 hominibus
653 3650 931 3706 benefacta
967 3646 1274 3702 collocavit.
1311 3645 1571 3700 Nimirum
1609 3648 1695 3700 ille
1742 3645 1942 3713 quibus
1977 3659 2170 3698 manna
2204 3644 2255 3696 in
2292 3644 2507 3697 deserto
2574 3645 2738 3712 pluit;
2834 3659 2972 3714 quos
3023 3647 3170 3714 pavit
3236 3647 3289 3700 in
3354 3650 3553 3701 ιῃοηιῑ-

299 3749 418 3807 ltus,
454 3760 589 3812 quos
634 3747 813 3800 siccos
864 3756 962 3812 per
1007 3756 1156 3796 mare
1190 3741 1626 3809 transportavit;
1717 3739 1784 3792 ab
1835 3725 1902 3791 iis
1941 3737 2242 3796 abdicatus,
2279 3736 2490 3801 illusus,
2543 3736 2808 3804 pulsatus,
2860 3738 3090 3807 denique
3122 3739 3186 3793 iis
3245 3745 3552 3795 accusanti-

299 3844 398 3895 bus
446 3851 501 3896 et
563 3844 879 3910 urgentibus
939 3838 1119 3893 erucis
1175 3836 1442 3905 supplicio
1503 3835 1753 3889 addictus
1803 3834 1872 3886 ab
1911 3831 2088 3900 impiis
2119 3841 2220 3885 est.
2254 3829 2560 3899 Erumpunt
2629 3830 2745 3885 hzec
2799 3831 2930 3885 mihi
3003 3833 3282 3887 meditanti
3336 3835 3557 3903 loquen-

300 3936 448 4004 tique
481 3935 727 4007 lacryuue
759 3950 822 3988 ex
865 3933 1060 3999 oculis,
1112 3931 1402 4000 exsilitque
1467 3931 1680 3983 animus
1744 3932 1944 3998 impetu
1985 3927 2164 3982 subito
2194 3928 2260 3980 ad
2306 3925 2575 3980 edendum
2624 3925 3067 3996 prodendutnquc
3098 3927 3163 3981 ad
3188 3927 3557 3995 justissimam

301 4033 648 4105 ignominiam
697 4031 998 4097 catalogum
1063 4029 1394 4098 ingratorum
1466 4040 1591 4094 erga
1661 4032 1868 4094 patrem
1913 4037 2123 4088 meum;
2176 4022 2268 4076 sed
2297 4020 2534 4089 linguam
2583 4019 2828 4090 iramque
2860 4021 2913 4074 in
2950 4021 3002 4076 id
3070 4037 3268 4092 pronas
3309 4032 3560 4079 ruentes!

299 4146 404 4201 quo
435 4129 483 4181 vi
537 4127 786 4186 cohibeo,
841 4123 971 4178 illud
1001 4124 1128 4177 mihi
1168 4122 1428 4176 continuo
1484 4129 1654 4190 poetae
1689 4119 1982 4172 occinens:

305 4270 568 4330 Tér.100:,
603 4264 838 4333 κραδίη,
878 4262 978 4318 καὶ
1009 4265 1304 4330 κύντερον
1336 4261 1860 4328 ἇλλοποίὲτλης.

381 4401 542 4454 Ἀλλὰ
568 4399 634 4451 τὰ
668 4397 891 4450 τοιαῦτα
971 4397 1069 4460 μὲν
1117 4396 1185 4448 τὰ
1249 4395 1390 4449 κατὰ
1436 4396 1526 4448 τὸν
1581 4395 1875 4464 ἀγνώμονα

1981 4253 2112 4322 Fer,
2139 4272 2253 4310 mea
2295 4255 2561 4325 mens,fer
2597 4265 2648 4310 et
2686 4256 2783 4309 hoc
2805 4256 2956 4311 :alia
2992 4258 3314 4328 improbiora
3355 4261 3557 4317 tulisti:

2052 4393 2251 4448 Verum
2285 4396 2399 4452 haec
2428 4389 2642 4453 abu'nde
2689 4397 2740 4451 in
2794 4395 3064 4467 ingratum
3101 4399 3248 4452 illum
3287 4399 3556 4466 militem;

300 4495 643 4566 στρατιώτην
675 4491 900 4541 ἐκεῖνον.
954 4487 1074 4542 Τῶν
1112 4487 1168 4541 δέ
1201 4504 1264 4556 γε
1315 4487 1422 4540 ἀπξ
1478 4485 1573 4539 τοῦ
1617 4488 1868 4556 Χοροσᾶν

1982 4487 2102 4540 belli
2138 4489 2300 4556 paulo
2335 4490 2580 4556 superius
2611 4492 2896 4544 metnorati
2931 4490 3218 4555 barbarici,
3271 4493 3393 4558 quis
3421 4508 3551 4545 suc-

299 4584 451 4655 παρὰ
497 4581 593 4634 τοῦ
640 4580 844 4632 Σαῖσᾶν
907 4578 1198 4630 σουλτάνου
1249 4576 1630 4646 πεμφθέντων,
1672 4577 1720 4627 οἱ
1778 4575 1876 4644 μὲν

299 4677 387 4729 διὰ
421 4675 528 4728 τῶν
581 4671 763 4741 μερῶν
814 4671 911 4737 τῆς
949 4669 1145 4722 Σινάου
1201 4669 1559 4737 κατήρχοντο,
1592 4667 1642 4718 οἱ
1680 4667 1736 4718 δὲ
1785 4665 1875 4717 διὰ

299 4772 397 4838 τῆς
439 4769 586 4829 ἰδίως
617 4764 964 4833 καλουμένης
1011 4761 1435 4831 Ἀσίαςῇεσαν.
1471 4760 1650 4828 Ὅπερ
1699 4775 1880 4827 μεμαο

301 4861 488 4932 θηκὼς
553 4863 581 4912 6
637 4857 856 4928 Γαὸρᾶς
907 4855 1344 4916 Κωνσταντϊνος,
1405 4851 1710 4922 τηνικαῦτα
1773 4850 1875 4919 τὴν

301 4956 690 5022 Φιλαδέλφειαν
722 4949 1004 5020 φρουρῶν,
1048 4947 1145 5000 καὶ
1195 4946 1602 5014 ἀναλαϐόμενος
1641 4945 1744 5007 τὰς
1783 4942 1876 4994 ὑπ’

301 5044 465 5095 αὐτὸν
499 5041 757 5108 δυνάμεις
785 5037 879 5089 καὶ
909 5033 1233 5089 καταλαϐὼν
1258 5035 1486 5097 τούτους
1525 5034 1601 5096 ei;
1629 5033 1691 5086 τὸ
1728 5035 1870 5104 Κερ-

305 5135 488 5186 6ιανδν
518 5132 586 5194 ⁸⁷,
624 5129 783 5192 αὐτὸς
821 5127 1034 5197 πρῶτος
1063 5125 1318 5179 ἁπάντων
1347 5124 1467 5176 κατ’
1503 5125 1680 5176 αὐτῶν
1711 5124 1878 5186 λύσας

303 5227 393 5277 τὸν
437 5224 677 5294 χαλινὸν,
742 5220 835 5272 καὶ
879 5221 994 5280 τοῖς
1031 5217 1214 5278 ἄλλοις
1257 5216 1387 5268 αὐτὸ
1431 5215 1590 5268 τοῦτο
1634 5232 1876 5286 παρακε-

305 5316 662 5383 λευσάμενος,
711 5313 846 5382 ἠττᾷ
878 5309 1007 5370 τοὺς
1053 5307 1397 5377 Βαρσάρους.
1459 5308 1518 5360 '0
1557 5307 1612 5359 δὲ
1650 5307 1874 5369 τούτους

306 5405 593 5474 ἐκπέμψας
627 5401 934 5463 σουλτάνος,
961 5398 1059 5457 τὴν
1085 5392 1254 5454 ἧτταν
1270 5396 1377 5450 τῶν
1400 5397 1670 5450 τοσούτων
1703 5414 1877 5466 μεμα-

305 5506 512 5567 θηκὼς,
543 5493 869 5555 ἀποστείλας
891 5491 936 5523 ⁸⁸
973 5489 1109 5561 πρὸς
1127 5489 1218 5542 τὸν
1245 5489 1622 5560 αὐτοκράτορα
1661 5489 1722 5542 τὰ
1747 5489 1876 5559 περὶ

1978 4593 2163 4632 cessus
2199 4579 2379 4644 fuerit,
2429 4595 2571 4632 nunc
2613 4580 2965 4633 reddendum.
3026 4579 3223 4633 Earum
3260 4597 3391 4647 quas
3425 4584 3556 4634 tuis-v

1975 4684 2064 4723 sas
2096 4686 2126 4724 e
2157 4669 2431 4724 Corosane
2458 4687 2486 4723 a
2520 4669 2743 4724 Saisane
2774 4671 2988 4725 sultano
3015 4671 3251 4724 diximus
3275 4673 3558 4740 coltiarunr

1977 4762 2220 4827 quadam
2270 4775 2365 4828 per
2417 4759 2567 4814 Sinai
2623 4773 2804 4828 partes
2842 4761 2947 4814 iter
2981 4761 3285 4829 habebant;
3324 4764 3443 4816 alia:
3495 4767 3557 4819 itr

1975 4863 2093 4901 eam
2123 4850 2453 4902 continentis
2484 4849 2778 4904 Orientalis
2812 4851 3083 4918 regionum
3113 4867 3231 4920 qua:
3266 4869 3562 4910 communer

1976 4939 2190 4993 caeteris
2240 4937 2382 4992 Asiae
2415 4955 2612 4993 nomen
2650 4941 2867 5009 proprie
2920 4950 3098 4994 tamen
3137 4943 3238 4996 sibi
3277 4943 3538 5012 vindicat,

1981 5027 2240 5097 profectae
2271 5037 2417 5082 sunt.
2474 5029 2618 5083 Nihil
2671 5045 2856 5084 eorum
2911 5032 3067 5087 latuit
3121 5035 3432 5103 praefectum
3485 5051 3550 5092 ea
3629 5103 3632 5107 ,

1979 5129 2296 5188 tempestate
2365 5118 2746 5190 Philadelphia:
2796 5123 3030 5178 Gabram
3107 5125 3554 5182 Constantinum.

1974 5210 2164 5278 Itaque
2213 5210 2278 5274 is,
2302 5213 2600 5280 assumptis
2657 5227 2795 5282 quas
2849 5214 3082 5270 habebat
3135 5222 3235 5272 sub
3270 5235 3328 5272 se
3355 5221 3556 5288 cepiis,

1973 5313 2266 5353 occurrens
2317 5297 2574 5354 Barbaris
2609 5301 2678 5353 ad
2731 5301 3156 5368 Cerbianutn,iu
3191 5321 3284 5360 eos
3331 5308 3556 5360 incitato

1983 5404 2124 5456 equo
2155 5389 2352 5443 laxatis
2403 5390 2629 5444 habenis
2659 5391 2866 5461 primus
2914 5393 3028 5463 ipse
3065 5395 3291 5448 infestus
3343 5397 3555 5448 invehi-

1986 5490 2093 5546 tur,
2168 5482 2630 5551 prosequentibus
2688 5483 2762 5538 uti
2804 5484 3045 5554 jusserat
3091 5487 3205 5541 suis
3259 5486 3556 5542 universis.

1377 5623 1576 5686 Varia)
1607 5632 1912 5686 lectiones
1942 5638 2019 5684 ex
2046 5621 2186 5685 cod.
2213 5620 2482 5684 Coislin.

376 5749 426 5781 "'
457 5747 618 5806 Deest
646 5763 747 5805 vox
769 5746 961 5821 ταύτῃ.
1021 5745 1067 5780 ⁸⁵
1100 5745 1290 5800 πολλά.

1382 5747 1426 5780 θ’
1460 5747 1712 5818 ἐπέτυχε.
1779 5747 1826 5779 ⁵⁸
1848 5745 2089 5802 πάντων.

2170 5743 2216 5778 ⁸⁷
2233 5743 2552 5803 Κελϐιανόν.
2633 5745 2679 5778 ⁵⁸
2707 5747 2799 5801 καὶ
2841 5743 3184 5806 ἀποστείλας.
