3998 6206
420 327 557 391 1059

1711 311 1936 379 ΑΝΝίΕ
1978 309 2362 378 (ΙΟΜΝΕΝΕ

3535 317 3556 378 1
3567 320 3673 380 060

416 440 670 490 r'ebcitas
714 433 956 487 audaciae
1012 432 1315 502 respondit.
1370 431 1507 485 Victi
1563 438 1690 485 sunt
1747 426 1993 490 Barbari,

2104 424 2202 491 τῆς
2223 423 2449 492 εἰρήνης
2471 421 2956 490 διαπρεσϐεύεται,
2991 424 3274 494 ὁμολογῶν
3299 428 3416 495 ἃμα
3454 425 3520 478 ὲκ
3545 428 3680 479 πολ-

420 537 476 581 et
531 525 702 580 cladis
749 524 1201 592 inopinatissima:
1258 523 1419 595 432
1463 524 1676 586 nuntio,
1729 537 1832 592 qua
1885 529 1992 572 tam

424 618 571 670 tnttlti
606 629 826 668 suorum
859 627 886 664 a
921 622 1029 666 tam
1081 615 1265 682 paucis
1300 624 1629 681 prostrorum
1682 610 1787 664 fusi
1835 609 1991 678 fuga-

423 711 830 777 tiqneluerant,
881 708 1161 778 perculsus
1214 706 1480 768 suilanus,
1542 705 1722 757 missis
1773 703 1841 756 ad
1897 703 1999 755 im-

425 811 721 866 peratorem
792 800 1014 874 legatis”
1039 801 1103 851 de
1141 813 1272 867 pace
1318 813 1438 850 cum
1494 812 1557 850 eo
1608 796 1752 864 cepit
1812 809 1992 864 agerc.

424 890 462 943 F
469 891 756 944 alebantur
784 890 946 958 legati
982 890 1070 942 diu
1101 904 1223 943 esse
1271 903 1393 941 cum
1441 888 1699 941 dominus
1756 887 1996 954 ipsorum

421 991 633 1051 cuperet
664 996 846 1049 pacem
872 981 1237 1034 Musulmanus
1269 981 1407 1033 inter
1427 989 1480 1032 et
1513 977 1788 1032 Romanos
1815 977 2000 1030 videre.

424 1073 789 1125 constitutam.
829 1072 968 1126 Vere
1014 1073 1084 1123 ita
1112 1081 1250 1124 erat.
1284 1071 1419 1124 Nam
1467 1072 1512 1125 is
1544 1070 1793 1138 princeps
1843 1069 2001 1136 longo

417 1164 529 1231 jam
581 1180 646 1216 ex
708 1174 947 1230 tempore
1000 1164 1342 1218 continenter
1408 1162 1607 1214 auditis
1655 1160 2001 1214 successibus

429 1257 596 1308 Alexii
630 1256 879 1322 Augusti,
936 1265 992 1307 ut
1046 1256 1337 1323 prudenter
1369 1270 1447 1315 se,
1481 1264 1537 1306 ut
1569 1254 1780 1306 fortiter
1809 1260 1998 1306 contra

428 1348 610 1400 hostes
663 1347 840 1398 omnis
888 1346 1105 1412 generis
1161 1345 1426 1413 gesserit:
1483 1354 1542 1398 ut
1592 1347 1876 1413 angustiis,
1944 1352 2002 1397 ut

425 1436 679 1505 periculis
716 1451 780 1487 ex
815 1435 1068 1489 maximis
1116 1435 1319 1489 virtute
1367 1450 1425 1489 se
1471 1450 1535 1489 ac
1569 1435 1797 1488 consilio
1825 1434 2003 1502 explio

423 1537 635 1586 ruerat,
688 1525 971 1592 prmsianli
1029 1525 1230 1578 sensim
1293 1535 1698 1592 praeoccupatus
1745 1526 2002 1592 opinione

424 1619 522 1670 viri
560 1633 622 1670 ac
669 1618 1022 1671 veneratione
1067 1619 1295 1685 quadam
1353 1625 1492 1671 erat.
1525 1617 1623 1670 Cui
1655 1632 1778 1671 cum
1809 1619 1874 1670 ad
1905 1633 2002 1671 cu-

430 1710 632 1762 mulum
662 1709 894 1763 accessit
943 1724 1133 1778 recens
1167 1710 1500 1775 experientia
1549 1709 1865 1764 oifensionis
1918 1711 2001 1778 ip-

428 1815 546 1852 sum
585 1797 647 1850 ad
685 1797 840 1850 limen
869 1777 1044 1859 factm:
1071 1813 1135 1850 ex
1167 1814 1292 1866 qua,
1328 1799 1404 1850 uti
1439 1815 1504 1851 ex
1542 1797 1754 1851 iimbria
1792 1809 1996 1852 vestem

424 1893 597 1953 aiunt,
629 1899 681 1942 et
721 1905 786 1943 ex
817 1905 996 1959 ungue
1049 1891 1281 1957 leonem,
1317 1892 1386 1942 ita
1440 1891 1635 1944 bellum
1694 1891 1796 1944 hoc
1827 1899 1998 1944 totum

422 1980 584 2048 quale
631 1982 844 2035 demum
925 1982 1160 2035 biturum
1191 1998 1364 2052 quave
1405 1982 1617 2036 fortuna
1669 1983 1739 2037 sit
1793 1997 2003 2050 geren-

421 2074 570 2136 dum,
622 2075 916 2143 intelligere
950 2075 1156 2141 liceret,
1193 2090 1341 2129 mora
1367 2075 1478 2144 jam
1537 2075 1678 2129 nulla
1726 2090 1851 2130 esse
1904 2091 2003 2145 po-

425 2166 527 2219 tuit
556 2166 683 2233 quin
716 2167 780 2219 ad
807 2166 1027 2220 censilia
1060 2168 1206 2235 pacis
1234 2182 1354 2222 cum
1409 2169 1734 2236 imperatore
1784 2183 2004 2237 compe-

422 2258 610 2312 nenda:
639 2270 871 2312 mentem
902 2261 1148 2314 sultanns
1178 2270 1233 2316 et
1262 2262 1642 2330 cogitationem
1680 2260 2002 2330 appelleret.

424 2349 556 2401 Cum
616 2351 778 2416 igitur
828 2351 1175 2405 advenissent
1225 2366 1258 2405 e
1297 2351 1518 2406 Perside
1567 2352 1747 2421 legati,
1804 2353 2005 2406 resedit

423 2439 715 2505 imperator
777 2441 988 2495 sublimi
1043 2442 1198 2498 solio.
1260 2441 1573 2497 Praetorlani
1618 2458 1806 2498 omnes
1884 2459 2004 2499 om-

421 2528 506 2581 nis
536 2529 730 2590 lingua:
771 2545 835 2583 ac
869 2531 1080 2600 generis
1123 2532 1313 2586 ordine
1357 2532 1587 2600 quisque
1640 2547 1738 2586 suo
1799 2533 2000 2588 circum

421 2618 665 2686 dispositi
692 2619 983 2673 terribilem
1009 2622 1059 2674 in
1087 2621 1358 2690 speciem;
1392 2637 1494 2676 nec
1517 2622 1739 2676 deerant
1772 2637 2000 2692 quorum

423 2708 826 2781 fortnidolosior
871 2722 1121 2780 aspectus
1151 2721 1269 2767 erat
1323 2714 1607 2768 securibus
1657 2715 1711 2768 in
1771 2716 2004 2770 humero

422 2802 616 2870 positis
647 2803 846 2857 armati
903 2802 1131 2857 Barbari
1181 2816 1492 2874 perpetuam
1547 2806 1599 2859 in
1635 2808 1830 2861 seriem
1884 2807 2004 2864 loco

423 2908 528 2946 suo
573 2894 792 2963 digesti.
850 2893 952 2948 Per
1001 2896 1192 2949 borum
1245 2911 1340 2949 ora
1399 2913 1660 2965 armaque
1719 2898 2005 2954 minaciter

423 2987 721 3040 renidentia
773 2987 928 3056 longa
982 2988 1064 3040 via
1123 2988 1463 3043 deducuntur
1524 2989 1685 3060 legati
1726 2993 1906 3047 Persa:
1935 2993 2000 3046 ad

422 3075 705 3143 imperiale
733 3077 955 3131 solium.
1007 3079 1136 3134 Inde
1180 3081 1454 3150 Augustus
1501 3095 1597 3136 eos
1639 3097 1760 3151 qua:
1809 3098 1895 3137 res
1941 3098 2002 3137 ac
2031 3104 2075 3165 ο

423 3178 634 3236 tempus
660 3170 916 3235 poscebat
940 3170 1008 3225 de
1042 3172 1260 3226 suitano
1292 3183 1661 3241 percontatus,
1693 3175 2000 3246 uditisque

423 3258 658 3312 vicissim
692 3274 811 3326 qua:
839 3259 940 3328 ipsi
975 3261 1258 3326 alerrent,
1290 3263 1623 3334 signiﬁcavit
1655 3267 1870 3334 placere
1894 3269 1996 3323 sibi

421 3364 632 3417 quoque
664 3364 849 3418 paceni
887 3350 1084 3407 Persas
1128 3354 1270 3406 inter
1299 3364 1351 3408 et
1388 3354 1668 3411 Romanos
1702 3372 1913 3426 aequam
1946 3368 2000 3414 et

427 3439 636 3494 ﬁrmam
669 3441 810 3496 ﬁeri.
853 3441 1104 3498 Perrexit
1131 3448 1422 3514 exquirere
1451 3448 1648 3512 deinde
1673 3451 1801 3518 quid
1835 3450 2001 3504 sulta-

421 3546 521 3585 nus
555 3544 824 3600 posceret.
870 3535 1188 3591 Recitantur
1238 3553 1265 3590 a
1319 3540 1506 3609 legatis
1546 3545 1810 3609 postulata
1859 3544 2000 3613 ejus.

422 3621 478 3674 in
518 3623 583 3678 iis
616 3639 734 3679 esse
769 3626 947 3697 aliqua
998 3629 1183 3683 statim
1241 3631 1520 3700 Augustus
1566 3633 1695 3686 vidit
1745 3633 2002 3688 Romanae

424 3715 498 3767 rei
539 3731 732 3784 parum
787 3721 1094 3773 commoda.
1134 3718 1210 3772 Eo
1244 3721 1408 3789 igitur
1455 3720 1844 3790 eloquentiam,
1893 3737 2000 3792 qua

419 3807 632 3860 valebat
669 3808 993 3876 plurimum,
1021 3812 1289 3865 convertit
1318 3827 1495 3876 suam,
1554 3823 1612 3868 ut
1642 3814 1998 3881 pertinaciam

420 3901 472 3949 in
504 3898 567 3950 iis
593 3899 904 3954 obtinendis
928 3902 1202 3971 capitibus
1227 3903 1483 3957 invictam
1509 3905 1796 3960 adimeret.
1831 3905 2002 3960 Multa
2029 3884 2042 3894 ’

423 3990 471 4039 iu
507 4003 626 4041 eam
659 4005 770 4043 rem
805 3995 1112 4058 excusavit,
1170 3994 1336 4047 multa
1366 3997 1595 4058 monuit,
1635 3998 1820 4052 multis
1851 4013 2002 4052 com-

422 4084 735 4134 memoratis
767 4084 933 4145 varie,
967 4095 1128 4153 atque
1163 4085 1226 4137 ad
1268 4101 1379 4138 rem
1433 4099 1585 4140 suam
1636 4097 1760 4156 apte
1790 4103 2004 4143 accom-

427 4171 660 4224 modatis
687 4184 804 4226 arte
837 4175 1163 4243 ingenioque
1188 4176 1435 4244 plurimis
1462 4177 1651 4240 evicti,
1691 4181 1905 4234 tandem
1943 4191 2003 4235 ut

423 4274 518 4325 pro
549 4275 609 4314 ea
645 4279 803 4330 quam
831 4265 1124 4327 habebant,
1157 4283 1243 4320 res
1274 4282 1339 4320 ex
1378 4269 1632 4337 praesenti
1667 4270 1855 4323 notitia
1885 4287 2003 4326 mo-

419 4351 664 4419 derandi,
713 4367 1000 4425 potestate,
1034 4361 1446 4414 conditionibus
1503 4362 1623 4416 istis
1650 4362 1874 4430 imperio
1905 4343 2002 4420 no;

2101 513 2195 566 λοῦ
2251 513 2348 582 τὴν
2407 513 2722 580 ἀναμεταξὺ
2767 514 2880 566 τῶν
2934 517 3386 587 Μουσουλμάνων
3427 520 3543 587 (40)
3587 522 3681 572 καὶ

2101 606 2208 658 τῶν
2254 605 2548 674 Ῥωμαίων
2601 607 2828 675 εἰρήνην
2872 609 3161 660 ὲπιποθεῖν
3191 609 3518 665 θεάσασθαι.
3582 610 3680 664 Ἐκ

2108 702 2319 773 μακροῦ
2356 701 2465 768 γὰρ
2499 701 2616 762 τὰς·
2647 699 2744 750 τοῦ
2793 700 3199 772 αὐτοκράτορος
3245 703 3389 753 κατᾶ
3451 689 3698 786 πάντων

2101 792 2389 862 ἀριστείας
2450 788 2762 859 μανθάνων,
2817 791 2910 841 κιί
2973 790 3287 861 ἀπόπειραν
3347 792 3518 843 αὑτοῦ
3572 788 3683 842 οἷον

2102 875 2640 954 ποιησάμενος,’κὰκ
2680 881 2776 934 τοῦ
2830 881 3142 951 κρασπέδου
3185 883 3244 934 τὸ
3297 881 3558 951 ὕφασμα,
3592 883 3685 934 καὶ

2102 979 2160 1044 ἐξ
2194 979 2404 1046 ὀνύχων
2440 977 2532 1029 τὸν
2571 975 2767 1028 λέοντα
2799 975 3080 1041 ἐγνωκὼς,
3114 976 3210 1027 καὶ
3251 975 3326 1045 μὴ
3353 976 3685 1044 βουλόμενος

2111 1070 2250 1140 πρὸς
2285 1067 2571 1136 εἰρηνικὰς
2600 1066 2960 1118 ἀπενενεύκει
3003 1067 3257 1129 σπονδάς.
3287 1067 3413 1118 Τῶν
3443 1070 3507 1117 ἐκ
3547 1070 3686 1135 Περι

2103 1162 2246 1223 σίδος
2300 1162 2483 1212 τοίνυν
2535 1160 2958 1213 καταλασόντων
3006 1160 3322 1228 πρέσϐεων,
3362 1162 3390 1211 ὁ
3425 1159 3688 1229 βασιλεὺς

2103 1254 2334 1324 φοϐερὸς
2373 1252 2762 1321 προύκάθητοο
2808 1252 2903 1304 καὶ
2943 1252 2993 1304 οἰ
3035 1252 3128 1302 ἐπὶ
3161 1251 3260 1319 τῆς
3308 1251 3524 1316 τάξεως
3561 1253 3688 1314 τοὺς

2105 1343 2452 1414 στρατιώτας
2476 1345 2540 1395 ἐκ
2567 1343 2752 1412 πάσης
2786 1342 3036 1412 γλώττης
3072 1341 3557 1411 συνειλεγμένους,
3587 1345 3682 1396 καὶ

2101 1439 2227 1498 τοὺς
2277 1434 2692 1506 πελεκυφόρους
2736 1434 3060 1505 Βαρὸἀρους
3101 1437 3159 1485 ὲν
3193 1434 3351 1498 τάξει
3402 1451 3688 1502 καταστη-

2105 1531 2356 1597 σάμενοι,
2385 1527 2514 1589 τοὺς
2542 1525 2804 1596 πρέσϐεις
2837 1528 2931 1577 ἐπὶ
2962 1525 3055 1578 τοῦ
3085 1524 3372 1595 βασιλικοῦ
3399 1528 3686 1596 παρεστή-

2105 1634 2266 1671 σαντο
2299 1617 2569 1689 βήματος.
2611 1618 2670 1670 '0
2718 1617 2796 1681 δὲ,
2841 1617 3093 1686 περὶτοῦ
3124 1617 3418 1670 σουλτάνου
3456 1615 3684 1681 τούτους

2102 1709 2170 1762 τὰ
2196 1709 2385 1762 εἰκότα
2413 1709 2772 1779 ιπερωτήσας
2816 1707 2860 1740 δ’
2893 1708 2991 1761 καὶ
3032 1707 3275 1768 ἀκούσας
3305 1707 3374 1759 τὰ
3399 1706 3472 1758 δι’
3501 1706 3688 1757 αὐτῶν

2108 1803 2446 1873 μηνυόμενα,
2473 1801 2748 1872 ὡμολόγει
2776 1800 2877 1871 μὲν
2907 1799 3006 1870 τὴν
3032 1801 3173 1868 μετά
3205 1800 3427 1852 πάντων
3459 1800 3688 1867 εἰρήνην

2104 1892 2456 1958 ἀσπάζεσθαί
2484 1908 2544 1946 τε
2589 1896 2681 1946 καὶ
2713 1892 2924 1945 θέλειν·
2961 1891 3271 1960 πυθόμενος
3315 1891 3370 1943 δὲ
3413 1895 3546 1960 περὶ
3581 1890 3691 1942 τῶν

2105 1985 2183 2056 τῷ
2229 1984 2510 2054 σουλτάνιρ
2542 1983 2869 2048 δοκούντων,
2921 1984 3047 2036 ἐπεὶ
3093 1983 3167 2054 μὴ
3218 1982 3398 2035 πάντα
3429 1985 3500 2034 τὰ
3555 1980 3691 2052 παρ’

2106 2067 2289 2132 αὐτῶν
2316 2077 2614 2146 αἰτούμενα
2639 2079 2707 2146 τῇ
2730 2077 2840 2129 τῶν
2879 2075 3167 2146 Ῥωμαίων
3194 2077 3338 2146 ἀρχῇ
3365 2077 3690 2129 συνοίσοντα

2103 2171 2320 2234 διέγνω,
2352 2170 2557 2240 πολλὴν
2585 2173 2699 2232 τοίς
2723 2169 2890 2222 αὐτοῦ
2917 2169 3100 2236 λόγοις
3123 2167 3299 2221 πειθὼ
3328 2169 3693 2238 περιστείλας

2105 2263 2496 2332 εὐστοχώτατά
2541 2279 2604 2316 τε
2639 2262 2779 2333 πρὸς
2821 2262 3020 2324 αὐτοὺς
3054 2261 3570 2331 ἀπολογησάμενος,
3599 2260 3694 2312 δια

2107 2351 2325 2406 πολλῶν
2355 2351 2620 2423 ῥημάτων
2656 2352 2834 2405 πείθει
2873 2352 2986 2414 τοῖς
3028 2351 3196 2404 αὐτοῦ
3239 2349 3692 2419 συγκατανεῦσαι

2108 2442 2234 2512 θελή
2246 2458 2427 2510 μασιν.
2464 2437 2600 2495 Εἶτα
2630 2441 2770 2512 πρὸς
2793 2443 2894 2512 τὴν
2922 2441 3481 2511 παρασκευασθετσαν
3500 2441 3694 2504 αὐτοῖς

2110 2534 2318 2603 σκηνὴν
2369 2533 2668 2596 ἀπέλυσεν,
2709 2533 3093 2604 ἐντειλάμενος
3145 2533 3424 2602 σκοπήσαι
3466 2531 3538 2586 τὰ
3591 2534 3693 2602 ρη-

2108 2625 2296 2693 θέντα,
2347 2628 2442 2679 καί
2483 2628 2532 2679 εί
2581 2626 2682 2696 μὲν
2714 2625 2812 2698 ὅλῃ
2845 2627 2993 2696 ψυχῇ
3035 2626 3170 2695 πρὸς
3201 2624 3377 2679 ταῦτα
3415 2624 3691 2678 κατανεύ-

2111 2733 2286 2782 σαιεν,
2355 2719 2413 2781 ὲς
2461 2718 2638 2771 νέωτα
2702 2717 2802 2788 τὴν
2863 2717 3071 2787 μεταξὺ
3123 2716 3449 2786 συμφωνίαν
3507 2716 3690 2786 πέρας

2107 2809 2320 2862 λαϐεῖν.
2378 2810 2532 2862 Ἐπεὶ
2583 2810 2641 2862 δὲ
2688 2809 2993 2879 προθύμως
3047 2809 3119 2861 τὰ
3168 2807 3320 2878 παρὰ
3373 2807 3474 2860 τοῦ
3527 2808 3694 2859 αὐτο-

2107 2901 2374 2972 κράτορος
2407 2902 2690 2970 ἐφαίνοντο
2739 2901 3048 2970 δεχόμενοι,
3095 2901 3160 2970 τῇ
3222 2901 3343 2968 μετ’
3387 2899 3436 2930 ⁸⁸
3488 2899 3689 2967 αὐτὴν.

2107 2991 2280 3060 πέρας
2333 2995 2365 3061 ή
2420 2993 2708 3063 συμφωνία
2781 2990 3086 3061 λαμϐάνει.
3166 2990 3242 3044 Οὐ
3293 2990 3434 3060 πρὸς
3489 2990 3692 3042 ἑαυτὸν

2107 3080 2162 3134 δὲ
2214 3082 2447 3135 ἀπένευε
2509 3084 2695 3152 μόνον,
2745 3082 2886 3136 ἀλλά
2945 3085 3086 3153 πρὸς
3135 3081 3308 3148 αὐτὴν
3360 3081 3462 3151 τὴν
3526 3080 3692 3150 βασιο

2106 3172 2256 3226 λείαν
2318 3174 2628 3244 Ῥωμαίων.
2686 3175 3004 3244 Κηδόμενος
3055 3174 3167 3242 γὰρ
3229 3174 3340 3226 τῶν
3397 3173 3693 3241 κοσμικῶν

2107 3266 2310 3335 μᾶλλον
2371 3267 2405 3336 ἢ
2461 3267 2570 3318 τῶν
2623 3266 2844 3330 ἑαυτοῦ,
2908 3268 3016 3320 πᾶν
3087 3268 3149 3318 τὺ
3212 3266 3682 3334 οἰκονομούμενον

2105 3358 2243 3425 πρὸς
2285 3356 2357 3410 τά
2399 3356 2658 3426 σκῆπτρα
2711 3357 3001 3427 Ῥωμαίων
3058 3356 3354 3410 ἀπονεύειν
3402 3359 3500 3409 καὶ
3553 3357 3692 3409 ἀνα-

2103 3448 2364 3518 φέρεσθαι
2399 3448 2669 3511 παντοίως
2723 3447 3069 3518 διῳκονόμει,
3107 3448 3196 3502 ἵνα
3225 3450 3318 3500 καὶ
3371 3447 3492 3518 μετ’
3515 3448 3688 3502 αὑτὸν

2102 3539 2199 3592 καὶ
2229 3541 2309 3601 εἰς
2363 3537 2452 3590 τὸν
2503 3538 2700 3607 ἐφεξῆς
2750 3539 2945 3609 χρόνον
3010 3541 3082 3591 τὰ
3115 3541 3611 3609 συμπεφωνημένα
3636 3541 3687 3573 ⁸⁸

2101 3632 2284 3704 διήκῃ,
2317 3631 2418 3684 κᾶν
2445 3630 2788 3700 ἀπετύγχανε
2843 3630 2939 3690 τοῦ
2984 3630 3191 3682 σκοποῦ
3210 3630 3277 3662 η’
3306 3629 3376 3681 τὰ
3404 3631 3517 3697 γὰρ
3557 3629 3693 3698 μετ’

2103 3723 2266 3775 αὑτὸν
2317 3721 2490 3783 ἄλλως
2543 3721 2698 3792 ἔσχε,
2745 3723 2839 3776 καὶ
2885 3723 2964 3786 εἰς
3027 3723 3292 3791 σύγχυσιν
3345 3719 3579 3792 ἀφεώρα
3615 3721 3690 3774 τὰ

2103 3814 2426 3885 πράγματα.
2481 3815 2930 3886 Κατεστοριύετο
2984 3816 3085 3885 μὲν
3139 3815 3250 3886 γὰρ
3307 3813 3384 3884 τῷ
3445 3815 3586 3876 τέως
3618 3815 3695 3867 τὰ

2103 3903 2426 3974 ἐνοχλοῦντα
2477 3905 2572 3958 καὶ
2639 3906 2719 3968 εἰς
2761 3907 2986 3975 εἰρήνην
3037 3904 3224 3958 ἀπεῖδσ
3286 3903 3551 3972 βαθεῖαν·
3590 3906 3690 3957 καὶ

2102 3997 2210 4050 ἀπὸ
2256 3995 2420 4066 μέχρι
2453 3995 2691 4066 πέρατος
2745 3995 2942 4058 αίῶνος
2983 3997 3208 4066 εἰρήνην
3235 3996 3471 4065 ἢγομεν.
3516 3995 3689 4048 Ἀλλὰ

2103 4090 2214 4158 γὰρ
2242 4088 2553 4156 συγκατέδυ
2601 4088 2680 4156 τῷ
2727 4086 2939 4157 βασιλεί
2988 4088 3168 4140 πάντα
3227 4088 3295 4140 τά
3351 4087 3556 4156 λῲονα,
3596 4086 3693 4138 καὶ

2105 4179 2463 4242 κενόσπουδος
2490 4177 2641 4247 αὐτῷ
2670 4179 2702 4248 ἡ
2731 4179 2937 4246 σπουδὴ
2966 4179 3105 4246 μετὰ
3149 4177 3250 4248 τὴν
3311 4177 3480 4229 αὑτοῦ
3518 4177 3693 4242 παρέ-

2103 4271 2287 4324 λευσιν
2315 4268 2509 4338 γέγονε
2536 4266 2833 4338 ἀϐελτηρία
2856 4269 2963 4320 τῶν
2987 4267 3386 4335 διαδεξαμένων
3425 4267 3498 4319 τὰ
3553 4266 3693 4334 σκῆ-

2106 4380 2253 4432 πτρα
2271 4361 2338 4413 ⁸³.

421 4445 522 4498 aiis
552 4461 655 4501 nou
691 4449 959 4506 mererent
991 4453 1300 4518 mordicus;
1359 4455 1452 4507 sed
1523 4454 1589 4507 iis
1659 4454 1967 4513 relaxandis
2034 4461 2086 4514 in
2127 4455 2452 4513 sententiam
2505 4452 2851 4522 imperatoris
2899 4465 2959 4506 se
2998 4451 3124 4506 duci
3176 4460 3515 4518 paterentur.
3580 4451 3697 4506 lluc

416 4550 673 4604 rxpresso
722 4554 986 4593 consensu
1020 4541 1224 4594 dimissi
1257 4542 1435 4595 Persae
1469 4542 1518 4594 in
1553 4543 1728 4612 ample
1762 4544 1896 4614 ipsis
1964 4557 2020 4601 et
2092 4545 2374 4601 commode
2429 4552 2679 4611 paratum
2758 4542 3167 4596 tabernaculum
3235 4543 3453 4596 deducti
3517 4554 3692 4611 sunt;

419 4629 711 4684 mandante
768 4630 896 4699 ipsis
945 4629 998 4684 in
1048 4633 1292 4701 digressu
1347 4633 1612 4702 Augusto,
1665 4645 1722 4688 ut
1780 4636 1851 4691 ibi
1923 4653 2022 4706 per
2059 4639 2227 4692 otium
2261 4637 2327 4690 de
2362 4634 2523 4688 dictis
2555 4633 2699 4686 ultro
2745 4633 2996 4701 citroque
3065 4647 3315 4689 sermone
3362 4635 3542 4703 primo
3575 4638 3682 4688 isto

417 4723 578 4774 etiam
631 4736 796 4792 atque
845 4722 1006 4779 etiam
1087 4727 1431 4794 cogitarent:
1514 4729 1773 4797 pollicens
1825 4732 1958 4795 fore,
2009 4731 2055 4786 si
2115 4729 2330 4799 quidem
2408 4727 2460 4780 in
2523 4726 2790 4779 sententia
2844 4735 3168 4795 perstarcnt,
3237 4736 3291 4779 et
3357 4727 3410 4780 in
3459 4728 3525 4782 iis
3576 4745 3696 4796 quas

419 4817 520 4870 sibi
551 4819 659 4883 jam
688 4834 842 4889 requa
878 4819 1044 4874 videri
1121 4822 1511 4886 declarassem,
1571 4831 1680 4877 toto
1752 4823 1854 4879 sibi
1890 4826 2072 4878 animo
2113 4833 2336 4890 totaque
2382 4819 2652 4876 sententia
2706 4819 3158 4887 perseverandum
3205 4820 3515 4873 ducerent:
3569 4837 3697 4875 cra-

420 4907 556 4958 stina
590 4909 701 4977 ipsa
763 4913 949 4964 statim
986 4914 1073 4965 die
1107 4929 1290 4982 pacem
1321 4915 1477 4982 cujus
1514 4919 1809 4971 tractanda!
1880 4933 2043 4974 causa
2120 4925 2380 4974 venerant
2446 4922 2722 4968 momento
2777 4913 3159 4969 absolvendum
3238 4913 3696 4984 lirtuandamque.

422 4996 646 5054 Iiiirilicc
679 5000 808 5068 ipsis
846 5018 965 5072 qua:
992 5003 1205 5059 dicebat
1237 5007 1532 5076 imperator
1577 5009 1789 5076 placere
1814 5011 2158 5077 ,videbantur
2228 5008 2433 5062 omnia.
2508 5004 2617 5060 Nec
2681 5021 2787 5059 nox
2821 5003 3105 5058 consilium
3164 5005 3418 5060 mutavit.
3488 5006 3689 5069 Postri_

423 5085 530 5152 die,
569 5088 620 5140 in
652 5092 842 5158 primis
865 5093 1166 5150 volentibus
1197 5109 1360 5165 atque
1383 5101 1753 5154 annitentibus
1780 5100 1992 5170 legatis,
2035 5110 2367 5156 conventum
2427 5101 2478 5152 in
2511 5109 2691 5154 certas
2717 5097 2866 5167 leges
2941 5099 3301 5165 tractatioque
3379 5100 3694 5152 concordia:

427 5181 567 5234 felici
621 5183 765 5235 exitu
819 5188 1096 5242 conclusa.
1152 5189 1427 5258 Ejusmodi
1477 5193 1624 5260 paris
1675 5190 1794 5259 ejus
1854 5192 2000 5262 leges
2038 5202 2216 5259 erant,
2287 5201 2344 5246 ut
2388 5191 2523 5247 satis
2582 5201 2871 5260 appareret
2924 5203 3266 5260 nequaquam
3322 5205 3388 5244 ea
3453 5201 3702 5258 tempore

1489 5328 1689 5390 Verim
1716 5331 2018 5394 lectiones
2063 5348 2136 5392 ex
2165 5329 2309 5392 cod.
2329 5329 2595 5391 Coislin.

495 5443 538 5478 ”
566 5439 944 5517 ἐπερωτήσας.
1002 5439 1090 5517 ’⁸⁵
1112 5440 1219 5517 διά.
1335 5443 1378 5476 ⁸¹
1408 5447 1866 5517 συμφωνούμενα.
1978 5449 2026 5487 ⁵⁸
2060 5448 2155 5502 καὶ
2192 5449 2303 5502 τῶν
2355 5447 2519 5501 αὐτοῦ
2573 5447 2957 5517 βουλευμάτων
2993 5447 3234 5517 ﬂete-Ia.
3339 5448 3386 5478 ⁸³
3440 5449 3533 5501 καὶ
3561 5448 3680 5503 ὅλω.

425 5508 720 5584 ἀπυντελῆς
763 5508 904 5581 μετὰ
932 5508 1099 5562 ταῦτα
1126 5515 1340 5580 γέγονε,
1365 5508 1494 5568 τῶν’
1519 5508 1861 5588 πραγμάτων
1891 5519 2063 5583 ἄλλως
2103 5536 2217 5582 πως
2257 5508 2739 5572 διακυῦευὲέντων.

1497 5631 1633 5694 Car.
1658 5633 1985 5695 Dufrcsnii
2046 5635 2140 5694 Du
2180 5631 2395 5709 Cangii
2431 5637 2619 5691 noue.

502 5728 614 5802 (40)
644 5728 1166 5801 Μουσόωμάνων.
1216 5729 1331 5785 Vim
1368 5730 1516 5786 vocis
1569 5733 1747 5799 prodit
1805 5734 2002 5790 Leuncl

2104 5747 2161 5788 us
2191 5731 2246 5787 in
2283 5728 2454 5785 l’and.
2495 5747 2550 5783 n.
2579 5727 2650 5782 22
2675 5739 2728 5787 et
2755 5728 2824 5784 59
