3998 6206
235 205 250 218 ’
294 256 422 322 1061
1503 262 1914 326 ALEXIADIS
1943 260 2088 321 LIB.
2118 258 2280 320 XIV.
3417 247 3553 316 1062!

293 371 382 425 tali
409 372 728 437 sancienda,
763 387 820 428 se
851 389 1014 430 suave
1062 374 1313 444 privatim
1384 376 1686 448 Augustum
1748 373 2068 436 attendisse,
2122 386 2334 437 verum,
2385 379 2443 425 ut
2493 368 2704 424 solebat
2769 381 3015 437 semper,
3085 369 3166 422 rei
3235 362 3547 422 communis

296 467 584 523 utilitatem
613 478 668 524 et
695 471 892 540 sceptri
959 470 1188 526 Romani
1238 472 1571 541 majestatent
1613 479 1892 541 spectasse
1929 482 2129 532 unam;
2169 479 2361 536 magna
2414 465 2656 532 profecto
2689 473 2872 518 nostra
2942 475 2996 517 et
3044 464 3095 516 in
3146 473 3356 532 tempus
3389 479 3552 521 omne

291 565 635 636 propaganda
667 577 948 636 posterum
1001 568 1282 630 felicitate.
1332 568 1493 640 E33
1534 568 1580 622 si
1642 568 1891 622 durasset
1931 573 2036 617 tam
2119 561 2376 616 salutaris
2409 563 2506 615 ista
2539 559 2853 615 concordia.
2898 558 3030 612 Nam
3085 562 3376 613 intervenit
3416 560 3553 614 fata-

292 658 354 711 lis
388 658 491 722 vis,
516 669 570 712 et
605 659 704 712 hoc
738 667 986 727 exempto
1009 660 1171 715 rebus
1193 662 1464 725 humanis,
1499 662 1651 728 longe
1683 658 1862 720 aliam,
1904 655 2058 726 culpa
2089 654 2513 719 succedentium,
2545 653 2691 707 orbis
2718 654 2975 706 Romana:
3042 653 3348 722 reipublicae
3414 669 3552 709 con-

295 749 596 804 versionem
630 749 793 818 cepit.
843 751 978 806 Aliis
1008 753 1273 820 consiliis,
1323 755 1410 808 alii
1449 768 1774 817 successus;
1811 760 1864 805 et
1911 748 2376 818 perturbatissima
2405 755 2586 801 secuta
2629 756 2872 816 tempora
2909 749 2961 802 in
3045 748 3219 801 locum
3289 760 3551 804 venerunt

294 842 443 906 pacis
497 842 654 911 bujus
699 843 1112 912 laudatissima,
1145 864 1263 917 quin
1331 861 1383 904 ut
1440 850 1650 918 priores
1733 854 1947 900 nostras
1986 845 2268 898 universas
2300 842 2546 896 miserias
2575 842 2901 905 absolverat,
2954 843 3024 895 ita
3058 858 3166 896 non
3199 842 3415 896 dubiam
3454 858 3551 910 ρο,

291 937 553 1003 steritali,
610 942 769 994 modo
805 942 1026 997 retineri
1068 944 1360 1012 potuisset,
1414 943 1863 1012 tranquillitatem
1905 939 1955 992 in
2007 948 2216 1006 tempus
2257 938 2416 991 omne
2473 936 2825 1004 promittebat
2888 950 3251 1004 consequens.
3328 934 3552 1004 Superis

293 1023 449 1078 aliter
487 1028 698 1095 visum;
765 1032 1014 1099 adempta
1064 1047 1185 1086 cum
1241 1033 1428 1086 Alexio
1478 1032 1680 1100 pariter
1761 1042 1886 1098 spes
1961 1026 2218 1094 salusque
2289 1026 2543 1097 publica;
2597 1027 3126 1094 conatumqnebunc
3167 1028 3286 1096 ejus
3329 1026 3554 1082 beanda:

293 1119 646 1184 posteritatis,
695 1121 959 1186 confusis,
1013 1124 1115 1179 hoc
1164 1123 1392 1187 sublato,
1428 1123 1608 1184 rebus,
1638 1122 1760 1175 fecit
1793 1118 2002 1172 irritum
2037 1133 2225 1172 eorum
2296 1117 2677 1186 imprudentia,
2724 1117 2817 1184 qni
2881 1119 3120 1174 habenas
3185 1120 3395 1189 imperii
3468 1137 3554 1177 re-

291 1215 444 1268 lirtas
480 1214 545 1267 ab
579 1230 665 1278 eo,
703 1217 889 1283 peritia
920 1217 1114 1272 deinde
1158 1233 1261 1272 non
1299 1220 1412 1286 pari
1450 1208 1764 1273 tractarunt.

362 1308 425 1359 Οἱ
477 1307 534 1359 δὲ
574 1326 668 1360 του
715 1311 1031 1376 Φραγγικοῦ
1098 1311 1292 1364 στόλου
1325 1311 1595 1381 ἡγεμόνες
1637 1311 1726 1364 διὰ
1753 1311 1862 1365 τῶν

2038 1306 2118 1358 Ad
2150 1303 2378 1358 classem
2418 1303 2701 1357 redeamus
2729 1303 3068 1369 FranciCam,
3113 1307 3266 1376 cujus
3307 1311 3552 1364 modera-

292 1393 704 1458 περισωθέντων
757 1396 864 1448 ἀπὸ
924 1397 1030 1449 τῶν
1102 1399 1261 1452 πέντε
1309 1399 1591 1469 δρομάδων
1625 1399 1862 1469 νηῶντά

291 1485 416 1553 περὶ
451 1484 545 1536 τοῦ
586 1487 896 1555 Ῥωμαϊκοῦ
930 1489 1142 1555 στόλου,
1165 1491 1240 1552 ὡς
1271 1493 1508 1561 εἴρηται,
1538 1491 1863 1559 βεϐαιωθέν-

289 1593 402 1640 τεί,
447 1577 539 1629 καὶ⁴
565 1579 648 1630 ὅτι
697 1580 724 1630 ό
757 1578 1013 1646 βασιλεὺς
1057 1582 1150 1633 τὸν
1187 1582 1370 1634 στόλον
1398 1583 1732 1651 εὐτρεπίσας
1763 1583 1863 1653 τὴν

291 1667 470 1719 αὐτῶν
500 1667 688 1735 ἔφοδον
736 1672 865 1734 περὶ
898 1672 997 1742 τὴν
1045 1674 1393 1744 Χερρόνησον
1434 1677 1747 1744 περιμένων
1782 1677 1866 1731 ὲν-

288 1759 576 1826 διατρίϐ-ει,
599 1760 691 1813 τοῦ
719 1765 984 1833 προτέρου
1010 1765 1214 1818 σκοποῦ
1247 1765 1586 1834 ἀπέστησαν,
1619 1767 1864 1837 μηδόλως

290 1850 400 1908 τοῖς
475 1848 666 1918 μέρεσι
736 1851 1050 1921 Ῥωμανίας
1119 1856 1424 1919 πλησιάσαι
1509 1857 1861 1926 Θελήσαντες.

293 1940 719 2010 Παραχειμάσας
749 1944 843 1998 οὖν
872 1949 900 1998 ό
929 1946 1177 2016 βασιλεὺς
1204 1951 1282 2012 εἰς
1311 1949 1706 2003 Καλλιούπολιν
1725 1950 1865 2018 μετὰ

288 2029 386 2100 τῆς
421 2031 690 2100 βασιλίδος
718 2051 732 2066 ο
795 2037 1080 2091 συνείπετο
1138 2040 1248 2110 γὰρ
1308 2040 1457 2110 αὐτῷ
1500 2039 1588 2094 διὰ
1617 2041 1716 2108 τὴν
1755 2040 1864 2094 τῶν

291 2120 466 2173 ποδῶν
527 2123 739 2194 ὀδύνην,
773 2125 849 2189 ὡς
891 2128 1152 2192 πολλάκις
1196 2130 1478 2200 ἱστόρηται
1503 2131 1550 2162 ⁵⁵
1575 2171 1590 2194 ,
1626 2131 1721 2184 καὶ
1769 2133 1864 2184 τὸν

287 2213 480 2292 mea.
533 2215 655 2267 καθ’
705 2214 761 2267 ὃν
794 2219 821 2268 ό
889 2218 999 2270 τῶν
1045 2220 1291 2274 Λατίνων
1317 2221 1507 2274 εἴωθεν
1557 2223 1866 2292 παραπλεῖν

292 2303 477 2365 στόλος
565 2306 1094 2378 παραφυλαξάμενος
1157 2312 1239 2373 είς
1314 2311 1410 2382 τὴν
1472 2312 1866 2381 βασιλεύουσαν

292 2391 651 2461 ὑπέστρεψεν.
687 2395 762 2447 Οὐ
794 2395 958 2460 πολὺς
993 2397 1342 2468 παρίππευκε
1359 2401 1548 2472 χρόνος
1570 2403 1664 2456 καὶ
1692 2403 1867 2474 Τούρ-

293 2495 408 2530 κων
432 2479 615 2547 ἔφοδος
639 2484 1069 2551 καταγγέλλεται
1099 2487 1156 2552 ἐξ
1179 2488 1405 2542 ἁπασῶν
1434 2489 1541 2541 τῶν
1572 2490 1672 2559 τῆς
1706 2491 1867 2544 Ἀνα-

290 2572 454 2640 τολῆς
479 2573 695 2645 χωρῶν,
737 2578 830 2628 καὶ
887 2577 1050 2630 αὑτοῦ
1080 2577 1174 2631 τοῦ
1211 2580 1463 2648 Χορασᾶν
1522 2580 1598 2644 ὡς
1631 2584 1710 2644 είς
1733 2599 1867 2636 Rav-

289 2662 527 2730 τήκοντα
591 2665 836 2734 χιλιάδας
908 2673 1375 2741 συμποσουμένων
1421 2686 1436 2701 ⁸
1510 2673 1630 2727 οὐδὲ
1692 2675 1799 2745 γὰρ
1821 2675 1867 2707 ³⁸

290 2754 429 2821 πρὸς
463 2753 637 2825 βραχὺ
665 2757 951 2830 ῥᾳστώνης
985 2762 1296 2833 μετειλήχει
1352 2763 1442 2816 τὸν
1498 2765 1716 2819 ἅπαντα
1768 2767 1870 2832 τῆς

290 2846 722 2918 αὐτοκρατορίας
756 2850 922 2904 αὑτοῦ
952 2853 1165 2923 χρόνον,
1198 2854 1374 2908 ἄλλων
1427 2859 1520 2910 καὶ
1547 2857 1722 2912 ἄλλων
1749 2861 1870 2912 ἐπι-

293 2938 578 3008 φυομένων
607 2941 885 3008 πολεμίων
910 2944 956 2976 ⁸⁵
988 2945 1272 3015 διηνεκῶς.
1298 2948 1702 3002 Μετακαλείται
1756 2950 1870 3003 τοί-

291 3047 388 3082 νυν
411 3032 786 3103 ἁπανταχόθεν
810 3035 870 3087 τδ
898 3035 1174 3090 ὁπλιτικὸν
1204 3039 1350 3092 ἅπαν
1371 3080 1385 3101 ,
1425 3041 1519 3092 καὶ
1547 3042 1641 3095 τοῦ
1672 3043 1867 3110 καιροῦ

293 3123 725 3193 στοχασάμενος,
792 3125 916 3180 καθ’
973 3126 1031 3180 ὃν
1071 3129 1263 3197 καιρὸν
1313 3130 1427 3200 (41)
1469 3131 1698 3202 σύνηθες
1754 3138 1869 3199 τοῖς

292 3211 598 3283 Βαρϐἀροις
644 3218 742 3277 τὰς
787 3217 928 3269 κατὰ
978 3217 1087 3271 τῶν
1141 3218 1483 3288 Χριστιανῶν
1503 3223 1547 3253 ⁸⁷
1598 3224 1868 3294 ἐκδρομὰς

291 3306 590 3371 ποιεῖσθαι,
622 3307 716 3360 τὸν
747 3309 1060 3378 ἁναμεταξὺ
1099 3311 1396 3374 Βυζαντίου
1426 3314 1522 3366 καὶ
1568 3316 1869 3385 Δαμάλεως

289 3396 527 3468 διαπερᾷ
563 3398 831 3468 πορθμόν.
866 3399 974 3452 Καὶ
999 3400 1118 3452 οὐδὲ
1150 3401 1182 3470 ἡ
1213 3399 1516 3455 ἐπελθοῦσα
1552 3403 1725 3474 τούτῳ
1759 3405 1868 3458 τῶν

291 3487 472 3541 ποδῶν
529 3489 862 3560 περιωδυνία
900 3490 1125 3561 ἀπεῖρξε
1168 3492 1265 3545 τοῦ
1315 3493 1504 3561 ἔργου,
1556 3495 1677 3566 ἦτις
1743 3495 1867 3550 οὕτε

290 3580 400 3632 τινὶ
431 3579 539 3633 τῶν
587 3581 868 3650 προγόνων
911 3581 1229 3651 ξυμϐέϐηκε
1288 3584 1528 3652 πώποτε,
1581 3587 1665 3640 ἵνα
1695 3605 1775 3650 τις
1805 3589 1868 3640 ὲκ

295 3671 692 3741 σπερματικῶν
719 3672 893 3740 λόγων
920 3673 1012 3725 καὶ
1037 3675 1116 3733 εἰς
1144 3674 1307 3728 αὑτὸν
1339 3677 1635 3730 κατιοῦσαν
1658 3679 1868 3749 νομίσοι

290 3762 392 3830 τὴν
435 3762 610 3824 νόσον,
642 3761 766 3814 οὔτε
799 3765 862 3814 ἐκ
900 3763 1108 3834 διαίτης
1143 3765 1339 3836 ἁδρᾶς,
1373 3770 1532 3822 ὁποῖα
1561 3772 1674 3833 τοῖς
1715 3770 1869 3842 διαρ-

295 3855 480 3926 ῥέουσι
503 3853 594 3906 τὸν
640 3852 756 3922 βίον
801 3854 895 3906 καὶ⁹
941 3855 1246 3924 φιληδόνοις
1307 3857 1626 3926 συμϐαίνειν
1657 3861 1867 3927 εῐωθεν,

1979 1404 2125 1450 tores
2150 1397 2236 1448 ubi
2259 1406 2407 1449 certo
2425 1405 2758 1464 compertum
2779 1407 2861 1449 est
2885 1397 3266 1466 cogitationem
3292 1400 3552 1467 abiecisse

1978 1486 2245 1542 tentandae
2272 1486 2519 1540 cominus
2557 1487 2834 1541 ltornanite
2863 1505 2878 1540 :
2915 1488 3058 1557 quod
3091 1504 3184 1542 eos
3214 1504 3240 1541 a
3277 1492 3369 1544 tali
3417 1508 3550 1547 coni

1974 1579 2098 1632 silio
2127 1580 2480 1633 deterruisset
2510 1578 2765 1632 indicium
2793 1592 2980 1632 eorum
3007 1579 3097 1648 qui
3124 1595 3153 1632 e
3179 1581 3552 1647 speculatione

1973 1669 2064 1724 illa
2109 1673 2281 1738 prima
2333 1669 2402 1723 de
2454 1684 2559 1738 qua
2611 1669 2867 1733 diximus,
2925 1670 3166 1739 quinque
3208 1673 3549 1739 dromadum,

1973 1763 2147 1828 captis
2189 1760 2416 1830 reliquis
2463 1760 2618 1830 pauci
2677 1761 2763 1812 vix
2819 1760 2952 1814 salvi
2985 1762 3290 1829 redierant;
3350 1765 3552 1818 retule-

1977 1860 2206 1920 rantque
2233 1852 2446 1906 tlrmam
2481 1863 2536 1905 et
2562 1866 2904 1906 numerosam
2937 1867 3056 1906 esse
3085 1852 3380 1907 Romanam
3405 1854 3550 1910 clas-

1973 1959 2086 1999 sem
2111 1961 2127 2010 ;
2162 1946 2459 2013 Augustum
2481 1958 2610 1997 vero
2642 1943 2910 2012 intrepido
2933 1945 3118 1998 animo
3144 1945 3276 1998 bene
3303 1954 3548 2013 paratum

1974 2033 2236 2087 adversus
2261 2048 2641 2103 quamcunque
2675 2033 2806 2098 vim,
2841 2033 3050 2088 hostem
3096 2037 3234 2103 apud
3271 2036 3550 2090 Cberrho-

1977 2138 2168 2178 nesum
2197 2124 2434 2192 opperiri
2457 2141 2472 2189 ;
2506 2134 2584 2189 ut,
2613 2125 2858 2193 inquam,
2884 2127 3124 2193 Augusto
3143 2126 3277 2179 satis
3303 2128 3554 2182 constitit

1972 2213 2158 2270 Gallos
2186 2213 2335 2269 hisce
2367 2213 2569 2268 nuntiis
2617 2215 2900 2283 perculsos
2949 2215 3056 2270 alio
3104 2232 3228 2285 spes
3279 2232 3554 2286 curasque

1977 2315 2211 2372 vertere,
2248 2323 2423 2376 neque
2456 2307 2521 2359 ab
2552 2306 2642 2372 iis,
2674 2322 2814 2361 nunc
2847 2309 3086 2375 quidem,
3124 2309 3424 2376 periculum
3459 2311 3548 2364 in»-

1974 2407 2144 2462 stare,
2176 2409 2288 2452 tum
2320 2413 2452 2452 sane
2487 2399 2602 2466 ipse
2633 2408 2903 2452 maturum
2933 2399 3164 2452 credidit
3205 2400 3258 2454 in
3303 2415 3549 2455 commo-

1927 2479 1938 2490 ’
1978 2485 2186 2541 diorem
2214 2486 2461 2542 hibernis
2495 2487 2672 2540 locum
2725 2486 3054 2555 demigrare.
3101 2487 3182 2542 Ad
3238 2489 3289 2542 id
3340 2491 3551 2544 delecta

1900 2619 1946 2678 Β
1975 2561 2310 2647 Calliopolis,
2338 2593 2448 2648 quo
2478 2589 2536 2632 nt
2583 2593 2644 2634 se
2683 2579 2939 2644 contulit,
2990 2593 3188 2647 praesto
3222 2581 3407 2636 babnit
3433 2583 3547 2637 Αιι-

1973 2681 2185 2741 gustam
2221 2680 2448 2726 matrem
2480 2685 2698 2724 meam:
2757 2672 2841 2724 cui
2885 2665 3063 2724 castra
3116 2673 3399 2739 sequendi,
3447 2673 3550 2728 de—

1973 2761 2238 2831 gendique
2266 2775 2510 2830 peregre,
2540 2774 2708 2815 causa
2721 2769 2838 2814 erat
2862 2763 3033 2828 prima
3056 2769 3112 2816 et
3134 2763 3461 2831 necessaria,
3484 2765 3549 2819 de

1971 2867 2076 2922 qua
2116 2866 2260 2921 saepe
2283 2853 2540 2915 diximus,
2574 2852 2933 2906 ministerium
2960 2853 3076 2906 viro
3101 2852 3466 2909 adhibendum
3494 2855 3546 2910 in

1970 2944 2122 3012 gravi
2183 2943 2380 3012 pedum
2437 2944 2628 2998 morbo
2676 2958 2782 3012 quo
2819 2944 2862 2998 is
2909 2943 3210 2999 laborabat.
3266 2946 3546 3017 Calliopoli

1969 3036 2252 3106 Augustus
2281 3037 2426 3092 velut
2467 3038 2520 3091 in
2546 3037 2794 3091 excubiis
2832 3037 3157 3104 quibusdam
3195 3039 3296 3093 fuit
3345 3049 3455 3094 toto
3483 3055 3548 3096 eo

1974 3139 2216 3196 tempore
2247 3144 2355 3198 quo
2393 3143 2706 3183 commeare
2737 3143 2833 3196 per
2869 3129 2960 3182 illa
2994 3129 3160 3183 maria
3195 3131 3399 3186 classes
3446 3132 3552 3186 La-

1971 3223 2096 3276 tina:
2131 3221 2346 3287 solent;
2376 3237 2441 3276 eo
2471 3222 2691 3276 demum
2740 3230 3020 3277 transacto
3058 3222 3170 3290 jam
3220 3239 3447 3280 securus
3494 3225 3547 3281 in

1971 3313 2160 3368 urbem
2191 3313 2392 3382 regiam
2421 3327 2480 3366 se
2514 3313 2728 3381 recipit.
2753 3309 2871 3366 Non
2900 3312 2992 3366 diu
3025 3313 3096 3367 ibi
3127 3315 3410 3381 quieverat
3426 3329 3547 3370 cum

1973 3403 2200 3472 trepidis
2228 3403 2502 3456 excitatur
2532 3403 2740 3456 nuntiis
2772 3403 3008 3471 ingentis
3063 3403 3388 3471 irruptionis
3411 3404 3549 3458 Tur-

1971 3509 2165 3548 eorum
2204 3509 2272 3550 ex
2311 3495 2525 3548 cunctis
2565 3493 2808 3548 Orientis
2849 3493 3163 3562 regionibus
3207 3505 3264 3550 et
3319 3511 3386 3550 ex
3432 3496 3551 3566 ipso

1969 3583 2251 3641 Corosane
2295 3585 2361 3639 ad
2411 3584 2808 3654 quinquaginta
2859 3585 3024 3638 millia
3077 3595 3550 3654 eongregatorum.

1970 3672 2237 3728 Nimirum
2271 3672 2434 3728 fatale
2463 3687 2585 3726 meo
2612 3673 2753 3742 patri
2793 3673 2895 3727 fuit
2930 3684 2990 3727 ut
3029 3689 3096 3729 ne
3122 3679 3186 3729 ad
3217 3687 3547 3732 momentum

1971 3766 2186 3834 quidem
2218 3773 2329 3819 toto
2359 3763 2696 3834 principatus
2719 3763 2801 3817 sui
2835 3774 3097 3833 tempore,
3129 3779 3256 3820 cura
3286 3775 3337 3820 et
3361 3767 3550 3823 labore

1974 3873 2176 3912 vacuus
2207 3867 2393 3927 posset
2419 3855 2622 3911 vivere.
2683 3855 2832 3910 Adeo
2867 3855 2956 3909 alii
3011 3856 3268 3911 continuo
3313 3873 3376 3912 ex
3424 3858 3548 3912 aliis

292 3945 409 3998 ἀλλ’
438 3946 585 4009 ὅπως
618 3945 767 4014 αὐτῷ
795 3947 825 4014 ἠ
864 3945 1104 4010 διάθεσις
1156 3947 1264 3999 τῶν
1325 3948 1504 4000 ποδῶν
1534 3952 1866 4022 ἐπηρέαζεν,

1973 3949 2396 4006 succrescebant
2427 3947 2652 4013 hostes;
2688 3946 2790 4000 alia
2815 3960 2882 4000 ex
2918 3947 3041 4002 aliis
3067 3947 3204 4002 bella
3231 3949 3552 4017 surgebant!

293 4037 407 4106 ἐγὼ
460 4037 814 4107 διηγήσομαι.
873 4037 1190 4108 Ἐσφαίριζέ
1263 4055 1394 4090 ποτε
1459 4041 1870 4111 γυμναζόμενος

295 4130 725 4198 συσφαιρίζοντα
784 4127 878 4180 καὶ
934 4129 1024 4181 τὸν
1061 4129 1319 4182 Τατίκιον
1375 4129 1546 4200 ἔχων,
1613 4134 1744 4203 περὶ
1810 4129 1871 4188 οὗ

296 4223 560 4282 πολλάκις
610 4221 937 4290 διείλεγμαι.
1021 4223 1117 4285 Ὃς
1184 4224 1278 4276 καὶ
1332 4223 1439 4276 ὑπὸ
1458 4225 1502 4255 ⁵⁸
1551 4225 1644 4277 τοῦ
1703 4226 1872 4280 ἵππου

297 4315 664 4385 παρασυρεὶς,
700 4313 965 4383 ἐμπίπτει
996 4313 1073 4384 τῷ
1124 4313 1354 4383 βασιλεῖ,
1384 4316 1679 4370 κάντεῦθεν
1709 4321 1874 4391 ἀλγή-

299 4423 397 4466 σας
441 4405 539 4474 τὴν
575 4404 837 4471 κεφαλίδα
865 4403 958 4456 τοῦ
1007 4403 1198 4471 γόνυος
1217 4406 1285 4469 ⁸⁸,
1332 4407 1425 4458 κοιλ⁸
1445 4407 1607 4460 αὑτὸν
1637 4410 1754 4462 ὅλον
1781 4412 1872 4464 τὸν

298 4496 440 4549 πόδα
477 4497 566 4550 διὰ
605 4496 663 4549 τὸ
694 4496 1002 4565 ἁκροὸαρὲς
1033 4498 1130 4568 τῆς
1159 4500 1496 4568 καταφορᾶς,
1529 4502 1631 4553 οὐκ
1667 4503 1872 4555 ἐνεδεί-

300 4590 432 4655 ξατο
463 4589 560 4658 μὲν
593 4589 829 4658 ἀλγῆσαι
865 4588 1312 4658 φερεπονὼτατος
1349 4588 1423 4642 ὢν
1451 4608 1462 4618 ’
1494 4592 1642 4660 ὅμως
1692 4593 1873 4661 μέντοι

303 4682 506 4750 μικρᾶς
540 4697 684 4742 τινος
713 4682 895 4748 τυχεῖν
926 4679 1269 4746 ἐπιμελείας,
1301 4682 1394 4732 καὶ
1445 4681 1566 4732 κατ’
1604 4681 1782 4749 ὀλίγον
1817 4685 1873 4748 ἐς

300 4772 361 4823 τὸ
393 4770 664 4823 ἀνώδυνον
688 4769 863 4822 ἐλθεῖν
891 4769 996 4822 τῶν
1023 4769 1272 4841 συνήθων
1321 4771 1617 4841 διατριϐῶν
1672 4774 1870 4842 εἴχετο.

301 4865 451 4935 Λῦτη
490 4863 590 4934 μὲν
617 4861 710 4916 οὖν
748 4863 939 4934 πρώτη
962 4863 1109 4915 αἰτία
1157 4862 1254 4931 τῆς
1283 4861 1395 4914 τῶν
1439 4864 1616 4915 ποδῶν
1649 4864 1876 4930 ἀλγηδό-

303 4976 392 5020 νος
432 4957 527 5009 τοῦ
573 4955 864 5025 βασιλέως·
934 4955 992 5008 αἱ
1016 4953 1125 5024 γὰρ
1169 4954 1352 5006 ὀδύναι
1403 4956 1510 5007 τῶν
1541 4958 1742 5020 τόπων,
1797 4960 1877 5020 είς

305 5049 506 5110 sxum-ir;
532 5047 600 5099 τὰ
634 5046 881 5117 ῥεύματα
919 5043 1330 5114 ἐφειλκύσαντο.
1358 5044 1600 5114 Δευτέρα
1638 5046 1759 5115 (12)
1783 5049 1877 5100 καὶ

1981 4036 2131 4091 Novo
2171 4035 2412 4104 periculo
2441 4034 2596 4087 novis
2629 4032 2871 4089 consiliis
2893 4036 3223 4090 occurritur.
3271 4035 3550 4093 Convocat

1973 4130 2270 4199 imperator
2296 4128 2361 4178 ad
2387 4140 2558 4195 seque
2591 4125 2734 4196 cogit
2764 4127 3001 4194 undique
3052 4127 3300 4181 militiam
3350 4127 3554 4183 Roma-v

1974 4238 2096 4276 nam
2128 4220 2474 4284 universam;
2511 4225 2566 4272 et
2613 4226 2898 4271 assecutus
2947 4217 3260 4286 conjectura
3315 4229 3552 4287 tempus,

1973 4332 2078 4386 quo
2111 4325 2352 4382 tempore
2381 4326 2479 4380 pro
2528 4325 2676 4364 more
2715 4310 2955 4378 ipsorum
3007 4311 3212 4379 pridem
3258 4312 3555 4366 observato

1970 4406 2302 4464 incursaturi
2331 4402 2770 4458 Christianorum
2809 4410 2983 4455 terras
3021 4402 3109 4454 isti
3139 4401 3361 4454 Barbari
3397 4403 3547 4456 vide-

1972 4502 2190 4561 bantur,
2217 4509 2602 4566 praeoccupare
2634 4491 2761 4545 illud
2797 4492 3145 4558 expeditione
3174 4492 3536 4553 maturanda,

1971 4602 2025 4645 et
2060 4590 2274 4659 prodire
2304 4586 2411 4639 illis
2443 4583 2656 4637 obviam
2687 4581 2897 4634 statuit.
2950 4579 3169 4633 Fretqu
3217 4596 3346 4648 ergo
3398 4581 3553 4648 (μιοώ

1977 4679 2236 4734 Damalim
2305 4685 2358 4728 et
2408 4673 2731 4742 Byzantium
2781 4669 3084 4735 interiacet,
3128 4671 3322 4723 transit
3380 4687 3396 4726 :
3445 4687 3544 4726 nec

1979 4773 2119 4838 ferte
2171 4784 2266 4837 per
2304 4781 2398 4818 eos
2455 4764 2570 4817 dies
2627 4765 3009 4828 ingravesvens
3076 4777 3194 4814 eum
3247 4765 3546 4818 retardavit

1976 4864 2172 4933 pedum
2201 4859 2374 4912 dolor.
2401 4854 2572 4924 ΜΠ.ἰεί
2607 4853 2852 4907 Αίιςιίιιιιι
2889 4854 2991 4905 isto
3026 4853 3216 4907 morbo
3247 4863 3353 4906 tam
3377 4857 3554 4921 perii-

1981 4952 2188 5008 nacitcr
2217 4945 2384 5000 videri
2417 4946 2610 4996 mirum
2645 4951 2881 5010 ροισι-ιιι.
2917 4941 3048 4995 Nam
3081 4958 3251 5008 neque
3280 4947 3552 5011 repetenti

1981 5040 2332 5096 domesticam
2370 5035 2491 5104 ejus
2537 5033 2848 5086 memoriam
2901 5034 3184 5102 quisquam
3230 5044 3550 5089 occurreres

1346 5157 1542 5218 Varias
1581 5158 1894 5229 lectiones
1936 5173 2010 5216 ex
2038 5152 2176 5216 cod.
2209 5148 2478 5210 Coislin.

375 5265 422 5294 ⁵⁸
458 5263 733 5330 ἱστόρητο.
797 5261 844 5292 ⁸⁵
869 5261 1029 5315 Deest
1069 5257 1261 5314 vocula
1311 5260 1440 5330 γάρ.

305 5334 354 5364 ιν

1518 5260 1565 5291 ⁸³
1591 5260 1719 5312 πολέ
1727 5278 1862 5330 μων.

1948 5260 1990 5290 ⁸⁷
2021 5258 2224 5310 Desunt
2272 5266 2437 5305 vocus
2480 5249 2620 5302 κατᾶ
2673 5244 2779 5298 τῶν
2835 5245 3200 5316 Χριστιανῶν.
3291 5247 3336 5279 ⁸⁸
3371 5250 3529 5319 παρά

1353 5414 1492 5475 Car.
1539 5413 1868 5477 Dufresuii
1933 5416 2024 5474 Du
2060 5411 2285 5489 Cangii
2323 5416 2509 5472 nota).

301 5597 332 5628 9
378 5525 490 5596 (il)
525 5524 662 5579 Καθ’
696 5521 768 5576 ὃν
802 5519 1030 5587 καιρόν.
1068 5517 1201 5574 Vide
1228 5526 1383 5571 notas
1409 5519 1474 5572 ad
1513 5517 1777 5573 Villhard.
1815 5535 1870 5570 ll.

300 5608 496 5736 ωἱιε)
530 5663 804 5732 Aemi-pa.
839 5661 932 5746 llis
961 5622 1186 5727 duabn‘s,
1216 5660 1539 5731 Ποδαλγῐας,
1574 5675 1667 5715 seu
1699 5657 1874 5715 Poda-

1981 5532 2092 5584 grrr
2121 5516 2292 5568 Alexii
2321 5513 2556 5584 parentis
2581 5512 2783 5584 causis,
2820 5512 3036 5584 tertiam
3085 5510 3278 5561 addere
3328 5516 3540 5584 poterat

1978 5578 2156 5647 Anna,
2190 5578 2350 5652 quam
2378 5581 2716 5650 NiCcpburus
2741 5582 2948 5633 Callist.
2984 5582 3074 5652 lib,
3114 5593 3264 5652 .uttt,
3295 5591 3412 5644 cap.
3441 5578 3546 5652 do,

1982 5646 2167 5723 refert,
2207 5646 2745 5722 'Cmtstantinotmli‘m
2813 5665 3006 5718 nempe
3063 5649 3359 5702 incolentes
3440 5646 3546 5701 bac
