3998 6206
314 271 450 336 1065
1533 275 1855 334 ALEXIAL‘

1982 267 2132 334 LIB.
2169 273 2324 336 XIV.
2957 288 2960 290 '
3430 275 3568 338 1066

313 408 452 459 τορα
512 390 846 460 αἰδούμενοι,
903 395 1038 462 μήτε
1098 392 1441 464 τὶν.καιρὺν
1503 394 1850 464 παραρῤέοντ

1963 402 2216 461 ⁵ιςιιιιίιιιιι
2273 394 2467 449 dissite
2523 411 2787 466 sparsam,
2846 402 2953 445 tam
3007 390 3333 447 necessariis
3378 392 3570 446 ciliciis

308 481 725 550 εὐλαϐούμενοι,
763 487 903 553 μήτε
937 485 1038 552 τὴν
1064 486 1172 536 τῶν
1201 486 1453 554 ὁρώντων
1499 485 1725 552 νέμεσιν
1750 485 1855 551 ὑφο

1993 484 2185 551 procul
2236 485 2548 549 distentam,
2605 496 2660 538 ut
2706 500 2806 538 nec
2851 485 2958 538 cito
2994 484 3110 538 sine
3151 483 3434 548 miraculo,
3472 497 3570 537 nec

313 571 572 642 ρώμενοι,
603 576 662 628 οὐ
691 578 799 638 τοῖς
826 573 1050 627 ὄπισθεν
1081 578 1423 645 ἐρχομένοις,
1455 576 1688 639 ἕκαστος
1715 578 1855 629 τόπο·

1995 591 2232 645 unquam
2269 579 2387 631 sine
2417 580 2677 648 periculo,
2717 586 2807 631 ant
2842 577 3022 645 potius
3069 576 3233 630 exitio
3288 574 3567 643 prazsenti,

305 665 524 732 ὁμιλίας
561 672 843 738 παρεῖχεν,
883 668 998 720 ἀλλ’
1031 668 1242 731 ἁνέτως
1273 671 1371 731 τὰς
1401 668 1620 738 ὁμιλίας
1655 668 1748 720 καὶ
1783 669 1855 721 τὰ

1994 685 2156 723 unum
2184 673 2234 724 in
2274 672 2449 727 locum
2490 674 2606 743 cogi
2655 689 2811 741 posse
2846 674 3146 730 videretur.
3178 671 3438 725 Nimirum
3477 669 3568 722 alii

307 758 568 825 αἰτήσεις.
595 760 902 812 ἐποιοῦντο.

1993 760 2361 817 Romanorum
2401 766 2628 820 militum
2677 782 2770 836 per
2814 764 3058 820 Servium
3097 780 3299 834 perque
3350 764 3567 817 Dalma—

307 850 436 901 tiam
483 861 739 917 angustos
786 859 995 905 meatus
1056 851 1295 916 vallium,
1353 851 1591 906 claustra
1649 851 1885 921 imperii,
1925 852 2191 916 prmsidiis
2216 853 2568 919 obtinebant;
2605 853 2692 906 alii
2731 855 2873 907 circa
2945 851 3137 906 Istrum
3188 852 3442 906 Cumanis
3505 865 3569 904 ac

308 940 468 993 Dacis
498 941 828 1010 irruptiones
903 943 1122 995 assidue
1187 944 1578 996 meditantibus
1642 942 1838 1009 objecti
1909 942 2151 1008 stabant;
2205 945 2342 997 alios
2399 960 2599 1013 eosque
2648 945 2910 1014 plurimos
2945 943 3264 1014 Dyrrhachii
3315 943 3562 998 custodia

309 1033 670 1101 periclitantis
701 1034 897 1087 iterum
934 1051 963 1088 a
995 1034 1162 1087 Gallis
1218 1034 1423 1088 deﬁxos
1478 1035 1562 1087 isti
1616 1034 1776 1087 limiti
1829 1036 1880 1087 in
1921 1036 2166 1089 excubiis
2207 1036 2508 1090 utilissimis
2543 1037 2796 1090 habebat.
2830 1036 2952 1090 llaec
2983 1051 3234 1101 cernens,
3301 1036 3414 1090 haec
3477 1053 3566 1090 re-

310 1132 526 1188 putans,
591 1123 717 1192 quid
766 1123 910 1177 aliud
959 1125 1254 1192 imperator
1306 1136 1514 1194 ageret,
1597 1140 1758 1193 quam
1811 1123 1953 1193 quod
1996 1126 2222 1192 urgebat
2273 1127 2504 1179 maxime
2559 1129 2610 1180 in
2671 1143 2736 1182 eo
2786 1129 3130 1196 procurando
3191 1136 3332 1181 totus
3395 1139 3558 1182 esset.

302 1214 601 1283 posteriora
657 1215 874 1268 interim
930 1217 1152 1270 duceret
1196 1217 1440 1270 caetera?
1498 1216 1880 1270 Parturiebant
1919 1233 2091 1271 ctecas
2120 1218 2338 1271 fraudes
2409 1220 2741 1288 rapinasque
2807 1235 2870 1272 ac
2903 1221 3040 1273 bella
3069 1221 3227 1274 solita
3256 1219 3554 1275 clanculum

301 1307 565 1375 parabant
621 1306 834 1360 ﬁnitimi
882 1309 1084 1362 circum
1139 1307 1387 1372 Barbari,
1444 1307 1577 1360 nihil
1629 1308 1872 1361 omnium
1913 1308 2154 1375 Augusto
2183 1308 2480 1361 nesciente.
2561 1307 2759 1361 Verum
2801 1309 2927 1378 quia
3004 1310 3209 1364 Gallico
3256 1313 3552 1383 discrimini

302 1410 466 1452 totam
497 1400 804 1467 impendere
836 1399 1229 1468 providentiam
1263 1401 1603 1460 decreverat,
1632 1399 1789 1453 donis
1854 1409 1908 1453 et
1980 1400 2332 1468 dignitatibus
2384 1398 2750 1453 Barbarorum
2817 1404 2981 1456 duces
3027 1400 3189 1472 435
3244 1405 3553 1470 occupavit.

305 1492 638 1558 redtunitque
672 1491 764 1544 illo
787 1493 954 1559 pretio
977 1491 1325 1544 securitatem
1352 1490 1420 1542 ab
1496 1505 1562 1544 eo
1634 1504 1835 1558 genere
1909 1490 2154 1558 periculi.
2203 1489 2399 1544 Totum
2449 1491 2645 1544 deinde
2688 1493 2928 1546 animum
2981 1508 3278 1562 omnesque
3330 1494 3396 1546 ad
3447 1496 3553 1548 vi.n

303 1583 578 1638 Gallorum
622 1584 998 1647 cohibendum,
1045 1585 1509 1651 continentlasquc
1551 1586 1619 1636 ab
1661 1583 1859 1650 injuria
1895 1585 2220 1652 cupiditates
2283 1567 2464 1636 vc'rtit.
2528 1586 2845 1653 Quanquam
2881 1596 2936 1640 et
2971 1588 3197 1642 subinde
3255 1596 3561 1654 respectare

303 1677 449 1729 illutn
483 1677 588 1730 alio
656 1692 874 1730 suorum
922 1676 1129 1730 insidiae
1175 1676 1579 1746 conjurantimn
1663 1685 1715 1729 et
1761 1687 1947 1744 operta
1992 1674 2327 1728 defectiones
2369 1676 2706 1730 molientium
2762 1677 2965 1730 scelera
3029 1679 3312 1743 cogebant.
3372 1677 3560 1744 Retine

297 1765 411 1819 ha-c
443 1764 672 1829 facilior,
704 1767 749 1818 si
783 1781 968 1819 verum
991 1765 1242 1830 latemur,
1271 1765 1352 1818 vel
1383 1765 1450 1819 ob
1479 1765 1872 1834 explorationis
1913 1763 2304 1830 diﬂicultatem,
2339 1767 2422 1819 vel
2475 1768 2543 1818 ob
2606 1766 2936 1821 anxietatem
3007 1768 3314 1824 dillidentize
3374 1767 3560 1823 cautio

296 1872 433 1917 erat.
463 1860 662 1917 Tamen
690 1862 778 1918 ille
807 1870 1026 1933 paratus
1060 1870 1220 1930 atque
1269 1875 1483 1928 semper
1511 1874 1801 1913 occurrens
1852 1858 1916 1912 ad
1957 1857 2104 1910 varia
2139 1857 2281 1911 velut
2311 1858 2610 1927 multiplex,
2643 1858 2709 1912 ad
2777 1860 2958 1912 omnia
3006 1876 3142 1912 unus
3216 1861 3510 1916 sttﬂiciebat
3541 1891 3557 1925 ε

294 1963 547 2008 eteterutn
627 1965 760 2024 quot
824 1956 1086 2009 aerumnis
1139 1954 1464 2022 Quantisque
1508 1951 1784 2005 laboribus
1834 1949 1939 2004 ista
1983 1947 2271 2002 indefessa:
2314 1949 2512 2018 vigiliae
2566 1950 2832 2015 custodia,
2892 1951 2987 2004 ista
3038 1969 3157 2005 sese
3205 1954 3270 2006 ad
3317 1953 3556 2007 omnium

291 2049 637 2101 occasionum
683 2063 812 2102 usus
843 2048 990 2101 varie
1042 2047 1344 2115 torquentis
1389 2052 1552 2111 atque
1603 2043 1856 2112 [ingentis
1900 2042 2156 2095 habilitas
2190 2041 2514 2107 prudentiie,
2556 2041 2630 2094 illi
2703 2044 3012 2096 constiterit
3057 2044 3178 2112 quis
3227 2061 3392 2114 queat
3475 2047 3558 2100 di-

293 2141 450 2195 cere?
479 2140 664 2195 Gallos
695 2141 911 2210 proprie
940 2141 1084 2208 quod
1104 2141 1298 2194 attinet
1339 2142 1486 2207 (nam
1523 2139 1627 2203 his,
1693 2149 1751 2191 ut
1811 2138 1947 2200 dixi,
1989 2137 2330 2206 potissimmn
2365 2137 2753 2206 invigilandum
2786 2139 3081 2203 statuebat,
3109 2150 3160 2194 et
3204 2157 3355 2194 more
3397 2147 3556 2214 periti

292 2232 509 2294 medici,
552 2246 673 2283 cum
702 2230 905 2283 nullam
943 2231 1240 2300 negligeret
1265 2229 1389 2282 mali
1425 2241 1658 2298 partem,
1724 2238 1904 2282 tamen
1987 2229 2036 2281 ei
2074 2242 2194 2294 quae
2226 2227 2581 2294 periculosius
2632 2238 2870 2298 urgeret,
2909 2230 3252 2284 curationem
3297 2234 3556 2289 adhiben-

291 2323 414 2376 dam
453 2324 709 2377 censebat
743 2322 1132 2390 attentiorem),
1164 2321 1394 2382 ‘Gallos,
1443 2321 1683 2388 inquam,
1723 2320 1864 2388 quod
1905 2317 2122 2381 attinet,
2207 2325 2347 2370 totos
2412 2316 2521 2370 illis
2550 2319 2834 2374 audiendis
2865 2318 3310 2388 alloquendisque
3352 2323 3556 2391 impen-

294 2411 458 2466 debat
488 2413 625 2466 dies.
663 2410 906 2466 Vidisses
936 2411 1110 2478 primo
1141 2409 1270 2465 solis
1301 2419 1488 2464 exortu
1538 2407 1864 2462 insidentem
1908 2407 2045 2462 solio
2094 2407 2420 2475 Augustum,
2451 2407 2621 2461 libera
2656 2424 2750 2475 per
2796 2425 2926 2465 suos
2969 2411 3108 2464 facta
3184 2409 3354 2466 Gallis
3425 2430 3554 2483 pro-

297 2507 500 2558 miscue
539 2506 790 2557 omnibus
825 2504 891 2557 ad
933 2517 992 2558 se
1024 2502 1255 2558 adeundi
1290 2509 1592 2571 potestate;
1649 2515 1773 2552 nam
1814 2509 1867 2553 et
1909 2499 2036 2567 quid
2061 2499 2362 2568 cogitarent
2388 2500 2584 2568 quidve
2609 2513 2868 2567 cuperent
2921 2516 3249 2572 cognoscere
3306 2506 3551 2571 protinus

293 2616 356 2653 ex
424 2599 552 2668 ipsis
621 2600 804 2652 auditu
867 2599 1140 2666 pra-scuti,
1194 2597 1492 2666 sagacitate
1543 2593 1868 2664 suspicionis
1947 2597 2111 2648 etiam
2181 2595 2319 2648 ultra
2353 2595 2496 2647 dicta
2527 2611 2695 2662 usque
2723 2596 2786 2649 ad
2825 2612 3017 2652 sensus
3045 2597 3548 2666 exploraturainti-

289 2704 427 2752 nios,
467 2689 568 2742 sibi
602 2689 666 2741 ad
717 2689 1164 2758 gubernationem
1220 2701 1398 2740 rerum
1455 2682 1543 2737 tali
1597 2692 1861 2751 tempore,
1900 2684 1982 2736 vel
2021 2683 2073 2735 in
2109 2683 2297 2749 primis
2329 2683 2458 2735 utile
2526 2685 2766 2751 putabat,
2817 2693 2872 2738 et
2951 2696 3134 2751 partes
3182 2689 3542 2754 persuadendi

287 2779 367 2832 eis
397 2795 514 2847 qua:
537 2781 840 2848 oportebat,
881 2781 1206 2846 eosdemque
1256 2765 1544 2832 revocandi
1601 2790 1630 2828 a
1683 2775 1859 2828 noxiis
1899 2774 1976 2826 rei
2009 2774 2266 2832 Romana
2291 2773 2553 2838 consiliis,
2586 2776 2689 2828 sibi
2760 2777 3128 2831 arbitrabatur
3189 2784 3544 2850 usurpandae;

286 2873 373 2924 vel
408 2871 601 2924 liducia
634 2887 744 2925 sua:
777 2871 1083 2940 praestantis
1151 2872 1206 2923 in
1245 2868 1473 2923 dicendo
1539 2865 1840 2930 facultatis,
1873 2880 1936 2918 ac
1976 2866 2184 2934 peritia:
2211 2867 2614 2944 tractandorum
2647 2866 2989 2936 animorum;
3045 2869 3127 2924 vel
3179 2874 3319 2940 quod
3370 2876 3552 2930 minus

287 2961 382 3016 alii
413 2972 780 3030 suppeterent,
817 2961 1013 3028 quibus
1061 2959 1126 3012 ad
1155 2975 1280 3023 eam
1333 2973 1444 3012 rem
1499 2957 1644 3020 fidei,
1707 2955 1864 3021 artis,
1906 2956 2270 3021 auctoritatis,
2305 2957 2438 3011 satis
2470 2959 2648 3011 inesse
2672 2959 2966 3014 videretur.
3035 2961 3336 3018 Utebantur
3388 2979 3552 3034 porro

287 3050 411 3106 data
465 3053 618 3119 copia
693 3052 914 3102 minime
959 3047 1259 3101 verecundi
1311 3047 1652 3114 maximeque
1693 3045 1905 3100 verbosi
1978 3045 2114 3100 Galli
2145 3047 2411 3112 comites;
2442 3057 2648 3103 etcum
2687 3058 2819 3119 quot
2851 3052 3045 3121 cuique
3086 3056 3307 3110 asseelis
3351 3057 3553 3111 libebat

286 3159 381 3198 ore
414 3143 505 3196 illo
531 3161 627 3196 suo
653 3144 788 3196 duro
818 3153 872 3197 et
910 3142 1092 3195 fronte
1117 3140 1335 3194 sublimi
1368 3143 1432 3194 ad
1469 3140 1851 3208 imperatorem
1895 3141 2220 3194 accedentes
2291 3140 2410 3210 ejus
2485 3156 2648 3196 aures
2698 3143 3070 3200 obtendebant
3114 3147 3423 3217 inexplebili
3473 3153 3554 3208 lo-

285 3240 582 3308 quaeitate,
636 3239 721 3291 cui
782 3236 1062 3290 materiam
1115 3237 1388 3304 praebebat
1437 3250 1714 3301 nunquam
1764 3233 2095 3288 defecturam
2162 3249 2281 3289 cum
2347 3235 2637 3290 familiaris
2698 3254 2762 3292 ac
2807 3254 2942 3307 pene
2987 3245 3246 3299 naturalis
3293 3246 3381 3300 isti
3460 3263 3561 3314 εξο-

286 3331 400 3382 neri
435 3329 780 3395 pecuniarum
815 3328 1021 3390 latncs;
1058 3336 1168 3379 tum
1205 3339 1360 3377 acres
1391 3333 1445 3376 et
1485 3322 1866 3377 inrevocabiles
1905 3325 1958 3377 in
2010 3324 2064 3377 id
2108 3338 2268 3378 omne
2311 3325 2456 3393 quod
2502 3327 2880 3394 concupierint
2928 3331 3181 3400 impetus,
3249 3351 3352 3402 qua
3425 3339 3552 3394 dote

286 3421 432 3475 velut
461 3419 562 3474 sibi
597 3420 812 3487 propria
845 3417 1119 3472 Gallorum
1152 3431 1283 3486 gens
1319 3433 1480 3485 supra
1517 3431 1707 3470 omnes
1755 3426 1984 3470 caeteras
2050 3417 2288 3471 excellit.
2361 3416 2474 3473 Hoc
2545 3421 2706 3476 modo
2773 3425 2862 3490 qui
2913 3424 3063 3492 prior
3109 3411 3226 3480 erat
3277 3429 3552 3499 ingressus

290 3517 645 3571 tmnultuario
718 3526 772 3569 et
828 3517 950 3570 sine
1002 3513 1338 3576 reverentia,
1393 3511 1482 3564 ubi
1541 3510 1871 3565 otiosissime
1916 3524 2252 3578 quaecunque
2302 3511 2358 3563 in
2401 3512 2622 3566 burcattt
2694 3526 2954 3570 venerant
3030 3517 3317 3585 etTntierat,
3367 3528 3552 3581 aderat

287 3605 426 3658 alter
491 3606 582 3674 qui
644 3605 760 3658 sine
827 3603 1115 3658 intervallo
1157 3600 1504 3668 succederet;
1575 3602 1802 3655 ethunc
1855 3598 2158 3663 excipiebat
2221 3603 2414 3654 tertius
2465 3615 2689 3670 quartus
2743 3619 2806 3659 ac
2857 3606 3056 3674 plures.
3111 3609 3401 3682 Deinceps,
3457 3634 3549 3686 qu,

288 3701 439 3755 nullo
502 3701 886 3767 interspirandi
958 3701 1132 3767 spatio
1177 3699 1494 3767 imperatori
1547 3699 1693 3760 dato,
1741 3696 2038 3764 pergebant
2066 3696 2322 3750 miserum
2395 3699 2628 3753 obruere
2670 3701 2901 3768 quadam
2976 3706 3152 3761 eluvie
3194 3709 3388 3765 infiniti
3442 3729 3547 3771 non

287 3796 467 3848 minus
501 3811 661 3861 quam
718 3791 1060 3860 incompositi
1110 3791 1401 3844 sermonis.
1457 3787 1639 3857 Neque
1684 3788 1853 3852 enim,
1932 3788 2072 3856 quod
2133 3787 2441 3842 rhetoribus
2494 3782 2946 3859 praescribebatur
2995 3797 3143 3860 olim,
3208 3801 3275 3852 ad
3351 3818 3546 3873 aquam

288 3905 353 3943 ac
410 3890 750 3958 clepsydram
811 3887 1023 3941 chendi
1083 3896 1296 3954 tempus
1353 3885 1738 3948 metiebantur,
1772 3885 1866 3938 sed
1902 3882 2082 3951 quivis
2156 3883 2298 3937 inter
2362 3898 2457 3937 eos
2487 3885 2650 3938 etiam
2679 3886 2744 3939 de
2773 3886 2930 3956 vulgo
2964 3887 3044 3942 l'as
3076 3890 3177 3944 sibi
3221 3908 3344 3949 esse
3388 3886 3547 3966 puta-

287 3986 380 4038 bat
407 3986 646 4054 quandiu
668 3999 899 4052 eumque
924 3982 1578 4049 velletcumﬁmperatore
1638 3978 1898 4046 colloqui.
1977 3977 2128 4042 Quod
2190 3978 2407 4047 quidem
2466 3979 2537 4032 ita
2601 3981 2939 4049 ttsurpabaut
3007 3982 3254 4041 homines
3301 3992 3391 4059 qui
3447 4007 3545 4045 nec

287 4082 503 4149 agendi,
564 4094 660 4133 nec
715 4078 966 4148 loquendi
1032 4079 1245 4131 modum
1296 4083 1541 4139 nossent,
1596 4085 1653 4128 ut
1711 4073 1860 4128 nullo
1937 4082 2182 4142 respectu
2231 4078 2512 4142 praesentis
2557 4075 2878 4146 maiestatis,
2943 4079 3088 4133 milio
3133 4082 3325 4151 elapsae
3377 4089 3541 4144 tione.

289 4184 386 4228 aut
457 4175 598 4228 taedii
649 4171 1121 4228 circumstantium
1190 4169 1340 4222 vultu
1390 4178 1444 4222 et
1491 4178 1711 4236 aspectu
1762 4167 2048 4232 declarati,
2131 4169 2343 4222 ratione
2409 4169 2612 4234 habita,
2665 4186 2832 4238 usque
2874 4169 3142 4225 haererent
3187 4174 3433 4230 instando
3483 4183 3548 4231 at:

284 4271 638 4343 petitionibus
668 4267 958 4332 iterandis;
997 4280 1096 4324 nec
1133 4262 1588 4325 consideratione,
1635 4259 1730 4314 sed
1762 4261 2036 4324 satietate,
2065 4261 2241 4314 locum
2276 4261 2398 4316 aliis
2427 4263 2707 4318 cederent.

360 4367 435 4418 Τὸ
464 4363 624 4415 λάλον
656 4360 712 4413 δε
742 4359 949 4412 τούτων
1001 4357 1098 4410 καὶ
1143 4355 1462 4426 Θηρευτικὸν
1507 4355 1602 4407 καὶ
1633 4370 1855 4423 σμικρο-

1971 4390 1973 4392 -
2043 4355 2219 4409 Morcs
2270 4367 2598 4425 naturasque
2659 4356 2841 4411 varias
2903 4358 3142 4426 gentium
3215 4359 3546 4426 cenjccturis

285 4459 445 4526 λόγον
472 4457 580 4508 τῶν
635 4453 833 4516 λέξεων
872 4454 1102 4512 ἅπαντες
1136 4449 1234 4519 μὲν
1262 4450 1441 4501 ἴσασιν
1474 4447 1692 4509 ὁπόσοις
1715 4446 1865 4516 ὴθῶν

290 4547 596 4617 ἀνθρώπων
656 4545 812 4614 μέλει
849 4541 1380 4611 καταστοχάζεσθαι.
1435 4538 1574 4601 Τοὺς
1622 4538 1676 4588 δὲ
1735 4539 1859 4590 τότε

283 4642 564 4709 παρόντας
599 4637 997 4708 ἁκριΰὲστερον
1034 4637 1066 4705 ἡ
1096 4636 1262 4701 πεῖρα
1287 4631 1555 4698 δεδίδαχε.
1593 4629 1705 4680 Καὶ
1750 4628 1860 4697 γὰρ

281 4736 422 4786 ἐπὰν
454 4732 668 4802 ἑσπέρα
717 4729 1038 4788 καταλάϐοι,
1094 4726 1280 4785 ἄσιτος
1335 4723 1403 4775 δι’
1460 4723 1590 4788 ὅλης
1644 4719 1858 4788 ἡμέρας

1975 4447 2160 4502 venari
2191 4463 2253 4501 ac
2285 4447 2540 4515 colligere
2579 4448 2796 4515 quidam
2827 4448 3040 4513 solent;
3071 4451 3135 4502 de
3172 4449 3270 4501 hac
3314 4448 3541 4515 Gallica,

1970 4541 2060 4608 qui
2087 4538 2564 4606 Constantitmpoli
2597 4548 2708 4590 tum
2757 4539 2924 4597 fuere,
2965 4553 3158 4590 omnes
3203 4538 3336 4591 satis
3378 4554 3540 4605 expe-

1972 4630 2164 4680 rientia
2217 4635 2558 4692 compertum
2613 4626 2811 4678 habent
2855 4624 3018 4695 436
3055 4641 3175 4678 esse
3227 4626 3368 4676 illam
3426 4636 3537 4677 tum

1970 4717 2483 4785 proﬂuentissimam
2537 4715 2854 4778 Verborum;
2899 4725 3008 4767 tum
3063 4725 3237 4768 astuta
3286 4716 3532 4768 eamdem
3620 4757 3628 4764 ,

1320 4839 1461 4898 Car.
1497 4832 1822 4893 Dufresnii
1862 4834 1960 4893 Du
1997 4830 2219 4906 Caugii
2256 4839 2444 4889 notte.

284 4965 334 5006 et
377 4950 742 5020 magniloquos
781 4937 1430 5020 perstringit:‘ll‘ritouuin
1469 4934 1858 5020 nrtnoricano.

284 5004 404 5074 rum
439 5004 805 5087 giirrttl'itaten't
841 5004 1058 5087 sugillat
1085 5011 1284 5087 Glaber
1311 5004 1444 5083 Had.
1487 5007 1578 5055 lib.
1600 5018 1854 5087 .t‘t‘.”cap,

283 5071 842 5154 i5i—rNr’ormannorum
905 5071 1188 5154 Mattlimus
1222 5078 1394 5154 Palis,
1435 5090 1536 5153 an.
1580 5071 1760 5154 .ll97,
1804 5081 1854 5122 et

285 5141 592 5215 ‘Villeltittis
626 5158 794 5215 Britn,
831 5156 922 5206 lib.
957 5169 984 5203 v
1027 5149 1263 5218 Philipp.
1280 5141 1855 5218 Provincialesnetiant

679 5209 853 5292 carpit
887 5209 1329 5292 Giiiliet‘tus,'lil).
1367 5229 1426 5275 tt,
1457 5227 1576 5279 cap.
1629 5209 1854 5292 muniti

286 5279 688 5353 'c'aniiuiuio
719 5279 1126 5360 Sinta’gidiano
1169 5279 1198 5340 :7
1223 5283 1354 5360 Erat
1383 5292 1560 5333 autem
1596 5279 1852 5360 .prtttfatis.

287 5381 480 5422 nostris
509 5370 828 5436 principibus
849 5358 1008 5436 utiuti:
1036 5358 1316 5436 maturior,
1351 5361 1399 5431 et
1433 5359 1725 5436 eaerulus,

285 5420 541 5505 quantum
576 5441 640 5487 (ιιι
674 5420 916 5504 ρηννηιυδ
957 5430 1222 5482 hominum
1252 5420 1649 5505 provittcialltunt
1681 5433 1850 5505 more:

285 5491 508 5575 spectat,
536 5491 930 5570 nullf'inlertor.
964 5506 1160 5575 llorpm
1198 5507 1374 5572 mores
1400 5491 1666 5575 graphice
1687 5491 1849 5564 etiam

289 5559 578 5646 descripsit.
632 5588 687 5628 ct
749 5559 1352 5646 expressitnGervasius
1416 5559 1848 5646 Τιιουρτιοιιξξξξ.

290 5635 531 5701 Οίέοιηιίη
572 5649 756 5713 imper.
795 5635 886 5698 lib.
923 5658 988 5694 ιι.
1028 5637 1120 5689 Est
1154 5635 1288 5686 enim
1317 5647 1436 5699 gens
1468 5644 1622 5699 quam
1652 5642 1865 5694 pravam.

608 5742 840 5802 PATROL
857 5778 876 5801 .
918 5735 1034 5795 Gn.
1075 5730 1342 5791 (l‘iXXl.

1957 4929 2144 4982 cialent
2201 4930 2564 4995 appellamus,
2615 4926 2831 4980 consilio
2894 4929 3198 4995 perspicax,
3262 4929 3539 4990 promissis

1957 4998 2149 5068 fallax,
2183 5015 2332 5068 nitere
2367 5015 2483 5050 cum
2522 4997 2628 5049 vult
2660 4997 2877 5063 efﬁcax,
2931 5000 3044 5068 sine
3095 5014 3362 5051 armorum
3409 5017 3540 5067 pun-

1957 5071 2075 5122 dere
2108 5067 2380 5128 bellicosa,
2433 5084 2524 5136 pro
2557 5083 2652 5118 sua
2677 5076 2989 5132 paupertate
3018 5067 3070 5117 in
3100 5069 3324 5120 cibando
3354 5069 3533 5136 larga.

1959 5141 2009 5189 in
2042 5138 2271 5188 nocendo
2313 5135 2592 5199 insidiosa,
2641 5138 2776 5186 inter
2819 5139 3009 5199 probra
3068 5140 3360 5200 taciturna,
3414 5135 3534 5193 cum

1958 5209 2103 5259 locus
2137 5217 2223 5258 aut
2267 5214 2466 5273 tempus
2506 5208 2729 5270 suppetit
2785 5205 3066 5272 malefacta
3090 5218 3362 5270 memorat,
3400 5209 3534 5260 bello

1961 5278 2134 5327 navali
2191 5278 2568 5342 circuitispecttt
2602 5283 2648 5325 et
2685 5275 2985 5338 virturioaa,
3019 5277 3208 5330 caloris
3241 5279 3444 5344 patiens
3476 5295 3537 5328 ac

1961 5346 2196 5413 frigoris,
2228 5344 2408 5410 (antis,
2461 5359 2520 5394 ac
2570 5345 2897 5404 saturittttt's,
2956 5360 3077 5412 gens
3129 5348 3181 5397 in
3237 5347 3536 5397 substantia

1961 5416 2154 5486 tenuis,
2178 5414 2301 5480 quin
2329 5415 2457 5473 rult,
2483 5422 2531 5464 et
2565 5413 2894 5467 abundantia
2917 5415 3060 5480 pacis
3090 5415 3302 5486 afﬂuens
3328 5415 3537 5486 quando

1965 5485 2091 5538 uult.
2121 5483 2174 5536 Si
2206 5485 2484 5536 Dominum
2537 5485 2840 5536 continuum
2864 5485 3075 5536 haberet
3124 5483 3280 5552 quem
3311 5485 3535 5552 timeret,

1965 5556 2112 5608 nulla
2164 5569 2284 5623 gens
2332 5555 2486 5606 citius
2535 5552 2863 5619 frangeretur
2913 5553 2979 5604 ad
3013 5549 3223 5612 bonum,
3277 5566 3364 5604 nec
3400 5549 3532 5612 ulla,

1964 5624 2087 5694 quia
2123 5641 2222 5677 ltult
2251 5634 2326 5677 est
2363 5642 2392 5676 tt
2430 5638 2528 5676 atto
2566 5633 2774 5677 reantur
2834 5623 2900 5675 atl
2930 5624 3143 5674 malum.

3105 5713 3176 5774 34
