3998 6206
209 347 216 352 -
279 309 415 375 1069

1491 313 1904 373 ALEXIADIS
1937 313 2085 374 LIB.
2117 313 2278 374 XIV.

3391 318 3522 383 1070

273 431 369 484 εἶτ’
404 428 560 491 αὖθις
588 420 745 492 οὗτος
785 428 866 490 είς
898 427 1104 499 ἕτερον.
1131 427 1240 480 Καὶ
1269 423 1335 498 ἦν
1373 427 1471 498 μὲν
1502 430 1558 480 ιν
1610 427 1850 497 διαλειμ-

1956 429 2178 492 durans,
2213 443 2241 481 a
2273 441 2496 497 veSpcra
2526 430 2722 498 sarpius
2751 430 2817 485 ad
2851 443 3064 490 noctem
3103 435 3357 501 mediam,
3385 456 3530 509 saepe

277 539 411 594 μασι
475 519 682 584 τούτοις
749 523 780 590 ἡ
827 521 1040 584 στάσις.
1101 520 1161 573 Ὀ
1205 520 1262 573 δὲ
1306 521 1404 590 τὴν
1458 521 1648 572 στάσιν
1703 515 1848 588 εἶχεν

277 611 582 684 ἀπέραντον
611 612 773 681 μέχρι
827 611 1053 680 πρώτης
1088 611 1416 682 ἢ.δευτέρας
1469 611 1850 679 ἀλεκτοροφω-

275 704 416 764 νίας.
447 704 658 771 Μικρὸν
696 702 740 753 δ’
768 703 1191 771 ἀναπαυόμενος
1221 703 1374 771 ἡλίου
1413 703 1573 756 πάλιν
1602 703 1848 772 ἀνίσχον-

273 810 364 855 τος
396 793 489 844 ἐπὶ
519 791 612 845 τοῦ
650 792 842 859 θρόνου
876 793 1120 861 καθῆστο
1150 833 1164 857 ,
1188 795 1280 846 καὶ
1315 794 1474 848 πάλιν
1495 794 1674 863 ἕτεροι
1697 794 1850 845 πόνοι

275 887 372 938 καὶ
404 884 616 952 ἀγῶνες
658 885 839 937 διπλοῖ
867 887 991 946 τοὺς
1028 887 1375 956 νυκτερινοὺς
1409 886 1649 948 ἐκείνους
1681 886 1852 938 διαδε-

273 978 519 1047 χόμενοι.
566 977 663 1030 Ἐκ
685 976 889 1047 ταύτης
931 977 1222 1045 τοιγαροῦν
1265 979 1364 1046 τῆς
1398 979 1578 1040 αἰτίας
1620 981 1654 1046 ἡ
1688 977 1847 1048 ὀδύνη

1618 1069 1847 1122 Ἔκτοτε

272 1160 329 1212 δὲ
362 1163 525 1230 μέχρι
573 1159 764 1223 τέλους
811 1162 880 1213 ἐκ
927 1161 1322 1231 διαστημάτων
1366 1162 1528 1213 τινῶν
1580 1163 1850 1230 χρονικῶν

272 1251 435 1320 ἐπῄει
462 1252 522 1302 τὸ
552 1251 734 1320 ῥεῦμα
759 1251 955 1319 ὀδύνην
987 1253 1191 1319 ἐπάγον
1238 1251 1492 1319 ἔφυδρον.
1550 1253 1607 1305 Ὀ
1652 1253 1709 1305 δὲ
1757 1270 1848 1305 το-

275 1343 469 1394 σοῦτον
514 1342 870 1411 ἐγκαρτεριῖω
917 1338 1006 1405 ἦν,
1055 1342 1130 1405 ὡς
1167 1344 1438 1412 μηδέποτε
1475 1344 1845 1410 γογγυστικὺν

271 1435 454 1485 εἰπεῖν
491 1434 661 1502 ῥῆμα,
703 1433 839 1484 ἀλλὰ
867 1434 927 1484 τὸ
960 1433 1129 1499 ἀξίως
1161 1436 1410 1502 πάσχων
1444 1436 1725 1502 Εὐλόγως
1745 1452 1848 1502 μοι

269 1525 460 1576 ταῦτα
500 1525 722 1591 γίνεται
751 1524 850 1576 διὰ
882 1523 998 1589 τὴν
1025 1523 1144 1576 τῶν
1174 1524 1332 1594 ἐμῶν
1369 1523 1668 1591 ἁμαρτιῶν
1691 1529 1851 1590 πλη-

271 1615 408 1667 θύν.
445 1615 504 1666 ΕΞ
530 1613 624 1666 καί
662 1631 762 1666 που
786 1614 840 1666 δὲ
870 1616 979 1666 τῶν
1010 1613 1233 1682 χειλέων
1268 1615 1431 1667 αὐτοῦ
1469 1615 1619 1684 ῥῆμα
1655 1633 1850 1685 μικροι

267 1706 471 1773 ψυχίας
504 1706 928 1775 ὲκδεδραμήκει.
955 1705 1117 1768 εὐθὺς
1136 1707 1211 1776 τῷ
1239 1707 1334 1758 τοῦ
1366 1707 1608 1772 σταυροῦ
1637 1708 1852 1778 σημείῳ

268 1795 416 1846 κατὰ
466 1794 557 1846 τοῦ
606 1796 946 1866 παλαμναίου
976 1797 1175 1866 ἐχρῆτο
1219 1796 1489 1867 δαίμονος,
1528 1800 1736 1868 Φεῦγε,
1771 1800 1857 1851 λέ-

267 1901 406 1951 γων,
447 1885 518 1949 ἐξ
555 1886 724 1954 ἐμοῦ,
762 1885 1029 1954 πονηρέ·
1061 1888 1200 1940 οὐαί
1245 1904 1345 1940 σοι
1376 1887 1477 1940 καὶ
1526 1888 1654 1954 τοῖς
1703 1887 1855 1942 κατὰ

265 1977 391 2031 τῶν
443 1979 820 2046 Χριστιανῶν
875 1979 1353 2049 μηχανήμασιν]
1420 1980 1580 2033 Ἀλλὰ
1635 1982 1702 2034 τὰ
1757 1982 1855 2050 μὲν

261 2071 367 2139 τῆς
422 2071 531 2123 τῶν
603 2072 780 2125 ποδῶν
862 2072 1154 2141 ἀλγηδόνος
1213 2073 1412 2135 ἱκανῶς
1487 2074 1621 2142 ἡμῖν
1697 2075 1858 2144 εἰρή-

265 2162 384 2214 σθω
438 2164 506 2214 τὰ
563 2162 681 2217 νῦν.
727 2165 790 2216 El
832 2164 887 2215 δέ
940 2181 1024 2226 τις
1070 2166 1137 2233 τῇ
1179 2165 1318 2232 νόσῳ
1355 2163 1529 2234 ταύτῃ
1560 2165 1852 2234 συνήρατο,

263 2253 378 2303 κάκ
421 2251 514 2304 τοῦ
574 2251 938 2318 κερασθέντος
987 2250 1162 2319 τούτῳ
1195 2251 1394 2320 μεστοῦ
1433 2251 1660 2321 πικρίας
1719 2267 1855 2320 κρα-

259 2343 458 2411 τῆρος,
519 2342 701 2403 καθὼς
757 2345 812 2394 ἐν
869 2341 1069 2409 ὀλίγοις
1129 2341 1579 2411 ἐνσημανούμεο,
1627 2342 1715 2393 ἴνα
1779 2340 1854 2410 μὴ

260 2432 417 2498 λέγω
443 2431 504 2482 τὸ
552 2432 684 2494 πᾶν,
719 2429 814 2482 καὶ
847 2428 946 2492 τὰς
993 2429 1292 2499 ἀλγηδόνας
1328 2427 1646 2497 συνηύξανε,
1685 2426 1789 2478 κᾶν
1818 2429 1849 2492 ἡ

267 2522 488 2591 βασιλὶς
537 2520 714 2589 μέλιτι
752 2520 844 2572 τὸν
875 2520 1130 2589 κρατῆρα
1157 2521 1520 2589 περιχρίουσα
1560 2521 1627 2574 τὰ
1676 2519 1848 2572 πολλὰ

261 2611 655 2664 διολισθαίνειν
687 2611 795 2662 τῶν
830 2610 1016 2665 κακῶν
1045 2612 1384 2680 ἐμηχανᾶτο,
1417 2609 1596 2677 φύλαξ
1617 2608 1853 2662 ἀνύστα-

266 2719 410 2763 κτος
460 2701 556 2753 τοῦ
606 2703 1009 2771 αὐτοκράτορος
1080 2698 1238 2767 οὖσα,
1312 2700 1706 2772 προσερρίφοω
1757 2701 1853 2754 καὶ

256 2790 424 2856 οὗτος
451 2795 529 2863 τῷ
558 2794 724 2864 λόγῳ,
759 2797 853 2847 καὶ
883 2795 1024 2848 ἔστω
1056 2797 1216 2864 τρίτη
1251 2812 1337 2857 τις
1369 2795 1519 2847 αἰτία
1563 2793 1664 2861 τῆς
1690 2794 1849 2845 νόσου

262 2887 366 2940 τοῦ
404 2887 696 2956 βασιλέως,
733 2888 794 2940 οὐ
840 2884 1312 2957 προκαταρκτικὴ
1368 2887 1556 2956 μόνον,
1595 2885 1728 2938 ἀλλὰ
1757 2886 1852 2939 καὶ

262 2979 718 3048 συνεκτικωτάτη
775 2979 918 3032 κατὰ
963 2979 1092 3041 τοὺς
1130 2979 1327 3041 παῖδας
1358 2979 1466 3030 τῶν
1503 2978 1708 3047 ἰατρῶν
1737 2994 1751 3009 ⁸
1787 2978 1848 3030 οὐ

272 1071 380 1121 τῶν
418 1068 590 1120 ποδῶν
647 1069 947 1139 ἐνσκήπτει
981 1069 1073 1121 τοῦ
1119 1071 1544 1141 αὐτοκράτορος.

1953 521 2020 570 ad
2057 519 2275 572 tertium
2305 519 2664 588 gallicinium,
2718 523 2990 579 interdum
3037 543 3205 598 usque
3249 532 3314 584 ad
3377 533 3529 587 albe-

1956 624 2111 663 scens
2145 624 2173 661 a
2200 609 2312 663 sole
2343 611 2602 666 redeunte
2651 615 2844 667 C(Bltlttt
2896 615 3383 686 disceptationibus
3427 625 3530 678 im-

1956 697 2180 752 modicis
2209 713 2390 762 aures,
2418 701 2679 766 animum,
2707 719 2889 758 vocem
2930 709 3203 776 praebebat
3248 713 3313 766 ad
3345 730 3530 771 omnes
3617 749 3632 754 --

1956 793 2130 844 undas
2161 791 2390 846 subinde
2425 794 2827 849 succedentium
2869 814 3008 854 unus
3061 801 3274 868 objectu
3311 820 3527 874 semper

1955 880 2129 933 Solido
2158 880 2452 936 suiliciens.
2488 880 2640 938 Unus
2675 886 2831 954 plane
2862 905 2876 952 ;
2917 905 3038 942 nam
3075 892 3374 948 aulicorum
3401 913 3532 964 pra:-

1958 971 2364 1026 torianorumve
2394 988 2618 1039 prorsus
2645 989 2763 1031 erat
2797 996 2952 1032 nemo
2981 982 3073 1050 qui
3126 987 3305 1038 standi
3354 989 3529 1041 conti-

1956 1065 2215 1119 nuatione
2272 1082 2376 1120 non
2429 1066 2727 1126 fatisceret.
2778 1072 3031 1141 Plerique
3091 1077 3254 1146 igitur
3299 1082 3528 1136 subinde

1956 1153 2256 1210 dilabentes
2308 1159 2495 1212 furtim
2534 1161 2730 1215 alicubi
2795 1167 3243 1234 procumbebant,
3295 1175 3529 1239 quieturi

1955 1242 2254 1309 paululum,
2289 1262 2409 1299 mox
2452 1263 2572 1301 sese
2609 1250 2726 1302 loco
2753 1253 3005 1317 perinviti
3041 1257 3279 1324 quidem,
3324 1277 3384 1313 ac
3423 1280 3528 1316 non

1957 1331 2057 1385 nisi
2089 1332 2266 1388 cilicio
2303 1349 2546 1404 cogente,
2600 1340 2887 1397 reddituri.
2931 1343 3031 1409 Qui
3070 1362 3197 1404 vero
3245 1351 3531 1406 ministerii

1959 1424 2286 1476 necessitate
2315 1440 2378 1477 ac
2407 1427 2734 1481 verecundia
2771 1435 2967 1498 retenti
2999 1437 3333 1504 perstabant,
3366 1442 3398 1493 ii
3449 1444 3533 1496 al-

1958 1521 2133 1565 lerunt
2165 1513 2220 1567 in
2253 1515 2439 1584 pedem
2477 1517 2841 1574 alternatioue
2873 1525 3104 1581 subinde
3133 1539 3337 1583 mutata
3387 1535 3532 1587 inni-

1959 1603 2249 1670 tcbantur;
2279 1606 2494 1673 quidam
2543 1610 2869 1666 sessitabant
2921 1616 3173 1686 uspiam;
3227 1622 3316 1674 alii
3371 1635 3535 1692 caput

1959 1706 2107 1750 certe
2162 1697 2482 1753 lassitudine
2534 1712 2588 1755 et
2643 1707 2818 1757 sonmi
2890 1711 3190 1764 tentatione
3251 1713 3529 1780 inﬂexum,

1960 1785 2145 1838 cubito
2176 1789 2253 1840 rei
2284 1788 2468 1841 solida:
2505 1788 2688 1843 innixa
2719 1794 3089 1864 sustinebant;
3126 1810 3399 1867 postremo
3425 1821 3530 1858 non

1959 1875 2182 1930 deerant
2216 1872 2305 1946 qui
2338 1881 2711 1948 apprimentes
2737 1900 2793 1937 se
2828 1889 3018 1953 parieti
3055 1891 3313 1946 sessionis
3343 1911 3534 1962 quern-

1957 1967 2078 2022 dam
2113 1985 2268 2024 usuur
2305 1971 2446 2025 mole
2476 1975 2724 2040 corporis
2757 1975 2808 2028 in
2840 1974 3070 2031 fulcrum
3103 1996 3401 2058 exonerata
3452 1986 3536 2040 fu-

1958 2069 2243 2126 rarentur;
2273 2073 2463 2132 vegeto
2489 2062 2708 2117 interim
2748 2066 2813 2120 ad
2842 2070 3023 2121 omnia
3055 2081 3109 2124 et
3139 2073 3276 2126 velut
3315 2091 3534 2131 recente

1958 2166 2172 2219 semper
2204 2153 2448 2221 Augusto
2499 2167 2814 2223 apparente,
2859 2159 3012 2226 cuius
3060 2161 3179 2216 ideo
3220 2162 3532 2222 ﬁrmitatem

1957 2243 2196 2311 pectoris
2227 2250 2280 2296 et
2306 2243 2608 2297 tolerantiae
2638 2247 2805 2300 robur
2857 2248 3191 2306 incredibilis
3239 2269 3359 2322 qua:
3399 2260 3534 2311 satis

1966 2334 2266 2402 praedicare
2300 2344 2465 2402 queat
2510 2336 2722 2390 oratio?
2747 2337 3003 2394 Tumultu
3047 2343 3198 2396 vario
3246 2345 3536 2402 terrebant

1955 2423 2065 2477 late
2098 2436 2328 2488 cuneta;
2361 2427 2514 2480 tttrba
2549 2427 2808 2482 bulliebat
2834 2432 3037 2485 circum
3085 2435 3301 2504 ingens;
3361 2439 3533 2494 multa

1955 2515 2117 2570 simul
2150 2533 2340 2572 omnes
2362 2521 2672 2587 garriebant
2708 2537 2803 2588 pro
2849 2540 2906 2577 se
2959 2526 3212 2596 quisque,
3265 2540 3426 2600 atque
3475 2543 3534 2588 ut

1955 2605 2222 2662 llomerus
2274 2609 2456 2675 habet,
2505 2612 2706 2665 mistim
2774 2613 2948 2670 fracto
3006 2619 3151 2672 velut
3185 2624 3532 2690 graculorum

1957 2714 2232 2754 murmure
2291 2702 2404 2754 sine
2461 2702 2563 2766 ﬁne
2619 2704 2832 2758 modove
2895 2707 3209 2775 fremebant.
3283 2713 3534 2785 Singulos

1954 2788 2248 2871 fabulando
2276 2792 2655 2862 iurgandoque
2686 2795 2860 2852 lassos
2914 2801 3142 2869 ideoque
3196 2805 3531 2871 recedentes,

1955 2867 2306 2950 excipiebant
2342 2895 2592 2940 recentes
2642 2886 2756 2952 alii,
2817 2898 2871 2942 et
2907 2890 3007 2957 ipsi
3055 2867 3218 2960 longo
3264 2867 3533 2965 colloquio

1922 2977 2137 3030 .verbis
2172 2977 2457 3030 exhaustis
2513 2994 2680 3032 novos
2725 2995 2824 3034 nec
2863 2981 3041 3036 minus
3084 2983 3359 3052 linguosos
3410 3003 3536 3042 suc-

257 3071 374 3141 γὰρ
408 3070 666 3134 καθάπαξ
703 3069 1171 3141 προσκεκρουκὼς
1229 3071 1442 3132 ἐκεῖνος
1503 3069 1674 3139 ἀπῆν,
1712 3068 1850 3121 ἀλλὰ

1955 3082 2202 3122 cessores
2233 3067 2396 3139 437
2432 3069 2689 3123 habituri.
2727 3069 2881 3126 Vices
2913 3088 3044 3142 ergo
3079 3076 3211 3142 ipsis
3257 3086 3310 3129 et
3356 3081 3532 3146 spalia

256 3168 571 3234 συμπαρῆν
599 3167 693 3216 καὶ
721 3163 1222 3233 συμπαρωμὰρτει,
1247 3162 1324 3236 ὡς
1370 3164 1429 3214 ἐν
1458 3165 1569 3224 τοῖς
1599 3162 1849 3230 ἀγγείοις

254 3255 314 3310 ei
347 3254 708 3324 πονηρότατοι
743 3253 852 3304 τῶν
881 3251 1072 3320 χυμῶν
1100 3266 1114 3280 ⁸
1146 3251 1346 3320 μᾶλλον
1373 3249 1429 3302 δὲ
1464 3250 1614 3312 εἴτις
1640 3251 1720 3310 εἰς
1750 3249 1851 3319 τὴν

256 3344 482 3399 ἐκείνου
516 3345 678 3413 φύσιν
710 3343 949 3405 ἀπεῖδεν,
975 3342 1034 3394 οὐ
1070 3341 1231 3411 μόνον
1253 3339 1402 3392 αἰτία
1427 3339 1738 3408 νοσήματος
1758 3334 1845 3406 ἦν,

261 3438 410 3492 ἀλλὰ
473 3440 568 3491 καὶ
604 3438 868 3508 ἄντικρυς
917 3435 1133 3502 νόσημα
1177 3433 1274 3484 καὶ
1325 3431 1633 3502 βαρύτατον
1711 3431 1854 3498 σύμ.-

254 3547 490 3598 πτωμα.

1950 3158 2200 3213 cessandi
2231 3171 2422 3224 erant;
2459 3160 2702 3229 Augusto
2736 3162 3123 3231 ittlerspiraltdi
3161 3181 3313 3219 mora
3343 3168 3488 3222 nulla
3515 3186 3531 3234 ;

1954 3249 2006 3302 in
2041 3249 2271 3318 vestigio
2304 3250 2351 3305 ei
2387 3253 2737 3319 perstandum
2770 3268 2797 3304 a
2833 3254 3007 3322 prima
3041 3254 3158 3312 face
3186 3260 3252 3316 ad
3296 3261 3531 3328 primum

1955 3342 2253 3396 alterumve
2285 3342 2410 3412 galli
2439 3357 2686 3397 cantum.
2729 3343 2879 3399 Tunc
2918 3358 3136 3414 gustato
3185 3364 3379 3406 somno
3415 3369 3534 3408 mo-

1958 3432 2100 3496 dico,
2143 3433 2253 3486 sole
2289 3449 2476 3486 rursus
2520 3434 2732 3488 oriente
2763 3451 2819 3488 se
2853 3437 3110 3492 reddebat
3149 3443 3345 3494 tltrono
3389 3454 3444 3498 et
3475 3445 3528 3497 in

1966 3524 2152 3574 orbem
2190 3521 2462 3575 hesterna:
2513 3525 2876 3579 contentionis
2931 3529 3160 3591 redibat.
3204 3533 3390 3586 eadeut
3443 3534 3534 3588 ille

253 3627 482 3698 quidem
520 3627 568 3680 vi
609 3625 818 3692 animi;
848 3625 940 3678 sed
972 3620 1202 3675 firmitas
1254 3618 1500 3688 corporis
1544 3616 1854 3671 continuata
1895 3615 2102 3671 diurna:
2135 3625 2524 3686 nocturnaeque
2592 3620 2850 3676 molestia:
2892 3622 3084 3690 injuria
3156 3623 3534 3694 languescens,

257 3719 622 3778 eﬂiciebatut
666 3720 826 3788 duplo
859 3718 973 3773 fere
1030 3716 1249 3787 gravior
1301 3714 1364 3767 ad
1417 3727 1636 3768 sensum
1684 3712 2034 3780 experientiae
2098 3712 2249 3765 labor
2297 3711 2571 3766 videretur
2642 3714 2686 3767 is
2753 3716 2842 3783 qui
2917 3726 2991 3768 tot
3069 3717 3179 3786 jam
3247 3721 3535 3774 exatttlatis

257 3814 666 3881 Superveniret.
702 3811 827 3866 llaec
889 3811 1127 3865 maxime
1186 3821 1348 3862 causa
1402 3805 1634 3859 intendit
1678 3804 2127 3872 conﬁrmavitque
2186 3803 2496 3871 imperatori
2561 3803 2801 3858 dolorem
2867 3806 3087 3874 pedum,
3134 3809 3222 3876 qui
3275 3809 3531 3877 deinceps

257 3921 372 3960 non
406 3905 614 3959 destitit
644 3905 707 3954 ad
743 3903 900 3956 linem
939 3916 1110 3972 usque
1145 3902 1310 3954 certis
1329 3898 1640 3952 intervallis
1667 3913 1846 3952 acrem
1891 3899 1991 3965 ipsi
2015 3913 2081 3952 ex
2111 3899 2360 3952 humoris
2393 3896 2585 3952 aﬂluxu
2612 3897 2854 3953 dolorem
2919 3901 3184 3967 incutere,
3253 3904 3407 3971 cujus
3445 3904 3534 3962 ille

258 4011 486 4050 sensmn
542 3995 754 4066 egregia
817 4008 1030 4062 semper
1094 3992 1356 4061 patientia
1431 3990 1852 4056 dissimulabat,
1897 4004 2170 4057 nunquam
2241 3990 2461 4042 auditus
2511 3990 2793 4058 conqueri,
2831 4001 2923 4043 aut
2981 3993 3202 4047 verbum
3235 3995 3316 4048 vel
3366 4012 3530 4050 unum

261 4091 487 4145 mittere
533 4105 641 4158 quo
687 4089 926 4142 divinum
977 4077 1186 4140 Numen
1241 4088 1498 4139 incusare
1551 4086 1844 4138 videretur.
1889 4084 1979 4136 llla
2013 4098 2142 4136 vero
2167 4083 2398 4138 subinde
2433 4084 2719 4138 iterantem
2788 4086 3128 4145 exaudtt'es:
3193 4088 3396 4158 Dignus
3415 4108 3533 4146 sum

184 4209 198 4220 ε
257 4183 356 4255 qui
415 4186 522 4236 lucc
573 4183 785 4250 patior;
840 4181 1028 4234 merito
1082 4179 1211 4230 mihi
1257 4179 1389 4230 talia
1464 4179 1775 4247 contingunt
1816 4177 1878 4230 ob
1955 4177 2346 4229 multitudinem
2399 4187 2739 4246 peccatorum
2796 4195 3049 4235 meorum.
3111 4179 3263 4248 Quod
3315 4187 3360 4236 si
3414 4199 3534 4254 qua,

263 4277 566 4344 aliquando
596 4291 690 4347 per
713 4274 1112 4330 vehementiam
1141 4274 1344 4329 doloris
1375 4289 1476 4326 vox
1509 4273 1664 4326 labiis
1713 4273 1974 4341 eﬂ‘ugeret
2009 4272 2430 4326 imbecillitatem
2465 4275 2755 4342 quamdam
2815 4275 3062 4331 iudicans
3144 4287 3196 4332 et
3266 4279 3529 4345 abjeetio‘

257 4387 389 4424 nem
441 4371 602 4424 animi
655 4369 876 4424 terendo
927 4367 1173 4436 imparis,
1221 4365 1405 4419 statim
1462 4366 1618 4434 signo
1669 4366 1850 4419 crucis
1891 4364 2158 4418 adversus
2237 4366 2630 4420 exsecrabilem
2671 4365 2926 4420 utebatur
2975 4369 3301 4435 danuonem,
3348 4367 3528 4439 Fuge,

259 4465 539 4534 inquiens,
567 4480 598 4516 a
628 4479 707 4516 me
735 4460 1023 4524 scelerate;
1051 4475 1124 4514 t're
1155 4458 1250 4512 tibi
1279 4469 1327 4512 et
1355 4461 1456 4511 tuis
1486 4468 1671 4511 contra
1703 4457 2038 4511 Christianos
2071 4457 2568 4510 tttaclu'nationibus.
2604 4457 2878 4512 Hactenus
2939 4460 3004 4514 de
3074 4461 3262 4516 dolore
3329 4463 3524 4532 pedum

260 4562 355 4630 qui
385 4561 764 4623 imperatorem
806 4554 1065 4608 extremis
1132 4553 1294 4605 annis
1369 4552 1637 4612 exercuit,
1665 4551 1866 4603 dictum
1894 4564 1922 4601 a
1964 4549 2119 4602 nobis
2148 4549 2279 4602 satis
2306 4561 2442 4603 esto.
2492 4547 2684 4602 Utrum
2733 4558 2910 4603 autem
2961 4551 3026 4603 ad
3075 4551 3231 4606 istius
3285 4567 3528 4622 causam,

264 4651 442 4706 morbi
475 4647 774 4721 symbolam
808 4647 1056 4715 maligna:
1090 4645 1302 4698 virtutis
1339 4643 1574 4710 aliquant
1624 4655 1838 4710 quoque
1880 4638 2172 4692 contulerit
2212 4637 2517 4707 plennsille
2546 4638 2928 4692 amaritudinis
2991 4649 3170 4692 crater
3192 4642 3240 4695 ei
3297 4642 3529 4696 tnistus?

260 4747 528 4814 Equidem
581 4743 956 4797 subaudivisse
1012 4739 1254 4810 quaedam
1317 4735 1492 4790 fateor
1553 4736 1738 4804 paucis
1797 4741 1854 4787 et
1889 4732 2044 4801 quasi
2074 4732 2257 4784 furtim
2287 4745 2349 4783 ac
2377 4731 2563 4784 tintide
2592 4741 2877 4799 suggesta;
2911 4733 3004 4785 sed
3086 4749 3205 4801 quae
3269 4749 3369 4788 nec
3417 4735 3527 4803 ipsi

262 4847 327 4890 ut
359 4836 540 4889 omnia
571 4833 920 4888 memorando
950 4832 1244 4901 adiungere
1270 4845 1404 4895 opus
1434 4836 1549 4888 est;
1582 4827 1667 4880 cui
1693 4825 1836 4879 enim
1882 4825 1932 4878 id
1967 4826 2106 4877 feret
2165 4821 2313 4884 usui,
2385 4822 2488 4874 nisi
2545 4822 2611 4875 ad
2684 4821 3044 4876 refricaudnm
3090 4826 3364 4880 mentione
3417 4831 3530 4897 ipsa
3589 4863 3594 4868 -

267 4943 325 4986 et
420 4935 724 5001 augendum
781 4928 1185 4982 acerbissimum
1242 4923 1523 4978 dolorem?
1605 4921 1924 4989 Quanquam
1965 4919 2207 4987 Augusta
2235 4917 2450 4986 quidem
2487 4933 2592 4970 non
2638 4919 2846 4979 deerat,
2899 4931 3164 4972 craterem
3213 4921 3370 4976 melle
3419 4924 3529 4976 cir-

264 5024 596 5088 cnndinens,
633 5032 795 5090 atque
860 5018 1119 5080 etliciens,
1188 5023 1245 5069 ut
1288 5015 1394 5069 isto
1440 5013 1594 5082 quasi
1644 5011 1904 5079 lapsantia
1947 5009 2154 5064 lubrico
2204 5008 2344 5063 mala
2391 5007 2650 5076 pleraque
2683 5022 2748 5062 ex
2799 5008 3011 5063 insidiis
3061 5010 3327 5079 immissa,
3374 5016 3528 5085 prius

265 5122 425 5176 imm
458 5125 797 5179 corruerent,
847 5128 1009 5183 quam
1048 5111 1192 5181 quod
1243 5110 1498 5179 petebant
1533 5108 1842 5176 attigissent
1880 5113 2086 5174 caput:
2156 5104 2343 5172 sicque
2381 5119 2488 5156 non
2567 5101 2820 5170 exiguum
2864 5101 3046 5156 ferens
3089 5104 3326 5161 fructum
3382 5113 3528 5164 acris

264 5218 417 5272 illius
449 5209 957 5277 inconniventisque
981 5203 1240 5260 custodire
1270 5217 1376 5272 qua
1406 5202 1457 5253 iu
1487 5201 1712 5269 Augusti
1750 5200 1980 5251 salutem
2017 5197 2234 5251 assidue
2299 5195 2426 5266 vigil
2502 5195 2821 5250 excubabat.
2864 5193 3068 5250 Tamen
3139 5201 3392 5269 quoniam
3445 5205 3529 5258 vi-

265 5313 452 5367 tandis
489 5304 844 5362 incommodis
879 5318 986 5356 ttna
1035 5299 1282 5370 plurimis
1316 5297 1570 5350 continuo
1639 5294 1876 5362 undique
1953 5292 2326 5362 ingruentibus
2355 5291 2445 5345 vix
2475 5307 2711 5360 unquam
2736 5306 2836 5360 par
2862 5301 2944 5346 est
2968 5293 3074 5348 ulla
3124 5298 3357 5350 ltumana
3389 5315 3519 5366 pro-

265 5403 531 5466 videntia,
595 5397 804 5454 tertiam
845 5407 1060 5464 quoque
1116 5393 1273 5444 istam
1336 5388 1662 5456 adjiciamus
1711 5399 1844 5440 sane
1883 5399 2105 5440 causam
2141 5384 2314 5438 morbi
2352 5383 2548 5437 sontici
2584 5399 2692 5452 quo
2725 5391 2808 5439 est
2871 5384 3144 5455 Augustus
3207 5388 3523 5450 infestatus.

267 5462 491 5554 causam
516 5462 626 5550 tuon
658 5462 998 5548 extrinsecus
1055 5487 1334 5558 appulsam
1401 5485 1668 5554 longeque
1722 5482 2054 5545 venientem,
2116 5481 2208 5535 sed
2275 5480 2489 5551 penitus
2536 5480 2756 5534 insitam
2790 5480 3157 5552 profundeque
3209 5492 3523 5551 conceptam

269 5590 578 5644 visceribus
625 5602 689 5640 ac
741 5583 988 5639 medullis
1040 5581 1246 5635 intimis
1278 5593 1462 5648 aqua:
1507 5577 1613 5630 duo
1661 5589 1859 5643 genera
1897 5589 2182 5629 causarum
2218 5574 2548 5644 distinguere
2578 5575 2628 5628 itt
2659 5575 2972 5629 scrutandis
3034 5575 3332 5644 originibus
3388 5591 3528 5630 mor-

271 5685 471 5741 borum
499 5693 830 5737 ronsuevere
884 5675 1214 5731 medicorum
1260 5673 1434 5743 pueri.
1487 5670 1722 5733 Dudum,
1773 5668 2019 5736 inquam,
2051 5669 2120 5723 ab
2144 5668 2384 5736 Augusto
2414 5668 2604 5724 aberat
2647 5669 2739 5723 ille
2768 5669 2859 5738 qui
2931 5668 3060 5721 olim
3126 5667 3179 5719 in
3245 5677 3369 5718 eum
3419 5668 3523 5722 int-
3562 5705 3564 5708 τ
