3998 6206
313 315 449 378 1073

296 427 588 497 ἐκκρίτους
693 430 986 500 σατράπας
1095 434 1517 506 τεσσαράκοντα

294 518 654 586 διαιρεθῆναι,
690 521 936 582 καὶτοὺς
975 523 1074 589 μὲν
1097 523 1154 587 ἐς
1188 527 1466 596 προνομὴν
1498 526 1599 595 τῆς
1623 529 1866 590 Νικαίας

295 611 388 662 καὶ
421 609 528 660 τῶν
555 611 979 680 παρακειμένων
1018 615 1154 685 αὐτῇ
1187 617 1380 688 χωρῶν
1425 620 1725 675 κατελθεῖν.
1766 620 1868 675 Τὸν

294 701 350 754 δὲ
400 701 711 754 Μονόλυκον
771 703 1006 755 καὶτὸν
1085 743 1100 758 .
1182 745 1196 760 .
1277 746 1292 762 .
1373 747 1386 762 .
1462 710 1531 764 τὰ
1588 713 1717 780 περὶ
1769 713 1868 784 τὴν

295 793 566 845 θάλατταν
593 792 900 862 δῃώσασθαι
923 837 936 858 ,
970 797 1163 861 οἵτινες
1193 800 1261 851 τά
1289 817 1347 852 τε
1397 805 1777 874 παρακείμενα
1798 811 1865 879 τῇ

294 887 426 953 περί
459 886 561 955 τὴν
591 886 830 941 Νίκαιαν
873 889 1064 960 λίμνῃ,
1121 893 1216 944 καὶ
1248 893 1347 961 τὴν
1384 896 1636 963 Προύσαν
1679 899 1725 931 ⁷ο
1769 901 1865 971 δη-

293 979 562 1040 ώσαντες,
595 979 669 1042 ὡς
703 980 760 1031 δὲ
805 982 901 1033 καὶ
930 984 1030 1051 τὴν
1073 986 1510 1052 ’Λπολλωνιάδα,
1556 990 1725 1044 αὐτοῦ
1761 1011 1865 1045 που

291 1068 421 1136 περὶ
451 1069 656 1138 ταύτην
707 1071 1023 1138 ηὐλίσαντο,
1072 1077 1297 1130 κάκεῖσε
1352 1080 1451 1150 τὴν
1503 1081 1654 1134 λείαν
1686 1085 1867 1136 πᾶσαν

289 1161 646 1228 ἀφελόμενοι,
695 1163 834 1232 ὁμοῦ
870 1168 1006 1234 πρὸς
1038 1167 1104 1219 τὰ
1147 1171 1336 1239 πρόσω
1371 1171 1661 1244 ἐχώρησαν
1688 1192 1701 1206 ο
1739 1177 1864 1231 τότε

287 1256 559 1308 Λοπάδιον
591 1259 684 1310 καὶ
718 1260 898 1313 πάντα
930 1262 999 1315 τὰ
1049 1263 1550 1338 ξυμπαρακείμενα
1598 1273 1866 1344 ληϊσάμε-

284 1363 390 1410 νοι,
424 1347 557 1401 ἀλλὰ
587 1353 680 1400 καὶ
713 1352 905 1419 αὐτὴν,
937 1357 1100 1424 φησὶ,
1131 1359 1229 1429 τὴν
1260 1361 1498 1424 Κύζικον
1523 1367 1863 1421 καταλαϐόν-

282 1453 378 1498 τες
415 1437 476 1502 ἐξ
506 1440 695 1506 ἐφόδου
725 1443 834 1494 ἀπὸ
875 1445 971 1498 τοῦ
1007 1448 1208 1516 μέρους
1249 1453 1346 1524 τῆς
1379 1454 1658 1525 Θαλάσσης
1698 1461 1863 1513 κατέ-

285 1545 437 1598 σχον,
467 1531 560 1583 τοῦ
606 1533 809 1604 ταύτην
837 1541 1204 1608 φρουροῦντος
1256 1546 1380 1615 μηδ’
1419 1550 1672 1602 ὁπωσοῦν
1715 1552 1864 1606 ἀντι-

284 1621 544 1711 σχόντος,
603 1625 719 1676 ἀλλ’
782 1629 996 1696 ἁγενῶς
1058 1634 1274 1687 ἐκεῖθεν
1345 1639 1859 1711 ὑποχωρήσαντος·

282 1705 407 1763 εἶτα
457 1715 548 1766 τόν
582 1733 640 1768 τε
680 1720 1010 1790 Κοντογμὴν
1047 1727 1143 1779 καὶ
1189 1729 1365 1799 ’Λμὴρ
1399 1705 1856 1806 τίηΜουχούμεντ,

279 1803 394 1866 τῶν
429 1805 700 1876 ἐκκρίτων
757 1811 1179 1885 ἅρχισατρὰπας
1242 1819 1330 1874 διὰ
1370 1823 1480 1875 τῶν
1547 1827 1856 1882 Λεντιανῶν

283 1897 423 1966 πρὸς
459 1899 521 1951 τὸ
572 1902 918 1973 Ποιμανηνὸν
957 1909 1200 1974 ἀπιέναι,
1263 1915 1661 1985 ἐφελκομένους
1706 1921 1856 1976 λείαν

280 1989 486 2079 πολλὴν
528 1995 622 2045 καὶ
682 1996 884 2067 ἄνδρας
943 2001 1234 2066 πλείστους
1292 2006 1704 2079 δορυθηράτους
1759 2015 1856 2068 καὶ

253 2077 480 2170 “γύναια
512 2083 604 2134 καὶ
641 2085 839 2148 παῖδας
873 2088 1033 2153 ὅσους
1065 2091 1283 2160 ἀφῆκεν
1313 2096 1340 2146 ὁ
1382 2077 1602 2167 σίδηρος
1622 2115 1637 2130 ο
1677 2100 1768 2154 τὸν
1797 2102 1854 2154 δέ

277 2185 342 2238 γε
371 2173 681 2225 Μονολυκον
709 2179 954 2246 ποταμὸν
991 2181 1116 2234 τινὰ
1164 2184 1576 2254 διαπεράσαντα
1603 2191 1854 2263 Βαρηνὸν

275 2261 565 2354 ξγχωρίως
599 2267 962 2335 καλούμενον,
1002 2274 1196 2341 ῥέοντα
1227 2277 1326 2344 μὲν
1361 2279 1470 2332 ἀπό
1502 2299 1649 2345 τινος
1689 2261 1852 2354 ὅρους

281 2352 492 2415 ’16ι6ος
534 2356 582 2386 ⁷³
646 2359 1006 2428 καλουμένου,
1061 2365 1155 2434 ἀφ’
1210 2363 1272 2421 οὗ
1326 2370 1520 2434 πολλοὶ
1560 2376 1654 2428 καὶ
1700 2352 1850 2431 άλλοι

277 2443 752 2538 άπορῤυἲσκονται
809 2457 1066 2523 ποταμοὶ,
1100 2459 1453 2532 Σκάμανδρος
1482 2482 1539 2516 τε
1563 2470 1853 2538 καὶἈγγι-

200 2559 210 2568 ι
274 2531 597 2631 λοκωμίτης
644 2541 685 2572 ⁷³
720 2545 816 2596 καὶ
879 2547 1188 2618 Ἐμπηλος,
1245 2531 1382 2620 πρός
1429 2574 1488 2609 τε
1540 2559 1600 2612 τὸ
1637 2531 1848 2631 Πάρενον

270 2625 726 2694 ἀπονενευκέναι,
773 2637 866 2689 καὶ
895 2639 992 2706 τὴν
1049 2641 1134 2707 ἐφ’
1177 2643 1575 2717 Ἑλλησπόντου
1615 2655 1846 2712 ’Ἄϐυδον

268 2716 476 2812 καὶᾼδδ
522 2719 868 2793 Ἀτραμύτου
923 2730 1017 2782 καὶ
1047 2733 1155 2784 τῶν
1186 2716 1442 2807 Χλιαρῶν
1493 2741 1846 2812 διεληλυθότα

267 2807 411 2873 μετὰ
448 2814 628 2910 πάσης
665 2820 1044 2886 αξχμαλωσίας
1072 2827 1430 2896 ἀναιμάκτως
1455 2836 1548 2888 καὶ
1579 2807 1708 2890 ἄνευ
1741 2843 1845 2910 μά-

263 2917 368 3004 κρς
388 2904 560 3004 39/56.-
595 2908 985 3004 ΕΠρδςλταύτην
1011 2917 1110 2986 τὴν
1144 2919 1403 2986 ἀγγελίαν
1426 2926 1453 2976 ὁ
1481 2904 1842 3004 αὐτοκράτωρ

259 2989 355 3041 τὸν
388 2993 708 3064 Καμύτζην,
747 2998 919 3066 ,δοῦκα
970 3007 1274 3072 τηνικαῦτα
1323 2989 1734 3083 χρηματίζοντα
1768 2989 1835 3088 7;,

1536 323 1947 382 ALEXIADIS
1988 325 2132 387 LlB.
2174 325 2344 391 'XIV.

1616 438 1702 506 χιλ
1713 437 1841 490 ιάδω

1946 441 2254 496 .miseratio
2329 445 2528 500 doloris
2585 463 2693 515 quo
2745 447 3043 516 principem
3121 447 3188 502 ab
3249 449 3542 516 equitando

3415 331 3544 398 1074

1976 534 2252 601 prohiberi
2324 539 2652 594 sentiebant.
2709 540 3042 594 Emendabat
3111 548 3282 594 tamen
3339 541 3544 592 incom-

1976 628 2188 680 modum
2222 643 2616 699 mmroremque
2667 631 2717 684 in
2777 648 2924 699 spem
2981 632 3238 701 optimam
3301 633 3542 685 mutabat

1973 719 2227 772 renidens
2247 723 2502 774 omnesiu
2538 734 2722 792 partes
2754 725 3096 790 imperatoris
3131 726 3320 787 facies,
3359 740 3544 792 quem-

1972 825 2076 878 que
2140 823 2293 876 nutu,
2345 823 2606 881 aspectu,
2689 817 2861 869 arrisu
2932 817 3128 870 blando
3184 817 3418 885 foztique
3475 817 3538 869 ad

1970 913 2189 956 strenue
2250 919 2361 957 rem
2397 905 2681 973 gerendam
2718 908 2962 976 beneque
3023 910 3346 971 Sperandum
3395 907 3542 959 exci-

1972 1002 2124 1052 tans.
2159 996 2356 1050 additis
2408 997 2460 1050 in
2500 998 2729 1066 idipsum
2782 1001 3001 1054 vocibus
3040 1000 3373 1069 plenissimis
3426 999 3536 1050 ala-

1970 1085 2222 1148 critatis,
2255 1087 2452 1153 quibus
2491 1091 2616 1142 dum
2660 1091 3054 1158 compellantur
3110 1092 3268 1144 modo
3335 1090 3536 1151 cuncti,

1967 1175 2126 1229 modo
2181 1176 2400 1244 singuli,
2460 1180 2718 1246 gliscebat
2769 1198 2863 1249 per
2911 1181 3284 1236 universorum
3331 1184 3539 1235 animos

1966 1267 2142 1320 mirus
2219 1269 2384 1322 ardor
2446 1268 2638 1322 fiducia
2695 1272 3055 1338 coniunctus,
3128 1288 3191 1326 ac
3259 1272 3536 1333 studium,

1965 1356 2205 1410 laborem
2235 1358 2447 1413 itineris
2489 1360 2821 1428 periculique
2863 1361 3201 1416 formidinem
3258 1362 3537 1417 dulcedine

1963 1449 2045 1500 sui
2080 1448 2285 1502 fallens.
2313 1448 2402 1505 Sic
2426 1453 2604 1504 triduo
2625 1463 2939 1521 perventum
2963 1455 3028 1505 ad
3054 1452 3225 1506 locum
3251 1455 3534 1522 quemdam

1963 1540 2210 1611 [Egyllos
2241 1542 2445 1596 dictum
2469 1584 2484 1606 ,
2517 1546 2659 1598 unde
2693 1545 2940 1598 Cibotum
2987 1560 3175 1600 versus
3208 1545 3535 1613 traiecturus

1967 1632 2264 1700 imperator
2287 1642 2429 1688 erat.
2464 1632 2539 1689 lbi
2576 1651 2699 1688 eum
2733 1636 3107 1704 trajectionem
3151 1650 3343 1704 urgere
3373 1636 3531 1688 istam

1967 1723 2210 1792 Augusta
2248 1725 2459 1788 videns,
2521 1726 2675 1780 venia
2726 1727 3012 1794 impetrata
3067 1728 3352 1781 recedendi
3415 1724 3533 1778 Vale

1961 1815 2065 1885 ipsi
2126 1815 2280 1883 dixit,
2317 1817 2457 1871 etin
2515 1819 2701 1874 urbem
2737 1822 2935 1888 regiam
2996 1820 3370 1875 iterintendit.
3427 1820 3531 1873 Im-

1960 1908 2200 1975 peratori
2283 1909 2532 1963 Cibotum
2613 1912 2838 1979 appulso
2927 1913 3193 1966 nuntiavit
3265 1913 3528 1967 accedens

1957 1998 2175 2067 quidam
2197 2039 2211 2059 .
2241 1999 2543 2068 prmcipuos
2577 2013 2822 2070 satrapas
2871 2002 3169 2057 Turcorum
3195 2044 3209 2066 ,
3243 2004 3333 2070 qui
3368 2005 3526 2056 simul

1956 2105 2144 2145 Omnes
2175 2091 2276 2145 Sub
2312 2092 2484 2160 signis
2549 2093 2811 2147 haberent
2866 2095 3219 2164 quadraginta
3288 2096 3524 2148 militum

1953 2182 2148 2253 439'
2181 2183 2370 2248 millia,
2424 2185 2766 2239 distribuisse
2825 2185 2964 2239 inter
3013 2201 3071 2239 se
3123 2195 3234 2239 tum
3295 2187 3523 2254 copias,

1956 2286 2066 2331 tum
2105 2277 2226 2332 belli
2281 2278 2497 2347 gerendi
2532 2286 2712 2347 partes
2739 2319 2753 2340 ,
2793 2279 2934 2332 hunc
2988 2277 3157 2332 ferme
3199 2278 3249 2331 in
3285 2279 3519 2332 modum.

1953 2369 2236 2436 Negotium
2299 2370 2626 2438 quibusdam
2681 2369 2860 2421 datum
2923 2369 3238 2422 infestandze
3287 2366 3518 2434 Nicaeae,

1951 2460 2420 2529 adjaceutiumqne
2449 2461 2549 2529 ipsi
2595 2460 2869 2530 regionum
2903 2470 3063 2527 atque
3099 2460 3315 2513 urbium
3351 2475 3522 2527 popu-

1952 2554 2257 2607 landarum.
2307 2552 2584 2621 Mouolyco
2615 2561 2816 2606 etc.....
2871 2551 3126 2603 attributa
3163 2553 3227 2602 ad
3275 2552 3520 2619 praedan-

1950 2643 2075 2696 dum
2104 2657 2223 2696 esse
2274 2643 2406 2695 mari
2444 2641 2613 2695 vicina
2669 2641 2806 2696 loca.
2856 2641 2967 2693 Hos
3022 2655 3216 2708 magno
3263 2655 3517 2695 successu

1951 2749 2061 2788 rem
2097 2734 2356 2802 gessisse.
2395 2733 2630 2786 Vastatis
2655 2733 2798 2785 enim
2856 2731 3110 2786 omnibus
3160 2733 3306 2785 circa
3341 2735 3514 2786 lacum

1949 2827 2532 2893 Nicaeensem,Prusa
2603 2825 2764 2880 etiam
2827 2841 2924 2879 nec
3000 2841 3103 2877 non
3163 2825 3516 2893 Apolloniade

1945 2921 2194 2988 expilatis
2233 2936 2295 2974 ac
2326 2920 2554 2986 direptis
2601 2932 2964 2986 congregasse
2992 2917 3099 2970 illic
3129 2918 3314 2986 copias
3349 2933 3514 2970 unum

1945 3009 1994 3062 in
2020 3009 2194 3061 locum
2246 3009 2440 3062 castris
2483 3009 2707 3076 positis,
2741 3009 3027 3078 przedaque
3069 3011 3216 3061 omni
3271 3024 3516 3074 compor-

258 3077 351 3128 διὰ
391 3084 736 3148 γραμμάτων
772 3092 1222 3158 παρεκελεύσατο
1257 3104 1604 3169 παρέπεσθαί
1638 3127 1696 3162 τε
1724 3116 1835 3175 τοῖς

1946 3108 2074 3154 tata.
2125 3099 2259 3154 Tum
2309 3099 2579 3153 communi
2656 3100 2881 3153 consilio
2935 3109 3098 3167 atque
3158 3101 3353 3169 impetu
3391 3119 3515 3170 pro-

258 3165 580 3238 Βαρϐάροις
617 3178 755 3241 μετὰ
810 3184 1191 3236 πεντακοσίων
1243 3174 1734 3256 στρατιωτιῦνκαὶ
1766 3201 1836 3254 τὰ

255 3263 391 3314 κατ’
424 3263 624 3330 αὐτοὺς
653 3269 742 3322 διὰ
795 3276 1148 3342 γραμμάτων
1185 3280 1404 3348 δηλοῦν,
1466 3290 1747 3353 φείδεσθαί
1775 3312 1833 3348 τε

253 3354 364 3421 τῆς
430 3360 550 3422 μετ’
614 3361 796 3414 αὐτῶν
857 3367 1206 3438 συμπλοκῆς.
1254 3373 1312 3424 '0
1355 3375 1410 3427 δὲ
1469 3379 1699 3441 ἐξελθὼν
1734 3386 1834 3452 τῆς

253 3440 503 3538 δικαίας
548 3451 964 3519 καταλαμϐάνει
998 3457 1090 3509 τόν
1123 3475 1180 3510 τε
1226 3463 1551 3538 Κοντογμὴν
1598 3473 1693 3524 καὶ

265 3532 322 3584 ’Λ
337 3535 454 3604 μὴρ
487 3539 822 3610 Μουχούμετ
862 3547 962 3598 καῖ
1007 3552 1133 3613 τοὺς
1166 3553 1389 3620 λοιποὺς
1419 3532 1598 3622 είςτὰ
1631 3565 1830 3618 καλού-

255 3641 405 3692 μενα
450 3627 712 3698 Ἀόρατα,
745 3635 840 3686 καί
876 3635 1066 3708 ὥσπερ
1117 3643 1218 3711 τῆς
1272 3647 1366 3700 τοῦ
1424 3652 1832 3726 αὐτοκράτορος

249 3721 647 3815 παραγγελίας
700 3725 1120 3798 ἐπιλαθόμενος,
1197 3745 1546 3811 παραχρῆμα
1600 3721 1831 3815 τούτοις

249 3811 611 3911 ἶτρησδάλλει.
647 3818 709 3870 Οἱ
740 3818 796 3870 δὲ
827 3860 841 3882 ,
875 3823 965 3911 τὸν
1023 3827 1405 3900 αὐτοκράτορα
1463 3811 1831 3911 προσδόκιμον

247 3900 498 3970 ἔχοντες,
543 3908 635 3957 καὶ
673 3910 867 3964 τοῦτον
910 3908 1054 3966 εἶναι
1092 3918 1181 3970 τδν
1235 3922 1642 3980 ἐπεισπεσόντα
1676 3934 1827 4002 νομί-

248 4007 472 4057 σαντες,
538 4001 890 4068 πτοηθέντες.
927 4005 996 4058 τὰ
1037 4009 1183 4062 νῶτα
1223 4013 1452 4070 διδόασι.
1498 4019 1716 4091 Σκύθην
1772 4026 1829 4079 δέ

245 4104 376 4140 τινα
404 4092 711 4158 τηνικαῦτα
743 4098 1118 4166 κατασχόντες
1155 4105 1250 4156 καὶ
1306 4110 1459 4178 παρὰ
1490 4113 1684 4167 τούτου
1719 4135 1826 4170 πυ-

247 4179 493 4249 θὸμενοι,
537 4184 658 4234 ἐπεὶ
697 4186 788 4238 τὸν
831 4189 1135 4262 Καμύτζην
1182 4196 1519 4262 έγνὼκεισαν
1551 4201 1691 4261 εἶναι
1725 4211 1825 4277 τὰς

246 4270 605 4340 ἀκρολοφίας,
627 4274 867 4345 διῄεσαν,
897 4283 990 4334 καὶ
1016 4281 1378 4353 θαρρύνοντες
1403 4293 1628 4360 ἑαυτοὺς
1658 4299 1744 4355 διά
1765 4270 1824 4356 τέ

247 4364 557 4433 τυμπάνων
591 4368 684 4418 καὶ
712 4369 1052 4441 ἀλαλαγμῶν
1101 4377 1470 4436 ἀνεκαλοῦντο
1504 4389 1628 4446 τοὺς
1650 4391 1824 4446 ἁπαν-

245 4456 386 4553 ταχῆ
426 4457 820 4553 σκεδασθέντας
855 4464 966 4516 τῶν
999 4467 1312 4536 ὁμοφύλων.
1347 4476 1408 4526 Οί
1439 4476 1493 4528 δὲ
1527 4479 1822 4553 ἀνακλητι-

245 4547 342 4600 κὸν
379 4548 533 4599 τουτὶ
558 4551 615 4601 τὸ
656 4550 909 4621 σύνθημα
952 4557 1322 4626 γινώσκοντες
1365 4569 1567 4632 πάντες
1628 4547 1825 4647 συνέρ-

248 4641 397 4708 ρεον.
445 4641 864 4709 Ἐπανελθὸντες
891 4643 985 4700 οὖν
1018 4653 1159 4704 κατὰ
1189 4658 1288 4723 τὴν
1324 4659 1551 4714 πεδιάδα
1587 4665 1686 4732 τὴν
1708 4641 1825 4720 δια-

244 4731 514 4801 κειμένην
549 4736 716 4802 έγγὺς
757 4738 1004 4794 κάτωθεν
1058 4743 1165 4797 τῶν
1217 4748 1575 4818 καλουμένων
1629 4756 1822 4826 Ἀορά-

243 4841 378 4889 των,
407 4825 562 4889 αὖθις
595 4829 988 4899 ἡθροίσθησαν.
1041 4833 1097 4886 Ὀ
1130 4837 1186 4890 δέ
1237 4855 1298 4906 γε
1337 4843 1639 4914 Καμύτζης
1678 4825 1815 4915 (49),

245 4917 343 4988 τὴι
377 4918 529 4971 λείαν
561 4923 741 4974 πᾶσαν
787 4924 1125 4993 ἀφελόμενος
1201 4931 1259 4996 ἑξ
1301 4933 1500 4999 αὐτῶν,
1525 4938 1624 4990 οὐκ
1658 4941 1820 5008 ᾗθελε

250 5011 415 5078 μέχρι
447 5012 538 5062 τοῦ
576 5013 925 5082 Ιιοιμανηκοῦ
960 5018 1296 5072 καταλαϐεῖν
1332 5022 1410 5085 ὡς
1446 5020 1504 5078 εὖ
1569 5029 1638 5080 τὰ
1692 5035 1821 5084 κατ’

249 5100 414 5151 αὑτὸν
441 5105 494 5152 ἐν
518 5102 692 5172 τούτῳ
717 5104 1000 5160 διαθέσθαι
1023 5123 1035 5137 ⁸
1073 5111 1351 5179 πολίχνιον
1382 5113 1437 5165 δὲ
1463 5116 1625 5170 τοῦτο
1693 5122 1822 5192 ἐρυ-

253 5194 543 5259 μνότατονσ
570 5195 706 5247 ἀλλὰ
737 5199 954 5269 περὶτὰ
992 5201 1224 5270 ’Λόρατα
1255 5205 1635 5273 ἐμϐραδύνων,
1663 5210 1821 5265 ἔλαθε

249 5283 372 5334 καθ’
408 5285 602 5338 ἑαυτοῦ
640 5287 1087 5359 βουλευσάμενος.
1125 5293 1187 5344 Οί
1216 5293 1492 5364 Βὰρόαροι
1520 5298 1628 5368 γὰρ
1665 5302 1720 5351 έν
1747 5300 1822 5370 τῷ

1940 3207 2157 3260 gressos
2193 3190 2420 3244 ulterius
2465 3190 2768 3259 Lopadium
2826 3200 2880 3244 et
2923 3191 3149 3243 finitima
3207 3192 3330 3245 huic
3395 3193 3522 3246 loca‘

1939 3286 2134 3335 cuncta
2165 3283 2459 3335 latrociniis
2485 3292 2538 3335 et
2569 3296 2737 3348 genus
2770 3296 2930 3334 omne
2960 3280 3239 3333 mali-ficiis
3263 3295 3508 3348 vexasse,

1941 3373 2074 3441 ipsa,
2110 3375 2238 3441 quin
2270 3374 2457 3434 etiam,
2495 3372 2692 3442 Cyzico
2742 3372 2914 3438 primo
2944 3372 3163 3425 incursu
3197 3383 3351 3438 capta
3385 3388 3507 3426 cum

1937 3465 1988 3516 in
2023 3479 2139 3516 eam
2172 3479 2200 3516 a
2231 3475 2382 3532 parte
2405 3479 2524 3532 qu:e
2550 3479 2698 3516 mare
2721 3471 2926 3530 spectat
2958 3461 3509 3529 impetumifecissent,

1935 3555 2191 3622 praefecto
2243 3554 2391 3606 urbis
2446 3568 2715 3622 nusquam
2750 3556 2814 3607 ad
2867 3556 3265 3624 prohibendum
3317 3569 3507 3609 oecur—

1936 3657 2122 3711 rente,
2180 3649 2272 3698 sed
2326 3647 2515 3712 ignava
2571 3654 2625 3697 et
2674 3646 2816 3714 turpi
2867 3645 2989 3715 fuga
3044 3647 3250 3712 elapso.
3306 3646 3500 3701 Deinde

1932 3738 2268 3805 Contogmeu
2329 3749 2381 3789 et
2430 3737 2680 3788 Amerem
2747 3735 3142 3790 Muchumetem
3198 3739 3290 3807 qui
3342 3753 3502 3807 supra

1931 3831 2232 3898 pracipuos
2255 3837 2595 3895 satraparum
2628 3827 2936 3880 eminebant
2971 3829 3234 3895 dignitate
3292 3844 3356 3884 ac
3411 3845 3506 3898 po-

1934 3923 2098 3976 tentia
2127 3961 2142 3985 ,
2194 3936 2290 3991 per
2335 3919 2626 3973 Lentianos
2675 3918 3064 3973 Pcemanenuu:
3123 3921 3354 3984 abiisse,
3392 3932 3504 3975 tra-

1931 4017 2122 4071 hentes
2150 4031 2258 4085 prae
2281 4018 2381 4067 lam
2413 4014 2657 4078 multam,
2679 4013 2933 4082 virosque
2955 4014 3198 4084 captivos
3220 4017 3500 4084 plurimos,

1930 4124 2050 4160 cum
2082 4106 2400 4160 mulieribus
2436 4114 2488 4158 et
2518 4106 2702 4175 pueris
2730 4114 2997 4175 quotquot
3031 4107 3262 4176 reliquos
3293 4109 3517 4175 gladius

1929 4197 2169 4251 fecisset.
2246 4195 2582 4265 Monolycum
2654 4210 2781 4250 vero
2861 4205 3198 4264 transgresso
3269 4201 3499 4268 quodam

1929 4287 2097 4342 fluvio
2131 4289 2310 4355 (quem
2350 4287 2615 4340 Barenum
2673 4287 2870 4340 act-ohe
2906 4287 3203 4356 appellant,
3241 4289 3498 4344 ﬂuentem

1928 4398 1991 4436 ex
2042 4390 2223 4433 monte
2270 4379 2499 4447 quodam
2555 4377 2701 4431 lbibe
2753 4391 2978 4443 vocato,
3036 4395 3098 4432 ex
3151 4395 3258 4448 quo
3312 4383 3498 4434 eodem

1929 4471 2080 4525 multi
2112 4470 2273 4523 etiam
2302 4468 2389 4521 alii
2438 4482 2624 4522 amnes
2669 4467 2969 4536 proﬂuunt,
3025 4470 3167 4522 inter
3188 4488 3323 4538 quos
3366 4471 3496 4526 Sea.

1925 4563 2182 4624 manderi,
2230 4557 2661 4629 Angelocomites
2719 4569 2770 4611 et
2808 4559 3088 4627 Empelus)
3148 4563 3214 4614 ad
3265 4562 3494 4615 Pareum

1923 4654 2260 4715 declinasse,
2334 4659 2387 4702 et
2441 4649 2690 4719 Abydum
2747 4649 2810 4700 ad
2866 4649 3267 4718 Hellespontum
3337 4657 3493 4708 sitam

1924 4755 2367 4811 praetergressum
2395 4781 2410 4805 ,
2453 4755 2549 4808 per
2573 4742 2911 4809 Atramylnm
2953 4758 3168 4809 quoque
3194 4754 3244 4797 οι
3277 4745 3492 4800 camera

1927 4851 2045 4889 cum
2072 4843 2182 4887 tota
2213 4833 2550 4898 captivorum
2587 4832 2930 4886 multitudine
2962 4843 3134 4887 tutum
3164 4844 3216 4887 et
3244 4849 3491 4904 pacatum

1929 4926 2046 4980 sine
2067 4925 2354 4992 sanguine,
2393 4923 2512 4978 sine
2543 4938 2719 4991 pugna
2755 4923 2855 4975 iter
2891 4925 3162 4978 habuisse.
3201 4928 3496 4996 Imperator

1923 5018 2026 5070 hoc
2052 5015 2252 5068 indicio
2300 5023 2522 5081 accepto
2549 5013 2760 5067 litteras
2793 5015 2883 5066 dat
2915 5017 2978 5067 ad
3026 5015 3334 5085 Camytzem
3363 5029 3495 5076 tunc

1921 5107 2111 5158 ducem
2152 5103 2376 5166 Nicaeae,
2415 5103 2614 5171 quibus
2661 5103 2706 5154 ei
2745 5104 3068 5168 mandabat,
3122 5118 3177 5159 ut
3226 5109 3492 5162 Barbaros

1921 5213 2060 5264 pone
2087 5203 2406 5262 sequeretur
2422 5211 2544 5247 cum
2567 5195 2826 5248 militibus
2856 5196 3183 5264 quingentis,
3205 5211 3254 5253 et
3278 5218 3396 5268 qua:
3427 5207 3490 5254 de

1923 5285 2055 5353 ipsis
2090 5286 2310 5337 haberet
2341 5295 2616 5353 comperta
2646 5287 2929 5341 confessim
2968 5290 3233 5344 iudicaret
3259 5291 3357 5344 sibi
3396 5306 3490 5360 per

1285 5433 1478 5493 Variae
1512 5435 1812 5501 lectiones
1840 5457 1914 5502 ex
1945 5441 2086 5500 cod.
2121 5438 2386 5502 Coislin.

321 5521 366 5551 '°
388 5523 638 5592 Πρῶσαν.
771 5529 810 5559 ⁷⁸
855 5528 945 5581 τὸν
982 5530 1181 5600 Ἀμήρ,
1278 5534 1323 5566 ’ί
1359 5511 1571 5600 Ἴὸὶιδος.

771 5529 810 5559 ⁷¹
855 5528 945 5581 τὸν
982 5530 1181 5603 “eis,

1689 5541 1730 5571 ⁷³
1777 5540 2275 5606 Ἀγγελοκωμίτης.

2397 5540 2443 5571 ⁷⁸
2463 5541 2696 5604 Νικαίας
2754 5541 3176 5612 χρηματίζοντα.

1269 5646 1408 5708 Car.
1455 5649 1777 5712 Dufresnii
1803 5654 1901 5714 Du
1927 5653 2148 5731 Cangii
2174 5661 2359 5714 notm.

323 5738 432 5808 (ιο)
469 5741 794 5812 Καμύτζτης.
836 5743 907 5800 De
933 5745 1030 5802 hac
1063 5745 1335 5804 Eustathii
1364 5748 1632 5820 Camytza:
1665 5751 1820 5805 clailc

1959 5761 1975 5804 t
2008 5754 2274 5808 Zonaras.
