3998 6206
475 294 612 361 10ῗῦ

1763 295 1989 356 ΑΝΝίΕ
2022 293 2170 354 COM
2181 297 2404 358 ΝΕΝίΕ

3575 290 3728 354 10τὸ

467 411 713 474 litteras;
761 409 959 462 vitaret
1004 418 1182 461 autem
1227 423 1576 479 congressum
1628 425 1748 464 cu'n
1808 412 2034 474 Turcis,

2147 408 2421 477 ἀκινδύνῳ
2461 410 2753 476 γεγονότες
2788 408 2890 462 ούκ
2929 407 3266 461 ἐπελάθοντο
3290 406 3387 460 τοῦ
3417 405 3722 475 Καμύτζη,

469 511 525 554 et
579 500 832 569 paucitati
879 514 1100 552 suorum
1151 515 1324 568 pugna
1379 501 1698 555 declinanda
1764 515 2035 569 parceret.

469 592 551 646 Ad
583 592 683 645 hoc
719 592 1003 658 imperium
1041 607 1290 660 egressus
1313 593 1402 646 ille
1440 593 1638 659 Niczea,
1675 596 2034 665 (Zontogmen,

472 682 699 736 Ameren
751 681 1123 735 Muchumcten
1162 683 1505 753 reliquosque
1559 698 1808 754 satrapas
1849 689 2040 755 depre-

469 775 657 828 heitdit
688 775 737 828 in
788 776 906 829 loco
970 792 1128 844 qttem
1163 788 1356 830 vocant
1404 779 1600 831 Aurata
1631 819 1645 840 .
1692 781 1844 848 quasi
1891 780 2038 835 dicas

464 869 656 931 invisa,
694 884 791 922 nec
819 883 877 923 se
913 869 1107 934 lenuit,
1135 871 1245 924 cito
1274 871 1524 925 videlicet
1570 872 1769 924 ohlitus
1816 877 2035 926 manda-

467 969 640 1013 torum
677 959 926 1028 Augusti,
979 960 1109 1025 quin
1138 961 1452 1028 confligeret
1503 963 1663 1018 illico.
1709 963 1904 1026 Turci,
1942 965 2034 1029 qui

465 1049 570 1118 iam
613 1050 836 1120 jamque
882 1051 1197 1105 adfuturum
1255 1054 1636 1121 imperatorem
1692 1067 1815 1109 ante
1865 1057 2038 1109 credi-

463 1141 695 1207 derant,
778 1145 869 1196 ubi
945 1146 1183 1198 vividum
1253 1147 1612 1214 eumdt-mque
1685 1149 2034 1215 improvismu

465 1231 743 1302 Camytzis
767 1235 1026 1302 impetum
1055 1253 1294 1303 sensere,
1322 1239 1493 1304 {facile
1518 1241 1760 1307 persuasi
1794 1257 1906 1294 rem
1934 1242 2034 1295 sibi

466 1339 590 1378 esse
625 1343 745 1378 cum
782 1328 1107 1395 imperatore
1141 1341 1357 1398 totoque
1383 1335 1646 1396 εχέιιοοίιιι,
1681 1343 1826 1403 terga
1863 1334 2036 1387 territi

465 1429 767 1473 verterunt.
797 1421 901 1474 Sed
930 1433 1086 1491 capto
1107 1433 1232 1476 tunc
1260 1424 1458 1493 Scytha
1495 1427 1727 1494 quodam
1753 1443 1781 1477 e
1813 1428 2032 1490 nostris,

465 1509 556 1563 ubi
588 1527 651 1563 ex
678 1527 741 1565 eo
795 1516 1096 1581 percontati
1135 1533 1161 1568 a
1194 1516 1449 1586 Camytze
1487 1534 1589 1569 uno
1621 1534 1675 1570 se
1701 1518 1815 1570 loco
1854 1519 2036 1587 pulsos

466 1603 807 1669 didicerunt,
866 1621 896 1658 e
951 1619 1129 1660 monte
1190 1608 1240 1661 in
1295 1623 1452 1677 quem
1512 1609 1776 1675 pavefacti
1847 1609 2036 1662 confu-

383 1689 388 1694 ’
465 1704 655 1758 gerant
719 1699 1006 1764 resumptis
1070 1700 1265 1753 animis
1325 1702 1690 1764 descendunt,
1749 1712 1802 1757 et
1837 1718 2033 1771 magno

467 1791 840 1852 tympanorum
897 1800 962 1841 ac
1014 1785 1458 1842 vociferationum
1512 1791 1686 1844 sortitu
1767 1792 2034 1845 revocatis

464 1886 494 1925 e
550 1874 670 1942 fuga
725 1877 962 1946 undique
1017 1879 1131 1933 suis
1180 1881 1533 1949 popularibus
1568 1881 1680 1950 (qui
1712 1897 1808 1949 pro
1844 1883 2034 1948 peritia

464 1964 660 2034 lingua:
681 1983 745 2021 ae
790 1985 998 2023 morum
1046 1971 1220 2036 gentis
1254 1972 1410 2026 facile
1459 1975 1641 2026 statim
1701 1983 2037 2043 agnoverunt

463 2071 585 2111 esse
617 2057 736 2112 illas
761 2075 924 2117 voces
971 2078 1035 2115 ac
1073 2063 1224 2127 signa
1251 2065 1622 2118 revocantium
1653 2065 1933 2132 dispersus
1966 2069 2032 2121 ad

463 2162 612 2216 spcm
672 2151 948 2205 meliorem
1000 2153 1164 2224 440
1225 2157 1387 2210 rebus
1443 2157 1628 2227 salvis)
1691 2162 1783 2212 ubi
1846 2173 2036 2214 omnes

465 2240 843 2296 continuerunt
890 2245 942 2297 iu
998 2261 1162 2298 unum
1209 2263 1434 2308 rursus.
1464 2249 1665 2302 reversi
1705 2260 1829 2303 sunt
1879 2251 2036 2304 simul

466 2331 518 2383 in
583 2332 857 2398 planitiem
924 2336 972 2388 ei
1040 2337 1156 2392 loco
1197 2339 1463 2407 .proxime
1523 2341 1821 2409 subjectum
1877 2357 2036 2410 quem

468 2421 670 2474 Aomta
703 2424 937 2480 diximus
987 2437 1257 2483 vocatum.
1292 2429 1359 2483 At
1390 2429 1694 2500 Camytzes,
1731 2432 1821 2500 qui
1864 2435 2038 2506 primq

469 2512 561 2567 illo
596 2530 849 2570 successu
902 2519 1136 2585 praedam
1171 2519 1426 2574 Barbaris
1466 2523 1763 2592 eripuisset
1819 2525 2036 2577 miiver-

466 2620 620 2668 sam,
656 2621 758 2660 non
810 2610 1023 2663 curavit
1058 2612 1224 2679 (quod
1255 2621 1307 2665 ct
1331 2612 1487 2667 facile
1518 2625 1763 2680 poterat,
1801 2626 1855 2670 et
1910 2633 2040 2686 pru-

465 2696 658 2751 denter
727 2701 978 2768 debebat)
1032 2717 1149 2757 eam
1217 2703 1286 2758 ad
1356 2704 1741 2760 Ptemauenum
1801 2709 2035 2764 vicinam

464 2804 646 2844 arcem
678 2792 1097 2848 munitissimam
1124 2796 1389 2850 tutissime
1418 2798 1526 2854 illic
1585 2799 1820 2854 futuram
1851 2809 2033 2857 trans-

464 2880 639 2944 ferre;
695 2882 788 2935 sed
843 2883 1048 2937 circum
1121 2887 1323 2941 Aorata
1375 2903 1554 2943 moras
1623 2891 1878 2955 trahens,
1933 2892 2034 2946 sibi

471 2972 763 3038 perniciem
839 2975 1105 3042 quazsivit.
1179 2975 1503 3047 Congregati
1569 2983 1764 3050 quippe
1841 2983 2033 3037 iterum

2140 497 2259 550 ἀλλ’
2297 499 2590 570 ἐνήδρευον
2621 499 2809 551 τοῦτον
2832 498 3147 562 διαπαντός.
3188 499 3298 550 Καὶ
3331 495 3723 565 μεμαθηκότες

2139 587 2220 640 ἔτι
2239 588 2402 641 αὑτὸν
2433 591 2514 651 είς
2541 589 2609 642 τά
2651 590 2888 658 Ἀνῖρατα
2920 588 3335 658 ἐνδιατρίϐοντα
3353 590 3450 641 καὶ
3474 588 3543 640 τὰ
3567 589 3722 656 παρὰ

2138 680 2238 748 τὴν
2268 680 2419 732 λείαν
2447 681 2669 734 ἃπασαν
2704 683 2800 733 καὶ
2837 680 2968 743 τοὺς
2995 681 3370 750 δορυαλώτους
3402 679 3719 746 διατιθέμε-

2139 788 2250 835 νον,
2286 774 2632 843 παραχρῆμα
2677 773 2778 833 τὰς
2805 773 2899 825 ὑπ’
2929 773 3129 832 αὐτοὺς
3156 771 3418 840 δυνάμεις
3447 770 3572 822 κατ’
3595 770 3718 831 ἴλας

2139 862 2627 931 καταστησάμενοι
2680 864 2811 932 περὶ
2863 863 3048 932 δείλην
3112 863 3256 933 ἑῴαν
3325 852 3718 915 εἰσπίπτουσιν

2138 951 2310 1020 αὐτῷ.
2345 952 2416 1004 Τὸ
2445 953 2543 1018 μὲν
2579 951 2670 1006 οὖν
2703 953 2886 1005 πλεῖον
2915 953 3012 1005 τοῦ
3050 952 3462 1024 στρατεύματος
3485 951 3582 1004 τοῦ
3609 953 3719 1004 Ka-

2142 1043 2318 1112 μύτζη
2346 1042 2618 1113 τοσαύτην
2669 1044 2879 1112 πληθὺν
2914 1044 3218 1115 Βαρϐάρων
3268 1041 3719 1096 ἐπεισπεσοῦσαν

2138 1134 2324 1195 αὐτοῖς
2356 1134 2670 1202 ἑωρακότες
2702 1135 2884 1205 φυγὴν
2921 1138 3022 1202 τὴν
3050 1133 3264 1186 ἑαυτῶν
3313 1132 3718 1202 πραγματεύε-

2139 1225 2264 1278 σοαι
2295 1226 2516 1279 ἐδόκουν
2543 1228 2828 1297 σωτηρίαν
2851 1243 2868 1259 ο
2902 1227 3067 1293 ᾳύτδς
3094 1227 3150 1280 ὁέ
3183 1226 3322 1294 μετὰ
3345 1226 3456 1276 τῶν
3485 1225 3720 1276 Σκυθῶν

2137 1319 2372 1371 καὶτῶν
2409 1319 2627 1372 Κελτῶν
2667 1322 2762 1373 καὶ
2797 1321 2992 1374 ὀπόσοι
3048 1319 3156 1371 τῶν
3201 1318 3499 1386 Ῥωμαίων
3547 1319 3717 1384 εὐψυ-

2137 1409 2350 1479 χότεροι
2374 1405 2538 1478 ἦσαν,
2573 1411 2829 1479 ἐκθύμως
2863 1411 3102 1479 ἐμάχετο
3131 1410 3200 1461 ⁷⁸.
3250 1409 3360 1460 Καὶ
3399 1406 3724 1474 τηνικαίτα

2135 1502 2182 1554 oi
2214 1501 2420 1554 τούτων
2455 1503 2674 1564 πλείους
2710 1504 3030 1556 πίπτουσιν.
3067 1503 3126 1554 Ὀ
3158 1500 3215 1553 δέ
3262 1516 3326 1565 γε
3382 1497 3723 1567 Καμύτζηε,

2139 1593 2258 1663 μετ’
2291 1593 2489 1661 ὀλίγων
2549 1593 2967 1662 καταλειφθεὶς,
3011 1593 3093 1644 ἔτι
3140 1591 3422 1660 ἀντείχετο
3468 1589 3572 1656 τῆς
3613 1589 3726 1657 μά-

2137 1701 2260 1754 χης.
2303 1685 2543 1755 Καιρίαν
2575 1686 2631 1739 δὲ
2679 1686 2707 1738 ὁ
2741 1687 2907 1747 ἵππος
2956 1685 3015 1737 ἐν
3051 1677 3096 1750 ᾧ
3141 1685 3409 1751 ἐπωχεῖτο
3453 1680 3728 1747 πληγεὶς,

2138 1779 2280 1832 κατά
2301 1779 2400 1847 γῆς
2427 1779 2671 1850 ἔρριπτο.
2709 1780 2766 1832 Ὁ
2793 1781 2849 1833 δέ
2883 1796 2947 1848 γε
2973 1777 3162 1832 τούτου
3185 1775 3503 1838 ἀδελφιδοῦς
3532 1777 3735 1828 Rata.-

2143 1870 2309 1939 ρὸδων
2339 1870 2480 1922 οὕτω
2519 1871 2862 1939 καλούμενος
2885 1911 2898 1932 ,
2938 1869 3149 1931 ἀποϐὰς
3203 1869 3297 1922 τοῦ
3325 1869 3460 1920 ἰδίου
3519 1867 3731 1928 ῐππου,

2136 1963 2330 2016 τοῦτον
2359 1963 2508 2033 αὐτῷ
2528 1964 2736 2017 δίδωσι.
2766 1965 2944 2032 Βαρὺς
2962 1964 3020 2015 δὲ
3047 1962 3122 2014 ὢν
3145 1966 3172 2015 ὁ
3200 1961 3338 2030 ἀνὴρ
3372 1962 3471 2013 καὶ
3507 1961 3733 2029 μέγας,

2140 2056 2336 2128 ῥαδίως
2360 2055 2454 2108 τοῦ
2479 2058 2645 2110 ἵππου
2683 2056 2940 2125 ἐπιϐῆναι
2971 2056 3070 2108 ούκ
3104 2051 3216 2124 εἶχε
3248 2072 3262 2085 ο
3300 2053 3456 2106 ἔνθεν
3486 2069 3573 2104 τοι
3625 2052 3739 2104 καὶ

2143 2153 2337 2221 μικρὸν
2373 2149 2705 2209 ἀναποδῐσας
2732 2147 2824 2200 ἐπί
2858 2164 2980 2199 τινα
3008 2145 3141 2216 δρῦν
3181 2143 3378 2198 ἑαυτὸν
3407 2143 3737 2211 προσερεε-

2142 2259 2239 2304 σας
2269 2243 2363 2294 καὶ
2390 2242 2480 2292 τὸν
2506 2240 2778 2309 ἀκινάκην
2806 2239 3180 2308 σπασάμενος,
3205 2238 3302 2298 τὰς
3325 2253 3386 2288 τε
3423 2234 3742 2296 σωζούσας

2138 2334 2503 2396 ἀπολωλεκὼς
2536 2332 2781 2394 ἐλπίδας,
2809 2331 2996 2383 ὁπόσοι
3028 2329 3214 2399 τούτῳ
3252 2327 3363 2380 τῶν
3398 2326 3741 2396 Βαρϐάρων

2141 2427 2538 2496 συμπλακῆναι
2602 2424 2982 2493 κατετόλμων,
3023 2421 3169 2474 κατά
3231 2435 3293 2486 γε
3347 2417 3585 2486 κόρυθος
3627 2418 3745 2470 καὶ

2139 2519 2306 2587 ὤμων
2351 2520 2446 2571 καὶ
2479 2519 2658 2570 αὐτῶν
2697 2517 2761 2584 δὴ
2796 2516 2905 2569 τῶν
2936 2514 3141 2585 χειρῶν
3179 2511 3359 2565 παίων
3394 2511 3497 2563 ούκ
3533 2511 3741 2562 ἐνεδξο

2138 2609 2251 2664 δου.
2293 2611 2420 2664 Ἐπί
2465 2611 2603 2664 πολὺ
2652 2609 2783 2676 γοῦν
2816 2607 3006 2660 τοῦτον
3048 2608 3315 2674 ἀνέχοντα
3382 2601 3638 2672 ὁρῶντες
3685 2603 3742 2654 οι

2139 2701 2419 2771 Βάρϐαροι
2460 2702 2556 2754 καὶ
2609 2699 2843 2761 πολλοὺς
2902 2696 3207 2760 κτείνοντα,
3244 2693 3472 2754 πολλοὺς
3523 2693 3582 2744 δὲ
3629 2693 3745 2744 καὶ

2137 2793 2538 2864 τιτρώσκοντα,
2565 2792 2979 2863 ύπεραγάμενοι
3005 2791 3102 2858 τὴν
3129 2787 3226 2842 τοῦ
3243 2787 3433 2856 ἀνδρὸς
3472 2785 3743 2853 τόλμαν,

2140 2889 2232 2940 καὶ
2255 2887 2312 2938 τδ
2337 2886 2611 2954 σταθηρδν
2640 2885 2804 2938 αὐτοῦ
2851 2883 3262 2951 Θαυμάσαντες,
3298 2880 3395 2949 τὴν
3424 2878 3743 2945 σωτηρίαν

2139 2977 2307 3030 αὐτοῦ
2341 2976 2428 3028 διὰ
2477 2976 2653 3028 ταῦτα
2713 2972 3251 3045 πραγματεύσασθαι
3301 2970 3740 3040 ἐϐουλήθησαν.

463 3072 741 3132 resumpta
779 3065 967 3120 fiducia
1023 3065 1244 3121 Barbari
1286 3071 1412 3124 totis
1454 3070 1648 3124 animis
1689 3071 2034 3128 imminebant

2152 3071 2210 3122 '0
2239 3068 2296 3122 δὲ
2343 3067 2764 3138 ἀρχισατράπης
2796 3065 3128 3136 Μουχούμετ
3171 3064 3269 3133 τὴν
3315 3061 3541 3127 κλῆσιν,
3585 3063 3743 3114 τοῦ-

465 3150 516 3204 in
565 3153 906 3206 occasionem
979 3156 1272 3211 ulciscendi
1335 3159 1628 3229 Camytzaa.
1707 3162 1840 3216 Cum
1906 3179 2034 3233 ergo

461 3242 848 3310 cognovisst‘nt
917 3249 1117 3302 morari
1182 3250 1360 3305 adhuc
1409 3266 1530 3305 eum
1607 3253 1753 3307 circa
1831 3254 2032 3309 Aurata

460 3347 779 3402 occupatum
837 3338 1137 3394 dividendae
1192 3341 1546 3397 reddeodmve
1612 3345 1849 3411 praedm,
1905 3362 2034 3414 Cap-

463 3426 691 3480 tivorum
727 3444 940 3497 quoque
964 3431 1334 3487 discernendis
1375 3433 1794 3502 differentiis,“
1829 3438 2028 3500 causis.

2130 3178 2222 3213 τον
2249 3161 2344 3214 καὶ
2377 3162 2547 3214 πάλαι
2577 3160 2888 3229 γινώσκων,
2917 3158 3015 3211 καὶ
3049 3155 3356 3225 τηνικαῦτα
3389 3158 3453 3209 ἀν
3467 3159 3743 3225 αγνωρί·

2135 3268 2256 3316 σας,
2291 3252 2594 3305 ἀνακόπτει
2635 3251 2734 3319 μὲν
2765 3250 2864 3318 τῆξ
2898 3249 3079 3318 ὁρμῆς
3127 3249 3254 3308 τοὺς
3281 3246 3428 3315 αὐτῷ
3464 3247 3742 3310 συμπλε-

2131 3345 2417 3415 κομένους,
2477 3344 2685 3406 ἀποϐὰς
2723 3343 2779 3396 δέ
2843 3341 2936 3394 τοῦ
3007 3340 3176 3394 ἵππου
3228 3338 3346 3408 μεθ’
3407 3332 3484 3390 ὧν
3546 3338 3736 3409 ἔτυχε

2131 3437 2472 3509 προσελθὼν,
2504 3437 2608 3506 ἔφη
2637 3452 2651 3467 ⁸
2695 3435 2787 3503 Μὴ
2844 3437 3132 3504 πρόκρινε
3189 3431 3299 3499 τῆς
3331 3431 3454 3496 σῆς
3509 3447 3738 3500 σωτη-

461 3520 686 3572 armatis
718 3521 1002 3576 confestim
1036 3533 1090 3576 et
1115 3539 1208 3591 per
1255 3533 1463 3580 turmas
1495 3525 1702 3580 eductis
1747 3529 2030 3584 ordinibus

2136 3533 2257 3597 ρίας
2295 3531 2401 3583 τὸν
2439 3529 2720 3591 θάνατον,
2775 3529 2937 3583 ἀλλὰ
2979 3527 3152 3580 δίδου
3207 3541 3311 3594 μοι
3369 3523 3546 3592 χεῖρα
3609 3526 3734 3576 καὶ

460 3611 578 3664 acie
614 3612 874 3666 instructa
929 3613 982 3666 in
1037 3624 1253 3669 uos-tros
1303 3616 1521 3669 irruunt
1553 3619 1726 3685 primo
1771 3619 2028 3675 diluculo.

458 3701 688 3755 Maxima
720 3718 844 3773 pars
883 3705 1112 3770 agminis
1144 3707 1412 3777 Camytza:
1443 3710 1507 3762 ad
1540 3711 1772 3778 primum
1809 3727 2029 3766 sensmn

461 3801 627 3847 tautae
646 3795 947 3863 ingruentis
971 3796 1334 3852 multitudinis
1355 3799 1646 3855 barbaricae
1663 3815 1810 3867 spem
1839 3802 2031 3856 salutis

459 3886 512 3937 in
561 3899 777 3940 matura
831 3888 952 3958 fuga
1013 3889 1213 3958 posuit.
1259 3890 1374 3959 Ipse
1404 3891 1508 3944 dux
1559 3907 1679 3944 cum
1717 3891 1933 3961 Scythis
1980 3901 2036 3948 et

456 3975 644 4044 Gallis,
699 3978 1064 4048 Romanisque
1118 3981 1181 4034 iis
1205 3981 1456 4034 omnibus
1497 3997 1633 4050 quos
1672 3981 1829 4050 paulo
1861 3998 2028 4052 gene-

2125 3622 2337 3682 σώζου.
2387 3623 2445 3674 '0
2473 3622 2528 3674 δὲ
2565 3622 2671 3674 ὑπὸ
2700 3621 2979 3673 τοσούτων
3006 3616 3540 3686 περιστοιχούμενον
3567 3617 3724 3668 ἐαυ-

2128 3714 2221 3766 τὸν
2246 3713 2390 3782 ὁρῶν
2419 3711 2516 3765 καὶ
2549 3713 2625 3782 μὴ
2651 3712 2791 3782 πρὸς
2829 3709 3126 3770 τοσούτους
3167 3709 3422 3778 ἀντέχειν
3483 3708 3570 3759 ἔτι
3614 3707 3728 3759 δυ-

2131 3803 2388 3872 νάμενον,
2423 3801 2608 3854 δίδωσι
2663 3803 2851 3872 χεῖρας
2890 3799 2968 3869 τῷ
3029 3788 3327 3868 Μαχούμετ
3370 3797 3441 3849 ⁷⁸.
3492 3796 3606 3848 Καὶ
3637 3795 3709 3858 ὃς

2129 3893 2370 3962 ἔφιππον
2390 3893 2579 3947 τοῦτον
2611 3893 2944 3955 ἐπιϐιϐάσας
2963 3892 3085 3953 τοὺς
3105 3890 3274 3944 αὐτοῦ
3299 3889 3470 3951 πόδας
3489 3889 3726 3956 δεσμεῖ,

2136 3984 2212 4046 ὼς
2246 3984 2320 4053 μὴ
2356 3984 2553 4054 ῥᾳδίως
2585 3983 2893 4053 ἀποδρᾶναι
2928 3981 3210 4034 δύνασθαι.

457 4072 688 4127 rosiores
749 4073 994 4129 militaris
1030 4074 1187 4128 ofllcii
1235 4076 1491 4140 cogitatio
1555 4090 1583 4129 a
1657 4077 2044 4133 consciscendo
2108 4079 2247 4148 fugae
2324 4080 2531 4150 ﬂagitio
2591 4088 2877 4144 tenuerat,
2930 4078 3226 4132 fortissime
3283 4091 3566 4147 pugnans,
3619 4075 3722 4129 ubi

456 4165 568 4218 suis
595 4166 799 4219 circum
831 4169 1102 4236 plerisque
1123 4170 1376 4223 omnibus
1395 4172 1615 4235 occisis,
1642 4173 2032 4240 deprehensum
2075 4191 2133 4230 se
2160 4191 2282 4229 cum
2312 4176 2498 4244 paucis
2555 4175 2611 4230 in
2664 4175 2838 4229 medio
2891 4175 3058 4240 vidit,
3145 4183 3322 4227 tamen
3399 4173 3724 4228 obfirmarit

455 4255 692 4310 animum
735 4256 787 4328 in
813 4257 1040 4310 consilio
1065 4260 1385 4325 quaerendae,
1411 4277 1506 4330 spe
1562 4263 1811 4318 vincendi
1859 4274 2090 4327 extorta,
2135 4267 2369 4320 honesta:
2411 4281 2558 4322 certe
2588 4269 2638 4320 in
2695 4268 2860 4322 armis
2929 4268 3101 4332 necis,
3157 4267 3372 4336 quando
3421 4266 3604 4318 letbali
3667 4261 3717 4316 ei

453 4348 678 4402 vulnere
707 4363 996 4414 percussus
1041 4366 1146 4418 quo
1177 4353 1474 4408 vehebatur
1505 4372 1678 4424 equus
1704 4398 1717 4420 ,
1755 4371 1976 4427 repente
2016 4361 2275 4415 concidit.
2305 4361 2476 4431 Prope
2527 4360 2714 4415 aderat
2771 4363 3030 4431 patruelis
3077 4362 3347 4432 Camytzte
3397 4360 3718 4415 Catarodon

457 4442 696 4497 nomine.
759 4443 808 4496 is
867 4447 1082 4512 proprio
1153 4445 1335 4499 statim
1411 4461 1551 4514 equo
1605 4450 1862 4504 desiliens
1941 4466 2064 4505 eum
2103 4452 2375 4524 Camytzae
2424 4444 2624 4510 Tradit.
2694 4453 2888 4509 Verum
2943 4454 3102 4508 bomo
3155 4463 3342 4508 vastus
3427 4462 3482 4506 et
3559 4451 3716 4522 gravi

456 4553 708 4607 corpore,
739 4554 858 4591 cum
883 4553 1079 4607 equum
1112 4540 1267 4592 facile
1290 4542 1656 4598 conscendere
1685 4558 1790 4597 nou
1825 4556 2024 4612 posset,
2069 4532 2344 4616 paululum
2403 4547 2750 4603 retrocedens
2804 4547 2869 4601 ad
2893 4547 3178 4616 quamdam
3247 4559 3513 4613 quercum
3604 4544 3714 4596 hu-

456 4631 620 4685 meris
665 4629 938 4699 applicitis
984 4630 1203 4697 stringit
1251 4632 1528 4688 acinacem
1583 4634 1868 4702 saluteque
1933 4638 2242 4706 desperata,
2310 4637 2576 4694 Barbaros
2601 4647 2869 4708 quotquot
2917 4639 3176 4692 accedere
3238 4634 3487 4689 coruinus
3542 4637 3715 4686 aude-

455 4735 596 4788 rent,
649 4725 703 4778 in
751 4727 962 4795 capite,
1019 4728 1071 4780 iu
1145 4729 1358 4782 cervice
1445 4729 1496 4783 in
1566 4731 1816 4786 manibus
1893 4735 2057 4787 vastis
2123 4735 2261 4788 haud
2341 4751 2574 4804 unquam
2621 4751 2842 4790 cessans
2897 4736 3092 4790 ictibus
3121 4733 3355 4801 petebat.
3420 4729 3710 4784 [iunctam

454 4817 668 4870 fortiter
734 4833 846 4873 rem
914 4828 1191 4888 gerentem
1255 4830 1309 4874 et
1378 4822 1561 4878 multis
1613 4824 1756 4879 circa
1820 4827 2015 4888 cassis,
2059 4826 2238 4880 multis
2269 4827 2584 4892 vulneratis,
2619 4828 2671 4880 in
2722 4841 2856 4881 nova
2889 4828 3066 4880 adlme
3128 4823 3362 4893 pericula
3436 4822 3711 4890 intrepide

453 4911 736 4988 durantem
786 4915 1082 4984 conspicati
1142 4915 1300 4987 loogo
1339 4915 1449 4983 jam
1521 4928 1760 4987 tempore
1806 4917 2047 4984 Barbari,
2117 4922 2473 4975 admiratione
2529 4936 2637 4975 nou
2711 4920 2871 4974 dubia
2926 4928 3185 4986 concepta
3246 4925 3412 4970 tautze
3484 4915 3708 4967 virtutis

456 5011 723 5072 tat‘tteeque
779 5009 1114 5074 constantia),
1176 5023 1395 5063 servare
1453 5020 1560 5063 tam
1596 5009 1787 5065 fortem
1847 5013 2016 5064 virum
2054 5014 2275 5067 omnino
2329 5015 2701 5069 decreverunt.
2751 5013 2830 5070 Ex
2883 5012 2968 5081 his
3030 5010 3402 5074 archisatrapa
3471 5006 3703 5061 Muthu-

454 5105 631 5150 metus
693 5097 820 5149 olim
873 5101 1046 5168 ipsum
1109 5116 1375 5164 noscens,
1445 5104 1885 5172 noscendumque
1944 5105 2017 5158 illi
2062 5113 2189 5159 tunc
2235 5107 2518 5174 exhibens,
2591 5120 2804 5164 cessare
2851 5119 2914 5158 ac
2967 5105 3232 5157 facessere
3282 5102 3438 5165 jubet
3518 5116 3708 5153 omnes

455 5188 545 5256 qui
577 5196 759 5240 contra
793 5205 912 5244 eum
961 5192 1288 5260 pugnabant.
1339 5191 1458 5260 ipse
1507 5206 1687 5248 autem
1713 5210 1852 5263 equo
1912 5197 2165 5251 desiliens
2231 5213 2350 5252 cum
2405 5198 2470 5252 iis
2527 5214 2663 5268 quos
2728 5201 2864 5252 forte
2912 5212 3092 5249 secum
3159 5195 3385 5256 habuit,
3482 5194 3706 5262 propius

454 5282 683 5345 accedit,
713 5282 988 5350 amicoque
1015 5288 1188 5339 virum
1223 5288 1304 5342 his
1339 5289 1450 5342 fere
1471 5290 1652 5344 verbis
1681 5290 2010 5360 alloquitur:
2090 5291 2174 5345 Ne
2233 5293 2396 5345 soluti
2446 5305 2698 5358 mortem,
2755 5307 2956 5360 quwso
2986 5301 3034 5344 te
3057 5331 3071 5352 ,
3134 5290 3422 5358 prmferas;
3499 5293 3594 5342 sed
3634 5293 3704 5342 da

451 5378 581 5432 mihi
614 5389 852 5438 manum,
891 5384 938 5425 et
975 5376 1148 5428 salvus
1179 5390 1305 5432 esto.
1379 5381 1456 5433 Ad
1525 5396 1586 5434 ea
1633 5382 1918 5453 Camytzes
1961 5397 2019 5437 se
2068 5398 2096 5434 a
2141 5392 2245 5436 tam
2282 5383 2467 5436 multis
2490 5397 2651 5434 unum
2683 5382 3107 5434 circumventum
3145 5381 3329 5433 videns
3355 5418 3370 5438 ,
3437 5394 3536 5431 nec
3593 5381 3701 5446 jam

450 5472 598 5526 vires
645 5465 886 5521 sentiens
935 5464 1094 5536 441
1155 5468 1499 5536 impressioui
1531 5475 1694 5527 variae
1730 5483 1810 5528 tot
1857 5474 2018 5528 simul
2059 5473 2482 5544 oppugnantium
2533 5473 2861 5527 sustinendae
2917 5486 3108 5540 pares:
3194 5487 3351 5524 manu
3380 5489 3408 5520 ιι
3483 5471 3704 5524 Maeliu-

451 5566 579 5620 meti
613 5565 703 5619 dat
737 5579 751 5618 :
787 5564 878 5633 qui
907 5563 954 5617 ei
989 5562 1038 5616 iu
1070 5576 1265 5629 equum
1311 5564 1560 5633 imposito
1593 5571 1780 5625 vinciri
1842 5573 2008 5641 pedes
2049 5571 2217 5641 jussit
2245 5585 2309 5623 ne
2341 5579 2519 5639 posset
2552 5570 2711 5624 elabi.

1526 5662 1720 5725 Variae
1753 5664 2064 5728 lectiones
2094 5681 2169 5729 ex
2204 5666 2343 5728 cod.
2379 5663 2646 5724 Coisltn.

537 5781 582 5812 ⁷⁵
611 5783 894 5851 ἐμάχοντο.
