3998 6206
366 315 499 377 1077

376 517 433 569 Ὀ
462 516 520 570 δέ
549 535 609 584 γε
637 519 1017 590 αὐτοκράτωρ,
1037 527 1441 595 στοχασάμενος
1468 529 1567 598 τῆς
1591 530 1838 598 ἀτραποῦ
1872 531 1944 583 δι’

361 605 429 675 ἧς
489 609 686 664 διιέναι
717 609 963 680 ἔμελλον,
996 614 1163 688 ἄλλην
1199 619 1580 689 τραπόμενος,
1613 623 1703 676 διά
1749 641 1808 676 τε
1842 628 1943 693 τῆς

362 701 604 764 Νικαίας
656 702 886 757 διελθὼν
944 707 1039 758 καὶ
1094 708 1203 762 τῶν
1250 711 1576 780 Μελαγίνων
1602 715 1644 744 ⁷⁷
1673 716 1808 784 (50),
1851 717 1945 768 καὶ

361 791 473 843 τῶν
503 790 648 846 οὕτω
679 793 1035 864 καλουμένων
1080 797 1389 855 Βασιλικῶν
1425 803 1631 871 (ταῦτα
1667 806 1721 858 δὲ
1756 805 1941 876 τέμπη

363 882 471 934 εἰσὶ
502 886 594 935 καὶ
623 885 880 940 δύσϐατοι
914 889 1181 960 ἀτραποὶ,
1210 894 1337 962 περὶ
1359 895 1458 958 τὰς
1489 897 1820 965 ἀκρολοφίας
1848 896 1944 950 τοῦ

375 973 654 1043 Ὀλύμπου
678 977 1040 1052 διακείμενα)
1061 1020 1076 1045 ,
1101 985 1432 1054 κατέρχεται
1458 988 1537 1050 είς
1563 987 1631 1040 τὰ
1664 988 1940 1055 ’Λληοινὰ,

365 1066 594 1119 κάκεῖσε
627 1069 1041 1140 καταλαμϐάνει
1090 1075 1190 1144 τὴν
1228 1076 1528 1146 Ἀκροκον,
1589 1079 1944 1150 ἐπειγόμενος

362 1158 808 1224 προκαταλαϐεῖν
855 1162 964 1216 ἀπὸ
1011 1163 1122 1216 τῶν
1157 1165 1475 1237 ἔμπροσθεν
1507 1169 1632 1232 τοὺς
1665 1171 1944 1241 Τούρκους

363 1249 459 1300 καὶ
505 1248 649 1304 οὓτω
677 1253 968 1322 καρτερῶς
1007 1257 1128 1323 μετ’
1173 1257 1355 1310 αὐτῶν
1384 1259 1623 1328 συνάψαι
1659 1262 1748 1314 τὸν
1781 1264 1943 1315 πόλε-

365 1357 488 1408 μον.
521 1342 582 1394 Οἱ
611 1341 690 1407 δὲ,
727 1344 862 1415 μηδὲ
897 1347 1089 1414 μνείαν
1137 1347 1278 1412 ὅλως
1335 1350 1646 1418 Ῥωμαϊκοῦ
1679 1357 1943 1426 στρατεύ-

365 1448 534 1498 ματος
565 1434 646 1496 είς
693 1435 818 1488 νοῦν
868 1437 1158 1501 λαϐόντες,
1193 1439 1286 1492 τὸν
1337 1441 1478 1495 κατὰ
1525 1443 1624 1512 τὴν
1671 1446 1944 1515 τέμπειαν

362 1525 708 1595 διακείμενον
735 1529 1040 1598 καλαμῶνα
1068 1532 1475 1598 καταλαϐόντες
1504 1535 1625 1589 ἐκεῖ
1651 1554 1754 1590 που
1787 1556 1945 1609 περι-

273 1635 292 1639 ’
362 1617 621 1684 χυθέντες
672 1621 966 1686 ἐξέκειντο.
1013 1623 1170 1676 Ἐπεὶ
1201 1624 1256 1677 δὲ
1310 1626 1606 1699 ἀπηγγέλη
1652 1629 1731 1700 τῷ
1776 1631 1942 1685 αὐτο..

363 1711 593 1781 κράτορι
644 1713 1013 1785 ἀπερχομένῳ
1061 1718 1184 1769 κατ’
1220 1717 1402 1772 αὐτῶν
1440 1720 1539 1790 τὴν
1587 1722 1812 1777 πεδιάδα
1842 1725 1944 1792 τῆς

361 1804 627 1871 τεμπείας
658 1808 786 1869 τοὺς
823 1807 1145 1877 Βαρϐἀρους
1202 1812 1537 1866 καταλαϐεῖν
1574 1814 1681 1868 ἀπὸ
1714 1817 1940 1889 διαστήο
1974 1791 2014 1846 Β

364 1911 536 1962 ματος
595 1896 807 1963 ίκανοῦ,
874 1899 937 1952 τὸ
987 1901 1307 1971 στράτευμα
1356 1904 1438 1967 είς
1491 1905 1730 1976 πολέμου
1775 1909 1941 1963 τόπον

361 1988 716 2056 καταστήσας
765 1988 858 2041 καὶ
917 1991 1406 2060 παραταξάμενος,
1465 1994 1780 2066 ἔμπροσοεν
1845 2000 1941 2068 μὲν

365 2079 781 2133 Κωνσταντῖνον
850 2081 937 2135 τὸν
1008 2083 1227 2154 Γαϐρᾶν
1306 2088 1400 2139 καὶ
1463 2088 1554 2140 τὸν
1613 2091 1941 2162 Μοναστρᾶν

363 2169 570 2234 ἔταξεν,
599 2171 682 2241 ἐφ’
711 2173 950 2246 ἑκάτερα
980 2176 1035 2228 δὲ
1074 2176 1250 2230 ἰλαδὸν
1280 2181 1635 2249 καταστήσας
1674 2182 1736 2236 τὸ
1769 2184 1939 2254 στράο

360 2277 559 2330 τευμα,
588 2265 686 2332 τὴν
703 2266 968 2336 οὐραγίαν
1001 2268 1077 2339 τῷ
1099 2269 1438 2344 Τζιπουρέλῃ
1463 2273 1650 2341 καὶτῷ
1683 2275 1929 2346 Ἀμπελᾷ

363 2355 564 2424 πολλὴν
600 2356 701 2426 τὴν
744 2358 836 2412 τοῦ
883 2361 1122 2431 πολέμου
1177 2366 1373 2432 πεῖραν
1411 2367 1474 2418 ἐκ
1526 2365 1738 2434 μακροῦ
1780 2368 1942 2438 ἐσχη-

363 2448 483 2500 κόσι
531 2448 766 2507 δέδωκε·
807 2451 868 2504 τὸ
911 2453 966 2505 δὲ
1002 2453 1169 2522 μέσον
1219 2457 1316 2526 τῆς
1371 2457 1732 2526 παρατάξεως
1778 2459 1942 2522 αὐτὸς

361 2540 562 2596 διέπων
613 2542 735 2605 ὅλας
805 2548 1168 2616 συνετάραττε
1225 2548 1548 2616 φάλαγγας,
1610 2551 1707 2603 καὶ
1766 2551 1942 2615 οὕτως

369 2632 560 2704 ὥσπερ
593 2636 857 2704 κεραυνὸς
897 2640 1008 2696 τοῖς
1045 2639 1312 2708 Τούρκοις
1348 2642 1632 2708 ἐμπεσὼν,
1671 2645 1942 2714 καρτερον

365 2723 457 2776 τδν
504 2725 622 2793 μετ’
672 2729 852 2782 αὐτῶν
903 2731 1106 2800 συνῆψε
1163 2732 1422 2802 πόλεμον.
1483 2735 1675 2787 Πολλοὶ
1711 2736 1808 2806 μὲν
1849 2733 1943 2791 οῦν

363 2817 672 2887 τηνικαῦτα
725 2821 1023 2875 κτείνονται
1087 2825 1196 2876 τῶν
1249 2824 1572 2896 Βαρϐάρων,
1620 2829 1941 2898 ἀγχεμάχου

357 2910 463 2979 τῆς
512 2912 693 2982 μάχης
748 2917 1064 2982 γεγονυίας’
1118 2916 1306 2969 πολλοὶ
1344 2917 1399 2970 δὲ
1450 2920 1544 2970 καὶ
1578 2919 1939 2989 δορυΟήρατοι

359 3003 603 3070 ἄγονται.
677 3006 739 3058 Οί
811 3006 867 3059 δὲ
942 3007 1019 3076 τῷ
1106 3009 1392 3078 καλαμῶνι
1459 3013 1943 3080 προσπεφευγότες

1619 329 2032 387 ALEXIADIS
2070 332 2215 394 LIB.
2261 337 2415 398 XIV.

446 425 610 478 Ἀλλὰ
651 428 826 481 ταῦτα
887 431 987 497 μὲν
1019 434 1089 485 τὰ
1122 434 1200 501 τῷ
1245 435 1536 508 Εύσταθίῳ
1572 439 1944 506 συμπεσόντα.
1979 439 2024 496 Δ

3488 354 3622 417 1078

2126 445 2393 502 lim-trtius
2445 452 2508 504 de
2539 466 2668 505 casu
2695 454 2985 514 Ettslathii.
3027 461 3094 515 At
3127 462 3413 528 imperator
3441 471 3620 530 provi-

2047 552 2165 589 sum
2203 541 2515 606 conjectura
2551 546 2738 599 callem
2769 563 2876 616 quo
2900 556 3236 619 progressuri
3288 567 3442 611 erant
3493 560 3622 611 Bar-

2051 630 2186 694 bari,
2218 633 2496 688 declinans
2523 636 2648 699 alin,
2699 639 2922 706 vitavit;
2959 653 3009 697 et
3051 658 3145 712 per
3178 644 3409 701 Niraaatn
3445 658 3623 702 trans-

2051 722 2209 792 iens,
2250 741 2452 796 perque
2518 729 2815 799 Melagina,
2869 743 2922 788 et
2979 751 3073 805 per
3122 751 3242 790 eum
3293 740 3466 796 locum
3533 743 3620 796 cui

2050 813 2279 870 Basilica
2313 833 2504 873 nomen
2536 830 2622 876 est
2645 822 2833 893 (valles
2861 825 2942 881 hae
2962 838 3090 882 sunt
3119 839 3357 898 angustae
3377 834 3624 902 ostiaqne

2049 921 2112 959 ac
2158 907 2455 964 difﬁtillimi
2515 920 2679 982 atque
2711 914 3109 984 impeditissimi
3162 933 3369 975 meatus
3418 924 3622 977 circum

2049 999 2256 1070 Olympi
2283 1000 2408 1071 jnga
2438 1005 2526 1058 siti
2551 1005 2569 1075 )
2597 1005 2878 1064 descendit
2902 1009 2953 1064 in
2983 1011 3158 1066 locum
3192 1014 3437 1069 Aletbina
3469 1031 3625 1070 vora-

2052 1100 2186 1152 tum,
2228 1093 2456 1162 indeque
2497 1099 2762 1152 Acrocum
2795 1115 2852 1155 se
2894 1103 3125 1166 confert,
3171 1107 3433 1161 festinans
3491 1124 3626 1177 prie,

2048 1197 2314 1250 occupare
2371 1202 2437 1239 ne
2477 1190 2686 1254 priores
2740 1205 2804 1244 eo
2849 1195 3191 1260 pervenirent
3251 1197 3412 1254 Turci
3470 1201 3622 1266 primi

2049 1274 2305 1340 agminis.
2338 1277 2657 1340 quibuscum
2687 1279 2782 1344 ibi,
2821 1293 3108 1350 antequam
3143 1289 3320 1341 cmteri
3353 1291 3622 1352 adessent.

2049 1366 2390 1441 eqmtnittere
2425 1367 2663 1435 praelium
2701 1372 3036 1429 decreverat.
3075 1374 3278 1431 llorum
3311 1388 3364 1433 et
3398 1381 3622 1435 [inomni

2048 1461 2214 1531 plane
2241 1463 2414 1516 omnis
2449 1478 2609 1532 quem
2635 1468 3055 1522 contemnebant
3080 1509 3094 1534 ,
3124 1487 3223 1525 nec
3251 1475 3341 1527 ubi
3376 1488 3466 1529 attt
3496 1479 3624 1546 quid

2049 1563 2254 1626 agent,
2285 1559 2508 1612 omnino
2561 1561 2663 1614 sibi
2722 1564 3020 1617 curandum
3055 1566 3465 1633 cogitandnmve
3501 1587 3626 1624 cen-

2049 1648 2261 1709 sebant,
2286 1649 2462 1704 seenri
2489 1651 2647 1705 Turci
2678 1667 2814 1722 quos
2846 1655 3106 1722 diximus,
3137 1659 3520 1714 arunrlinetum
3561 1663 3625 1713 ad

2050 1741 2206 1794 istam
2237 1742 2430 1796 vallem
2467 1743 2701 1811 positum
2735 1757 3024 1816 occupant,
3048 1748 3099 1802 in
3129 1750 3285 1820 idque
3309 1750 3622 1823 circumfusi

2044 1831 2401 1899 procumbunt
2433 1835 2654 1902 passim.
2692 1835 2765 1891 lbi
2809 1853 2931 1893 esse
2956 1839 3095 1904 illos,
3131 1855 3431 1909 secureqne
3467 1859 3625 1911 agere

2045 1923 2350 1977 nuntiatum
2393 1924 2708 1994 imperatori
2740 1935 2822 1981 est
2859 1937 3044 2004 contra
3080 1932 3225 2000 ipsos
3267 1935 3500 1987 venienti
3533 1952 3627 2002 per

2044 2013 2322 2082 planitiem
2356 2017 2510 2071 vallis
2537 2059 2551 2079 .
2590 2018 2681 2073 sed
2723 2021 2897 2074 adhuc
2953 2022 3230 2077 intervallo
3296 2025 3488 2080 idoneo
3545 2028 3626 2079 di-

2044 2107 2236 2161 etanti.
2265 2109 2364 2162 Hic
2390 2109 2478 2164 ille
2511 2111 2682 2166 aciem
2716 2112 2881 2166 struit
2913 2115 2962 2168 in
3006 2115 3148 2170 bunc
3178 2117 3418 2171 modum.
3447 2118 3624 2171 Primo

2044 2197 2244 2266 agmini
2277 2197 2453 2254 fronte
2481 2201 2710 2255 adversa
2744 2203 2989 2258 hostibus
3042 2204 3254 2272 nbjecto
3295 2208 3430 2262 duos
3484 2223 3622 2278 prm-

2046 2289 2174 2342 feeit
2237 2288 2656 2346 Constantinum
2720 2294 2952 2349 Gabram
3010 2306 3066 2350 et
3131 2297 3483 2354 Monastram.
3551 2301 3620 2355 Ex

2049 2391 2281 2449 utraque
2315 2384 2484 2439 latere
2516 2388 2790 2441 turmatim
2824 2390 3087 2457 reliquum
3118 2394 3415 2446 exercitum
3446 2395 3625 2461 dispo-

2043 2475 2170 2527 snil.
2209 2474 2545 2530 Postremum
2581 2493 2768 2546 agmen
2811 2479 3078 2548 Tzipureli
3124 2493 3174 2534 et
3227 2484 3464 2550 Ampelm
3496 2483 3624 2538 viris

2047 2565 2203 2634 longo
2239 2583 2338 2621 usu
2369 2570 2856 2637 experientissintis
2902 2574 2978 2624 rei
3022 2574 3226 2627 bellicre
3257 2615 3271 2638 ,
3330 2576 3621 2644 regendum

2044 2657 2474 2721 commendavit;
2509 2663 2736 2714 mediam
2773 2663 2886 2728 ipse
2918 2663 3018 2716 sibi
3052 2667 3284 2730 sumpsit
3336 2669 3621 2721 moderan-

2045 2750 2165 2801 dam
2197 2751 2390 2813 aciem,
2426 2766 2490 2806 ac
2518 2753 2810 2823 phalangas
2831 2766 3048 2824 aspectu
3071 2757 3425 2827 ingressuque
3451 2760 3624 2825 primo

2046 2841 2380 2895 contui-bans
2414 2852 2552 2897 totas
2575 2844 2814 2898 fulminis
2847 2862 2994 2900 more
3027 2849 3294 2916 modoque
3327 2851 3377 2902 in
3411 2850 3621 2905 Turcos

2048 2930 2228 2999 irruit,
2266 2948 2498 3001 aereque
2529 2950 2650 2989 cum
2684 2936 2748 2996 iis
2784 2937 3027 3006 prteliunt
3059 2942 3315 2993 conserit.
3337 2941 3612 2996 Admove-

2047 3033 2134 3078 tor
2154 3027 2220 3079 ad
2269 3041 2458 3080 manus
2505 3042 2705 3096 pugna.
2757 3028 2904 3084 Multi
2963 3033 3156 3085 cadunt
3213 3033 3618 3100 Barbarorum;

358 3094 498 3158 τέως
551 3093 836 3160 ἐσώζοντο.
889 3098 949 3151 ’0
996 3099 1053 3152 δὲ
1112 3101 1488 3170 αὐτοκράτωρ,
1537 3102 1802 3173 λαμπρὰν
1841 3106 1938 3176 τὴν

2043 3117 2197 3171 mulli
2243 3119 2546 3184 capiuntur.
2585 3119 2684 3172 Alii
2717 3135 2834 3174 sese
2869 3123 2919 3174 in
2960 3125 3270 3179 arundincae
3315 3126 3461 3180 silvte
3497 3143 3620 3195 pro-

357 3189 481 3242 κάτ’
523 3188 704 3242 αὐτῶν
760 3191 919 3259 νίκην
973 3191 1273 3262 ἀράμενος,
1303 3195 1442 3262 πρὸς
1491 3195 1584 3249 τὸν
1637 3197 1936 3267 καλαμῶνα

357 3282 755 3351 ἐπιστραφεὶς,
794 3283 1023 3336 ἔσπευδε
1077 3285 1333 3338 κάκεῖθεν
1371 3288 1597 3351 τούτους
1641 3290 1933 3345 ἀπελάσαι.

357 3372 420 3424 Ui
460 3373 514 3426 δὲ
561 3374 898 3445 στρατιῶται
937 3375 1027 3427 διὰ
1052 3377 1114 3428 τὸ
1147 3376 1421 3444 patre-se;
1471 3383 1567 3433 καὶ
1605 3383 1810 3435 πυκνὸν
1838 3384 1933 3436 τοῦ

353 3464 682 3534 καλαμῶνος
704 3467 778 3536 μὴ
808 3467 1099 3537 δυνάμενοι
1124 3469 1352 3522 εἰσιέναι
1383 3473 1439 3523 ἐν
1463 3472 1745 3544 ἀμηχανίᾳ
1767 3469 1930 3545 ἦσαν.

354 3556 462 3608 Καὶ
492 3555 573 3618 ὃς,
599 3557 912 3626 περιζώσας
949 3557 1038 3611 τὸν
1063 3559 1364 3629 καλαμῶνα
1404 3562 1490 3614 διὰ
1528 3562 1638 3614 τῶν
1671 3580 1935 3632 στρατιω-

350 3648 485 3715 τῶν,
509 3649 622 3719 πῦρ
650 3652 714 3704 ὲκ
743 3652 944 3720 μέρους
968 3651 1064 3705 τοῦ
1090 3653 1418 3722 καλαμῶνος
1437 3655 1656 3724 ἀφεῖναι
1683 3657 1931 3722 ἐπέταξε.

351 3740 560 3795 Τούτου
591 3743 648 3795 δὲ
678 3744 1014 3816 γενομένου,
1047 3746 1082 3814 ή
1126 3744 1260 3812 φλὸξ
1298 3748 1376 3808 είς
1413 3744 1545 3815 ὕψος
1577 3741 1714 3817 ἦρτο
1767 3748 1933 3818 μέγα.

352 3834 413 3884 0i
444 3833 500 3886 δὲ
536 3833 688 3897 έντδς
717 3835 1014 3904 φεύγοντες
1042 3837 1103 3891 τὸ
1129 3838 1264 3909 πῦρ,
1296 3841 1377 3902 είς
1408 3841 1507 3902 τὰς
1533 3841 1640 3893 τῶν
1667 3857 1934 3910 στρατιω·

345 3925 457 3978 τῶν
483 3925 776 3979 ἐνέπιπτον
807 3929 997 3997 χεῖρας
1019 3945 1034 3960 ο
1071 3929 1168 3983 καὶ
1200 3929 1406 3982 τούτων
1431 3930 1508 3995 δὲ,
1552 3933 1600 3984 oi
1656 3931 1755 4000 μὲν
1786 3950 1931 4001 παρ-

347 4017 614 4086 ανάλωμα
643 4018 829 4086 ξίφους
856 4019 1125 4088 ἐγίνοντο,
1144 4009 1192 4075 οἳ
1212 4021 1268 4075 δὲ
1292 4023 1424 4093 πρὸς
1450 4023 1537 4075 τὸν
1556 4024 1938 4094 αὐτοκράτορα

347 4107 570 4177 ἤγοντο.

2047 3208 2266 3262 fumium
2298 3208 2514 3277 penitus
2545 3210 2803 3264 abdentes
2836 3213 3086 3278 praesenti
3131 3222 3238 3264 ttnn
3268 3214 3484 3278 quidem
3517 3215 3616 3269 sibi

2043 3300 2281 3371 periculo
2347 3299 2584 3355 defuncti
2649 3301 2992 3356 videbantur.
3069 3303 3264 3357 Verum
3327 3305 3620 3374 imperator

2041 3391 2291 3444 omnibus
2321 3390 2411 3459 qui
2448 3391 2498 3443 in
2525 3406 2714 3460 campo
2743 3407 2878 3462 puro
2903 3403 3165 3449 steterant
3206 3397 3424 3466 egregie
3470 3397 3622 3448 devi-

2041 3479 2162 3542 ctis,
2198 3480 2435 3532 animum
2465 3480 2662 3548 adjecit
2691 3485 2756 3533 ad
2780 3498 2872 3535 eos
2901 3499 3117 3553 quoque
3149 3485 3236 3550 qui
3275 3485 3373 3539 sub
3391 3485 3616 3539 obtentu

2043 3573 2363 3625 arundinum
2395 3573 2736 3635 mussabant,
2769 3577 3118 3632 extrahendis
3159 3577 3303 3631 inde.
3344 3576 3616 3632 Cmterunt

2045 3660 2273 3714 Romani
2306 3675 2426 3714 cum
2457 3660 2758 3729 irrumpere
2782 3661 2833 3714 in
2863 3664 3061 3716 saltum
3111 3667 3302 3720 cannis
3343 3666 3612 3721 consitum

2044 3759 2317 3806 tentarent
2342 3751 2602 3820 uliginosa
2629 3752 2856 3808 mollitie
2892 3755 3148 3823 palustris
3171 3757 3298 3822 loci,
3332 3757 3610 3828 vestigium

2040 3844 2150 3898 alto
2187 3844 2296 3896 luto
2343 3844 2556 3911 penitus
2605 3846 2876 3900 sorbentis
2922 3847 3353 3906 deterrebantur.
3405 3850 3615 3905 Pende-

2040 3937 2170 3990 bant
2226 3935 2564 3990 dubitatione
2612 3938 2826 4000 cuncti,
2877 3952 3037 4005 quam
3092 3941 3340 4008 praesenti
3387 3942 3617 3996 consilio

2043 4032 2314 4098 Augustus
2348 4027 2637 4095 expedivit.
2668 4026 3056 4092 Jubet_corana
3091 4033 3324 4102 undique
3377 4044 3614 4088 armato-

2046 4134 2161 4172 rum
2215 4117 2564 4185 circnmcingi
2621 4118 3047 4182 arundinetum;
3109 4130 3221 4174 tum
3275 4122 3328 4176 in
3396 4122 3446 4176 id
3507 4137 3612 4176 una

347 4207 634 4260 dumtaxat
670 4221 734 4261 ex
761 4217 915 4278 parte
946 4210 1264 4282 ignesinjici
1297 4213 1651 4280 ;ardentibus
1697 4227 1919 4285 repente
1941 4218 2101 4273 densa
2135 4217 2289 4284 capia
2327 4215 2514 4269 cannis
2537 4215 2783 4286 exsurgit
2810 4216 2915 4272 alte
2963 4217 3175 4272 llatnma
3202 4258 3218 4282 ,
3291 4207 3446 4289 cujus
3504 4219 3609 4274 vim

349 4302 510 4357 'l‘urci
547 4315 847 4361 metuentes
897 4322 928 4362 e
976 4309 1290 4378 periculosis
1339 4309 1556 4365 latebris
1604 4310 1658 4366 in
1711 4325 1901 4367 manus
1954 4322 2291 4390 nostrorum,
2319 4310 2680 4368 obsidentium
2736 4313 3002 4384 fugientes
3051 4315 3353 4370 inciderunt
3400 4332 3610 4372 omnes-

348 4398 552 4451 Herum
582 4414 708 4468 pars
738 4401 914 4470 gladio
940 4401 1212 4472 absumpti
1239 4445 1254 4467 ,
1291 4421 1419 4474 pars
1444 4407 1507 4458 ad
1541 4408 1923 4479 imperatorem
1959 4407 2064 4460 vivi
2095 4407 2241 4462 ducti
2263 4418 2411 4462 sunt.
3255 4409 3259 4426 '

429 4490 590 4544 Ἀλλὰ
629 4493 804 4546 ταῦτα
843 4495 942 4562 μὲν
977 4494 1044 4548 τὰ
1092 4498 1237 4550 κατὰ
1269 4501 1396 4563 τοὺς
1427 4503 1537 4554 ἀπὸ
1578 4505 1674 4557 τοῦ
1719 4503 1920 4573 Καρμὲ

2103 4501 2372 4558 Hactenus
2404 4504 2468 4557 de
2497 4518 2554 4557 re
2584 4512 2734 4571 gesta
2772 4505 3030 4557 adversus
3061 4519 3154 4557 eos
3195 4505 3462 4557 Barbaros
3506 4505 3604 4570 qui

349 4582 711 4648 κατελθόντας
766 4583 1106 4656 Βαρϐἀρους.
1151 4590 1212 4643 '0
1245 4591 1303 4646 δὲ
1361 4594 1541 4664 ’Λμὴρ
1572 4596 1922 4666 Μουχούμετ,

350 4675 688 4745 μεμαθηκὼς
733 4679 832 4746 τὴν
886 4682 1176 4752 συμφορὰν
1226 4685 1328 4756 τὴν
1375 4687 1505 4755 περὶ
1534 4687 1660 4748 τοὺς
1693 4687 1802 4739 ἀπὸ
1831 4684 1927 4737 τοῦ

348 4769 546 4836 Καρμὲ
594 4767 1073 4838 Μουσουλμὰνους,
1107 4775 1338 4828 κατόπιν
1377 4777 1541 4838 εὐθὺς
1580 4775 1798 4829 ἐλαύνει
1831 4775 1926 4828 τοῦ
1955 4817 1960 4820 .

349 4859 617 4928 βασιλέως
673 4860 895 4923 ἐνωθεὶς
955 4864 1092 4932 μετά
1127 4865 1236 4919 τῶν
1293 4867 1434 4920 κατὰ
1472 4867 1571 4936 τὴν
1629 4867 1814 4919 Ἀσίαν
1848 4868 1927 4918 oi-

348 4948 594 5002 κούντων
663 4951 1070 5022 Τουρκομάνων
1132 4957 1227 5008 καὶ
1288 4957 1399 5010 τῶν
1467 4958 1692 5012 λοιπῶν.
1762 4959 1925 5011 Ὥστε

2033 4611 2061 4650 a
2097 4597 2294 4651 Carme
2322 4597 2732 4651 descenderant.
2781 4595 2944 4665 442
2997 4595 3071 4648 De
3115 4611 3220 4662 qua
3267 4605 3325 4648 ut
3373 4599 3604 4660 primunt

2031 4685 2207 4740 factus
2254 4694 2338 4739 est
2393 4687 2590 4738 certior
2644 4686 2808 4738 Amer
2857 4686 3190 4750 Maeliumet,
3255 4692 3475 4752 repente
3531 4695 3608 4739 tet

2032 4775 2492 4829 Musnlmanorun't
2534 4773 2720 4828 ulcisci
2755 4773 2963 4828 cladem
2997 4773 3237 4840 cupiens,
3287 4774 3516 4830 infestus
3553 4777 3604 4830 itt

2031 4868 2421 4935 imperatorem
2452 4866 2636 4925 movit,
2663 4865 2867 4935 junctis
2921 4865 3082 4918 etiam
3118 4866 3219 4920 sil-i
3250 4866 3605 4922 'I‘urcomanis

2029 4959 2118 5026 qui
2149 4974 2242 5027 per
2279 4959 2458 5012 Asiam
2493 4960 2781 5031 degebant,
2811 4959 3056 5028 aliisque.
3101 4959 3282 5030 Itaque
3313 4972 3438 5016 tunc.
3472 4981 3605 5016 con-

1386 5072 1586 5133 Varim
1623 5070 1935 5134 lectiones
1973 5088 2051 5133 ex
2084 5072 2224 5133 cod.
2253 5072 2522 5134 Coislin.

414 5163 461 5196 ⁷⁸
492 5163 844 5233 Μαλαγίνων.

1381 5257 1521 5318 Car.
1572 5253 1894 5317 Dufresnit
1930 5253 2028 5312 Du
2059 5255 2281 5338 Cangii
2322 5273 2508 5326 notae.

418 5356 530 5422 (50)
563 5359 974 5428 Μελαγγίνων.
1009 5356 1274 5426 Oppidum
1303 5359 1372 5428 ad
1422 5355 1708 5426 Olympum
1764 5370 1917 5428 mon-

345 5433 452 5479 tem
487 5428 598 5496 (qui
634 5425 816 5496 Mysiae
842 5428 1258 5496 cognominatur
1290 5442 1316 5480 a
1350 5425 1663 5483 Ptolemreo.
1695 5435 1748 5479 et
1769 5425 1912 5478 (Inn-

345 5487 608 5560 stantino,
636 5487 728 5551 lib.
773 5515 782 5550 I
820 5487 1170 5564 Deli/temet.)
1217 5498 1345 5550 olim
1399 5497 1744 5562 Μελάγγεια,
1799 5510 1915 5564 :tfvo

345 5567 635 5620 recentiori
686 5567 952 5633 Μάλαγνα
994 5579 1380 5629 nuncupatum,
1427 5580 1483 5619 ιιι
1519 5581 1602 5620 est
1632 5565 1771 5633 apud
1811 5563 1915 5615 Ζο-

343 5651 532 5714 nar_attt
566 5637 620 5688 in
646 5637 924 5714 Micltaele,
953 5653 1046 5692 seu
1076 5637 1388 5714 Μαλὰγινα,
1416 5647 1478 5714 ut_
1499 5647 1596 5714 est
1629 5636 1770 5714 ittﬂvtt
1828 5651 1917 5714 sy_-

343 5707 484 5756 nodo
540 5709 893 5770 (ecumenica,
928 5723 1047 5774 pag.
1098 5708 1222 5769 475,
1276 5711 1408 5762 edit.
1460 5708 1619 5760 1618.
1668 5707 1918 5760 Oet‘III‘I'it

346 5777 492 5841 p-inr
557 5777 847 5846 appellatio
904 5778 1040 5846 apud
1077 5777 1485 5848 Tltmpbanezn,
1537 5796 1625 5842 an.
1680 5778 1700 5828 -1
1747 5776 1910 5829 Nine-

2024 5355 2178 5422 pltori
2227 5364 2472 5435 general.
2524 5364 2764 5435 Nlt‘t‘lmll
2822 5365 2871 5415 ῐτι
2914 5366 3052 5420 Matt.
3084 5370 3178 5426 lib.
3218 5387 3255 5435 l,
3291 5387 3345 5424 tt.
3378 5372 3453 5435 9;
3500 5371 3592 5423 lib.

2025 5441 2107 5486 ιιι,
2142 5444 2195 5479 n.
2340 5449 2392 5485 ll.
2431 5433 2499 5498 Ως
2536 5434 2740 5509 _Alexio
2773 5435 2867 5509 lib.
2892 5438 2932 5498 l.
2975 5451 3027 5490 et
3056 5430 3460 5509 Paebynterem.
3497 5441 3592 5493 lib.

2019 5510 2074 5570 tt.
2103 5513 2222 5570 cap:
2249 5502 2312 5561 8;
2348 5505 2616 5568 posterior
2649 5509 2786 5568 apud
2821 5508 3050 5570 Annam,
3084 5509 3177 5561 lib.
3203 5502 3321 5564 ’Χνε
3361 5508 3596 5561 Landnl-

2022 5566 2130 5618 funt
2184 5566 2375 5644 Sagae.
2415 5573 2508 5624 lib.
2548 5566 2692 5627 χχιιι
2716 5585 2768 5625 et
2841 5594 2986 5636 xxw,
3041 5566 3180 5642 apud
3239 5592 3395 5644 quent
3457 5580 3595 5631 male

2020 5640 2222 5690 edilunt
2255 5639 2551 5714 Malagma,
2579 5644 2979 5714 prnjlulugna.
3011 5639 3444 5699 Montent'fuisse
3474 5649 3595 5712 Opi-

2021 5719 2185 5762 natur
2218 5710 2299 5764 vir
2322 5710 2572 5781 magnus,
2603 5725 2654 5768 at
2675 5710 2890 5769 Nicetes
2916 5717 3114 5770 diserte
3137 5716 3389 5784 oppidum
3413 5710 3590 5772 vocat.
