  <div class='ocr_page' id='page_1' title='image "/cluster/home/n/w/nwhite01/storage/ocr_20150623/131/hvd.32044073502379/561.png"; bbox 0 0 3998 6206; ppageno 0'>
   <div class='ocr_carea' id='block_1_1' title="bbox 510 297 647 362">
    <p class='ocr_par' dir='ltr' id='par_1_1' title="bbox 510 297 647 362">
     <span class='ocr_line' id='line_1_1' title="bbox 510 297 647 362; baseline 0.015 -2"><span class='ocrx_word' id='word_1_1' title='bbox 510 297 647 362; x_wconf 76' lang='grc'><strong>10⁸19</strong></span> 
     </span>
    </p>
   </div>
   <div class='ocr_carea' id='block_1_2' title="bbox 511 502 2080 573">
    <p class='ocr_par' dir='ltr' id='par_1_2' title="bbox 511 502 2080 573">
     <span class='ocr_line' id='line_1_2' title="bbox 511 502 2080 573; baseline 0.006 -17"><span class='ocrx_word' id='word_1_2' title='bbox 511 502 678 570; x_wconf 89' lang='lat' dir='ltr'><strong>hosti,</strong></span> <span class='ocrx_word' id='word_1_3' title='bbox 725 504 886 559; x_wconf 84' lang='lat' dir='ltr'><strong>simul</strong></span> <span class='ocrx_word' id='word_1_4' title='bbox 924 521 953 559; x_wconf 86' lang='lat' dir='ltr'><strong>a</strong></span> <span class='ocrx_word' id='word_1_5' title='bbox 988 516 1139 573; x_wconf 81' lang='lat' dir='ltr'><strong>tergo</strong></span> <span class='ocrx_word' id='word_1_6' title='bbox 1169 505 1368 560; x_wconf 76' lang='lat' dir='ltr'><strong>habere</strong></span> <span class='ocrx_word' id='word_1_7' title='bbox 1426 507 1633 564; x_wconf 75' lang='lat' dir='ltr'><strong>hostem</strong></span> <span class='ocrx_word' id='word_1_8' title='bbox 1690 511 1921 565; x_wconf 89' lang='lat' dir='ltr'><strong>alterum</strong></span> <span class='ocrx_word' id='word_1_9' title='bbox 1980 511 2080 565; x_wconf 89' lang='lat' dir='ltr'><strong>sibi</strong></span> 
     </span>
    </p>
   </div>
   <div class='ocr_carea' id='block_1_3' title="bbox 508 593 2083 666">
    <p class='ocr_par' dir='ltr' id='par_1_3' title="bbox 508 593 2083 666">
     <span class='ocr_line' id='line_1_3' title="bbox 508 593 2083 666; baseline 0.008 -22"><span class='ocrx_word' id='word_1_10' title='bbox 508 593 748 648; x_wconf 83' lang='lat' dir='ltr'><strong>vicissim</strong></span> <span class='ocrx_word' id='word_1_11' title='bbox 770 595 1083 650; x_wconf 76' lang='lat' dir='ltr'><strong>instantem.</strong></span> <span class='ocrx_word' id='word_1_12' title='bbox 1113 594 1244 649; x_wconf 84' lang='lat' dir='ltr'><strong>Nam</strong></span> <span class='ocrx_word' id='word_1_13' title='bbox 1277 612 1410 666; x_wconf 89' lang='lat' dir='ltr'><strong>quos</strong></span> <span class='ocrx_word' id='word_1_14' title='bbox 1439 598 1671 654; x_wconf 89' lang='lat' dir='ltr'><strong>ducebat</strong></span> <span class='ocrx_word' id='word_1_15' title='bbox 1717 600 2083 656; x_wconf 76' lang='lat' dir='ltr'><strong>Maelmmetes</strong></span> 
     </span>
    </p>
   </div>
   <div class='ocr_carea' id='block_1_4' title="bbox 511 684 2082 762">
    <p class='ocr_par' dir='ltr' id='par_1_4' title="bbox 511 684 2082 762">
     <span class='ocr_line' id='line_1_4' title="bbox 511 684 2082 762; baseline 0.007 -24"><span class='ocrx_word' id='word_1_16' title='bbox 511 684 757 750; x_wconf 87' lang='lat' dir='ltr'><strong>Barbari,</strong></span> <span class='ocrx_word' id='word_1_17' title='bbox 784 690 1006 759; x_wconf 83' lang='lat' dir='ltr'><strong>vestigia</strong></span> <span class='ocrx_word' id='word_1_18' title='bbox 1065 691 1409 760; x_wconf 79' lang='lat' dir='ltr'><strong>imperatoris</strong></span> <span class='ocrx_word' id='word_1_19' title='bbox 1439 692 1788 762; x_wconf 88' lang='lat' dir='ltr'><strong>indagatione</strong></span> <span class='ocrx_word' id='word_1_20' title='bbox 1837 700 1949 749; x_wconf 86' lang='lat' dir='ltr'><strong>acri</strong></span> <span class='ocrx_word' id='word_1_21' title='bbox 1982 712 2082 749; x_wconf 87' lang='lat' dir='ltr'><strong>cu-</strong></span> 
     </span>
    </p>
   </div>
   <div class='ocr_carea' id='block_1_5' title="bbox 509 778 2082 857">
    <p class='ocr_par' dir='ltr' id='par_1_5' title="bbox 509 778 2082 857">
     <span class='ocr_line' id='line_1_5' title="bbox 509 778 2082 857; baseline 0.008 -26"><span class='ocrx_word' id='word_1_22' title='bbox 509 778 622 846; x_wconf 72' lang='lat' dir='ltr'><strong>p‘di</strong></span> <span class='ocrx_word' id='word_1_23' title='bbox 658 782 978 847; x_wconf 91' lang='lat' dir='ltr'><strong>premebant</strong></span> <span class='ocrx_word' id='word_1_24' title='bbox 1010 800 1025 836; x_wconf 91' lang='lat'><strong>:</strong></span> <span class='ocrx_word' id='word_1_25' title='bbox 1057 782 1276 837; x_wconf 79' lang='lat' dir='ltr'><strong>interim</strong></span> <span class='ocrx_word' id='word_1_26' title='bbox 1302 784 1425 838; x_wconf 90' lang='lat' dir='ltr'><strong>dum</strong></span> <span class='ocrx_word' id='word_1_27' title='bbox 1458 786 1730 856; x_wconf 83' lang='lat' dir='ltr'><strong>Augustus</strong></span> <span class='ocrx_word' id='word_1_28' title='bbox 1759 789 1872 857; x_wconf 90' lang='lat' dir='ltr'><strong>ipse</strong></span> <span class='ocrx_word' id='word_1_29' title='bbox 1889 789 2082 842; x_wconf 85' lang='lat' dir='ltr'><strong>utrim-</strong></span> 
     </span>
    </p>
   </div>
   <div class='ocr_carea' id='block_1_6' title="bbox 511 872 2080 942">
    <p class='ocr_par' dir='ltr' id='par_1_6' title="bbox 511 872 2080 942">
     <span class='ocr_line' id='line_1_6' title="bbox 511 872 2080 942; baseline 0.008 -21"><span class='ocrx_word' id='word_1_30' title='bbox 511 884 614 936; x_wconf 86' lang='lat' dir='ltr'><strong>que</strong></span> <span class='ocrx_word' id='word_1_31' title='bbox 643 872 951 936; x_wconf 79' lang='lat' dir='ltr'><strong>conclusus,</strong></span> <span class='ocrx_word' id='word_1_32' title='bbox 981 888 1073 930; x_wconf 87' lang='lat' dir='ltr'><strong>eos</strong></span> <span class='ocrx_word' id='word_1_33' title='bbox 1096 875 1183 942; x_wconf 88' lang='lat' dir='ltr'><strong>qui</strong></span> <span class='ocrx_word' id='word_1_34' title='bbox 1211 892 1242 930; x_wconf 90' lang='lat' dir='ltr'><strong>a</strong></span> <span class='ocrx_word' id='word_1_35' title='bbox 1277 876 1474 931; x_wconf 88' lang='lat' dir='ltr'><strong>Carme</strong></span> <span class='ocrx_word' id='word_1_36' title='bbox 1526 893 1791 933; x_wconf 77' lang='lat' dir='ltr'><strong>venerant</strong></span> <span class='ocrx_word' id='word_1_37' title='bbox 1845 890 1968 934; x_wconf 84' lang='lat' dir='ltr'><strong>ante</strong></span> <span class='ocrx_word' id='word_1_38' title='bbox 2020 895 2080 934; x_wconf 84' lang='lat' dir='ltr'><strong>se</strong></span> 
     </span>
    </p>
   </div>
   <div class='ocr_carea' id='block_1_7' title="bbox 507 959 2079 1037">
    <p class='ocr_par' dir='ltr' id='par_1_7' title="bbox 507 959 2079 1037">
     <span class='ocr_line' id='line_1_7' title="bbox 507 959 2079 1037; baseline 0.01 -29"><span class='ocrx_word' id='word_1_39' title='bbox 507 959 710 1025; x_wconf 90' lang='lat' dir='ltr'><strong>positos</strong></span> <span class='ocrx_word' id='word_1_40' title='bbox 740 962 1150 1033; x_wconf 72' lang='lat' dir='ltr'><strong>inseptebatur.</strong></span> <span class='ocrx_word' id='word_1_41' title='bbox 1191 966 1296 1022; x_wconf 89' lang='lat' dir='ltr'><strong>Sed</strong></span> <span class='ocrx_word' id='word_1_42' title='bbox 1330 967 1468 1023; x_wconf 89' lang='lat' dir='ltr'><strong>bene</strong></span> <span class='ocrx_word' id='word_1_43' title='bbox 1505 969 1667 1024; x_wconf 87' lang='lat' dir='ltr'><strong>habet</strong></span> <span class='ocrx_word' id='word_1_44' title='bbox 1690 971 1832 1037; x_wconf 84' lang='lat' dir='ltr'><strong>quod</strong></span> <span class='ocrx_word' id='word_1_45' title='bbox 1870 982 2079 1024; x_wconf 81' lang='lat' dir='ltr'><strong>mature</strong></span> 
     </span>
    </p>
   </div>
   <div class='ocr_carea' id='block_1_8' title="bbox 506 1050 2078 1126">
    <p class='ocr_par' dir='ltr' id='par_1_8' title="bbox 506 1050 2078 1126">
     <span class='ocr_line' id='line_1_8' title="bbox 506 1050 2078 1126; baseline 0.008 -25"><span class='ocrx_word' id='word_1_46' title='bbox 506 1050 673 1104; x_wconf 87' lang='lat' dir='ltr'><strong>altera</strong></span> <span class='ocrx_word' id='word_1_47' title='bbox 728 1068 793 1107; x_wconf 80' lang='lat' dir='ltr'><strong>ex</strong></span> <span class='ocrx_word' id='word_1_48' title='bbox 856 1064 1004 1122; x_wconf 89' lang='lat' dir='ltr'><strong>parte</strong></span> <span class='ocrx_word' id='word_1_49' title='bbox 1054 1057 1344 1126; x_wconf 84' lang='lat' dir='ltr'><strong>gloriosum</strong></span> <span class='ocrx_word' id='word_1_50' title='bbox 1403 1059 1527 1114; x_wconf 78' lang='lat' dir='ltr'><strong>sibi.</strong></span> <span class='ocrx_word' id='word_1_51' title='bbox 1559 1061 1764 1113; x_wconf 81' lang='lat' dir='ltr'><strong>exitum</strong></span> <span class='ocrx_word' id='word_1_52' title='bbox 1815 1061 2078 1116; x_wconf 87' lang='lat' dir='ltr'><strong>vincendo</strong></span> 
     </span>
    </p>
   </div>
   <div class='ocr_carea' id='block_1_9' title="bbox 509 1141 2076 1219">
    <p class='ocr_par' dir='ltr' id='par_1_9' title="bbox 509 1141 2076 1219">
     <span class='ocr_line' id='line_1_9' title="bbox 509 1141 2076 1219; baseline 0.012 -30"><span class='ocrx_word' id='word_1_53' title='bbox 509 1141 651 1208; x_wconf 88' lang='lat' dir='ltr'><strong>rupit</strong></span> <span class='ocrx_word' id='word_1_54' title='bbox 682 1142 1014 1211; x_wconf 75' lang='lat' dir='ltr'><strong>deprehensa</strong></span> <span class='ocrx_word' id='word_1_55' title='bbox 1042 1148 1216 1202; x_wconf 85' lang='lat' dir='ltr'><strong>virtus</strong></span> <span class='ocrx_word' id='word_1_56' title='bbox 1251 1167 1263 1202; x_wconf 93' lang='lat'>:</span> <span class='ocrx_word' id='word_1_57' title='bbox 1307 1150 1766 1219; x_wconf 83' lang='lat' dir='ltr'><strong>seenrusquejam</strong></span> <span class='ocrx_word' id='word_1_58' title='bbox 1802 1151 2076 1208; x_wconf 78' lang='lat' dir='ltr'><strong>Romanus</strong></span> 
     </span>
    </p>
   </div>
   <div class='ocr_carea' id='block_1_10' title="bbox 509 1232 2079 1306">
    <p class='ocr_par' dir='ltr' id='par_1_10' title="bbox 509 1232 2079 1306">
     <span class='ocr_line' id='line_1_10' title="bbox 509 1232 2079 1306; baseline 0.01 -23"><span class='ocrx_word' id='word_1_59' title='bbox 509 1232 764 1302; x_wconf 81' lang='lat' dir='ltr'><strong>ancipitis</strong></span> <span class='ocrx_word' id='word_1_60' title='bbox 791 1236 939 1301; x_wconf 66' lang='lat' dir='ltr'><strong>mali,</strong></span> <span class='ocrx_word' id='word_1_61' title='bbox 974 1254 1107 1306; x_wconf 87' lang='lat' dir='ltr'><strong>quas</strong></span> <span class='ocrx_word' id='word_1_62' title='bbox 1150 1241 1216 1293; x_wconf 88' lang='lat' dir='ltr'><strong>ad</strong></span> <span class='ocrx_word' id='word_1_63' title='bbox 1247 1242 1642 1296; x_wconf 78' lang='lat' dir='ltr'><strong>conﬁciendum</strong></span> <span class='ocrx_word' id='word_1_64' title='bbox 1693 1245 1901 1298; x_wconf 82' lang='lat' dir='ltr'><strong>hostem</strong></span> <span class='ocrx_word' id='word_1_65' title='bbox 1946 1245 2079 1299; x_wconf 86' lang='lat' dir='ltr'><strong>alte-</strong></span> 
     </span>
    </p>
   </div>
   <div class='ocr_carea' id='block_1_11' title="bbox 507 1324 2077 1402">
    <p class='ocr_par' dir='ltr' id='par_1_11' title="bbox 507 1324 2077 1402">
     <span class='ocr_line' id='line_1_11' title="bbox 507 1324 2077 1402; baseline 0.01 -28"><span class='ocrx_word' id='word_1_66' title='bbox 507 1338 627 1375; x_wconf 90' lang='lat' dir='ltr'><strong>rum</strong></span> <span class='ocrx_word' id='word_1_67' title='bbox 664 1324 804 1379; x_wconf 84' lang='lat' dir='ltr'><strong>vires</strong></span> <span class='ocrx_word' id='word_1_68' title='bbox 842 1328 999 1381; x_wconf 90' lang='lat' dir='ltr'><strong>modo</strong></span> <span class='ocrx_word' id='word_1_69' title='bbox 1023 1339 1141 1382; x_wconf 90' lang='lat' dir='ltr'><strong>erat</strong></span> <span class='ocrx_word' id='word_1_70' title='bbox 1173 1327 1401 1384; x_wconf 80' lang='lat' dir='ltr'><strong>feliciter</strong></span> <span class='ocrx_word' id='word_1_71' title='bbox 1423 1339 1697 1400; x_wconf 80' lang='lat' dir='ltr'><strong>expertus,</strong></span> <span class='ocrx_word' id='word_1_72' title='bbox 1719 1347 1811 1386; x_wconf 88' lang='lat' dir='ltr'><strong>eas</strong></span> <span class='ocrx_word' id='word_1_73' title='bbox 1840 1332 2077 1402; x_wconf 85' lang='lat' dir='ltr'><strong>integras</strong></span> 
     </span>
    </p>
   </div>
   <div class='ocr_carea' id='block_1_12' title="bbox 509 1402 2074 1490">
    <p class='ocr_par' dir='ltr' id='par_1_12' title="bbox 509 1402 2074 1490">
     <span class='ocr_line' id='line_1_12' title="bbox 509 1402 2074 1490; baseline 0.01 -28"><span class='ocrx_word' id='word_1_74' title='bbox 509 1420 563 1463; x_wconf 90' lang='lat' dir='ltr'><strong>et</strong></span> <span class='ocrx_word' id='word_1_75' title='bbox 587 1411 782 1466; x_wconf 89' lang='lat' dir='ltr'><strong>Iidncia</strong></span> <span class='ocrx_word' id='word_1_76' title='bbox 815 1414 918 1468; x_wconf 69' lang='lat' dir='ltr'><strong>laati</strong></span> <span class='ocrx_word' id='word_1_77' title='bbox 971 1431 1255 1474; x_wconf 84' lang='lat' dir='ltr'><strong>successus</strong></span> <span class='ocrx_word' id='word_1_78' title='bbox 1301 1402 1486 1475; x_wconf 75' lang='lat' dir='ltr'><strong>auctas</strong></span> <span class='ocrx_word' id='word_1_79' title='bbox 1530 1422 1583 1475; x_wconf 90' lang='lat' dir='ltr'><strong>in</strong></span> <span class='ocrx_word' id='word_1_80' title='bbox 1638 1422 1845 1490; x_wconf 83' lang='lat' dir='ltr'><strong>reliqua</strong></span> <span class='ocrx_word' id='word_1_81' title='bbox 1872 1443 1899 1473; x_wconf 83' lang='grc' dir='ltr'><strong>ιι</strong></span> <span class='ocrx_word' id='word_1_82' title='bbox 1950 1425 2074 1478; x_wconf 80' lang='lat' dir='ltr'><strong>belli</strong></span> 
     </span>
    </p>
   </div>
   <div class='ocr_carea' id='block_1_13' title="bbox 504 1511 2076 1583">
    <p class='ocr_par' dir='ltr' id='par_1_13' title="bbox 504 1511 2076 1583">
     <span class='ocr_line' id='line_1_13' title="bbox 504 1511 2076 1583; baseline 0.01 -28"><span class='ocrx_word' id='word_1_83' title='bbox 504 1516 714 1573; x_wconf 86' lang='lat' dir='ltr'><strong>partem</strong></span> <span class='ocrx_word' id='word_1_84' title='bbox 771 1523 871 1577; x_wconf 78' lang='lat' dir='ltr'><strong>spe</strong></span> <span class='ocrx_word' id='word_1_85' title='bbox 920 1511 1119 1577; x_wconf 88' lang='lat' dir='ltr'><strong>optima</strong></span> <span class='ocrx_word' id='word_1_86' title='bbox 1183 1515 1450 1569; x_wconf 84' lang='lat' dir='ltr'><strong>vertebat.</strong></span> <span class='ocrx_word' id='word_1_87' title='bbox 1510 1513 1674 1583; x_wconf 83' lang='lat' dir='ltr'><strong>Urget</strong></span> <span class='ocrx_word' id='word_1_88' title='bbox 1731 1517 2076 1571; x_wconf 85' lang='lat' dir='ltr'><strong>nihilominus</strong></span> 
     </span>
    </p>
   </div>
   <div class='ocr_carea' id='block_1_14' title="bbox 504 1596 2073 1675">
    <p class='ocr_par' dir='ltr' id='par_1_14' title="bbox 504 1596 2073 1675">
     <span class='ocr_line' id='line_1_14' title="bbox 504 1596 2073 1675; baseline 0.01 -27"><span class='ocrx_word' id='word_1_89' title='bbox 504 1596 875 1655; x_wconf 76' lang='lat' dir='ltr'><strong>Machumetes</strong></span> <span class='ocrx_word' id='word_1_90' title='bbox 896 1613 1227 1672; x_wconf 77' lang='lat' dir='ltr'><strong>cmptum,et</strong></span> <span class='ocrx_word' id='word_1_91' title='bbox 1258 1622 1365 1675; x_wconf 87' lang='lat' dir='ltr'><strong>quo</strong></span> <span class='ocrx_word' id='word_1_92' title='bbox 1404 1608 1592 1661; x_wconf 81' lang='lat' dir='ltr'><strong>ruebat</strong></span> <span class='ocrx_word' id='word_1_93' title='bbox 1640 1608 1838 1674; x_wconf 91' lang='lat' dir='ltr'><strong>impetu</strong></span> <span class='ocrx_word' id='word_1_94' title='bbox 1881 1611 1991 1664; x_wconf 91' lang='lat' dir='ltr'><strong>cito</strong></span> <span class='ocrx_word' id='word_1_95' title='bbox 2023 1612 2073 1664; x_wconf 93' lang='lat' dir='ltr'><strong>in</strong></span> 
     </span>
    </p>
   </div>
   <div class='ocr_carea' id='block_1_15' title="bbox 424 1694 2071 1777">
    <p class='ocr_par' dir='ltr' id='par_1_15' title="bbox 424 1694 2071 1777">
     <span class='ocr_line' id='line_1_15' title="bbox 424 1694 2071 1777; baseline 0.009 -35"><span class='ocrx_word' id='word_1_96' title='bbox 424 1700 427 1707; x_wconf 89' lang='lat'>&#39;</span> <span class='ocrx_word' id='word_1_97' title='bbox 504 1699 830 1756; x_wconf 83' lang='lat' dir='ltr'><strong>postremum</strong></span> <span class='ocrx_word' id='word_1_98' title='bbox 854 1695 1195 1763; x_wconf 74' lang='lat' dir='ltr'><strong>imperatoris</strong></span> <span class='ocrx_word' id='word_1_99' title='bbox 1216 1714 1403 1777; x_wconf 58' lang='lat' dir='ltr'><strong>agmen</strong></span> <span class='ocrx_word' id='word_1_100' title='bbox 1428 1700 1637 1761; x_wconf 88' lang='lat' dir='ltr'><strong>incidit,</strong></span> <span class='ocrx_word' id='word_1_101' title='bbox 1658 1694 1817 1771; x_wconf 79' lang='lat' dir='ltr'><strong>eique</strong></span> <span class='ocrx_word' id='word_1_102' title='bbox 1842 1704 2071 1771; x_wconf 89' lang='lat' dir='ltr'><strong>primum</strong></span> 
     </span>
    </p>
   </div>
   <div class='ocr_carea' id='block_1_16' title="bbox 501 1782 2073 1861">
    <p class='ocr_par' dir='ltr' id='par_1_16' title="bbox 501 1782 2073 1861">
     <span class='ocr_line' id='line_1_16' title="bbox 501 1782 2073 1861; baseline 0.01 -27"><span class='ocrx_word' id='word_1_103' title='bbox 501 1797 561 1837; x_wconf 84' lang='lat' dir='ltr'><strong>se</strong></span> <span class='ocrx_word' id='word_1_104' title='bbox 596 1782 835 1838; x_wconf 89' lang='lat' dir='ltr'><strong>admovit</strong></span> <span class='ocrx_word' id='word_1_105' title='bbox 862 1784 979 1853; x_wconf 85' lang='lat' dir='ltr'><strong>ejus</strong></span> <span class='ocrx_word' id='word_1_106' title='bbox 1011 1791 1146 1857; x_wconf 85' lang='lat' dir='ltr'><strong>parti</strong></span> <span class='ocrx_word' id='word_1_107' title='bbox 1175 1790 1263 1844; x_wconf 89' lang='lat' dir='ltr'><strong>cui</strong></span> <span class='ocrx_word' id='word_1_108' title='bbox 1288 1792 1540 1858; x_wconf 83' lang='lat' dir='ltr'><strong>Ampelas</strong></span> <span class='ocrx_word' id='word_1_109' title='bbox 1588 1804 1837 1861; x_wconf 74' lang='lat' dir='ltr'><strong>praeerat.</strong></span> <span class='ocrx_word' id='word_1_110' title='bbox 1868 1793 1916 1850; x_wconf 91' lang='lat' dir='ltr'><strong>Is</strong></span> <span class='ocrx_word' id='word_1_111' title='bbox 1946 1795 2073 1849; x_wconf 84' lang='lat' dir='ltr'><strong>viei-</strong></span> 
     </span>
    </p>
   </div>
   <div class='ocr_carea' id='block_1_17' title="bbox 503 1876 2071 1957">
    <p class='ocr_par' dir='ltr' id='par_1_17' title="bbox 503 1876 2071 1957">
     <span class='ocr_line' id='line_1_17' title="bbox 503 1876 2071 1957; baseline 0.01 -28"><span class='ocrx_word' id='word_1_112' title='bbox 503 1876 589 1929; x_wconf 85' lang='lat' dir='ltr'><strong>nia</strong></span> <span class='ocrx_word' id='word_1_113' title='bbox 623 1876 961 1945; x_wconf 87' lang='lat' dir='ltr'><strong>imperatoris</strong></span> <span class='ocrx_word' id='word_1_114' title='bbox 986 1881 1185 1947; x_wconf 81' lang='lat' dir='ltr'><strong>lretus,</strong></span> <span class='ocrx_word' id='word_1_115' title='bbox 1217 1883 1416 1953; x_wconf 87' lang='lat' dir='ltr'><strong>alioqui</strong></span> <span class='ocrx_word' id='word_1_116' title='bbox 1464 1892 1656 1939; x_wconf 85' lang='lat' dir='ltr'><strong>natura</strong></span> <span class='ocrx_word' id='word_1_117' title='bbox 1705 1887 1975 1957; x_wconf 90' lang='lat' dir='ltr'><strong>projectus</strong></span> <span class='ocrx_word' id='word_1_118' title='bbox 2006 1891 2071 1944; x_wconf 87' lang='lat' dir='ltr'><strong>ad</strong></span> 
     </span>
    </p>
   </div>
   <div class='ocr_carea' id='block_1_18' title="bbox 502 1967 2072 2051">
    <p class='ocr_par' dir='ltr' id='par_1_18' title="bbox 502 1967 2072 2051">
     <span class='ocr_line' id='line_1_18' title="bbox 502 1967 2072 2051; baseline 0.014 -34"><span class='ocrx_word' id='word_1_119' title='bbox 502 1967 805 2021; x_wconf 85' lang='lat' dir='ltr'><strong>audendum</strong></span> <span class='ocrx_word' id='word_1_120' title='bbox 827 2009 842 2034; x_wconf 95' lang='lat'><strong>,</strong></span> <span class='ocrx_word' id='word_1_121' title='bbox 877 1985 943 2024; x_wconf 91' lang='lat' dir='ltr'><strong>ne</strong></span> <span class='ocrx_word' id='word_1_122' title='bbox 973 1973 1236 2027; x_wconf 88' lang='lat' dir='ltr'><strong>tantillum</strong></span> <span class='ocrx_word' id='word_1_123' title='bbox 1269 1978 1488 2043; x_wconf 82' lang='lat' dir='ltr'><strong>quidem</strong></span> <span class='ocrx_word' id='word_1_124' title='bbox 1526 1994 1742 2036; x_wconf 88' lang='lat' dir='ltr'><strong>sumere</strong></span> <span class='ocrx_word' id='word_1_125' title='bbox 1789 1982 1889 2036; x_wconf 87' lang='lat' dir='ltr'><strong>sibi</strong></span> <span class='ocrx_word' id='word_1_126' title='bbox 1912 1984 2072 2051; x_wconf 81' lang='lat' dir='ltr'><strong>spatii</strong></span> 
     </span>
    </p>
   </div>
   <div class='ocr_carea' id='block_1_19' title="bbox 498 2059 2070 2140">
    <p class='ocr_par' dir='ltr' id='par_1_19' title="bbox 498 2059 2070 2140">
     <span class='ocr_line' id='line_1_19' title="bbox 498 2059 2070 2140; baseline 0.011 -29"><span class='ocrx_word' id='word_1_127' title='bbox 498 2059 885 2132; x_wconf 86' lang='lat' dir='ltr'><strong>sustinuitque</strong></span> <span class='ocrx_word' id='word_1_128' title='bbox 912 2076 972 2116; x_wconf 89' lang='lat' dir='ltr'><strong>se</strong></span> <span class='ocrx_word' id='word_1_129' title='bbox 1020 2062 1294 2134; x_wconf 74' lang='lat' dir='ltr'><strong>colligeret</strong></span> <span class='ocrx_word' id='word_1_130' title='bbox 1345 2083 1958 2140; x_wconf 80' lang='lat' dir='ltr'><strong>suosque,compararet</strong></span> <span class='ocrx_word' id='word_1_131' title='bbox 2004 2076 2070 2129; x_wconf 90' lang='lat' dir='ltr'><strong>ad</strong></span> 
     </span>
    </p>
   </div>
   <div class='ocr_carea' id='block_1_20' title="bbox 501 2153 2069 2230">
    <p class='ocr_par' dir='ltr' id='par_1_20' title="bbox 501 2153 2069 2230">
     <span class='ocr_line' id='line_1_20' title="bbox 501 2153 2069 2230; baseline 0.011 -26"><span class='ocrx_word' id='word_1_132' title='bbox 501 2153 756 2206; x_wconf 83' lang='lat' dir='ltr'><strong>hostilem</strong></span> <span class='ocrx_word' id='word_1_133' title='bbox 801 2155 1215 2223; x_wconf 87' lang='lat' dir='ltr'><strong>impressionem</strong></span> <span class='ocrx_word' id='word_1_134' title='bbox 1267 2160 1638 2230; x_wconf 78' lang='lat' dir='ltr'><strong>excipiendam</strong></span> <span class='ocrx_word' id='word_1_135' title='bbox 1700 2164 1946 2230; x_wconf 81' lang='lat' dir='ltr'><strong>fortiter.</strong></span> <span class='ocrx_word' id='word_1_136' title='bbox 1978 2171 2069 2223; x_wconf 90' lang='lat' dir='ltr'><strong>sed</strong></span> 
     </span>
    </p>
   </div>
   <div class='ocr_carea' id='block_1_21' title="bbox 499 2237 2071 2323">
    <p class='ocr_par' dir='ltr' id='par_1_21' title="bbox 499 2237 2071 2323">
     <span class='ocr_line' id='line_1_21' title="bbox 499 2237 2071 2323; baseline 0.01 -33"><span class='ocrx_word' id='word_1_137' title='bbox 499 2254 739 2311; x_wconf 71' lang='lat' dir='ltr'><strong>prteceps</strong></span> <span class='ocrx_word' id='word_1_138' title='bbox 772 2237 993 2311; x_wconf 80' lang='lat' dir='ltr'><strong>repente</strong></span> <span class='ocrx_word' id='word_1_139' title='bbox 1038 2246 1088 2298; x_wconf 91' lang='lat' dir='ltr'><strong>in</strong></span> <span class='ocrx_word' id='word_1_140' title='bbox 1116 2245 1507 2302; x_wconf 81' lang='lat' dir='ltr'><strong>Machumetem</strong></span> <span class='ocrx_word' id='word_1_141' title='bbox 1544 2252 1831 2319; x_wconf 84' lang='lat' dir='ltr'><strong>procurrit.</strong></span> <span class='ocrx_word' id='word_1_142' title='bbox 1868 2251 2071 2323; x_wconf 77' lang='lat' dir='ltr'><strong>Seque-</strong></span> 
     </span>
    </p>
   </div>
   <div class='ocr_carea' id='block_1_22' title="bbox 498 2330 2070 2406">
    <p class='ocr_par' dir='ltr' id='par_1_22' title="bbox 498 2330 2070 2406">
     <span class='ocr_line' id='line_1_22' title="bbox 498 2330 2070 2406; baseline 0.009 -21"><span class='ocrx_word' id='word_1_143' title='bbox 498 2330 661 2385; x_wconf 78' lang='lat' dir='ltr'><strong>batur</strong></span> <span class='ocrx_word' id='word_1_144' title='bbox 692 2343 745 2387; x_wconf 87' lang='lat' dir='ltr'><strong>et</strong></span> <span class='ocrx_word' id='word_1_145' title='bbox 769 2332 1100 2403; x_wconf 86' lang='lat' dir='ltr'><strong>Tzipureles.</strong></span> <span class='ocrx_word' id='word_1_146' title='bbox 1137 2336 1367 2406; x_wconf 81' lang='lat' dir='ltr'><strong>Jamque</strong></span> <span class='ocrx_word' id='word_1_147' title='bbox 1395 2342 1584 2394; x_wconf 88' lang='lat' dir='ltr'><strong>ambos</strong></span> <span class='ocrx_word' id='word_1_148' title='bbox 1628 2357 1758 2397; x_wconf 91' lang='lat' dir='ltr'><strong>suus</strong></span> <span class='ocrx_word' id='word_1_149' title='bbox 1788 2359 1975 2399; x_wconf 88' lang='lat' dir='ltr'><strong>cursus</strong></span> <span class='ocrx_word' id='word_1_150' title='bbox 2002 2348 2070 2399; x_wconf 88' lang='lat' dir='ltr'><strong>ad</strong></span> 
     </span>
    </p>
   </div>
   <div class='ocr_carea' id='block_1_23' title="bbox 504 2424 2067 2505">
    <p class='ocr_par' dir='ltr' id='par_1_23' title="bbox 504 2424 2067 2505">
     <span class='ocr_line' id='line_1_23' title="bbox 504 2424 2067 2505; baseline 0.011 -31"><span class='ocrx_word' id='word_1_151' title='bbox 504 2424 685 2477; x_wconf 61' lang='lat' dir='ltr'><strong>ruinas</strong></span> <span class='ocrx_word' id='word_1_152' title='bbox 708 2425 812 2479; x_wconf 83' lang='lat' dir='ltr'><strong>vici</strong></span> <span class='ocrx_word' id='word_1_153' title='bbox 848 2429 1048 2483; x_wconf 85' lang='lat' dir='ltr'><strong>veteris</strong></span> <span class='ocrx_word' id='word_1_154' title='bbox 1077 2442 1397 2494; x_wconf 88' lang='lat' dir='ltr'><strong>provexerat</strong></span> <span class='ocrx_word' id='word_1_155' title='bbox 1421 2432 1563 2487; x_wconf 88' lang='lat' dir='ltr'><strong>solos</strong></span> <span class='ocrx_word' id='word_1_156' title='bbox 1585 2475 1600 2499; x_wconf 95' lang='lat'><strong>,</strong></span> <span class='ocrx_word' id='word_1_157' title='bbox 1631 2434 1887 2489; x_wconf 87' lang='lat' dir='ltr'><strong>militibus</strong></span> <span class='ocrx_word' id='word_1_158' title='bbox 1920 2438 2067 2505; x_wconf 92' lang='lat' dir='ltr'><strong>ipso-</strong></span> 
     </span>
    </p>
   </div>
   <div class='ocr_carea' id='block_1_24' title="bbox 499 2518 2068 2593">
    <p class='ocr_par' dir='ltr' id='par_1_24' title="bbox 499 2518 2068 2593">
     <span class='ocr_line' id='line_1_24' title="bbox 499 2518 2068 2593; baseline 0.012 -28"><span class='ocrx_word' id='word_1_159' title='bbox 499 2529 618 2567; x_wconf 89' lang='lat' dir='ltr'><strong>rum</strong></span> <span class='ocrx_word' id='word_1_160' title='bbox 644 2518 878 2570; x_wconf 90' lang='lat' dir='ltr'><strong>nondum</strong></span> <span class='ocrx_word' id='word_1_161' title='bbox 905 2534 971 2574; x_wconf 92' lang='lat' dir='ltr'><strong>eo</strong></span> <span class='ocrx_word' id='word_1_162' title='bbox 1007 2524 1326 2590; x_wconf 79' lang='lat' dir='ltr'><strong>progressis,</strong></span> <span class='ocrx_word' id='word_1_163' title='bbox 1363 2523 1457 2578; x_wconf 89' lang='lat' dir='ltr'><strong>sed</strong></span> <span class='ocrx_word' id='word_1_164' title='bbox 1488 2534 1631 2579; x_wconf 91' lang='lat' dir='ltr'><strong>retro</strong></span> <span class='ocrx_word' id='word_1_165' title='bbox 1671 2530 1844 2582; x_wconf 87' lang='lat' dir='ltr'><strong>adhuc</strong></span> <span class='ocrx_word' id='word_1_166' title='bbox 1892 2530 2068 2593; x_wconf 83' lang='lat' dir='ltr'><strong>inter-</strong></span> 
     </span>
    </p>
   </div>
   <div class='ocr_carea' id='block_1_25' title="bbox 496 2604 2069 2683">
    <p class='ocr_par' dir='ltr' id='par_1_25' title="bbox 496 2604 2069 2683">
     <span class='ocr_line' id='line_1_25' title="bbox 496 2604 2069 2683; baseline 0.015 -29"><span class='ocrx_word' id='word_1_167' title='bbox 496 2604 639 2659; x_wconf 72' lang='lat' dir='ltr'><strong>vallo</strong></span> <span class='ocrx_word' id='word_1_168' title='bbox 692 2608 883 2663; x_wconf 87' lang='lat' dir='ltr'><strong>idoneo</strong></span> <span class='ocrx_word' id='word_1_169' title='bbox 930 2613 1071 2664; x_wconf 84' lang='lat' dir='ltr'><strong>viam</strong></span> <span class='ocrx_word' id='word_1_170' title='bbox 1124 2613 1446 2683; x_wconf 84' lang='lat' dir='ltr'><strong>legentibus,</strong></span> <span class='ocrx_word' id='word_1_171' title='bbox 1507 2632 1629 2671; x_wconf 89' lang='lat' dir='ltr'><strong>cum</strong></span> <span class='ocrx_word' id='word_1_172' title='bbox 1688 2633 1815 2673; x_wconf 89' lang='lat' dir='ltr'><strong>ecce</strong></span> <span class='ocrx_word' id='word_1_173' title='bbox 1889 2622 1947 2675; x_wconf 84' lang='lat' dir='ltr'><strong>lit</strong></span> <span class='ocrx_word' id='word_1_174' title='bbox 1988 2622 2069 2678; x_wconf 88' lang='lat' dir='ltr'><strong>eis</strong></span> 
     </span>
    </p>
   </div>
   <div class='ocr_carea' id='block_1_26' title="bbox 499 2696 2064 2778">
    <p class='ocr_par' dir='ltr' id='par_1_26' title="bbox 499 2696 2064 2778">
     <span class='ocr_line' id='line_1_26' title="bbox 499 2696 2064 2778; baseline 0.013 -30"><span class='ocrx_word' id='word_1_175' title='bbox 499 2696 871 2754; x_wconf 79' lang='lat' dir='ltr'><strong>Machumetes</strong></span> <span class='ocrx_word' id='word_1_176' title='bbox 918 2701 1130 2755; x_wconf 88' lang='lat' dir='ltr'><strong>obvius.</strong></span> <span class='ocrx_word' id='word_1_177' title='bbox 1180 2701 1275 2757; x_wconf 80' lang='lat' dir='ltr'><strong>Vir</strong></span> <span class='ocrx_word' id='word_1_178' title='bbox 1320 2704 1365 2758; x_wconf 91' lang='lat' dir='ltr'><strong>is</strong></span> <span class='ocrx_word' id='word_1_179' title='bbox 1394 2718 1511 2760; x_wconf 86' lang='lat' dir='ltr'><strong>erat</strong></span> <span class='ocrx_word' id='word_1_180' title='bbox 1539 2708 1704 2762; x_wconf 90' lang='lat' dir='ltr'><strong>animi</strong></span> <span class='ocrx_word' id='word_1_181' title='bbox 1744 2714 2064 2778; x_wconf 62' lang='lat' dir='ltr'><strong>prementis;</strong></span> 
     </span>
    </p>
   </div>
   <div class='ocr_carea' id='block_1_27' title="bbox 493 2787 2068 2872">
    <p class='ocr_par' dir='ltr' id='par_1_27' title="bbox 493 2787 2068 2872">
     <span class='ocr_line' id='line_1_27' title="bbox 493 2787 2068 2872; baseline 0.015 -35"><span class='ocrx_word' id='word_1_182' title='bbox 493 2787 629 2840; x_wconf 83' lang='lat' dir='ltr'><strong>vidit</strong></span> <span class='ocrx_word' id='word_1_183' title='bbox 660 2790 842 2844; x_wconf 86' lang='lat' dir='ltr'><strong>statim</strong></span> <span class='ocrx_word' id='word_1_184' title='bbox 887 2793 1224 2847; x_wconf 80' lang='lat' dir='ltr'><strong>occasionem</strong></span> <span class='ocrx_word' id='word_1_185' title='bbox 1265 2809 1442 2862; x_wconf 88' lang='lat' dir='ltr'><strong>suam,</strong></span> <span class='ocrx_word' id='word_1_186' title='bbox 1485 2806 1540 2851; x_wconf 89' lang='lat' dir='ltr'><strong>et</strong></span> <span class='ocrx_word' id='word_1_187' title='bbox 1589 2815 1786 2870; x_wconf 87' lang='lat' dir='ltr'><strong>equum</strong></span> <span class='ocrx_word' id='word_1_188' title='bbox 1834 2803 2068 2872; x_wconf 81' lang='lat' dir='ltr'><strong>Ampelae</strong></span> 
     </span>
    </p>
   </div>
   <div class='ocr_carea' id='block_1_28' title="bbox 489 2879 2064 2965">
    <p class='ocr_par' dir='ltr' id='par_1_28' title="bbox 489 2879 2064 2965">
     <span class='ocr_line' id='line_1_28' title="bbox 489 2879 2064 2965; baseline 0.014 -37"><span class='ocrx_word' id='word_1_189' title='bbox 489 2879 675 2953; x_wconf 78' lang='lat' dir='ltr'><strong>jziculo</strong></span> <span class='ocrx_word' id='word_1_190' title='bbox 733 2885 1061 2953; x_wconf 88' lang='lat' dir='ltr'><strong>transligens</strong></span> <span class='ocrx_word' id='word_1_191' title='bbox 1105 2900 1223 2938; x_wconf 91' lang='lat' dir='ltr'><strong>cum</strong></span> <span class='ocrx_word' id='word_1_192' title='bbox 1262 2902 1326 2941; x_wconf 93' lang='lat' dir='ltr'><strong>eo</strong></span> <span class='ocrx_word' id='word_1_193' title='bbox 1362 2890 1599 2958; x_wconf 84' lang='lat' dir='ltr'><strong>equitem</strong></span> <span class='ocrx_word' id='word_1_194' title='bbox 1651 2892 1812 2946; x_wconf 91' lang='lat' dir='ltr'><strong>humo</strong></span> <span class='ocrx_word' id='word_1_195' title='bbox 1845 2895 2064 2965; x_wconf 77' lang='lat' dir='ltr'><strong>alﬂigit,</strong></span> 
     </span>
    </p>
   </div>
   <div class='ocr_carea' id='block_1_29' title="bbox 492 2960 2062 3054">
    <p class='ocr_par' dir='ltr' id='par_1_29' title="bbox 492 2960 2062 3054">
     <span class='ocr_line' id='line_1_29' title="bbox 492 2960 2062 3054; baseline 0.015 -38"><span class='ocrx_word' id='word_1_196' title='bbox 492 2960 674 3020; x_wconf 81' lang='lat' dir='ltr'><strong>adhuc</strong></span> <span class='ocrx_word' id='word_1_197' title='bbox 703 2969 918 3036; x_wconf 88' lang='lat' dir='ltr'><strong>quidem</strong></span> <span class='ocrx_word' id='word_1_198' title='bbox 953 2972 1252 3029; x_wconf 79' lang='lat' dir='ltr'><strong>innoxium.</strong></span> <span class='ocrx_word' id='word_1_199' title='bbox 1289 2975 1393 3030; x_wconf 88' lang='lat' dir='ltr'><strong>Sed</strong></span> <span class='ocrx_word' id='word_1_200' title='bbox 1428 2978 1872 3051; x_wconf 87' lang='lat' dir='ltr'><strong>circutnl&#39;usijam</strong></span> <span class='ocrx_word' id='word_1_201' title='bbox 1900 2960 2062 3054; x_wconf 68' lang='lat' dir='ltr'><strong>pediti</strong></span> 
     </span>
    </p>
   </div>
   <div class='ocr_carea' id='block_1_30' title="bbox 1842 260 3763 403">
    <p class='ocr_par' dir='ltr' id='par_1_30' title="bbox 1842 260 3763 403">
     <span class='ocr_line' id='line_1_30' title="bbox 1842 260 3763 403; baseline 0.01 -44"><span class='ocrx_word' id='word_1_202' title='bbox 1842 260 2062 361; x_wconf 49' lang='lat' dir='ltr'><strong>«NN/it</strong></span> <span class='ocrx_word' id='word_1_203' title='bbox 2099 300 2486 366; x_wconf 61' lang='lat' dir='ltr'><strong>COMNENIE</strong></span> <span class='ocrx_word' id='word_1_204' title='bbox 3574 315 3674 378; x_wconf 75' lang='lat' dir='ltr'><strong>uso</strong></span> <span class='ocrx_word' id='word_1_205' title='bbox 3750 372 3763 403; x_wconf 69' lang='grc'><strong>,</strong></span> 
     </span>
    </p>
   </div>
   <div class='ocr_carea' id='block_1_31' title="bbox 512 354 2065 487">
    <p class='ocr_par' dir='ltr' id='par_1_31' title="bbox 512 410 2061 482">
     <span class='ocr_line' id='line_1_31' title="bbox 512 410 2061 482; baseline 0.006 -21"><span class='ocrx_word' id='word_1_206' title='bbox 512 411 633 477; x_wconf 83' lang='lat' dir='ltr'><strong>tigit</strong></span> <span class='ocrx_word' id='word_1_207' title='bbox 686 410 736 465; x_wconf 87' lang='lat' dir='ltr'><strong>in</strong></span> <span class='ocrx_word' id='word_1_208' title='bbox 782 411 960 466; x_wconf 89' lang='lat' dir='ltr'><strong>medio</strong></span> <span class='ocrx_word' id='word_1_209' title='bbox 1017 412 1247 482; x_wconf 86' lang='lat' dir='ltr'><strong>positum</strong></span> <span class='ocrx_word' id='word_1_210' title='bbox 1307 412 1603 481; x_wconf 84' lang='lat' dir='ltr'><strong>Augustum</strong></span> <span class='ocrx_word' id='word_1_211' title='bbox 1660 413 1862 471; x_wconf 87' lang='lat' dir='ltr'><strong>instare</strong></span> <span class='ocrx_word' id='word_1_212' title='bbox 1923 416 2061 472; x_wconf 91' lang='lat' dir='ltr'><strong>simu</strong></span> 
     </span>
    </p>
   </div>
   <div class='ocr_carea' id='block_1_32' title="bbox 2171 354 3849 487">
    <p class='ocr_par' dir='ltr' id='par_1_32' title="bbox 2171 354 3849 487">
     <span class='ocr_line' id='line_1_32' title="bbox 2171 354 3789 403; baseline 0.011 -39"><span class='ocrx_word' id='word_1_213' title='bbox 2171 354 2486 366; x_wconf 63' lang='grc' dir='ltr'><strong>π---ιευινου</strong></span> <span class='ocrx_word' id='word_1_214' title='bbox 3576 354 3674 378; x_wconf 74' lang='grc' dir='ltr'><strong>ιυυυ</strong></span> <span class='ocrx_word' id='word_1_215' title='bbox 3750 354 3789 403; x_wconf 50' lang='grc' dir='ltr'><strong>ε’</strong></span> 
     </span>
     <span class='ocr_line' id='line_1_33' title="bbox 2189 354 3849 487; baseline 0.006 -19"><span class='ocrx_word' id='word_1_216' title='bbox 2189 417 2474 481; x_wconf 84' lang='grc' dir='ltr'>ξυνέϐαινε</span> <span class='ocrx_word' id='word_1_217' title='bbox 2508 421 2600 475; x_wconf 82' lang='grc' dir='ltr'><strong>τὸν</strong></span> <span class='ocrx_word' id='word_1_218' title='bbox 2640 419 2806 474; x_wconf 69' lang='grc' dir='ltr'>αύτδν</span> <span class='ocrx_word' id='word_1_219' title='bbox 2851 418 3074 474; x_wconf 76' lang='grc' dir='ltr'><strong>διώκειν</strong></span> <span class='ocrx_word' id='word_1_220' title='bbox 3097 438 3153 474; x_wconf 89' lang='grc' dir='ltr'><strong>τε</strong></span> <span class='ocrx_word' id='word_1_221' title='bbox 3193 420 3287 474; x_wconf 73' lang='grc' dir='ltr'>καὶ</span> <span class='ocrx_word' id='word_1_222' title='bbox 3333 421 3603 477; x_wconf 66' lang='grc' dir='ltr'>διώκεσθαι.</span> <span class='ocrx_word' id='word_1_223' title='bbox 3628 427 3676 477; x_wconf 78' lang='lat'><strong>0!</strong></span> 
     </span>
    </p>
   </div>
   <div class='ocr_carea' id='block_1_33' title="bbox 3574 315 3674 378">
    <p class='ocr_par' dir='ltr' id='par_1_33' title="bbox 3574 315 3674 378">
     <span class='ocr_line' id='line_1_34' title="bbox 3574 315 3674 378; baseline 0.02 -1"><span class='ocrx_word' id='word_1_224' title='bbox 3574 315 3674 378; x_wconf 69' lang='lat'><strong>1080</strong></span> 
     </span>
    </p>
   </div>
   <div class='ocr_carea' id='block_1_34' title="bbox 2190 511 3676 583">
    <p class='ocr_par' dir='ltr' id='par_1_34' title="bbox 2190 511 3676 583">
     <span class='ocr_line' id='line_1_35' title="bbox 2190 511 3676 583; baseline 0 -18"><span class='ocrx_word' id='word_1_225' title='bbox 2190 512 2290 581; x_wconf 86' lang='grc' dir='ltr'>μὲν</span> <span class='ocrx_word' id='word_1_226' title='bbox 2322 513 2439 582; x_wconf 66' lang='grc' dir='ltr'>’γὰρ</span> <span class='ocrx_word' id='word_1_227' title='bbox 2485 513 2633 583; x_wconf 71' lang='grc' dir='ltr'>ἀμφὶ</span> <span class='ocrx_word' id='word_1_228' title='bbox 2666 512 2759 565; x_wconf 70' lang='grc' dir='ltr'><strong>τὸν</strong></span> <span class='ocrx_word' id='word_1_229' title='bbox 2792 511 3093 581; x_wconf 84' lang='grc' dir='ltr'>Μαχούμετ</span> <span class='ocrx_word' id='word_1_230' title='bbox 3138 512 3521 582; x_wconf 73' lang='grc' dir='ltr'>Βαρϐαροι,τὺν</span> <span class='ocrx_word' id='word_1_231' title='bbox 3549 515 3676 565; x_wconf 71' lang='grc' dir='ltr'>αὐτο-</span> 
     </span>
    </p>
   </div>
   <div class='ocr_carea' id='block_1_35' title="bbox 2185 603 3678 675">
    <p class='ocr_par' dir='ltr' id='par_1_35' title="bbox 2185 603 3678 675">
     <span class='ocr_line' id='line_1_36' title="bbox 2185 603 3678 675; baseline -0.001 -16"><span class='ocrx_word' id='word_1_232' title='bbox 2185 605 2434 675; x_wconf 73' lang='grc' dir='ltr'>κράτορα</span> <span class='ocrx_word' id='word_1_233' title='bbox 2488 603 2944 675; x_wconf 80' lang='grc' dir='ltr'>ἰχνηλατοῦντες,</span> <span class='ocrx_word' id='word_1_234' title='bbox 2989 605 3212 657; x_wconf 80' lang='grc' dir='ltr'><strong>ἐδίωκον</strong></span> <span class='ocrx_word' id='word_1_235' title='bbox 3243 621 3257 634; x_wconf 89' lang='grc'><strong>·</strong></span> <span class='ocrx_word' id='word_1_236' title='bbox 3289 606 3317 658; x_wconf 79' lang='grc' dir='ltr'><strong>ὁ</strong></span> <span class='ocrx_word' id='word_1_237' title='bbox 3363 603 3414 656; x_wconf 77' lang='grc' dir='ltr'>δὲ</span> <span class='ocrx_word' id='word_1_238' title='bbox 3456 604 3564 667; x_wconf 72' lang='grc' dir='ltr'>τοὺς</span> <span class='ocrx_word' id='word_1_239' title='bbox 3598 603 3678 658; x_wconf 65' lang='grc' dir='ltr'>ἀπὸ</span> 
     </span>
    </p>
   </div>
   <div class='ocr_carea' id='block_1_36' title="bbox 2181 694 3680 769">
    <p class='ocr_par' dir='ltr' id='par_1_36' title="bbox 2181 694 3680 769">
     <span class='ocr_line' id='line_1_37' title="bbox 2181 694 3680 769; baseline -0.001 -17"><span class='ocrx_word' id='word_1_240' title='bbox 2181 698 2276 752; x_wconf 82' lang='grc' dir='ltr'>τοῦ</span> <span class='ocrx_word' id='word_1_241' title='bbox 2310 699 2509 769; x_wconf 80' lang='grc' dir='ltr'>Καρμὲ</span> <span class='ocrx_word' id='word_1_242' title='bbox 2541 699 3047 769; x_wconf 79' lang='grc' dir='ltr'><strong>μεταπορευόμενος</strong></span> <span class='ocrx_word' id='word_1_243' title='bbox 3071 694 3158 769; x_wconf 80' lang='grc' dir='ltr'>ἦν,</span> <span class='ocrx_word' id='word_1_244' title='bbox 3186 698 3322 751; x_wconf 82' lang='grc' dir='ltr'>ὥστε</span> <span class='ocrx_word' id='word_1_245' title='bbox 3349 699 3499 767; x_wconf 85' lang='grc' dir='ltr'>μέσον</span> <span class='ocrx_word' id='word_1_246' title='bbox 3520 700 3680 766; x_wconf 75' lang='grc' dir='ltr'>ἀμφοῖν</span> 
     </span>
    </p>
   </div>
   <div class='ocr_carea' id='block_1_37' title="bbox 2183 788 3679 858">
    <p class='ocr_par' dir='ltr' id='par_1_37' title="bbox 2183 788 3679 858">
     <span class='ocr_line' id='line_1_38' title="bbox 2183 788 3679 858; baseline 0 -17"><span class='ocrx_word' id='word_1_247' title='bbox 2183 790 2574 858; x_wconf 82' lang='grc' dir='ltr'>ὲναπείληπτο.</span> <span class='ocrx_word' id='word_1_248' title='bbox 2618 789 2779 843; x_wconf 76' lang='grc' dir='ltr'>Ἀλλὰ</span> <span class='ocrx_word' id='word_1_249' title='bbox 2809 789 2940 851; x_wconf 80' lang='grc' dir='ltr'>τοὺς</span> <span class='ocrx_word' id='word_1_250' title='bbox 2975 788 3074 858; x_wconf 81' lang='grc' dir='ltr'><strong>μὲν</strong></span> <span class='ocrx_word' id='word_1_251' title='bbox 3109 788 3311 857; x_wconf 72' lang='grc' dir='ltr'>ἔφθασε</span> <span class='ocrx_word' id='word_1_252' title='bbox 3334 788 3616 856; x_wconf 79' lang='grc' dir='ltr'>νενικηκὼς,</span> <span class='ocrx_word' id='word_1_253' title='bbox 3643 789 3679 841; x_wconf 81' lang='lat' dir='ltr'><strong>el</strong></span> 
     </span>
    </p>
   </div>
   <div class='ocr_carea' id='block_1_38' title="bbox 2181 879 3679 949">
    <p class='ocr_par' dir='ltr' id='par_1_38' title="bbox 2181 879 3679 949">
     <span class='ocr_line' id='line_1_39' title="bbox 2181 879 3679 949; baseline -0.001 -16"><span class='ocrx_word' id='word_1_254' title='bbox 2181 881 2238 934; x_wconf 84' lang='grc' dir='ltr'>δὲ</span> <span class='ocrx_word' id='word_1_255' title='bbox 2277 880 2570 944; x_wconf 83' lang='grc' dir='ltr'>διώκοντες</span> <span class='ocrx_word' id='word_1_256' title='bbox 2628 881 2733 947; x_wconf 77' lang='grc' dir='ltr'>ἔξω</span> <span class='ocrx_word' id='word_1_257' title='bbox 2776 881 2962 934; x_wconf 83' lang='grc' dir='ltr'>κακῶν</span> <span class='ocrx_word' id='word_1_258' title='bbox 3001 881 3346 949; x_wconf 72' lang='grc' dir='ltr'>εἰστήκεισαν</span> <span class='ocrx_word' id='word_1_259' title='bbox 3373 879 3465 931; x_wconf 77' lang='grc' dir='ltr'>ἔτι.</span> <span class='ocrx_word' id='word_1_260' title='bbox 3505 880 3679 939; x_wconf 65' lang='grc' dir='ltr'>Ἐπεῗιδ</span> 
     </span>
    </p>
   </div>
   <div class='ocr_carea' id='block_1_39' title="bbox 2178 970 3681 1045">
    <p class='ocr_par' dir='ltr' id='par_1_39' title="bbox 2178 970 3681 1045">
     <span class='ocr_line' id='line_1_40' title="bbox 2178 970 3681 1045; baseline -0.003 -19"><span class='ocrx_word' id='word_1_261' title='bbox 2178 973 2380 1042; x_wconf 82' lang='grc' dir='ltr'>ἀθρόον</span> <span class='ocrx_word' id='word_1_262' title='bbox 2408 976 2476 1043; x_wconf 79' lang='grc' dir='ltr'>τῇ</span> <span class='ocrx_word' id='word_1_263' title='bbox 2510 973 2747 1045; x_wconf 80' lang='grc' dir='ltr'>ούραγίᾳ</span> <span class='ocrx_word' id='word_1_264' title='bbox 2774 972 2869 1026; x_wconf 85' lang='grc' dir='ltr'>τοῦ</span> <span class='ocrx_word' id='word_1_265' title='bbox 2903 971 3305 1041; x_wconf 76' lang='grc' dir='ltr'>αὐτοκράτορος</span> <span class='ocrx_word' id='word_1_266' title='bbox 3345 970 3681 1038; x_wconf 76' lang='grc' dir='ltr'>προσέπεσενό</span> 
     </span>
    </p>
   </div>
   <div class='ocr_carea' id='block_1_40' title="bbox 2178 1061 3681 1136">
    <p class='ocr_par' dir='ltr' id='par_1_40' title="bbox 2178 1061 3681 1136">
     <span class='ocr_line' id='line_1_41' title="bbox 2178 1061 3681 1136; baseline -0.002 -18"><span class='ocrx_word' id='word_1_267' title='bbox 2178 1064 2480 1134; x_wconf 80' lang='grc' dir='ltr'>Μαχούμετ</span> <span class='ocrx_word' id='word_1_268' title='bbox 2505 1105 2520 1129; x_wconf 91' lang='grc'><strong>,</strong></span> <span class='ocrx_word' id='word_1_269' title='bbox 2564 1064 2798 1136; x_wconf 85' lang='grc' dir='ltr'><strong>πρώτως</strong></span> <span class='ocrx_word' id='word_1_270' title='bbox 2842 1063 3230 1133; x_wconf 69' lang='grc' dir='ltr'><strong>περιτυγχάνει</strong></span> <span class='ocrx_word' id='word_1_271' title='bbox 3256 1061 3332 1130; x_wconf 82' lang='grc' dir='ltr'>τῷ</span> <span class='ocrx_word' id='word_1_272' title='bbox 3369 1061 3601 1130; x_wconf 77' lang='grc' dir='ltr'>’Ᾱμπελᾷ.</span> <span class='ocrx_word' id='word_1_273' title='bbox 3639 1061 3681 1115; x_wconf 84' lang='lat'><strong>&#39;0</strong></span> 
     </span>
    </p>
   </div>
   <div class='ocr_carea' id='block_1_41' title="bbox 2178 1152 3680 1226">
    <p class='ocr_par' dir='ltr' id='par_1_41' title="bbox 2178 1152 3680 1226">
     <span class='ocr_line' id='line_1_42' title="bbox 2178 1152 3680 1226; baseline -0.003 -17"><span class='ocrx_word' id='word_1_274' title='bbox 2178 1157 2255 1221; x_wconf 80' lang='grc' dir='ltr'>δὲ,</span> <span class='ocrx_word' id='word_1_275' title='bbox 2285 1160 2343 1210; x_wconf 79' lang='grc' dir='ltr'>ἐν</span> <span class='ocrx_word' id='word_1_276' title='bbox 2374 1157 2630 1226; x_wconf 67' lang='grc' dir='ltr'>αἰσθήσει</span> <span class='ocrx_word' id='word_1_277' title='bbox 2662 1156 2757 1210; x_wconf 82' lang='grc' dir='ltr'>τοῦ</span> <span class='ocrx_word' id='word_1_278' title='bbox 2786 1156 3185 1226; x_wconf 78' lang='grc' dir='ltr'><strong>αὐτοκράτορος</strong></span> <span class='ocrx_word' id='word_1_279' title='bbox 3223 1154 3315 1219; x_wconf 87' lang='grc' dir='ltr'><strong>ῶν,</strong></span> <span class='ocrx_word' id='word_1_280' title='bbox 3336 1154 3424 1207; x_wconf 83' lang='grc' dir='ltr'>καὶ</span> <span class='ocrx_word' id='word_1_281' title='bbox 3455 1154 3535 1206; x_wconf 83' lang='grc' dir='ltr'>διὰ</span> <span class='ocrx_word' id='word_1_282' title='bbox 3561 1152 3680 1205; x_wconf 78' lang='grc' dir='ltr'>τοῦτο</span> 
     </span>
    </p>
   </div>
   <div class='ocr_carea' id='block_1_42' title="bbox 2178 1244 3679 1320">
    <p class='ocr_par' dir='ltr' id='par_1_42' title="bbox 2178 1244 3679 1320">
     <span class='ocr_line' id='line_1_43' title="bbox 2178 1244 3679 1320; baseline -0.005 -16"><span class='ocrx_word' id='word_1_283' title='bbox 2178 1250 2440 1304; x_wconf 81' lang='grc' dir='ltr'>ὲπιπλέον</span> <span class='ocrx_word' id='word_1_284' title='bbox 2483 1250 2774 1320; x_wconf 80' lang='grc' dir='ltr'><strong>θαρσήσας</strong></span> <span class='ocrx_word' id='word_1_285' title='bbox 2792 1292 2806 1315; x_wconf 92' lang='grc'><strong>,</strong></span> <span class='ocrx_word' id='word_1_286' title='bbox 2844 1249 2940 1303; x_wconf 76' lang='grc' dir='ltr'>καὶ</span> <span class='ocrx_word' id='word_1_287' title='bbox 2985 1249 3159 1311; x_wconf 77' lang='grc' dir='ltr'>ἄλλως</span> <span class='ocrx_word' id='word_1_288' title='bbox 3185 1247 3384 1316; x_wconf 77' lang='grc' dir='ltr'>θρασὺς</span> <span class='ocrx_word' id='word_1_289' title='bbox 3413 1244 3481 1298; x_wconf 79' lang='grc' dir='ltr'><strong>ὢν</strong></span> <span class='ocrx_word' id='word_1_290' title='bbox 3506 1247 3530 1297; x_wconf 85' lang='grc' dir='ltr'>ὀ</span> <span class='ocrx_word' id='word_1_291' title='bbox 3556 1245 3679 1312; x_wconf 71' lang='grc' dir='ltr'>ἀνὴρ,</span> 
     </span>
    </p>
   </div>
   <div class='ocr_carea' id='block_1_43' title="bbox 2181 1337 3682 1413">
    <p class='ocr_par' dir='ltr' id='par_1_43' title="bbox 2181 1337 3682 1413">
     <span class='ocr_line' id='line_1_44' title="bbox 2181 1337 3682 1413; baseline -0.005 -16"><span class='ocrx_word' id='word_1_292' title='bbox 2181 1343 2320 1413; x_wconf 81' lang='grc' dir='ltr'>μηδὲ</span> <span class='ocrx_word' id='word_1_293' title='bbox 2389 1343 2529 1412; x_wconf 81' lang='grc' dir='ltr'>πρὸς</span> <span class='ocrx_word' id='word_1_294' title='bbox 2586 1344 2785 1413; x_wconf 81' lang='grc' dir='ltr'>μικρὸν</span> <span class='ocrx_word' id='word_1_295' title='bbox 2847 1341 3324 1411; x_wconf 84' lang='grc' dir='ltr'>περικαρτερήσας</span> <span class='ocrx_word' id='word_1_296' title='bbox 3347 1340 3389 1370; x_wconf 84' lang='grc'>⁷⁸</span> <span class='ocrx_word' id='word_1_297' title='bbox 3442 1337 3564 1391; x_wconf 82' lang='grc' dir='ltr'>ὥστε</span> <span class='ocrx_word' id='word_1_298' title='bbox 3610 1338 3682 1389; x_wconf 78' lang='grc' dir='ltr'><strong>σὺν</strong></span> 
     </span>
    </p>
   </div>
   <div class='ocr_carea' id='block_1_44' title="bbox 2176 1429 3681 1506">
    <p class='ocr_par' dir='ltr' id='par_1_44' title="bbox 2176 1429 3681 1506">
     <span class='ocr_line' id='line_1_45' title="bbox 2176 1429 3681 1506; baseline -0.006 -17"><span class='ocrx_word' id='word_1_299' title='bbox 2176 1435 2403 1506; x_wconf 74' lang='grc' dir='ltr'>εὐταξίᾳ</span> <span class='ocrx_word' id='word_1_300' title='bbox 2431 1434 2529 1503; x_wconf 83' lang='grc' dir='ltr'><strong>τὴν</strong></span> <span class='ocrx_word' id='word_1_301' title='bbox 2552 1436 2689 1505; x_wconf 88' lang='grc' dir='ltr'><strong>μετά</strong></span> <span class='ocrx_word' id='word_1_302' title='bbox 2712 1434 2822 1487; x_wconf 87' lang='grc' dir='ltr'><strong>τῶν</strong></span> <span class='ocrx_word' id='word_1_303' title='bbox 2845 1433 3109 1503; x_wconf 86' lang='grc' dir='ltr'>Τούρκων</span> <span class='ocrx_word' id='word_1_304' title='bbox 3136 1430 3433 1502; x_wconf 73' lang='grc' dir='ltr'>προσϐολὴν</span> <span class='ocrx_word' id='word_1_305' title='bbox 3456 1429 3681 1494; x_wconf 66' lang='grc' dir='ltr'>δέξασθαι,</span> 
     </span>
    </p>
   </div>
   <div class='ocr_carea' id='block_1_45' title="bbox 2177 1520 3684 1596">
    <p class='ocr_par' dir='ltr' id='par_1_45' title="bbox 2177 1520 3684 1596">
     <span class='ocr_line' id='line_1_46' title="bbox 2177 1520 3684 1596; baseline -0.006 -15"><span class='ocrx_word' id='word_1_306' title='bbox 2177 1529 2321 1581; x_wconf 82' lang='grc' dir='ltr'><strong>κατά</strong></span> <span class='ocrx_word' id='word_1_307' title='bbox 2342 1527 2435 1581; x_wconf 82' lang='grc' dir='ltr'>τοῦ</span> <span class='ocrx_word' id='word_1_308' title='bbox 2466 1526 2764 1596; x_wconf 87' lang='grc' dir='ltr'>Μαχούμετ</span> <span class='ocrx_word' id='word_1_309' title='bbox 2815 1526 2973 1580; x_wconf 83' lang='grc' dir='ltr'>ἵεται.</span> <span class='ocrx_word' id='word_1_310' title='bbox 3010 1525 3319 1594; x_wconf 76' lang='grc' dir='ltr'>Παρείπετο</span> <span class='ocrx_word' id='word_1_311' title='bbox 3349 1522 3403 1575; x_wconf 77' lang='grc' dir='ltr'>δὲ</span> <span class='ocrx_word' id='word_1_312' title='bbox 3433 1522 3517 1574; x_wconf 78' lang='grc' dir='ltr'>καὶ</span> <span class='ocrx_word' id='word_1_313' title='bbox 3540 1523 3564 1573; x_wconf 78' lang='grc' dir='ltr'><strong>ὁ</strong></span> <span class='ocrx_word' id='word_1_314' title='bbox 3585 1520 3684 1579; x_wconf 71' lang='grc' dir='ltr'>Τει-</span> 
     </span>
    </p>
   </div>
   <div class='ocr_carea' id='block_1_46' title="bbox 2178 1612 3681 1689">
    <p class='ocr_par' dir='ltr' id='par_1_46' title="bbox 2178 1612 3681 1689">
     <span class='ocr_line' id='line_1_47' title="bbox 2178 1612 3681 1689; baseline -0.005 -17"><span class='ocrx_word' id='word_1_315' title='bbox 2178 1620 2483 1689; x_wconf 81' lang='grc' dir='ltr'>πουρέλης,</span> <span class='ocrx_word' id='word_1_316' title='bbox 2552 1619 2684 1687; x_wconf 73' lang='grc' dir='ltr'>περὶ</span> <span class='ocrx_word' id='word_1_317' title='bbox 2750 1616 3152 1689; x_wconf 81' lang='grc' dir='ltr'>παλαιοχώριον</span> <span class='ocrx_word' id='word_1_318' title='bbox 3209 1615 3264 1668; x_wconf 86' lang='grc' dir='ltr'><strong>δέ</strong></span> <span class='ocrx_word' id='word_1_319' title='bbox 3334 1631 3383 1667; x_wconf 90' lang='grc' dir='ltr'><strong>τι</strong></span> <span class='ocrx_word' id='word_1_320' title='bbox 3428 1612 3681 1681; x_wconf 75' lang='grc' dir='ltr'><strong>γενομένῳ,</strong></span> 
     </span>
    </p>
   </div>
   <div class='ocr_carea' id='block_1_47' title="bbox 2182 1701 3681 1777">
    <p class='ocr_par' dir='ltr' id='par_1_47' title="bbox 2182 1701 3681 1777">
     <span class='ocr_line' id='line_1_48' title="bbox 2182 1701 3681 1777; baseline -0.007 -17"><span class='ocrx_word' id='word_1_321' title='bbox 2182 1707 2350 1777; x_wconf 88' lang='grc' dir='ltr'>μήπω</span> <span class='ocrx_word' id='word_1_322' title='bbox 2413 1706 2524 1758; x_wconf 87' lang='grc' dir='ltr'><strong>τῶν</strong></span> <span class='ocrx_word' id='word_1_323' title='bbox 2591 1705 2681 1758; x_wconf 80' lang='grc' dir='ltr'>ὑπ’</span> <span class='ocrx_word' id='word_1_324' title='bbox 2723 1705 2888 1759; x_wconf 81' lang='grc' dir='ltr'>αὐτὸν</span> <span class='ocrx_word' id='word_1_325' title='bbox 2910 1705 2956 1736; x_wconf 74' lang='grc' dir='ltr'><strong>τ’</strong></span> <span class='ocrx_word' id='word_1_326' title='bbox 3004 1702 3353 1774; x_wconf 83' lang='grc' dir='ltr'>στρατιωτῶν</span> <span class='ocrx_word' id='word_1_327' title='bbox 3401 1701 3681 1769; x_wconf 74' lang='grc' dir='ltr'>ὲφθακότων,</span> 
     </span>
    </p>
   </div>
   <div class='ocr_carea' id='block_1_48' title="bbox 2179 1790 3684 1867">
    <p class='ocr_par' dir='ltr' id='par_1_48' title="bbox 2179 1790 3684 1867">
     <span class='ocr_line' id='line_1_49' title="bbox 2179 1790 3684 1867; baseline -0.007 -15"><span class='ocrx_word' id='word_1_328' title='bbox 2179 1797 2596 1867; x_wconf 81' lang='grc' dir='ltr'>καταλαμϐάνει</span> <span class='ocrx_word' id='word_1_329' title='bbox 2623 1796 2851 1859; x_wconf 83' lang='grc' dir='ltr'>τούτους</span> <span class='ocrx_word' id='word_1_330' title='bbox 2892 1796 2921 1847; x_wconf 80' lang='grc' dir='ltr'>ὁ</span> <span class='ocrx_word' id='word_1_331' title='bbox 2951 1794 3300 1865; x_wconf 81' lang='grc' dir='ltr'>Μουχούμετ,</span> <span class='ocrx_word' id='word_1_332' title='bbox 3344 1790 3684 1860; x_wconf 70' lang='grc' dir='ltr'>σταθηρότατος</span> 
     </span>
    </p>
   </div>
   <div class='ocr_carea' id='block_1_49' title="bbox 2173 1878 3686 1952">
    <p class='ocr_par' dir='ltr' id='par_1_49' title="bbox 2173 1878 3686 1952">
     <span class='ocr_line' id='line_1_50' title="bbox 2173 1878 3686 1952; baseline -0.01 -8"><span class='ocrx_word' id='word_1_333' title='bbox 2173 1890 2280 1943; x_wconf 70' lang='grc' dir='ltr'>ῶνο</span> <span class='ocrx_word' id='word_1_334' title='bbox 2305 1890 2397 1944; x_wconf 75' lang='grc' dir='ltr'>τὸν</span> <span class='ocrx_word' id='word_1_335' title='bbox 2444 1889 2611 1942; x_wconf 74' lang='grc' dir='ltr'>ἵππον</span> <span class='ocrx_word' id='word_1_336' title='bbox 2648 1888 2704 1940; x_wconf 81' lang='grc' dir='ltr'>δὲ</span> <span class='ocrx_word' id='word_1_337' title='bbox 2736 1887 2830 1939; x_wconf 82' lang='grc' dir='ltr'>τοῦ</span> <span class='ocrx_word' id='word_1_338' title='bbox 2868 1884 3140 1952; x_wconf 80' lang='grc' dir='ltr'>’Δμπελᾶ,</span> <span class='ocrx_word' id='word_1_339' title='bbox 3173 1884 3232 1936; x_wconf 81' lang='grc' dir='ltr'>οὗ</span> <span class='ocrx_word' id='word_1_340' title='bbox 3259 1883 3346 1935; x_wconf 81' lang='grc' dir='ltr'><strong>τὸν</strong></span> <span class='ocrx_word' id='word_1_341' title='bbox 3375 1881 3601 1947; x_wconf 78' lang='grc' dir='ltr'>ἱππότην,</span> <span class='ocrx_word' id='word_1_342' title='bbox 3618 1878 3686 1930; x_wconf 66' lang='grc' dir='ltr'>διὰ</span> 
     </span>
    </p>
   </div>
   <div class='ocr_carea' id='block_1_50' title="bbox 2176 1973 3685 2056">
    <p class='ocr_par' dir='ltr' id='par_1_50' title="bbox 2176 1973 3685 2056">
     <span class='ocr_line' id='line_1_51' title="bbox 2176 1973 3685 2056; baseline -0.011 -18"><span class='ocrx_word' id='word_1_343' title='bbox 2176 1984 2364 2056; x_wconf 77' lang='grc' dir='ltr'><strong>βέλους</strong></span> <span class='ocrx_word' id='word_1_344' title='bbox 2384 1982 2596 2053; x_wconf 82' lang='grc' dir='ltr'><strong>πλήξας</strong></span> <span class='ocrx_word' id='word_1_345' title='bbox 2627 1981 2770 2033; x_wconf 83' lang='grc' dir='ltr'><strong>κατά</strong></span> <span class='ocrx_word' id='word_1_346' title='bbox 2792 1980 2896 2048; x_wconf 80' lang='grc' dir='ltr'>γῆς</span> <span class='ocrx_word' id='word_1_347' title='bbox 2924 1977 3178 2050; x_wconf 77' lang='grc' dir='ltr'>ἔρριψεν.</span> <span class='ocrx_word' id='word_1_348' title='bbox 3211 1980 3306 2030; x_wconf 89' lang='grc' dir='ltr'>Ὃν</span> <span class='ocrx_word' id='word_1_349' title='bbox 3338 1973 3626 2041; x_wconf 75' lang='grc' dir='ltr'>Θεασάμενοι</span> <span class='ocrx_word' id='word_1_350' title='bbox 3647 1973 3685 2023; x_wconf 85' lang='lat' dir='ltr'><strong>ol</strong></span> 
     </span>
    </p>
   </div>
   <div class='ocr_carea' id='block_1_51' title="bbox 2174 2064 3685 2142">
    <p class='ocr_par' dir='ltr' id='par_1_51' title="bbox 2174 2064 3685 2142">
     <span class='ocr_line' id='line_1_52' title="bbox 2174 2064 3685 2142; baseline -0.009 -16"><span class='ocrx_word' id='word_1_351' title='bbox 2174 2074 2412 2142; x_wconf 80' lang='grc' dir='ltr'>Τοῦρκοι</span> <span class='ocrx_word' id='word_1_352' title='bbox 2446 2071 2596 2139; x_wconf 81' lang='grc' dir='ltr'>πεζῷ</span> <span class='ocrx_word' id='word_1_353' title='bbox 2632 2070 3038 2139; x_wconf 80' lang='grc' dir='ltr'>περιτυχόντες,</span> <span class='ocrx_word' id='word_1_354' title='bbox 3083 2067 3411 2120; x_wconf 80' lang='grc' dir='ltr'>κτείνουσιν.</span> <span class='ocrx_word' id='word_1_355' title='bbox 3456 2064 3591 2118; x_wconf 82' lang='grc' dir='ltr'>Ἀλλὰ</span> <span class='ocrx_word' id='word_1_356' title='bbox 3618 2064 3685 2116; x_wconf 76' lang='grc' dir='ltr'><strong>καὶ</strong></span> 
     </span>
    </p>
   </div>
   <div class='ocr_carea' id='block_1_52' title="bbox 2173 2153 3686 2234">
    <p class='ocr_par' dir='ltr' id='par_1_52' title="bbox 2173 2153 3686 2234">
     <span class='ocr_line' id='line_1_53' title="bbox 2173 2153 3686 2234; baseline -0.011 -17"><span class='ocrx_word' id='word_1_357' title='bbox 2173 2166 2266 2218; x_wconf 76' lang='grc' dir='ltr'>τὸν</span> <span class='ocrx_word' id='word_1_358' title='bbox 2298 2163 2675 2234; x_wconf 76' lang='grc' dir='ltr'>Τζιπουρέλην</span> <span class='ocrx_word' id='word_1_359' title='bbox 2717 2159 3099 2230; x_wconf 81' lang='grc' dir='ltr'>ἀναισχύντως</span> <span class='ocrx_word' id='word_1_360' title='bbox 3145 2158 3267 2213; x_wconf 79' lang='grc' dir='ltr'>κατ’</span> <span class='ocrx_word' id='word_1_361' title='bbox 3308 2156 3474 2210; x_wconf 84' lang='grc' dir='ltr'>αὐτῶν</span> <span class='ocrx_word' id='word_1_362' title='bbox 3515 2153 3686 2223; x_wconf 79' lang='grc' dir='ltr'>ἱέμενον</span> 
     </span>
    </p>
   </div>
   <div class='ocr_carea' id='block_1_53' title="bbox 2172 2241 3686 2328">
    <p class='ocr_par' dir='ltr' id='par_1_53' title="bbox 2172 2241 3686 2328">
     <span class='ocr_line' id='line_1_54' title="bbox 2172 2241 3686 2328; baseline -0.01 -18"><span class='ocrx_word' id='word_1_363' title='bbox 2172 2256 2429 2328; x_wconf 77' lang='grc' dir='ltr'>ὁρῶντες,</span> <span class='ocrx_word' id='word_1_364' title='bbox 2458 2256 2549 2309; x_wconf 75' lang='grc' dir='ltr'><strong>τὸν</strong></span> <span class='ocrx_word' id='word_1_365' title='bbox 2578 2256 2742 2309; x_wconf 79' lang='grc' dir='ltr'>ἵππον</span> <span class='ocrx_word' id='word_1_366' title='bbox 2765 2255 2820 2306; x_wconf 86' lang='grc' dir='ltr'>ὲν</span> <span class='ocrx_word' id='word_1_367' title='bbox 2845 2247 2890 2320; x_wconf 83' lang='grc' dir='ltr'><strong>ᾧ</strong></span> <span class='ocrx_word' id='word_1_368' title='bbox 2916 2253 3209 2320; x_wconf 79' lang='grc' dir='ltr'>ἐπωχεῖτο,</span> <span class='ocrx_word' id='word_1_369' title='bbox 3238 2251 3583 2320; x_wconf 80' lang='grc' dir='ltr'>πτερώσαντες</span> <span class='ocrx_word' id='word_1_370' title='bbox 3600 2241 3686 2296; x_wconf 74' lang='grc' dir='ltr'>οἷον</span> 
     </span>
    </p>
   </div>
   <div class='ocr_carea' id='block_1_54' title="bbox 2171 2338 3687 2419">
    <p class='ocr_par' dir='ltr' id='par_1_54' title="bbox 2171 2338 3687 2419">
     <span class='ocr_line' id='line_1_55' title="bbox 2171 2338 3687 2419; baseline -0.009 -17"><span class='ocrx_word' id='word_1_371' title='bbox 2171 2354 2286 2413; x_wconf 76' lang='grc' dir='ltr'>τοῖς</span> <span class='ocrx_word' id='word_1_372' title='bbox 2321 2350 2566 2419; x_wconf 83' lang='grc' dir='ltr'>βέλεσιν’,</span> <span class='ocrx_word' id='word_1_373' title='bbox 2614 2346 2831 2417; x_wconf 73' lang='grc' dir='ltr'>ἔξεδρον</span> <span class='ocrx_word' id='word_1_374' title='bbox 2872 2346 3037 2399; x_wconf 78' lang='grc' dir='ltr'>αὑτὸν</span> <span class='ocrx_word' id='word_1_375' title='bbox 3065 2342 3355 2410; x_wconf 76' lang='grc' dir='ltr'>ἐποίησαν,</span> <span class='ocrx_word' id='word_1_376' title='bbox 3387 2341 3471 2392; x_wconf 69' lang='grc' dir='ltr'><strong>καὶ</strong></span> <span class='ocrx_word' id='word_1_377' title='bbox 3494 2338 3570 2391; x_wconf 78' lang='grc' dir='ltr'>διὰ</span> <span class='ocrx_word' id='word_1_378' title='bbox 3604 2353 3687 2406; x_wconf 79' lang='grc' dir='ltr'>μα·</span> 
     </span>
    </p>
   </div>
   <div class='ocr_carea' id='block_1_55' title="bbox 2173 2430 3685 2528">
    <p class='ocr_par' dir='ltr' id='par_1_55' title="bbox 2173 2430 3685 2528">
     <span class='ocr_line' id='line_1_56' title="bbox 2173 2430 3685 2528; baseline -0.01 -31"><span class='ocrx_word' id='word_1_379' title='bbox 2173 2444 2371 2515; x_wconf 81' lang='grc' dir='ltr'>χαίρας</span> <span class='ocrx_word' id='word_1_380' title='bbox 2400 2440 2745 2512; x_wconf 84' lang='grc' dir='ltr'>παραχρῆμα</span> <span class='ocrx_word' id='word_1_381' title='bbox 2776 2438 3009 2492; x_wconf 80' lang='grc' dir='ltr'>ἀνεῖλον.</span> <span class='ocrx_word' id='word_1_382' title='bbox 3042 2436 3108 2489; x_wconf 76' lang='grc' dir='ltr'><strong>Οἱ</strong></span> <span class='ocrx_word' id='word_1_383' title='bbox 3147 2435 3205 2488; x_wconf 81' lang='grc' dir='ltr'>δὲ</span> <span class='ocrx_word' id='word_1_384' title='bbox 3233 2434 3330 2503; x_wconf 83' lang='grc' dir='ltr'><strong>τὴν</strong></span> <span class='ocrx_word' id='word_1_385' title='bbox 3357 2430 3589 2528; x_wconf 73' lang='grc' dir='ltr'>οὐραγίαν</span> <span class='ocrx_word' id='word_1_386' title='bbox 3607 2444 3685 2528; x_wconf 63' lang='grc' dir='ltr'>τη-</span> 
     </span>
    </p>
   </div>
   <div class='ocr_carea' id='block_1_56' title="bbox 2173 2523 3685 2606">
    <p class='ocr_par' dir='ltr' id='par_1_56' title="bbox 2173 2523 3685 2606">
     <span class='ocr_line' id='line_1_57' title="bbox 2173 2523 3685 2606; baseline -0.015 -18"><span class='ocrx_word' id='word_1_387' title='bbox 2173 2535 2401 2606; x_wconf 84' lang='grc' dir='ltr'>ροῦντες</span> <span class='ocrx_word' id='word_1_388' title='bbox 2446 2530 2780 2602; x_wconf 87' lang='grc' dir='ltr'>στρατιῶται</span> <span class='ocrx_word' id='word_1_389' title='bbox 2824 2528 2966 2581; x_wconf 80' lang='grc' dir='ltr'>ὥστε</span> <span class='ocrx_word' id='word_1_390' title='bbox 3014 2526 3148 2588; x_wconf 69' lang='grc' dir='ltr'>τοὺς</span> <span class='ocrx_word' id='word_1_391' title='bbox 3197 2523 3565 2579; x_wconf 69' lang='grc' dir='ltr'>κεκοπιακότας</span> <span class='ocrx_word' id='word_1_392' title='bbox 3601 2523 3685 2568; x_wconf 80' lang='grc' dir='ltr'><strong>τῶν</strong></span> 
     </span>
    </p>
   </div>
   <div class='ocr_carea' id='block_1_57' title="bbox 2171 2612 3685 2695">
    <p class='ocr_par' dir='ltr' id='par_1_57' title="bbox 2171 2612 3685 2695">
     <span class='ocr_line' id='line_1_58' title="bbox 2171 2612 3685 2695; baseline -0.015 -14"><span class='ocrx_word' id='word_1_393' title='bbox 2171 2627 2270 2690; x_wconf 73' lang='grc' dir='ltr'>τὰς</span> <span class='ocrx_word' id='word_1_394' title='bbox 2298 2623 2501 2687; x_wconf 82' lang='grc' dir='ltr'>σκευὰς</span> <span class='ocrx_word' id='word_1_395' title='bbox 2533 2622 2848 2695; x_wconf 83' lang='grc' dir='ltr'>τηρούντων</span> <span class='ocrx_word' id='word_1_396' title='bbox 2873 2616 3230 2690; x_wconf 78' lang='grc' dir='ltr'>στρατιωτῶν</span> <span class='ocrx_word' id='word_1_397' title='bbox 3266 2614 3358 2668; x_wconf 80' lang='grc' dir='ltr'>καὶ</span> <span class='ocrx_word' id='word_1_398' title='bbox 3377 2613 3492 2675; x_wconf 81' lang='grc' dir='ltr'>τοὺς</span> <span class='ocrx_word' id='word_1_399' title='bbox 3526 2612 3685 2670; x_wconf 72' lang='grc' dir='ltr'>ἵππους</span> 
     </span>
    </p>
   </div>
   <div class='ocr_carea' id='block_1_58' title="bbox 2172 2700 3680 2787">
    <p class='ocr_par' dir='ltr' id='par_1_58' title="bbox 2172 2700 3680 2787">
     <span class='ocr_line' id='line_1_59' title="bbox 2172 2700 3680 2787; baseline -0.015 -15"><span class='ocrx_word' id='word_1_400' title='bbox 2172 2718 2432 2787; x_wconf 83' lang='grc' dir='ltr'>φρουρεῖν</span> <span class='ocrx_word' id='word_1_401' title='bbox 2462 2713 2559 2768; x_wconf 76' lang='grc' dir='ltr'>καὶ</span> <span class='ocrx_word' id='word_1_402' title='bbox 2596 2714 2721 2775; x_wconf 81' lang='grc' dir='ltr'>τοὺς</span> <span class='ocrx_word' id='word_1_403' title='bbox 2753 2711 2872 2764; x_wconf 82' lang='grc' dir='ltr'>κατ’</span> <span class='ocrx_word' id='word_1_404' title='bbox 2902 2710 3083 2764; x_wconf 79' lang='grc' dir='ltr'>αὐτῶν</span> <span class='ocrx_word' id='word_1_405' title='bbox 3128 2708 3375 2777; x_wconf 75' lang='grc' dir='ltr'>ἱεμένους</span> <span class='ocrx_word' id='word_1_406' title='bbox 3404 2700 3680 2755; x_wconf 79' lang='grc' dir='ltr'>ἀπελαύνειν</span> 
     </span>
    </p>
   </div>
   <div class='ocr_carea' id='block_1_59' title="bbox 2170 2791 3686 2875">
    <p class='ocr_par' dir='ltr' id='par_1_59' title="bbox 2170 2791 3686 2875">
     <span class='ocr_line' id='line_1_60' title="bbox 2170 2791 3686 2875; baseline -0.013 -15"><span class='ocrx_word' id='word_1_407' title='bbox 2170 2807 2246 2870; x_wconf 85' lang='grc' dir='ltr'><strong>ὡς</strong></span> <span class='ocrx_word' id='word_1_408' title='bbox 2263 2806 2516 2875; x_wconf 78' lang='grc' dir='ltr'>δύναμις,</span> <span class='ocrx_word' id='word_1_409' title='bbox 2538 2801 2949 2863; x_wconf 78' lang='grc' dir='ltr'>καταλαϐόντας</span> <span class='ocrx_word' id='word_1_410' title='bbox 2970 2800 3301 2867; x_wconf 77' lang='grc' dir='ltr'>θεασάμενοι</span> <span class='ocrx_word' id='word_1_411' title='bbox 3321 2797 3440 2857; x_wconf 73' lang='grc' dir='ltr'>τοὺς</span> <span class='ocrx_word' id='word_1_412' title='bbox 3459 2791 3686 2861; x_wconf 76' lang='grc' dir='ltr'>Τούρκευς</span> 
     </span>
    </p>
   </div>
   <div class='ocr_carea' id='block_1_60' title="bbox 2170 2882 3682 2962">
    <p class='ocr_par' dir='ltr' id='par_1_60' title="bbox 2170 2882 3682 2962">
     <span class='ocr_line' id='line_1_61' title="bbox 2170 2882 3682 2962; baseline -0.011 -9"><span class='ocrx_word' id='word_1_413' title='bbox 2170 2900 2295 2953; x_wconf 82' lang='grc' dir='ltr'>κατ’</span> <span class='ocrx_word' id='word_1_414' title='bbox 2323 2898 2504 2952; x_wconf 80' lang='grc' dir='ltr'>αὐτῶν</span> <span class='ocrx_word' id='word_1_415' title='bbox 2533 2896 2705 2949; x_wconf 82' lang='grc' dir='ltr'>ἵενται</span> <span class='ocrx_word' id='word_1_416' title='bbox 2726 2895 2817 2947; x_wconf 74' lang='grc' dir='ltr'><strong>καὶ</strong></span> <span class='ocrx_word' id='word_1_417' title='bbox 2838 2893 3143 2962; x_wconf 77' lang='grc' dir='ltr'>τρέπουσιν</span> <span class='ocrx_word' id='word_1_418' title='bbox 3164 2890 3355 2951; x_wconf 77' lang='grc' dir='ltr'>αὐτοὺς</span> <span class='ocrx_word' id='word_1_419' title='bbox 3378 2882 3682 2953; x_wconf 82' lang='grc' dir='ltr'>κατακράτος.</span> 
     </span>
    </p>
   </div>
   <div class='ocr_carea' id='block_1_61' title="bbox 2182 2976 3684 3054">
    <p class='ocr_par' dir='ltr' id='par_1_61' title="bbox 2182 2976 3684 3054">
     <span class='ocr_line' id='line_1_62' title="bbox 2182 2976 3684 3054; baseline -0.013 -12"><span class='ocrx_word' id='word_1_420' title='bbox 2182 2989 2334 3041; x_wconf 76' lang='grc' dir='ltr'>Ἐπεὶ</span> <span class='ocrx_word' id='word_1_421' title='bbox 2364 2986 2421 3040; x_wconf 83' lang='grc' dir='ltr'>δὲ</span> <span class='ocrx_word' id='word_1_422' title='bbox 2466 2989 2495 3040; x_wconf 89' lang='grc' dir='ltr'>ὁ</span> <span class='ocrx_word' id='word_1_423' title='bbox 2542 2983 2842 3054; x_wconf 79' lang='grc' dir='ltr'>Καμύτζης</span> <span class='ocrx_word' id='word_1_424' title='bbox 2930 2982 3069 3050; x_wconf 84' lang='grc' dir='ltr'><strong>μετά</strong></span> <span class='ocrx_word' id='word_1_425' title='bbox 3128 2980 3240 3033; x_wconf 87' lang='grc' dir='ltr'><strong>τῶν</strong></span> <span class='ocrx_word' id='word_1_426' title='bbox 3286 2976 3522 3046; x_wconf 88' lang='grc' dir='ltr'>Τούρκων</span> <span class='ocrx_word' id='word_1_427' title='bbox 3563 2988 3684 3038; x_wconf 85' lang='grc' dir='ltr'>τηνι-</span> 
     </span>
    </p>
   </div>
   <div class='ocr_carea' id='block_1_62' title="bbox 493 3053 2065 3152">
    <p class='ocr_par' dir='ltr' id='par_1_62' title="bbox 493 3053 2061 3130">
     <span class='ocr_line' id='line_1_63' title="bbox 493 3053 2061 3130; baseline 0.016 -25"><span class='ocrx_word' id='word_1_428' title='bbox 493 3053 661 3108; x_wconf 82' lang='lat' dir='ltr'><strong>Turci</strong></span> <span class='ocrx_word' id='word_1_429' title='bbox 694 3073 887 3125; x_wconf 86' lang='lat' dir='ltr'><strong>magno</strong></span> <span class='ocrx_word' id='word_1_430' title='bbox 919 3074 1145 3113; x_wconf 90' lang='lat' dir='ltr'><strong>numero</strong></span> <span class='ocrx_word' id='word_1_431' title='bbox 1183 3077 1308 3117; x_wconf 79' lang='lat' dir='ltr'><strong>mox</strong></span> <span class='ocrx_word' id='word_1_432' title='bbox 1353 3064 1767 3126; x_wconf 78' lang='lat' dir='ltr'><strong>interfecerunt.</strong></span> <span class='ocrx_word' id='word_1_433' title='bbox 1806 3071 1974 3129; x_wconf 88' lang='lat' dir='ltr'><strong>lrruit</strong></span> <span class='ocrx_word' id='word_1_434' title='bbox 2009 3076 2061 3130; x_wconf 89' lang='lat' dir='ltr'><strong>in</strong></span> 
     </span>
    </p>
   </div>
   <div class='ocr_carea' id='block_1_63' title="bbox 2171 3053 3683 3152">
    <p class='ocr_par' dir='ltr' id='par_1_63' title="bbox 2171 3065 3683 3152">
     <span class='ocr_line' id='line_1_64' title="bbox 2171 3065 3683 3152; baseline -0.017 -18"><span class='ocrx_word' id='word_1_435' title='bbox 2171 3080 2345 3134; x_wconf 85' lang='grc' dir='ltr'>καῦτα</span> <span class='ocrx_word' id='word_1_436' title='bbox 2399 3079 2642 3148; x_wconf 79' lang='grc' dir='ltr'>δέσμιος,</span> <span class='ocrx_word' id='word_1_437' title='bbox 2682 3075 2875 3152; x_wconf 26' lang='grc' dir='ltr'>παρῆν,</span> <span class='ocrx_word' id='word_1_438' title='bbox 2901 3073 3001 3143; x_wconf 81' lang='grc' dir='ltr'><strong>τὴν</strong></span> <span class='ocrx_word' id='word_1_439' title='bbox 3055 3071 3358 3140; x_wconf 80' lang='grc' dir='ltr'>γενομένην</span> <span class='ocrx_word' id='word_1_440' title='bbox 3387 3065 3613 3134; x_wconf 82' lang='grc' dir='ltr'>σύγχυσιν</span> <span class='ocrx_word' id='word_1_441' title='bbox 3639 3077 3683 3152; x_wconf 78' lang='grc' dir='ltr'><strong>εν</strong></span> 
     </span>
    </p>
   </div>
   <div class='ocr_carea' id='block_1_64' title="bbox 492 3145 2061 3231">
    <p class='ocr_par' dir='ltr' id='par_1_64' title="bbox 492 3145 2061 3231">
     <span class='ocr_line' id='line_1_65' title="bbox 492 3145 2061 3231; baseline 0.015 -36"><span class='ocrx_word' id='word_1_442' title='bbox 492 3158 587 3197; x_wconf 84' lang='lat' dir='ltr'><strong>eos</strong></span> <span class='ocrx_word' id='word_1_443' title='bbox 619 3145 841 3198; x_wconf 81' lang='lat' dir='ltr'><strong>audacia</strong></span> <span class='ocrx_word' id='word_1_444' title='bbox 900 3148 1102 3217; x_wconf 77' lang='lat' dir='ltr'><strong>ingenti</strong></span> <span class='ocrx_word' id='word_1_445' title='bbox 1158 3151 1445 3207; x_wconf 76' lang='lat' dir='ltr'><strong>fortissime</strong></span> <span class='ocrx_word' id='word_1_446' title='bbox 1507 3155 1839 3226; x_wconf 84' lang='lat' dir='ltr'><strong>Tzipureles.</strong></span> <span class='ocrx_word' id='word_1_447' title='bbox 1896 3163 2061 3231; x_wconf 79' lang='lat' dir='ltr'><strong>Cujus</strong></span> 
     </span>
    </p>
   </div>
   <div class='ocr_carea' id='block_1_65' title="bbox 491 3239 2064 3313">
    <p class='ocr_par' dir='ltr' id='par_1_65' title="bbox 491 3239 2064 3313">
     <span class='ocr_line' id='line_1_66' title="bbox 491 3239 2064 3313; baseline 0.015 -25"><span class='ocrx_word' id='word_1_448' title='bbox 491 3251 689 3305; x_wconf 87' lang='lat' dir='ltr'><strong>equum</strong></span> <span class='ocrx_word' id='word_1_449' title='bbox 728 3239 798 3291; x_wconf 86' lang='lat' dir='ltr'><strong>ita</strong></span> <span class='ocrx_word' id='word_1_450' title='bbox 827 3239 1011 3295; x_wconf 85' lang='lat' dir='ltr'><strong>multis</strong></span> <span class='ocrx_word' id='word_1_451' title='bbox 1052 3241 1124 3295; x_wconf 93' lang='lat' dir='ltr'><strong>illi</strong></span> <span class='ocrx_word' id='word_1_452' title='bbox 1156 3243 1392 3313; x_wconf 89' lang='lat' dir='ltr'><strong>undique</strong></span> <span class='ocrx_word' id='word_1_453' title='bbox 1428 3246 1548 3303; x_wconf 89' lang='lat' dir='ltr'><strong>telis</strong></span> <span class='ocrx_word' id='word_1_454' title='bbox 1575 3249 1901 3307; x_wconf 65' lang='lat' dir='ltr'><strong>haerentibus</strong></span> <span class='ocrx_word' id='word_1_455' title='bbox 1931 3271 2064 3311; x_wconf 85' lang='lat' dir='ltr'><strong>eon-</strong></span> 
     </span>
    </p>
   </div>
   <div class='ocr_carea' id='block_1_66' title="bbox 490 3330 2060 3419">
    <p class='ocr_par' dir='ltr' id='par_1_66' title="bbox 490 3330 2060 3419">
     <span class='ocr_line' id='line_1_67' title="bbox 490 3330 2060 3419; baseline 0.013 -35"><span class='ocrx_word' id='word_1_456' title='bbox 490 3330 750 3396; x_wconf 73' lang='lat' dir='ltr'><strong>fixerunt,</strong></span> <span class='ocrx_word' id='word_1_457' title='bbox 787 3340 845 3385; x_wconf 92' lang='lat' dir='ltr'><strong>ut</strong></span> <span class='ocrx_word' id='word_1_458' title='bbox 873 3333 1047 3388; x_wconf 80' lang='lat' dir='ltr'><strong>alatus</strong></span> <span class='ocrx_word' id='word_1_459' title='bbox 1073 3336 1368 3393; x_wconf 83' lang='lat' dir='ltr'><strong>videretur.</strong></span> <span class='ocrx_word' id='word_1_460' title='bbox 1401 3338 1490 3394; x_wconf 92' lang='lat' dir='ltr'><strong>Sic</strong></span> <span class='ocrx_word' id='word_1_461' title='bbox 1515 3351 1570 3396; x_wconf 89' lang='lat' dir='ltr'><strong>et</strong></span> <span class='ocrx_word' id='word_1_462' title='bbox 1613 3343 1758 3399; x_wconf 87' lang='lat' dir='ltr'><strong>hunc</strong></span> <span class='ocrx_word' id='word_1_463' title='bbox 1797 3349 2060 3419; x_wconf 83' lang='lat' dir='ltr'><strong>ephippiis</strong></span> 
     </span>
    </p>
   </div>
   <div class='ocr_carea' id='block_1_67' title="bbox 491 3429 2062 3513">
    <p class='ocr_par' dir='ltr' id='par_1_67' title="bbox 491 3429 2062 3513">
     <span class='ocr_line' id='line_1_68' title="bbox 491 3429 2062 3513; baseline 0.015 -37"><span class='ocrx_word' id='word_1_464' title='bbox 491 3438 781 3480; x_wconf 83' lang='lat' dir='ltr'><strong>excussum</strong></span> <span class='ocrx_word' id='word_1_465' title='bbox 818 3429 992 3497; x_wconf 82' lang='lat' dir='ltr'><strong>gladio</strong></span> <span class='ocrx_word' id='word_1_466' title='bbox 1027 3431 1209 3485; x_wconf 88' lang='lat' dir='ltr'><strong>statim</strong></span> <span class='ocrx_word' id='word_1_467' title='bbox 1240 3433 1546 3491; x_wconf 79' lang='lat' dir='ltr'><strong>cnnfecere.</strong></span> <span class='ocrx_word' id='word_1_468' title='bbox 1596 3438 1805 3495; x_wconf 83' lang='lat' dir='ltr'><strong>Interea</strong></span> <span class='ocrx_word' id='word_1_469' title='bbox 1831 3444 1920 3510; x_wconf 91' lang='lat' dir='ltr'><strong>qui</strong></span> <span class='ocrx_word' id='word_1_470' title='bbox 1966 3460 2062 3513; x_wconf 91' lang='lat' dir='ltr'><strong>po-</strong></span> 
     </span>
    </p>
   </div>
   <div class='ocr_carea' id='block_1_68' title="bbox 488 3523 2057 3603">
    <p class='ocr_par' dir='ltr' id='par_1_68' title="bbox 488 3523 2057 3603">
     <span class='ocr_line' id='line_1_69' title="bbox 488 3523 2057 3603; baseline 0.014 -35"><span class='ocrx_word' id='word_1_471' title='bbox 488 3525 748 3570; x_wconf 80' lang='lat' dir='ltr'><strong>stremum</strong></span> <span class='ocrx_word' id='word_1_472' title='bbox 781 3533 974 3588; x_wconf 85' lang='lat' dir='ltr'><strong>agmen</strong></span> <span class='ocrx_word' id='word_1_473' title='bbox 1012 3523 1241 3577; x_wconf 78' lang='lat' dir='ltr'><strong>Romani</strong></span> <span class='ocrx_word' id='word_1_474' title='bbox 1287 3528 1558 3584; x_wconf 78' lang='lat' dir='ltr'><strong>exercitus</strong></span> <span class='ocrx_word' id='word_1_475' title='bbox 1591 3529 1730 3600; x_wconf 90' lang='lat' dir='ltr'><strong>(hoc</strong></span> <span class='ocrx_word' id='word_1_476' title='bbox 1777 3547 1966 3603; x_wconf 82' lang='lat' dir='ltr'><strong>agmen</strong></span> <span class='ocrx_word' id='word_1_477' title='bbox 2005 3538 2057 3590; x_wconf 94' lang='lat' dir='ltr'><strong>in</strong></span> 
     </span>
    </p>
   </div>
   <div class='ocr_carea' id='block_1_69' title="bbox 488 3607 2053 3690">
    <p class='ocr_par' dir='ltr' id='par_1_69' title="bbox 488 3607 2053 3690">
     <span class='ocr_line' id='line_1_70' title="bbox 488 3607 2053 3690; baseline 0.014 -30"><span class='ocrx_word' id='word_1_478' title='bbox 488 3607 542 3661; x_wconf 87' lang='lat' dir='ltr'><strong>id</strong></span> <span class='ocrx_word' id='word_1_479' title='bbox 570 3607 731 3663; x_wconf 83' lang='lat' dir='ltr'><strong>oﬂicii</strong></span> <span class='ocrx_word' id='word_1_480' title='bbox 758 3612 1088 3682; x_wconf 88' lang='lat' dir='ltr'><strong>descriptum</strong></span> <span class='ocrx_word' id='word_1_481' title='bbox 1118 3626 1171 3669; x_wconf 91' lang='lat' dir='ltr'><strong>et</strong></span> <span class='ocrx_word' id='word_1_482' title='bbox 1200 3615 1317 3671; x_wconf 82' lang='lat' dir='ltr'><strong>loco</strong></span> <span class='ocrx_word' id='word_1_483' title='bbox 1347 3617 1536 3674; x_wconf 88' lang='lat' dir='ltr'><strong>ultimo</strong></span> <span class='ocrx_word' id='word_1_484' title='bbox 1564 3635 1702 3690; x_wconf 91' lang='lat' dir='ltr'><strong>pone</strong></span> <span class='ocrx_word' id='word_1_485' title='bbox 1735 3626 2053 3682; x_wconf 88' lang='lat' dir='ltr'><strong>collocatum</strong></span> 
     </span>
    </p>
   </div>
   <div class='ocr_carea' id='block_1_70' title="bbox 486 3705 2058 3784">
    <p class='ocr_par' dir='ltr' id='par_1_70' title="bbox 486 3705 2058 3784">
     <span class='ocr_line' id='line_1_71' title="bbox 486 3705 2058 3784; baseline 0.013 -33"><span class='ocrx_word' id='word_1_486' title='bbox 486 3706 590 3762; x_wconf 89' lang='lat' dir='ltr'><strong>est,</strong></span> <span class='ocrx_word' id='word_1_487' title='bbox 618 3709 675 3753; x_wconf 93' lang='lat' dir='ltr'><strong>ut</strong></span> <span class='ocrx_word' id='word_1_488' title='bbox 716 3715 964 3758; x_wconf 86' lang='lat' dir='ltr'><strong>vasorum</strong></span> <span class='ocrx_word' id='word_1_489' title='bbox 998 3705 1225 3772; x_wconf 74' lang='lat' dir='ltr'><strong>baiulos,</strong></span> <span class='ocrx_word' id='word_1_490' title='bbox 1263 3708 1421 3777; x_wconf 88' lang='lat' dir='ltr'><strong>siqui</strong></span> <span class='ocrx_word' id='word_1_491' title='bbox 1479 3710 1737 3768; x_wconf 86' lang='lat' dir='ltr'><strong>lentiores</strong></span> <span class='ocrx_word' id='word_1_492' title='bbox 1781 3716 1927 3784; x_wconf 84' lang='lat' dir='ltr'><strong>sint,</strong></span> <span class='ocrx_word' id='word_1_493' title='bbox 1968 3728 2058 3771; x_wconf 89' lang='lat' dir='ltr'><strong>aut</strong></span> 
     </span>
    </p>
   </div>
   <div class='ocr_carea' id='block_1_71' title="bbox 486 3789 2056 3869">
    <p class='ocr_par' dir='ltr' id='par_1_71' title="bbox 486 3789 2056 3869">
     <span class='ocr_line' id='line_1_72' title="bbox 486 3789 2056 3869; baseline 0.012 -27"><span class='ocrx_word' id='word_1_494' title='bbox 486 3789 616 3844; x_wconf 79' lang='lat' dir='ltr'><strong>lassi</strong></span> <span class='ocrx_word' id='word_1_495' title='bbox 636 3792 965 3858; x_wconf 82' lang='lat' dir='ltr'><strong>subsistant,</strong></span> <span class='ocrx_word' id='word_1_496' title='bbox 1001 3797 1295 3861; x_wconf 56' lang='lat' dir='ltr'><strong>tueantur};</strong></span> <span class='ocrx_word' id='word_1_497' title='bbox 1336 3814 1511 3866; x_wconf 87' lang='lat' dir='ltr'><strong>neque</strong></span> <span class='ocrx_word' id='word_1_498' title='bbox 1563 3801 1694 3868; x_wconf 88' lang='lat' dir='ltr'><strong>ipsis</strong></span> <span class='ocrx_word' id='word_1_499' title='bbox 1724 3803 1921 3869; x_wconf 89' lang='lat' dir='ltr'><strong>solum,</strong></span> <span class='ocrx_word' id='word_1_500' title='bbox 1963 3808 2056 3862; x_wconf 86' lang='lat' dir='ltr'><strong>sed</strong></span> 
     </span>
    </p>
   </div>
   <div class='ocr_carea' id='block_1_72' title="bbox 484 3881 2058 3968">
    <p class='ocr_par' dir='ltr' id='par_1_72' title="bbox 484 3881 2058 3968">
     <span class='ocr_line' id='line_1_73' title="bbox 484 3881 2058 3968; baseline 0.017 -40"><span class='ocrx_word' id='word_1_501' title='bbox 484 3881 747 3949; x_wconf 81' lang='lat' dir='ltr'><strong>jnmentis</strong></span> <span class='ocrx_word' id='word_1_502' title='bbox 774 3885 936 3938; x_wconf 90' lang='lat' dir='ltr'><strong>etiam</strong></span> <span class='ocrx_word' id='word_1_503' title='bbox 970 3895 1024 3940; x_wconf 92' lang='lat' dir='ltr'><strong>et</strong></span> <span class='ocrx_word' id='word_1_504' title='bbox 1052 3888 1281 3943; x_wconf 86' lang='lat' dir='ltr'><strong>sarcinis</strong></span> <span class='ocrx_word' id='word_1_505' title='bbox 1313 3891 1560 3959; x_wconf 87' lang='lat' dir='ltr'><strong>praesidio</strong></span> <span class='ocrx_word' id='word_1_506' title='bbox 1592 3893 1703 3947; x_wconf 90' lang='lat' dir='ltr'><strong>sint</strong></span> <span class='ocrx_word' id='word_1_507' title='bbox 1737 3911 1750 3947; x_wconf 92' lang='lat'><strong>:</strong></span> <span class='ocrx_word' id='word_1_508' title='bbox 1779 3905 1833 3950; x_wconf 90' lang='lat' dir='ltr'><strong>et</strong></span> <span class='ocrx_word' id='word_1_509' title='bbox 1871 3898 1917 3952; x_wconf 93' lang='lat' dir='ltr'><strong>si</strong></span> <span class='ocrx_word' id='word_1_510' title='bbox 1954 3914 2058 3968; x_wconf 86' lang='lat' dir='ltr'><strong>qua</strong></span> 
     </span>
    </p>
   </div>
   <div class='ocr_carea' id='block_1_73' title="bbox 489 3980 2057 4049">
    <p class='ocr_par' dir='ltr' id='par_1_73' title="bbox 489 3980 2057 4049">
     <span class='ocr_line' id='line_1_74' title="bbox 489 3980 2057 4049; baseline 0.011 -23"><span class='ocrx_word' id='word_1_511' title='bbox 489 3990 548 4027; x_wconf 85' lang='lat' dir='ltr'><strong>se</strong></span> <span class='ocrx_word' id='word_1_512' title='bbox 577 3985 814 4031; x_wconf 82' lang='lat' dir='ltr'><strong>ostentet</strong></span> <span class='ocrx_word' id='word_1_513' title='bbox 843 3994 869 4030; x_wconf 91' lang='lat' dir='ltr'><strong>a</strong></span> <span class='ocrx_word' id='word_1_514' title='bbox 903 3986 1056 4049; x_wconf 86' lang='lat' dir='ltr'><strong>tergo</strong></span> <span class='ocrx_word' id='word_1_515' title='bbox 1087 3988 1279 4037; x_wconf 85' lang='lat' dir='ltr'><strong>manus</strong></span> <span class='ocrx_word' id='word_1_516' title='bbox 1310 3980 1524 4037; x_wconf 88' lang='lat' dir='ltr'><strong>hostilis</strong></span> <span class='ocrx_word' id='word_1_517' title='bbox 1547 4024 1562 4049; x_wconf 90' lang='lat'><strong>,</strong></span> <span class='ocrx_word' id='word_1_518' title='bbox 1604 3984 1814 4041; x_wconf 89' lang='lat' dir='ltr'><strong>irruere</strong></span> <span class='ocrx_word' id='word_1_519' title='bbox 1866 4000 2057 4044; x_wconf 90' lang='lat' dir='ltr'><strong>contra</strong></span> 
     </span>
    </p>
   </div>
   <div class='ocr_carea' id='block_1_74' title="bbox 487 4066 2049 4143">
    <p class='ocr_par' dir='ltr' id='par_1_74' title="bbox 487 4066 2049 4143">
     <span class='ocr_line' id='line_1_75' title="bbox 487 4066 2049 4143; baseline 0.015 -27"><span class='ocrx_word' id='word_1_520' title='bbox 487 4066 598 4119; x_wconf 83' lang='lat' dir='ltr'><strong>sint</strong></span> <span class='ocrx_word' id='word_1_521' title='bbox 655 4070 881 4138; x_wconf 84' lang='lat' dir='ltr'><strong>parati),</strong></span> <span class='ocrx_word' id='word_1_522' title='bbox 929 4071 1049 4136; x_wconf 88' lang='lat' dir='ltr'><strong>hoc,</strong></span> <span class='ocrx_word' id='word_1_523' title='bbox 1104 4072 1344 4142; x_wconf 87' lang='lat' dir='ltr'><strong>inquam,</strong></span> <span class='ocrx_word' id='word_1_524' title='bbox 1392 4085 1723 4143; x_wconf 88' lang='lat' dir='ltr'><strong>postremum</strong></span> <span class='ocrx_word' id='word_1_525' title='bbox 1772 4082 2049 4139; x_wconf 76' lang='lat' dir='ltr'><strong>exercitus</strong></span> 
     </span>
    </p>
   </div>
   <div class='ocr_carea' id='block_1_75' title="bbox 490 4154 2055 4237">
    <p class='ocr_par' dir='ltr' id='par_1_75' title="bbox 490 4154 2055 4237">
     <span class='ocr_line' id='line_1_76' title="bbox 490 4154 2055 4237; baseline 0.014 -31"><span class='ocrx_word' id='word_1_526' title='bbox 490 4165 599 4207; x_wconf 91' lang='lat' dir='ltr'><strong>tum</strong></span> <span class='ocrx_word' id='word_1_527' title='bbox 637 4154 864 4212; x_wconf 78' lang='lat' dir='ltr'><strong>Romani</strong></span> <span class='ocrx_word' id='word_1_528' title='bbox 898 4162 991 4229; x_wconf 90' lang='lat' dir='ltr'><strong>qui</strong></span> <span class='ocrx_word' id='word_1_529' title='bbox 1036 4165 1380 4232; x_wconf 88' lang='lat' dir='ltr'><strong>complebant</strong></span> <span class='ocrx_word' id='word_1_530' title='bbox 1426 4181 1661 4237; x_wconf 89' lang='lat' dir='ltr'><strong>agmen,</strong></span> <span class='ocrx_word' id='word_1_531' title='bbox 1705 4170 1792 4224; x_wconf 92' lang='lat' dir='ltr'><strong>ubi</strong></span> <span class='ocrx_word' id='word_1_532' title='bbox 1843 4176 2055 4229; x_wconf 89' lang='lat' dir='ltr'><strong>tandem</strong></span> 
     </span>
    </p>
   </div>
   <div class='ocr_carea' id='block_1_76' title="bbox 486 4248 2058 4332">
    <p class='ocr_par' dir='ltr' id='par_1_76' title="bbox 486 4248 2058 4332">
     <span class='ocr_line' id='line_1_77' title="bbox 486 4248 2058 4332; baseline 0.015 -35"><span class='ocrx_word' id='word_1_533' title='bbox 486 4248 655 4311; x_wconf 82' lang='lat' dir='ltr'><strong>gradu</strong></span> <span class='ocrx_word' id='word_1_534' title='bbox 693 4248 908 4303; x_wconf 84' lang='lat' dir='ltr'><strong>militari</strong></span> <span class='ocrx_word' id='word_1_535' title='bbox 969 4261 1091 4320; x_wconf 88' lang='lat' dir='ltr'><strong>post</strong></span> <span class='ocrx_word' id='word_1_536' title='bbox 1141 4255 1313 4309; x_wconf 86' lang='lat' dir='ltr'><strong>duces</strong></span> <span class='ocrx_word' id='word_1_537' title='bbox 1367 4255 1679 4322; x_wconf 84' lang='lat' dir='ltr'><strong>juveniliter</strong></span> <span class='ocrx_word' id='word_1_538' title='bbox 1730 4276 2058 4332; x_wconf 78' lang='lat' dir='ltr'><strong>praegressos</strong></span> 
     </span>
    </p>
   </div>
   <div class='ocr_carea' id='block_1_77' title="bbox 484 4336 2054 4421">
    <p class='ocr_par' dir='ltr' id='par_1_77' title="bbox 484 4336 2054 4421">
     <span class='ocr_line' id='line_1_78' title="bbox 484 4336 2054 4421; baseline 0.014 -32"><span class='ocrx_word' id='word_1_539' title='bbox 484 4336 859 4405; x_wconf 85' lang='lat' dir='ltr'><strong>procedentes,</strong></span> <span class='ocrx_word' id='word_1_540' title='bbox 895 4339 1098 4396; x_wconf 89' lang='lat' dir='ltr'><strong>Turcos</strong></span> <span class='ocrx_word' id='word_1_541' title='bbox 1143 4342 1330 4398; x_wconf 87' lang='lat' dir='ltr'><strong>obvios</strong></span> <span class='ocrx_word' id='word_1_542' title='bbox 1361 4345 1653 4412; x_wconf 88' lang='lat' dir='ltr'><strong>viderunt,</strong></span> <span class='ocrx_word' id='word_1_543' title='bbox 1701 4347 1855 4404; x_wconf 81' lang='lat' dir='ltr'><strong>facile</strong></span> <span class='ocrx_word' id='word_1_544' title='bbox 1910 4354 2054 4421; x_wconf 82' lang='lat' dir='ltr'><strong>ipsos</strong></span> 
     </span>
    </p>
   </div>
   <div class='ocr_carea' id='block_1_78' title="bbox 2170 3150 3683 3259">
    <p class='ocr_par' dir='ltr' id='par_1_78' title="bbox 2170 3150 3683 3259">
     <span class='ocr_line' id='line_1_79' title="bbox 2170 3150 3683 3259; baseline -0.011 -36"><span class='ocrx_word' id='word_1_545' title='bbox 2170 3173 2236 3241; x_wconf 77' lang='grc' dir='ltr'>τῇ</span> <span class='ocrx_word' id='word_1_546' title='bbox 2274 3167 2517 3237; x_wconf 82' lang='grc' dir='ltr'>συμϐολῇ</span> <span class='ocrx_word' id='word_1_547' title='bbox 2565 3166 2665 3236; x_wconf 82' lang='grc' dir='ltr'>τῆς</span> <span class='ocrx_word' id='word_1_548' title='bbox 2720 3150 2903 3234; x_wconf 78' lang='grc' dir='ltr'>μάχης</span> <span class='ocrx_word' id='word_1_549' title='bbox 2924 3161 3315 3259; x_wconf 45' lang='grc' dir='ltr'>μθεασάμενρς,</span> <span class='ocrx_word' id='word_1_550' title='bbox 3354 3155 3572 3259; x_wconf 33' lang='grc' dir='ltr'>καὶλτοὺις</span> <span class='ocrx_word' id='word_1_551' title='bbox 3606 3150 3683 3256; x_wconf 51' lang='grc' dir='ltr'>μὲν</span> 
     </span>
    </p>
   </div>
   <div class='ocr_carea' id='block_1_79' title="bbox 2169 3247 3680 3350">
    <p class='ocr_par' dir='ltr' id='par_1_79' title="bbox 2169 3247 3680 3350">
     <span class='ocr_line' id='line_1_80' title="bbox 2169 3247 3680 3350; baseline -0.023 -22"><span class='ocrx_word' id='word_1_552' title='bbox 2169 3260 2511 3328; x_wconf 73' lang='grc' dir='ltr'>φεύγοντας,</span> <span class='ocrx_word' id='word_1_553' title='bbox 2547 3259 2673 3319; x_wconf 79' lang='grc' dir='ltr'>τοὺς</span> <span class='ocrx_word' id='word_1_554' title='bbox 2706 3257 2761 3309; x_wconf 84' lang='grc' dir='ltr'><strong>δὲ</strong></span> <span class='ocrx_word' id='word_1_555' title='bbox 2805 3255 3103 3316; x_wconf 88' lang='grc' dir='ltr'>διώκοντας</span> <span class='ocrx_word' id='word_1_556' title='bbox 3141 3252 3302 3317; x_wconf 82' lang='grc' dir='ltr'>ὀρῶν,</span> <span class='ocrx_word' id='word_1_557' title='bbox 3351 3247 3588 3350; x_wconf 64' lang='grc' dir='ltr'>σταθηρὸς</span> 
     </span>
    </p>
   </div>
   <div class='ocr_carea' id='block_1_80' title="bbox 2167 3331 3682 3440">
    <p class='ocr_par' dir='ltr' id='par_1_80' title="bbox 2167 3331 3682 3440">
     <span class='ocr_line' id='line_1_81' title="bbox 2167 3331 3682 3440; baseline -0.013 -34"><span class='ocrx_word' id='word_1_558' title='bbox 2167 3350 2412 3421; x_wconf 71' lang='grc' dir='ltr'>δρασμὸν</span> <span class='ocrx_word' id='word_1_559' title='bbox 2458 3350 2767 3418; x_wconf 84' lang='grc' dir='ltr'>μελετήσας</span> <span class='ocrx_word' id='word_1_560' title='bbox 2802 3346 2903 3410; x_wconf 78' lang='grc' dir='ltr'>τῆς</span> <span class='ocrx_word' id='word_1_561' title='bbox 2935 3345 3057 3397; x_wconf 73' lang='grc' dir='ltr'>ὁδοῦ</span> <span class='ocrx_word' id='word_1_562' title='bbox 3104 3344 3303 3415; x_wconf 80' lang='grc' dir='ltr'>εἴχετο.</span> <span class='ocrx_word' id='word_1_563' title='bbox 3335 3334 3613 3440; x_wconf 44' lang='lat' dir='ltr'><strong>Elegit-ra?th</strong></span> <span class='ocrx_word' id='word_1_564' title='bbox 3640 3331 3682 3382; x_wconf 81' lang='grc' dir='ltr'>δὲ</span> 
     </span>
    </p>
   </div>
   <div class='ocr_carea' id='block_1_81' title="bbox 2167 3429 3683 3513">
    <p class='ocr_par' dir='ltr' id='par_1_81' title="bbox 2167 3429 3683 3513">
     <span class='ocr_line' id='line_1_82' title="bbox 2167 3429 3683 3513; baseline -0.013 -16"><span class='ocrx_word' id='word_1_565' title='bbox 2167 3442 2315 3513; x_wconf 78' lang='grc' dir='ltr'>αύτῷ</span> <span class='ocrx_word' id='word_1_566' title='bbox 2356 3441 2741 3512; x_wconf 79' lang='grc' dir='ltr'>κατάφρακτός</span> <span class='ocrx_word' id='word_1_567' title='bbox 2786 3456 2869 3502; x_wconf 91' lang='grc' dir='ltr'><strong>τις</strong></span> <span class='ocrx_word' id='word_1_568' title='bbox 2918 3436 3151 3501; x_wconf 73' lang='grc' dir='ltr'>Κελτὸς,</span> <span class='ocrx_word' id='word_1_569' title='bbox 3202 3436 3291 3488; x_wconf 65' lang='grc' dir='ltr'>τὸν</span> <span class='ocrx_word' id='word_1_570' title='bbox 3335 3433 3486 3485; x_wconf 80' lang='grc' dir='ltr'>ἵππον</span> <span class='ocrx_word' id='word_1_571' title='bbox 3517 3429 3683 3487; x_wconf 80' lang='grc' dir='ltr'>δίδωσι,</span> 
     </span>
    </p>
   </div>
   <div class='ocr_carea' id='block_1_82' title="bbox 2169 3521 3684 3618">
    <p class='ocr_par' dir='ltr' id='par_1_82' title="bbox 2169 3521 3684 3618">
     <span class='ocr_line' id='line_1_83' title="bbox 2169 3521 3684 3618; baseline -0.005 -29"><span class='ocrx_word' id='word_1_572' title='bbox 2169 3538 2265 3590; x_wconf 72' lang='grc' dir='ltr'>καὶ</span> <span class='ocrx_word' id='word_1_573' title='bbox 2307 3534 2720 3605; x_wconf 81' lang='grc' dir='ltr'>καταλαμϐάνει</span> <span class='ocrx_word' id='word_1_574' title='bbox 2765 3530 2859 3584; x_wconf 85' lang='grc' dir='ltr'><strong>τδν</strong></span> <span class='ocrx_word' id='word_1_575' title='bbox 2907 3530 3300 3598; x_wconf 82' lang='grc' dir='ltr'>αὐτοκράτορα</span> <span class='ocrx_word' id='word_1_576' title='bbox 3340 3523 3458 3594; x_wconf 72' lang='grc' dir='ltr'>περὶ</span> <span class='ocrx_word' id='word_1_577' title='bbox 3492 3521 3684 3618; x_wconf 31' lang='lat' dir='ltr'><strong>sint}?</strong></span> 
     </span>
    </p>
   </div>
   <div class='ocr_carea' id='block_1_83' title="bbox 2172 3609 3682 3710">
    <p class='ocr_par' dir='ltr' id='par_1_83' title="bbox 2172 3609 3682 3710">
     <span class='ocr_line' id='line_1_84' title="bbox 2172 3609 3682 3710; baseline -0.014 -30"><span class='ocrx_word' id='word_1_578' title='bbox 2172 3626 2328 3680; x_wconf 67' lang='grc' dir='ltr'>δτὰδα</span> <span class='ocrx_word' id='word_1_579' title='bbox 2380 3626 2480 3694; x_wconf 82' lang='grc' dir='ltr'><strong>τῆς</strong></span> <span class='ocrx_word' id='word_1_580' title='bbox 2561 3622 2833 3693; x_wconf 85' lang='grc' dir='ltr'>τεμπείας</span> <span class='ocrx_word' id='word_1_581' title='bbox 2900 3618 3263 3689; x_wconf 78' lang='grc' dir='ltr'>αὐλιζόμενον</span> <span class='ocrx_word' id='word_1_582' title='bbox 3349 3612 3532 3710; x_wconf 55' lang='grc' dir='ltr'>μεταξύ</span> 
     </span>
    </p>
   </div>
   <div class='ocr_carea' id='block_1_84' title="bbox 2170 3696 3681 3799">
    <p class='ocr_par' dir='ltr' id='par_1_84' title="bbox 2170 3696 3681 3799">
     <span class='ocr_line' id='line_1_85' title="bbox 2170 3696 3681 3799; baseline -0.006 -27"><span class='ocrx_word' id='word_1_583' title='bbox 2170 3717 2461 3785; x_wconf 80' lang='grc' dir='ltr'>αδελφείας</span> <span class='ocrx_word' id='word_1_584' title='bbox 2485 3716 2582 3769; x_wconf 77' lang='grc' dir='ltr'><strong>καὶ</strong></span> <span class='ocrx_word' id='word_1_585' title='bbox 2629 3711 2900 3785; x_wconf 81' lang='grc' dir='ltr'>Ἀκροκοῦ</span> <span class='ocrx_word' id='word_1_586' title='bbox 2933 3711 3315 3782; x_wconf 81' lang='grc' dir='ltr'>διακειμένην,</span> <span class='ocrx_word' id='word_1_587' title='bbox 3335 3707 3425 3776; x_wconf 85' lang='grc' dir='ltr'><strong>οὐχ</strong></span> <span class='ocrx_word' id='word_1_588' title='bbox 3461 3702 3558 3799; x_wconf 46' lang='grc' dir='ltr'><strong>ένλἶ</strong></span> <span class='ocrx_word' id='word_1_589' title='bbox 3576 3696 3681 3799; x_wconf 41' lang='lat' dir='ltr'><strong>Et&quot;?</strong></span> 
     </span>
    </p>
   </div>
   <div class='ocr_carea' id='block_1_85' title="bbox 2168 3793 3681 3876">
    <p class='ocr_par' dir='ltr' id='par_1_85' title="bbox 2168 3793 3681 3876">
     <span class='ocr_line' id='line_1_86' title="bbox 2168 3793 3681 3876; baseline -0.014 -15"><span class='ocrx_word' id='word_1_590' title='bbox 2168 3807 2387 3870; x_wconf 85' lang='grc' dir='ltr'>πολλοῖς</span> <span class='ocrx_word' id='word_1_591' title='bbox 2410 3804 2746 3876; x_wconf 84' lang='grc' dir='ltr'>ἀποχρῶσαν</span> <span class='ocrx_word' id='word_1_592' title='bbox 2784 3801 3228 3873; x_wconf 84' lang='grc' dir='ltr'>στρατεύμασιν.</span> <span class='ocrx_word' id='word_1_593' title='bbox 3257 3801 3357 3853; x_wconf 79' lang='grc' dir='ltr'>Τὸν</span> <span class='ocrx_word' id='word_1_594' title='bbox 3383 3798 3433 3849; x_wconf 80' lang='grc' dir='ltr'>δὲ</span> <span class='ocrx_word' id='word_1_595' title='bbox 3459 3794 3498 3826; x_wconf 75' lang='grc'><strong>⁸⁸</strong></span> <span class='ocrx_word' id='word_1_596' title='bbox 3527 3793 3681 3856; x_wconf 63' lang='grc' dir='ltr'>Καμν-</span> 
     </span>
    </p>
   </div>
   <div class='ocr_carea' id='block_1_86' title="bbox 2167 3877 3681 3988">
    <p class='ocr_par' dir='ltr' id='par_1_86' title="bbox 2167 3877 3681 3988">
     <span class='ocr_line' id='line_1_87' title="bbox 2167 3877 3681 3988; baseline -0.017 -35"><span class='ocrx_word' id='word_1_597' title='bbox 2167 3900 2299 3970; x_wconf 78' lang='grc' dir='ltr'>τζην</span> <span class='ocrx_word' id='word_1_598' title='bbox 2335 3898 2678 3967; x_wconf 83' lang='grc' dir='ltr'>θεασάμενος</span> <span class='ocrx_word' id='word_1_599' title='bbox 2714 3895 2970 3965; x_wconf 84' lang='grc' dir='ltr'>μεγάλως</span> <span class='ocrx_word' id='word_1_600' title='bbox 3006 3894 3177 3947; x_wconf 71' lang='grc' dir='ltr'>αὑτὸν</span> <span class='ocrx_word' id='word_1_601' title='bbox 3214 3889 3585 3988; x_wconf 69' lang='grc' dir='ltr'>ἀποδεξάμενος</span> <span class='ocrx_word' id='word_1_602' title='bbox 3610 3877 3681 3988; x_wconf 57' lang='grc' dir='ltr'><strong>καὶ</strong></span> 
     </span>
    </p>
   </div>
   <div class='ocr_carea' id='block_1_87' title="bbox 2168 3978 3681 4061">
    <p class='ocr_par' dir='ltr' id='par_1_87' title="bbox 2168 3978 3681 4061">
     <span class='ocr_line' id='line_1_88' title="bbox 2168 3978 3681 4061; baseline -0.004 -17"><span class='ocrx_word' id='word_1_603' title='bbox 2168 3991 2392 4061; x_wconf 87' lang='grc' dir='ltr'>σῶστρα</span> <span class='ocrx_word' id='word_1_604' title='bbox 2424 3989 2504 4059; x_wconf 86' lang='grc' dir='ltr'>τῷ</span> <span class='ocrx_word' id='word_1_605' title='bbox 2541 3988 2833 4060; x_wconf 75' lang='grc' dir='ltr'>ῥυσαμένῳ</span> <span class='ocrx_word' id='word_1_606' title='bbox 2862 3986 3212 4055; x_wconf 70' lang='grc' dir='ltr'>τοῦτον,Θεῷ</span> <span class='ocrx_word' id='word_1_607' title='bbox 3246 3985 3427 4044; x_wconf 77' lang='grc' dir='ltr'>Θύσας,</span> <span class='ocrx_word' id='word_1_608' title='bbox 3462 3978 3581 4046; x_wconf 64' lang='grc' dir='ltr'>πρὸς</span> <span class='ocrx_word' id='word_1_609' title='bbox 3608 3978 3681 4037; x_wconf 69' lang='grc' dir='ltr'><strong>τὴν</strong></span> 
     </span>
    </p>
   </div>
   <div class='ocr_carea' id='block_1_88' title="bbox 2169 4065 3681 4172">
    <p class='ocr_par' dir='ltr' id='par_1_88' title="bbox 2169 4065 3681 4172">
     <span class='ocr_line' id='line_1_89' title="bbox 2169 4065 3681 4172; baseline -0.01 -34"><span class='ocrx_word' id='word_1_610' title='bbox 2169 4083 2562 4158; x_wconf 80' lang='grc' dir='ltr'>βασιλεύουσαν</span> <span class='ocrx_word' id='word_1_611' title='bbox 2585 4081 2886 4151; x_wconf 78' lang='grc' dir='ltr'>ἐκπέμπει,</span> <span class='ocrx_word' id='word_1_612' title='bbox 2916 4079 3071 4145; x_wconf 78' lang='grc' dir='ltr'>Εἰπὲ,</span> <span class='ocrx_word' id='word_1_613' title='bbox 3102 4078 3306 4145; x_wconf 83' lang='grc' dir='ltr'>λέγων,</span> <span class='ocrx_word' id='word_1_614' title='bbox 3339 4078 3433 4127; x_wconf 78' lang='grc' dir='ltr'><strong>ὅσα</strong></span> <span class='ocrx_word' id='word_1_615' title='bbox 3457 4065 3681 4172; x_wconf 53' lang='grc' dir='ltr'>πέπονθξς</span> 
     </span>
    </p>
   </div>
   <div class='ocr_carea' id='block_1_89' title="bbox 2167 4161 3681 4257">
    <p class='ocr_par' dir='ltr' id='par_1_89' title="bbox 2167 4161 3681 4257">
     <span class='ocr_line' id='line_1_90' title="bbox 2167 4161 3681 4257; baseline -0.007 -28"><span class='ocrx_word' id='word_1_616' title='bbox 2167 4178 2264 4231; x_wconf 72' lang='grc' dir='ltr'>καὶ</span> <span class='ocrx_word' id='word_1_617' title='bbox 2314 4176 2415 4228; x_wconf 78' lang='grc' dir='ltr'><strong>ὅσα</strong></span> <span class='ocrx_word' id='word_1_618' title='bbox 2474 4171 2752 4243; x_wconf 79' lang='grc' dir='ltr'>ἑώρακας,</span> <span class='ocrx_word' id='word_1_619' title='bbox 2794 4170 2890 4224; x_wconf 70' lang='grc' dir='ltr'><strong>καὶ</strong></span> <span class='ocrx_word' id='word_1_620' title='bbox 2938 4171 3038 4239; x_wconf 78' lang='grc' dir='ltr'><strong>τὴν</strong></span> <span class='ocrx_word' id='word_1_621' title='bbox 3094 4170 3261 4240; x_wconf 72' lang='grc' dir='ltr'>ἡμῶν</span> <span class='ocrx_word' id='word_1_622' title='bbox 3308 4167 3401 4218; x_wconf 73' lang='grc' dir='ltr'><strong>σὺν</strong></span> <span class='ocrx_word' id='word_1_623' title='bbox 3447 4161 3681 4257; x_wconf 39' lang='lat' dir='ltr'><strong>Sitit-70“;</strong></span> 
     </span>
    </p>
   </div>
   <div class='ocr_carea' id='block_1_90' title="bbox 2166 4248 3680 4337">
    <p class='ocr_par' dir='ltr' id='par_1_90' title="bbox 2166 4248 3680 4337">
     <span class='ocr_line' id='line_1_91' title="bbox 2166 4248 3680 4337; baseline -0.01 -18"><span class='ocrx_word' id='word_1_624' title='bbox 2166 4265 2460 4337; x_wconf 81' lang='grc' dir='ltr'>ἡμετέροις</span> <span class='ocrx_word' id='word_1_625' title='bbox 2484 4261 2816 4330; x_wconf 84' lang='grc' dir='ltr'>κατάγγειλε</span> <span class='ocrx_word' id='word_1_626' title='bbox 2835 4260 2878 4291; x_wconf 77' lang='grc' dir='ltr'>θί</span> <span class='ocrx_word' id='word_1_627' title='bbox 2910 4260 3079 4329; x_wconf 80' lang='grc' dir='ltr'>ζωήν.</span> <span class='ocrx_word' id='word_1_628' title='bbox 3124 4253 3469 4327; x_wconf 78' lang='grc' dir='ltr'>Μεμαθηκὼς</span> <span class='ocrx_word' id='word_1_629' title='bbox 3502 4248 3581 4302; x_wconf 80' lang='grc' dir='ltr'>καὶ</span> <span class='ocrx_word' id='word_1_630' title='bbox 3606 4248 3680 4337; x_wconf 44' lang='lat' dir='ltr'><strong>fit&quot;</strong></span> 
     </span>
    </p>
   </div>
   <div class='ocr_carea' id='block_1_91' title="bbox 2171 4335 3681 4425">
    <p class='ocr_par' dir='ltr' id='par_1_91' title="bbox 2171 4335 3681 4425">
     <span class='ocr_line' id='line_1_92' title="bbox 2171 4335 3681 4425; baseline -0.013 -17"><span class='ocrx_word' id='word_1_631' title='bbox 2171 4335 2388 4425; x_wconf 73' lang='grc' dir='ltr'>σιραγὴν</span> <span class='ocrx_word' id='word_1_632' title='bbox 2415 4350 2509 4405; x_wconf 82' lang='grc' dir='ltr'>τοῦ</span> <span class='ocrx_word' id='word_1_633' title='bbox 2552 4349 2802 4421; x_wconf 70' lang='grc' dir='ltr'>Ἄμπελᾶ</span> <span class='ocrx_word' id='word_1_634' title='bbox 2835 4350 2931 4401; x_wconf 77' lang='grc' dir='ltr'><strong>καὶ</strong></span> <span class='ocrx_word' id='word_1_635' title='bbox 2966 4348 3057 4400; x_wconf 77' lang='grc' dir='ltr'>τοῦ</span> <span class='ocrx_word' id='word_1_636' title='bbox 3102 4345 3458 4415; x_wconf 75' lang='grc' dir='ltr'>Τζιπουρέλη,</span> <span class='ocrx_word' id='word_1_637' title='bbox 3485 4340 3564 4394; x_wconf 67' lang='grc' dir='ltr'><strong>καὶ</strong></span> <span class='ocrx_word' id='word_1_638' title='bbox 3588 4335 3681 4386; x_wconf 66' lang='grc' dir='ltr'>λίαν</span> 
     </span>
    </p>
   </div>
   <div class='ocr_carea' id='block_1_92' title="bbox 486 4430 2065 4517">
    <p class='ocr_par' dir='ltr' id='par_1_92' title="bbox 486 4430 2060 4504">
     <span class='ocr_line' id='line_1_93' title="bbox 486 4430 2060 4504; baseline 0.014 -22"><span class='ocrx_word' id='word_1_639' title='bbox 486 4430 713 4484; x_wconf 72' lang='lat' dir='ltr'><strong>{tundunt</strong></span> <span class='ocrx_word' id='word_1_640' title='bbox 746 4430 1040 4502; x_wconf 72' lang='lat' dir='ltr'><strong>fugantque</strong></span> <span class='ocrx_word' id='word_1_641' title='bbox 1072 4434 1123 4488; x_wconf 89' lang='lat' dir='ltr'><strong>in</strong></span> <span class='ocrx_word' id='word_1_642' title='bbox 1149 4449 1244 4491; x_wconf 90' lang='lat' dir='ltr'><strong>eos</strong></span> <span class='ocrx_word' id='word_1_643' title='bbox 1281 4437 1477 4493; x_wconf 91' lang='lat' dir='ltr'><strong>invecti</strong></span> <span class='ocrx_word' id='word_1_644' title='bbox 1518 4440 1643 4495; x_wconf 91' lang='lat' dir='ltr'><strong>totis</strong></span> <span class='ocrx_word' id='word_1_645' title='bbox 1672 4443 1893 4499; x_wconf 90' lang='lat' dir='ltr'><strong>viribus.</strong></span> <span class='ocrx_word' id='word_1_646' title='bbox 1931 4448 2060 4504; x_wconf 88' lang='lat' dir='ltr'><strong>Erat</strong></span> 
     </span>
    </p>
   </div>
   <div class='ocr_carea' id='block_1_93' title="bbox 2171 4430 3678 4517">
    <p class='ocr_par' dir='ltr' id='par_1_93' title="bbox 2171 4430 3678 4517">
     <span class='ocr_line' id='line_1_94' title="bbox 2171 4430 3678 4517; baseline -0.014 -17"><span class='ocrx_word' id='word_1_647' title='bbox 2171 4448 2259 4502; x_wconf 65' lang='grc' dir='ltr'>ἐπὶ</span> <span class='ocrx_word' id='word_1_648' title='bbox 2300 4450 2367 4517; x_wconf 81' lang='grc' dir='ltr'>τῇ</span> <span class='ocrx_word' id='word_1_649' title='bbox 2399 4445 2608 4498; x_wconf 82' lang='grc' dir='ltr'>τούτων</span> <span class='ocrx_word' id='word_1_650' title='bbox 2667 4445 2850 4512; x_wconf 77' lang='grc' dir='ltr'>σφαγῇ</span> <span class='ocrx_word' id='word_1_651' title='bbox 2908 4442 3291 4511; x_wconf 82' lang='grc' dir='ltr'>περιαλγήσας</span> <span class='ocrx_word' id='word_1_652' title='bbox 3331 4430 3678 4517; x_wconf 74' lang='grc' dir='ltr'>ὁαύτοκράτωρ</span> 
     </span>
    </p>
   </div>
   <div class='ocr_carea' id='block_1_94' title="bbox 486 4523 2062 4601">
    <p class='ocr_par' dir='ltr' id='par_1_94' title="bbox 486 4523 2062 4601">
     <span class='ocr_line' id='line_1_95' title="bbox 486 4523 2062 4601; baseline 0.012 -26"><span class='ocrx_word' id='word_1_653' title='bbox 486 4534 613 4577; x_wconf 89' lang='lat' dir='ltr'><strong>tunc</strong></span> <span class='ocrx_word' id='word_1_654' title='bbox 643 4523 693 4577; x_wconf 95' lang='lat' dir='ltr'><strong>in</strong></span> <span class='ocrx_word' id='word_1_655' title='bbox 725 4523 843 4579; x_wconf 91' lang='lat' dir='ltr'><strong>istis</strong></span> <span class='ocrx_word' id='word_1_656' title='bbox 871 4523 1171 4581; x_wconf 88' lang='lat' dir='ltr'><strong>Turcorum</strong></span> <span class='ocrx_word' id='word_1_657' title='bbox 1207 4530 1400 4583; x_wconf 85' lang='lat' dir='ltr'><strong>castris</strong></span> <span class='ocrx_word' id='word_1_658' title='bbox 1437 4531 1683 4601; x_wconf 86' lang='lat' dir='ltr'><strong>captivus</strong></span> <span class='ocrx_word' id='word_1_659' title='bbox 1743 4543 1797 4588; x_wconf 89' lang='lat' dir='ltr'><strong>et</strong></span> <span class='ocrx_word' id='word_1_660' title='bbox 1851 4537 2062 4594; x_wconf 82' lang='lat' dir='ltr'><strong>vinctus</strong></span> 
     </span>
    </p>
   </div>
   <div class='ocr_carea' id='block_1_95' title="bbox 483 4616 2061 4695">
    <p class='ocr_par' dir='ltr' id='par_1_95' title="bbox 483 4616 2061 4695">
     <span class='ocr_line' id='line_1_96' title="bbox 483 4616 2061 4695; baseline 0.011 -27"><span class='ocrx_word' id='word_1_661' title='bbox 483 4616 529 4671; x_wconf 88' lang='lat' dir='ltr'><strong>is</strong></span> <span class='ocrx_word' id='word_1_662' title='bbox 557 4617 623 4670; x_wconf 88' lang='lat' dir='ltr'><strong>de</strong></span> <span class='ocrx_word' id='word_1_663' title='bbox 645 4631 751 4685; x_wconf 84' lang='lat' dir='ltr'><strong>quo</strong></span> <span class='ocrx_word' id='word_1_664' title='bbox 780 4633 945 4687; x_wconf 87' lang='lat' dir='ltr'><strong>supra</strong></span> <span class='ocrx_word' id='word_1_665' title='bbox 983 4620 1216 4675; x_wconf 84' lang='lat' dir='ltr'><strong>diximus</strong></span> <span class='ocrx_word' id='word_1_666' title='bbox 1246 4620 1554 4693; x_wconf 82' lang='lat' dir='ltr'><strong>Camytzes.</strong></span> <span class='ocrx_word' id='word_1_667' title='bbox 1605 4624 1656 4680; x_wconf 88' lang='lat' dir='ltr'><strong>ls</strong></span> <span class='ocrx_word' id='word_1_668' title='bbox 1695 4631 2061 4695; x_wconf 86' lang='lat' dir='ltr'><strong>perturbatio-</strong></span> 
     </span>
    </p>
   </div>
   <div class='ocr_carea' id='block_1_96' title="bbox 485 4709 2058 4788">
    <p class='ocr_par' dir='ltr' id='par_1_96' title="bbox 485 4709 2058 4788">
     <span class='ocr_line' id='line_1_97' title="bbox 485 4709 2058 4788; baseline 0.012 -28"><span class='ocrx_word' id='word_1_669' title='bbox 485 4723 607 4761; x_wconf 89' lang='lat' dir='ltr'><strong>nem</strong></span> <span class='ocrx_word' id='word_1_670' title='bbox 641 4709 854 4767; x_wconf 83' lang='lat' dir='ltr'><strong>anciei</strong></span> <span class='ocrx_word' id='word_1_671' title='bbox 892 4713 1163 4769; x_wconf 80' lang='lat' dir='ltr'><strong>exercitus</strong></span> <span class='ocrx_word' id='word_1_672' title='bbox 1198 4712 1353 4769; x_wconf 84' lang='lat' dir='ltr'><strong>fracti</strong></span> <span class='ocrx_word' id='word_1_673' title='bbox 1399 4716 1648 4772; x_wconf 83' lang='lat' dir='ltr'><strong>conﬂictu</strong></span> <span class='ocrx_word' id='word_1_674' title='bbox 1704 4719 1877 4788; x_wconf 89' lang='lat' dir='ltr'><strong>primo</strong></span> <span class='ocrx_word' id='word_1_675' title='bbox 1927 4738 2058 4778; x_wconf 84' lang='lat' dir='ltr'><strong>eon-</strong></span> 
     </span>
    </p>
   </div>
   <div class='ocr_carea' id='block_1_97' title="bbox 481 4798 2055 4882">
    <p class='ocr_par' dir='ltr' id='par_1_97' title="bbox 481 4798 2055 4882">
     <span class='ocr_line' id='line_1_98' title="bbox 481 4798 2055 4882; baseline 0.015 -36"><span class='ocrx_word' id='word_1_676' title='bbox 481 4798 721 4863; x_wconf 81' lang='lat' dir='ltr'><strong>spicatus</strong></span> <span class='ocrx_word' id='word_1_677' title='bbox 752 4800 895 4853; x_wconf 85' lang='lat' dir='ltr'><strong>inter</strong></span> <span class='ocrx_word' id='word_1_678' title='bbox 924 4801 1042 4857; x_wconf 86' lang='lat' dir='ltr'><strong>illos</strong></span> <span class='ocrx_word' id='word_1_679' title='bbox 1093 4803 1403 4873; x_wconf 87' lang='lat' dir='ltr'><strong>reciprocos</strong></span> <span class='ocrx_word' id='word_1_680' title='bbox 1465 4807 1784 4879; x_wconf 78' lang='lat' dir='ltr'><strong>fugientium</strong></span> <span class='ocrx_word' id='word_1_681' title='bbox 1822 4827 2055 4882; x_wconf 88' lang='lat' dir='ltr'><strong>sequen-</strong></span> 
     </span>
    </p>
   </div>
   <div class='ocr_carea' id='block_1_98' title="bbox 486 4887 2052 4973">
    <p class='ocr_par' dir='ltr' id='par_1_98' title="bbox 486 4887 2052 4973">
     <span class='ocr_line' id='line_1_99' title="bbox 486 4887 2052 4973; baseline 0.015 -37"><span class='ocrx_word' id='word_1_682' title='bbox 486 4887 727 4957; x_wconf 83' lang='lat' dir='ltr'><strong>Iinmqne</strong></span> <span class='ocrx_word' id='word_1_683' title='bbox 765 4903 931 4949; x_wconf 63' lang='lat' dir='ltr'><strong>a&#39;stus</strong></span> <span class='ocrx_word' id='word_1_684' title='bbox 959 4910 1021 4949; x_wconf 85' lang='lat' dir='ltr'><strong>ac</strong></span> <span class='ocrx_word' id='word_1_685' title='bbox 1045 4893 1238 4951; x_wconf 77' lang='lat' dir='ltr'><strong>ﬂuctus</strong></span> <span class='ocrx_word' id='word_1_686' title='bbox 1265 4898 1445 4953; x_wconf 88' lang='lat' dir='ltr'><strong>stabili</strong></span> <span class='ocrx_word' id='word_1_687' title='bbox 1503 4901 1583 4955; x_wconf 85' lang='lat' dir='ltr'><strong>vir</strong></span> <span class='ocrx_word' id='word_1_688' title='bbox 1625 4903 1807 4958; x_wconf 90' lang='lat' dir='ltr'><strong>animo</strong></span> <span class='ocrx_word' id='word_1_689' title='bbox 1829 4942 1846 4967; x_wconf 89' lang='lat'><strong>,</strong></span> <span class='ocrx_word' id='word_1_690' title='bbox 1890 4920 2052 4973; x_wconf 89' lang='lat' dir='ltr'><strong>quam</strong></span> 
     </span>
    </p>
   </div>
   <div class='ocr_carea' id='block_1_99' title="bbox 486 4978 2059 5062">
    <p class='ocr_par' dir='ltr' id='par_1_99' title="bbox 486 4978 2059 5062">
     <span class='ocr_line' id='line_1_100' title="bbox 486 4978 2059 5062; baseline 0.013 -35"><span class='ocrx_word' id='word_1_691' title='bbox 486 4978 685 5030; x_wconf 89' lang='lat' dir='ltr'><strong>dudum</strong></span> <span class='ocrx_word' id='word_1_692' title='bbox 728 4984 1107 5051; x_wconf 78' lang='lat' dir='ltr'><strong>opperiebatur</strong></span> <span class='ocrx_word' id='word_1_693' title='bbox 1135 4988 1473 5043; x_wconf 75' lang='lat' dir='ltr'><strong>occasionem</strong></span> <span class='ocrx_word' id='word_1_694' title='bbox 1507 4990 1817 5057; x_wconf 87' lang='lat' dir='ltr'><strong>intempore</strong></span> <span class='ocrx_word' id='word_1_695' title='bbox 1832 4994 2059 5062; x_wconf 87' lang='lat' dir='ltr'><strong>arripuit</strong></span> 
     </span>
    </p>
   </div>
   <div class='ocr_carea' id='block_1_100' title="bbox 481 5065 2055 5151">
    <p class='ocr_par' dir='ltr' id='par_1_100' title="bbox 481 5065 2055 5151">
     <span class='ocr_line' id='line_1_101' title="bbox 481 5065 2055 5151; baseline 0.011 -33"><span class='ocrx_word' id='word_1_696' title='bbox 481 5065 810 5135; x_wconf 85' lang='lat' dir='ltr'><strong>captivitatis</strong></span> <span class='ocrx_word' id='word_1_697' title='bbox 830 5072 951 5141; x_wconf 79' lang='lat' dir='ltr'><strong>fuga</strong></span> <span class='ocrx_word' id='word_1_698' title='bbox 986 5076 1250 5130; x_wconf 71' lang='lat' dir='ltr'><strong>liniendm.</strong></span> <span class='ocrx_word' id='word_1_699' title='bbox 1274 5077 1625 5133; x_wconf 85' lang='lat' dir='ltr'><strong>Commodum</strong></span> <span class='ocrx_word' id='word_1_700' title='bbox 1649 5082 1787 5133; x_wconf 84' lang='lat' dir='ltr'><strong>viam</strong></span> <span class='ocrx_word' id='word_1_701' title='bbox 1813 5080 2055 5151; x_wconf 83' lang='lat' dir='ltr'><strong>ingresso</strong></span> 
     </span>
    </p>
   </div>
   <div class='ocr_carea' id='block_1_101' title="bbox 480 5156 2053 5241">
    <p class='ocr_par' dir='ltr' id='par_1_101' title="bbox 480 5156 2053 5241">
     <span class='ocr_line' id='line_1_102' title="bbox 480 5156 2053 5241; baseline 0.01 -29"><span class='ocrx_word' id='word_1_702' title='bbox 480 5156 667 5213; x_wconf 79' lang='lat' dir='ltr'><strong>Gallus</strong></span> <span class='ocrx_word' id='word_1_703' title='bbox 690 5175 982 5216; x_wconf 84' lang='lat' dir='ltr'><strong>occurrens</strong></span> <span class='ocrx_word' id='word_1_704' title='bbox 1015 5168 1231 5234; x_wconf 88' lang='lat' dir='ltr'><strong>quidam</strong></span> <span class='ocrx_word' id='word_1_705' title='bbox 1268 5172 1677 5239; x_wconf 84' lang='lat' dir='ltr'><strong>cataphractus,</strong></span> <span class='ocrx_word' id='word_1_706' title='bbox 1706 5188 1902 5241; x_wconf 89' lang='lat' dir='ltr'><strong>equum</strong></span> <span class='ocrx_word' id='word_1_707' title='bbox 1954 5175 2053 5229; x_wconf 87' lang='lat' dir='ltr'><strong>de-</strong></span> 
     </span>
    </p>
   </div>
   <div class='ocr_carea' id='block_1_102' title="bbox 481 5252 2051 5333">
    <p class='ocr_par' dir='ltr' id='par_1_102' title="bbox 481 5252 2051 5333">
     <span class='ocr_line' id='line_1_103' title="bbox 481 5252 2051 5333; baseline 0.01 -27"><span class='ocrx_word' id='word_1_708' title='bbox 481 5252 592 5307; x_wconf 86' lang='lat' dir='ltr'><strong>dit:</strong></span> <span class='ocrx_word' id='word_1_709' title='bbox 618 5266 723 5321; x_wconf 87' lang='lat' dir='ltr'><strong>quo</strong></span> <span class='ocrx_word' id='word_1_710' title='bbox 747 5252 834 5305; x_wconf 89' lang='lat' dir='ltr'><strong>ille</strong></span> <span class='ocrx_word' id='word_1_711' title='bbox 853 5267 1146 5311; x_wconf 73' lang='lat' dir='ltr'><strong>conscenso</strong></span> <span class='ocrx_word' id='word_1_712' title='bbox 1175 5259 1239 5312; x_wconf 89' lang='lat' dir='ltr'><strong>ad</strong></span> <span class='ocrx_word' id='word_1_713' title='bbox 1273 5261 1651 5330; x_wconf 87' lang='lat' dir='ltr'><strong>imperatorem</strong></span> <span class='ocrx_word' id='word_1_714' title='bbox 1678 5264 1786 5319; x_wconf 89' lang='lat' dir='ltr'><strong>cito</strong></span> <span class='ocrx_word' id='word_1_715' title='bbox 1816 5266 2051 5333; x_wconf 84' lang='lat' dir='ltr'><strong>perlatus</strong></span> 
     </span>
    </p>
   </div>
   <div class='ocr_carea' id='block_1_103' title="bbox 2169 4516 3678 4607">
    <p class='ocr_par' dir='ltr' id='par_1_103' title="bbox 2169 4516 3678 4607">
     <span class='ocr_line' id='line_1_104' title="bbox 2169 4516 3678 4607; baseline -0.013 -16"><span class='ocrx_word' id='word_1_716' title='bbox 2169 4538 2267 4607; x_wconf 76' lang='grc' dir='ltr'><strong>τὴν</strong></span> <span class='ocrx_word' id='word_1_717' title='bbox 2289 4533 2487 4604; x_wconf 79' lang='grc' dir='ltr'>ψυχὴν,</span> <span class='ocrx_word' id='word_1_718' title='bbox 2537 4533 2665 4601; x_wconf 76' lang='grc' dir='ltr'><strong>ἔφη’</strong></span> <span class='ocrx_word' id='word_1_719' title='bbox 2701 4532 2816 4584; x_wconf 87' lang='grc' dir='ltr'>Δύο</span> <span class='ocrx_word' id='word_1_720' title='bbox 2859 4530 3071 4596; x_wconf 80' lang='grc' dir='ltr'>δόντες</span> <span class='ocrx_word' id='word_1_721' title='bbox 3092 4530 3202 4583; x_wconf 80' lang='grc' dir='ltr'><strong>ἕνα</strong></span> <span class='ocrx_word' id='word_1_722' title='bbox 3224 4527 3519 4593; x_wconf 72' lang='grc' dir='ltr'>ἐλάϐομεν.</span> <span class='ocrx_word' id='word_1_723' title='bbox 3554 4516 3678 4572; x_wconf 74' lang='grc' dir='ltr'>Ἔθος</span> 
     </span>
    </p>
   </div>
   <div class='ocr_carea' id='block_1_104' title="bbox 2168 4615 3675 4715">
    <p class='ocr_par' dir='ltr' id='par_1_104' title="bbox 2168 4615 3675 4715">
     <span class='ocr_line' id='line_1_105' title="bbox 2168 4615 3675 4715; baseline -0.017 -31"><span class='ocrx_word' id='word_1_724' title='bbox 2168 4630 2277 4699; x_wconf 84' lang='grc' dir='ltr'><strong>γὰρ</strong></span> <span class='ocrx_word' id='word_1_725' title='bbox 2302 4626 2472 4695; x_wconf 75' lang='grc' dir='ltr'>αὐτῷ,</span> <span class='ocrx_word' id='word_1_726' title='bbox 2502 4625 2737 4694; x_wconf 79' lang='grc' dir='ltr'>ὁπηνίκα</span> <span class='ocrx_word' id='word_1_727' title='bbox 2766 4623 3009 4694; x_wconf 87' lang='grc' dir='ltr'>νικήσειέ</span> <span class='ocrx_word' id='word_1_728' title='bbox 3045 4639 3165 4674; x_wconf 86' lang='grc' dir='ltr'>τινα</span> <span class='ocrx_word' id='word_1_729' title='bbox 3207 4620 3455 4687; x_wconf 79' lang='grc' dir='ltr'>πόλεμον,</span> <span class='ocrx_word' id='word_1_730' title='bbox 3494 4615 3675 4715; x_wconf 63' lang='grc' dir='ltr'>ἀνερευ-</span> 
     </span>
    </p>
   </div>
   <div class='ocr_carea' id='block_1_105' title="bbox 2166 4707 3677 4792">
    <p class='ocr_par' dir='ltr' id='par_1_105' title="bbox 2166 4707 3677 4792">
     <span class='ocr_line' id='line_1_106' title="bbox 2166 4707 3677 4792; baseline -0.015 -17"><span class='ocrx_word' id='word_1_731' title='bbox 2166 4723 2264 4792; x_wconf 80' lang='grc' dir='ltr'>νᾷν</span> <span class='ocrx_word' id='word_1_732' title='bbox 2290 4719 2344 4773; x_wconf 80' lang='grc' dir='ltr'>εἴ</span> <span class='ocrx_word' id='word_1_733' title='bbox 2362 4737 2443 4783; x_wconf 87' lang='grc' dir='ltr'><strong>τις</strong></span> <span class='ocrx_word' id='word_1_734' title='bbox 2460 4718 2601 4772; x_wconf 85' lang='grc' dir='ltr'><strong>έάλω</strong></span> <span class='ocrx_word' id='word_1_735' title='bbox 2624 4714 2731 4768; x_wconf 88' lang='grc' dir='ltr'><strong>τῶν</strong></span> <span class='ocrx_word' id='word_1_736' title='bbox 2750 4712 3119 4783; x_wconf 79' lang='grc' dir='ltr'>στρατιωτῶν,</span> <span class='ocrx_word' id='word_1_737' title='bbox 3140 4712 3194 4764; x_wconf 70' lang='grc' dir='ltr'>εἴ</span> <span class='ocrx_word' id='word_1_738' title='bbox 3208 4729 3289 4773; x_wconf 86' lang='grc' dir='ltr'><strong>τις</strong></span> <span class='ocrx_word' id='word_1_739' title='bbox 3308 4710 3459 4779; x_wconf 79' lang='grc' dir='ltr'>ἔργον</span> <span class='ocrx_word' id='word_1_740' title='bbox 3480 4707 3677 4771; x_wconf 72' lang='grc' dir='ltr'>ἐγεγόνει</span> 
     </span>
    </p>
   </div>
   <div class='ocr_carea' id='block_1_106' title="bbox 2166 4796 3674 4882">
    <p class='ocr_par' dir='ltr' id='par_1_106' title="bbox 2166 4796 3674 4882">
     <span class='ocr_line' id='line_1_107' title="bbox 2166 4796 3674 4882; baseline -0.015 -16"><span class='ocrx_word' id='word_1_741' title='bbox 2166 4811 2436 4882; x_wconf 82' lang='grc' dir='ltr'>πολεμίας</span> <span class='ocrx_word' id='word_1_742' title='bbox 2459 4808 2661 4880; x_wconf 73' lang='grc' dir='ltr'>χειρός*</span> <span class='ocrx_word' id='word_1_743' title='bbox 2703 4807 2799 4860; x_wconf 75' lang='grc' dir='ltr'><strong>καὶ</strong></span> <span class='ocrx_word' id='word_1_744' title='bbox 2830 4804 2932 4858; x_wconf 86' lang='grc' dir='ltr'><strong>κᾶν</strong></span> <span class='ocrx_word' id='word_1_745' title='bbox 2966 4803 3094 4865; x_wconf 86' lang='grc' dir='ltr'>ὅλας</span> <span class='ocrx_word' id='word_1_746' title='bbox 3130 4801 3395 4872; x_wconf 74' lang='grc' dir='ltr'>ἐτρέψατο</span> <span class='ocrx_word' id='word_1_747' title='bbox 3419 4796 3674 4882; x_wconf 46' lang='lat' dir='ltr'><strong>pallanta</strong></span> 
     </span>
    </p>
   </div>
   <div class='ocr_carea' id='block_1_107' title="bbox 2164 4879 3677 4972">
    <p class='ocr_par' dir='ltr' id='par_1_107' title="bbox 2164 4879 3677 4972">
     <span class='ocr_line' id='line_1_108' title="bbox 2164 4879 3677 4972; baseline -0.017 -14"><span class='ocrx_word' id='word_1_748' title='bbox 2164 4903 2259 4959; x_wconf 78' lang='grc' dir='ltr'>καὶ</span> <span class='ocrx_word' id='word_1_749' title='bbox 2298 4879 2457 4972; x_wconf 76' lang='grc' dir='ltr'>νίκην</span> <span class='ocrx_word' id='word_1_750' title='bbox 2484 4879 2607 4971; x_wconf 75' lang='grc' dir='ltr'>τὴν</span> <span class='ocrx_word' id='word_1_751' title='bbox 2656 4898 2779 4951; x_wconf 84' lang='grc' dir='ltr'>κατ’</span> <span class='ocrx_word' id='word_1_752' title='bbox 2813 4888 2994 4950; x_wconf 76' lang='grc' dir='ltr'>αὐτῶν</span> <span class='ocrx_word' id='word_1_753' title='bbox 3026 4894 3218 4965; x_wconf 72' lang='grc' dir='ltr'>ἤρατο,</span> <span class='ocrx_word' id='word_1_754' title='bbox 3282 4887 3568 4960; x_wconf 60' lang='grc' dir='ltr'>ξυμϐέϐηκε</span> <span class='ocrx_word' id='word_1_755' title='bbox 3605 4879 3677 4931; x_wconf 74' lang='grc' dir='ltr'><strong>ἕνα</strong></span> 
     </span>
    </p>
   </div>
   <div class='ocr_carea' id='block_1_108' title="bbox 2163 4971 3673 5062">
    <p class='ocr_par' dir='ltr' id='par_1_108' title="bbox 2163 4971 3673 5062">
     <span class='ocr_line' id='line_1_109' title="bbox 2163 4971 3673 5062; baseline -0.019 -14"><span class='ocrx_word' id='word_1_756' title='bbox 2163 5011 2265 5048; x_wconf 89' lang='grc' dir='ltr'><strong>που</strong></span> <span class='ocrx_word' id='word_1_757' title='bbox 2295 4971 2459 5062; x_wconf 49' lang='grc' dir='ltr'>τυχὶᾷν</span> <span class='ocrx_word' id='word_1_758' title='bbox 2490 4990 2587 5044; x_wconf 72' lang='grc' dir='ltr'>καὶ</span> <span class='ocrx_word' id='word_1_759' title='bbox 2615 4988 2725 5041; x_wconf 88' lang='grc' dir='ltr'><strong>τῶν</strong></span> <span class='ocrx_word' id='word_1_760' title='bbox 2758 4988 3003 5055; x_wconf 74' lang='grc' dir='ltr'>ἐσχάτων</span> <span class='ocrx_word' id='word_1_761' title='bbox 3028 4982 3383 5054; x_wconf 78' lang='grc' dir='ltr'>στρατιωτῶν</span> <span class='ocrx_word' id='word_1_762' title='bbox 3405 4971 3673 5062; x_wconf 73' lang='grc' dir='ltr'>ἀπολέσθαι,</span> 
     </span>
    </p>
   </div>
   <div class='ocr_carea' id='block_1_109' title="bbox 2157 5059 3675 5153">
    <p class='ocr_par' dir='ltr' id='par_1_109' title="bbox 2157 5059 3675 5153">
     <span class='ocr_line' id='line_1_110' title="bbox 2157 5059 3675 5153; baseline -0.018 -14"><span class='ocrx_word' id='word_1_763' title='bbox 2157 5085 2220 5139; x_wconf 79' lang='grc' dir='ltr'>τὸ</span> <span class='ocrx_word' id='word_1_764' title='bbox 2256 5059 2543 5153; x_wconf 24' lang='grc' dir='ltr'>τῆςννικης</span> <span class='ocrx_word' id='word_1_765' title='bbox 2569 5080 2648 5141; x_wconf 72' lang='grc' dir='ltr'>είς</span> <span class='ocrx_word' id='word_1_766' title='bbox 2692 5078 2844 5132; x_wconf 73' lang='grc' dir='ltr'>οὐδὲν</span> <span class='ocrx_word' id='word_1_767' title='bbox 2871 5075 3144 5144; x_wconf 71' lang='grc' dir='ltr'>ἐλογίζετο</span> <span class='ocrx_word' id='word_1_768' title='bbox 3181 5075 3430 5145; x_wconf 78' lang='grc' dir='ltr'>πρᾶγμα.</span> <span class='ocrx_word' id='word_1_769' title='bbox 3460 5067 3542 5123; x_wconf 80' lang='grc' dir='ltr'><strong>καὶ</strong></span> <span class='ocrx_word' id='word_1_770' title='bbox 3564 5059 3675 5116; x_wconf 77' lang='grc' dir='ltr'>Καδ-</span> 
     </span>
    </p>
   </div>
   <div class='ocr_carea' id='block_1_110' title="bbox 2160 5154 3671 5246">
    <p class='ocr_par' dir='ltr' id='par_1_110' title="bbox 2160 5154 3671 5246">
     <span class='ocr_line' id='line_1_111' title="bbox 2160 5154 3671 5246; baseline -0.012 -17"><span class='ocrx_word' id='word_1_771' title='bbox 2160 5175 2319 5246; x_wconf 84' lang='grc' dir='ltr'>μείαν</span> <span class='ocrx_word' id='word_1_772' title='bbox 2341 5173 2416 5236; x_wconf 87' lang='grc' dir='ltr'>ὡς</span> <span class='ocrx_word' id='word_1_773' title='bbox 2446 5170 2664 5241; x_wconf 80' lang='grc' dir='ltr'>ἀληθῶς</span> <span class='ocrx_word' id='word_1_774' title='bbox 2709 5167 2870 5235; x_wconf 78' lang='grc' dir='ltr'>νίκην</span> <span class='ocrx_word' id='word_1_775' title='bbox 2898 5166 2998 5236; x_wconf 84' lang='grc' dir='ltr'>τὴν</span> <span class='ocrx_word' id='word_1_776' title='bbox 3059 5165 3217 5232; x_wconf 82' lang='grc' dir='ltr'>νίκην</span> <span class='ocrx_word' id='word_1_777' title='bbox 3252 5162 3464 5230; x_wconf 77' lang='grc' dir='ltr'>ἐκείνην</span> <span class='ocrx_word' id='word_1_778' title='bbox 3507 5154 3671 5225; x_wconf 74' lang='grc' dir='ltr'>ἠγεῖτθι</span> 
     </span>
    </p>
   </div>
   <div class='ocr_carea' id='block_1_111' title="bbox 2156 5260 2917 5331">
    <p class='ocr_par' dir='ltr' id='par_1_111' title="bbox 2156 5260 2917 5331">
     <span class='ocr_line' id='line_1_112' title="bbox 2156 5260 2917 5331; baseline -0.011 -10"><span class='ocrx_word' id='word_1_779' title='bbox 2156 5268 2252 5321; x_wconf 71' lang='grc' dir='ltr'>καὶ</span> <span class='ocrx_word' id='word_1_780' title='bbox 2281 5264 2402 5317; x_wconf 75' lang='grc' dir='ltr'>ἀντὶ</span> <span class='ocrx_word' id='word_1_781' title='bbox 2432 5262 2657 5331; x_wconf 84' lang='grc' dir='ltr'>κέρδους</span> <span class='ocrx_word' id='word_1_782' title='bbox 2691 5260 2917 5330; x_wconf 81' lang='grc' dir='ltr'>ζημίαν.</span> 
     </span>
    </p>
   </div>
   <div class='ocr_carea' id='block_1_112' title="bbox 479 5341 3669 5428">
    <p class='ocr_par' dir='ltr' id='par_1_112' title="bbox 479 5341 3669 5428">
     <span class='ocr_line' id='line_1_113' title="bbox 479 5341 3669 5428; baseline -0.003 -28"><span class='ocrx_word' id='word_1_783' title='bbox 479 5358 583 5419; x_wconf 76' lang='lat' dir='ltr'><strong>est,</strong></span> <span class='ocrx_word' id='word_1_784' title='bbox 612 5343 807 5400; x_wconf 76' lang='lat' dir='ltr'><strong>castris</strong></span> <span class='ocrx_word' id='word_1_785' title='bbox 835 5343 1021 5414; x_wconf 89' lang='lat' dir='ltr'><strong>positis</strong></span> <span class='ocrx_word' id='word_1_786' title='bbox 1044 5361 1340 5406; x_wconf 88' lang='lat' dir='ltr'><strong>morantem</strong></span> <span class='ocrx_word' id='word_1_787' title='bbox 1376 5356 1429 5409; x_wconf 90' lang='lat' dir='ltr'><strong>in</strong></span> <span class='ocrx_word' id='word_1_788' title='bbox 1464 5356 1686 5425; x_wconf 86' lang='lat' dir='ltr'><strong>planitie</strong></span> <span class='ocrx_word' id='word_1_789' title='bbox 1731 5373 1897 5428; x_wconf 90' lang='lat' dir='ltr'><strong>prope</strong></span> <span class='ocrx_word' id='word_1_790' title='bbox 1959 5360 2157 5417; x_wconf 85' lang='lat' dir='ltr'><strong>vallem</strong></span> <span class='ocrx_word' id='word_1_791' title='bbox 2218 5367 2424 5413; x_wconf 87' lang='lat' dir='ltr'><strong>arctam</strong></span> <span class='ocrx_word' id='word_1_792' title='bbox 2476 5355 2639 5427; x_wconf 66' lang='grc'><strong>443</strong></span> <span class='ocrx_word' id='word_1_793' title='bbox 2689 5351 3106 5421; x_wconf 86' lang='lat' dir='ltr'><strong>Philadelphiam</strong></span> <span class='ocrx_word' id='word_1_794' title='bbox 3177 5350 3316 5428; x_wconf 85' lang='lat' dir='ltr'><strong>inter</strong></span> <span class='ocrx_word' id='word_1_795' title='bbox 3366 5354 3415 5398; x_wconf 85' lang='lat' dir='ltr'><strong>et</strong></span> <span class='ocrx_word' id='word_1_796' title='bbox 3454 5341 3669 5396; x_wconf 77' lang='lat' dir='ltr'><strong>Acrocum</strong></span> 
     </span>
    </p>
   </div>
   <div class='ocr_carea' id='block_1_113' title="bbox 482 5413 3671 5522">
    <p class='ocr_par' dir='ltr' id='par_1_113' title="bbox 482 5413 3671 5522">
     <span class='ocr_line' id='line_1_114' title="bbox 482 5413 3671 5522; baseline -0.003 -28"><span class='ocrx_word' id='word_1_797' title='bbox 482 5413 664 5501; x_wconf 74' lang='lat' dir='ltr'><strong>suam,</strong></span> <span class='ocrx_word' id='word_1_798' title='bbox 693 5413 954 5493; x_wconf 84' lang='lat' dir='ltr'><strong>latissime</strong></span> <span class='ocrx_word' id='word_1_799' title='bbox 976 5448 1193 5506; x_wconf 86' lang='lat' dir='ltr'><strong>patente</strong></span> <span class='ocrx_word' id='word_1_800' title='bbox 1222 5459 1235 5494; x_wconf 88' lang='lat'><strong>:</strong></span> <span class='ocrx_word' id='word_1_801' title='bbox 1263 5443 1396 5501; x_wconf 87' lang='lat' dir='ltr'><strong>adeo</strong></span> <span class='ocrx_word' id='word_1_802' title='bbox 1429 5413 1489 5501; x_wconf 63' lang='lat' dir='ltr'><strong>ut</strong></span> <span class='ocrx_word' id='word_1_803' title='bbox 1520 5450 1704 5503; x_wconf 92' lang='lat' dir='ltr'><strong>multis</strong></span> <span class='ocrx_word' id='word_1_804' title='bbox 1731 5413 1845 5504; x_wconf 72' lang='grc' dir='ltr'><strong>1ιίιὲ</strong></span> <span class='ocrx_word' id='word_1_805' title='bbox 1892 5452 2050 5506; x_wconf 84' lang='lat' dir='ltr'><strong>simul</strong></span> <span class='ocrx_word' id='word_1_806' title='bbox 2088 5452 2367 5522; x_wconf 89' lang='lat' dir='ltr'><strong>capiendis</strong></span> <span class='ocrx_word' id='word_1_807' title='bbox 2396 5446 2729 5504; x_wconf 75' lang='lat' dir='ltr'><strong>exercitibus</strong></span> <span class='ocrx_word' id='word_1_808' title='bbox 2752 5443 3000 5497; x_wconf 74' lang='lat' dir='ltr'><strong>sulﬁciat.</strong></span> <span class='ocrx_word' id='word_1_809' title='bbox 3035 5425 3346 5495; x_wconf 81' lang='lat' dir='ltr'><strong>Incredibile</strong></span> <span class='ocrx_word' id='word_1_810' title='bbox 3408 5441 3483 5486; x_wconf 76' lang='lat' dir='ltr'><strong>est</strong></span> <span class='ocrx_word' id='word_1_811' title='bbox 3534 5438 3671 5497; x_wconf 73' lang='lat' dir='ltr'><strong>quw&#39;</strong></span> 
     </span>
    </p>
   </div>
   <div class='ocr_carea' id='block_1_114' title="bbox 1495 5588 2602 5655">
    <p class='ocr_par' dir='ltr' id='par_1_114' title="bbox 1495 5588 2602 5655">
     <span class='ocr_line' id='line_1_115' title="bbox 1495 5588 2602 5655; baseline 0.002 -7"><span class='ocrx_word' id='word_1_812' title='bbox 1495 5589 1687 5651; x_wconf 70' lang='lat' dir='ltr'><strong>Variae</strong></span> <span class='ocrx_word' id='word_1_813' title='bbox 1718 5589 2026 5655; x_wconf 86' lang='lat' dir='ltr'><strong>lectiones</strong></span> <span class='ocrx_word' id='word_1_814' title='bbox 2056 5609 2135 5653; x_wconf 63' lang='lat' dir='ltr'><strong>ex</strong></span> <span class='ocrx_word' id='word_1_815' title='bbox 2165 5591 2302 5653; x_wconf 90' lang='lat' dir='ltr'><strong>cod.</strong></span> <span class='ocrx_word' id='word_1_816' title='bbox 2339 5588 2602 5651; x_wconf 89' lang='lat' dir='ltr'><strong>Coislin.</strong></span> 
     </span>
    </p>
   </div>
   <div class='ocr_carea' id='block_1_115' title="bbox 552 5686 2065 5783">
    <p class='ocr_par' dir='ltr' id='par_1_115' title="bbox 552 5703 2059 5783">
     <span class='ocr_line' id='line_1_116' title="bbox 552 5703 2059 5783; baseline 0.007 -27"><span class='ocrx_word' id='word_1_817' title='bbox 552 5706 596 5737; x_wconf 78' lang='grc'><strong>⁷⁸</strong></span> <span class='ocrx_word' id='word_1_818' title='bbox 612 5708 933 5777; x_wconf 76' lang='grc' dir='ltr'>περιμείνας</span> <span class='ocrx_word' id='word_1_819' title='bbox 949 5707 1074 5772; x_wconf 81' lang='grc' dir='ltr'>τοὺς</span> <span class='ocrx_word' id='word_1_820' title='bbox 1090 5704 1207 5779; x_wconf 79' lang='grc' dir='ltr'>μετ’</span> <span class='ocrx_word' id='word_1_821' title='bbox 1221 5703 1401 5760; x_wconf 74' lang='grc' dir='ltr'>αὐτόν.</span> <span class='ocrx_word' id='word_1_822' title='bbox 1428 5704 1532 5762; x_wconf 85' lang='lat' dir='ltr'><strong>Sed</strong></span> <span class='ocrx_word' id='word_1_823' title='bbox 1557 5712 1876 5779; x_wconf 65' lang='grc' dir='ltr'>περιμείνας</span> <span class='ocrx_word' id='word_1_824' title='bbox 1896 5728 1969 5769; x_wconf 76' lang='lat' dir='ltr'><strong>sci</strong></span> <span class='ocrx_word' id='word_1_825' title='bbox 1986 5713 2059 5783; x_wconf 90' lang='lat' dir='ltr'><strong>ipt</strong></span> 
     </span>
    </p>
   </div>
   <div class='ocr_carea' id='block_1_116' title="bbox 2171 5686 3649 5783">
    <p class='ocr_par' dir='ltr' id='par_1_116' title="bbox 2182 5686 3649 5770">
     <span class='ocr_line' id='line_1_117' title="bbox 2182 5686 3649 5770; baseline -0.003 -5"><span class='ocrx_word' id='word_1_826' title='bbox 2182 5710 2346 5765; x_wconf 76' lang='lat' dir='ltr'><strong>altera</strong></span> <span class='ocrx_word' id='word_1_827' title='bbox 2365 5724 2547 5765; x_wconf 87' lang='lat' dir='ltr'><strong>manu.</strong></span> <span class='ocrx_word' id='word_1_828' title='bbox 2579 5705 2857 5770; x_wconf 78' lang='grc' dir='ltr'>⁷³αὐτούς.</span> <span class='ocrx_word' id='word_1_829' title='bbox 2898 5706 2943 5738; x_wconf 80' lang='grc' dir='ltr'><strong>⁸ο</strong></span> <span class='ocrx_word' id='word_1_830' title='bbox 2966 5708 2991 5759; x_wconf 76' lang='grc' dir='ltr'><em>ὁ</em></span> <span class='ocrx_word' id='word_1_831' title='bbox 3010 5705 3064 5759; x_wconf 76' lang='grc' dir='ltr'>δὲ</span> <span class='ocrx_word' id='word_1_832' title='bbox 3094 5703 3202 5758; x_wconf 76' lang='grc' dir='ltr'>τόν.</span> <span class='ocrx_word' id='word_1_833' title='bbox 3276 5701 3313 5733; x_wconf 76' lang='grc'><strong>³¹</strong></span> <span class='ocrx_word' id='word_1_834' title='bbox 3338 5686 3649 5760; x_wconf 56' lang='grc' dir='ltr'>κατάγγειῖ-ον</span> 
     </span>
    </p>
   </div>
   <div class='ocr_carea' id='block_1_117' title="bbox 3768 296 3898 423">
    <p class='ocr_par' dir='ltr' id='par_1_117' title="bbox 3768 296 3898 423">
     <span class='ocr_line' id='line_1_118' title="bbox 3768 296 3898 423; baseline 0 -1"><span class='ocrx_word' id='word_1_835' title='bbox 3768 314 3863 423; x_wconf 61' lang='grc' dir='ltr'>π’</span> <span class='ocrx_word' id='word_1_836' title='bbox 3892 296 3898 423; x_wconf 73' lang='lat' dir='ltr'><strong>l</strong></span> 
     </span>
    </p>
   </div>
  </div>
