3998 6206
481 249 617 311 1083

1804 253 2030 313 ΑΝΝίΕ
2066 250 2448 314 COMNEN/E

3542 259 3657 321 108i

479 362 808 416 mentionem
836 364 1103 418 mirabilis
1136 363 1278 419 illius
1307 374 1467 432 atque
1499 364 1790 436 insperatte
1820 364 2047 433 Augusti

2159 364 2246 418 καὶ
2282 364 2482 427 ἐπιϐὰς
2516 363 2686 418 ἵππου
2714 361 2863 424 τινὸς
2895 377 3037 430 μετα
3067 361 3175 413 τῶν
3225 362 3452 432 ἐσθήτων
3486 367 3671 422 ἔκεένων

477 453 742 519 victoria},
779 464 831 509 et
859 454 1192 511 liberationis
1216 456 1673 525 inopinatissimze
1719 458 1873 513 ducis
1906 470 2050 511 stre-

482 544 785 613 nui,-quent
834 561 899 600 ex
936 548 1129 601 misere
1187 548 1404 618 captivo
1473 549 1610 604 mire
1658 550 1769 618 jam
1821 550 2051 604 liberum

484 650 665 690 coram
700 650 758 690 se
789 636 1141 705 intuebatur,
1181 641 1343 695 tantis
1372 640 1587 709 perfusa
1615 641 1819 696 laetitiis
1847 651 1950 703 est,
1996 651 2055 695 ut

485 742 586 780 nec
614 725 779 797 444
807 726 1154 784 dissimulare
1192 716 1428 800 gestiens
1458 734 1732 801 gaudium,
1760 748 1859 787 nec
1887 732 2056 801 signis

485 817 536 870 id
593 819 778 873 testari
834 820 1222 891 celebrareque
1275 823 1411 878 satis
1462 824 1584 879 ullis
1628 836 1832 894 posset.
1885 823 2058 880 Jussit

484 923 646 979 porro
669 912 953 979 quiescere
997 912 1288 983 Camytzen
1336 930 1506 987 usque
1548 918 1614 972 ad
1659 917 1880 973 lucem:
1933 928 2058 974 tunc

484 1012 665 1058 autem
721 1006 936 1072 prodire
966 1018 1021 1061 et
1048 1008 1266 1077 vulgare
1320 1010 1374 1063 in
1433 1026 1629 1065 omnes
1681 1010 1883 1078 passim
1938 1025 2059 1078 quas

484 1095 714 1150 ferebat.
743 1096 893 1154 Fecit
924 1100 1010 1154 ille
1038 1113 1095 1155 ut
1145 1103 1456 1156 mandatum
1488 1113 1628 1171 erat,
1656 1113 1710 1157 et
1761 1118 2060 1168 exsurgens

483 1189 601 1242 luce
632 1191 823 1258 prima,
851 1206 1100 1261 equoque
1131 1193 1403 1258 inscenso,
1436 1210 1501 1249 eo
1522 1195 1613 1262 qui
1662 1195 1801 1249 forte
1855 1195 2061 1263 primus

486 1289 685 1348 praesto
717 1284 1025 1352 properanti
1054 1286 1178 1350 fuit,
1213 1302 1386 1352 usque
1413 1289 1476 1341 ad
1509 1287 1686 1342 forum
1714 1287 2058 1343 Constantini

489 1384 807 1437 progressus
835 1374 1011 1441 palam
1051 1384 1174 1439 est,
1228 1376 1335 1431 illis
1388 1378 1516 1446 ipsis
1555 1378 1778 1446 insignis
1826 1378 2065 1432 vestibus

489 1461 810 1527 quibuscum
844 1464 1169 1519 mirabiliter
1198 1482 1229 1520 e
1250 1468 1483 1521 vinculis
1515 1470 1792 1523 servitutis
1821 1468 2066 1524 Turcica:

492 1550 628 1605 liber
655 1564 922 1611 evaserat.
955 1556 1121 1612 Movit
1165 1560 1408 1614 insuetus
1450 1561 1627 1615 cultus
1671 1563 1781 1616 noti
1832 1563 2068 1619 hominis

492 1651 660 1697 tutam
692 1648 887 1713 passim
919 1649 1195 1704 civitatem
1247 1652 1298 1704 in
1329 1667 1517 1706 curam
1578 1654 1926 1721 studiumque
1972 1669 2067 1709 co-

491 1739 803 1803 gnoscendi,
837 1739 964 1806 quid
997 1741 1098 1795 hoc
1131 1742 1206 1795 rei
1240 1744 1599 1811 essetquidve
1639 1745 1741 1799 sibi
1776 1744 1936 1799 vellet
1976 1754 2070 1799 aut

494 1825 713 1882 afferret
749 1830 1066 1885 novihomo
1097 1833 1233 1887 civis
1264 1834 1558 1895 natalibus,
1604 1836 1906 1905 insignibus
1940 1836 2072 1892 Bar-

492 1917 692 1985 barus,
739 1936 856 1975 sese
897 1923 965 1979 de
1021 1924 1292 1980 industria
1322 1938 1628 1989 ostentans.
1665 1944 1825 1998 quem
1878 1930 2071 1985 adesse

493 2022 764 2072 recentem
797 2014 865 2068 ab
892 2017 1132 2071 exercitu
1174 2028 1337 2087 atque
1363 2021 1428 2072 ab
1457 2019 1701 2085 Augusto
1723 2031 1841 2075 erat
1884 2022 2075 2076 verisi-

446 2116 461 2123 ‘
496 2102 759 2165 mile;de
781 2106 977 2173 quibus
1011 2123 1133 2162 cum
1183 2110 1383 2163 dudum
1449 2111 1579 2164 nihil
1635 2121 1779 2167 esset
1828 2114 2070 2167 auditum

497 2206 748 2260 magnum
784 2205 901 2249 erat
933 2199 1149 2265 publice
1182 2200 1511 2255 desiderium
1540 2202 1592 2254 in
1617 2202 1772 2267 urbe,
1802 2200 1908 2271 quo
1931 2204 2075 2258 salus

495 2284 839 2354 imperatoris
871 2308 1067 2363 resque
1096 2309 1307 2350 summa
1357 2295 1475 2348 loco
1521 2304 1689 2350 esset.
1742 2295 1895 2351 Brevi
1928 2312 2073 2366 ergo

497 2391 821 2451 congregata
890 2385 1095 2441 circum
1159 2403 1219 2442 se
1280 2387 1522 2456 undique
1578 2389 1840 2442 concione
1887 2399 2080 2455 magna

499 2480 756 2538 perpetuo
807 2486 1089 2531 crescente
1135 2478 1539 2533 occurrentium
1588 2478 1828 2547 equitum
1877 2478 2079 2532 mistim

2135 453 2280 527 ’μεθ’
2314 453 2391 512 ὧν
2419 458 2615 524 ἀφῖκτο
2645 456 2747 526 τῆς
2806 452 3193 524 αἰχμαλωσίας
3230 455 3520 524 παραδόξως
3549 460 3669 512 ἑλευ.

2154 550 2434 619 θερωθιὶς,
2462 550 2556 602 ἰπὶ
2577 549 2670 602 τὸν
2697 547 3136 602 Κωνσταντίνιον
3164 546 3328 617 φόρον
3354 547 3568 618 ἐλήλυθε.
3588 552 3668 607 Καὶ

2154 644 2306 697 πᾶσα
2343 646 2376 712 ἡ
2414 642 2572 705 πόλις
2606 642 2768 701 εὐθὺς
2797 639 2885 693 ἐπ’
2916 639 3069 710 αὐτῷ
3131 639 3430 709 ἐκεκίνητο,
3474 642 3588 709 ὁμοῦ
3626 662 3669 697 τε

2155 737 2250 791 καὶ
2274 737 2339 789 τὰ
2362 733 2487 789 κατ’
2522 735 2689 787 αὐτὸν
2721 734 2918 803 μαθεῖν
2937 732 3296 801 ἐπειγομένη.
3319 732 3446 800 ὁμοῦ
3461 733 3510 785 δὲ
3532 736 3608 788 καὶ
3625 738 3672 789 τὰ

2159 826 2299 879 κατὰ
2326 825 2417 877 τὸν
2473 824 2860 893 αὐτοκράτορα
2915 822 3083 875 πλέον
3138 822 3397 877 ποθοῦσα.
3444 825 3590 887 Αὐτὸς
3632 827 3674 879 δὲ

2160 917 2697 991 περιστοιχησάντων
2749 914 2900 984 αὐτῷ
2953 914 3172 967 ἱππέων
3196 914 3403 967 πολλῶν
3430 918 3513 967 καὶ
3538 918 3676 980 πεζῶν

2112 1070 2131 1075 ,
2160 1013 2230 1066 τά
2258 1028 2318 1065 τε
2340 1010 2481 1063 κατὰ
2521 1009 2625 1063 τὸν
2641 1009 2884 1077 πόλεμον
2904 1007 3147 1078 λαμπρῷ
3176 1007 3253 1077 τῷ
3283 1007 3491 1076 στόματι
3530 1008 3675 1076 dir-lam.

2164 1120 2318 1169 σατο,
2343 1103 2439 1157 καὶ
2467 1103 2570 1155 ὅσα
2597 1102 2719 1154 τότε
2760 1100 3061 1169 ξυνέκυρσε
3105 1098 3153 1130 ⁸²
3187 1099 3329 1152 κατὰ
3350 1098 3437 1151 τοῦ
3489 1098 3675 1168 Ῥωμαῖ-

2163 1194 2263 1248 κοῦ
2325 1192 2760 1264 στρατεύματος,
2812 1192 2909 1245 καὶ
2951 1192 3016 1260 δὴ
3092 1190 3190 1243 καὶ
3234 1192 3404 1243 ὁπόσα
3428 1192 3454 1243 ό
3481 1191 3677 1260 βασιλεὺς

2166 1286 2309 1340 κατὰ
2339 1286 2448 1338 τῶν
2494 1284 2800 1356 Βαρϐάρων
2825 1284 3246 1353 ἐμηχανήσατο,
3277 1283 3370 1335 καὶ
3400 1284 3533 1345 ὅπως
3553 1284 3678 1352 ἤρατο

2167 1376 2326 1447 νίκην
2355 1377 2622 1447 λαμπρὰν
2652 1375 3074 1429 πολλαπλασεαν
3108 1373 3224 1444 ’τὴν
3268 1373 3529 1444 ἐκδίκησιν
3565 1390 3681 1440 ποιη-

2171 1466 2434 1535 σάμενος,
2476 1466 2571 1520 καὶ
2602 1466 2754 1527 τέλος
2793 1464 3034 1534 ἐπέθηκε
3082 1464 3182 1533 τὴν
3215 1462 3498 1533 παράδοξον
3536 1465 3681 1516 ἑαυτοῦ

2169 1558 2279 1613 τῶν
2304 1558 2605 1629 Βαρϐάρων
2624 1558 2826 1627 φυγήν.
2879 1552 2975 1619 Οἷς
2998 1557 3176 1624 ἐπεφὴ
3188 1572 3358 1625 μησεν
3375 1556 3486 1608 ὅλον
3508 1554 3558 1607 τὸ
3579 1556 3685 1624 πλῆ-

2172 1650 2294 1714 θος,
2322 1651 2420 1705 καὶ
2445 1650 2644 1721 μέχρις
2666 1649 2884 1719 αἰθέρος
2909 1650 2938 1701 ὁ
2966 1648 3166 1719 κρότος
3188 1650 3288 1715 τῆς
3314 1647 3559 1716 εὐφημίας
3597 1648 3684 1700 ἀνε-

2170 1744 2418 1813 ληλύθει.
2450 1744 2638 1799 Ταῦτα
2676 1743 2777 1813 μὲν
2831 1743 3010 1807 οὕτως
3040 1741 3379 1796 ὲτετέλεστο³
3410 1740 3542 1802 καὶὴ
3570 1742 3688 1794 Κων-

2175 1838 2465 1893 σταντίνου
2498 1838 2874 1909 ὶνεπέπληστο
2896 1837 3010 1891 τῶν
3044 1836 3144 1890 τοῦ
3181 1835 3436 1906 βασιλέως
3463 1837 3687 1904 κατορθω-

2178 1930 2387 1999 μάτων.
2428 1930 2541 1984 Καὶ¹
2565 1933 2678 2000 γὰρ
2704 1929 2780 1993 ὡς
2806 1929 3025 1999 ἀληθῶς
3049 1930 3179 1982 ὅσον
3204 1928 3302 1996 μὲν
3341 1926 3439 1980 ἀπὸ
3457 1926 3542 1995 τῆς
3567 1926 3689 1998 τύχης

2175 2021 2469 2091 δυσχερέσι
2509 2020 2833 2091 πράγμασιν
2852 2019 3137 2089 ὡμιλήκει
3174 2020 3270 2072 καὶ
3303 2018 3513 2083 emam;
3552 2017 3690 2084 ἔχουσι

2179 2110 2319 2181 πρός
2363 2127 2421 2163 τε
2456 2110 2621 2164 αὐτὸν
2671 2112 2765 2163 καὶ
2806 2109 2878 2164 τὰ
2921 2110 3034 2164 τῶν
3100 2108 3377 2179 Ῥωμαίων
3433 2106 3689 2175 πράγματα,

2180 2204 2279 2255 καὶ
2315 2202 2452 2256 ὅλως
2481 2203 2919 2272 δυστυχημάτων
2961 2202 3168 2271 πλήθει
3233 2201 3546 2269 περιερρεῖτο
3571 2213 3582 2225 ·
3610 2195 3691 2249 ἀλλ’

2179 2294 2214 2365 ἦ
2242 2311 2305 2361 γε
2332 2294 2506 2365 ἁρετὴ
2532 2293 2725 2348 τούτου
2755 2296 2851 2348 καὶ
2883 2295 2944 2347 τὸ
2992 2293 3304 2365 ἑγρηγορδς
3333 2291 3420 2345 καὶ
3439 2289 3693 2362 δραστήριον

2177 2386 2469 2440 ἀντέϐαινε
2516 2388 2612 2440 καὶ
2667 2385 2991 2457 φιλονείκως
3056 2383 3177 2457 εἶχε
3206 2383 3340 2456 πρὸς
3376 2384 3505 2438 ἅπαν
3546 2377 3693 2433 δυστύ-

2178 2495 2355 2549 κημαο

498 2566 864 2638 β”άίίυηπιυθν
889 2572 995 2626 alla
1021 2589 1245 2628 exorsus
1262 2574 1545 2644 Camytzes
1574 2588 1723 2639 voce,
1753 2574 1875 2629 belli
1898 2589 2055 2629 casus
2078 2576 2363 2631 universos
2432 2577 2815 2650 fortunamque
2880 2573 3121 2629 Romani
3175 2575 3449 2637 exercitus,
3501 2568 3694 2624 consilia-

497 2669 605 2726 que
636 2661 859 2729 Augusti
888 2676 953 2716 ac
981 2664 1450 2732 prudentissimam
1476 2664 1553 2720 rei
1583 2674 1773 2722 contra
1844 2664 2114 2725 Barbaros
2149 2665 2403 2735 gerenda:
2432 2650 2696 2722 rationem
2721 2706 2736 2729 .
2782 2677 3062 2736 postremo
3141 2664 3374 2732 eiusdem
3424 2661 3689 2732 splendidam

498 2751 784 2806 victoriam
814 2767 920 2822 qua
973 2755 1405 2815 cumulatissime
1445 2757 1651 2816 Turcos
1723 2767 1869 2815 esset
1910 2756 2052 2813 ultus
2083 2794 2103 2824 ,
2169 2758 2452 2826 exposuit;
2480 2758 2677 2829 adjecit
2713 2768 2832 2826 post
2885 2759 3074 2812 omnia
3128 2772 3279 2812 suam
3327 2756 3477 2826 ipsius
3517 2753 3690 2823 fugante

499 2840 865 2900 Barbarorum
893 2849 1125 2904 vinculis
1157 2850 1663 2923 inopinatissimam.
1698 2852 1856 2907 Dedit
1908 2853 1973 2907 ad
2005 2867 2066 2908 ea
2119 2866 2282 2908 voces
2311 2851 2520 2906 indices
2555 2852 2732 2922 gaudii
2793 2853 3029 2923 ingentis
3090 2851 3368 2907 multitudo
3437 2856 3562 2911 tota;
3615 2844 3689 2897 mi-

500 2946 726 3003 stusque
747 2941 1198 3000 acclamationum
1220 2955 1275 3002 et
1300 2949 1583 3016 plausuum
1641 2964 1809 3005 sonus
1869 2949 1925 3004 in
1965 2948 2162 3004 caelum
2200 2962 2370 3017 usque
2392 2947 2639 3002 sublatus
2667 2957 2783 3014 est,
2821 2962 2922 3002 nec
2955 2947 3009 3001 in
3036 2944 3164 3001 foro
3193 2943 3461 3016 gratulatio
3492 2937 3688 2994 constitit.

506 3031 715 3086 Diditur
750 3034 896 3090 illinc
951 3034 1005 3090 in
1058 3037 1211 3092 vicos
1262 3040 1411 3093 urbis
1443 3041 1739 3109 domosque
1766 3039 1911 3094 fama
1958 3048 2221 3108 permeat,
2251 3054 2530 3093 sermones
2587 3054 2692 3093 una
2743 3040 2795 3093 in
2851 3052 2912 3093 re
2977 3039 3227 3093 omnium
3299 3036 3571 3105 linguasque
3627 3043 3690 3082 oc-

505 3138 753 3191 cnpans;
805 3125 857 3179 in
918 3126 1258 3183 celebrandis
1313 3130 1782 3198 praedicandisque
1840 3130 2084 3185 heroicis
2151 3130 2485 3184 facinoribus
2511 3129 2682 3185 Alexii
2736 3129 2989 3198 Augusti.
3086 3129 3203 3183 Non
3256 3124 3528 3182 immerenti
3569 3121 3687 3175 ObVC‘

504 3220 688 3273 n'ebat
743 3227 928 3273 tantus
979 3219 1175 3275 hortor.
1243 3219 1388 3276 Sane
1449 3222 1594 3276 enim
1647 3224 1692 3277 si
1724 3223 1848 3293 quis
1876 3230 2088 3290 reputet
2117 3233 2319 3291 quanta
2353 3230 2466 3277 tum
2497 3223 2806 3278 incubuerit
2865 3223 2918 3275 in
2946 3220 3253 3276 Romanam
3306 3233 3408 3275 rem
3468 3214 3691 3269 inclamet.

504 3311 578 3366 tia
611 3311 877 3379 lortunae;
909 3313 1095 3382 quanti
1125 3312 1175 3369 ei
1222 3313 1556 3370 funestorum
1616 3331 1841 3370 casuum
1901 3313 2331 3384 iufestorumque
2405 3313 2780 3369 discriminum
2840 3311 3307 3368 vehementissimi
3352 3316 3515 3366 contra
3553 3304 3691 3358 ίιιιιιυ⁵

508 3401 873 3470 incurreritrt;
963 3419 1084 3473 quae
1132 3403 1362 3475 denique
1434 3407 1579 3462 circa
1642 3406 1818 3477 ipsum
1891 3419 2113 3474 remque
2189 3405 2460 3472 publicam
2491 3412 2606 3458 toto
2638 3404 2976 3473 principatus
3020 3404 3149 3473 ejus
3230 3412 3453 3466 tempore
3498 3392 3689 3451 continuo

511 3497 749 3567 undique
776 3497 1047 3553 amuxerit
1099 3497 1303 3553 eluvies
1360 3500 1627 3554 malorum
1662 3517 1676 3553 :
1715 3514 1796 3554 nae
1824 3500 1870 3554 is
1920 3499 2078 3552 facile
2146 3506 2369 3564 Statuet,
2433 3514 2774 3567 nequaquam
2807 3498 3035 3552 usitatas
3074 3511 3202 3551 esse
3232 3493 3457 3548 debuisse
3504 3485 3587 3543 viri
3615 3481 3690 3533 τίτ-

514 3600 693 3655 tutes;
751 3606 895 3656 non,
958 3590 1178 3660 inquam
1205 3628 1220 3652 ,
1249 3590 1567 3659 prudentem
1605 3589 1796 3653 illum;
1833 3602 2014 3641 acrem
2057 3602 2121 3641 ac
2208 3595 2491 3642 strenuum
2543 3587 2748 3657 vulgari
2801 3588 2961 3640 modo
3010 3586 3282 3640 duntaxat
3327 3582 3508 3642 fuisse,
3546 3585 3683 3629 verum

511 3700 722 3739 summa
751 3682 1068 3739 excelluisse
1104 3680 1320 3737 laudum
1345 3680 1570 3735 istarum
1603 3679 1909 3748 praestantia
1937 3717 1953 3744 ,
1987 3679 2065 3733 sic
2098 3679 2245 3733 enim
2276 3687 2396 3732 erat
2424 3693 2561 3747 opus
2597 3689 2654 3733 ut
2689 3687 2895 3732 tantam
2948 3679 3055 3732 vim
3126 3676 3465 3746 ingruentium
3532 3666 3689 3737 ρετίου·

465 3764 471 3781 ’
518 3780 689 3833 lorum
717 3778 799 3833 vel
841 3776 1071 3831 consilio
1116 3774 1432 3839 declinaret,
1484 3772 1566 3829 vel
1631 3774 1813 3828 animo
1882 3781 2275 3841 perrumperet,
2331 3787 2455 3827 cum
2504 3775 2800 3842 praesertim
2838 3772 2959 3842 ejus
3002 3775 3182 3827 virtus
3236 3770 3476 3842 proficere
3512 3757 3690 3817 adversis

514 3872 789 3925 videretur
821 3909 837 3933 ,
884 3868 1260 3936 exsistereqne
1309 3882 1525 3937 semper
1585 3866 1778 3921 fortior
1833 3880 1901 3920 ex
1939 3864 2087 3920 omni

516 3961 866 4017 lacessendaz.

589 4052 854 4122 Equidem
888 4053 1206 4107 memoriam
1237 4050 1514 4106 annalium
1570 4051 1751 4104 animo
1796 4048 2090 4119 replicans.

519 4159 646 4212 vere
676 4144 882 4196 dictura
909 4143 1041 4197 mihi
1066 4144 1271 4204 videor,
1317 4143 1585 4196 neminem
1610 4158 1797 4196 eorum
1838 4142 1930 4211 qui
1965 4154 2093 4195 ante

525 4233 770 4289 Alexium
824 4233 1062 4288 habenas
1110 4233 1318 4301 imperii
1380 4242 1684 4288 tractarunt
1721 4232 2093 4287 Romanorum

522 4322 851 4393 principum,
884 4328 963 4374 tot
986 4330 1209 4388 tamque
1243 4318 1409 4373 variis
1455 4332 1619 4372 unum
1670 4319 1839 4375 fuisse
1889 4321 2096 4376 incum-

521 4410 805 4469 modorum
838 4414 1133 4482 generibus
1179 4411 1513 4477 exercitum,
1563 4412 1677 4467 sive
1719 4413 2098 4482 perplexitates

520 4509 853 4578 negotiorum
902 4503 1304 4558 inextricabiles
1356 4513 1590 4572 reputes,
1653 4504 1767 4558 sive
1817 4504 2094 4558 hominum

518 4599 840 4667 quibuscum
868 4595 941 4649 illi
979 4610 1065 4650 res
1092 4592 1220 4659 fuit,
1253 4594 1479 4658 civium,
1521 4602 1895 4659 externorum,
1926 4595 2095 4659 domi,

522 4689 834 4758 militiaeque
886 4688 1032 4741 feros
1062 4702 1240 4742 mores
1268 4687 1587 4741 consideres
1632 4688 1967 4757 acerbasque
2003 4706 2098 4742 na-

519 4788 691 4835 turas.
725 4781 904 4848 Atque
954 4778 1113 4848 hujus
1161 4792 1260 4847 ego
1313 4776 1564 4831 infausta:
1619 4778 1785 4832 sortis
1835 4789 1889 4832 et
1936 4782 2096 4850 quasi

530 4870 625 4923 fati
658 4869 762 4923 mei
798 4871 995 4939 patris,
1028 4886 1138 4923 non
1185 4869 1370 4939 utique
1417 4869 1654 4940 periodis
1691 4879 1985 4936 astrorum,
2042 4884 2097 4927 et

522 4958 576 5010 vi
626 4973 823 5011 arcana
874 4960 1134 5013 natalium
1188 4960 1425 5014 siderum
1459 4966 1717 5017 connexa:
1784 4965 2097 5019 necessitati

525 5062 719 5101 causas
738 5050 1084 5119 ascripserim
1109 5072 1123 5107 :
1146 5051 1239 5106 sed
1260 5051 1344 5105 vel
1365 5049 1456 5104 Dei
1476 5053 1703 5123 sapienti
1727 5055 2098 5123 providentiae,

524 5135 687 5210 M5
722 5137 970 5191 laborare
997 5138 1296 5193 Romanam
1328 5150 1461 5205 rem,
1497 5144 1638 5210 quod
1683 5144 1761 5195 sic
1796 5154 2097 5210 oporteret,

519 5228 668 5299 juste
693 5224 1043 5296 permittenti,
1070 5228 1156 5282 vel
1200 5229 1527 5298 imprudenti
1583 5233 1922 5301 negligentiae
1960 5250 2099 5303 pra:-

528 5319 839 5374 cedentium
891 5316 1221 5386 principum,
1274 5336 1505 5389 quorum
1576 5326 1888 5379 continuata
1940 5325 2098 5395 longo

532 5423 774 5485 tempore
805 5409 1041 5476 incuria,
1072 5411 1272 5466 sensim
1303 5421 1356 5467 et
1387 5415 1541 5484 quasi
1588 5418 1839 5487 guttatim
1876 5417 2109 5489 college-

2120 3863 2351 3919 fortuna;
2405 3864 2572 3931 lucta‘,
2618 3879 2789 3935 usque
2850 3865 2903 3919 in
2960 3864 3217 3920 ﬁduciam
3260 3863 3372 3933 ejus
3431 3859 3527 3929 jam
3584 3852 3684 3907 ultro

2123 4051 2167 4109 α
2280 4044 2475 4097 Οὑδενὶ
2514 4043 2623 4113 γὰρ
2652 4043 2762 4096 τῶν
2822 4042 3091 4097 ἀνέκαθεν
3132 4041 3388 4115 βασιλέων
3417 4035 3499 4090 καὶ
3541 4033 3604 4093 εἰς
3622 4027 3689 4093 τήν

2202 4138 2445 4207 τήμερον
2464 4135 2635 4189 ὄντων
2658 4136 3007 4205 πραγμάτων
3024 4134 3296 4204 ἐπιπλοκὴ
3321 4132 3406 4185 καὶ
3429 4116 3687 4207 μοχθηρῖαθ

2204 4206 2568 4283 παντοδαπῶν
2644 4227 2952 4296 ἀνθρώπων
3002 4227 3102 4280 καὶ
3157 4229 3293 4280 οῐκοι
3343 4225 3427 4277 καὶ
3457 4215 3639 4285 θύραθεν
3656 4206 3689 4240 ⁸⁸

2206 4319 2617 4389 προσεπέλασεν
2651 4319 2727 4379 ὡς
2808 4318 2902 4370 ἐπὶ
2968 4316 3164 4372 τούτου
3235 4315 3325 4369 τοῦ
3377 4307 3686 4375 αὐτοκράτορος

2206 4411 2463 4479 εὖρομενο
2509 4411 2632 4462 Εἴτε
2674 4410 2783 4479 γὰρ
2810 4409 2918 4461 ἔδει
2942 4411 3199 4478 πονήρως
3227 4405 3508 4473 διατεθῆναι
3527 4396 3578 4451 τὰ
3612 4390 3687 4443 τῶν

2218 4478 2506 4568 Ῥωμαίων
2543 4500 2681 4554 Θεοῦ
2727 4478 3192 4571 παραχωροῦντος
3236 4497 3397 4566 (οὐδὲν
3438 4491 3530 4559 γὰρ
3549 4478 3686 4538 ivi-<5

2205 4597 2303 4665 τῆς
2343 4593 2599 4665 ἀστρῲ²ς
2634 4593 2943 4663 περιφορᾶς
2989 4592 3321 4658 ἐξαπτοψην
3373 4584 3487 4639 ποτὲ
3520 4581 3573 4634 τὰ
3596 4574 3687 4644 ἡμέ-

2208 4704 2345 4758 τερα
2374 4692 2412 4749 ).
2483 4685 2595 4738 εῐτε
2660 4684 2770 4737 ἀπὸ
2841 4686 2943 4753 τῆς
3010 4684 3121 4735 τῶν
3210 4669 3683 4752 προΰεόασιλευκότων

2207 4777 2468 4839 ἀϐουλίας
2537 4776 2618 4839 εἰς
2684 4772 2802 4828 τόδε
2883 4777 3270 4837 καταστάσεως
3338 4771 3397 4824 τὰ
3461 4766 3543 4834 τῆς
3591 4759 3681 4811 Ῥω·

2210 4869 2413 4940 μαῖκῆς
2445 4866 2764 4928 δυναστείας
2815 4863 2970 4932 ἔστη,
3023 4864 3179 4935 ὄχλος
3209 4864 3253 4896 ⁸⁸
3284 4857 3579 4931 πραγμάτων
3617 4843 3679 4940 μὶ

2208 4937 2626 5027 πολυκύμαντος
2651 4957 2891 5028 τάραχος
2913 4959 3006 5009 ἐπὶ
3025 4957 3132 5010 τῶν
3155 4955 3351 5025 καιρῶν
3371 4952 3458 5019 τῆς
3478 4937 3680 5028 βασιλεῖς

2206 5026 2435 5119 τούμοῦ
2481 5049 2688 5118 πατρὸς
2719 5026 3248 5119 συνελήλυθεν.’⁸Δμα
3276 5044 3376 5114 γὰρ
3410 5038 3528 5093 κατὰ
3545 5026 3679 5084 τιῦεδν

2207 5118 2888 5212 καιΣκιλθηςάποΒορρᾱς,
2904 5118 3008 5193 καὶ
3028 5141 3134 5193 ἀπὸ
3150 5140 3244 5206 τῆς
3265 5134 3504 5201 Ἐσπέρας
3522 5118 3678 5219 Κελτξυ

2209 5235 2301 5289 καὶ
2353 5234 2413 5298 ἐξ
2460 5232 2739 5286 ἀνατολῶν
2799 5232 3028 5303 Ἰσμαὴλ
3074 5232 3407 5300 ἐτετάρακτο,
3439 5218 3573 5291 χωρὶς
3604 5218 3677 5311 τςυν

2209 5326 2318 5380 ἀπὸ
2345 5325 2624 5394 θαλάσσης
2660 5323 2944 5386 κινδύνων,
2981 5324 3107 5377 ἄνευ
3143 5322 3245 5375 τῶν
3277 5313 3677 5398 θαλασσοκριξίξυν·

2141 5405 2184 5459 D
2212 5419 2698 5491 τω·θ’Βαρ6άρων,
2750 5418 2881 5472 ἄνευ
2938 5417 3048 5472 τῶν
3084 5407 3395 5484 πειρατικῶν
3439 5395 3675 5468 ἀναρίθμων

1346 5634 1351 5638 _
1610 5554 1812 5615 Variae
1847 5553 2160 5620 lectiones
2193 5575 2271 5618 ex
2299 5558 2439 5620 cod.
2480 5554 2746 5619 Coislin.
2780 5574 2785 5579 ·
3590 5624 3623 5639 ,,

587 5653 631 5685 ⁸²
671 5656 1017 5728 συνέκρουσε.
1110 5655 1155 5687 ⁸³
1192 5646 1492 5725 ἐπιπλοκὴν
1528 5657 1620 5709 καὶ
1668 5660 1992 5728 μοχθηρίαν.
2076 5662 2119 5695 ⁸³
2156 5661 2541 5717 Desuntvoccs
2578 5661 2672 5714 καὶ
2700 5657 2841 5713 οἴκοι
2873 5658 2966 5713 καὶ
2998 5657 3247 5730 θύραθεν.
3331 5648 3370 5681 ’⁸
3396 5636 3666 5711 δκλοῖπ⁰¹“⁹ί”

3838 2752 3845 2787 l

3838 2800 3847 2837 i

3838 2876 3847 2969 1
