3998 6206
387 261 524 328 1085

1647 263 2062 329 ALEXIADIS
2095 267 2245 329 LIB.
2277 271 2434 330 XIV.
2464 326 2468 333 .

3497 267 3633 330 1086

388 375 548 436 νεῶν,
591 372 658 438 ἃς
695 375 728 446 ἡ
763 375 871 428 τῶν
905 377 1237 448 Σαρακηνῶν
1271 379 1618 434 ὲτεκτόνευσε
1657 380 1842 451 μῆνις,
1892 379 1959 440 ἃς

2075 385 2132 438 rit
2162 383 2301 438 hanc
2339 383 2444 437 vim
2495 382 2874 437 inexhaustam
2932 379 3310 451 multiplicium
3361 378 3624 432 malorum

390 465 423 533 ἡ
453 463 560 514 τῶν
599 464 880 519 Οὒετόνων
927 469 1294 534 συνεπλὲξατο
1341 471 1649 536 πλεονεξία,
1687 472 1784 524 καὶ
1818 472 1963 524 κατὰ

387 556 489 624 τῆς
520 551 836 627 Ῥωμαῖκῆς
861 559 1137 628 βασιλείας
1163 562 1403 616 δύσνοιαο
1439 566 1532 618 καὶ
1556 564 1662 632 γὰρ
1690 563 1963 632 ἐποφθαλ-

393 649 535 719 μῶσι
589 652 790 714 πάντες
824 653 984 724 αὐτῇ.
1038 655 1202 708 Φύσει
1231 656 1340 728 γὰρ
1400 655 1535 711 οὖσα
1567 657 1817 719 δεσπότις
1853 656 1962 709 τῶν

389 739 564 792 ἄλλων
599 739 828 812 ἐθνῶνὴ
882 744 1129 813 βασιλεία
1181 746 1468 816 Ῥωμαίων
1519 745 1804 818 ἐχθρωδῶς
1850 747 1964 800 δια-

396 831 652 901 κείμενον
705 833 836 904 ἐχεικ
871 838 931 888 τὸ
961 837 1170 902 δοῦλον,
1227 840 1324 892 καὶ
1358 838 1578 894 ἐπειδὰν
1615 839 1964 909 ἐπιδράξαιτο

391 924 608 994 καιροῦ,
643 927 869 996 φέρεται
901 929 1057 993 ἄλλος
1084 931 1306 985 ἄλλοθεν
1334 934 1399 986 ὲκ
1425 933 1528 1002 γῆς
1569 932 1666 985 καὶ
1691 931 1965 1000 θαλάττης

390 1012 644 1078 ἕκαστος.
688 1017 852 1073 Ἀλλὰ
885 1021 954 1074 τὰ
1004 1023 1102 1092 μὲν
1151 1024 1416 1094 πρότερον
1457 1025 1552 1077 καὶ
1585 1023 1653 1078 τὰ
1707 1022 1809 1092 τῆς
1858 1019 1964 1090 πρὸ

388 1106 548 1175 ήμῶν
570 1106 846 1175 βασιλείας
898 1114 1238 1182 ἐλαφρότατα
1265 1111 1334 1186 ῆν
1363 1115 1454 1168 καὶ
1497 1113 1803 1183 κουφότερα
1829 1129 1844 1145 ο
1871 1113 1964 1165 ἐπὶ

389 1197 445 1249 δὲ
496 1199 699 1268 τούμοῦ
732 1202 937 1270 πατρὸς
960 1203 1075 1273 ἅμα
1105 1223 1163 1257 τε
1194 1205 1519 1276 ἐπιόεόἠκει
1563 1205 1655 1257 τοῦ
1682 1202 1961 1273 βασιλικοῦ

329 1366 348 1370 _
391 1285 660 1356 ἅρματος,
714 1292 806 1343 καὶ
853 1293 1013 1355 εὐθὺς
1063 1295 1526 1366 ἐπισυνέρρευσεν
1579 1295 1962 1364 ἁπανταχόθεν

391 1374 608 1426 ἅπαντα
661 1374 728 1427 τὰ
784 1377 952 1432 δεινά.
992 1381 1100 1434 Καὶ
1151 1384 1179 1434 ό
1230 1383 1435 1447 Κελτὸς
1491 1385 1798 1454 ἐκεκίνητο,
1868 1383 1964 1436 καὶ

392 1461 601 1514 ἐδείκνυ
623 1463 718 1516 τοῦ
743 1464 970 1536 δόρατος
998 1470 1096 1541 τὴν
1125 1472 1332 1542 ἀκμήν·
1368 1477 1461 1526 καὶ
1488 1474 1516 1526 ὀ
1554 1473 1778 1544 Ἰσμαὴλ
1808 1475 1961 1538 τόξον

390 1555 639 1619 ἐνέτεινε,
661 1557 751 1610 καὶ
785 1558 845 1611 τὸ
870 1561 1175 1632 Νομαδικὸν
1208 1564 1354 1618 ἅπαν
1375 1565 1526 1628 ἔθνος
1584 1567 1679 1618 καὶ
1702 1567 1964 1620 Σκυθικὸν

391 1645 542 1709 ὅλαις
593 1650 835 1717 ἀμάξαις
888 1656 1242 1724 παμμυρίαις
1298 1657 1615 1730 ἔπέϐρισεν.
1661 1658 1802 1711 Ἀλλ’
1835 1658 1965 1722 ἴσως

390 1755 492 1805 τις,
519 1741 746 1794 ἐνταῦθα
787 1743 880 1796 τοῦ
922 1744 1078 1824 λόγου
1135 1747 1424 1816 γενόμενος
1472 1748 1567 1802 καὶ
1624 1750 1964 1821 ἐντυγχάνων

391 1832 468 1904 τῷ
499 1835 911 1906 συγγράμματι,
944 1838 1344 1911 δεδεκασμένην
1391 1843 1534 1896 εῐποι
1569 1846 1636 1914 τῇ
1675 1846 1833 1913 φύσει
1866 1844 1964 1917 τὴν

389 1925 664 1993 γλῶσσαν.
706 1929 850 1996 Ἐγὼ
880 1930 934 1983 δὲ
965 1931 1024 1983 ού
1073 1934 1148 2002 μὰ
1201 1935 1327 1997 τοὺς
1362 1934 1456 1988 τοῦ
1514 1935 1780 2006 βασιλέως
1825 1937 1965 2009 ὑπὲρ

389 2020 489 2087 τῆς
539 2021 650 2074 τῶν
689 2021 978 2092 Ῥωμαίων
1029 2026 1379 2095 εὐδαιμονίας
1421 2028 1723 2094 κινδύνους,
1776 2029 1836 2081 οὐ
1891 2029 1968 2097 μὰ

391 2112 461 2164 τὰ
503 2113 595 2165 τοῦ
641 2115 847 2184 πατρὸς
897 2116 1191 2187 ἀθλήματα
1243 2119 1340 2171 καὶ
1387 2119 1484 2183 τὰς
1535 2122 1845 2190 συμφορὰς,
1900 2121 1966 2186 ἃς

393 2202 531 2272 ὑπὲρ
553 2204 662 2256 τῶν
683 2206 1028 2276 Χριστιανῶν
1057 2209 1373 2272 ἐπεπόνθει,
1402 2211 1502 2263 οὐκ
1532 2211 1709 2278 ἔγωγε
1738 2213 1965 2283 χαριζο-

399 2295 532 2364 μένη
558 2295 634 2362 τῷ
659 2296 774 2365 ἐμῷ
797 2299 962 2367 πατρὶ
985 2299 1052 2350 τὰ
1082 2300 1307 2354 τοιαῦτα
1333 2302 1427 2354 καὶ
1461 2301 1605 2370 λέγω
1631 2305 1723 2356 καὶ
1747 2304 1965 2374 γράφω.

393 2379 470 2435 Ἥ
504 2401 567 2447 γε
611 2385 658 2416 ⁸⁸
702 2388 796 2439 καὶ
827 2389 934 2456 ὅπη
979 2389 1073 2442 τὸν
1107 2392 1320 2461 πατέρα
1368 2393 1738 2464 σφαλλόμενον
1776 2395 1964 2464 ἴδοιμι,

398 2475 656 2542 ἄντικρυς
698 2479 794 2529 καὶ
844 2480 1171 2545 παραϐαίνω
1235 2484 1325 2534 τὸν
1365 2483 1531 2552 νόμον
1575 2484 1665 2536 τὸν
1714 2485 1965 2552 φυσικὸν,

395 2566 492 2617 καὶ
541 2568 639 2635 τῆς
671 2568 929 2636 ἀληθείας
973 2572 1256 2641 ὲξέχομαι,
1294 2575 1447 2642 φίλον
1496 2575 1597 2645 μὲν
1647 2578 1740 2629 καὶ
1775 2576 1968 2629 τοῦτον

393 2657 694 2729 ἡγουμένη,
757 2661 1014 2730 φιλτέραν
1050 2662 1105 2715 δὲ
1151 2661 1246 2731 τὴν
1281 2664 1540 2734 ἀλήθειαν
1574 2665 1792 2735 ἔχουσα.
1838 2667 1969 2735 Ἀμ-

393 2751 514 2816 φοίν
542 2749 650 2818 γὰρ
705 2752 879 2804 ὄντοιν
904 2754 1100 2823 φίλοιν,
1136 2755 1211 2818 ῶς
1251 2755 1352 2811 πού
1386 2774 1484 2819 τιςι
1519 2756 1622 2826 ἔφη
1656 2757 1965 2825 φιλόσοφος.

391 2841 690 2909 κράτιστον
719 2847 998 2915 προτιμᾷν
1035 2847 1136 2913 τὴν
1163 2847 1445 2917 ἀλήθειαν·
1480 2847 1616 2900 ἀλλὰ
1645 2851 1756 2912 τοῖς
1784 2848 1967 2918 πράγ-

396 2950 563 3000 μασιν
587 2936 774 2997 αὒτοῖς
795 2937 1256 3001 ὲπακολουθοῦσα,
1282 2941 1376 2992 καὶ
1402 2941 1538 3012 μήτε
1562 2937 1964 3012 προστιθεμένη

2065 490 2185 546 (μιξιῖ
2231 475 2424 530 deinde
2484 475 2534 527 iu
2587 483 2826 542 tempora
2880 473 2988 527 mei
3043 471 3217 541 patris
3273 469 3634 536 redundavit;

2064 569 2284 636 quando
2319 565 2462 620 velut
2503 565 2900 635 conspirantes,
2935 580 2962 616 a
3009 562 3376 632 septentrione
3406 560 3631 629 Scytha,

2065 659 2134 712 ab
2162 654 2618 728 occasu-Gallus,
2661 655 2733 709 ab
2787 663 2910 708 ortu
2966 652 3162 707 lsmael
3217 652 3270 704 in
3329 651 3633 704 Romanum

2065 750 2350 815 imperium
2382 748 2552 802 coorti
2585 757 2730 812 sunt,
2759 756 2819 800 ut
2845 746 3113 800 maritima
3151 744 3367 796 interim
3396 740 3634 809 pericula

2066 842 2294 906 sileam;
2330 841 2468 903 illas,
2503 841 2742 909 inquam,
2795 839 2931 893 mari
2983 835 3388 904 prmvalenlium
3434 833 3637 886 Barba-

2065 947 2248 986 rorum
2281 933 2538 1002 piraticas
2571 929 2995 984 innumerabiles
3040 942 3204 981 naves
3247 941 3384 996 quas
3438 924 3632 992 partim

2065 1038 2221 1083 vetus
2256 1028 2649 1084 Saracenorum
2683 1029 2736 1082 in
2767 1041 2867 1082 nos
2897 1025 3080 1078 odium
3115 1031 3167 1075 et
3211 1021 3394 1076 furens
3445 1019 3520 1071 ira
3563 1017 3641 1072 la-

2065 1121 2273 1178 bricata
2329 1131 2434 1190 est,
2485 1121 2680 1190 partim
2714 1118 2983 1174 Vetonnm
3040 1117 3291 1178 avaritia,
3346 1127 3447 1166 nec
3505 1112 3639 1164 satis

2067 1228 2300 1282 unquam
2353 1213 2690 1266 dissimulata
2743 1211 2798 1265 in
2853 1210 3158 1261 Romanum
3211 1205 3491 1271 imperium
3554 1202 3638 1254 in-

2065 1307 2206 1360 vidia
2238 1305 2562 1360 construxit.
2596 1303 2859 1371 Quoniam
2919 1301 3062 1355 enim
3116 1299 3358 1352 Romana
3411 1309 3496 1348 res
3559 1294 3641 1344 in-

2065 1397 2499 1466 veteratoljuris
2549 1413 2650 1451 usu
2700 1395 2996 1448 dominium
3045 1393 3098 1444 in
3149 1398 3335 1458 gentes
3370 1386 3471 1438 late
3509 1383 3639 1438 reli-

2068 1508 2205 1562 quas
2231 1492 2457 1554 obtinet,
2488 1497 2680 1545 natura
2716 1487 2772 1541 lit
2800 1496 2857 1539 ut
2886 1500 3004 1539 eam
3052 1482 3154 1536 illac
3188 1494 3376 1532 ou'mes
3407 1474 3640 1543 obliquis

2068 1585 2259 1638 limcnt
2291 1582 2494 1648 oculis;
2526 1590 2576 1635 et
2612 1577 2884 1634 communi
2918 1590 3065 1629 more
3095 1589 3156 1625 ac
3180 1569 3486 1624 conditione
3527 1581 3642 1620 ser-

2069 1676 2328 1730 vientium
2358 1671 2762 1727 dominantibus
2797 1683 3014 1734 semper
3046 1663 3408 1722 infensorum,
3439 1658 3639 1722 tacitis,

2072 1769 2117 1824 si
2149 1766 2290 1822 aliud
2324 1774 2614 1835 nequeunt,
2651 1769 2970 1817 aversentur
3009 1758 3168 1821 odiis,
3207 1755 3249 1808 si
3295 1754 3471 1819 aliqua
3519 1762 3642 1818 spes

2072 1860 2356 1923 affulserit,
2388 1862 2431 1914 si
2465 1859 2614 1912 locus
2651 1855 2863 1924 injuria:
2913 1849 3166 1921 patuerit,
3226 1845 3533 1899 facultatem
3583 1840 3637 1892 in

2071 1954 2360 2010 occasione
2392 1949 2616 2004 nocendi
2641 1946 2834 2015 cupide
2872 1944 2924 1998 in
2959 1957 3070 1996 rem
3098 1937 3378 1994 conferant
3404 1950 3420 1998 ;
3450 1941 3503 1985 et
3533 1944 3642 2000 qua

2071 2041 2368 2098 latrociniis
2403 2039 2690 2093 maritimis
2713 2053 2814 2106 qua
2849 2032 3203 2089 terrestribus
3236 2024 3644 2081 incursionibus

2072 2137 2126 2189 in
2171 2134 2286 2203 ejus
2322 2147 2418 2202 pro
2467 2147 2523 2185 se
2566 2144 2792 2198 qumque
2842 2132 3161 2195 grassentur
3218 2117 3466 2173 exitium.
3520 2112 3645 2166 Scio

2069 2200 2337 2295 periculis
2387 2217 2690 2274 istiusmodi
2746 2214 3017 2269 exercitos
3075 2208 3242 2262 fuisse
3303 2200 3641 2271 principatus

2071 2317 2233 2371 etiam
2265 2327 2451 2368 eorum
2479 2311 2566 2378 qui
2603 2319 2724 2362 ante
2783 2313 2986 2376 patrem
3033 2314 3212 2354 meum
3265 2293 3344 2348 rei
3390 2291 3648 2348 Romana:

2071 2409 2280 2461 clavum
2304 2411 2623 2460 tenuerunt.
2645 2400 2842 2454 Verum
2867 2395 3144 2449 levissima
3168 2391 3218 2442 in
3242 2382 3647 2454 comparatione

2070 2507 2386 2549 nostrorum
2417 2493 2587 2548 fuisse
2616 2491 2727 2554 illa,
2757 2499 2810 2541 et
2838 2487 2996 2552 longe
3041 2477 3404 2563 tolerabiliora
3437 2482 3642 2525 certum

2070 2595 2176 2643 est.
2212 2586 2385 2641 Simul
2437 2595 2613 2638 autem
2671 2573 2836 2633 mcus'
2877 2589 3072 2646 parens
3105 2583 3266 2625 curru
3319 2563 3466 2632 regio
3517 2575 3648 2613 con-

2070 2694 2264 2734 scenso
2296 2676 2538 2730 habenas
2569 2672 2732 2740 cmpit
2763 2667 2975 2738 imperii
3003 2665 3242 2722 ﬂectere,
3280 2657 3493 2711 irruunt
3520 2664 3649 2706 ecce

2072 2787 2133 2826 ac
2162 2770 2310 2824 velut
2342 2769 2469 2821 dato
2508 2765 2662 2834 signo
2715 2761 3020 2825 irrumpunt
3068 2753 3305 2826 undique
3358 2745 3516 2806 bella,
3565 2751 3651 2794 tu-

2072 2861 2297 2923 multus,
2334 2857 2471 2911 mala
2504 2870 2664 2911 omne
2699 2866 2888 2922 genus.
2924 2847 3137 2901 Etenim
3163 2851 3217 2897 et
3256 2839 3440 2894 Gallus
3469 2841 3650 2890 motus

2072 2953 2241 3005 hasta:
2271 2948 2547 3016 cuspidem
2572 2944 2810 3000 Ostendit
2835 2959 2849 3006 ;
2875 2953 2928 2994 et
2957 2936 3149 2993 lsmael
3179 2947 3361 2989 arcum
3397 2925 3646 2987 intendit,

391 3026 528 3095 παρ’
555 3028 802 3096 ἐμαυτῆς
831 3028 970 3099 μήτε
1004 3030 1336 3099 ὑφαιροῦσα,
1392 3034 1458 3086 τὰ
1490 3033 1841 3101 ξυμπεσόντα
1871 3037 1967 3087 καὶ

2075 3051 2123 3094 et
2168 3039 2452 3094 nomadica
2487 3036 2734 3090 universa
2777 3032 3101 3102 Scytharum
3137 3039 3290 3096 gens,
3336 3035 3429 3074 sua
3468 3018 3518 3069 in
3550 3027 3649 3067 nos

392 3115 536 3184 λέγω
589 3120 685 3173 καὶ¹
714 3121 930 3190 γράφω.
987 3125 1096 3177 Καὶ
1128 3125 1359 3192 ἐγγύθεν
1394 3127 1421 3178 ό
1476 3125 1733 3197 ἔλεγχος·
1768 3128 1828 3179 ού
1864 3128 1971 3197 γὰρ

395 3211 474 3273 εἰς
504 3213 792 3280 μυριοστὸν
814 3214 933 3277 ἔτος
955 3215 1142 3282 ἀνάγω
1167 3215 1228 3268 τὸ
1260 3196 1624 3286 σύγγραμμα.
1663 3217 1804 3271 Ἀλλ’
1835 3196 1972 3272 εἰσὶν

393 3301 593 3364 οἵτινες
645 3305 723 3365 είς
753 3305 852 3375 τὴν
883 3309 1124 3376 τήμερον
1183 3308 1466 3378 περιόντες
1501 3309 1595 3362 καὶ
1627 3309 1717 3362 τὸν
1751 3312 1964 3386 πατέρα

392 3393 486 3446 τὸν
515 3395 648 3462 ἐμὸν
669 3397 990 3462 ἐγνωκότες,
1019 3399 1115 3450 καὶ
1141 3399 1211 3451 τὰ
1238 3401 1362 3452 κατ’
1389 3400 1550 3453 αὑτὸν
1575 3401 1973 3470 ἀφηγούμενοι,

394 3485 488 3553 ἀφ’
510 3478 585 3538 ὧν
615 3489 710 3539 καὶ
731 3487 832 3541 οὐκ
863 3488 1021 3557 ὀλίγα
1047 3490 1145 3559 τῆς
1179 3491 1425 3561 ἱστορίας
1456 3492 1706 3545 ἐνταυθοῖ
1736 3494 1976 3564 συνηρά-

393 3595 566 3640 νιστο,
596 3579 771 3632 ἄλλων
798 3580 926 3634 ἄλλο
982 3599 1033 3634 τι
1063 3581 1442 3652 διηγουμένων
1475 3583 1570 3636 καὶ
1607 3584 1975 3653 μεμνημένων

393 3663 471 3726 ὧν
515 3671 746 3736 ἕκαστος
780 3674 960 3743 ἔτυχε,
1021 3675 1115 3728 καὶ
1151 3675 1370 3729 πάντων
1415 3676 1876 3744 ὁμοφωνούντων
1909 3677 1977 3730 τὰ

399 3765 500 3833 μὲν
529 3764 637 3836 γὰρ
673 3765 841 3819 πλείω
868 3766 964 3820 καὶ
995 3767 1156 3836 ἡμεῖς
1189 3767 1428 3837 συνῆμεν
1457 3769 1534 3837 τῷ
1572 3770 1740 3840 πατρὶ
1785 3771 1880 3821 καὶ
1909 3771 1972 3840 τῇ

399 3857 568 3925 μητρὶ
600 3856 986 3925 συνειπόμεθα.
1017 3858 1089 3909 Ού
1112 3858 1218 3927 γὰρ
1239 3852 1307 3929 ἦν
1342 3859 1401 3911 τὸ
1431 3859 1699 3929 ἡμέτερον
1732 3859 1976 3913 τοιοῦτον

395 3946 510 4004 οἷον
543 3954 856 4024 οἰκουρικὸν
893 3957 985 4007 καὶ⁸
1017 3954 1120 4007 ὑπὸ
1155 3957 1319 4008 σκιὰν
1350 3956 1444 4008 καὶ
1496 3957 1710 4026 τρυφὴν
1746 3957 1975 4026 στρεφό-

401 4060 584 4113 μενονο
617 4045 729 4098 ἀλλ’
761 4048 859 4115 ἐμὲ
896 4049 1004 4117 γὰρ
1047 4047 1106 4110 ἐξ
1155 4047 1333 4101 αὐτῶν
1392 4048 1720 4118 σπαργάνων
1752 4047 1976 4117 (ὄμνυμι

395 4137 489 4188 τὸν
524 4138 768 4208 ἐμαυτῆς
803 4139 936 4191 Θεὸν
968 4141 1064 4192 καὶ
1095 4138 1192 4208 τὴν
1251 4139 1462 4192 ἐκείνου
1498 4139 1776 4210 Μητέρα,)
1825 4141 1979 4192 πόνοι

401 4230 495 4281 καὶ
531 4229 739 4298 θλίψεις
786 4230 1098 4300 παρέλαϐον
1151 4233 1244 4283 καὶ
1279 4233 1563 4302 συμφοραὶ
1596 4235 1862 4301 συνεχεῖς,
1920 4233 1977 4284 αί

406 4324 504 4391 μὲν
539 4323 759 4388 ἔξωθεν,
791 4327 844 4376 al
877 4325 934 4377 δὲ
956 4324 1188 4377 οἴκοθεν.
1215 4324 1296 4378 Τὰ
1326 4325 1428 4394 μὲν
1458 4325 1566 4393 γὰρ
1599 4324 1694 4378 τοῦ
1721 4324 1979 4395 σώματος

399 4417 685 4482 ὀποδαπῶς
714 4415 861 4489 εἶχον
895 4419 994 4472 οὐκ
1031 4419 1095 4471 ἂν
1127 4418 1362 4488 εἴποιμι,
1385 4419 1696 4488 λεγέτωσαν
1724 4419 1780 4471 δὲ
1804 4416 1979 4473 ταῦτα

400 4511 450 4561 οἱ
488 4511 614 4580 περὶ
643 4510 742 4581 τὴν
769 4513 1160 4576 γυναικωνῖτιν
1190 4511 1285 4563 καὶ
1317 4511 1796 4573 καταλεγέτωσαν·
1830 4511 1898 4562 τὰ
1924 4510 1981 4562 δὲ

403 4603 603 4668 ἔξωθεν
636 4604 730 4655 καὶ
753 4605 854 4655 ὅσα
889 4622 978 4673 μοι
1017 4603 1432 4657 συνεπεπτώκει
1465 4603 1617 4656 οὔπω
1663 4605 1753 4656 τὸν
1795 4603 1982 4670 ὄγδοον

404 4697 790 4770 ὑπερελασὰεῃ
819 4697 1032 4764 χρόνον,
1062 4696 1159 4749 καὶ
1200 4697 1360 4760 ὅσους
1389 4695 1620 4766 ἐχθροὺς
1663 4696 1696 4766 ἠ
1733 4695 1840 4748 τῶν
1885 4697 1983 4749 ἀν-

404 4787 636 4855 θρώπων
671 4806 762 4857 μοι
810 4790 974 4841 κακία
1008 4787 1450 4857 παρεΰλάστησε,
1485 4788 1585 4857 τῆς
1633 4787 1982 4854 Ἰσοκράτους

405 4879 660 4949 Σειρῆνος
694 4882 890 4944 δεῖται,
914 4883 1012 4948 τῆς
1045 4881 1378 4951 Πινδαρικῆς
1413 4881 1858 4948 μεγαλοφωνίας,
1889 4879 1983 4932 τοῦ

407 4972 724 5040 Πολέμωνος
777 4971 989 5043 ῥοίζου,
1035 4973 1132 5042 τῆς
1175 4970 1478 5040 Ὁμηρικῆς
1514 4969 1856 5036 Καλλιόπης,
1889 4970 1987 5040 τῆς

407 5063 693 5132 Σαπφικῆς
726 5063 918 5133 λύρας,
953 5064 984 5132 ἦ
1015 5079 1160 5124 τινος
1199 5060 1368 5126 ἄλλης
1393 5060 1558 5128 παρὰ.
1588 5060 1794 5121 ταύτας
1823 5059 1984 5112 δυνά-

409 5171 572 5220 μεως.
595 5157 762 5208 Οὐδὲν
792 5158 901 5225 γάρ
929 5159 1046 5208 ἐστι
1073 5157 1182 5207 τῶν
1205 5154 1398 5208 δεινῶν
1429 5154 1490 5205 ού
1524 5152 1746 5221 μικρὸν,
1770 5151 1830 5204 ού
1859 5153 1984 5220 μεῖ-

405 5246 517 5308 ζον,
548 5245 648 5298 οὐκ
680 5246 932 5314 ἐγγύθεν,
971 5249 1028 5300 οὒ
1065 5243 1420 5318 πορρωτέρω,
1447 5242 1474 5294 ὃ
1523 5241 1598 5314 μὴ
1632 5242 1795 5303 εὐθὺς
1843 5241 1977 5294 ἐπέ-

405 5337 561 5404 ϐρισε
596 5339 719 5390 καθ’
783 5339 958 5409 ήμῶνυ
1018 5339 1108 5391 καὶ
1161 5337 1294 5406 δῆτα
1336 5335 1432 5388 καὶ
1467 5334 1738 5403 ὑπερέσχε
1789 5333 1982 5402 σαφῶς

403 5431 465 5480 τὸ
514 5430 832 5484 κλυδώνιον·
865 5433 962 5484 καὶ
1009 5432 1197 5485 ἔκτοτε
1232 5431 1325 5484 καὶ
1373 5429 1539 5500 μέχρι
1581 5427 1677 5479 τοῦ
1729 5426 1849 5493 νῦν,
1885 5426 1980 5479 καὶ

2079 3132 2167 3184 illa
2204 3131 2441 3198 plaustra
2470 3127 2648 3181 omnia
2700 3118 3113 3176 innumerabilia
3142 3112 3398 3169 devolvit.
3439 3108 3652 3162 Prmoca

2076 3221 2322 3291 cupanda
2354 3219 2482 3272 tnibi
2518 3217 2618 3270 hoc
2645 3215 2762 3268 loco
2791 3221 2875 3266 est
2908 3209 3146 3277 suspicio
3194 3202 3411 3258 lectoris
3455 3199 3649 3267 opina-

2079 3317 2179 3370 turi
2208 3315 2344 3367 forte
2375 3313 2501 3367 dum
2541 3311 2655 3363 hate
2692 3305 2835 3374 leget
2875 3302 2940 3355 ad
2986 3297 3214 3368 gratiam
3260 3291 3498 3348 scribere
3540 3301 3652 3352 me,

2077 3418 2132 3465 et
2163 3408 2399 3475 linguam
2436 3401 2556 3454 filiae
2591 3406 2696 3450 tam
2739 3392 2916 3460 ampla
2963 3391 3030 3443 de
3072 3396 3223 3454 patre
3272 3378 3650 3441 memorantis,

2079 3499 2212 3554 nihil
2250 3494 2354 3550 nisi
2405 3490 2632 3545 naturali
2683 3485 2888 3542 servire
2934 3477 3188 3535 charitati
3236 3476 3351 3530 sine
3402 3480 3649 3541 respectu

2077 3589 2346 3646 veritatis.
2379 3585 2497 3638 Non
2525 3581 2598 3634 ita
2625 3588 2737 3642 est;
2767 3592 2894 3637 non,
2927 3589 3020 3642 per
3055 3571 3172 3623 illas
3203 3569 3350 3636 ipsas
3376 3575 3650 3619 aerumnas

2078 3680 2435 3752 periculorum
2470 3687 2603 3742 quas
2636 3685 2730 3739 pro
2758 3666 3020 3720 felicitate
3047 3661 3305 3714 Romana:
3339 3653 3652 3723 reipublicae

2079 3772 2278 3846 pacisci
2307 3779 2582 3847 nti-nquam
2615 3757 2887 3816 recusavit
2915 3755 3185 3825 Augustus
3225 3764 3374 3803 meus
3421 3760 3649 3815 parens;

2080 3835 2209 3928 non,
2240 3877 2335 3932 per
2362 3837 2604 3928 ejusdem
2639 3861 2713 3905 tot
2765 3849 2850 3903 illa
2888 3844 3208 3906 certamina,
3260 3841 3381 3895 illas
3432 3835 3656 3892 calami-

2084 3970 2241 4021 tates,
2273 3968 2408 4024 quas
2457 3964 2553 4019 pro
2602 3941 2925 4000 Christianis
2963 3939 3127 3994 subiit
3156 3943 3334 4003 ,‘atque
3367 3941 3656 4001 perpessus

2081 4055 2195 4110 cst;
2229 4022 2354 4106 non,
2417 4041 2661 4107 inquam,
2716 4048 2819 4085 non
2870 4030 2983 4082 ha'c
3031 4043 3129 4096 ego
3177 4022 3488 4096 gratiﬁcans
3538 4032 3656 4071 meo

2080 4136 2221 4208 patri
2255 4136 2446 4202 loquor
2480 4137 2570 4180 aut
2597 4125 2796 4180 scribo.
2827 4121 2966 4187 Quin
3003 4118 3180 4187 potius
3209 4113 3382 4170 sicubi
3434 4109 3659 4165 halluci-

2081 4239 2266 4285 natum
2314 4235 2526 4277 errasse
2575 4228 2776 4287 patrem
2820 4214 2999 4276 video,
3061 4226 3164 4263 non
3214 4203 3518 4270 dissimulo,
3552 4217 3657 4255 non

2083 4335 2278 4392 parco;
2334 4331 2433 4370 nec
2490 4314 2720 4380 migrare
2785 4317 2989 4361 naturae
3038 4302 3211 4370 legem
3264 4299 3468 4356 dubito,
3530 4295 3654 4346 dum

2086 4385 2266 4485 partes
2300 4408 2496 4478 impleo
2528 4403 2684 4458 ollicii
2716 4399 2973 4468 suscepti.
3008 4392 3229 4448 Veritati
3284 4390 3533 4443 nimirum
3567 4385 3656 4438 uni

2082 4508 2283 4565 haereo,
2333 4514 2492 4553 unam
2543 4496 2712 4549 miror
2767 4501 3096 4558 sequorque,
3161 4492 3272 4536 tota
3332 4495 3398 4534 ex
3448 4490 3554 4529 una
3595 4489 3657 4527 ea

2081 4589 2547 4666 pendeolAmicus
2575 4584 2761 4650 utique
2785 4587 3064 4646 estpater,
3091 4583 3143 4626 at
3180 4571 3404 4624 amicior
3429 4567 3658 4632 veritas;

2083 4657 2209 4741 nam
2244 4657 2589 4738 in'conllictu
2618 4674 2930 4733 aﬂectuum,
2960 4675 3390 4736 quantacumque
3424 4657 3660 4712 necessi—

2089 4776 2261 4833 tttdini
2287 4769 2654 4839 comparanda
2707 4762 2908 4824 veniat,
2956 4758 3040 4812 fas
3090 4769 3306 4823 semper
3337 4766 3661 4820 mquumque

2088 4881 2171 4925 est
2204 4865 2498 4938 prmvalere
2527 4856 2877 4931 prazl‘errique
2913 4850 3220 4910 veritatem,
3259 4854 3319 4899 ut
3366 4853 3516 4898 recte
3564 4843 3662 4895 ali-

2089 4963 2210 5034 quis
2239 4955 2590 5030 philosoltbus
2640 4948 2842 5004 docuit.
2872 4945 2986 4998 Hac
3027 4956 3127 5008 ego
3162 4953 3349 4993 norma
3402 4937 3659 5005 scriptio-

2091 5029 2210 5109 uem
2241 5029 2409 5122 rego,
2465 5060 2645 5101 rerum
2692 5041 2912 5110 vestigia
2962 5046 3230 5106 gestarum
3284 5032 3336 5086 in
3385 5029 3659 5084 narrando

2087 5162 2320 5215 sequens
2354 5133 2374 5197 τ’
2406 5139 2542 5196 nihil
2577 5135 2790 5206 ingenio
2819 5140 3032 5198 meopte
3072 5129 3299 5198 (ingens,
3351 5124 3487 5178 nihil
3532 5122 3656 5175 odio

2086 5239 2330 5292 studiove
2352 5234 2554 5287 addens
2574 5239 2667 5283 aut
2688 5224 3036 5294 subtrahens.
3061 5221 3188 5285 Quae
3210 5232 3338 5273 vere
3361 5215 3654 5282 contigere,

2092 5347 2194 5385 non
2231 5342 2350 5395 quae
2378 5323 2503 5393 litigi
2532 5331 2752 5391 potuere
2786 5315 3066 5371 commode
3097 5312 3198 5366 ntei
3246 5311 3379 5363 duco
3411 5303 3654 5356 muneris

2090 5421 2233 5492 loqui
2250 5390 2314 5475 et
2342 5390 2618 5475 scribere;
2669 5411 2736 5465 ab
2764 5410 2866 5465 hac
2899 5409 3000 5464 lida
3054 5410 3094 5461 si
3149 5400 3360 5461 delicio,
3390 5390 3555 5463 M6
3601 5391 3652 5443 in

1424 5585 1623 5648 Variae
1656 5583 1964 5648 lectiones
1999 5601 2076 5646 ex
2112 5579 2254 5642 cod.
2319 5573 2596 5637 Coislin.

459 5714 502 5746 “
521 5718 565 5768 εί
589 5714 669 5769 δέη
