3998 6206
432 258 568 327 1087
1733 252 1957 315 ΑΝΝᾸΞ
1988 253 2034 314 (Ἰ

2138 252 2197 311 ΣΝ
2210 250 2378 310 ΕΝίΕ
3518 246 3632 307 1088

425 384 700 442 promptu,
748 375 802 428 in
832 373 1029 427 ‘viciuo
1065 380 1148 426 est
1198 370 1345 424 unde
1394 366 1605 437 possint
1648 380 1738 420 rea
1790 363 2034 423 fraudis,

2138 362 2300 432 ,ἐχρις
2330 351 2392 412 οὗ
2428 357 2489 411 τὸ
2524 357 2869 429 σύγγραμμα
2895 355 3049 409 τουτὶ
3081 353 3281 425 γράφω
3314 354 3347 425 ἡ
3375 353 3475 407 τῶν
3521 373 3639 425 συμ-

426 465 635 534 peragi.
670 463 785 517 Non
828 466 974 517 enim
1059 462 1112 515 in
1176 460 1358 514 decies
1416 457 1760 511 millesimum
1811 453 2008 509 abhinc

2138 453 2299 520 ρορῶν
2330 449 2703 519 ἐμπορεύεται
2740 465 2830 517 μοι
2860 447 3128 511 θάλασσα,
3182 447 3277 499 καὶ
3306 446 3433 498 ἄλλα
3462 448 3536 498 ἐπ’
3561 448 3641 499 ἆλ-

428 570 628 607 annunt
667 553 979 618 scriptionis
1007 560 1151 605 retro
1184 550 1342 616 hujus
1392 556 1765 618 argumentum
1794 545 2002 611 refero;

2138 540 2225 606 ζοις
2252 541 2458 594 καταλα
2471 539 2666 609 μϐἁνει
2692 539 2761 591 τὰ
2793 539 3038 607 κύματα.

429 646 613 699 habito
643 648 692 696 in
729 644 983 697 mento-ia
1026 644 1314 710 pra-senti;
1347 658 1433 696 res
1466 656 1628 694 narro
1676 640 1775 692 sttb
1812 639 1985 693 oculis
2018 647 2196 707 gestas
2228 636 2443 688 testium
2499 636 2675 687 adbuc
2737 634 3110 700 superstitum.
3181 629 3372 683 Vivont
3418 627 3647 694 hodieque

435 738 523 803 qui
554 752 729 788 meum
760 735 1034 797 viderunt,
1077 743 1403 803 cognorunt,
1452 732 1666 801 penitus
1712 737 2104 797 perspexernnt
2133 736 2375 796 patrem;
2408 724 2499 792 qui
2568 736 2653 776 res
2717 723 2833 791 ejus
2877 730 2931 775 et
2969 720 3333 774 meminerunt
3367 729 3418 769 ct
3452 720 3643 784 loquun-

431 842 516 881 tttr
569 832 764 881 adhuc.
823 826 1027 880 Horum
1091 843 1189 895 ego
1243 842 1467 881 vererer
1516 824 1909 879 conscientiam
1957 821 2002 877 si
2046 820 2326 885 fallereml';
2380 834 2519 871 nunc
2553 825 2729 869 metus
2756 816 2932 869 nullus
3005 824 3083 867 est
3133 828 3200 867 ne
3271 815 3648 880 reprehensores

427 939 520 977 eos
557 939 668 974 mea
708 925 907 976 sentiat
940 924 1179 975 narratio
1208 936 1344 989 quos
1372 930 1622 973 auctores
1674 919 1726 972 in
1758 933 1862 971 non
1919 915 2107 985 paucis
2171 928 2235 967 ac
2294 912 2487 966 fundos
2564 912 2763 967 habere
2814 909 3095 979 gloriatur.
3148 905 3385 959 Cernere
3440 905 3649 961 videlicet

429 1029 523 1079 per
555 1028 639 1065 me
677 1014 858 1067 omnia
889 1023 942 1065 et
972 1028 1306 1083 cognoscere
1340 1028 1444 1066 non
1482 1012 1664 1079 potui;
1699 1011 1872 1079 qua're
1936 1008 2180 1062 defectus
2210 1004 2635 1073 _observationis
2689 1002 2915 1056 oculata:
2981 998 3314 1070 supplendos
3360 1000 3409 1051 in
3464 999 3651 1066 quibus-

429 1107 548 1159 dam
589 1105 690 1160 fuit
720 1110 996 1161 auditione
1038 1108 1196 1161 alieni
1249 1107 1568 1168 testimonii,
1630 1107 1682 1160 in
1750 1120 1857 1174 quo
1929 1113 1985 1157 et
2049 1102 2318 1157 delectum
2375 1112 2428 1154 et
2480 1098 2744 1169 judicium
2794 1097 3037 1160 adhibui,
3092 1103 3152 1149 ut
3208 1109 3301 1147 eos
3351 1090 3648 1158 potissmium

432 1211 647 1267 quaque
683 1200 748 1252 de
808 1214 869 1253 re
914 1199 1216 1252 audiendos
1252 1199 1527 1262 ducerem,
1580 1197 1671 1264 qui
1726 1205 1779 1250 et
1832 1194 2035 1263 alioqui
2090 1209 2283 1264 graves
2314 1201 2370 1246 et
2406 1192 2479 1246 rei
2513 1190 2684 1244 eidem
2733 1191 2861 1243 dum
2908 1193 3195 1257 gereretur
3252 1191 3531 1250 praesentes
3576 1183 3654 1230 ad-

431 1285 695 1355 fuissent;
717 1299 769 1340 et
800 1290 1087 1342 multorum
1114 1291 1297 1344 talium
1327 1300 1581 1359 exceptas
1605 1288 1994 1342 aﬂlrmationes
2029 1299 2403 1355 compararem
2460 1283 2575 1351 ipsa
2636 1281 2890 1343 invicem,
2924 1277 3252 1343 collatisque
3298 1288 3360 1328 ac
3406 1285 3655 1342 coagmen-

433 1379 560 1429 tatis
592 1380 641 1429 in
678 1395 840 1432 unum
880 1395 998 1449 quae
1034 1396 1062 1433 a
1114 1380 1343 1450 singulis
1380 1393 1725 1448 acceperam,
1773 1378 1875 1431 hoc
1906 1392 2004 1447 pro
2045 1375 2315 1432 constanti
2359 1375 2614 1428 haberem
2655 1372 2798 1441 quod
2846 1384 3118 1424 consensu
3201 1366 3441 1423 omnium
3508 1364 3654 1417 firma-

432 1466 609 1522 batur.
642 1469 763 1521 ιιρυ
799 1472 862 1524 de
890 1471 992 1525 fide
1020 1487 1199 1541 rerum
1232 1488 1368 1541 quas
1404 1471 1640 1524 llistoria
1668 1470 1782 1524 haec
1811 1484 1950 1532 mea,
1983 1484 2070 1524 me
2095 1469 2340 1531 absente,
2370 1475 2553 1535 gestas
2580 1474 2862 1519 memorat.
2887 1462 2977 1516 Ea:
3007 1475 3177 1530 porro
3201 1474 3310 1513 non
3337 1458 3467 1511 adeo
3509 1456 3655 1509 multa

433 1569 583 1614 sunt.
616 1559 708 1613 Fui
747 1566 889 1616 enim
943 1581 1063 1618 cum
1117 1532 1268 1633 patre
1311 1579 1435 1618 meo
1490 1563 1713 1633 perdiu;
1772 1574 2000 1617 matrem
2024 1578 2257 1632 quoque,
2300 1576 2407 1631 quo
2450 1574 2506 1614 se
2544 1560 2633 1613 illa
2663 1572 2878 1627 cunque
2950 1554 3142 1619 ferret,
3195 1552 3452 1607 assectari
3508 1550 3652 1614 solita,

433 1668 860 1710 teruntnusarnm
921 1661 1087 1713 etiam
1138 1662 1353 1717 illarum
1406 1672 1569 1731 atque
1636 1664 1993 1719 castrensium
2051 1662 2325 1716 individua
2374 1657 2870 1730 peregrinationum
2919 1667 3127 1708 comes.
3180 1649 3388 1704 Etenim
3438 1663 3530 1700 non
3594 1642 3654 1696 uti

436 1747 548 1801 fere
582 1767 678 1801 usu
701 1751 845 1803 venit
869 1755 1079 1808 caneris
1106 1757 1301 1810 summi
1335 1758 1438 1811 loci
1472 1773 1535 1812 ac
1556 1759 1774 1825 generis
1799 1758 2015 1828 pueUis,
2058 1757 2128 1810 ita
2165 1756 2295 1809 mibi
2332 1768 2549 1823 quoque
2577 1754 2628 1805 in
2664 1751 2851 1804 umbra
2888 1759 3051 1815 atque
3110 1747 3166 1798 in
3255 1743 3457 1799 deliciis
3489 1740 3652 1794 nutriri

436 1844 686 1909 Conligit,
729 1844 827 1896 sub
858 1857 1049 1914 operto
1079 1848 1245 1913 aprici
1319 1851 1468 1906 laris.
1542 1851 1646 1906 Sed
1704 1868 1789 1906 me
1838 1850 1907 1905 ab
1955 1850 2087 1918 ipsis
2118 1848 2458 1902 incunabulis
2519 1850 2735 1915 (testem
2796 1842 2925 1896 dicti
2990 1840 3209 1909 appello
3264 1836 3427 1888 Deum
3488 1849 3653 1897 meum,

438 1933 713 2001 ipsiusque
746 1934 992 2004 Matrem)
1040 1938 1273 2004 labores,
1324 1939 1686 2005 incommoda,
1738 1956 1995 1997 aerumnae
2055 1941 2175 1995 alia;
2241 1955 2307 1994 ex
2369 1939 2488 1992 aliis
2527 1949 2811 2004 excepere,
2845 1934 3037 2001 partim
3069 1933 3410 1986 extrinsecus
3435 1928 3653 1997 appulsze,

437 2032 634 2098 partim
660 2046 723 2084 ex
758 2032 1068 2086 domesticis
1096 2043 1228 2087 orta:
1258 2036 1560 2106 principiis.
1600 2037 1732 2090 bam
1787 2052 2012 2106 corpore
2052 2047 2111 2089 ut
2144 2034 2431 2098 valuerim,
2463 2047 2732 2101 quamque
2764 2031 2948 2085 multis
2983 2043 3047 2083 ac
3068 2027 3327 2096 gravibus
3389 2025 3495 2092 jam
3564 2034 3656 2076 tum

437 2122 674 2174 exercita
707 2124 808 2177 sint
865 2127 1071 2178 morbis
1120 2129 1368 2194 equidem
1426 2130 1538 2199 ipsa
1595 2147 1698 2183 non
1741 2130 2014 2195 referam;
2060 2137 2361 2183 memorent
2424 2142 2518 2180 eos
2548 2137 2602 2179 et
2660 2134 2981 2179 enumerent
3012 2123 3047 2175 ii
3084 2122 3179 2190 qtti
3231 2119 3382 2173 nobis
3407 2134 3469 2171 ex
3507 2115 3655 2170 officio

440 2211 492 2264 itt
521 2216 666 2279 regio
692 2230 944 2284 gynaeceo
995 2217 1394 2274 ministrarunt.
1446 2220 1539 2275 llis
1564 2221 1724 2290 igitur
1762 2222 2002 2282 omissis,
2047 2235 2113 2274 ne
2138 2230 2361 2273 externa
2391 2217 2609 2288 quidem
2640 2231 2739 2285 ego
2781 2216 2867 2269 illa
2903 2214 3043 2282 potis
3107 2226 3230 2266 sum
3297 2209 3537 2276 exsequi;
3583 2214 3649 2266 vel

441 2315 561 2366 qna!
586 2304 808 2358 adversa
840 2305 1128 2359 inciderint
1177 2310 1228 2360 in
1301 2323 1413 2365 me,
1455 2312 1689 2363 nondum
1768 2325 1929 2377 supra
2011 2321 2262 2363 octavum
2295 2318 2536 2361 evectam
2574 2308 2749 2360 astatis
2781 2322 3016 2369 annum;
3058 2304 3148 2358 vel
3199 2316 3334 2371 quos
3364 2315 3424 2354 ac
3470 2309 3659 2367 quantos

443 2392 723 2446 hominum
757 2396 957 2447 malitia
990 2397 1040 2448 in
1072 2412 1157 2452 me
1182 2398 1433 2454 inimicos
1462 2400 1837 2453 concitaverit.
1869 2397 2015 2468 Opus
2051 2399 2116 2451 ad
2154 2399 2205 2451 iti
2232 2396 2450 2466 quidem
2486 2395 2650 2449 fuerit
2686 2395 2878 2449 Sirene
2912 2393 3199 2456 Isocratis,
3245 2388 3657 2455 magniloquentia

444 2484 686 2546 Pindari,
734 2493 972 2539 torrente
996 2485 1303 2543 Polemonis
1343 2491 1393 2542 in
1444 2491 1670 2543 dicendo
1718 2489 1886 2555 fluxu,
1948 2491 2185 2559 denique
2217 2488 2534 2553 illomerica
2599 2486 2862 2540 munditie
2910 2500 2973 2538 ac
3021 2487 3205 2536 nitore
3274 2480 3525 2543 dictionis,
3586 2494 3660 2537 aut

444 2576 546 2628 alia
585 2575 835 2643 quapiaut
887 2579 952 2630 ad
998 2577 1130 2631 istas
1178 2580 1468 2635 accedente
1519 2580 1796 2636 facultate.
1873 2580 2025 2635 Nulla
2069 2583 2212 2636 enim
2274 2579 2483 2649 species
2521 2578 2676 2651 .mali
2714 2589 2819 2639 est,
2878 2578 3052 2646 parvi,
3116 2576 3356 2651 majoris,
3405 2572 3659 2642 longinquis

444 2667 739 2737 proprioris
773 2669 914 2736 quod
954 2684 1036 2723 me
1064 2671 1243 2724 subito
1270 2670 1515 2726 incidens
1542 2689 1644 2725 non
1677 2674 2009 2741 Oppresserit
2048 2673 2345 2740 improviso
2371 2671 2627 2741 pondere.
2660 2673 2735 2723 Ac
2760 2670 3005 2722 videlicet
3033 2668 3337 2731 (fatendum
3395 2681 3471 2722 est
3519 2661 3658 2729 enim)

448 2770 741 2829 tempestas
769 2761 1056 2831 praevalet;
1089 2772 1143 2816 et
1180 2779 1371 2817 navem
1388 2774 1444 2818 et
1485 2775 1657 2818 artem
1719 2765 2072 2836 gubernantis
2112 2764 2220 2819 alte
2253 2763 2433 2818 obruit
2462 2764 2604 2818 unda
2655 2776 3024 2829 exsuperans;
3102 2777 3206 2818 nec
3255 2763 3373 2816 linis
3411 2773 3494 2816 aut
3540 2764 3661 2829 quies

447 2854 577 2909 ulla.
616 2855 754 2908 Idem
809 2869 953 2908 nunc
1016 2871 1232 2923 quoque
1276 2866 1588 2924 perseverat
1622 2859 1714 2924 qui
1764 2869 1875 2910 tum
1932 2855 2034 2909 fttit
2080 2859 2201 2909 vitae
2226 2864 2379 2909 tenor
2437 2863 2492 2908 et
2556 2854 2811 2907 miserias.
2862 2853 3028 2921 Urget
3071 2868 3251 2923 usque
3294 2855 3358 2906 ad
3406 2866 3658 2909 extremum

450 2942 661 2999 fortuna
697 2947 836 3014 quod
868 2946 1032 3010 erepit
1062 2958 1078 3003 :
1111 2954 1163 2999 et
1196 2961 1280 2999 me
1318 2962 1460 3000 nunc
1500 2964 1620 3001 cum
1687 2949 1925 3002 maxime
1962 2948 2077 3001 haec
2148 2948 2289 3013 ipsa’
2335 2948 2682 3003 meditantem
2760 2945 3141 3000 calamitatum
3222 2961 3368 3000 ntarc
3434 2947 3658 3014 quoddam

449 3045 758 3088 exaestuans
779 3034 899 3086 aliis
926 3050 1087 3101 super
1109 3034 1243 3088 alios
1270 3035 1745 3092 effervescentibus
1772 3038 2015 3091 incursat
2047 3036 2318 3090 fluctibus.

529 3124 636 3179 Sed
698 3137 939 3179 torrente
995 3127 1140 3179 velut
1197 3130 1433 3196 quodam
1489 3128 1722 3181 cladium
1785 3144 2024 3183 mearum

2214 3128 2373 3181 Ἀ).λᾶ
2392 3129 2500 3197 γὰρ
2522 3127 2711 3181 ἔλαθον
2735 3127 2815 3189 εὶς
2837 3126 3206 3197 τὰςὲμαυτῆς
3229 3129 3503 3198 συμφορὰς
3517 3144 3662 3193 παρα-

454 3217 615 3287 longe
646 3218 921 3284 abreptam
950 3217 1016 3272 de
1062 3219 1313 3272 instituto
1357 3234 1519 3273 cursu
1568 3221 1835 3276 orationis
1877 3222 2029 3287 quasi

455 3327 650 3367 navem
710 3328 850 3367 nunc
908 3316 1121 3367 domum
1181 3317 1378 3372 sentio.
1433 3314 1549 3369 Non
1612 3316 1810 3370 frustra
1871 3317 1924 3370 id
1976 3317 2032 3370 in

461 3414 693 3457 mentem
751 3405 998 3471 venerit;
1049 3409 1374 3475 retorquebo
1436 3408 1736 3477 impetum,
1800 3408 2026 3478 dirigam

458 3495 743 3563 remigium
796 3496 849 3550 in
896 3498 1152 3551 adversas
1190 3499 1385 3563 undas,
1420 3500 1714 3568 corripiant
1769 3501 2034 3557 tranando

464 3589 698 3642 medium
748 3591 1002 3658 spatium,
1035 3591 1348 3659 redditaque
1402 3594 1520 3646 loco
1553 3597 1693 3648 unde
1749 3595 1854 3649 buc
1904 3595 2035 3650 sub-

460 3677 646 3746 lapsus
711 3682 830 3734 sine
873 3696 1035 3735 sensu
1091 3683 1263 3750 stylus
1312 3682 1612 3746 effluxerat.
1651 3701 1921 3740 resumam
1979 3686 2031 3740 in

464 3784 655 3824 manus
687 3771 826 3838 quod
855 3780 1087 3826 tractare
1111 3779 1813 3844 argumentnmgcmperam;
1851 3779 2034 3831 etlam-

470 3876 573 3926 que
596 3863 789 3929 quilms
818 3865 1134 3917 auctoribus
1162 3864 1441 3919 didicerim
1469 3882 1587 3935 quae
1635 3868 1757 3921 huic
1787 3867 2034 3924 Historia

469 3953 736 4006 mandavi.
762 3953 1017 4019 Quaedam
1039 3956 1199 4023 igitur
1225 3971 1432 4025 eorum,
1459 3968 1516 4012 ιιι
1537 3960 1801 4023 dicebam,
1826 3977 1892 4016 ex
1916 3977 2034 4017 mea

465 4040 635 4107 ipsius
692 4043 846 4096 hausi
904 4044 1201 4108 memoria,
1255 4049 1610 4114 praesentibus
1672 4065 1702 4102 a
1765 4066 1851 4105 me
1904 4052 2033 4106 olim

462 4130 624 4200 447
654 4143 904 4197 usurpata
932 4135 1199 4189 sensibus.
1238 4135 1400 4189 Bellis
1429 4153 1559 4193 vero
1582 4154 1644 4193 ac
1677 4141 1879 4208 prmliis
1909 4144 2033 4212 quia

467 4236 573 4274 non
632 4221 870 4288 interfui,
905 4239 1024 4291 qua:
1077 4240 1173 4293 per
1225 4240 1287 4277 ea
1342 4228 1684 4295 contigerunt
1737 4232 2037 4288 referentes

471 4315 616 4367 varie
657 4314 839 4368 varios
870 4314 1049 4367 audivi
1085 4318 1485 4383 expeditionum
1525 4323 1693 4389 patris
1728 4324 1828 4376 mei
1869 4325 2038 4379 comi-

466 4409 567 4468 tes,
601 4405 999 4474 participesque
1034 4408 1417 4479 periculorum;
1446 4409 1736 4479 taliumque
1764 4428 1864 4481 ope
1891 4416 2037 4470 velut

467 4497 818 4563 quorunulam
848 4490 1169 4566 portitorum
1192 4514 1286 4566 per
1309 4500 1737 4569 interjacentium
1767 4522 2032 4576 aquarum

468 4585 640 4651 Spatia
700 4588 990 4655 reciprocis
1043 4587 1359 4654 trajectibns
1422 4590 1638 4647 litorum
1712 4599 2036 4651 commercia

470 4677 947 4742 committentium,
992 4679 1165 4735 bellici
1198 4696 1360 4737 casus
1410 4693 1572 4752 atque
1606 4700 1887 4741 successus
1937 4704 2041 4742 cae.-

472 4776 692 4835 teraqne
717 4778 868 4839 gesta
916 4786 1141 4842 peregre
1168 4773 1222 4828 in
1264 4790 1439 4831 meam
1470 4776 1613 4830 domi
1652 4778 1891 4845 (legentis
1937 4795 2035 4835 no-

2135 3220 2438 3291 συραμένη.
2486 3219 2596 3273 Νῦν
2629 3215 2721 3272 οὖν
2744 3220 2834 3272 ἐπὶ
2871 3218 2994 3271 νοῦν
3011 3219 3275 3288 ἐλθοῦσα,
3297 3221 3660 3289 ὲπανανὴξομαι

2134 3312 2388 3381 καθάπερ
2407 3311 2678 3382 ἅνάρῤουν
2702 3310 3053 3378 ποιησαμένη
3091 3311 3194 3364 καὶ
3217 3314 3349 3380 πρὸς
3364 3312 3456 3373 τὰς
3478 3310 3661 3382 πρώτας

2132 3404 2302 3465 λαϐὰς
2321 3402 2700 3469 ἐπανέλθοιμι.
2723 3402 2803 3455 Τὰ
2830 3401 2928 3470 μὲν
2947 3397 3060 3467 οὖν,
3080 3402 3165 3465 ὡς
3201 3398 3373 3465 εἷπον,
3395 3404 3513 3472 παρ’
3528 3406 3661 3471 Epan-

2133 3496 2233 3563 τῆς
2263 3492 2391 3564 ἔχω,
2411 3494 2478 3546 τὰ
2508 3493 2566 3546 δὲ
2605 3494 2700 3544 καὶ
2727 3493 2836 3546 ἀπὸ
2864 3493 2973 3546 τῶν
3009 3493 3556 3565 ενα-στρατευσαμένων
3602 3491 3661 3560 τῷ

2133 3585 2502 3656 αὐτοκράτορι
2527 3584 2784 3646 ποικίλως
2805 3584 2935 3653 περὶ
2966 3584 3185 3636 τούτων
3222 3587 3566 3653 μανθάνουσα,
3585 3586 3659 3637 καὶ

2132 3677 2221 3731 διά
2236 3693 2400 3728 τινων
2438 3674 2730 3743 πορθμέων
2762 3674 2841 3735 εἰς
2871 3674 3016 3741 ἡμᾶς
3045 3673 3468 3739 διαϐιϐαζόντων
3490 3677 3548 3726 τὰ
3571 3675 3660 3733 τοῖς

2135 3769 2393 3837 πολέμοις
2423 3765 2828 3836 ξυμὸεϐηκότα.
2858 3765 3114 3818 Μάλιστα
3169 3766 3226 3818 δὲ
3261 3769 3355 3819 καὶ
3399 3767 3658 3833 αὐτοπροσ-

2126 3862 2301 3923 ’ὠπως
2336 3861 2468 3930 περὶ
2519 3860 2725 3913 τούτων
2754 3860 3134 3929 διηγουμένων
3194 3861 3446 3923 πολλάκις
3499 3859 3659 3930 ἤκουον

2135 3955 2229 4008 τοῦ
2253 3971 2312 4007 τε
2339 3953 2739 4022 αὐτοκράτορος
2767 3953 2862 4005 καὶ
2896 3951 3179 4021 Γεωργίου
3203 3953 3297 4019 τοῦ
3318 3951 3655 4027 Παλαιολόγου.

2148 4047 2291 4115 Ἐγὼ
2323 4046 2491 4098 δὲκαὶ
2520 4045 2589 4096 τὰ
2611 4043 2782 4097 πολλὰ
2804 4043 3008 4096 τούτων
3030 4046 3407 4114 συνελεξάμην
3447 4044 3529 4095 καὶ
3547 4041 3656 4109 ιιρά-

2135 4157 2291 4194 τιστα
2310 4140 2400 4191 ἐπὶ
2416 4136 2508 4190 τοῦ
2534 4135 2669 4206 μετὰ
2696 4135 2788 4188 τὸν
2805 4135 2933 4203 ἐμὸν
2955 4136 3175 4205 πατέρα
3194 4138 3376 4206 τρίτου
3392 4136 3491 4199 ί55)
3512 4136 3568 4186 τὰ
3582 4135 3660 4199 τῆς

2139 4231 2421 4302 βασιλείας
2439 4230 2694 4297 σκῆπτρα
2711 4227 3014 4291 διέποντος,
3036 4229 3126 4280 ὅτε
3161 4229 3256 4280 καὶ
3279 4230 3423 4281 πᾶσα
3445 4223 3657 4279 κολακεία

2137 4324 2235 4378 καὶ
2256 4320 2454 4392 ψεῦδος
2483 4319 2561 4388 τῷ
2585 4318 2793 4387 πάππῳ
2818 4317 2966 4383 αὐτῷ
2986 4319 3393 4390 συναπέρῤευσε
3412 4319 3453 4349 ⁸⁷
3483 4318 3659 4369 πάντων

2136 4415 2231 4468 τὸν
2266 4410 2638 4480 ἐφιστάμενον
2672 4410 2773 4477 μὲν
2805 4408 2999 4479 θρόνον
3029 4410 3456 4471 κολακευόντων,
3487 4407 3601 4474 πρὸς
3618 4404 3658 4456 Ei

2138 4504 2231 4557 τὸν
2274 4499 2664 4573 ἁπερρυηκότα
2697 4499 2865 4568 μηδέν
2908 4516 2963 4551 τι
3021 4499 3120 4567 μὲν
3152 4500 3388 4561 etot-nefa;
3435 4497 3656 4548 ἐνδεικνυ-

2147 4592 2344 4663 μένων,
2412 4589 2597 4658 γυμνὰ
2637 4587 2694 4639 δὲ
2727 4589 2795 4639 τὰ
2827 4587 3132 4657 πράγματα
3165 4588 3539 4657 διηγουμένων,
3585 4582 3655 4635 καὶ

2144 4684 2282 4736 αὐτὰ
2306 4680 2575 4748 λεγόντων
2603 4678 2790 4747 ὥσπερ
2823 4679 3143 4748 ἐσχήκασιν.
3170 4678 3307 4745 Ἐγὼ
3339 4681 3432 4748 μὲν
3454 4678 3564 4745 γὰρ,
3582 4674 3657 4730 τὰς

2144 4775 2389 4844 ἐμαυτῆς
2421 4770 2708 4841 συμφορὰς
2743 4770 3129 4841 ἀποδυρομένη
3168 4772 3311 4825 κατὰ
3332 4771 3445 4823 τόδε.
3497 4759 3655 4835 καιροῦ

1524 4888 1728 4950 Variae
1761 4889 2069 4952 lectiones
2101 4908 2180 4952 ex
2210 4890 2351 4952 cod.
2392 4885 2663 4951 Coislin.

540 4983 585 5013 κ’
630 4983 1026 5055 συεπέρρευσε.

1540 5054 1682 5117 Car.
1726 5055 2046 5118 Dufresnii
2074 5060 2167 5119 Du
2201 5057 2419 5134 Cangii
2454 5065 2642 5121 noue.

550 5151 664 5218 (55)
702 5151 927 5217 Τρίτου.
966 5153 1096 5207 Inde
1153 5159 1305 5222 patet
1368 5154 1581 5209 Annam
1644 5156 1708 5209 atl
1769 5155 2035 5211 Mattuelis

478 5225 709 5290 August!
745 5228 1010 5286 tempora,
1040 5224 1158 5277 viro
1184 5227 1562 5288 superstitem,
1610 5239 1802 5279 exacto
1834 5226 1899 5277 ad
1937 5227 2034 5278 tui-

479 5296 681 5348 nimum
711 5290 893 5361 aetatis
921 5293 1283 5359 sexagesimo,
1318 5297 1483 5347 vitam
1517 5298 1856 5361 produxisse,
1888 5296 2033 5361 quod

478 5364 640 5417 etiam
670 5376 736 5416 ex
773 5359 958 5413 Niceta
988 5361 1280 5430 docentur:
1311 5359 1528 5430 quando
1547 5380 1675 5418 vero
1707 5382 1735 5415 σε
1762 5359 2038 5417 Villis—ex-

480 5434 729 5494 cesserit,
764 5431 1054 5483 iucertum.
1094 5429 1243 5483 filius
1271 5429 1578 5498 sepulcrum
1610 5435 1662 5487 in
1694 5433 2034 5497 Patriarcltio

480 5514 700 5554 exstare
725 5500 914 5553 scribit
940 5500 1201 5552 Martinus
1235 5500 1481 5563 Crusius,
1512 5502 1564 5554 in
1596 5503 1717 5557 Not.
1771 5505 1836 5557 ad
1890 5502 2037 5557 Hist.

474 5567 688 5643 yolitic.
717 5586 747 5643 ί
767 5568 1182 5643 Αηιιωνίιιιιιιίι,
1215 5570 1532 5643 sepulcrum
1558 5573 1730 5643 adhuc
1781 5585 1952 5632 exstat
1987 5576 2044 5625 in

490 5637 680 5696 lemvto
709 5637 1108 5695 Patriarcltatus
1139 5656 1170 5691 α
1210 5638 1276 5693 D.
1324 5637 1598 5699 Certae/tiu
1639 5643 1816 5701 tilium.
1862 5655 1954 5702 cst
1984 5644 2041 5700 id

2147 5159 2433 5225 lapideum,
2457 5175 2561 5211 non
2589 5159 2832 5212 insistens
2862 5168 3092 5225 quatuor
3119 5156 3347 5218 basibus,
3381 5168 3463 5207 sea
3492 5156 3655 5225 ιιιιεῃνθ

2146 5220 2321 5302 tepide
2352 5246 2383 5279 (ι
2421 5220 2568 5302 terra
2593 5245 2811 5302 surgens
2852 5220 3029 5302 (illius
3062 5245 3234 5302 quam_
3270 5240 3477 5302 mentun
3504 5220 3560 5302 ατ(
3579 5228 3654 5302 ρξ’

2146 5279 2324 5351 rietem
2351 5279 2553 5362 templi,
2580 5279 2966 5364 sicutalicujus
2990 5279 3234 5351 Germani
3267 5292 3502 5368 principis
3517 5279 3654 5368 te???

2145 5383 2317 5438 crum,
2356 5355 2578 5420 incisam
2610 5370 2764 5420 habet
2800 5355 3054 5435 aquilam.
3090 5369 3158 5438 At
3192 5355 3327 5438 unite
3360 5355 3652 5438 lubuit

2152 5436 2363 5491 lstcbius
2400 5437 2571 5491 Annae
2601 5448 2795 5491 nostrae
2824 5432 2944 5490 esse
2974 5434 3279 5490 tumulum?
3328 5432 3486 5500 potuit
3533 5432 3647 5500 eum}

2148 5519 2269 5559 esse
2297 5506 2522 5560 alterius
2551 5506 2721 5560 Annae
2749 5525 2763 5572 ;
2792 5522 2915 5561 nam
2966 5507 3070 5563 nisi
3094 5505 3310 5561 aliunde
3330 5498 3341 5500 ⁷
3360 5502 3565 5555 constet,
3601 5498 3650 5539 οι

2150 5575 2217 5632 iis
2246 5577 2464 5644 probari
2496 5576 2579 5630 vix
2616 5585 2812 5644 potest.
