3998 6206
363 272 500 336 1089

1549 277 1961 338 ALEXlADlS
1999 278 2142 342 LIB.
2191 279 2344 340 XlV.

3463 276 3603 346 1090

353 381 503 450 τρέἰς
555 381 794 451 βασιλεῖς
863 384 1165 456 θρηνοῦσα,
1215 387 1306 440 τὸν
1369 387 1584 456 πατέρα
1627 390 1720 442 καὶ
1768 399 1902 443 attito

2034 400 2204 444 ιιιιεηιι
2238 390 2631 445 commeabant.
2668 389 2896 445 Maxime
2925 396 3130 453 autem,
3163 405 3226 444 ac
3274 405 3368 458 per
3398 407 3456 445 se
3511 407 3604 447 Cu-

352 474 600 541 κρατορα
633 475 728 527 καὶ⁷
755 477 856 543 τὴν
897 477 1037 545 ἐμὴν
1102 477 1358 530 δεσπότιν
1419 481 1515 531 καὶ
1582 481 1794 549 μητέρα
1836 483 1929 534 καὶ

355 562 626 631 βασιλίδα,
654 565 748 616 καὶ
791 566 881 617 τὸν
928 567 1080 634 ἐμὸν,
1127 568 1307 636 οίμοιί
1356 569 1589 637 σύζυγον
1635 562 1918 640 Καίσαρα,

352 653 670 720 ἐγγωνιάζω
697 654 763 707 τὰ
815 655 1004 720 πολλὰ,
1039 656 1132 709 καὶ
1190 657 1414 726 βιϐλίοις
1455 662 1553 711 καὶ
1599 659 1717 728 Θεῷ
1762 677 1930 728 προσ-

351 745 670 813 ανάκειμαι,
695 747 785 798 καὶ
839 747 960 798 οὐδὲ
1004 749 1117 809 τοῖς
1147 750 1540 819 ἀφανεστέροις
1574 749 1789 811 ἐξέσται
1820 750 1930 803 τῶν

353 833 662 901 ἀνθρώπων
685 835 811 904 παρ’
842 823 988 903 ἡμᾶς
1018 839 1229 907 φοιτᾷν,
1261 838 1336 908 μὴ
1365 840 1449 891 ὅτι
1485 855 1548 905 γε
1579 840 1647 891 δι’
1681 835 1754 892 ὧν
1789 856 1928 907 μαν-

355 924 536 978 θάνειν
562 927 806 995 εἴχομεν,
832 927 977 996 ἅπερ
1009 928 1142 996 παρ’
1167 927 1345 980 ἄλλων
1370 929 1735 997 διακηκοότες
1769 932 1930 996 ἐτυγ-

356 1034 542 1086 χανον,
575 1017 804 1080 καὶτοῖς
853 1017 948 1070 τοῦ
980 1020 1189 1088 πατρὸς
1215 1021 1593 1082 οἰκειοτάτοις.
1631 1020 1727 1083 Είς
1768 1039 1928 1091 τρια-

359 1109 550 1161 κοστὸν
568 1110 672 1180 γὰρ
701 1110 859 1163 τοῦτο
880 1110 1018 1176 ἔτος,
1039 1113 1114 1181 μά
1129 1112 1227 1174 τὰς
1250 1113 1357 1164 τῶν
1383 1115 1816 1181 μακαριωτάτων
1833 1111 1928 1164 αύο

357 1201 706 1270 τοκρατόρων
758 1203 960 1273 ψυχὰς,
990 1204 1092 1256 οὐκ
1124 1205 1458 1273 ἐθεασάμην,
1487 1206 1586 1257 οὐκ
1614 1201 1772 1270 εἶδον,
1829 1205 1927 1274 οὐχ

352 1291 654 1362 ὠμιλήκειν
679 1295 954 1366 ἀνθρώπῳ
984 1297 1242 1367 πατρῴῳ,
1278 1299 1437 1350 τοῦτο
1497 1298 1594 1368 μὲν
1628 1299 1736 1349 τῶν
1800 1297 1927 1350 πολ-

351 1381 458 1434 λῶν
513 1387 961 1456 ἀπερρυηκότων,
1008 1389 1165 1442 τοῦτο
1198 1391 1254 1441 δὲ
1321 1389 1429 1443 τῶν
1474 1389 1682 1442 πολλῶν
1734 1392 1926 1458 ἀπειρ-

355 1474 603 1541 γομὲνων
655 1477 732 1547 τῷ
761 1479 938 1547 φόϐῳ·
993 1482 1087 1532 καὶ
1112 1480 1156 1512 ⁸⁸
1206 1480 1416 1544 τούτοις
1472 1482 1581 1550 γὰρ
1620 1483 1766 1550 ἡμᾶς
1795 1497 1926 1533 κατ-

351 1563 607 1619 εδίκασαν
674 1569 722 1620 oi
782 1570 1115 1639 κρατοῦντες
1159 1573 1273 1634 τοῖς
1360 1574 1729 1641 ἀτοπήμασι,
1791 1572 1926 1642 μηδὲ

353 1649 578 1716 θεατους
609 1649 770 1721 εἶναι,
797 1658 915 1710 ἀλλ’
943 1660 1352 1728 ἐστυγημένους
1399 1662 1510 1721 τοῖς
1547 1659 1815 1713 πλείοσιν.

2034 495 2172 543 ram,
2202 496 2320 547 quae
2351 483 2596 534 viderant
2627 491 3034 548 gesserantque,
3085 496 3148 533 ac
3196 496 3422 547 quorum
3478 497 3602 549 pars

2029 585 2221 638 magna
2252 570 2484 637 fuerant,
2515 573 2712 640 saepius
2742 572 2919 624 audivi
2953 581 3334 634 memorantes,
3369 573 3602 640 impera-

2033 671 2199 714 torem
2235 662 2411 731 ipsum
2443 672 2496 717 et
2524 663 2812 729 Georgium
2845 664 3220 732 Palaeolognm.
3269 663 3434 716 Porro
3483 681 3600 731 quae

2031 755 2152 814 aliis
2175 771 2205 808 e
2233 757 2458 809 testibus
2486 758 2721 825 comperi
2747 772 2928 810 eorum
2962 758 3217 824 pleraque
3249 772 3310 807 ac
3332 758 3598 824 praecipua

2031 861 2256 914 qumque
2287 845 2477 914 collegi
2536 849 2830 914 imperante
2877 849 2966 900 illo
3022 850 3110 910 qui
3169 848 3356 901 tertius
3407 865 3433 897 ει
3485 862 3603 897 tneo

2031 945 2182 1003 patre
2244 936 2542 989 Romanam
2607 954 2717 990 rem
2777 938 3096 1004 gubernavit
3143 953 3296 1002 :qno
3355 935 3602 988 videlicet

2030 1036 2274 1094 tempore
2317 1029 2494 1080 omnis
2527 1029 2760 1082 adulatio
2799 1038 2852 1081 et
2898 1029 3060 1079 libido
3092 1028 3452 1079 adulterandis:
3492 1040 3584 1076 ve-

2028 1117 2200 1170 ritatis
2227 1117 2278 1170 in
2306 1119 2526 1183 gratiam
2555 1118 2812 1186 principis
2841 1119 3037 1170 dndttm
3078 1117 3272 1170 mortui
3304 1117 3459 1184 plane
3482 1115 3593 1182 jam

2029 1207 2362 1261 deﬂuxerat:
2390 1209 2714 1274 intentisque
2750 1219 2805 1262 ut
2838 1211 2894 1260 tit
2918 1208 3088 1262 oeulis
3119 1210 3420 1276 spebusqne
3454 1221 3590 1259 cun-

2027 1308 2235 1352 ctorum
2285 1299 2336 1351 in
2372 1311 2616 1364 nepotem
2666 1301 2811 1368 regio
2860 1313 2970 1352 tum
3033 1301 3367 1353 insistentem
3421 1299 3597 1361 solio,

2030 1389 2208 1442 nullus
2244 1389 2294 1441 in
2334 1389 2493 1442 ullius
2551 1390 2733 1443 animo
2775 1402 3052 1457 supererat
3093 1401 3266 1444 metus
3297 1399 3387 1442 ant
3418 1405 3601 1458 respe-

2029 1489 2151 1533 ctus
2181 1480 2374 1532 anxius
2412 1481 2494 1532 avi
2528 1482 2730 1548 pridem
2757 1481 3034 1543 exstincti,
3067 1482 3160 1534 sed
3197 1480 3336 1532 unda
3389 1489 3598 1533 tantum

2029 1583 2091 1620 ac
2138 1569 2368 1636 simplex
2422 1571 2726 1636 nulliusqne
2781 1580 3029 1638 susltecta
3092 1569 3198 1622 fuci
3256 1571 3598 1632 recordatio;

2029 1661 2377 1727 narratioquc
2409 1675 2473 1713 ex
2509 1676 2569 1713 ea
2601 1659 2770 1714 ﬂuens
2801 1661 3138 1714 auctoritatis
3179 1660 3352 1729 plena,
3410 1677 3493 1713 res
3524 1658 3598 1711 uti

353 1758 411 1796 se
443 1746 738 1804 habuerant
766 1753 935 1819 prisca
972 1754 1073 1806 (ide
1105 1762 1520 1822 reprzesentans.
1563 1753 1913 1806 Abundabam
1955 1767 2054 1820 ego
2085 1763 2262 1806 autem
2293 1756 2404 1808 otio
2456 1756 2520 1808 ad
2568 1756 2706 1808 hanc
2778 1756 3253 1822 interrogationem
3326 1756 3598 1807 seniorum

355 1839 584 1894 militum
623 1857 782 1911 quam
830 1847 1198 1900 curiosissime
1275 1847 1647 1900 factitandam.
1715 1845 1984 1912 Quoniam
2017 1848 2072 1900 in
2102 1848 2464 1900 domesticum
2496 1861 2578 1900 me
2611 1850 3092 1902 secessum‘luctus
3128 1849 3403 1916 multiplex
3446 1849 3603 1902 abdi-

353 1930 500 1986 derat
556 1936 768 2003 plenam
819 1939 987 1993 eladis
1021 1950 1075 1992 et
1109 1939 1500 2005 calamitatum;
1535 1949 1587 1993 et
1636 1955 1758 1992 cum
1809 1939 1912 1992 alia
1951 1940 2110 2005 mala,
2140 1951 2250 1993 tum
2284 1942 2442 1994 trium
2477 1940 2632 2009 longe
2655 1941 3057 1996 carissimorum
3120 1941 3352 2007 capitum
3423 1941 3602 2009 jactn-

357 2039 470 2078 ram
508 2029 912 2083 acerbissimam
973 2031 1188 2085 assidua
1259 2031 1641 2084 lamentatione
1699 2041 2152 2100 prosequentem;
2196 2033 2363 2101 patris
2397 2048 2584 2102 nempe
2614 2034 2973 2101 imperatoris,
3005 2034 3192 2086 matris
3226 2048 3439 2101 quoque
3491 2035 3600 2085 Au-

352 2130 544 2188 gustae,
596 2132 868 2190 postremo
919 2124 1244 2189 charissimi,
1295 2126 1394 2177 Iteu
1442 2125 1606 2178 mihi!
1665 2126 1908 2194 conjugis
1939 2122 2193 2180 Caesaris.
2231 2106 2445 2194 Triplex
2481 2140 2564 2179 me
2592 2127 2679 2180 hic
2713 2126 2885 2179 luctus
2951 2136 3100 2180 arcet
3168 2126 3405 2193 publico,
3450 2126 3603 2178 dam-

353 2220 445 2264 nat
475 2214 728 2275 tenebris,
761 2215 844 2266 sui
877 2215 1064 2268 solatia
1108 2229 1347 2283 quaerere
1369 2216 1420 2268 in
1446 2215 1598 2270 libris
1629 2225 1680 2270 et
1708 2217 1760 2269 in
1791 2219 2180 2272 consuetudine
2223 2233 2344 2272 cum
2387 2216 2496 2270 Deo
2532 2216 2701 2286 jubet.
2764 2216 3088 2284 0hsequor,~
3114 2217 3276 2280 lateo,
3356 2227 3600 2270 Intestam

353 2315 405 2358 et
440 2307 737 2360 solitariam
771 2309 819 2360 in
850 2308 1058 2375 angulis
1085 2308 1264 2362 studio
1292 2308 1592 2364 litterarum
1613 2319 1666 2362 et
1700 2311 1971 2378 religionis
2005 2312 2163 2363 vitam
2201 2311 2480 2378 impendo,
2553 2321 2658 2363 tam
2686 2377 2694 2384 κ
2746 2325 2932 2364 severa
2986 2309 3371 2378 colloquiorum
3455 2308 3600 2376 fuga.

356 2407 413 2449 ut
447 2397 646 2449 nemini
678 2398 852 2464 piane,
879 2415 943 2453 ne
962 2400 1204 2453 obscura:
1225 2401 1434 2466 quidem
1467 2401 1647 2461 sortis,
1675 2417 1737 2454 ac
1765 2412 1921 2456 sectae
1966 2401 2198 2455 latebras
2227 2401 2499 2470 professae,
2529 2403 2827 2470 ingressum
2861 2403 2926 2455 ad
2963 2417 3045 2455 me
3105 2401 3308 2454 homini
3379 2402 3601 2468 permit-

358 2496 464 2539 tam
489 2504 502 2539 :
528 2489 628 2542 ιιίιεί
658 2490 702 2543 si
733 2493 822 2558 qui
849 2499 972 2542 sunt
995 2506 1024 2543 a
1055 2479 1246 2557 quibus
1268 2506 1352 2544 me
1376 2507 1588 2559 sperem
1609 2492 1794 2545 audire
1816 2507 2026 2560 possem
2068 2492 2267 2560 aliquid
2287 2492 2350 2544 de
2379 2493 2539 2545 rebus
2571 2506 2702 2558 quas
2730 2490 2962 2544 meditor
2991 2490 3162 2545 Alexii
3193 2490 3434 2560 Augusti,
3461 2499 3600 2556 quod

356 2577 423 2627 ah
452 2577 657 2630 idoneis
712 2580 809 2645 ipsi
853 2580 1158 2634 auctoribus
1201 2581 1533 2648 acceperint.
1583 2579 1659 2634 Ac
1713 2595 1779 2634 ne
1845 2582 1929 2635 cui
1976 2597 2142 2650 genus
2202 2581 2388 2632 horum
2416 2581 2656 2649 ','testium
2687 2589 2997 2648 suspectum
3051 2584 3186 2634 forte
3263 2581 3366 2640 sit,
3419 2588 3603 2632 sancte

355 2671 611 2732 protiteor
649 2689 662 2724 :
699 2673 897 2725 nullum
930 2689 955 2725 a
996 2690 1078 2728 me
1111 2674 1402 2728 admissum
1439 2674 1580 2727 inter
1607 2673 1726 2727 illos
1779 2687 1808 2726 e
1863 2689 2090 2732 numero
2133 2673 2550 2727 domesticorum
2613 2673 2956 2737 famulorum,
3010 2673 3266 2726 clientum
3337 2681 3428 2724 ant
3495 2670 3604 2722 alio

354 2763 571 2815 nomine
616 2765 977 2818 studiosorum
1041 2766 1210 2833 patris
1258 2767 1382 2820 mei.
1433 2765 1562 2819 Jnro
1620 2766 1762 2818 enim
1823 2780 1918 2832 per
1956 2765 2388 2818 beatissimorum
2421 2767 2800 2833 imperatorum
2833 2764 3040 2816 animas
3073 2763 3340 2817 neminem
3415 2780 3441 2814 a
3518 2777 3604 2816 me

351 2863 518 2901 unum
561 2851 675 2918 ejus
719 2855 934 2921 generis
985 2856 1107 2908 totis
1173 2856 1321 2910 hisce
1389 2855 1500 2922 jam
1555 2856 1710 2908 annis
1760 2853 1973 2922 triginta
2017 2855 2210 2916 visum,
2239 2865 2622 2923 conspectum,
2657 2854 2723 2908 ad
2758 2854 3082 2923 colloquium
3146 2853 3438 2906 adhibitum
3473 2871 3486 2907 :
3522 2857 3604 2910 vel

348 2943 488 3009 quod
524 2942 764 3011 plerique
819 2945 1008 2997 horum
1067 2956 1258 3008 morte,
1310 2947 1758 3015 peregrinatione,
1814 2954 1908 2998 aut
1959 2944 2116 2999 simili
2150 2961 2278 2998 casu
2307 2944 2556 3012 quopiam
2623 2947 2784 2998 varia:
2830 2945 3060 3000 fortuna:
3092 2930 3290 3012 "longe
3344 2945 3468 2998 hinc
3519 2940 3605 2996 di-

353 3032 484 3099 lapsi
514 3035 787 3102 abreptive
829 3049 985 3102 sunt;
1014 3036 1094 3088 vel
1122 3036 1262 3104 quod
1327 3052 1513 3089 eorum
1585 3037 1782 3091 multos
1825 3053 1855 3089 a
1902 3051 1986 3089 me
2025 3036 2268 3089 adeunda
2310 3036 2362 3088 in
2390 3036 2644 3090 deteriori
2682 3050 2798 3088 mea
2829 3045 2974 3089 sorte
3029 3044 3201 3090 metus
3241 3038 3457 3105 quidam
3507 3038 3604 3090 de.

349 3133 554 3176 terreat
587 3140 602 3177 :
633 3126 771 3191 quod
800 3125 912 3192 qui,
935 3136 991 3178 ut
1017 3127 1306 3178 suntvices
1339 3141 1515 3178 rerum
1549 3127 1912 3179 humanarum
1983 3127 2158 3189 nobis,
2202 3127 2361 3180 hodie
2393 3127 2658 3181 submotis
2695 3119 2984 3194 plurinntm
3057 3140 3296 3194 possunt,
3337 3142 3442 3182 tam
3509 3132 3606 3185 ab-

349 3216 528 3273 surdis
565 3214 900 3281 uosjndiciis
930 3224 1184 3268 notarunt
1209 3255 1222 3280 ,
1252 3227 1307 3269 ut
1341 3221 1498 3284 pauci
1530 3218 1784 3273 visendos
1828 3227 1921 3271 aut
1959 3218 2199 3288 alloquio
2255 3220 2590 3286 dignandos;
2660 3219 2900 3288 plerique
2980 3220 3209 3288 publicis
3275 3226 3602 3278 aversandos

347 3315 486 3370 odiis
517 3312 848 3364 existiment.

425 3412 493 3462 Ἀ
523 3409 579 3460 δὲ
609 3406 941 3474 συνειλόχειν
972 3403 1070 3473 τῆς
1113 3404 1381 3474 ἱστορίας,
1407 3405 1541 3457 ἵστω
1567 3405 1720 3468 θεὸς,
1782 3405 1917 3457 ἵστω
1953 3410 1994 3463 Β

353 3506 388 3574 ἡ
421 3502 789 3571 ὕπερκόσμιος
821 3501 1020 3568 Μήτηρ
1069 3497 1235 3550 αὑτοῦ
1286 3499 1442 3565 καὶὴ
1492 3499 1600 3567 ἐμὴ
1659 3499 1924 3559 Δεσπότις

349 3597 456 3649 ἀπό
489 3611 650 3646 τινων
677 3590 1049 3657 συνελεξάμην
1084 3588 1534 3658 ξυγγραμμάτων
1565 3588 1800 3658 ἀχρείων
1831 3588 1924 3638 καὶ

349 3686 637 3741 ἀσπουδὼν
657 3685 991 3741 παντάπασι,
1021 3681 1116 3734 καὶ
1137 3680 1408 3749 γερόντων
1431 3679 1734 3749 ἀνθρώπιον
1759 3695 1925 3747 στρα-

348 3779 707 3846 τευσαμένων
761 3776 882 3828 κατ’
939 3775 1116 3826 ἐκεῖνο
1178 3771 1398 3840 καιροῦ,
1452 3771 1575 3825 καθ’
1628 3771 1688 3824 ὃν
1755 3773 1923 3840 οὑμὸς

351 3870 535 3939 πατὴρ
582 3885 689 3922 των
745 3867 1042 3936 σκήπτρων
1079 3863 1369 3932 Ῥωμαίων
1401 3864 1722 3934 ἐπείληπτο,
1784 3879 1922 3932 χρη-

353 3963 608 4030 σαμένων
661 3959 718 4012 δέ
764 3958 1074 4026 συμφοραῖς
1136 3956 1232 4008 καὶ
1296 3954 1922 4024 μετασχηματισθέντων

351 4053 460 4105 ἀπὸ
483 4051 580 4119 τῆς
618 4048 888 4118 κοσμικῆς
907 4045 1110 4116 τύρϐης
1139 4045 1250 4113 (54)
1294 4045 1380 4107 εἰς
1410 4043 1506 4111 τὴν
1535 4045 1644 4097 τῶν
1674 4043 1923 4112 μοναχῶν

352 4143 677 4212 γαληνιαίαν
735 4140 1094 4193 κατάστασιν.
1119 4136 1198 4189 Τὰ
1267 4136 1374 4206 γὰρ
1397 4139 1476 4198 είς
1524 4139 1716 4206 χεῖρας
1781 4133 1920 4203 ἐμὰς

355 4234 668 4303 ἐμπεσόντα
709 4232 1124 4298 συγγράμματα
1181 4228 1331 4280 ἁπλᾶ
1359 4227 1458 4296 μὲν
1489 4223 1628 4298 ἦσαν
1659 4227 1754 4296 τὴν
1780 4227 1923 4294 φρά-

354 4344 438 4378 σιν
469 4329 564 4378 καὶ
613 4323 922 4393 ἀπερίεργα
969 4321 1064 4374 καὶ
1113 4321 1212 4389 τῆς
1263 4319 1520 4390 ἀληθείας
1555 4319 1787 4389 ἐχόμενα
1825 4319 1922 4370 καὶ

351 4418 500 4470 οὐδέν
527 4436 579 4470 τι
605 4416 813 4485 κομψὸν
846 4413 1279 4481 ἐπιδεδειγμὲνα,
1311 4414 1431 4465 οὐδέ
1456 4412 1741 4484 ῥητορικὸν
1758 4412 1920 4478 ὄγκον

352 4509 747 4578 ἐπισυρόμενοι,
780 4508 847 4558 τὰ
911 4507 966 4558 δὲ
1011 4505 1164 4573 παρά
1197 4504 1306 4556 τῶν
1353 4504 1691 4574 γεραιτέρων
1740 4504 1921 4572 ἐκδιη-

352 4605 634 4674 γούμεναο
695 4603 796 4672 τῆς
856 4600 1024 4669 αὐτῆς
1081 4594 1221 4670 ἦσαν
1286 4599 1378 4651 καὶ
1435 4597 1634 4662 λέξεως
1688 4599 1779 4649 καὶ
1803 4597 1921 4650 διαο

355 4698 503 4760 νοίας
537 4696 648 4747 τῶν
685 4691 1134 4761 συγγραμμάτων
1173 4689 1430 4758 ἐχόμενα,
1487 4692 1580 4741 καὶ
1612 4688 1922 4757 ἐτεκμηρά-

2091 3403 2367 3456 llactenus
2403 3401 2470 3455 de
2499 3400 2713 3455 illorum
2749 3401 2852 3454 fide
2879 3416 3105 3469 quorum
3141 3403 3340 3456 auditis
3367 3418 3470 3472 ego
3517 3420 3604 3458 re-

2027 3493 2318 3546 lationibus
2343 3493 2406 3542 ad
2452 3492 2610 3559 hujus
2658 3492 3101 3559 compositionem
3153 3492 3400 3548 Historia
3467 3511 3600 3563 pro-

2029 3583 2152 3639 feci.
2177 3584 2312 3648 Quia
2339 3598 2464 3635 vero
2489 3582 2742 3635 nonnulla
2781 3585 2940 3636 etiam
2967 3584 3032 3636 de
3057 3593 3373 3650 argumento
3403 3591 3592 3641 eodem

2026 3676 2224 3740 scripta
2262 3685 2605 3729 monumenta
2648 3675 2699 3727 in
2751 3689 2898 3728 meas
2954 3689 3143 3727 manus
3190 3687 3592 3745 pervenerunt,

2026 3766 2221 3833 quibus
2256 3780 2339 3817 me
2370 3764 2607 3832 adjutam
2640 3763 2689 3816 in
2723 3763 2826 3816 hoc
2851 3777 3014 3832 opere
3039 3760 3234 3827 fateor,
3262 3779 3604 3833 quormnqce

2026 3856 2146 3910 ideo
2186 3864 2444 3922 praestare
2480 3855 2635 3908 [idem
2672 3869 2846 3908 meum
2896 3865 3013 3917 est,
3048 3855 3211 3907 Deum
3252 3866 3420 3908 testor
3468 3871 3602 3909 con-

2024 3947 2218 4005 scium;
2249 3957 2417 4000 testor
2448 3949 2574 4000 item
2611 3948 2808 4000 mundo
2833 3948 3170 4015 Superiorem
3219 3946 3311 3999 Dei
3360 3946 3598 4012 ejusdem

2026 4039 2246 4094 Matrem
2278 4054 2341 4093 ac
2374 4055 2544 4092 meam
2576 4039 2876 4102 Dominam,
2905 4038 3070 4092 fuisse
3094 4038 3217 4092 illos
3252 4037 3600 4092 Commenta-

2027 4133 2138 4186 rios
2163 4132 2374 4200 egregie
2409 4131 2694 4198 insignitos
2746 4131 2886 4184 notis
2930 4131 3185 4184 omnibus
3216 4130 3384 4202 448
3419 4133 3600 4185 incur-

2027 4233 2198 4288 rupta:
2228 4220 2470 4273 veritatis
2493 4221 2720 4290 :qnippe
2747 4219 3018 4285 incompta
3042 4221 3391 4287 simplicitate
3417 4223 3596 4283 rudes.

2025 4309 2495 4376 su5picionemqne
2542 4293 2678 4362 artis
2723 4324 2786 4360 ac
2838 4308 2941 4362 fuci
2991 4312 3098 4361 situ
3135 4317 3364 4376 quodam
3421 4313 3600 4378 prisco

2026 4399 2340 4454 refutantes.
2373 4397 2600 4454 Prorsus
2632 4399 2888 4465 ejusmodi
2909 4401 2996 4468 qni
3020 4411 3208 4453 exacte
3236 4413 3596 4469 congruerent

2026 4493 2266 4545 moribus
2307 4503 2612 4554 auctorum,
2646 4507 2676 4545 a
2707 4493 3098 4546 consuetudine
3131 4493 3383 4545 adulandi
3417 4501 3468 4544 et
3498 4508 3598 4544 usu

2024 4593 2278 4648 sectaque
2317 4581 2630 4635 ambitionis
2660 4582 2851 4634 aulica:
2896 4583 3300 4635 remotissimis.
3347 4581 3598 4648 Scripse-

2029 4682 2148 4726 rant
2184 4688 2278 4728 eos
2307 4671 2556 4724 videlicet
2585 4671 2686 4724 viri
2739 4682 2864 4724 natu
2898 4674 3150 4740 grandes,
3190 4683 3346 4725 artate
3378 4687 3442 4724 ac
3472 4673 3602 4724 reli-

356 4742 546 4858 μηνέξ
578 4742 1018 4851 αὐτῶνιτηνιτίς
1063 4742 1302 4848 ἱστορίας
1333 4742 1614 4848 ἀληθειαν,
1673 4742 1920 4847 συμέάλ.

2030 4764 2188 4829 gione
2217 4761 2433 4827 maturi,
2460 4762 2550 4829 qui
2583 4762 2755 4830 patris
2781 4761 2908 4815 olim
2946 4763 3048 4815 mei
3082 4763 3254 4815 secuti
3311 4761 3558 4814 militiam
3585 4803 3602 4826 ,

349 4879 520 4930 λουσα
565 4874 662 4927 καὶ
709 4871 1156 4941 παρεξετάςουσα
1199 4869 1268 4919 τὰ
1308 4866 1438 4938 παρ’
1475 4867 1721 4936 ἐμαυτῆς
1783 4870 1922 4920 ἱστο-

352 4970 590 5041 ρούμενα
621 4967 755 5036 πρὸς
771 4965 843 5017 τὰ
876 4964 1004 5033 παρ’
1034 4962 1257 5014 ἐκείνων
1288 4959 1552 5027 λεγόμενα
1591 4959 1686 5010 καὶ
1707 4960 1774 5011 τὰ
1793 4961 1921 5028 παρ’

351 5061 576 5113 ἐκείνων
609 5058 745 5128 πρὸς
778 5055 846 5108 τά
873 5052 998 5121 παρ’
1020 5051 1284 5119 ἐμαυτῆς,
1309 5049 1451 5118 ἅπερ
1492 5049 1628 5116 αὑτὴ
1664 5047 1724 5112 ἐξ
1754 5047 1920 5099 αὐτοῦ

352 5172 412 5209 τε
461 5152 664 5221 τούμοῦ
717 5149 919 5221 πατρὸς
957 5145 1178 5199 καὶτῶν
1211 5143 1342 5211 πρὸς
1373 5140 1578 5210 πατρὸς
1606 5139 1697 5192 καὶ
1716 5140 1921 5209 μητρὸς

2031 4855 2222 4908 deinde
2253 4853 2322 4906 ob
2351 4869 2510 4907 casus
2540 4854 2795 4907 adversos
2824 4856 2946 4906 vita:
2976 4853 3212 4921 pertzesi,
3248 4851 3300 4904 in
3335 4838 3602 4905 monasti-

2031 4959 2108 4997 cae
2140 4945 2334 5013 quietis
2365 4953 2576 5013 portmn
2607 4958 2638 4997 e
2665 4943 2844 4998 διορυιὶ
2881 4943 3132 4997 ﬂuctibus
3162 4956 3220 4996 se
3263 4952 3600 5009 receperant.

2031 5032 2196 5101 Cujus
2224 5036 2362 5088 sacri
2393 5036 2487 5088 Otii
2518 5050 2638 5089 cum
2689 5044 2895 5103 partem
2937 5035 3305 5088 decrevissent
3349 5034 3594 5085 conferre

2035 5123 2269 5200 {aliquam
2303 5127 2366 5177 ad
2396 5125 2700 5180 mandanda
2729 5141 2789 5181 ea
2817 5127 3009 5181 litteris
3040 5141 3157 5195 qum
3181 5125 3444 5181 memoria
3473 5139 3598 5192 sng-

1374 5233 1567 5292 Varite
1593 5231 1901 5293 lectiones
1951 5249 2028 5297 ex
2059 5237 2199 5304 cod.
2229 5237 2497 5300 Coislin.

423 5352 466 5383 θ’
491 5349 644 5418 φόϐῳ
664 5348 750 5400 διὰ
781 5345 880 5417 τὴν
925 5343 1032 5397 τῶν
1065 5339 1404 5414 πραγμάτων
1434 5337 1754 5408 παλίρροιαν
1789 5353 1805 5367 ο
1844 5337 1959 5392 καί.

1418 5455 1552 5514 Car.
1586 5452 1913 5514 Dufresnii
1946 5453 2042 5512 Du
2074 5449 2294 5528 Cangii
2343 5457 2530 5510 notae.

429 5586 538 5653 (54)
573 5583 878 5653 Κοσμικῆς
912 5581 1153 5653 ’τύρϐηςζ
1193 5576 1479 5653 Saecularis
1506 5575 1906 5653 turbze.__Lexi-

354 5674 456 5713 Cutt
483 5647 654 5711 Graec.
683 5647 785 5708 ius.
827 5647 895 5706 ex
949 5651 1077 5707 bibi.
1120 5648 1282 5716 iit-3.,
1341 5647 1462 5702 cod.
1521 5647 1663 5702 950:
1702 5648 1914 5718 Τύρδη,

2017 5575 2402 5647 ἀπόλαυσις,ἢ
2435 5562 2687 5647 θόρυῧος,
2718 5542 2970 5647 τάραξις.
3001 5577 3300 5647 Hesychius
3327 5593 3340 5629 :
3379 5573 3594 5640 ’Υανία,

2024 5645 2225 5717 τύρϐη,
2263 5647 2434 5717 μάχη,
2467 5646 2648 5716 ὕϐρις,
2683 5645 2988 5718 ἀγερωχία.
