3998 6206
254 240 388 304 1-ί)93

1477 248 1892 310 ALEXIADIS
1931 249 2079 312 LIB.
2113 251 2271 311 XIV.

3362 254 3499 324 1094

253 355 366 406 τότε
397 353 461 423 δὴ
498 352 590 405 καὶ
645 357 968 423 γυμνασίοις
1018 356 1211 408 ἑαυτὸν
1262 357 1530 424 ἐπεδίδου,
1575 362 1670 414 καὶ
1711 363 1822 425 τοῖς

1929 377 2048 418 sese
2108 363 2390 417 obiectans
2441 376 2504 416 ac
2564 363 2815 419 reﬁciens
2870 365 3164 420 interdum.
3215 366 3502 423 Studiosus

250 445 567 512 ῑππάσμασι
623 448 716 498 καὶ
751 449 874 512 ταῖς
921 448 1107 512 ἄλλαις
1140 451 1400 514 παιδιαῖς,
1456 453 1826 522 παράγγελμα

253 535 405 587 τοῦτο
433 537 614 606 λαϐὼν
645 539 703 603 ἐξ
734 541 986 610 ἰατρικῆς
1015 545 1348 610 ἐπιστήμης,
1419 543 1506 595 ἵνα
1539 545 1656 604 ταῖς
1689 561 1838 606 συν-,

249 628 435 698 εχέσιν
478 630 774 694 intractu;
839 631 1149 701 διαφοροῖτό
1197 651 1248 684 τι
1288 634 1383 702 τῆς
1412 634 1826 706 καταρρεούσης

251 720 406 789 ὕλης,
461 723 556 775 καὶ
609 723 700 776 τοῦ
758 722 1138 794 ὲπιϐρίθοντος
1229 725 1431 794 βάρους
1488 727 1824 795 κουφίζοιτο.

249 814 422 866 Τοῦτο
440 815 548 885 γὰρ
577 815 637 867 τὸ
667 817 836 879 πάθος
860 819 886 868 ὁ
913 817 1040 886 ἐμὸς
1067 820 1272 886 πατὴρ,
1302 819 1551 888 καθάπερ
1583 821 1828 888 εἰρήκειν

248 905 474 970 ἄνωθεν,
509 908 610 960 οὐκ
637 907 694 974 ἐξ
720 908 910 980 ἑτέρας
947 910 1127 974 αἰτίας
1157 910 1378 974 ἔξωθεν.
1404 912 1506 965 ἀλλ
1529 912 1542 930 ’
1587 912 1690 964 ἀπὸ
1717 912 1827 963 τῶν

251 997 429 1048 πόνων
481 999 576 1052 καὶ
641 1002 908 1069 καμάτων
958 1001 1101 1072 ὑπὲρ
1151 1003 1253 1072 τῆς
1326 1002 1616 1072 Ῥωμαίων
1664 1005 1822 1073 δόξης

246 1103 548 1142 εσπασατο.

1937 469 2076 508 unus
2103 464 2296 523 praeter
2327 464 2550 508 caeteros
2575 457 2818 524 corporis
2841 457 3155 520 domitandi,
3191 458 3503 526 subigendi-

1935 559 2038 612 que
2081 545 2224 598 velut
2274 545 2428 598 freno
2467 549 2698 612 quodam
2750 549 3106 616 philosophiae
3151 550 3214 602 ad
3258 550 3503 618 quemvis

1937 653 2093 690 usmn
2136 637 2296 691 cilicii
2331 639 2463 690 varii
2494 655 2586 707 per
2617 642 2927 693 occasiones
2959 642 3192 693 incertas
3221 642 3344 699 vita!
3371 640 3508 694 mul—

1937 729 2138 794 tiplicis
2173 731 2478 782 occursuri.
2517 730 2838 799 Pleramque
2880 733 2969 786 ille
3002 733 3220 798 quidem
3255 731 3336 782 sui
3374 740 3507 784 tent-

1932 821 2078 886 poris
2105 821 2410 888 viriumque
2442 832 2646 888 partem
2685 823 3028 889 impendebat
3065 823 3376 884 laboribus;
3423 838 3506 873 re-

1929 909 2104 975 ceptui
2133 917 2312 962 tamen
2343 925 2532 962 rursus
2551 925 2671 963 cum
2697 923 2813 963 erat
2844 927 3070 964 necesse
3093 929 3193 964 non
3223 915 3504 964 immemor

1929 1016 2149 1062 cauere,
2179 1016 2301 1054 sese
2329 1003 2440 1054 otio
2473 1003 2752 1056 refovebat
2785 1004 3196 1071 tempeSIivo;at
3225 1003 3504 1064 negotioso

1928 1094 2117 1146 eodem
2153 1093 2423 1159 utilique:
2452 1108 2572 1145 natu
2606 1093 2854 1146 remissio
2879 1095 2924 1146 ei
2962 1095 3180 1162 fatigato
3206 1094 3501 1159 laboribus,

248 1183 398 1239 labor
430 1195 548 1239 erat
581 1189 873 1253 secundus;
911 1203 1104 1254 nempe
1136 1188 1296 1244 lectio
1341 1188 1643 1251 librorum,
1697 1189 2042 1256 studiumque
2065 1197 2117 1241 et
2146 1199 2394 1240 accnrata
2466 1191 2754 1256 exquisitio
2815 1191 3099 1255 dOt'll‘illiC,
3164 1190 3413 1257 illiusque
3476 1205 3504 1242 a

245 1274 462 1332 Christo
495 1278 728 1346 impositi
773 1280 1078 1334 observatio
1126 1280 1417 1346 praecepti,
1461 1278 1787 1334 Scrutamiui
1857 1279 2146 1344 scripturas
2179 1277 2217 1330 ¹.
2251 1274 2436 1332 Tertio
2464 1280 2656 1333 deinde
2716 1280 2832 1332 Ιοιτι)
2885 1281 3208 1333 succedebat
3268 1284 3504 1346 venatio,

248 1367 377 1436 pila,
401 1368 484 1422 vel
507 1370 789 1424 tlomitatio
809 1385 1093 1440 equorum.
1120 1370 1217 1425 ilic
1236 1373 1383 1426 orbis
1411 1372 1820 1440 occupationum
1847 1381 1963 1424 erat
1997 1372 2096 1423 mei
2132 1372 2317 1440 patris,
2356 1388 2383 1423 a
2432 1371 2716 1435 juventute
2780 1372 3056 1424 institutus
3147 1375 3316 1441 prima
3344 1389 3357 1437 ;
3411 1374 3498 1427 hic

245 1461 381 1514 ordo
412 1463 807 1528 pulcherrimus
843 1463 1177 1531 impermista
1229 1465 1575 1518 distinctione
1628 1478 1916 1517 recurrens
2008 1463 2075 1517 ab
2135 1463 2804 1532 occupatione]principua
2851 1465 2914 1516 ad
2988 1463 3082 1517 has
3158 1445 3380 1518 alterum
3451 1478 3505 1522 et

245 1551 459 1604 tertiam
495 1553 544 1604 in
569 1553 973 1608 subsecivorum
999 1564 1302 1622 temporum
1328 1554 1481 1620 quasi
1508 1553 1620 1606 loca
1650 1568 1818 1606 vacua
1859 1553 2200 1620 descriptas;
2241 1556 2500 1622 pulchris,
2541 1565 2594 1607 ct
2628 1564 2752 1623 apto
2786 1565 3041 1608 contextu
3103 1554 3238 1609 mire
3299 1566 3504 1624 tempe.

245 1646 378 1698 ratis
409 1648 616 1701 vicibus
645 1649 893 1703 utilitatis
920 1649 1290 1703 multiformis.
1363 1649 1454 1702 Sic
1523 1649 1679 1712 vixit,
1712 1650 1889 1716 quoad
1933 1649 2126 1716 pedum
2175 1651 2414 1713 morbus,
2457 1651 2599 1703 velut.
2630 1651 2882 1717 obliquus
2933 1647 3192 1720 serpens,
3241 1667 3400 1707 crura
3454 1658 3503 1710 ei

243 1755 383 1794 nexu
420 1740 567 1792 vario
617 1740 870 1810 impedita
919 1741 1348 1809 comprehendit,
1388 1743 1536 1812 juxm
1575 1741 1704 1796 illud
1755 1743 1808 1796 in
1887 1741 2270 1796 maletlictione
2341 1743 2611 1806 serpentis
2681 1744 2942 1808 scriptum
2973 1784 2987 1807 ,
3045 1746 3300 1797 mordens
3381 1746 3495 1798 cal-

240 1852 468 1892 caueum
527 1836 664 1906 ejus.
727 1837 859 1890 Cum
913 1838 1054 1891 enim
1110 1837 1386 1906 corripere
1471 1837 1617 1890 illum
1671 1837 1856 1906 cmpit,
1932 1847 2092 1905 atque
2123 1825 2452 1891 iulvalesrere
2483 1835 2860 1890 inclementius
2889 1839 2968 1890 vis
3001 1852 3138 1891 saeva
3173 1839 3507 1907 islittstnali,

239 1947 462 1988 coactus
497 1944 579 1988 εει
616 1932 899 2002 praeceptis
931 1933 1286 1997 medicorum,
1329 1941 1405 1986 et.
1434 1931 1545 1998 ipSa
1607 1933 1816 1984 ratione
1851 1931 2092 1985 scientiae
2139 1931 2274 1997 ejus.
2316 1945 2422 1982 non
2461 1931 2638 1999 ignota
2682 1930 2822 1992 sibi,
2875 1929 3154 1984 cll‘uudere
3223 1947 3343 1986 sese
3415 1935 3502 1986 iu-

239 2027 547 2094 tlulgentius
581 2028 630 2078 itt
668 2025 1009 2080 remissiones
1039 2036 1094 2079 et
1163 2025 1574 2080 exercitationes
1614 2026 1879 2091 corporis,
1920 2023 2303 2092 equitatioues,
2334 2023 2686 2076 excursiones
2715 2021 2972 2086 ludicras,
3005 2024 3046 2077 si
3078 2023 3218 2077 forte
3260 2025 3511 2089 jactatio-

239 2119 402 2171 ntbus
449 2117 566 2170 istis
623 2127 808 2186 posset
865 2117 1188 2171 residentem
1231 2115 1554 2179 humorem,
1610 2114 1813 2167 doloris
1853 2127 2095 2177 causam,
2130 2116 2402 2168 resolvere
2441 2129 2502 2167 ac
2543 2115 2808 2183 digerere.
2844 2113 2980 2179 Quia
3037 2117 3205 2176 enim,
3275 2126 3332 2169 ut
3395 2116 3509 2172 dixi

237 2217 509 2282 superius,
532 2211 878 2267 contentione
907 2210 1148 2279 improba
1177 2211 1296 2264 sine
1361 2210 1523 2262 modo
1581 2212 1894 2263 continuata
1934 2210 2185 2263 laborum
2246 2224 2344 2277 pro
2384 2207 2611 2262 Romani
2657 2210 2890 2263 nominis
2939 2209 3107 2278 gloria
3136 2224 3508 2279 susceptorum

237 2321 358 2358 eam
418 2316 570 2375 pater
619 2322 770 2361 meus
817 2307 916 2359 sibi
973 2306 1348 2374 aegritudinem
1403 2306 1769 2360 accersiverat
1798 2345 1812 2371 ,
1853 2319 2072 2358 causam
2107 2305 2338 2358 habebat
2371 2307 2622 2373 sperandi
2673 2304 2788 2358 fore
2873 2314 2930 2373 ut
2977 2321 3040 2360 ea
3082 2307 3384 2372 levaretur,
3462 2323 3508 2374 si

237 2405 566 2456 contrariam
605 2402 912 2456 institueret
942 2403 1063 2456 vitae
1100 2403 1386 2463 rationem,
1422 2400 1882 2467 remissionesque
1915 2399 2212 2467 impensius
2243 2407 2566 2454 sectaretur.

316 2493 482 2547 Οὔπω
510 2493 752 2556 ἐνιαυτὸς
773 2487 850 2554 εἷς
905 2493 1291 2562 παρεληλύθει,
1327 2494 1421 2546 καὶ
1443 2493 1822 2562 λογοποιουμέ-

2007 2491 2250 2545 Nondum
2271 2505 2446 2544 annus
2467 2497 2517 2544 in
2544 2491 2644 2544 hac
2665 2492 2712 2545 ei
2733 2492 2912 2560 quiete
2926 2506 3044 2545 shse
3067 2507 3202 2544 unus
3214 2494 3508 2572 evolverat:

241 2602 353 2636 νων
399 2586 445 2617 ⁹⁰
482 2585 737 2653 ἀκηκοὼς
779 2584 935 2648 αὖθις
966 2587 1097 2656 περὶ
1145 2587 1256 2639 τῶν
1291 2586 1560 2656 Κομάνων
1589 2587 1676 2638 διὰ
1729 2586 1823 2638 τοῦ

245 2679 473 2746 Ἴστρου
540 2678 962 2747 διαπεραίωσιν.
1025 2678 1218 2744 ὀγδόης
1280 2678 1383 2747 san
1441 2679 1825 2747 ὲπινεμήσεως

233 2766 356 2835 (561
417 2767 821 2836 ὲφισταμένης,
877 2769 1187 2836 ἀρχομένου
1248 2765 1619 2836 φθινοπώρου,
1686 2765 1827 2819 κατὰ

239 2859 390 2927 μῆνα
431 2859 760 2929 Νοέμὸριον,
793 2859 962 2924 ἔξεισι
990 2860 1090 2928 τῆς
1119 2858 1396 2928 βασιλίδος
1423 2859 1535 2910 τῶν
1578 2859 1814 2922 πόλεων,

232 2951 333 3004 καὶ
365 2951 464 3013 τὰς
497 2950 760 3019 δυνάμεις
791 2951 1012 3014 ἁπάσας
1059 2952 1141 3020 (ιι)
1174 2951 1678 3021 μεταπεμψάμενος
1723 2968 1825 3002 κα-

232 3041 491 3111 τατίθησι
514 3041 738 3104 τούτους
772 3042 851 3104 εἷς
898 3059 957 3094 τε
979 3041 1409 3094 Φιλιππούπολιν
1463 3026 1559 3095 καί
1603 3043 1686 3105 εἰς
1731 3042 1824 3094 τὸν

229 3137 532 3204 λεγόμενον
565 3135 829 3205 Περιτζδν
858 3135 948 3187 καὶ
976 3134 1331 3205 Τριάδιτζαν,
1357 3135 1451 3188 καὶ
1481 3135 1561 3198 εἰς
1587 3134 1648 3186 τὸ
1679 3134 1824 3202 Θέμα

228 3228 330 3280 τοῦ
359 3227 607 3298 Νήσουθι,
638 3230 798 3298 μέχρι
825 3229 916 3279 καὶ
946 3227 1042 3295 τῆς
1065 3227 1370 3297 παρίστρας
1399 3225 1824 3296 Βουρανιτζόϐης

233 3317 379 3388 (57),
412 3319 722 3387 ἐπισκήψας
745 3315 948 3383 πολλὴν
978 3334 1034 3368 τε
1085 3319 1212 3387 περὶ¹
1252 3317 1380 3379 τοὺς
1413 3317 1614 3378 ἵππους
1644 3317 1823 3369 αὐτῶν

231 3406 616 3460 ἐνδείκνυσθαι
640 3407 987 3476 ἐπιμέλειαν,
1020 3406 1161 3460 ὥστε
1194 3408 1382 3469 πίονας
1427 3409 1721 3476 γεγονότας
1765 3410 1823 3460 ὲν

230 3499 421 3570 καιρῷ
459 3500 637 3570 μάχης
663 3499 927 3553 δύνασθαι
951 3501 1135 3570 φέρειν
1158 3501 1284 3562 τοὺς
1308 3499 1598 3562 ἐπιϐάτας.
1649 3500 1823 3562 Αὐτὸς

229 3592 326 3657 δὲ,
362 3593 505 3646 κατὰ
543 3593 639 3660 τὴν
667 3594 1094 3647 Φιλιππούπολιν
1119 3592 1230 3662 (58)
1251 3592 1630 3663 ἐνδιατρίϐων.
1660 3593 1820 3654 Πόλις

231 3684 300 3738 δὲ
327 3683 468 3755 αὕτη
507 3687 634 3756 περὶ
662 3686 761 3755 τὴν
793 3688 892 3755 τῆς
927 3685 1152 3756 Θρᾴκης
1179 3684 1496 3754 μεσόγειαν.
1548 3679 1722 3751 Εὖρος
1754 3685 1820 3754 τῇ

231 3779 396 3830 πόλει
433 3780 716 3849 παραρρεῖ
746 3779 882 3847 πρὸς
918 3777 1120 3848 βορρᾶν
1146 3777 1349 3847 ἄνεμον
1398 3778 1650 3830 πνέοντα.
1710 3777 1825 3828 Ῥεῖ

1930 2601 2050 2638 cum
2091 2599 2217 2637 ecce
2248 2583 2396 2636 illum
2431 2584 2628 2637 excitat
2676 2583 2818 2636 fama
2876 2599 3064 2636 rursus
3094 2585 3511 2651 pert-reliescens

1932 2689 2080 2727 nova:
2143 2674 2462 2743 irruptionis
2541 2675 2900 2729 Comauorum
2975 2673 3075 2728 sub
3148 2675 3358 2729 initium
3412 2695 3511 2731 au-
3570 2738 3576 2750 ί

1932 2769 2124 2831 tumni,
2154 2768 2392 2822 instante
2415 2776 2507 2822 aut
2535 2768 2750 2821 ineunte
2777 2768 3070 2821 indictione
3099 2781 3288 2821 octava
3315 2773 3505 2824 Istrum

1930 2859 2182 2925 traiicere
2241 2861 2577 2930 parantium.
2641 2859 2803 2913 Parat
2858 2868 3049 2934 contra
3107 2862 3508 2928 erpeditionem

1933 2952 2074 3005 illico
2131 2952 2428 3021 Augustus,
2483 2961 2540 3005 et.
2572 2966 2758 3004 mense
2789 2950 3079 3004 Novembri
3144 2953 3510 3018 proﬁciscitur

1927 3059 1992 3096 ex
2035 3043 2165 3097 urbe
2232 3043 2375 3111 regia
2404 3085 2420 3108 ,
2480 3045 2881 3110 accersitasque
2925 3043 3278 3112 undeCunque
3327 3048 3510 3106 copias

1932 3133 2204 3188 Romanas
2230 3135 2512 3188 universas
2546 3134 2714 3188 certis
2769 3134 2821 3186 in
2877 3135 3201 3186 stationibus
3236 3151 3330 3203 per
3357 3136 3504 3189 ilhuu

1928 3225 2154 3280 limitem
2183 3229 2439 3298 dispooit,
2485 3227 2622 3281 alias
2667 3227 3018 3298 l’ltilippopoii
3055 3228 3346 3292 collorans,
3377 3229 3509 3284 alias

1924 3315 2198 3371 Peritzutu
2254 3328 2310 3372 et
2359 3319 2692 3376 Triatlitzam
2737 3319 2876 3388 (loca
2928 3319 3006 3373 sic
3057 3320 3220 3389 dicta)
3257 3321 3508 3374 obtinere

1921 3408 2115 3474 jnhcns
2147 3426 2160 3473 ;
2196 3411 2320 3462 aliis
2354 3410 2558 3464 Thema
2588 3409 2729 3478 quod
2780 3409 2907 3463 Nesi
2968 3410 3170 3464 dicitur
3198 3412 3508 3465 custodien-

1927 3499 2054 3552 dum
2083 3501 2384 3554 attribueus
2428 3517 2598 3568 usque
2636 3501 2704 3556 ad
2742 3500 3162 3554 Bttranitzoham
3197 3503 3505 3567 contiguam

1927 3589 2064 3646 Istro
2131 3593 2318 3647 urbem
2364 3608 2428 3647 ac
2477 3594 2775 3662 regionem.
2839 3593 3096 3647 Militibus
3152 3593 3230 3648 sic
3286 3593 3338 3646 in
3391 3595 3504 3646 loca

1928 3684 2210 3737 commoda
2282 3685 2587 3738 distributis
2642 3685 2812 3738 edixit
2879 3685 3146 3738 universis
3213 3685 3510 3754 imperator

1929 3789 2115 3829 curam
2141 3789 2404 3842 equorqu
2441 3785 2710 3844 gererent,
2746 3775 3046 3841 darentque
3079 3790 3320 3843 Operam,
3345 3775 3511 3847 450

236 3868 350 3939 μὲν
377 3868 486 3939 γὰρ
529 3863 683 3931 οὗτος
715 3869 825 3923 ἀπὸ
855 3869 964 3922 τῶν
999 3871 1252 3940 περάτων
1291 3869 1472 3922 αὐτῶν
1497 3869 1599 3936 τῆς
1640 3867 1820 3920 Ῥοδό-

1929 3876 1986 3922 υι
2027 3867 2061 3920 ii
2121 3867 2348 3935 pingues
2385 3875 2439 3920 et
2473 3867 2681 3921 robusti
2730 3868 2866 3921 satis
2892 3876 3097 3930 essent,
3134 3869 3196 3919 ad
3255 3868 3509 3923 ferendos

231 3979 377 4032 ττης,
425 3964 520 4015 καὶ
561 3962 788 4023 πολλὰς.
825 3962 1154 4033 ποιούμενος
1197 3962 1386 4026 ἕλικας
1436 3963 1530 4016 καὶ
1565 3962 1817 4032 καμπὰς,

233 4055 586 4124 παραμείϐει
616 4072 674 4107 τε
700 4053 802 4126 τὴν
845 4053 1153 4125 Ἀδριανοῦ,
1193 4053 1404 4107 πολλῶν
1433 4055 1527 4106 καὶ
1551 4054 1729 4106 ἄλλων
1761 4055 1819 4116 ἐς

231 4144 406 4198 ταυτὸ
466 4145 733 4214 ποταμῶν
795 4144 1342 4214 συνεμῦεεληκὸτων,
1400 4145 1496 4199 καὶ
1551 4144 1687 4215 περὶ
1721 4144 1820 4216 τὴν

232 4233 404 4291 Αἶνον
427 4238 583 4289 πόλιν
618 4237 898 4289 ἐκδίδωσιν
925 4239 1005 4295 εις
1050 4236 1150 4308 τὴν
1199 4235 1500 4289 Θάλασσαν.
1550 4237 1816 4290 Φίλιππον

232 4331 296 4383 δὲ
328 4331 458 4382 ὅταν
485 4331 644 4394 εἴπω,
665 4331 723 4382 οὐ
758 4331 850 4382 τὸν
872 4328 1162 4382 Μακεδόνα
1193 4328 1338 4397 λέγω
1375 4330 1466 4382 τὸν
1491 4331 1585 4382 τοῦ
1617 4328 1822 4398 Ἀμύν-

231 4440 337 4476 cca
392 4423 658 4494 (νεωτέρα
686 4424 792 4492 γὰρ
839 4424 872 4493 ὴ
918 4421 1076 4485 πόλις
1125 4421 1220 4475 τοῦ
1263 4421 1532 4475 Φιλίππου
1575 4423 1818 4495 τούτου),

321 4607 336 4637 ⁸
371 4604 528 4658 Joau.
561 4617 614 4666 v,
644 4601 731 4658 ⁸59.

1927 3958 2016 4013 die
2049 3972 2240 4027 pugna:
2275 3959 2578 4012 decretorio
2608 3956 2858 4012 dominos
2882 3967 3154 4013 armatos.
3176 3957 3294 4026 Ipse
3322 3958 3508 4028 Augu-

1930 4063 2046 4110 ειυς
2073 4054 2445 4108 commorandi
2479 4053 2661 4107 sedem
2699 4053 2799 4108 sibi
2835 4051 3252 4122 PhilippOpolim
3292 4053 3506 4120 delegit.

1931 4141 2027 4198 Est
2069 4158 2131 4197 ea
2186 4142 2379 4197 civitas
2428 4143 2480 4196 in
2510 4144 2926 4197 mediterraneis
2979 4140 3244 4196 Thraciae.
3297 4139 3510 4196 Hebrus

1929 4251 2047 4290 eam
2083 4235 2287 4289 ﬂumen
2325 4235 2480 4289 alluit
2511 4251 2538 4288 a
2577 4235 2947 4303 septentrione
2997 4233 3187 4289 ﬂuens.
3237 4235 3285 4286 is
3335 4235 3510 4287 amnis

1929 4337 2083 4382 ortus
2121 4329 2188 4382 ab
2244 4331 2506 4382 extremis
2568 4327 2856 4396 Rhodopes
2912 4327 3130 4392 ﬁnibus,
3185 4328 3271 4380 tibi
3327 4326 3510 4380 multis

1930 4437 2050 4477 sese
2067 4421 2290 4478 ﬂexibus
2313 4423 2554 4478 sinuosis
2574 4422 2892 4492 obliquavit,
2917 4421 3026 4475 obit
3055 4420 3278 4474 Adriani
3298 4419 3507 4484 urbem,

1329 4695 1531 4757 Variae
1583 4694 1888 4758 lectiones
1919 4715 1998 4759 ex
2029 4699 2164 4760 cod.
2205 4697 2478 4760 Coislin.

315 4811 365 4843 9°
407 4801 900 4873 λογοποιουμένην.
987 4799 1031 4830 ’ί
1064 4795 1261 4850 Νίσου.

1282 4886 1417 4946 Car.
1454 4882 1778 4944 anresnii
1808 4886 1902 4946 Du
1939 4886 2157 4963 Cangii
2198 4895 2384 4949 notae.

316 5005 432 5072 (56)
469 5001 721 5071 Ὀγδόης
750 4995 1183 5072 ἐπινεμήσεως.
1213 4990 1458 5072 .Alexius
1515 4987 1814 5072 bellumniu

1929 4992 2102 5052 Anna,
2136 4993 2289 5072 dum.
2317 4989 2520 5072 scribit
2570 4989 3326 5072 Philippopolim”_Kp_nvl6gg
3375 4990 3504 5070 olim

238 5054 516 5131 Cumanos
545 5054 762 5138 inn-aiis,
791 5084 856 5120 ex
885 5054 1015 5138 urbe
1041 5054 1407 5138 proﬁciscitur
1461 5073 1647 5138 mense
1703 5054 1817 5110 No-

242 5127 425 5200 giftlrtil.
463 5127 593 5194 iud-it
615 5151 652 5194 t.
687 5127 893 5200 Sponte
925 5127 1070 5189 cadit
1103 5134 1153 5185 in
1191 5150 1280 5184 au.
1313 5130 1459 5200 Chr._
1481 5127 1640 5200 HM.

320 5215 433 5284 (57)
492 5196 984 5284 Βουρανιζζύϐης.
1018 5204 1195 5284 Malim
1233 5196 1592 5284 lipavtﬁéfiqg,
1617 5198 1818 5284 tlerqua

247 5270 381 5337 urbe
416 5270 480 5334 ad
514 5270 710 5333 istrtnu
745 5280 847 5332 sita
883 5270 984 5331 non
1019 5273 1187 5328 setnel
1229 5279 1392 5339 agunt
1432 5270 1732 5353 tjittttatttus
1773 5277 1826 5320 et

245 5357 1218 5494 mli-ggsbtlmrtoozoltc.’Eadem
1265 5409 1465 5494 habent
1519 5408 1821 5494 getlt‘entts,

246 5478 515 5558 Zonaras,
572 5503 627 5545 et
681 5491 794 5543 Joel
856 5490 910 5540 in
942 5478 1243 5554 'Philippo.
1298 5479 1403 5534 Sed
1454 5478 1822 5533 Itauucinatur

308 5695 378 5761 (a)
403 5695 495 5746 Hic
515 5693 679 5744 deﬁcit
703 5691 859 5742 codex
884 5685 1251 5739 Florentianus.

1929 5073 2211 5120 \'0('alaili:
2278 5062 2330 5114 id
2389 5063 2532 5113 enim
2591 5062 2844 5113 convenit
2909 5059 3197 5127 Philippis,
3259 5061 3504 5115 Thracia:

1927 5138 2152 5197 perinde
2185 5135 2405 5198 oppido,
2445 5131 2532 5181 cui
2565 5131 2615 5182 id
2653 5130 2888 5182 nominis
2923 5132 3148 5182 inditum
3181 5146 3210 5180 a
3267 5127 3504 5184 fontibus

1925 5203 2015 5268 qui
2054 5202 2194 5252 rirt-a
2223 5201 2436 5263 collem,
2471 5200 2555 5252 cui
2583 5267 2586 5268 ν
2613 5200 2998 5259 ina-diﬁcatum
3021 5209 3124 5261 est,
3159 5202 3490 5262 scaturiunt,

1930 5267 2004 5321 uti
2039 5272 2238 5323 diserte
2291 5273 2511 5323 tradunt
2562 5267 2862 5338 Appianus,
2901 5270 2992 5323 lib.
3039 5269 3212 5338 nube
3243 5268 3376 5322 bello
3423 5270 3503 5338 cie

1926 5339 2060 5403 vili;
2114 5340 2379 5394 Diodorus
2435 5335 2716 5394 Siculfet
2770 5340 3020 5395 Plethon.
3087 5335 3222 5394 Vide
3271 5339 3394 5393 Not.
3432 5337 3498 5390 ad

1928 5407 2192 5464 thlltat'd.
2233 5427 2286 5464 tt.
2311 5409 2438 5463 238.
3376 5411 3384 5426 ⁸
