3998 6206
586 307 724 374 “03

1878 294 2104 356 ᾹΝΝᾸΞ
2147 290 2525 355 CIMNEN/E

3591 297 3692 369 110i

584 422 713 475 tiam
746 420 923 476 noctis
952 416 1257 473 custodiam
1290 410 1547 468 continuo
1573 413 1855 463 vacantem
1930 403 2022 459 uni
2092 401 2170 456 rei
2205 419 2221 456 :
2265 400 2574 455 audientem
2646 395 2907 452 nimirum
2971 396 3370 468 patientissime.
3422 417 3478 460 ac
3520 406 3698 465 vicissim

574 517 943 586 alioqnentem
997 527 1132 582 quos
1191 509 1422 566 subinde
1476 504 1795 562 accersebat
1868 501 2151 557 erroribus
2189 496 2504 567 implicitos.
2536 495 2616 551 lbi
2649 511 2746 552 eos
2775 496 3008 551 docebat
3032 498 3182 552 fidem
3208 510 3407 567 rectam,
3464 503 3523 558 ibi
3571 509 3700 575 pmi-

581 619 745 664 tatem
778 608 1048 663 haereseos
1077 604 1319 673 ipsorum
1346 600 1564 656 invictis
1625 594 1960 669 argumentis
2026 590 2348 648 confutabat
2394 590 2862 661 convincebatque
2914 590 3331 648 ineluctabiliter.
3406 595 3597 653 Aderant
3644 600 3702 656 vel

581 711 748 759 testes
782 699 864 754 vel
895 698 1174 767 adjutores
1203 693 1449 765 praeclari
1501 691 1682 761 operis
1745 687 2071 748 Eustratius.
2102 692 2157 739 et
2195 683 2389 738 Nicaea:
2423 684 2676 748 antistes,
2711 683 2797 737 vir
2822 693 2877 738 et
2903 684 3077 739 sacris
3104 694 3154 738 et
3216 690 3430 743 externis
3482 692 3703 749 cumulatus

577 794 800 859 litteris,
844 792 1125 863 praestanti
1153 803 1283 845 vero
1330 781 1936 857 potissitnuanollens
1983 776 2383 848 colloquiorum
2450 790 2515 832 ac
2574 790 2964 847 congressuum
3045 779 3456 836 eonserendorum
3509 783 3704 851 facultate,

583 888 722 944 adeo
762 889 979 959 quidem
1012 897 1071 941 ut
1103 885 1158 939 in
1192 884 1294 939 ista
1351 879 1688 952 disceptandi
1716 893 1898 933 coram
1927 877 2252 931 dexteritate
2281 873 2490 937 vivida,
2577 874 2846 943 copiaque
2901 873 3225 943 disputandi,
3271 890 3355 931 eos
3415 878 3550 933 etiam
3607 893 3709 938 ante-

580 981 801 1036 celleret
822 979 914 1050 qui
940 980 995 1033 iit
1027 976 1261 1032 Zenonis
1287 974 1523 1045 porticu,
1555 982 1648 1026 aut
1710 968 1974 1024 Academi
2040 966 2231 1037 spatiis
2271 966 2375 1021 hoc
2413 981 2579 1020 unum
2612 975 2725 1021 tota
2757 965 2867 1020 vita
2902 966 3239 1022 meditantur.
3285 967 3383 1022 Nec
3409 971 3506 1038 ipse
3535 972 3710 1029 videlicet

577 1072 765 1125 deerat
815 1067 1340 1138 Philippopolitanus
1388 1063 1851 1132 archiepiscopus.
1908 1057 2014 1113 Sed
2054 1067 2181 1112 ante
2218 1071 2408 1112 omnes
2432 1067 2489 1111 et
2514 1058 2893 1127 prmomnibus
2912 1073 3079 1112 unum
3106 1059 3380 1128 imperator
3399 1061 3487 1115 sibi
3510 1064 3564 1115 ad
3612 1065 3705 1119 hanc

576 1177 812 1233 pugnam
839 1161 1269 1217 commilitonem
1302 1157 1622 1211 auxiliarctn

1705 1153 2030 1220 adjunxcrat
2095 1149 2458 1220 Nicephorum
2515 1164 2694 1204 meum
2743 1149 3243 1223 CmSaremzh5ﬁ.
3271 1167 3413 1220 quem
3472 1153 3654 1223 iusserat
3674 1160 3709 1211 in

577 1258 771 1313 divinis
805 1257 958 1313 libris
983 1258 1118 1312 bene
1146 1257 1258 1327 jam
1294 1265 1450 1309 antea
1481 1263 1777 1316 versatum,
1812 1248 2066 1318 colligere
2091 1249 2159 1303 ad
2202 1257 2523 1318 praesentem
2571 1264 2729 1302 usum
2783 1250 3093 1320 habereqne
3141 1252 3189 1303 in
3259 1261 3478 1321 promptu
3534 1265 3656 1322 atque
3679 1254 3713 1307 in

577 1361 823 1423 tempore
845 1366 1139 1423 suggerere
1170 1348 1478 1403 testimonia
1504 1359 1783 1401 sacrorum
1806 1341 2152 1397 oraculorum
2192 1356 2317 1411 qua:
2340 1351 2524 1413 aperte
2560 1344 2898 1398 revincendis
2959 1344 3520 1415 Philippopolitanorum
3573 1350 3715 1402 errori-

577 1449 678 1503 bus
727 1455 848 1515 apta
902 1456 1106 1499 essent.
1144 1440 1374 1496 Fructus
1422 1439 1630 1495 exstitit
1674 1451 1852 1506 operae
1916 1450 2186 1506 magnus:

2264 1435 2511 1506 plurimis
2587 1434 3005 1491 Manichaeorum
3077 1438 3354 1506 pertinacia
3423 1447 3471 1492 et
3523 1440 3712 1494 dubitatio

578 1539 756 1594 omnis
784 1546 1031 1606 exempta
1059 1546 1161 1591 est.
1196 1535 1348 1589 Ibant
1386 1531 1631 1603 persuasi
1666 1544 1829 1584 exuto
1862 1544 2047 1583 errore
2079 1527 2147 1582 ad
2194 1527 2533 1595 sacerdotes,
2586 1529 2733 1583 etab
2762 1528 2828 1583 iis
2858 1536 3078 1597 peccata
3111 1530 3247 1584 ultro
3309 1529 3398 1598 ipsi
3425 1545 3504 1583 sua
3559 1531 3718 1591 fatentes

580 1630 1008 1696 damnantesque
1082 1627 1249 1681 divini
1320 1623 1572 1693 baptismi
1662 1622 1868 1677 ﬁebant
1917 1621 2232 1693 participes.
2274 1619 2471 1676 Multos
2497 1628 2676 1675 tamen
2710 1621 2893 1676 videre
2921 1631 3039 1677 erat
3081 1621 3261 1677 eodem
3290 1631 3502 1691 tempore
3542 1637 3719 1691 perversa

577 1721 882 1776 constantia
914 1734 1096 1774 veram
1147 1717 1288 1771 illam
1338 1727 1391 1771 et
1440 1722 1683 1771 sanctam
1718 1713 2148 1770 Machabzeorum
2188 1713 2540 1781 aantulantes,
2600 1712 2711 1768 imo
2763 1724 3105 1784 superantes.
3164 1713 3365 1768 Etenim
3425 1723 3471 1767 ut
3546 1713 3601 1767 illi
3654 1728 3721 1783 pro

579 1827 733 1868 sacra
769 1812 1061 1882 divinaque
1115 1809 1393 1878 religione,
1446 1809 1518 1863 ita
1583 1807 1639 1862 hi
1689 1822 1789 1876 pro
1856 1820 1957 1861 suo
2023 1805 2234 1862 nefario
2272 1820 2459 1861 errore
2484 1805 2918 1877 propugnabant,
2955 1817 3258 1876 perstantes
3284 1807 3333 1861 in
3360 1822 3438 1871 eo,
3474 1807 3723 1876 proferente:

576 1906 707 1976 quin
740 1906 902 1961 etiam
955 1903 1308 1958 auctoritates
1343 1912 1396 1956 et
1428 1900 1730 1957 sententias
1764 1899 2028 1955 librorum
2120 1898 2426 1954 divinorum
2499 1898 2699 1969 quibus
2757 1912 2917 1953 suum
2976 1899 3291 1969 disputabile
3344 1900 3518 1954 firmari
3593 1901 3722 1969 dogma

576 2000 888 2056 credebant.
914 1996 1116 2051 Verum
1152 2006 1205 2050 ct
1241 1996 1429 2050 horum
1471 1993 1743 2063 plerisque
1772 1993 1934 2048 istam
1996 1993 2061 2046 ad
2093 2001 2400 2048 extremum
2457 1992 2895 2048 oontumaciam~
2920 1994 3250 2063 qu0tidiante
3330 1994 3623 2050 allocutiones
3650 1996 3721 2048 im-

576 2093 842 2162 peratoris
877 2101 932 2146 et
966 2091 1056 2145 illa
1128 2090 1358 2144 miseros
1408 2088 1731 2143 admonendi
1800 2086 2233 2157 adhortandique
2272 2088 2812 2156 perseverantissima
2858 2087 3101 2158 dignatio
3130 2090 3339 2160 eripuit,
3379 2099 3432 2143 nt
3467 2089 3559 2157 jam
3584 2098 3626 2144 et
3648 2105 3726 2144 cre-

573 2187 720 2250 dere,
752 2196 807 2242 et
840 2200 999 2241 sacro
1025 2184 1351 2253 baptismate
1399 2179 1602 2236 initiari
1649 2181 1883 2236 convicti
1919 2179 2141 2242 vellent,
2185 2188 2349 2250 atque
2382 2179 2526 2234 ultro
2549 2190 2872 2248 poscerent;
2904 2198 3140 2252 quorum
3166 2182 3307 2237 salus
3359 2183 3543 2237 abunde
3588 2197 3722 2250 magna

573 2286 651 2335 tot
712 2280 960 2334 laborum
1013 2291 1226 2333 merces
1270 2274 1517 2347 Augusto
1552 2274 1875 2339 videbatur;

1950 2272 2192 2342 tantique
2271 2271 2346 2326 illi
2415 2281 2535 2327 erat
2589 2274 3188 2329 :erumnosissimorum
3244 2287 3584 2343 congressuutn
3622 2287 3728 2327 exoro

572 2369 700 2423 here
734 2369 889 2440 longa
919 2367 1101 2429 tardia,
1134 2364 1265 2419 solis
1292 2364 1359 2418 ab
1390 2372 1582 2419 exortu
1615 2365 1789 2434 primo
1817 2364 1883 2418 ad
1927 2361 2407 2433 profundissimam
2473 2364 2673 2433 saepius
2742 2375 2955 2420 noctem
3004 2364 3074 2420 du
3090 2368 3338 2433 rantium,
3382 2381 3410 2420 a
3485 2364 3637 2436 quibus
3688 2378 3731 2417 ne

576 2462 835 2517 memoria
863 2463 1078 2530 quidem
1125 2478 1247 2517 eum
1322 2473 1416 2517 aut
1482 2463 1783 2519 necessitas
1854 2461 2079 2517 curandi
2154 2458 2386 2514 avellere
2428 2460 2678 2531 corporis
2722 2471 2955 2532 poterat,
2993 2472 3145 2518 totos
3194 2463 3488 2532 plerumque
3524 2461 3730 2529 impaslum

573 2552 690 2607 dies
718 2552 770 2606 iu
801 2552 907 2608 illis
942 2553 1398 2608 fastidiosissimis
1443 2552 1642 2624 iurgiis
1687 2562 2150 2623 perseverantem,
2192 2552 2354 2622 idque
2395 2567 2493 2622 per
2543 2563 2736 2608 aestum
2769 2555 2868 2609 sub
2898 2555 3013 2610 sole
3046 2555 3285 2623 ardenti,
3319 2569 3432 2608 nam
3485 2552 3568 2606 ista
3617 2549 3731 2605 collo-

572 2648 697 2720 quia
726 2647 781 2702 in
812 2646 1080 2702 subdivali
1114 2647 1471 2703 tabernaculo
1509 2647 1730 2702 fiebant.

650 2740 782 2793 Dum
847 2736 964 2792 haec
998 2737 1234 2791 maxime
1289 2746 1556 2806 geruntur
1608 2748 1663 2791 et
1722 2739 2009 2792 verborum
2053 2735 2235 2795 hocA

577 2829 821 2899 praelium
847 2833 1011 2895 atque
1036 2827 1309 2881 rationum
1346 2841 1469 2881 cum
1512 2825 1828 2882 Manichaeis
1863 2824 2057 2879 initum
2102 2825 2156 2878 in

579 2921 997 2992 flagrantissima
1029 2918 1415 2973 commissione
1444 2928 1567 2987 est,
1608 2920 1826 2989 quidam
1870 2933 2001 2973 ecce
2030 2933 2159 2972 cur-

577 3014 747 3069 riculo
771 3011 839 3066 ab
869 3010 1006 3065 Istro
1028 3010 1256 3065 veniens
1288 3011 1575 3080 trajecisse
1613 3011 1829 3065 nuntiat
1860 3009 2153 3066 Comanos.

580 3104 799 3172 l'tumpit
834 3103 901 3157 ad
931 3117 1051 3157 eam
1094 3117 1279 3156 vocati
1308 3103 1606 3172 imperator
1632 3118 1814 3159 moras
1847 3119 2061 3169 onines,
2103 3113 2157 3158 et

582 3196 882 3252 Danubium
932 3210 1124 3251 versus
1147 3195 1421 3265 extemplo
1474 3206 1676 3260 movet,
1735 3198 2031 3266 assumptis
2068 3212 2160 3251 ra-

578 3290 710 3356 ptim
741 3303 877 3359 quos
908 3287 1048 3343 forte
1080 3286 1228 3343 circa
1260 3302 1321 3343 se
1348 3288 1538 3344 habuit
1573 3288 1861 3343 militibus.
1909 3286 2045 3343 Cum
2077 3288 2161 3343 his

577 3394 790 3435 summa
850 3378 1127 3436 celeritate
1174 3394 1325 3446 usus,
1357 3380 1604 3449 pervenit
1650 3379 1738 3435 ille
1788 3381 2004 3450 quidem
2047 3383 2156 3434 cito

577 3471 842 3545 Bidyuen,
889 3481 1143 3527 eceteram
1177 3471 1287 3527 illic
1339 3480 1399 3527 ut
1428 3483 1746 3542 speraverat
1795 3488 1901 3527 non
1947 3475 2155 3543 reperit

577 3566 871 3621 Barbaros.
903 3561 1171 3618 Nimirum
1204 3564 1258 3618 hi
1301 3572 1521 3634 accepta
1554 3563 1698 3618 fama
1725 3573 1948 3618 strenue
1971 3574 2160 3617 contra

581 3660 727 3725 ipsos
762 3655 1014 3713 vadentis
1049 3656 1279 3728 Augusti
1318 3656 1549 3727 trajecta
1577 3657 1773 3710 iterum
1808 3670 1968 3711 amne
1990 3665 2164 3711 retro-

580 3760 890 3806 cesserant.
929 3749 1027 3804 llic
1068 3752 1367 3816 imperator
1411 3759 1752 3819 segregatant
1806 3762 1871 3803 ex
1909 3747 2163 3803 omnibus

581 3843 753 3907 copiis
788 3842 982 3896 lectam
1017 3840 1238 3895 fortium
1278 3855 1496 3895 manum
1562 3836 1645 3894 ire
1670 3848 1791 3909 past
1825 3839 2043 3908 fugaces
2077 3842 2166 3911 ju-

583 3931 693 3984 bet.
721 3926 1031 3986 Transeunt
1058 3930 1251 3985 lstrum
1286 3929 1365 3984 illi
1397 3938 1452 3984 et
1478 3930 1653 3984 tribus
1683 3930 1876 3985 diebus
1910 3932 2160 3985 tctidem-

585 4034 691 4088 que
718 4019 971 4074 noctibus
1002 4034 1214 4074 summa
1246 4019 1296 4073 vi
1342 4019 1528 4075 hostes
1557 4019 1785 4075 insecuti
1820 4021 2037 4085 laudent
2068 4036 2162 4076 eos

2341 2732 2430 2785 Ἐν
2460 2730 2570 2799 ὅσῳ
2596 2730 2858 2784 δὲταῦτα
2890 2730 3157 2799 ἐτελεῖτο,
3196 2731 3288 2785 καὶ
3327 2733 3358 2803 ή
3405 2728 3573 2799 λογικὴ
3610 2724 3734 2791 ἐκείνη

2268 2824 2408 2897 μετὰ
2439 2823 2548 2877 τῶν
2582 2823 2903 2894 Μανιχαίων
2940 2828 3326 2896 συνεκροτεῖτο
3371 2822 3564 2894 ἅμιλλα,
3592 2818 3737 2888 φθάσας

2264 2937 2353 2983 τις
2396 2916 2503 2971 ἀπὸ
2536 2916 2631 2969 τοῦ
2666 2916 2879 2988 Ἴστρου
2930 2917 3172 2988 τὴντῶν
3216 2916 3467 2988 Κομάνων
3513 2908 3737 2981 ἀπήγγελλε

2262 3006 2676 3080 διαπεραίωσιν.
2721 3006 2779 3060 Ὀ
2834 3006 2892 3061 δὲ
2939 3007 3205 3078 perculsis;
3258 3009 3328 3079 μὴ
3384 3006 3615 3078 μελλήσας
3649 3002 3739 3060 ὅλως

2263 3103 2401 3177 πρὸς
2452 3103 2542 3156 τὸν
2595 3100 2858 3155 Δάνουειν
2886 3101 3121 3173 ἤλαυνε,
3161 3104 3271 3165 τοῖς
3300 3097 3739 3171 περιτυχοῦσιστρα·

2263 3195 2490 3257 τιὼταις
2526 3194 3007 3263 συγχρησάμενος,
3040 3195 3147 3248 καὶ
3176 3195 3274 3264 τὴν
3297 3193 3504 3262 Βιδύνην
3525 3186 3741 3256 (θῆκαι-

2263 3286 2446 3342 ).α6ὼν
2477 3285 2573 3341 καὶ
2602 3286 2730 3350 τοὺς
2762 3285 3096 3357 Βαρόἁρους
3133 3286 3207 3357 μὴ
3236 3283 3498 3355 εὑρηκώς·
3546 3276 3741 3350 προέφθα-

2266 3396 2365 3431 σ²ν
2399 3379 2505 3449 γὰρ
2533 3376 2632 3449 τὴν
2660 3376 2756 3431 τοῦ
2783 3378 3198 3451 αὐτοκράτορος
3228 3378 3429 3432 {leuant
3456 3371 3743 3446 μεμαθηκὸτες

2264 3452 2347 3531 eis
2392 3469 2637 3523 τούπίσω
2696 3469 3059 3540 διαπεράσαισ
3123 3473 3452 3544 παραχρῆμα
3496 3461 3743 3537 στρατιώτας

2263 3563 2549 3631 γενναίους
2592 3561 3014 3633 ἀποδιελάμενος
3071 3566 3178 3635 τὴν
3228 3565 3336 3618 τῶν
3386 3559 3642 3632 Βαρϐάρων
3669 3552 3746 3604 ἔπιε

2263 3653 2447 3721 δίωξιν
2474 3654 2794 3725 ἐπέτρεψεν.
2817 3656 2881 3708 Οἱ
2908 3654 2965 3708 δὲ
2995 3660 3241 3711 κατόπιν
3270 3656 3462 3709 τούτων
3486 3645 3741 3722 παραχρῆμι

2265 3748 2498 3819 ἤλαυνον
2546 3748 2636 3802 τὸν
2681 3749 2896 3820 Ἴστρον
2933 3750 3375 3822 διαπεράσαντες
3423 3747 3507 3803 καὶ
3545 3744 3620 3798 ἐπὶ
3649 3733 3747 3809 τρισὶ

2265 3838 2553 3903 διώκοντες
2584 3839 2970 3912 νυχοημέροις.
3022 3842 3185 3896 Ἐπεὶ
3216 3842 3343 3905 τοὺς
3378 3827 3746 3909 Κομάνουςὲθεᾶ·

2266 3948 2450 3997 σαντο,
2499 3932 2565 3985 δι’
2594 3927 2670 3986 ὧν
2718 3934 3056 4003 ἐπεφέροντο
3126 3934 3376 4006 σχεδιῶν,
3414 3933 3499 3985 τὸν
3524 3928 3663 3982 ἐκεῖσε
3686 3916 3748 3972 αὖ

2268 4022 2584 4086 Δανούσεως
2613 4022 2810 4094 ῥέοντα
2862 4024 3116 4095 ποταμὸν
3154 4024 3585 4095 διαπεράσαντες,
3624 4014 3747 4080 ἄκρα·

585 4109 771 4165 vident
801 4111 1092 4179 quemdam
1134 4110 1274 4164 ultra
1311 4110 1614 4165 Danubium
1648 4110 1912 4167 fluentem
1954 4112 2164 4167 ratibus

2191 4106 2239 4168 Β
2268 4130 2389 4167 κτοι
2441 4113 2581 4186 πρὸς
2633 4113 2724 4168 τὸν
2772 4114 3165 4187 αὐτοκράτορα
3214 4111 3609 4185 ἐπανέστρεψαν.
3640 4106 3683 4159 '0
3713 4099 3750 4152 δὲ

584 4215 723 4269 quas
770 4199 1024 4255 ferebant
1064 4216 1250 4255 secum
1295 4201 1579 4271 traiecisse
1631 4199 1887 4266 ﬂuvium;
1923 4217 2042 4272 qua:
2074 4217 2161 4258 res

581 4304 677 4345 vos
704 4290 885 4362 redire
910 4290 978 4345 ad
1015 4290 1398 4358 imperatorem
1431 4291 1617 4345 irritos
1644 4293 1755 4359 spei
1786 4292 2069 4362 eantpulit.
2113 4290 2162 4349 ls

582 4383 683 4439 etsi
714 4381 944 4438 moleste
994 4382 1155 4447 tulit,
1197 4397 1304 4436 non
1358 4381 1529 4438 fuisse
1572 4383 1947 4453 deprehensos
1982 4403 2010 4436 ει
2045 4385 2162 4441 suis

581 4474 913 4531 exercitibus
941 4474 1211 4545 fugientes
1257 4473 1547 4539 Barbaros,
1606 4484 1783 4528 tamen
1826 4476 1878 4530 in
1923 4476 2163 4532 victoriae

581 4579 736 4637 parte
774 4568 1079 4623 numeravit
1131 4565 1314 4638 fugam
1368 4565 1514 4622 illam
1558 4566 1729 4636 ipsam
1767 4567 2003 4624 hostium
2045 4570 2160 4625 sola

582 4662 768 4730 procul
819 4660 962 4717 fama
1005 4662 1365 4730 repulsorum,
1428 4660 1723 4717 accedente
1751 4664 2052 4732 praesertim
2091 4664 2160 4718 ad

582 4756 715 4807 lucri
743 4755 1018 4809 cumulum
1049 4769 1111 4809 ea
1144 4753 1489 4823 expeditione
1530 4752 1658 4808 facti
1694 4755 2042 4810 traductione
2082 4766 2163 4811 tot

589 4847 864 4900 Lominum
899 4861 927 4901 a
962 4845 1169 4901 nefaria
1194 4843 1614 4901 Manichaeorum
1639 4845 1829 4901 ltmresi
1865 4848 1927 4900 ad
1959 4857 2159 4901 rectam

540 4968 543 4971 -
585 4953 824 4992 nostrain
861 4951 915 4993 et
960 4955 1147 4993 sanant
1182 4940 1364 4993 fidem.
1413 4936 1504 4994 Bis
1551 4937 1714 5007 igitur
1747 4940 1921 4993 vietor
1953 4950 2004 4993 et
2039 4952 2155 4994 tro-

585 5045 698 5095 pato
725 5032 926 5098 duplici
959 5044 1162 5099 erecto,
1223 5032 1396 5086 altero
1457 5032 1508 5085 vi
1570 5047 1845 5086 armorum
1896 5031 2155 5088 adversus

587 5111 873 5187 Barbaros,
925 5123 1099 5178 altero
1142 5123 1491 5180 contentione
1522 5123 1907 5195 disputationis
1940 5124 2156 5194 religio-

584 5208 833 5266 sissima:
873 5212 1135 5268 adversus
1174 5208 1337 5285 455
1381 5212 1690 5279 Ιιωτειὶεοε,
1741 5210 2152 5283 Philippopolim

2262 4205 2516 4276 βασιλεὺς
2567 4205 2764 4278 ἑδιάθη
2811 4197 2923 4278 ’μὲν
2971 4210 3054 4262 ὅτι
3113 4209 3195 4283 μὴ
3242 4209 3622 4278 κατελήφθησαν
3648 4194 3750 4263 παρὰ

2260 4300 2369 4352 τῶν
2421 4301 2846 4370 στρατευμάτων
2886 4301 2935 4353 οἱ
2978 4302 3285 4375 Βάρϐαροι,
3333 4303 3472 4373 ὅμως
3517 4298 3659 4367 μέντοι
3689 4284 3753 4339 καὶ

2259 4389 2421 4444 τοῦτο
2450 4390 2616 4460 μέρος
2654 4389 2813 4461 νίκης
2842 4394 3116 4461 ἡγήσατο,
3150 4397 3236 4449 ὃτι
3270 4394 3329 4458 ἐξ
3354 4391 3512 4460 ἀκοῆς
3537 4385 3614 4439 καὶ
3635 4377 3752 4449 μόνης

2261 4483 2387 4545 τοὺς
2432 4480 2751 4553 Βαρϐάρους
2802 4485 3017 4550 annosa,
3054 4488 3157 4539 καὶ
3202 4486 3287 4540 ὅτι
3323 4483 3534 4544 πολλοὺς
3575 4464 3752 4528 satis

2262 4575 2359 4643 τῆς
2412 4573 2760 4644 Μανιχαῖκῆς
2810 4575 3078 4645 αἱρέσεως
3133 4579 3218 4641 εἰς
3248 4577 3346 4646 τὴν
3374 4571 3617 4644 ἡμετέραν
3642 4557 3755 4654 μετῄ

2262 4680 2422 4731 νιγκε
2447 4664 2650 4727 πίστιν,
2674 4665 2896 4720 διπλοῦν
2921 4668 3274 4737 στησάμενος
3293 4667 3557 4738 τρόπαιον,
3572 4655 3752 4711 italum

2261 4753 2567 4828 Βαρϐάρων
2588 4758 2696 4811 ἀπὸ
2718 4759 2824 4812 τῶν
2860 4759 3065 4828 ὃπλων,
3103 4764 3202 4815 καὶ
3236 4763 3381 4817 κατὰ
3421 4759 3519 4811 τῶν
3544 4740 3755 4821 αἱρετικῶν

2261 4848 2369 4901 ἀπὸ
2407 4849 2517 4902 τῶν
2556 4851 2968 4906 εὐσεϐεστάτων
3004 4854 3209 4924 λόγων.
3256 4848 3609 4923 Ὑποστρέψας
3633 4836 3757 4893 τοίννδ

2266 4940 2361 4992 καὶ
2392 4935 2550 5003 αὖθις
2573 4944 2653 5004 εἰς
2681 4941 3134 5014 Φιλιππούπο>.ιν,
3176 4949 3274 5001 καὶ
3310 4946 3500 5015 μικρὸν
3535 4925 3755 4993 διαναπαύ-

2267 5048 2367 5093 σας
2406 5032 2618 5095 ἑαυτὸν,
2673 5034 2833 5087 πάλιν
2856 5037 3080 5103 ἀγώνων
3104 5040 3307 5109 εἵλετο.
3332 5039 3432 5091 Τὸν
3465 5033 3561 5103 γάρ
3581 5044 3644 5082 τοι
3663 5024 3757 5076 lim"

2268 5122 2459 5177 λέοντα
2492 5126 2587 5178 καὶ
2634 5126 2725 5179 τὸν
2766 5128 3047 5192 Κούσινον,
3084 5135 3183 5184 καὶ
3221 5133 3317 5184 τὸν
3351 5130 3440 5184 ἐπὶ
3487 5125 3659 5178 τούτοις
3680 5109 3757 5164 91;"

2270 5216 2380 5283 λον,
2418 5215 2616 5287 ἄνδρας
2658 5220 2969 5290 προστάτας
3008 5222 3108 5291 τῆς
3157 5221 3506 5295 Μινιχαῑκῆς
3544 5210 3754 5283 αἱρέσεως.

586 5304 875 5359 revertitur
938 5306 1139 5375 ibique,
1186 5310 1398 5363 modica
1440 5309 1621 5378 quiete
1666 5318 1849 5375 capta,
1901 5309 2154 5378 applicuit

2192 5310 2237 5369 C
2271 5308 2379 5362 Kal
2408 5307 2478 5361 τὰ
2513 5309 2615 5378 μὲν
2662 5310 2802 5364 ἄλλα
2853 5314 2993 5368 κατὰ
3038 5314 3175 5378 τοὺς
3235 5316 3434 5376 ἄλλους
3483 5301 3756 5374 Μανιχιιίυυὶι

1478 5404 1485 5413 ’
1626 5422 1830 5484 Vat-ise
1863 5422 2176 5484 lectiones
2228 5440 2303 5484 ex
2333 5422 2473 5485 cod.
2519 5424 2792 5487 Coislin.

654 5523 676 5556 ⁸
710 5517 777 5595 ἦν
805 5517 953 5576 ἰδεῖν.

1649 5636 1791 5700 Cur.
1826 5636 2158 5698 Dufresnii
2200 5638 2298 5698 Du
2334 5636 2556 5718 Cangii
2592 5648 2780 5705 notte.

655 5737 768 5811 (64)
802 5740 1087 5809 Βιδύνην.
1119 5737 1335 5807 Didyme
1371 5743 1570 5791 lttCtlllO
1609 5746 1687 5792 cst
1720 5740 1859 5806 apud
1889 5737 2156 5792 'Lonaram
2194 5747 2245 5793 et
2284 5736 2575 5809 Scylitzetn
2599 5741 2653 5796 in
2688 5742 3109 5817 Bulgaroctono,
3139 5758 3195 5804 et
3227 5746 3468 5804 Suidam.
