3998 6206
263 251 394 318 1105

1444 265 1854 327 ALEXIADIS
1895 268 2044 328 LIB.
2080 268 2239 330 XIV.

3366 264 3502 340 lltzti;

259 367 462 431 δεινοὺς
493 367 548 420 δὲ
587 367 840 438 ἐνστῆναι
871 374 935 444 τῇ
973 373 1184 430 ἑαυτῶν
1219 375 1540 450 κακοδοξίᾳ,
1564 381 1662 432 κα)⁸
1691 379 1829 450 πρὸς

1944 397 2123 436 rursus
2151 381 2390 436 animum
2423 380 2487 435 ad
2546 379 2870 436 Manicliaaos
2925 381 3154 450 repetita
3213 392 3504 436 concerta-

260 459 319 511 τὸ
377 459 667 528 πεισθῆναι
731 461 912 530 λόγοις
958 466 1380 538 ἀδαμαντίνους.
1439 471 1718 538 σπαράξαι
1774 471 1831 524 δὲ

262 547 402 600 θεῖον
454 549 656 615 λόγιον,
715 554 810 604 καὶ
874 558 1226 626 κακοσχὸλως
1251 559 1400 630 αὐτῷ
1449 559 1701 612 ἐκλαϐεῖν
1753 562 1833 623 εἰς

260 640 570 710 ὑπερϐολὴν
623 645 985 714 εὐμηχάνους.
1047 649 1281 712 Τούτους
1337 653 1832 722 μεταπεμπόμενος

258 733 381 786 καθ’
415 733 631 804 ἡμέραν
657 737 895 810 ἑκάστην
927 741 1065 809 πρὸς
1086 742 1285 807 αὐτοὺς
1308 745 1400 799 τὸν
1454 746 1672 811 λογικὸν
1706 764 1835 800 συν-

258 827 481 896 εκράτει
507 830 528 860 ³
567 830 818 898 πόλεμον,
857 832 951 884 καὶ
982 829 1050 904 ἦν
1087 837 1214 888 ἰδεῖν
1255 837 1437 904 ἀγῶνα
1467 839 1708 893 διπλοῦν
1737 839 1831 894 τοῦ

263 917 364 986 μὲν
399 917 660 986 βασιλέως
690 921 841 986 ὅπως
875 924 1123 992 σωθεῖεν,
1161 928 1256 981 καὶ
1294 929 1502 1001 σφόδρα
1539 932 1833 1000 ὑπεραγων-

257 1006 561 1076 νιζόμενον,
595 1012 704 1064 τῶν
734 1012 779 1065 δ’
823 1015 978 1080 ὅπως
1034 1020 1318 1087 νικήσειαν
1351 1020 1655 1093 λεγομένην
1717 1024 1833 1076 Κα-

254 1099 452 1168 δμείαν
482 1103 1048 1171 διαφιλονεικοῦντων.
1103 1111 1324 1164 Ἑστᾶσι
1368 1113 1469 1183 μὲν
1517 1114 1624 1184 γὰρ
1662 1113 1756 1167 καὶ
1783 1113 1835 1166 οί

253 1192 408 1262 τρεῖς
454 1192 718 1263 Θήξαντες
770 1197 1036 1270 ἀλλήλους
1087 1202 1340 1274 καθάπερ
1394 1203 1538 1256 συῶν
1595 1205 1830 1270 ὀδόντες,

254 1282 354 1335 καὶ
391 1284 517 1346 τοὺς
561 1284 752 1354 λόγους
787 1290 880 1342 τοῦ
943 1293 1353 1365 αὐτοκράτορος
1409 1298 1466 1349 ἐν
1507 1297 1583 1367 νῷ
1616 1297 1834 1368 ἔχοντες

253 1373 588 1445 διατέμνειν.
625 1380 732 1432 Καὶ
778 1381 833 1433 εἴ
858 1399 941 1446 τις
971 1384 1064 1437 τὸν
1110 1386 1378 1440 Κούσινον
1421 1389 1718 1459 ὲξὲφευγεν
1746 1392 1835 1445 ἐν·

256 1484 467 1532 στασις,
508 1471 712 1542 ταύτης
743 1475 770 1526 ό
802 1475 1053 1530 Κουλέων
1076 1479 1536 1551 ἀντελαμϐάνετο,
1563 1487 1659 1537 καὶ
1691 1483 1831 1555 ἀμη-

249 1560 550 1629 χανοῦντος
604 1565 957 1632 Κουλέοντος,
1007 1571 1034 1622 ὁ
1080 1571 1262 1636 Φῶλος
1333 1572 1489 1637 αὖθις
1578 1575 1835 1639 ἀντεξαν-

253 1651 462 1716 ίστατο,
515 1653 547 1724 ἦ
599 1655 691 1708 καὶ
734 1659 870 1728 πρὸς
928 1661 1027 1723 τὰς
1081 1663 1371 1728 βασιλικὰς
1403 1666 1698 1735 προτάσεις
1741 1667 1835 1720 καὶ

253 1743 562 1812 ὕποφορᾶς,
594 1748 740 1817 ἄλλῳ
783 1750 878 1803 σὺν
908 1753 996 1806 ἐπ’
1026 1754 1173 1824 ἄλλῳ
1200 1757 1220 1787 ⁸
1256 1756 1533 1826 ἠγείρετο,
1577 1757 1832 1828 καθάπερ

256 1833 494 1904 μέγιστα
561 1838 783 1908 κύματα
852 1844 944 1896 ἐπὶ
1011 1846 1269 1914 μεγάλοις
1337 1849 1831 1920 καταλαμϐάνοντα

255 1926 522 1997 κύμασιν.
581 1932 642 1986 Ὀ
702 1933 760 1986 δὲ
821 1936 1181 2010 αὐτοκράτωρ
1220 1940 1320 2004 τὰς
1379 1941 1562 2004 πάσας
1621 1943 1832 1995 τούτων

251 2017 494 2074 διαλύων
547 2023 624 2086 ὡς
673 2026 822 2080 ἱστὸν
866 2029 1116 2100 ἀράχνης
1165 2032 1468 2098 ἐνστάσεις,
1514 2034 1831 2105 ἐπέρῤαπτε

253 2111 358 2180 μὲν
390 2114 554 2176 εὐθὺς
586 2118 694 2168 τῶν
720 2119 1047 2187 ἀκαθάρτων
1094 2125 1163 2177 τὰ
1209 2125 1476 2194 στόματα.
1517 2127 1606 2189 Ὠς
1634 2126 1691 2179 δὲ
1731 2127 1830 2179 πέ-

253 2218 451 2256 πεικεν
481 2205 753 2274 οὐδαμῶς,
809 2209 963 2273 τέλος
1015 2213 1337 2284 ἀπειρηκὼς
1383 2215 1520 2283 πρὸς
1570 2214 1669 2284 τὴν
1724 2214 1834 2268 τῶν

258 2293 474 2365 ἀνδρῶν
528 2297 734 2353 τούτων
779 2303 1098 2375 ἠλιθιότητα
1148 2307 1468 2376 προπέμπει
1497 2306 1724 2369 τούτους
1756 2308 1836 2369 εἰς

256 2385 360 2455 τὴν
390 2387 644 2455 βασιλίδα
671 2392 845 2458 πόλιν,
875 2395 1061 2450 ἑστίαν
1091 2398 1628 2468 άποκληρωσάμενος
1651 2399 1837 2460 αὐτοῖς

252 2477 356 2540 τὰς
392 2481 522 2550 περὶ
548 2482 608 2534 τὸ
641 2483 786 2552 μέγα
810 2487 1076 2540 παλὰτιον
1099 2491 1466 2561 περιδρόμους
1492 2492 1655 2554 στοᾶς
1688 2490 1824 2559 (65).

1940 475 2182 542 tioneab
2208 488 2394 530 errore
2429 474 2794 529 deducendos.
2823 472 3002 527 Facile
3033 474 3308 543 principes
3338 483 3504 530 sectae

1940 568 2102 621 totius
2131 575 2290 622 erant
2319 566 2542 627 Cnleon,
2571 565 2823 630 Cusiuus,
2856 573 2909 620 ct
2938 565 3159 628 Pholus,
3193 583 3298 620 non
3333 566 3510 626 solum

1938 658 2368 727 pertinacissima
2416 658 2629 729 ingenia
2664 666 2936 725 concepta:
2975 656 3132 712 istius
3181 658 3465 728 pravitatis
3493 696 3508 721 ,

1941 770 2125 810 verum
2161 754 2325 810 etiam
2389 753 2720 808 auctoritate
2778 761 2940 820 atque
2985 750 3197 804 artibus
3251 751 3509 804 instructa

1937 847 2186 903 omnibus
2208 846 2328 915 ejus
2357 845 2746 915 persuadendaa
2780 845 3272 914 propagandaequc.
3326 844 3510 910 Itaque

1937 942 1992 994 in
2029 940 2096 995 iis
2127 939 2460 1009 prmeipuum
2500 944 2857 1001 momentum,
2925 935 2979 989 in
3034 935 3120 990 his
3166 934 3309 987 haud
3351 931 3514 986 dubie

1938 1034 2003 1086 ad
2037 1045 2351 1086 successum
2381 1029 2582 1099 negotii
2615 1029 2779 1082 totius
2824 1027 2937 1097 spei
2969 1027 3135 1083 cardo
3166 1025 3504 1080 vertebatur.

1938 1125 2008 1178 At
2040 1123 2201 1178 iidem
2235 1123 2336 1176 viri
2371 1137 2480 1191 pra:
2511 1121 2756 1184 cat-teris,
2791 1128 2849 1175 ut
2880 1119 3142 1185 diximus,
3199 1117 3342 1170 afﬁxi
3377 1130 3516 1185 prae—

1933 1213 2190 1285 judicatis
2246 1212 2612 1283 opinionibus,
2645 1211 2795 1267 surdi
2827 1210 2892 1265 ad
2929 1210 3155 1276 monita,
3187 1209 3252 1263 ad
3286 1221 3517 1276 persua-

1936 1305 2117 1360 siones
2148 1302 2505 1367 adamantini,
2552 1302 2682 1372 quin
2731 1302 2895 1358 etiam
2929 1301 2982 1356 in
3016 1302 3157 1357 ultro
3203 1298 3515 1356 lacessenda

1939 1395 2335 1465 lacerandaqne
2367 1393 2615 1450 doctrina
2659 1409 2814 1460 sana,
2859 1393 3074 1449 cavlllis
3102 1437 3106 1444 .
3137 1390 3425 1447 malitiosis
3461 1399 3520 1445 et

1939 1486 2138 1542 astulis
2208 1486 2523 1556 argutisque
2587 1485 2938 1555 sophismatis
3019 1483 3517 1540 calumniosissime

1939 1579 2184 1643 verbosi,
2216 1579 2427 1649 sperari
2470 1579 2560 1634 vix
2586 1577 2842 1634 sinebant
2873 1582 3014 1647 quod
3047 1575 3346 1646 optandum
3375 1583 3518 1629 erat.

1939 1675 2238 1743 Aggressus
2281 1672 2633 1727 nihilominus
2686 1671 2937 1728 homines
2985 1670 3260 1740 Augustus
3309 1676 3414 1732 est,
3464 1675 3520 1720 et.

1939 1779 2060 1819 cum
2109 1763 2176 1818 iis
2221 1763 2466 1831 quotidie
2527 1763 2594 1818 ad
2662 1776 2721 1817 se
2770 1761 2980 1817 vocatis
3050 1759 3517 1816 concertationem

1938 1853 2176 1924 suscepit
2207 1869 2388 1909 acrem
2441 1861 2496 1908 et
2529 1852 2618 1908 diu
2653 1851 2945 1922 ancipitem
2981 1848 3198 1905 obnixis
3240 1846 3518 1914 utrimque

1937 1948 2132 2004 studiis
2159 1945 2604 2002 contendentium
2629 1961 2643 1997 :
2667 1959 2788 2000 cum
2823 1944 3118 2012 imperator
3142 1941 3357 2010 quidem
3382 1935 3518 1992 nihil

1940 2037 2042 2094 sibi
2073 2037 2280 2092 faceret
2310 2035 2502 2105 reliqui
2536 2035 2602 2088 ad
2628 2050 2850 2090 omnem
2909 2049 3096 2088 curam
3139 2045 3520 2098 summumque

1941 2138 2194 2185 conatum
2234 2127 2596 2197 persuadendi
2634 2125 2862 2194 perditis
2892 2135 2951 2180 ut
2980 2125 3115 2182 salvi
3142 2139 3262 2179 esse
3293 2123 3510 2183 vellent.

1935 2222 2012 2277 illi
2065 2230 2254 2276 contra
2281 2219 2497 2275 stolidis
2525 2218 2796 2274 reuisibus
2854 2218 3116 2274 indomita
3144 2215 3514 2272 obstinatione

1936 2315 1988 2367 in
2017 2312 2223 2367 furioso
2248 2326 2367 2367 sese
2400 2310 2626 2365 consilio
2655 2311 2971 2380 respuendae
3005 2309 3198 2365 salutis
3219 2308 3519 2364 obtirman-

1937 2415 2018 2461 tes
2074 2403 2202 2458 lotis
2258 2402 2645 2458 incumbebant
2701 2403 2909 2458 viribus
2959 2403 3026 2456 ad
3073 2402 3340 2456 funestam
3401 2404 3506 2453 sibi

1940 2505 2174 2561 vereque
2218 2489 2511 2546 Cadmeam
2561 2491 2844 2546 victoriam
2896 2491 3298 2561 reportandam.
3338 2487 3518 2544 Ferox

250 2585 354 2641 per
378 2585 436 2624 se
467 2575 692 2643 quisque
719 2578 1140 2635 additamentum
1178 2585 1412 2638 audacia:
1439 2599 1505 2638 ex
1535 2586 1812 2639 consortio
1850 2593 2039 2638 mutuo
2065 2585 2370 2639 sumebant.
2412 2583 2518 2638 lies
2545 2585 2614 2639 ab
2649 2584 2714 2638 iis
2742 2585 3105 2640 communiter
3169 2594 3226 2638 ut
3287 2598 3317 2637 a
3385 2598 3516 2638 con-

248 2660 590 2727 Spirautibus
616 2667 1022 2739 conjuratisque
1049 2671 1374 2742 gerebatur;
1408 2691 1506 2730 nec
1533 2677 1824 2730 retundere
1865 2675 2101 2729 contenti
2147 2675 2397 2729 salubres
2431 2676 2773 2742 imperatoris
2805 2676 2965 2738 ictus,
2993 2675 3158 2728 etiam
3225 2689 3400 2743 usque
3461 2675 3514 2726 in

250 2751 508 2810 fiduciam
543 2758 684 2814 ultro
722 2761 1030 2818 incessendi
1076 2767 1338 2822 tollebant
1405 2768 1617 2822 animos
1684 2768 1957 2838 religionis
1987 2767 2140 2835 juxta
2185 2767 2594 2836 majestatisque
2625 2777 3050 2836 contemptores.
3130 2765 3320 2820 Nullus
3400 2764 3512 2833 jam

245 2846 515 2916 principis
544 2863 849 2922 respectus.
897 2857 1112 2911 lrritata
1144 2875 1314 2928 usque
1350 2862 1400 2914 in
1431 2862 1637 2916 rabiem
1693 2861 2035 2916 contumacia
2068 2861 2426 2914 reverentiam
2464 2860 2694 2913 vicerat.
2771 2858 2954 2912 Palam
3021 2860 3073 2913 in
3139 2873 3202 2914 os
3261 2858 3518 2928 procaci-

249 2947 337 2993 ter
371 2938 821 3012 interpellabatur
848 2947 1124 3017 Augustus
1150 2951 1399 3020 loquens,
1420 2955 1488 3008 ab
1516 2955 1824 3010 inhumanis
1867 2971 1972 3009 non
2007 2955 2190 3008 minus
2222 2970 2380 3023 quam
2431 2954 2630 3021 impiis.
2669 2954 2758 3022 qui
2787 2952 2932 3006 velut
2969 2952 3020 3005 in
3065 2961 3219 3007 arcto
3304 2967 3335 3007 a
3413 2965 3509 3005 ve-

246 3035 543 3091 natoribus
595 3036 732 3094 forte
761 3042 1080 3110 deprehensi
1129 3057 1446 3113 spumantes
1531 3051 1650 3119 apri
1719 3049 1911 3105 dentes
1949 3053 2218 3105 acuebant
2259 3061 2442 3104 mutuo
2468 3051 2605 3106 etin
2636 3063 2828 3104 omnes
2880 3047 3150 3102 inferendi
3194 3063 3406 3102 morsus
3436 3062 3526 3103 ocr

243 3127 506 3184 casioues
537 3130 836 3192 inhiabant.
865 3137 966 3192 Ubi
1001 3139 1470 3196 dixeratCusinus
1499 3144 1642 3211 quod
1677 3143 1830 3199 furor
1908 3150 2258 3216 suggesserat
2311 3144 2376 3196 ad
2429 3142 2842 3198 convellendam
2900 3141 3323 3211 disputationem
3411 3145 3522 3196 Au-

243 3221 424 3291 gusti,
482 3224 624 3292 quod
683 3225 771 3280 ille
829 3229 1088 3284 omiserat
1144 3233 1427 3301 supplebat
1481 3234 1646 3290 Culeo
1681 3254 1694 3289 :
1728 3237 1830 3292 hoc
1906 3253 2128 3307 quoque
2161 3237 2279 3305 ipso
2305 3236 2595 3296 exhausto,
2633 3233 2856 3298 Pholus,
2893 3236 3050 3303 quasi
3098 3234 3313 3301 utrique
3395 3250 3518 3288 sne-

243 3321 618 3405 cenlurinlll§.
663 3337 851 3377 recens
905 3339 1139 3395 pugnam
1195 3329 1516 3395 capessebat
1554 3346 1566 3382 :
1604 3332 1674 3384 ita
1740 3341 1834 3385 aut
1913 3332 2178 3385 adversus
2243 3330 2586 3397 imperatoris
2619 3328 3062 3384 ratiocinationes
3085 3339 3262 3382 certas
3297 3337 3351 3382 et
3387 3328 3524 3393 peti.

249 3409 439 3465 tiones
491 3412 863 3469 incluctabiles
909 3416 1000 3470 alii
1052 3432 1212 3486 super
1260 3419 1394 3474 alios
1441 3435 1560 3475 sese
1599 3423 1827 3476 invicem
1872 3422 2250 3475 inscendentcs
2276 3420 2566 3474 resilientis
2619 3419 2932 3487 pertinaciae
3001 3418 3195 3473 ﬂuctus
3259 3431 3525 3473 extustna‘

250 3517 402 3563 rent.
469 3511 546 3564 Ac
601 3509 756 3564 facile
788 3512 1064 3581 Augustus
1108 3515 1322 3582 quidem
1401 3516 1660 3584 quidquid
1711 3517 1783 3569 illi
1851 3515 2205 3569 obtenderent
2257 3511 2496 3566 dilllahat
2564 3511 2956 3579 everrebatqne
3000 3524 3096 3563 ceu
3148 3508 3328 3562 futiles
3393 3525 3520 3562 ara-

265 3616 496 3655 nearum
532 3602 688 3666 telas,
723 3606 908 3672 sicque
953 3605 1267 3660 obstruebat
1291 3622 1384 3660 ora
1413 3607 1644 3677 impura.
1678 3607 1946 3661 Caeterum
1975 3606 2068 3660 ubi
2100 3604 2477 3673 loquacitatem
2539 3601 2646 3655 fuci
2731 3599 2844 3668 jam
2902 3599 3081 3654 omnis
3141 3598 3396 3666 impotem
3465 3603 3517 3653 iu

252 3694 538 3750 silentium
565 3695 921 3766 compulerat,
956 3707 1062 3750 tota
1098 3699 1340 3752 restabat
1371 3700 1422 3752 in
1451 3699 1605 3754 duris
1667 3700 1884 3754 animis
1945 3697 2277 3766 pervicacia,
2309 3693 2567 3748 dedoceri
2617 3693 2804 3761 utique
2853 3704 3085 3746 renuens
3117 3704 3334 3744 errores
3359 3691 3524 3744 etiam

255 3790 565 3845 convictos.
597 3789 694 3844 llic
725 3801 989 3857 pertaesus
1037 3794 1356 3848 stoliditatis
1415 3795 1694 3849 hominum
1730 3798 2004 3868 Angustus
2032 3793 2220 3849 deduci
2251 3807 2343 3848 eos
2373 3805 2484 3860 prae
2569 3803 2627 3844 se
2673 3789 2828 3856 jubet
2906 3787 2959 3842 in
3037 3786 3225 3842 urbem
3290 3787 3514 3855 regiam,

261 3887 536 3955 assignata
569 3887 699 3952 ipsis
735 3887 1066 3942 habitatione
1125 3889 1176 3944 iu
1205 3891 1503 3958 porticibus
1537 3907 1657 3960 qum
1689 3894 1835 3947 circa
1879 3907 2130 3962 maguum
2169 3889 2433 3959 palatium
2463 3897 2610 3940 sunt.

340 3975 415 4027 Οὐ
477 3975 582 4044 μὴν
627 3974 830 4045 ἄουρος
889 3976 1238 4031 παντάπασιν
1285 3973 1352 4048 ἦν
1404 3981 1452 4033 εί
1487 3980 1583 4032 καὶ
1621 3980 1839 4043 τούτους

2025 3979 2115 4033 Sie
2158 3981 2208 4031 in
2252 3992 2488 4047 prmsens
2526 3973 2672 4028 ﬁnita
2707 3973 2787 4028 vel
2833 3972 3012 4042 potius
3050 3971 3360 4026 intermissa
3402 3986 3525 4026 cum

262 4068 397 4130 τοὺς
424 4069 688 4138 ἀρχαίους
724 4069 918 4138 λόγους
951 4069 1030 4139 τῷ
1080 4071 1221 4134 τέως
1249 4073 1348 4124 οὐκ
1381 4073 1673 4142 ἐθήρασεν,
1727 4073 1845 4128 ἀλλ’

266 4161 484 4230 ἡμέρας
520 4162 756 4227 ἑκάστης
809 4163 1055 4234 προσῆγε
1095 4163 1235 4231 Θεῷ,
1290 4165 1424 4218 ὅπου
1475 4166 1573 4236 μὲν
1628 4167 1848 4228 ἑκατὸν,

268 4254 407 4304 ὅπου
437 4252 492 4305 δὲ
529 4255 622 4305 καὶ
650 4253 876 4317 πλείους
905 4253 1015 4306 τῶν
1049 4255 1245 4308 ἑκατόν
1272 4271 1285 4284 ·
1321 4256 1394 4318 ὡς
1432 4257 1850 4330 σιδαποσοῦσοαι

270 4345 402 4407 ’τούς
459 4361 518 4396 τε
571 4345 1094 4415 προτεοηραμένους
1135 4349 1227 4400 καὶ
1272 4348 1399 4412 τοὺς
1441 4349 1536 4402 νῦν
1589 4350 1693 4402 ὑπὸ
1746 4352 1848 4418 τῆς

270 4435 468 4487 τούτου
494 4433 746 4504 γλώττης
778 4437 1116 4500 ἑαλωκότας,
1149 4440 1230 4501 εἰς
1255 4439 1452 4508 μυρίας
1477 4441 1574 4492 καὶ
1601 4439 1848 4509 χιλιάδας

271 4526 488 4596 ἀνδρῶν
518 4526 1008 4597 πολυαριθμήτων.
1049 4527 1160 4581 Καὶ
1191 4528 1241 4580 τί
1269 4529 1378 4599 γὰρ
1407 4529 1488 4582 δεῖ
1515 4527 1696 4596 λέγειν
1755 4531 1849 4582 καὶ

272 4617 577 4686 διατρίϐειν
612 4619 739 4686 περὶ
769 4613 844 4671 ὧν
878 4619 910 4687 ἡ
948 4617 1212 4687 σύμπασα
1266 4621 1563 4688 οἰκουμένη
1618 4619 1849 4673 ἐπίστα-

273 4729 388 4772 ται,
424 4709 520 4761 καὶ
579 4711 856 4780 μάρτυρές
901 4713 1004 4763 εἱσι
1050 4712 1145 4764 καὶ
1186 4713 1442 4781 Ἀνατολὴ
1494 4713 1589 4765 καὶ
1641 4712 1847 4776 Δύσιςς

278 4804 469 4865 Πόλεις
503 4802 610 4871 γὰρ
642 4803 769 4856 ὅλας
801 4805 894 4854 καὶ
928 4803 1114 4874 χώρας
1143 4807 1263 4866 ταῖς
1297 4805 1668 4860 παντοδαπαῖς
1703 4805 1853 4874 αἱρέ-

277 4912 397 4948 σεσι
436 4895 858 4964 κεκρατημένας
909 4894 1267 4965 πολυτρόπως
1317 4898 1397 4958 εὶς
1444 4897 1540 4965 τὴν
1577 4895 1852 4966 ἡμετέραν

275 4985 566 5055 apo/.6050»
622 4987 927 5055 μετήνεγκε
978 4985 1188 5040 πίστιν.
1241 4988 1380 5050 Τοὺς
1419 4987 1518 5055 μὲν
1557 4986 1624 5040 τὰ
1656 4986 1848 5057 πρῶτα

1951 4073 2035 4126 his
2071 4071 2244 4124 tribus
2279 4069 2531 4121 tractatio
2577 4077 2697 4120 est:
2729 4066 2778 4118 iu
2809 4065 3008 4134 quibus
3043 4074 3314 4132 utcunque
3346 4066 3525 4134 perdi-

1952 4163 2094 4215 disse
2123 4160 2381 4214 hactenus
2411 4157 2570 4210 verba
2606 4166 2658 4208 et
2692 4170 2912 4222 operam
2944 4157 3218 4224 Augustus
3252 4156 3394 4210 visus
3421 4165 3526 4222 est,

1949 4271 2052 4308 non
2090 4263 2268 4306 tamen
2304 4250 2490 4302 irritus
2522 4248 2594 4302 illi
2641 4247 2794 4301 labor
2845 4246 3024 4301 omnis
3071 4247 3334 4314 spiritalis
3371 4248 3529 4317 hujus

1951 4362 2015 4402 ac
2045 4346 2310 4416 religiosae
2342 4342 2644 4397 venationis
2695 4341 2875 4411 periit.
2914 4339 3152 4410 Singulis
3179 4341 3380 4395 etenim
3411 4340 3528 4395 die—

1950 4441 2052 4495 bus
2082 4438 2472 4494 reconciliabat
2510 4437 2618 4490 Deo
2649 4435 2936 4489 haereticos
2971 4434 3240 4489 interdum
3282 4443 3527 4497 centum,

1950 4547 2333 4602 nonnunquam
2367 4529 2543 4598 plures
2568 4547 2582 4592 ;
2616 4530 2749 4583 adeo
2782 4537 2862 4592 ut,
2894 4527 2934 4581 si
2962 4528 3082 4596 quis
3112 4542 3272 4580 unam
3301 4527 3350 4579 in
3377 4541 3525 4580 sum-

1952 4641 2092 4678 mam
2130 4623 2375 4678 conferat
2404 4631 2510 4674 tam
2541 4636 2634 4674 eos
2675 4619 2765 4688 qui
2799 4619 2966 4689 priori
3012 4619 3239 4687 Augusti
3286 4632 3527 4670 contmn-

1951 4718 2165 4771 ratione
2194 4731 2324 4769 voco
2358 4715 2529 4783 ipsius
2559 4729 2620 4766 ac
2658 4713 2837 4778 lingua
2885 4712 3129 4780 persuasi
3167 4711 3526 4778 resipuerunt,

1953 4825 2113 4876 quam
2145 4823 2279 4874 quos
2323 4806 2374 4858 in
2419 4806 2593 4859 reditu
2629 4813 2917 4872 resumpta:
2947 4803 3342 4872 disputationes
3377 4801 3528 4870 ejus-

1949 4899 2071 4951 dem
2117 4896 2284 4968 456
2319 4895 2658 4950 deduxerunt
2711 4892 2776 4945 ab
2825 4907 3032 4955 errore,
3080 4890 3237 4944 facile
3278 4890 3332 4944 in
3361 4889 3526 4943 multa

1963 4988 2126 5040 millia
2167 5003 2231 5042 ac
2261 4988 2532 5056 myriadas
2564 4993 2844 5040 excrescat
2870 4998 3150 5040 numerus.
3188 4981 3358 5053 Cujus
3389 4981 3529 5035 allir-

1346 5102 1546 5162 Variae
1583 5101 1888 5164 lectiones
1929 5118 2003 5162 ex
2029 5105 2169 5164 cod.
2205 5101 2471 5163 Coislin.

355 5205 376 5235 ³
405 5203 744 5274 συνεκρότει.
823 5211 844 5244 ⁸
873 5205 1023 5259 ἄλλο.

1365 5295 1503 5354 Car.
1546 5292 1868 5355 Dufresnii
1900 5298 1995 5356 Du
2033 5299 2250 5376 Cangii
2289 5306 2476 5360 notae.

353 5396 463 5465 (65)
507 5394 904 5468 Περιδρόμους
933 5393 1138 5468 στοάς.
1170 5393 1416 5448 Porticus
1450 5393 1839 5468 ρςίιιιιίιιιιιῌιιιιι-

1965 5397 2244 5468 latiornzn,
2269 5415 2494 5468 quarunt
2518 5399 2757 5451 meminit
2777 5396 3068 5451 C/troniron
3095 5399 3528 5455 Alexandrinam,

281 5463 514 5528 bien'es,
558 5468 611 5518 in
655 5463 850 5533 quibus
879 5467 1220 5519 em-ubabant
1273 5464 1578 5532 prteloriani
1633 5463 1854 5533 milites,

281 5541 347 5589 ad
384 5538 543 5605 regia:
573 5546 625 5587 et
675 5532 1024 5605 imperatoris;
1069 5535 1236 5604 ipsius
1286 5534 1583 5605 custodiam
1637 5532 1854 5605 delecti,

281 5621 419 5672 quas
442 5603 948 5674 eleganticarmiue
998 5603 1288 5672 descripsit
1335 5603 1622 5670 Corippus,
1665 5604 1756 5674 lib.
1797 5618 1855 5656 ιιι

285 5677 358 5730 [)c
390 5673 633 5728 laudibus
664 5673 888 5728 lustim’.
918 5674 1023 5728 llas
1053 5675 1195 5728 inter
1226 5686 1376 5729 ονε-ιιι
1409 5675 1650 5744 porticus
1685 5673 1856 5726 Scho-

1969 5482 2061 5522 au.
2090 5467 2296 5521 Jllslitl.
2329 5469 2362 5522 5
2391 5486 2404 5533 ;
2437 5471 2680 5521 excubitn
2713 5470 2764 5520 in
2801 5471 3108 5522 universum
3151 5469 3311 5520 dictae
3343 5482 3408 5516 (ιι
3437 5481 3528 5518 nes

1968 5536 2209 5601 Zonarat,
2239 5536 2276 5590 S
2313 5540 2486 5607 ylitzae
2522 5550 2575 5590 et
2605 5537 2833 5602 Codiuo,
2875 5543 2928 5590 in
2961 5539 3105 5604 Orig.
3145 5534 3293 5607 Cf’._;
3317 5537 3498 5607 exculti

1957 5609 2116 5672 toria,
2145 5603 2350 5662 auctori
2381 5611 2446 5662 de
2483 5609 2672 5662 exsilio
2704 5607 2758 5661 S.
2798 5609 3008 5662 Martini
3039 5603 3135 5658 PP.
3175 5605 3302 5657 Vide
3329 5619 3378 5672 ιι.
3405 5603 3522 5655 498.
