3998 6206
325 276 461 343 Ηῖ3

1613 275 1885 336 ALEXIA
1900 274 2019 333 UIS
2055 275 2198 336 LIB.
2238 276 2363 339 XV.

3419 267 3564 337 illi

323 393 504 461 τηγῶν
547 390 648 462 τὴν
698 392 932 464 μελέτην
974 391 1332 463 ποιουμένων,
1366 393 1421 445 ὲν
1463 388 1541 458 τῷ
1589 388 1791 459 μεταξῦ
1839 387 1885 437 τί

2004 389 2240 440 nondum
2274 386 2407 441 satis
2444 393 2648 457 parata:
2691 400 2753 440 ac
2801 385 3131 442 confirmata:
3175 383 3431 455 perﬁdiae.
3479 387 3561 438 Ab

324 483 554 554 σύνηθες
580 482 804 554 ἄλγημα
833 485 938 538 τῶν
965 485 1140 538 ποδῶν
1165 485 1365 552 συνέϐη
1396 482 1475 552 τῷ
1505 481 1888 548 αὐτοκράτορι,

321 575 416 626 καὶ
437 573 696 642 δυνάμεις
721 573 1095 643 ἁπανταχόθεν
1119 573 1221 643 μὲν
1245 574 1555 644 συνέρρεον,
1592 569 1728 624 ἀλλὰ
1753 566 1892 620 κατὰ

322 665 594 732 στράγγα,
643 664 739 716 καὶ
784 666 884 718 οὐκ
932 665 1148 735 ἁθρόον,
1186 665 1272 719 διὰ
1316 666 1377 716 τδ
1426 665 1612 734 πόρρω
1653 679 1752 715 που
1795 659 1893 720 τὰς

323 757 473 824 σφῶν
495 753 636 809 εἶναι
658 757 946 828 πατρίδας.
988 758 1054 809 'H
1072 756 1126 809 δέ
1152 773 1215 824 γε
1246 757 1404 826 όδύνη
1433 757 1660 822 ἀπεῖργε
1680 751 1889 814 τοῦτον,

321 848 382 900 ού
429 847 522 900 τοῦ
571 849 934 917 προκειμένου
983 848 1147 916 μόνου
1197 849 1436 916 ἅψασθαι
1490 842 1712 904 σκοποῦ,
1756 841 1892 894 ἀλλὰ

322 939 418 992 καὶ
455 939 551 991 τοῦ
593 939 830 1009 βαδὲζειν
865 939 1080 1003 ἁπλῶς,
1119 941 1211 992 καὶ
1251 937 1511 1007 κλινήρης
1545 934 1618 987 ῶν
1655 933 1888 1003 ἤχθετο,

321 1031 382 1081 ού
418 1031 669 1082 τοσοῦτον
699 1031 788 1082 διὰ
810 1029 908 1099 τὴν
932 1030 1040 1082 τῶν
1074 1030 1250 1083 ποδῶν
1273 1026 1659 1098 περιωδυνίαν,
1692 1025 1891 1076 ὁπόσον

321 1118 410 1169 διὰ
455 1117 552 1187 τὴν
599 1119 868 1185 ἀναϐολὴν
905 1118 1001 1172 τοῦ
1041 1119 1178 1172 κατὰ
1215 1119 1321 1170 τῶν
1367 1116 1666 1186 Βαρϐάρων
1703 1111 1886 1182 ἔργου.

321 1209 436 1259 Οὐκ
488 1208 745 1262 ἐλάνθανε
795 1209 968 1262 ταῦτα
1012 1211 1102 1262 τὸν
1146 1209 1420 1278 βάρϐαρον
1467 1204 1889 1267 Κλιτζιασθλᾶν.

325 1297 516 1350 Ἔνθεν
571 1315 652 1351 τοι
699 1300 787 1352 καὶ
829 1302 1212 1371 ἀμεριμνήσας
1254 1301 1314 1352 τὸ
1358 1299 1530 1369 παρὸν
1551 1298 1649 1366 τὴν
1710 1294 1892 1348 Ἀσίαν

321 1388 540 1441 ἃπασαν
600 1389 863 1460 ὲληῒζετο,
919 1391 1146 1454 ἑπτάκις
1199 1390 1338 1443 κατὰ
1389 1390 1496 1440 τῶν
1546 1385 1890 1457 Χριστιανῶν

321 1477 590 1546 ἐκδρομὰς
634 1481 1002 1549 ποιησάμενος
1024 1496 1037 1510 ·
1081 1482 1175 1535 καὶ
1214 1483 1321 1550 γὰρ
1357 1479 1478 1532 οὐδέ
1516 1495 1643 1532 ποτε
1679 1478 1772 1531 ἐπὶ
1803 1493 1891 1530 το-

320 1569 511 1622 σοῦτον
543 1569 603 1622 τὸ
632 1572 792 1638 ἄλγος
824 1573 1000 1625 ἐκεῖνο
1044 1572 1132 1626 τὸν
1178 1572 1558 1642 αὐτοκράτορα
1605 1570 1888 1638 κατέσχεν.

333 1660 428 1714 Ἐκ
459 1662 844 1732 διαστημάτων
879 1665 983 1734 γὰρ
1020 1665 1248 1735 μακρῶν
1283 1665 1508 1734 προτοῦ,
1548 1662 1890 1732 ἐπερχομένη

319 1754 496 1826 τούτῳ
532 1760 564 1829 ἡ
602 1762 754 1822 νόσος
786 1761 847 1812 οὐ
883 1760 1206 1830 περιοδικῶς
1241 1760 1300 1812 τὸ
1348 1759 1600 1828 τηνικάδε
1643 1760 1890 1828 ἀπήντη-

324 1863 441 1912 σεν,
491 1850 625 1904 ἀλλὰ
665 1853 894 1922 συνεχὴς
941 1849 1030 1924 ἦν,
1087 1855 1180 1906 καὶ
1218 1852 1552 1923 ἐπαλλήλους
1587 1850 1714 1915 τοὺς
1751 1868 1892 1920 παρ-

320 1939 591 2011 οξυσμοὺς
624 1944 819 1998 ἐδίδου.
874 1944 1036 2000 Ἀλλά
1077 1945 1232 1999 τοῦτο
1272 1945 1333 1998 τὸ
1376 1946 1547 2009 πάθος
1592 1945 1889 2016 πρόσχημα

321 2032 497 2085 ἐδόκει
525 2037 637 2096 τοῖς
671 2037 798 2106 περὶ
821 2037 912 2090 τὸν
942 2038 1342 2101 Κλιτζιασθλᾶν
1367 2039 1671 2106 νοσήματος
1695 2038 1754 2090 οὐ
1789 2037 1889 2106 μέν

319 2138 401 2174 τοι
439 2123 675 2192 νόσημα,
709 2125 824 2177 ἀλλ’
848 2127 1005 2189 ὄκνος
1039 2128 1134 2179 καὶ
1168 2127 1410 2198 ῥᾳθυμία
1437 2127 1635 2192 ἔξωθεν
1669 2128 1888 2196 περιδε-

319 2211 560 2282 δλημένη
601 2215 698 2282 τὴν
734 2214 1047 2281 ποδαλγίαν,
1089 2217 1382 2270 καειτεῦθεν
1417 2217 1588 2271 πολλὰ
1627 2218 1886 2281 πολλάκις

317 2305 700 2365 ἀπέσκωπτον,
732 2307 836 2358 κάν
855 2309 973 2369 ταῖς
1006 2308 1198 2376 μέθαις
1239 2311 1341 2362 κᾶν
1364 2312 1472 2371 τοῖς
1505 2310 1688 2374 πότοις
1719 2310 1886 2362 καθάο

318 2410 426 2463 περ
460 2393 748 2462 αὐτοφυεῖς
800 2397 1061 2468 ῥήτορες,
1089 2399 1375 2469 ἠθοποιίας
1413 2403 1514 2467 τῆς
1560 2399 1671 2452 τῶν
1709 2399 1887 2452 ποδῶν

319 2483 514 2552 ὀδύνης
542 2485 634 2538 τοῦ
658 2487 1056 2558 αὐτοκράτορος
1079 2491 1127 2542 οί
1155 2490 1428 2560 Βάρδαροι
1455 2491 1750 2544 ἐποιοῦντο.
1780 2491 1888 2543 Καὶ

321 2578 614 2647 κωμῳδίας
643 2578 854 2646 ἐγίνετο
885 2582 1158 2650 πρόφασις
1183 2585 1214 2652 ἡ
1254 2583 1360 2635 τῶν
1397 2582 1573 2636 ποδῶν
1599 2582 1849 2652 ᾀλγηδών
1869 2598 1883 2612 ’

319 2668 586 2737 πρόσωπα
611 2670 718 2740 γὰρ
745 2671 947 2741 ίατρῶν
981 2689 1040 2725 τε
1075 2675 1169 2725 καὶ
1196 2674 1304 2727 τῶν
1338 2677 1467 2743 περὶ
1498 2679 1587 2726 τὶν
1614 2673 1887 2742 αύτοκράυ

315 2775 452 2826 τορα
469 2760 911 2832 διαπονουμένων
933 2765 1296 2834 ὑποκρίνοιτο,
1331 2767 1424 2818 καὶ
1451 2767 1610 2818 αὐτὸν
1633 2766 1768 2834 δῆτα
1799 2766 1886 2818 τὸν

317 2852 541 2920 βασιλέα
590 2855 672 2914 είς
727 2856 788 2907 τὸ
833 2857 1000 2924 μέσον
1050 2860 1387 2925 παράγοντες
1425 2860 1518 2910 καὶ
1562 2857 1886 2926 ἀναθέμενοι

291 2943 406 2992 επὶ
439 2942 628 3004 κλίνης
657 2944 1019 3012 προσπαίζειν
1041 2945 1212 3014 ᾤοντο
1233 2987 1248 3011 ,
1283 2949 1376 2999 καὶ
1401 2949 1493 3000 ἐπὶ
1517 2948 1741 3010 ταύταις
1768 2951 1887 3008 ταῖς

1994 477 2095 532 hoc
2124 479 2339 532 decreto
2390 488 2528 532 totus
2578 480 2806 532 vertitur
2834 477 2897 532 ad
2929 477 3109 546 copias
3148 476 3414 546 cogendas
3443 488 3563 542 qute

1993 569 2133 624 bello
2161 571 2396 627 maximo
2425 586 2630 626 summa
2661 571 2710 623 vi
2744 570 2976 640 gerendo
3008 567 3333 624 sufficerent.
3384 566 3562 622 Missis

1995 661 2158 728 igitur
2199 663 2265 716 ad
2294 673 2482 733 gentes
2509 662 2713 715 vicinas
2747 661 3053 716 hominibus
3085 660 3310 723 idoneis,
3367 658 3558 725 partim

1994 763 2247 823 corrogat
2271 754 2468 808 auxilia
2494 753 2763 807 sociorum
2787 795 2801 816 ,
2836 752 3031 820 partim
3081 752 3326 805 mercede
3351 749 3554 803 condn-

1993 854 2135 897 ctatn
2171 845 2416 899 militiam
2449 845 2675 898 advocat
2710 843 2991 912 plurimam
3021 880 3037 907 ,
3073 841 3232 895 simul
3278 839 3556 908 proprium

1995 936 2294 1012 exercitum
2332 940 2686 1004 undecunque
2717 937 2782 989 ad
2817 951 2875 989 se
2905 934 3132 1003 colligit.
3171 934 3402 988 Ducibus
3433 946 3560 984 am-

1995 1027 2185 1082 barum
2220 1029 2449 1098 partium
2486 1030 2562 1083 sic
2601 1029 2861 1083 adversus
2891 1042 3009 1081 sese
3049 1028 3276 1080 invicem
3310 1024 3560 1092 utrinque

1997 1123 2334 1190 parantibus,
2370 1123 2553 1178 revisit
2600 1124 2980 1192 imperatorem
3025 1120 3304 1173 familiaris
3364 1117 3558 1186 pedum

1995 1213 2150 1266 dolor
2188 1203 2201 1268 ἑ
2239 1229 2358 1269 cum
2389 1229 2496 1283 quo
2526 1215 2646 1267 dum
2690 1214 2778 1267 ille
2826 1212 3191 1270 conflictatur,
3223 1209 3564 1264 confluebant

1995 1307 2192 1359 sensim
2224 1315 2277 1357 et
2301 1306 2454 1375 quasi
2491 1307 2742 1374 guttatim
2800 1304 2960 1369 iussae
3013 1303 3300 1357 convenire
3345 1301 3512 1365 copiae
3545 1312 3562 1352 :

1995 1413 2094 1452 nec
2124 1412 2304 1449 moras
2334 1398 2601 1465 castigare
2628 1396 2756 1449 lenti
2791 1395 2986 1464 negotii
3019 1392 3352 1446 aut'omnino
3375 1406 3564 1458 urgere

1997 1488 2331 1557 propositum
2391 1487 2582 1542 morbo
2639 1487 2932 1554 implicitus
2989 1484 3236 1545 difficili,
3303 1497 3367 1536 ac
3423 1481 3563 1548 quod

1997 1577 2193 1646 plantis
2261 1577 2510 1632 insistere
2586 1583 2747 1644 atque
2816 1576 3022 1644 ingredi
3097 1573 3366 1642 nequiret,
3427 1572 3564 1624 lecto

1997 1670 2304 1724 necessario
2326 1671 2515 1724 amxus
2540 1672 2670 1724 satis
2697 1670 2991 1737 imperator
3021 1674 3248 1737 poterat.
3274 1663 3561 1735 [Egritudo

1997 1776 2157 1831 porro
2212 1762 2620 1816 deenmbentem
2680 1760 2826 1812 illum
2878 1758 3038 1811 animi
3092 1758 3369 1811 molestior
3403 1771 3562 1824 quam

1994 1854 2236 1920 corporis
2258 1853 2511 1923 angebat.
2546 1853 2758 1906 Homini
2813 1851 2958 1904 enim
3007 1849 3409 1905 studiosissimo
3459 1847 3565 1902 rei-

1992 1944 2221 2014 publicae
2267 1945 2498 1998 toleratu
2547 1943 2760 1997 facilior
2817 1942 2972 2010 longe
3028 1940 3312 1994 videbatur
3370 1937 3562 2008 pedum

1995 2035 2148 2090 dolor
2178 2036 2520 2104 quantusvis.
2553 2050 2716 2102 quam
2752 2033 2938 2088 dilatio
2962 2031 3326 2101 expeditionis
3372 2045 3562 2082 neces-

1993 2129 2152 2186 sariae
2198 2129 2250 2182 in
2290 2129 2557 2182 Barbaros
2623 2128 2764 2181 bono
2820 2124 3030 2195 publico
3079 2135 3365 2192 susceptae.
3424 2121 3563 2174 Nihil

1995 2222 2184 2274 horum
2219 2220 2376 2273 latuit
2406 2218 2868 2275 Clitziasthlanem
2895 2217 3194 2269 Turcorum
3226 2213 3562 2284 principem;

1993 2311 2177 2382 itaque
2212 2313 2257 2367 is
2291 2313 2358 2366 ab
2391 2312 2716 2380 imperatore
2770 2308 2984 2362 interim
3047 2320 3292 2368 securus,
3349 2303 3564 2358 effusis-

1990 2407 2126 2460 sime
2155 2415 2319 2458 totam
2345 2403 2645 2457 latrociniis
2677 2397 2968 2453 infestabat
2990 2397 3196 2460 Asiam,
3231 2403 3436 2463 septem
3467 2408 3562 2462 per

1991 2500 2040 2553 id
2072 2511 2282 2565 tempus
2306 2496 2530 2550 diversis
2555 2495 2607 2547 in
2629 2492 2968 2546 Christianos
2991 2487 3387 2543 incursionibus
3409 2500 3563 2556 gras-

1990 2601 2159 2644 satus.
2197 2587 2431 2656 Tempus
2481 2585 2599 2654 eius
2633 2583 2806 2637 furori
2866 2581 3030 2636 dabat
3090 2579 3301 2647 longius
3345 2576 3562 2630 morbus

1990 2680 2354 2749 imperatoris,
2382 2675 2503 2748 'quo
2539 2677 2626 2731 ille
2663 2685 2789 2729 tunc
2837 2674 3072 2726 atrocius
3121 2668 3563 2739 pertinaciusque

1990 2786 2149 2839 quam
2185 2785 2409 2838 nsquam
2453 2767 2586 2821 alias
2626 2775 2861 2818 tentatus
2900 2771 3004 2817 est.
3040 2759 3174 2813 Cum
3203 2762 3344 2812 enim
3369 2775 3431 2812 ex
3476 2759 3561 2810 in—

1993 2862 2228 2918 tervallis
2251 2870 2404 2913 antea
2429 2859 2690 2912 duntaxat
2719 2855 2890 2910 redire
2911 2855 3138 2925 languor
3159 2851 3560 2914 consuevisset,

1992 2963 2119 3007 tunc
2146 2952 2262 3005 sine
2296 2948 2692 3003 intermissione
2736 2947 2840 2999 ulla
2879 2946 3139 3001 continuo
3165 2944 3309 2996 illum
3355 2943 3560 3010 amige—

313 3033 554 3091 παιδιαῖς
575 3034 747 3100 γέλως
771 3037 881 3097 τοῖς
902 3036 1202 3107 Βαρϐάροις
1231 3040 1434 3107 ἐπῆρτο
1456 3039 1641 3100 πολύς.
1670 3038 1746 3092 Ού
1781 3040 1885 3108 μὴν

1994 3047 2083 3098 hat
2151 3057 2310 3097 sensu
2385 3039 2628 3101 doloris,
2688 3037 3028 3106 augescenlis
3099 3036 3318 3106 quidem
3398 3035 3563 3087 certis

313 3130 575 3183 ἐλάνθανε
607 3129 779 3186 ταῦτα
813 3131 904 3184 τδν
939 3133 1337 3203 αὐτοκράτορα,
1372 3134 1667 3186 κάντεῦθεν
1692 3133 1850 3204 ἡρεθί

313 3222 444 3284 ζετο
486 3222 620 3288 πρὸς
662 3221 758 3292 τὴν
801 3223 920 3274 κατ’
947 3222 1127 3274 αὐτῶν
1171 3224 1356 3292 μάχην,
1389 3223 1589 3290 μᾶλλον
1616 3223 1880 3293 παμφλά-

310 3313 476 3376 ζοντα
501 3313 592 3366 τοῦ
615 3312 812 3382 θυμοῦ.
845 3315 917 3366 Ού
950 3314 1082 3367 πολῦ
1107 3314 1166 3367 τὸ
1188 3317 1244 3367 ἐν
1271 3315 1421 3386 μέσῳ
1443 3315 1536 3365 καὶ
1566 3315 1882 3381 κουφισθεὶς

305 3403 412 3472 τῆς
462 3402 678 3471 ὀδύνης,
723 3403 824 3472 τῆς
871 3404 1241 3474 προκειμένης
1290 3405 1604 3472 ὁδοιπορίας
1657 3405 1870 3472 είχετο’

303 3497 412 3564 τήν
441 3512 499 3546 τε
535 3493 780 3563 Δάμαλιν
813 3495 1167 3564 διαπεράσας,
1194 3497 1285 3550 καὶ
1313 3497 1404 3548 τὸν
1434 3495 1746 3564 ἁναμεταξὺ
1780 3496 1880 3548 Κι-

305 3587 471 3656 ϐωτῴ
505 3587 735 3658 αἰγιαλῷ
762 3587 1229 3657 διαπλωῖσάμενος
1258 3588 1522 3658 πορθμὸν,
1546 3591 1638 3642 καὶ
1658 3589 1752 3658 τὴν
1777 3590 1879 3641 Κι-

307 3681 486 3732 εωτὶν
526 3679 870 3744 καταλαϐὼν,
907 3680 1118 3733 ἐκεῖθεν
1158 3682 1234 3744 είς
1267 3682 1326 3734 τ’)
1359 3683 1628 3736 Λοπάδιον
1661 3682 1881 3747 ἄπεισι,

305 3773 414 3842 τὴν
448 3772 554 3824 τῶν
587 3773 882 3839 ταγμάτων
919 3773 1268 3844 ἐκδεχόμενος
1299 3775 1513 3840 ἄφιξιν,
1557 3775 1648 3827 καὶ
1686 3775 1884 3828 ὁπόσον

309 3865 706 3936 μισορςορικὺν
743 3864 1144 3934 μετεπέμπετο.
1192 3865 1364 3917 Ἐπὰν
1399 3865 1454 3918 δὲ
1494 3865 1880 3934 συνεληλύθει-

308 3973 416 4008 σαν
456 3955 729 4018 ἅπαντες,
772 3955 992 4026 ἀπάρας
1027 3953 1238 4007 ἐκεῖθεν
1273 3954 1369 4006 σὺν
1400 3955 1551 4018 ὅλαις
1586 3957 1883 4026 δυνάμεσι,

305 4047 376 4099 τὸ
437 4047 530 4098 τοῦ
588 4046 755 4117 κυροῦ
815 4047 1092 4116 Γεωργίου
1152 4045 1563 4117 καταλαμϐάνει
1625 4049 1885 4118 φρούριον

305 4140 484 4210 ἀγχοῦ
517 4139 618 4208 τῆς
648 4144 712 4210 τῇ
754 4140 958 4209 Νικαίᾳ
989 4139 1376 4211 παρακειμένῃ
1410 4139 1574 4212 λίμνῃ
1602 4139 1886 4211 διακείμε-

303 4251 403 4285 νον
426 4250 438 4263 ·
471 4232 706 4286 κακεῖθα
736 4232 775 4266 ¹⁹
804 4233 884 4296 είς
912 4232 1169 4285 Νίκαιαν.
1198 4228 1329 4285 Εἶτα
1360 4233 1445 4286 διὰ
1469 4233 1636 4302 τριῶν
1661 4234 1886 4304 ἡμερῶν

302 4320 466 4386 αὖθις
503 4323 834 4394 ὑποστρέφει
872 4323 1024 4376 ἔνθεν
1060 4323 1158 4392 τῆς
1189 4341 1252 4390 γε
1292 4323 1382 4376 τοῦ
1412 4325 1679 4378 Λοπαδίου
1714 4326 1884 4395 γεφύ-

311 4431 439 4484 ρας,
477 4416 568 4466 καὶ
607 4413 1022 4484 στρατοπεδεύει
1061 4415 1204 4466 κατὰ
1238 4413 1334 4485 τὴν
1366 4414 1556 4484 βρύσιν
1583 4415 1677 4467 τοῦ
1711 4435 1883 4485 καρυ-

303 4505 452 4558 κέως
500 4506 862 4574 καλοιηλένην,
914 4503 1057 4556 οὕτω
1101 4505 1258 4571 δόξαν
1310 4506 1476 4575 αὐτῷ,
1537 4507 1623 4559 ἵνα
1677 4510 1738 4559 τὸ
1786 4510 1883 4578 μὲν

308 4597 631 4667 στράτευμα
675 4596 938 4664 πρότερον
977 4595 1062 4649 διὰ
1103 4595 1199 4664 τῆς
1241 4595 1484 4666 γεφύρας
1523 4597 1881 4663 διαὸιδάσας,

302 4689 367 4739 ἒν
404 4685 672 4755 ἐπικαίρῳ
709 4686 858 4744 τόπῳ
887 4689 986 4747 τὰς
1015 4687 1217 4754 σκηνὰς
1252 4688 1522 4756 πήξηται,
1556 4683 1676 4757 κᾷθ’
1712 4687 1882 4753 οὕτως

303 4779 406 4829 καὶ
456 4778 616 4837 αὐτὸς
671 4779 697 4828 ό
750 4777 1107 4847 αὐτοκράτωρ
1151 4777 1239 4829 διὰ
1278 4779 1380 4846 τῆς
1423 4779 1589 4847 αὐτῆς
1638 4781 1884 4849 γεφύρας

305 4869 536 4919 διελθὼν
577 4869 710 4936 μετὰ
745 4869 944 4930 παντὸς
975 4867 1068 4919 τοῦ
1111 4867 1516 4936 στρατεύματος
1546 4869 1644 4936 τὴν
1678 4868 1886 4937 βασιλι-

306 4962 415 5030 κῆν
438 4962 704 5030 καταθείη
733 4964 960 5032 σκηνήν.
992 4964 1054 5015 Ol.
1077 4962 1130 5014 δὲ
1160 4961 1600 5031 μηχανικώτατοι
1625 4964 1880 5033 Τοῦρκοι,

305 5057 379 5105 τὰ
407 5055 547 5105 κατὰ
581 5054 674 5122 τὴν
704 5056 828 5124 περὶ
862 5055 986 5114 τοὺς
1015 5055 1290 5123 πρόποδας
1310 5055 1416 5106 τῶν
1437 5056 1763 5118 Λεντιανῶν,
1791 5058 1885 5109 καὶ

307 5144 410 5210 τῆς
441 5141 584 5195 οὕτω
618 5143 957 5212 καλουμένης
989 5143 1376 5212 Κοτοιραικίας
1405 5145 1755 5216 διακειμένην
1787 5163 1884 5198 πε..

313 5234 472 5287 διάδα
507 5235 840 5304 ληϊζόμενοι,
883 5234 1006 5287 ἐπεὶ
1048 5235 1148 5303 τὴν
1188 5241 1284 5287 τοῦ
1331 5237 1732 5306 αὐτοκράτορος
1767 5237 1889 5290 κατ’

316 5327 497 5380 αὐτῶν
534 5327 944 5396 μεμαθήκεισαν
973 5327 1180 5394 ἔφοδον,
1217 5328 1712 5394 ἑκδειματωοέντες
1747 5348 1889 5402 παρο

315 5425 550 5481 αντίκα,
615 5423 851 5490 πυρσοὺς
911 5422 1266 5490 παμπόλλους
1332 5421 1580 5490 ἀνῆψαν,
1635 5423 1885 5477 ἐντεῦθεν

316 5512 617 5580 φαντασίαν
658 5514 768 5575 τοῖς
811 5513 977 5581 δρῶσι
1025 5515 1285 5583 στρατιᾶς
1324 5513 1523 5582 πολλῆς
1552 5513 1882 5583 παρέχοντες

1988 3135 2332 3200 accessibus;
2399 3146 2674 3201 nunquam
2744 3139 2923 3183 tamen
2991 3129 3065 3181 ita
3121 3126 3444 3181 remiltenlis
3506 3132 3565 3178 ut

1981 3227 2213 3282 liberum
2240 3223 2503 3286 molestia,
2538 3222 2620 3276 vel
2646 3220 2808 3275 rebus
2835 3221 3082 3275 idoneum
3112 3219 3363 3287 gerendis
3400 3217 3565 3269 relino

1985 3328 2176 3388 queret
2199 3319 2522 3386 Augustum.
2541 3314 2746 3368 interea
2773 3321 2969 3383 praeter
2995 3313 3268 3369 licentiam
3288 3306 3561 3380 praedandi

1985 3411 2148 3464 etiam
2185 3408 2466 3461 cavillandi
2492 3421 2677 3461 ansam
2709 3421 2858 3458 mora
2887 3414 3032 3457 tanta
3055 3403 3444 3460 Clitziastlilani
3469 3402 3564 3456 da-

1986 3505 2099 3558 bat.
2135 3501 2259 3556 llaec
2280 3508 2398 3554 erat
2430 3499 2629 3566 passim
2682 3497 2784 3567 ipsi
2826 3498 3049 3565 ejusque
3108 3495 3299 3550 aulicis
3337 3491 3560 3547 materia

1983 3609 2316 3659 sermonum,
2336 3589 2668 3662 prmtendere
2701 3588 3078 3656 imperatorem
3105 3600 3231 3640 vero
3263 3583 3442 3639 timori
3478 3582 3560 3638 fa-

1988 3704 2129 3742 mam
2152 3685 2462 3738 mendacem
2482 3680 2672 3744 morbi,
2697 3694 2856 3749 quem
2878 3679 2995 3732 ideo
3012 3678 3289 3732 simularet
3306 3686 3362 3730 ut
3377 3689 3564 3731 socer-

1988 3781 2089 3837 diae
2125 3789 2284 3847 atque
2312 3775 2537 3846 ignavia:
2568 3772 2842 3828 infamiam
2882 3771 3251 3837 lucrifaceret;
3306 3779 3469 3838 atque
3504 3769 3560 3822 in

1988 3889 2105 3930 eam
2135 3869 2458 3925 sententiam
2486 3867 2649 3921 multa
2691 3866 2832 3920 salse
2859 3864 2996 3918 inter
3016 3863 3226 3931 patinas
3257 3859 3562 3930 calicesque

1986 3965 2144 4038 461
2173 3961 2512 4029 jOCabanlut‘,
2549 3958 2705 4012 faceti
2745 3956 2988 4009 homines
3017 3953 3288 4010 videlicet.
3326 3965 3390 4005 ac
3419 3951 3564 4005 velut

1987 4052 2384 4123 extmuporanei
2422 4051 2666 4104 rhetores
2699 4046 2983 4116 exquisitis
3029 4045 3214 4114 figuris
3271 4042 3560 4112 podagram

1990 4145 2334 4215 imperatoris
2386 4140 2754 4197 celebrabant.
2813 4138 2950 4204 Quin
2999 4137 3160 4189 etiam
3212 4134 3389 4189 scenis
3439 4147 3558 4186 eam

1993 4237 2195 4291 dabant
2241 4240 2613 4302 argumentum
2646 4228 2859 4284 fabulae.
2895 4225 3338 4283 Producebantnr
3375 4236 3562 4292 perso-

1992 4330 2099 4383 nali
2175 4326 2408 4390 medici,
2479 4325 2756 4393 longmque
2832 4322 3067 4390 ipsorum
3137 4316 3563 4392 consultationes

1988 4425 2052 4476 de
2103 4419 2442 4488 imperatoris
2495 4416 2718 4478 morbo,
2770 4425 2880 4467 tum
2915 4411 3354 4466 administrorum
3407 4406 3562 4460 fami-

1983 4509 2195 4564 liarium
2233 4505 2489 4574 obsequia
2517 4503 2582 4556 ad
2615 4501 2884 4555 theatrum
2921 4501 3020 4553 sub
3043 4499 3188 4551 larva
3215 4495 3559 4559 ludebantur;

1983 4616 2083 4654 ncc
2136 4601 2322 4652 deerat
2374 4597 2487 4663 ipse
2545 4592 2826 4646 simulatus
2882 4591 3178 4658 imperator
3229 4600 3352 4640 cum
3417 4583 3560 4638 lecto

1982 4692 2165 4746 illatus
2207 4689 2260 4742 in
2322 4684 2559 4739 medium
2609 4692 2662 4736 et
2707 4683 2816 4735 risu
2857 4677 3246 4749 procacissimo
3283 4675 3560 4729 traductus

1984 4781 2269 4836 otiantium
2319 4777 2706 4829 Barbarorum.
2763 4769 3158 4836 llefereliantur
3189 4765 3253 4819 ad
3309 4762 3554 4819 Alexium

1986 4785 2269 4836 otiantium
2321 4785 2706 4829 Barbarorum.
2763 4785 2923 4823 lietcr
2961 4785 3158 4822 bantur
3189 4785 3253 4819 au
3309 4785 3554 4819 meatum

1986 4875 2098 4926 hmc
2129 4872 2241 4939 ipsa
2266 4911 2278 4930 ,
2307 4865 2824 4930 exsuscitabantque
2865 4785 3080 4933 grgvem
3119 4858 3288 4927 ipsius
3335 4859 3469 4910 iram
3501 4864 3558 4910 ct

1983 4964 2325 5031 cupiditatem
2358 4958 2728 5012 vehementem
2759 4950 3085 5007 ulciscenda:
3109 4964 3271 5015 quam
3321 4949 3553 5018 primum

1985 5056 2098 5109 acri
2131 5069 2305 5122 pugna
2360 5047 2722 5104 contumelia).
2760 5043 2941 5097 Rediit
2992 5042 3281 5108 aliquando
3309 5038 3558 5093 valetudo

1986 5147 2174 5201 melior
2219 5142 2454 5212 expetita
2487 5138 2666 5191 tandiu
2699 5175 2715 5201 ,
2771 5143 2864 5187 aut
2894 5141 3040 5187 certe
3092 5132 3165 5186 ita
3212 5147 3271 5188 se
3297 5129 3559 5184 relaxavit

1987 5237 2160 5298 dolor,
2191 5242 2249 5286 ut
2295 5228 2571 5301 proposito
2630 5227 2812 5280 itineri
2863 5225 3121 5278 mandare
3173 5237 3233 5278 se
3282 5223 3557 5290 Augustus

1987 5336 2188 5396 posset.
2216 5323 2466 5389 Trajecto
2491 5320 2650 5389 igitur
2685 5316 2959 5383 Bosphoro
2992 5329 3054 5368 ac
3083 5315 3202 5367 sinu
3233 5312 3374 5381 quod
3400 5310 3549 5362 illinc

1989 5420 2237 5475 Cit:otum
2285 5423 2430 5467 recta
2481 5407 2726 5479 pergenti
2783 5405 3256 5460 transmittendum
3289 5397 3548 5462 occurrit,

1993 5507 2386 5570 transfretato;
2441 5501 2742 5569 castrisque
2785 5498 2960 5554 obiter
3008 5498 3061 5553 in
3109 5497 3224 5564 ipso
3253 5492 3344 5547 illo
3375 5488 3557 5543 littore

1382 5633 1584 5694 Varia:
1631 5632 1937 5700 lectiones
1972 5651 2049 5694 e1
2082 5631 2227 5694 cod.
2262 5623 2524 5688 Coisliu.

388 5710 428 5746 ‘9
474 5707 748 5764 κάκεῖθεν,
