3998 6206
543 238 687 303 1119

1844 247 2068 306 ΑΝΝᾸΞ
2093 245 2478 307 (ΣΟΜΝΕΝΕ

3581 246 3694 318 1120

541 352 756 419 penitus
787 353 1028 410 abditum
1076 356 1440 424 penetralibus
1483 355 1786 418 continuit,
1849 358 1992 412 nulla
2046 367 2105 411 ut

2135 375 2176 430 Α
2206 354 2613 424 αὐτοκράτορος
2646 348 2894 414 ἄκουςα,’
2925 349 3020 403 καὶ
3063 349 3240 403 πυκνὰ
3295 359 3691 431 περιστρεφομὲνη

543 455 715 508 usque
755 442 807 497 in
837 459 1044 510 vocem,
1089 456 1297 512 gestum
1369 454 1625 500 nutumve
1671 447 1835 500 ullum
1882 447 2118 513 trepida-

547 530 710 584 tionis
748 534 942 589 indicia
975 537 1274 600 prodierint
1305 553 1320 599 ;
1357 537 1484 604 quin
1521 537 1702 605 potius
1729 539 1878 591 vultu
1914 538 2119 592 fronte-

546 636 652 688 que
700 637 762 676 ac
792 634 930 677 statu
961 625 1203 692 corporis
1234 625 1616 679 lirmitudinem
1660 627 1866 679 virilem
1921 637 2115 681 erecta:

551 713 743 764 mentis
820 723 874 766 et
944 729 1124 766 veram
1183 717 1537 770 imitationem
1604 717 1744 770 illius
1805 717 2032 772 laudata:
2087 731 2116 772 a

549 800 834 857 SJomone
912 803 1064 858 fortis
1143 806 1384 860 mulieris
1464 808 1896 862 exliiliuitznon
1960 809 2119 864 deco-

554 890 714 944 lorari
767 893 968 959 pallore
1011 894 1176 950 facies
1205 937 1220 960 ,
1264 914 1368 950 non
1424 899 1645 951 horrere
1675 909 1862 963 artus;
1907 898 2096 964 linus,

548 978 782 1047 eiulatus
828 985 1037 1052 nullus;
1068 987 1199 1042 nilnil
1247 988 1499 1056 pra-fcrre
1550 989 1782 1056 denique
1831 990 2112 1053 muliebre,

2219 443 2353 514 πρὸς
2384 445 2592 496 ἐκεῖνον
2645 443 2742 496 καὶ
2787 441 2941 511 (iasz
2988 442 3425 511 προσϐλέπουσαο
3466 445 3587 515 ὅμως
3623 452 3698 517 μὲν

2215 553 2297 589 τοι
2360 535 2686 588 συντείνασα
2736 535 2938 603 ἑαυτὴν
2978 533 3076 587 καὶ
3122 531 3232 586 οἷον
3265 535 3535 597 τονώσασει.
3583 541 3701 606 μόγις

2218 628 2505 698 ἀπηλλάγη
2545 627 2641 680 τοῦ
2688 627 2976 697 βασιὶέως,
3038 627 3288 679 κάκεῖθεν
3319 628 3569 681 καταδάσα
3605 631 3706 700 πρὸς

2218 718 2518 783 θάλασσαν,
2559 717 2795 771 κᾶπειτα
2823 718 2903 778 εἰς
2933 718 2993 768 τὸ
3027 718 3145 778 ταῖς
3190 715 3444 784 βασιλίσιν
3496 719 3704 771 ἀποτετα-

2225 808 2428 876 γμένον
2451 810 2684 878 μονῆρες
2710 809 3111 878 είσεληλυθυῖα,
3139 809 3238 878 τὴν
3263 810 3409 875 ἠϊόνα
3430 808 3512 875 τῆς
3530 809 3710 861 Βιθυνῶν

2225 899 2645 967 παραπλέουσα,
2681 899 2970 951 οαλαττίου
3001 899 3270 961 κλύδωνος
3294 899 3450 967 αὐτὴν
3473 902 3711 967 κατασχόν·

2221 1007 2334 1053 τος,
2361 993 2480 1052 ταῖς
2511 992 2706 1054 ἀκταῖς
2747 991 2844 1055 τῆς
2890 991 3311 1051 Ἑλενουπὸλεως
3335 990 3426 1059 τὴν
3462 989 3712 1060 vain-apo:-

550 1085 641 1127 ant
695 1075 1012 1146 cujusquam
1050 1079 1226 1134 simile
1261 1081 1472 1135 illorum
1498 1097 1618 1149 qua:
1653 1081 1814 1134 multa
1861 1080 2113 1134 imbecilli

2110 1084 2113 1133 ἰ
2255 1082 2554 1152 ορμίσασα.
2587 1083 2729 1136 κεῖθι
2758 1084 2896 1146 τέως
2926 1083 3228 1146 αὐλίζεται.
3667 1117 3689 1139 ο

547 1169 826 1238 cnuitique
855 1175 1017 1226 animi
1046 1178 1206 1229 edere
1249 1176 1300 1229 in
1335 1177 1774 1229 consternatione
1801 1216 1815 1238 ,
1879 1177 1944 1227 ad
2002 1178 2182 1244 magni
2250 1189 2450 1231 metum
2497 1178 2750 1232 instantis
2782 1179 2903 1232 mali
2937 1179 3190 1232 mulieres
3217 1177 3489 1231 cernimus.
3536 1175 3610 1230 lllc
3635 1177 3716 1246 ipse

545 1261 702 1314 adeo.
733 1268 884 1329 cujus
914 1275 1025 1316 erat
1057 1265 1108 1318 in
1140 1264 1320 1319 cordis
1343 1266 1704 1334 penetralibus
1729 1266 1828 1318 sibi
1867 1267 2106 1330 conscia,
2148 1267 2319 1320 latens
2361 1278 2570 1333 metus,
2621 1277 2674 1322 et
2721 1269 2984 1322 rationem
3028 1269 3217 1322 habuit
3263 1279 3314 1321 et
3362 1269 3594 1323 ordinem.
3647 1268 3714 1323 Ti-

548 1353 724 1405 mebat
760 1353 1105 1421 imperatori.
1135 1355 1363 1422 primum
1423 1371 1491 1408 ne
1521 1371 1620 1421 qua
1657 1369 1814 1415 etim,
1847 1355 1976 1407 nihil
2049 1355 2415 1423 periculorum
2466 1366 2830 1424 recusantem,
2887 1359 3081 1411 Martis
3141 1358 3284 1411 dubii
3345 1360 3537 1413 fortuna
3589 1360 3713 1416 inde.

548 1444 780 1497 mentior
811 1446 1104 1512 allligeret;
1141 1447 1363 1502 timebat
1395 1448 1495 1502 sibi
1516 1447 1726 1511 deinde,
1761 1448 1898 1501 mala
1927 1448 2214 1517 providens
2243 1465 2397 1518 quae,
2427 1452 2470 1504 si
2500 1451 2626 1520 quid
2710 1452 3024 1506 hmuanitus
3091 1452 3207 1506 viro
3271 1453 3578 1521 contigisset.
3623 1458 3716 1510 sub-

551 1536 725 1586 eunda
763 1537 1225 1593 monstrabantur.
1255 1539 1470 1592 Timore
1498 1548 1674 1592 tamen
1705 1548 1932 1605 utroque
1966 1539 2150 1592 virtuti
2185 1547 2297 1594 tum
2333 1542 2673 1607 exsuperanti
2742 1543 3070 1598 concedente
3093 1585 3106 1608 ,
3157 1543 3272 1598 vale
3319 1543 3534 1612 Augusto
3585 1545 3714 1618 dixit,

467 1623 485 1638 ⁸
548 1627 706 1696 plane
735 1629 818 1684 Sui
874 1645 1116 1700 compos,
1175 1649 1274 1687 nec
1328 1633 1603 1702 indignum
1653 1633 1736 1686 vel
1803 1633 1894 1686 tali
1943 1632 2172 1686 articulo
2235 1649 2390 1702 passa
2445 1635 2736 1705 tpiidquam
2789 1637 3152 1706 generositate
3201 1638 3429 1706 propria.
3475 1637 3576 1692 Mox
3613 1639 3714 1690 viam

552 1736 882 1788 capessens,
935 1740 1090 1792 quam
1171 1725 1336 1779 invita
1396 1729 1671 1779 recederet
1749 1725 1816 1778 ab
1868 1726 2191 1793 imperatore
2228 1725 2455 1780 subinde
2514 1738 2829 1797 respectans
2881 1728 3216 1784 declarabat.
3279 1728 3523 1795 Pcrgebat
3585 1741 3715 1782 tamen

551 1817 838 1882 semetipsa
924 1817 1251 1878 obiit-mana,
1301 1817 1507 1886 judicio
1556 1834 1661 1874 non
1705 1818 1873 1871 amori
1928 1818 2107 1872 minus
2175 1832 2334 1885 quam
2369 1819 2544 1873 timori
2591 1821 2920 1875 moderante.
2989 1819 3124 1875 llinc
3175 1821 3328 1874 simul
3372 1820 3432 1874 ad
3479 1835 3598 1875 mare
3649 1821 3719 1876 tle-

551 1909 780 1972 scendit,
833 1909 1101 1977 propriam
1132 1909 1488 1976 Augustarmn
1522 1925 1795 1966 monerem
1830 1910 2109 1978 ingressa,
2151 1922 2303 1962 oram
2349 1908 2700 1980 Bithynorum
2748 1912 2911 1983 legit:
2980 1913 3176 1968 deliine
3235 1921 3525 1982 tempestate
3578 1915 3719 1980 depre.

553 1981 736 2062 hensa,
773 1999 1078 2070 llelenotioli
1110 2019 1298 2058 navem
1325 2004 1552 2074 appulit,
1581 2003 1761 2074 ibique
1787 2004 2005 2058 mansit.

625 2095 729 2149 Sed
787 2098 852 2150 de
936 2096 1176 2166 Augusta
1257 2100 1536 2154 hactenus.
1607 2099 1907 2168 Imperator
1989 2103 2192 2157 veroB

553 2190 948 2256 rnmrognatis
1002 2199 1056 2243 et
1115 2191 1439 2264 militaribus
1497 2192 1628 2245 viris
1694 2193 1965 2259 primariis
2027 2194 2116 2261 qui

553 2292 674 2332 eum
723 2279 841 2347 ipso
872 2291 1047 2343 erant,
1080 2284 1260 2336 statim
1323 2284 1372 2336 in
1426 2283 1799 2356 armis
1855 2285 2025 2347 stetit,
2064 2294 2118 2339 et

556 2371 712 2437 cquis
762 2386 951 2427 omnes
1017 2376 1345 2440 conscensis,
1388 2375 1618 2430 Nica'am
1677 2392 1866 2431 versus
1915 2377 2119 2430 inibant

553 2462 713 2514 viam.
783 2463 834 2514 Id
899 2464 985 2516 ubi
1041 2477 1407 2532 cognoverunt
1467 2467 1707 2532 Barbari,
1761 2469 1931 2523 Διειηο
1981 2486 2120 2540 quo-

553 2551 674 2602 dam
742 2566 899 2620 quem
988 2566 1242 2624 ceperant
1327 2558 1664 2626 imperatoris
1758 2569 1980 2613 contra.
2026 2577 2119 2616 ve-

560 2643 757 2696 nientis
809 2645 1130 2701 instructum
1201 2649 1562 2719 impetumque
1639 2651 1766 2720 ipsis
1818 2655 2118 2721 nuntiante,

559 2751 663 2787 non
723 2738 1096 2792 sustinuerunt
1152 2741 1232 2794 vel
1286 2739 1478 2794 tamam
1545 2743 1661 2811 ejus
1719 2746 1968 2812 primam,
2028 2746 2122 2802 sed

561 2824 750 2879 iisdem
813 2829 1006 2894 quibus
1071 2831 1359 2885 veniebant
1418 2833 1625 2887 semitis
1661 2874 1677 2897 ,
1735 2837 1905 2891 versis
1962 2837 2121 2906 impi-

561 2932 656 2980 gre
721 2920 961 2988 vestigiis
1020 2920 1155 2990 fugin
1224 2939 1284 2976 se
1349 2925 1689 2982 mandarunt.
1765 2929 1844 2982 Ae
1895 2929 2122 2984 Strabo-

557 3008 792 3063 basileus
840 3021 892 3065 et
930 3011 1152 3066 Michael
1197 3013 1449 3084 Stypeota
1491 3015 1826 3088 (Stypeotam
1868 3020 1954 3075 hic
1997 3021 2122 3090 quis

559 3101 784 3155 audiens
817 3117 884 3156 ne
934 3103 1084 3157 illum
1128 3105 1404 3174 hybridam
1448 3110 1685 3176 cogitet;
1720 3125 1844 3164 nam
1877 3111 1924 3166 is
1966 3113 2122 3178 hujus

560 3192 863 3259 emptitium
932 3196 1258 3264 mancipium
1332 3211 1454 3250 cum
1527 3197 1739 3264 fuisset,
1806 3201 2119 3270 imperatori

561 3282 757 3338 deinde
815 3284 956 3338 dono
1009 3285 1189 3351 datus,
1249 3287 1449 3357 prioris
1504 3291 1702 3344 domini
1757 3294 2022 3347 vocabulo
2056 3298 2122 3350 ad

558 3373 745 3441 gratiae
766 3377 1079 3428 memoriam
1105 3375 1390 3447 insignitus
1419 3384 1548 3450 est).
1569 3381 1846 3453 Stypeota.
1878 3386 2121 3454 inquam,

553 3481 584 3517 e
618 3480 845 3520 numero
881 3479 1214 3537 magnatutn,
1242 3472 1343 3524 viri
1385 3473 1542 3529 ambo
1572 3473 1879 3540 fortissimi,
1911 3486 1962 3529 et
1993 3479 2121 3532 olim

555 3556 697 3611 fama
762 3561 976 3614 virtutis
1037 3563 1315 3625 celebres,
1357 3579 1481 3618 cum
1541 3565 1682 3620 lortc
1723 3577 1834 3620 tum
1893 3569 2122 3640 iujugis

557 3649 899 3707 Germiorum
953 3666 1314 3721 morarentur,
1340 3657 1502 3712 calles
1560 3669 1820 3729 angustos
1844 3672 1896 3716 et
1941 3663 2125 3718 devios

557 3744 824 3798 transitus
852 3755 1154 3807 servantes,
1187 3758 1266 3809 nt,
1301 3748 1346 3802 si
1380 3763 1484 3815 qua
1537 3761 1773 3818 possent,
1802 3752 1950 3806 velut
1977 3753 2122 3808 feras

555 3833 820 3897 cassibus,
855 3835 937 3888 sic
979 3835 1245 3889 Barbaros
1300 3838 1510 3892 insidiis
1555 3841 2119 3908 comprehenderent:

554 3924 714 3977 simul
741 3924 882 3978 lmnc
913 3938 1102 3978 eorum
1136 3928 1370 3979 reditum
1407 3942 1732 3996 cognovere,
1763 3930 1814 3982 in
1846 3930 2123 3999 subjectos

551 4031 773 4083 campos
803 4017 1132 4082 desilientes,
1163 4035 1284 4074 τιοιε
1315 4020 1383 4074 ibi
1409 4036 1526 4076 cum
1551 4022 1682 4091 ipsis
1719 4025 1956 4088 pr.elium
1987 4041 2122 4080 con-

551 4117 762 4169 serunt,
793 4110 1122 4177 eosdemque
1162 4113 1378 4181 egregie
1406 4115 1650 4167 vincunt.
1681 4115 1900 4169 Interim
1943 4118 2120 4185 impe-

554 4209 703 4251 rator
723 4200 913 4253 itinere
947 4199 1162 4267 incepto
1192 4219 1438 4272 pergens.
1472 4206 1537 4258 ad
1566 4208 1760 4272 saepius
1790 4209 2116 4263 nominatam

555 4287 772 4359 Georgii
835 4306 1016 4344 arcem
1063 4295 1346 4357 pervenit;
1407 4295 1533 4348 hinc
1577 4295 1715 4350 ultra
1749 4298 1798 4350 in
1844 4301 2116 4367 quoddam

551 4382 811 4451 Oppidum
867 4383 1176 4451 (Sagndaos
1237 4386 1500 4452 indigenae
1555 4391 1774 4456 vocant)
1803 4406 2118 4458 progressus

550 4490 618 4529 ne
653 4475 724 4528 ibi
764 4476 980 4542 quidem
1010 4473 1219 4529 Turcos
1278 4478 1502 4540 reperit.
1558 4479 1823 4533 (la-terum
1857 4498 1979 4534 mox
2027 4498 2117 4537 ac-

549 4575 708 4637 cepto
743 4567 932 4621 nuntio
965 4567 1259 4635 splendidae
1290 4567 1533 4622 victoriae
1562 4584 1590 4623 a
1628 4571 1760 4625 viris
1804 4573 2118 4628 fortissimis

549 4673 688 4727 quos
747 4660 905 4713 modo
965 4659 1261 4725 t:0mina\‘i,
1315 4657 1571 4730 Stypeota
1617 4673 1671 4716 et
1721 4662 2112 4730 Strabobasile,

2301 2095 2463 2149 Ἀλλὰ
2520 2092 2695 2151 ταῦτα
2726 2096 2826 2164 μὲν
2869 2093 2938 2147 τά
2967 2094 3094 2162 περὶ
3131 2093 3229 2163 τὴν
3271 2093 3574 2160 Αιῦγοῦσταν.
3613 2091 3657 2144 Ὀ
3678 2092 3718 2144 δὲ

2222 2188 2584 2258 αὐτοκράτωρ
2616 2185 2758 2255 μετὰ
2791 2187 2898 2238 τῶν
2933 2187 3206 2238 συνόντων
3237 2183 3558 2250 στρατιωτῶν
3578 2199 3624 2234 τε
3649 2183 3719 2234 καὶ

2223 2281 2504 2350 συγγενῶν
2537 2281 2701 2342 εὐθὺς
2751 2281 2840 2333 ἐπὶ
2869 2280 2982 2341 τοῖς
3011 2277 3205 2340 ὅπλοις
3240 2273 3327 2348 ἦν,
3374 2278 3459 2328 καὶ
3482 2275 3538 2344 δὴ
3563 2276 3719 2341 ὲποχηο

2222 2374 2408 2437 οέντες
2452 2374 2713 2436 ἅπαντες,
2767 2371 2866 2442 τὴν
2898 2370 3034 2438 πρὸς
3085 2369 3327 2422 Νίκαιαν
3379 2367 3572 2422 ὥδευον.
3613 2364 3719 2418 Otii

2221 2465 2500 2535 Βάρόαροι
2565 2464 2790 2516 Ἀλανὸν
2835 2479 2956 2513 τινα
3010 2461 3380 2529 κατασχόντες
3415 2460 3499 2511 καὶ
3532 2459 3614 2528 τὴν
3647 2454 3715 2506 τιῦ

2225 2555 2488 2624 βασιλέως
2523 2552 2644 2606 κατ’
2672 2551 2855 2606 αὐτῶν
2887 2550 3076 2618 ἔφοδον
3103 2549 3173 2602 δι’
3203 2550 3361 2602 αὑτοῦ
3389 2548 3716 2620 μεμαθηκότες,

2223 2648 2292 2700 δι’
2320 2642 2393 2700 ὧν
2417 2642 2578 2716 ἦλθον
2607 2645 2894 2712 ἀτραπῶν,
2918 2643 3006 2696 διὰ
3036 2643 3251 2696 τούτων
3306 2643 3583 2713 ἐπανῄεσαν
3629 2639 3719 2708 φεύ·

2223 2757 2429 2808 γοντες.
2479 2739 2538 2792 '0
2567 2738 2622 2792 δέ
2689 2755 2752 2806 γε
2813 2737 3314 2803 Στραὸοῆασί).ειος
3360 2737 3448 2788 καὶ
3502 2731 3718 2800 Μιχαὴλὸ

2224 2829 2575 2900 Στυπειώτης
2648 2829 3020 2898 (Στυπειὼτην
3071 2830 3136 2900 δὲ
3193 2829 3400 2880 ἀκούων
3447 2844 3520 2886 τις
3562 2825 3622 2891 μὴ
3655 2823 3718 2872 τὸν

2229 2923 2636 2993 μιξοϐάρϐαρον
2694 2921 2886 2974 νοείτω
2916 2939 2930 2953 ο
2994 2922 3385 2991 ἀργυρώνητος
3435 2920 3528 2987 γὰρ
3574 2915 3716 2969 τούτου

2226 3019 2430 3079 ἐκεῖνος
2465 3015 2651 3079 δοῦλος
2682 3014 2946 3084 γεγονὼς,
2981 3016 3034 3077 ἐς
3075 3013 3306 3084 ὕστερον
3347 3013 3419 3081 τῷ
3470 3010 3643 3080 βασιλεῖ
3666 3008 3719 3068 ὡς

2225 3108 2396 3178 δῶρόν
2419 3125 2469 3161 τι
2505 3107 2641 3175 πρδς
2673 3108 2836 3160 αὐτὸν
2879 3107 3322 3176 προσενήνεκται
3346 3121 3358 3135 ⁶
3385 3103 3506 3157 ἀλλά
3522 3119 3620 3153 τινα
3643 3098 3719 3150 τῶν

2225 3199 2324 3264 τῆς
2355 3197 2600 3266 μείζονος
2625 3195 2842 3265 τύχης),
2869 3197 3060 3266 ἄνδρες
3089 3190 3244 3249 οὗτοι
3277 3191 3630 3265 μαχιμώτατοι,
3652 3188 3718 3238 καὶ

2226 3289 2334 3341 τῶν
2363 3289 2531 3341 πάλαι
2566 3287 2953 3356 ὑμνουμένων.
2991 3282 3146 3340 οὗτοι
3177 3288 3317 3340 κατὰ
3346 3288 3437 3348 τὰς
3452 3283 3717 3352 ἀκροὶυςςίτς

2225 3380 2331 3432 τῶν
2380 3379 2632 3449 Γερμίων
2687 3378 3157 3446 ἐνδιατρὶϐοντες,
3220 3380 3310 3431 καὶ
3356 3376 3447 3436 τὰς
3499 3373 3717 3444 ἀμφέδους

2229 3470 2740 3541 παρασκοποῦντες,
2785 3471 2940 3522 εἵπου
2961 3472 3078 3531 ταῖς
3125 3470 3356 3539 ἄρκυσιν
3375 3465 3552 3530 αὐτῶν,
3592 3462 3719 3515 καθά·

2225 3579 2331 3631 περ
2360 3579 2442 3623 τις
2493 3562 2637 3628 θῆρα
2663 3563 2710 3612 oi
2755 3560 3038 3630 Βάρῆαροι
3072 3562 3459 3631 περιπεσόντες
3490 3555 3632 3625 ﬁlim
3664 3551 3717 3612 ὡς

2221 3653 2323 3717 τὴν
2346 3652 2552 3705 τούτων
2588 3652 2802 3705 ἔλευσιν
2851 3654 3297 3721 μεμαθήκεισαν,
3353 3650 3489 3721 παρὰ
3530 3649 3610 3707 τὰς
3648 3659 3717 3694 πε·

2225 3745 2414 3808 διάδας
2467 3745 2564 3808 τὰς
2629 3745 2771 3797 οὕτω
2826 3745 3179 3814 καλουμένας
3252 3780 3269 3800 .
3344 3786 3358 3800 .
3430 3783 3443 3796 .
3515 3783 3526 3796 .
3599 3734 3715 3789 ἄνελε

2224 3835 2412 3898 Θόντες
2443 3836 2539 3890 καὶ
2567 3834 2961 3904 ἀναδεξάμενοι
3007 3835 3098 3887 τὸν
3167 3835 3282 3906 μετ’
3319 3833 3486 3888 αὐτῶν
3514 3830 3712 3894 πόλεμον,

2224 3929 2408 3998 μάχην
2438 3927 2840 3998 συνεστήσαντο
2868 3926 3152 3996 καρτεράν
3195 3928 3512 3997 ἡττήσαντες
3539 3918 3712 3978 τούτευῖ

2227 4023 2597 4091 κατακράτος.
2646 4020 2985 4074 Καταλαϐὼν
3023 4021 3078 4072 δὲ
3122 4021 3152 4073 ὀ
3182 4021 3517 4090 αὐτοκράτωρ
3544 4011 3592 4064 τὸ
3621 4006 3714 4060 πολ·

2220 4114 2379 4177 λάκις
2409 4115 2705 4184 είρημένον
2733 4114 2992 4182 φρούριον
3013 4115 3318 4186 Γεωργίου,
3348 4109 3574 4164 κακεῐϐεν
3599 4099 3712 4156 αὖθις

2221 4206 2539 4276 κωμόπολίν
2574 4222 2696 4258 τινα
2721 4205 3066 4271 Σαγουδάους
3131 4205 3404 4274 ὲγχωρίως
3441 4192 3711 4261 καλουμένην

2219 4299 2314 4350 καὶ
2363 4300 2475 4360 τοῖς
2523 4298 2790 4366 Τούρκοις
2857 4295 2955 4364 μὲν
3010 4297 3083 4365 μὴ
3141 4296 3396 4365 ἐντυχὼν,
3448 4279 3712 4359 μεμαθηκὼς

2216 4389 2274 4442 δὲ
2330 4389 2401 4441 τὰ
2451 4389 2738 4456 συμϐάντα
2776 4388 2992 4452 τούτοις
3037 4389 3193 4457 παρὰ
3233 4387 3340 4438 τῶν
3379 4384 3469 4451 ἤδη
3497 4375 3710 4447 ῥηθέντων

2215 4479 2484 4548 γενναίων
2533 4480 2762 4550 ἀνδρῶν,
2788 4479 2883 4533 τοῦ
2919 4497 2976 4531 τε
3011 4478 3374 4536 Στυπειὼτου,
3408 4473 3493 4526 καὶ
3529 4466 3707 4558 ¹¹Σῖρας

2218 4573 2500 4627 ϐοὸασίλει
2551 4574 2716 4642 φημὶ,
2754 4574 2848 4626 καὶ
2903 4570 3306 4640 ἀποδεξάμενος
3357 4567 3448 4634 τὴν
3493 4562 3540 4626 ἐξ
3589 4555 3706 4607 αὐτου

2217 4664 2392 4734 ἀρχῆς
2456 4662 2660 4730 τόλμαν
2691 4663 2788 4715 καὶ
2867 4661 3026 4730 νίκην
3092 4660 3201 4712 τῶν
3267 4654 3544 4724 ’1)ωμαίιιιν,
3603 4659 3707 4710 τιν’

551 4751 754 4815 relatae,
797 4751 937 4805 vallo
972 4751 1170 4806 ibi-dem
1196 4761 1348 4806 extra
1386 4753 1436 4807 id
1464 4753 1606 4820 quod
1640 4755 1749 4808 dixi
1778 4757 2110 4811 eastellulum

2145 4763 2189 4818 ο
2219 4755 2400 4806 καῦτα
2422 4755 2450 4807 ὁ
2477 4751 2642 4806 αὑτοῦ
2673 4768 2775 4804 που
2819 4751 3020 4817 ἔξωθεν
3057 4749 3272 4803 τουτουῖ
3312 4746 3400 4800 τοῦ
3440 4745 3702 4796 Rasum?“

553 4837 682 4902 lixo,
718 4842 1024 4910 rastrisque
1055 4842 1295 4906 metatis,
1322 4857 1441 4896 eum
1473 4845 1786 4898 exsultante
1823 4848 1997 4901 milite
2027 4849 2113 4901 lae~

552 4937 640 4982 tus
667 4931 779 4996 ipse
832 4947 895 4983 ac
935 4933 1214 5000 gratulans
1267 4934 1499 4986 fructum
1552 4951 1837 4990 successus
1870 4943 2117 5007 auspica-

557 5027 749 5080 tissimi
791 5031 1053 5096 gustavit,
1080 5032 1327 5084 meritam
1364 5032 1483 5101 ejus
1508 5033 1770 5088 facinoris
1800 5035 2116 5088 anetoribns

555 5134 658 5171 non
683 5134 843 5184 parce
881 5121 1098 5176 laudem
1134 5124 1785 5194 ittipertiens,!paiatnqtte
1815 5127 2073 5193 profiteris
2099 5143 2112 5179 :

557 5211 637 5266 sic
671 5209 740 5262 ab
768 5210 868 5264 illis
897 5227 923 5262 a
963 5213 1230 5284 principio
1261 5217 1326 5270 ad
1369 5217 1572 5271 exitum
1617 5233 1728 5270 rem
1771 5218 2118 5272 administra-

556 5313 663 5356 tam
695 5311 1092 5370 patratumque,
1118 5315 1174 5358 ut
1198 5323 1319 5360 cum
1347 5323 1521 5378 neque
1545 5310 1773 5363 consilio
1804 5310 2115 5379 prudentia,

554 5411 731 5466 neque
791 5395 1125 5465 aggressioni
1186 5396 1462 5467 fortituaio,
1521 5417 1618 5456 ucc
1685 5402 1869 5470 praclio
1918 5403 2112 5467 virtus,

2211 4848 2303 4900 τὸν
2336 4849 2556 4916 χάρακα
2588 4847 2878 4914 πήγνυται.
2904 4843 2984 4912 Τῇ
3033 4843 3091 4895 δὲ
3141 4843 3258 4910 μετ’
3285 4840 3446 4905 αὐτὴν
3494 4833 3557 4894 ὡς
3595 4838 3706 4890 παρι

2211 4941 2308 5008 τὴν
2343 4937 2719 4991 Ἐλενούπολιν
2750 4935 3045 4998 κατελθὼν,
3067 4936 3131 5009 τῇ
3167 4931 3388 5002 βασιλίδι
3411 4922 3697 4988 ἐντετυχήκει

2214 5032 2295 5084 ἔτι
2325 5028 2663 5100 αὑλιζομένῃ
2706 5027 2797 5081 διά
2826 5027 2885 5079 τὸ
2931 5027 3029 5096 τῆς
3063 5024 3326 5089 Θαλάττης
3360 5018 3586 5073 ἄπλετον.

2214 5124 2530 5193 γησάμενος
2561 5121 2654 5174 οὖν
2689 5121 2756 5173 τὰ
2790 5119 3078 5190 συμϐάντα
3111 5120 3222 5178 τοῖς
3271 5115 3536 5180 Τούρκοις,
3562 5100 3704 5198 itain

2216 5217 2374 5282 νίκης
2427 5211 2827 5282 ἐπιθυμοῦντες
2888 5209 3142 5278 συμφορὰ
3199 5201 3590 5277 προσεπέλασεν,
3628 5201 3702 5291 ,καξ

2217 5309 2444 5378 κρατεῖν
2491 5301 2894 5373 φανταζόμενοι
2931 5300 3132 5371 μᾶλλον
3166 5295 3535 5363 κεκράτηνται,
3571 5292 3687 5388 aut:

2219 5395 2446 5451 ἁναντία
2474 5394 2580 5448 τῶν
2619 5392 3105 5464 προσδοκηθέντων
3139 5387 3458 5458 stes-ipost“.
3509 5378 3588 5429 “"-
3632 5378 3700 5426 της

1608 5533 1805 5596 Variae
1837 5534 2136 5598 lectiones
2170 5550 2242 5596 ex
2285 5528 2423 5592 cod.
2458 5525 2722 5589 Coisliu.

631 5658 672 5687 “
701 5660 790 5709 καὶ
824 5659 936 5714 τοῦ.
