3998 6206
337 351 481 421 1125

1541 346 1961 408 ALEXIADIS
1995 347 2142 410 LIB.
2179 348 2312 412 XV.

3449 351 3590 419 1126

328 461 526 517 νᾶσθαί
560 477 614 514 τι
651 458 960 530 πανοῦργον
994 460 1090 514 καὶ
1127 459 1497 531 στρατηγικὸν
1519 498 1535 521 .
1571 461 1811 530 ὁπηνίκα
1850 460 1922 532 μὴ

2031 475 2154 515 cere
2205 474 2547 532 nequaquam
2599 473 2761 532 posse
2797 473 2896 516 nos
2952 473 3148 516 sumus
3188 462 3348 520 nobis
3379 470 3602 527 conscii,

327 555 546 624 ἀπόχρη
577 552 639 605 τὸ
666 551 989 622 στράτευμα
1018 551 1156 622 πρὸς
1181 551 1280 622 τὴν
1307 550 1417 605 τῶν
1444 551 1708 606 ἐναντίων
1739 550 1916 620 ἰσχύν.

329 643 527 707 Καθὼς
557 645 707 696 ἐστιν
735 644 799 695 ἐκ
824 642 923 712 τῆς
957 642 1201 712 ἱστορίας
1229 641 1594 709 ἀναλέγεσθαι
1621 642 1701 713 τῷ
1730 641 1921 712 βουλος·

333 735 481 806 μένῳ
503 776 516 797 ,
548 733 624 797 ὡς
655 735 756 788 οὐκ
787 733 896 802 ἄρα
927 734 1264 806 μονότροπος
1294 738 1326 806 ή
1360 736 1483 806 νίκη
1506 776 1521 799 ,
1551 735 1675 790 οὐδὲ
1709 751 1922 806 μονοει-

322 829 459 898 δὴς,
493 827 633 880 ἀλλὰ
671 826 954 897 διαφόροις
987 830 1180 892 κόποις
1215 829 1388 884 πάλαι
1429 830 1591 900 μέχρι
1626 829 1726 898 τῆς
1761 827 1922 892 δεῦρο

326 918 768 990 κατορθουμένη,
799 919 942 973 ὥστε
976 921 1076 991 τὴν
1111 924 1212 992 μὲν
1246 921 1406 991 νίκην
1442 923 1572 991 μίαν
1603 916 1763 982 εἶναι.
1796 921 1923 984 τοὺς

323 1013 384 1066 δὲ
411 1013 648 1083 τρόπους
683 1011 750 1064 δι’
772 1007 847 1066 ὧν
882 1012 1024 1084 αὕτη
1054 1015 1169 1076 τοῖς
1203 1016 1540 1085 στρατηγοῖς
1575 1013 1922 1082 περιγίνεται

323 1105 619 1175 διαφόρους
664 1122 722 1158 τε
771 1107 866 1159 καὶ
916 1106 1196 1170 ποικίλους
1237 1107 1340 1178 τὴν
1383 1105 1566 1175 φύσιν.
1611 1105 1769 1168 Τινὲς
1813 1104 1922 1175 γὰρ

325 1197 435 1251 τῶν
471 1198 642 1251 πάλαι
677 1197 1037 1268 ὐμνουμένων
1069 1199 1400 1271 στρατηγῶν
1431 1200 1568 1269 αὐτῇ
1611 1199 1757 1269 ἰσχύϊ
1787 1197 1922 1268 τῷδε

329 1291 520 1362 τρόπῳ
553 1292 678 1354 τοὺς
719 1291 998 1354 ἐναντίους
1038 1292 1365 1361 νικήσαντες
1407 1293 1714 1359 φαίνονται.
1743 1292 1924 1360 ’Ἄλλῳ

325 1384 386 1437 δέ
427 1384 578 1438 ἄλλοι
618 1382 883 1448 πολλάκις
924 1386 1295 1455 χρησάμενοι,
1332 1383 1432 1455 τὴν
1468 1383 1710 1438 νικῶσαν
1751 1380 1919 1454 εἶχον.

336 1473 398 1526 '0
436 1474 492 1527 δέ
528 1491 594 1543 γε
635 1476 768 1539 ἐμὸς
810 1475 995 1546 πατὴρ
1038 1479 1131 1528 καὶ
1172 1475 1430 1546 βασιλεὺς
1467 1476 1605 1529 ὅπου
1644 1475 1744 1545 μὲν
1781 1477 1921 1546 ἀλκῇ

323 1565 435 1621 τῶν
481 1567 744 1620 ἐναντίων
787 1567 1048 1636 ἐκράτει,
1094 1568 1234 1621 ὅπου
1279 1569 1336 1621 δὲ
1384 1567 1480 1622 καὶ
1524 1569 1777 1642 περινοίᾳ
1818 1569 1925 1622 τινὶ

323 1658 695 1728 χρησάμενος.
722 1659 880 1712 Ἐστι
905 1659 950 1712 δ’
975 1651 1036 1712 οὗ
1072 1660 1178 1713 κάν
1207 1662 1331 1724 ταῖς
1367 1661 1572 1731 μάχαις
1607 1663 1802 1726 αὐταῖς
1831 1662 1924 1726 ὀξύ

325 1767 380 1805 τι
428 1751 834 1822 στοχασάμενος
882 1751 979 1804 καὶ
1021 1751 1306 1823 τολμήσας
1349 1753 1449 1823 τὴν
1495 1753 1736 1809 νικῶσαν
1779 1750 1926 1826 εἶχεν

2031 562 2142 607 tum
2177 562 2324 608 certe
2364 569 2471 609 non
2515 553 2720 610 virtute
2750 555 2963 624 agimur
2991 554 3270 621 laudabili,
3303 559 3395 611 sed
3430 561 3552 628 imp:
3575 583 3608 604 -ι

2028 644 2165 698 tenti
2203 644 2510 699 temeritate
2541 645 2810 714 rapimur.
2843 644 2898 698 In
2930 661 2993 700 eo
3017 661 3117 714 ego
3142 649 3310 716 priori
3343 665 3471 704 vere
3497 650 3594 702 fm-

2030 735 2160 787 tiunt
2190 749 2415 789 numero
2448 735 2600 790 illum
2653 752 2870 806 quoque
2907 741 3235 805 reposucrim
3271 743 3386 806 qui,
3427 731 3608 797 oblato

2028 828 2293 897 periculo,
2333 844 2440 884 non
2477 829 2532 884 in
2592 829 2723 884 illud
2761 831 2980 900 quidem
3016 831 3193 885 fronte
3226 833 3457 886 adversa
3513 851 3603 888 veo

2029 915 2256 972 liemeus
2311 917 2568 984 incurrit,
2607 929 2867 974 caeterum
2912 932 3062 974 tanta
3090 921 3253 992 467
3282 926 3606 977 dexter-itali:

2028 1003 2154 1060 belli
2194 1005 2429 1072 clavum,
2462 1008 2532 1062 ita
2559 1010 2696 1064 scite
2729 1024 2842 1064 rem
2869 1011 3608 1086 gubernatadniinistratque

2029 1106 2218 1162 totam,
2255 1109 2307 1152 ut
2348 1100 2705 1156 nihilominus
2741 1102 2926 1156 boues
2982 1113 3203 1171 superet
3245 1105 3610 1175 sulijiciatqne

2027 1189 2131 1242 sibi
2174 1190 2292 1244 sine
2315 1195 2548 1261 strepitu
2582 1206 2646 1246 ac
2677 1193 2753 1258 vi,
2789 1207 2951 1262 quam
3005 1196 3052 1246 si
3100 1195 3355 1249 virtutem
3405 1198 3456 1249 in
3492 1199 3610 1250 acie

2027 1297 2296 1335 summum
2347 1298 2468 1337 cum
2495 1286 2614 1354 pari
2651 1286 2912 1341 felicitate
2944 1287 3202 1356 juugens,
3242 1305 3462 1344 suorum
3511 1292 3609 1344 lio-

2028 1375 2303 1444 stinmque
2363 1390 2560 1430 cruore
2599 1378 2769 1431 multo
2825 1379 3051 1434 victoris
3087 1396 3282 1434 nomen
3347 1398 3410 1438 ac
3441 1386 3606 1438 decus

2029 1466 2274 1520 emisset.
2309 1466 2422 1521 lino
2449 1467 2502 1521 id
2544 1470 2654 1533 aio,
2689 1470 2733 1523 si
2775 1483 3163 1537 comparentur
3195 1476 3294 1526 ista
3359 1475 3498 1529 inter
3525 1492 3606 1540 se,

2032 1561 2468 1624 praestantiorem
2523 1562 2692 1614 videri
2729 1563 3087 1631 sapientiam,
3133 1564 3288 1618 ducis
3325 1566 3610 1619 incruente

2029 1663 2094 1703 ac
2129 1661 2262 1715 tuto,
2303 1652 2534 1719 sineque
2567 1653 2684 1706 alea
2721 1655 3012 1716 vincentis,
3045 1671 3204 1722 quam
3251 1660 3610 1711 tumultuosos

2033 1744 2262 1799 alterius
2321 1756 2548 1800 conatus
2587 1763 2684 1816 per
2737 1751 2934 1810 caedes,
2971 1749 3218 1812 vulnera,
3259 1751 3611 1820 periculaque

326 1840 512 1903 εὐθύς.
538 1842 716 1896 Ὅπου
751 1843 853 1914 μέν
881 1845 978 1896 καὶ
1009 1843 1368 1915 στρατηγικῷ
1400 1849 1759 1917 μηχανήματι
1796 1864 1922 1916 συγ-

2031 1837 2107 1891 rei
2159 1853 2384 1891 summie
2441 1837 2678 1908 denique
2733 1841 2785 1892 in
2824 1840 3068 1895 victoriae
3132 1846 3296 1896 decus
3331 1846 3608 1899 enitentis.

325 1933 714 2005 χρησάμενος,
760 1936 896 1988 ὅπου
946 1935 1002 1988 δὲ
1051 1937 1144 1990 καὶ
1193 1936 1284 1989 διὰ
1329 1937 1534 2006 χειρῶν
1581 1940 1923 2008 μαχόμενος,

329 2025 502 2078 πολλὰ
529 2025 790 2090 πολλάκις
818 2025 880 2092 ἐξ
907 2027 1340 2096 ἀπροσδοκήτων
1365 2027 1638 2100 ἐστήσατο
1663 2029 1924 2099 τρόπαια.

327 2107 438 2169 Ἦν
487 2116 587 2184 μὲν
633 2116 744 2187 γὰρ
794 2117 941 2188 ήπερ
990 2116 1149 2180 ἄλλος
1201 2134 1288 2182 τις
1336 2119 1433 2171 καὶ
1480 2118 1856 2186 φιλοκίνδυνος
1900 2124 1928 2174 ὁ

328 2209 491 2279 ἀνήρ.
542 2209 650 2261 Καὶ
699 2211 948 2279 συνεχεῖς
990 2205 1059 2279 ἦν
1100 2211 1238 2281 όρᾷν
1282 2209 1434 2281 αὐτῷ
1477 2213 1603 2273 τοὺς
1647 2212 1926 2277 κινδύνους

327 2300 742 2371 ἐγειρομένους,
774 2300 910 2356 ἀλλὰ
939 2301 1077 2354 ποτέ
1105 2302 1208 2372 μὲν
1233 2305 1416 2373 γυμνῇ
1444 2305 1509 2374 τῇ
1543 2303 1757 2374 κεφαλῇ
1791 2305 1926 2375 πρὸς

327 2393 557 2454 τούτους
607 2392 1032 2461 παραπεδύετο,
1083 2397 1179 2446 καὶ
1229 2394 1399 2464 ὁμόσε
1451 2397 1566 2457 τοῖς
1619 2395 1927 2466 Βαρϐάροις

335 2483 569 2554 ἐχώρει,
617 2482 747 2535 ποτὲ
791 2481 846 2535 δὲ
896 2484 990 2536 καὶ
1037 2483 1443 2555 ἐσχηματίζετο
1489 2485 1926 2539 ὑποκατακλίνε-

335 2575 480 2640 σθαι,
513 2574 606 2629 καὶ
635 2574 725 2629 τὸν
752 2574 1097 2647 ὀρρωδοῦντα
1130 2576 1458 2647 ὑπεκρίνετο
1485 2576 1562 2641 ὡς
1595 2572 1787 2649 καιρὸς
1819 2578 1926 2631 ἐδί-

323 2667 422 2720 δου
454 2669 549 2721 καὶ
574 2667 642 2721 τὰ
672 2669 973 2738 πράγματα
1004 2669 1337 2740 ὑπηγόρευε.
1369 2670 1481 2722 Καὶ
1510 2671 1598 2724 ἵνα
1627 2671 1925 2724 συνελοῦσα

322 2761 390 2813 τὸ
433 2762 541 2814 πᾶν
587 2761 800 2832 εἴποιμι
833 2802 848 2826 ,
891 2762 986 2814 καὶ
1031 2761 1250 2831 φεύγων
1289 2763 1536 2831 ἐκράτει,
1584 2764 1677 2817 καὶ
1713 2761 1924 2816 διώκων

328 2850 507 2916 ἐνίκα,
545 2854 638 2906 καὶ
673 2855 859 2907 ἵστατο
894 2853 1282 2920 καταπίπτων,
1317 2856 1409 2906 καὶ
1444 2853 1803 2908 καταϐάλλων
1835 2854 1926 2925 δρ-

327 2943 446 3007 θιος
485 2939 575 3012 ἦν,
617 2945 759 2997 κατά
799 2947 899 3013 τὴν
935 2946 1046 2997 τῶν
1081 2945 1351 3014 τριϐόλων
1393 2945 1564 3000 θέσιν.
1600 2946 1710 2999 Καὶ
1750 2945 1925 3000 ταῦτα

327 3037 439 3106 γὰρ
478 3039 630 3100 ὅπως
670 3038 736 3090 ἂν
775 3037 989 3107 ῥίψειας
1029 3037 1170 3108 ὀρθά
1205 3054 1288 3090 σοι
1324 3037 1633 3108 ἑστήξεται.
1674 3039 1843 3092 Πάλιν
1877 3039 1922 3092 δ’

329 3127 564 3182 ἐνταῦθα
594 3129 872 3199 γενομένη
903 3129 1289 3201 παραιτοῦμαι
1323 3130 1424 3200 τήν
1455 3131 1696 3200 μέμψιν,
1729 3133 1922 3203 ὅτιπερ
1947 3168 1992 3228 c

325 3219 732 3290 ταυτολογοῦσα
770 3219 1288 3292 καταλαμϐάνομαι.
1319 3220 1479 3275 Ἀλλὰ
1519 3221 1778 3286 πολλάκις
1815 3224 1920 3276 ἀπ-

327 3313 682 3386 ελογησάμην
706 3314 788 3366 ὅτι
814 3313 911 3383 οὐχ
940 3315 972 3384 ή
998 3313 1091 3366 τοῦ
1122 3313 1330 3384 πατρὸς
1359 3311 1543 3366 εὔνοια
1567 3316 1694 3377 τοὺς
1723 3312 1921 3384 λόγους

323 3405 520 3460 τούτου
551 3407 874 3477 παρέχεται,
909 3405 1081 3476 ἀλλ’ἢ
1112 3405 1223 3458 τῶν
1256 3406 1604 3476 πραγμάτων
1636 3407 1819 3475 φύσις.
1855 3405 1922 3460 Τί

321 3499 438 3571 γὰρ
480 3497 682 3552 κωλύει
720 3498 855 3567 πρὸς
895 3498 996 3568 τῆς
1033 3495 1294 3567 ἀληθείας
1335 3496 1508 3565 αὐτῆς
1550 3497 1645 3548 καὶ
1686 3496 1921 3563 φιλοπά-

322 3606 464 3663 τορα
493 3586 634 3644 εἶναι
663 3591 807 3643 κατὰ
833 3590 1033 3643 ταύτόν
1054 3605 1176 3642 τινα
1202 3587 1297 3642 καὶ
1322 3586 1618 3657 φιλαλήθη.
1652 3585 1794 3655 Ἐγὼ
1825 3587 1924 3656 μὲν

322 3682 439 3752 γὰρ
467 3682 516 3734 τ’
544 3683 720 3753 ἀληθῆ
754 3682 1094 3753 προειλόμην
1127 3679 1467 3751 ξυγγράφειν
1489 3719 1504 3744 ,
1535 3681 1631 3732 καὶ
1662 3679 1792 3748 περὶ
1828 3679 1924 3731 άν-

322 3775 452 3848 δρὸς
489 3777 720 3844 ἀγαθοῦ,
756 3778 802 3828 εξ
837 3775 895 3828 δὲ
925 3775 968 3806 ⁸⁸
1006 3773 1358 3846 ξυμῦἐσηκεν
1393 3772 1537 3827 εἶναι
1573 3774 1670 3827 καὶ
1704 3771 1922 3843 πατέρα

324 3868 425 3920 τοῦ
457 3868 816 3938 ξυγγραφέως
837 3868 903 3931 ⁸⁸,
933 3869 992 3920 τὸ
1032 3867 1132 3938 μὲν
1163 3864 1260 3919 τοῦ
1296 3864 1506 3936 πατρὸς
1544 3865 1720 3934 ὄνομα
1753 3879 1923 3933 προσ·

326 3963 575 4033 apster
613 3961 849 4014 ἐνταῦθα
892 3963 988 4013 καὶ
1028 3960 1233 4012 κείσθω
1275 3959 1340 4012 ἐκ
1373 3957 1468 4010 τοῦ
1514 3957 1917 4027 παρέλκοντος,

325 4057 394 4124 τῇ
426 4055 481 4106 δὲ
509 4054 672 4122 φύσει
699 4054 796 4124 τῆς
831 4052 1092 4123 ἀληθείας
1119 4051 1434 4106 ἀνακείσθω
1461 4050 1522 4102 τὸ
1552 4049 1919 4120 σύγγραμμα.

337 4147 432 4199 Ἔν
465 4144 646 4207 ἄλλοις
690 4145 788 4214 μὲν
823 4144 930 4215 γὰρ
964 4144 1064 4212 τὴν
1099 4144 1236 4215 πρὸς
1269 4143 1360 4194 τὸν
1396 4141 1612 4211 πατέρα
1652 4137 1924 4204 ἐνεδειξά-

328 4259 442 4311 μην
470 4238 706 4306 εὕνοιαν,
736 4239 834 4293 καὶ
861 4237 950 4292 διὰ
976 4237 1136 4291 τοῦτο
1164 4235 1261 4290 καὶ
1289 4235 1574 4306 δυσμενῶν
1600 4233 1723 4287 ,κατ’
1747 4236 1922 4303 ἐμαυ-

324 4338 429 4402 τῇς
457 4335 704 4404 ήκόνησα
733 4332 936 4404 δόρατα
965 4331 1063 4385 καὶ
1095 4329 1224 4401 ξίφη
1257 4327 1568 4400 παρέθηξα.
1601 4327 1707 4380 Καὶ
1739 4328 1922 4380 ἴσασιν

323 4428 519 4480 ὁπόσοι
557 4428 627 4480 τά
667 4424 790 4479 καθ’
817 4425 966 4496 ἡμᾶς
1008 4425 1110 4478 ούκ
1151 4422 1424 4493 ἠγνόησαν
1471 4420 1798 4492 πράγματα.
1839 4421 1914 4472 οὐ

2028 1928 2295 1983 Nimirum
2347 1939 2404 1985 ut
2450 1928 2718 1985 llotuerus
2775 1933 2898 1986 ait:
2936 1933 3138 2001 Auriga
3175 1938 3382 2005 auriga:
3438 1937 3608 1990 solum

2029 2024 2282 2092 prwcellit
2309 2026 2370 2076 ob
2396 2032 2590 2077 artem.
2642 2022 2938 2079 Enimvero
2969 2026 3328 2095 periclitando
3349 2044 3610 2097 superare

2029 2133 2192 2186 quam
2255 2118 2550 2186 eitpetibile
2605 2133 2715 2173 non
2779 2118 2957 2182 sit,in
3007 2135 3100 2173 ore
3145 2120 3284 2188 vulgi
3339 2137 3604 2193 quoquest

2031 2208 2232 2262 Cadmo
2281 2212 2440 2264 ducta
2519 2209 2782 2278 parcentia
2845 2211 3046 2282 posuit.
3105 2213 3292 2282 Itaque
3338 2229 3458 2268 meo
3487 2214 3611 2283 jiite

2031 2301 2163 2355 milii
2193 2301 2381 2356 videor
2409 2301 2464 2355 in
2491 2318 2556 2357 eo
2581 2303 2826 2372 positura
2861 2320 3131 2359 summum
3186 2307 3396 2373 apii-ent
3430 2308 3609 2361 laudis

2031 2393 2420 2463 imperatoriae,
2478 2397 2524 2450 si
2587 2398 2707 2465 quis
2760 2409 3048 2469 utramque
3112 2415 3226 2454 rem
3263 2403 3494 2455 misceat
3548 2403 3602 2455 in

2033 2499 2296 2555 tempore,
2331 2496 2386 2542 et
2434 2503 2555 2540 cum
2594 2505 2772 2559 pugna
2804 2493 3094 2547 commissa
3121 2504 3341 2548 strenue
3382 2510 3603 2548 manum

2029 2592 2322 2646 conserat;
2366 2592 2477 2634 tum
2521 2582 2662 2634 idern
2694 2583 2857 2636 simul
2911 2583 3074 2638 etiam
3136 2587 3350 2655 ingenio
3393 2589 3608 2656 vigente

2030 2683 2268 2728 astutum
2331 2675 2536 2745 aliquid
2583 2679 2857 2746 excogitet
2903 2693 3010 2747 quo
3057 2676 3199 2733 forte
3247 2683 3608 2748 praevalentes

2028 2765 2222 2832 opibus
2281 2775 2335 2821 et
2386 2782 2618 2822 numero
2667 2768 3110 2824 adversariorum
3170 2786 3279 2832 res,
3315 2773 3609 2838 quominus

2031 2868 2210 2912 tamen
2247 2858 2574 2914 inﬁrmiores
2608 2870 2825 2916 nostras
2862 2862 3136 2928 obteram,
3184 2865 3417 2918 censitio
3442 2874 3608 2935 atque

2029 2961 2149 3005 arte
2181 2954 2568 3021 reprimuntur.
2612 2953 2742 3008 ESto
2779 2955 2922 3008 enim
2957 2955 3046 3009 ubi
3076 2955 3294 3010 libratis
3328 2957 3607 3028 utrimque

2025 3042 2142 3113 pari
2169 3058 2398 3097 numero
2429 3054 2592 3114 atque
2617 3057 2879 3114 apparatu
2915 3048 3363 3100 contendentium
3404 3048 3610 3104 viribus

2026 3135 2290 3190 illiberale
2345 3136 2583 3205 cuipiam
2638 3139 2776 3193 lorte
2827 3138 3075 3192 videatur
3112 3139 3270 3194 furtis
3298 3149 3352 3195 ct
3397 3141 3610 3195 insidiis

2027 3230 2094 3283 ad
2124 3228 2341 3284 virtutis
2377 3230 2662 3300 praemium
2717 3232 2992 3300 grassari;
3026 3231 3254 3286 fortutue
3307 3243 3461 3288 certe
3495 3238 3602 3289 ini-

2027 3317 2290 3388 quitatem
2349 3323 2633 3388 pauciores
2683 3321 3013 3390 objectantis
3073 3322 3320 3391 pluribus
3353 3326 3603 3381 stilicidio

2028 3411 2323 3466 emendare
2357 3412 2680 3480 prudentia,
2715 3415 2837 3480 quis
2867 3414 3149 3468 invideat?
3173 3417 3297 3484 quis
3321 3433 3426 3471 non
3459 3433 3606 3482 pra:-

2030 3500 2319 3555 dicandum
2367 3502 2560 3568 putet?
2593 3501 2744 3566 Quod
2776 3506 2819 3558 si
2861 3506 2983 3572 quis
3034 3507 3384 3560 historiarum
3413 3524 3606 3563 exem-

2027 3591 2114 3663 pla
2161 3593 2402 3662 colligat,
2439 3593 2520 3647 sic
2571 3595 2808 3661 reperiet
2841 3612 2854 3648 :
2888 3610 3056 3648 unum
3083 3597 3305 3649 ambitio
3356 3599 3606 3653 erunibus

2027 3680 2271 3736 victoria:
2325 3685 2490 3737 decus
2522 3695 2584 3736 ac
2617 3683 2882 3748 lrut-tuiu,
2915 3702 3021 3738 non
3055 3701 3157 3738 una
3212 3689 3321 3755 peti
3369 3689 3476 3752 via,
3506 3704 3606 3745 nec

2027 3776 2238 3829 ratione
2259 3774 2490 3829 obtineri
2519 3775 2709 3829 eadem
2734 3792 2968 3844 semper.
3002 3775 3235 3831 Exstant
3261 3793 3606 3834 monumenta

2025 3865 2225 3936 quibus
2289 3866 2438 3919 multi
2509 3877 2883 3920 memorantur
2928 3880 3168 3922 veterum
3221 3868 3439 3923 militari
3475 3870 3604 3924 olim

2027 3955 2185 4010 laude
2216 3956 2669 4027 successibusque
2698 3957 2902 4011 bellicis
2933 3959 3352 4027 percelebrittiu.
3389 3959 3594 4016 llorutn

2025 4061 2172 4104 artes
2206 4052 2280 4103 rei
2317 4049 2560 4119 ejusdem
2607 4051 2959 4119 assequendae
3003 4053 3393 4108 diversissima:
3425 4056 3601 4124 plut-i-

2028 4156 2238 4210 mazque
2270 4141 2600 4206 relcruutur,
2630 4142 2756 4196 dum
2781 4140 2872 4196 alii
2901 4143 2950 4197 vi
2975 4153 3183 4214 aperta,
3215 4155 3603 4216 stratagemate

2026 4233 2119 4288 alii
2143 4233 2442 4289 debellant.
2464 4231 2634 4290 Pater
2663 4251 2814 4290 meus
2839 4249 2959 4305 quae
2983 4236 3120 4290 varii
3148 4241 3296 4291 varia
3329 4247 3559 4293 tentarnt
3585 4249 3606 4294 t

2025 4343 2169 4381 unus
2219 4327 2338 4382 fere
2397 4330 2578 4382 omnia
2632 4338 2890 4397 expertus
2929 4337 3036 4385 est.
3100 4329 3227 4385 Fuit
3281 4346 3403 4385 cum
3443 4347 3604 4397 aequo

2025 4418 2199 4474 Marte
2229 4420 2440 4475 collatis
2479 4418 2682 4474 vitibus
2709 4421 2962 4490 superior
2986 4425 3275 4476 exsisteret
3308 4423 3505 4489 impetu
3539 4436 3605 4476 ac

332 4519 444 4589 μὴν
481 4523 541 4573 ἐν
572 4519 651 4590 τῷ
689 4519 789 4587 τῆς
831 4517 1076 4588 ἱστορίας
1118 4519 1362 4586 χρήματι
1401 4513 1806 4585 καταπροδοίην
1849 4513 1916 4564 ἂν

2027 4512 2114 4568 vi:
2147 4509 2248 4566 fuit
2277 4512 2404 4565 item
2452 4528 2577 4566 cum
2617 4512 2896 4580 ingenium
2925 4513 2995 4567 ad
3046 4515 3214 4567 robur
3246 4514 3600 4581 adjuugeret;

324 4613 428 4684 τὴν
461 4611 741 4684 ἀλήθειαν.
769 4610 966 4674 Ἄλλος
1008 4609 1110 4679 μὲν
1143 4607 1252 4678 γὰρ
1291 4607 1482 4677 καιρός
1525 4606 1672 4657 ἐστιν
1708 4602 1921 4665 εὐνοίας

326 4706 606 4776 πατρικῆς
638 4703 761 4758 καθ’
784 4704 842 4757 ὃν
871 4705 1030 4774 ἡμεῖς
1057 4697 1458 4772 ήνδρισάμεθα,
1489 4697 1678 4768 ἔτερος
1708 4695 1763 4747 δὲ
1797 4711 1920 4747 και-

330 4799 425 4870 ρὸς
457 4799 718 4866 ἀληθείας
753 4797 811 4850 ὃν
843 4814 964 4849 τινα
1004 4791 1492 4864 παραπεπτωκότα
1529 4790 1629 4842 οὐκ
1664 4787 1732 4840 ἂν
1767 4787 1922 4856 παρὰ

324 4890 536 4959 φαῦλον
564 4891 736 4960 θείην.
770 4888 1031 4956 Εἰδ’ὅπερ
1061 4882 1213 4940 εἷπον
1240 4885 1336 4938 καὶ
1371 4881 1742 4951 φιλοπάτορας
1773 4881 1920 4949 ἡμᾶς

327 4983 817 5036 συναποδείκνυσιν
860 4984 888 5034 ὁ
934 4981 1126 5049 καιρὸς
1175 4971 1360 5040 οὗτος,
1407 4977 1467 5028 οὐ
1519 4974 1667 5044 παρὰ
1709 4972 1804 5025 τοῦ
1849 4974 1915 5023 τα

328 5077 424 5144 τῆς
458 5075 717 5145 ἀληθείας
751 5073 1093 5145 ἐπηλυγάσαι
1126 5072 1186 5123 τὸ
1216 5069 1325 5123 τῶν
1358 5065 1665 5137 ἀνθρώπιον
1701 5062 1912 5134 μεμψί-

329 5188 544 5240 μοιρον.

2021 4598 2394 4669 θυαε-υιιιοιμιο
2453 4601 2636 4668 ρτωιὶο
2667 4616 2730 4654 ac
2763 4603 3033 4669 pendente
3080 4603 3323 4656 victoriae
3362 4603 3598 4666 lortuua,

2024 4703 2249 4762 repente
2294 4703 2531 4747 astutum
2599 4697 2942 4763 excogitaret
2989 4710 3097 4763 quo
3151 4696 3296 4748 velut
3327 4706 3599 4748 momento

2022 4789 2342 4856 degravaret
2367 4793 2639 4854 aequatam
2691 4786 2955 4840 hactenus
2981 4786 3190 4842 lancem
3219 4797 3273 4842 et
3299 4785 3596 4855 perieulum

2021 4879 2076 4932 in
2112 4892 2432 4932 successum
2467 4885 2724 4931 verteret.
2757 4877 2941 4946 Itaque
2975 4887 3303 4946 tropaeorum
3332 4875 3447 4944 ejus
3471 4892 3598 4946 pari-

2027 4977 2133 5021 tem
2166 4968 2452 5036 ptudentia
2497 4978 2553 5021 et
2583 4968 2872 5022 consilium
2921 4971 3118 5032 erexit,
3152 4980 3362 5038 partem
3406 4984 3600 5024 manus

2023 5071 2077 5114 et
2108 5061 2384 5114 contentio
2438 5060 2796 5129 militarisque
2832 5071 3062 5115 conatus
3097 5063 3286 5115 statuit
3319 5081 3331 5116 :
3366 5078 3596 5133 qnaiutn

2025 5157 2328 5222 spei-ierunt
2361 5171 2482 5208 cum
2535 5154 2703 5207 altera
2744 5170 2863 5223 qua:
2906 5155 3100 5209 idoneo
3125 5157 3392 5211 instructu
3427 5173 3598 5226 appa-

333 5274 566 5331 ratuque
596 5262 916 5332 praemunita
951 5259 1148 5312 virium
1195 5257 1615 5322 animorumque
1663 5248 2046 5318 exsuperantia
2089 5248 2367 5316 praevalet,
2401 5246 2616 5300 laudem
2653 5261 2920 5299 summam
2955 5246 3193 5314 habeat;
3226 5248 3395 5303 altera
3430 5253 3596 5302 etiam

330 5357 632 5425 inepinatis
661 5353 1114 5408 conversionibus
1139 5347 1558 5403 admirationem
1589 5347 1640 5399 in
1673 5359 1731 5398 se
1765 5343 2041 5397 hominum
2087 5343 2284 5394 merito
2326 5338 2616 5394 convertit.
2646 5337 2843 5393 Verum
2877 5342 2986 5395 utri
3017 5341 3192 5409 palma
3225 5343 3382 5395 detur
3409 5357 3597 5412 parum

330 5456 405 5509 ad
441 5455 612 5524 patris
643 5456 744 5506 mei
784 5454 980 5504 famam
1009 5450 1236 5503 interest
1296 5439 1514 5514 genere,
1559 5445 1634 5497 uti
1669 5442 1803 5504 dixi,
1835 5440 2036 5510 pariter
2064 5441 2118 5493 in
2150 5448 2381 5507 utroque
2432 5436 2816 5506 praecellentis.
2866 5438 3004 5505 Quis
3038 5439 3130 5494 illo
3158 5442 3296 5492 alius
3331 5437 3598 5508 periculo-

332 5568 454 5606 rnm
489 5546 870 5620 appetentiOr?
911 5545 1082 5611 Quam
1117 5543 1183 5594 ile
1223 5549 1406 5592 autem
1441 5535 1698 5606 periculis
1731 5550 1958 5589 vacuam
1988 5537 2112 5588 vita:
2154 5545 2360 5601 partem
2409 5530 2620 5599 habuit,
2653 5532 2745 5601 qui
2783 5544 2944 5587 natus
2983 5549 3047 5588 eo
3071 5531 3184 5586 fato
3209 5533 3502 5590 videretur.
3535 5543 3596 5582 ut

332 5648 388 5700 in
416 5659 539 5697 eum
579 5640 728 5695 nullo
761 5655 867 5691 non
924 5636 1063 5696 loco,
1099 5633 1245 5686 nullo
1273 5645 1377 5682 non
1409 5640 1673 5698 tempore,
1707 5628 2008 5697 ingentium
2062 5627 2297 5692 undique
2328 5625 2591 5678 malorum
2631 5637 2805 5682 metus
2845 5641 2908 5680 ac
2942 5629 3182 5681 minaces
3223 5623 3365 5678 velut
3396 5620 3595 5679 ﬂuctus

1383 5746 1527 5806 Car.
1579 5741 1912 5806 Dul'rcsnii
1962 5743 2057 5803 Du
2091 5741 2311 5820 Caugii
2347 5750 2532 5806 IiOlll‘.

408 5863 516 5918 "ei
545 5864 601 5918 5!.-
633 5863 725 5916 τὸν
747 5858 932 5913 αὐτόν.
1014 5857 1056 5888 ⁸⁸
1087 5852 1445 5923 ξυγγράφειν.
