3998 6206
566 306 701 370 1127
1871 296 2101 358 ANNIE
2130 292 2516 355 COMNENxﬁ
3602 298 3715 363 1,23

566 422 954 496 insurgerent?
1003 421 1110 477 Per
1134 421 1234 475 bas
1265 420 1355 475 ille
1393 415 1660 489 procellas
1686 413 1952 484 dignitate
1997 423 2216 480 semper
2258 406 2516 463 incolumi
2554 403 2703 461 varie
2747 403 3049 477 defungens
3088 405 3318 461 transiit.
3341 405 3571 462 Interdum
3592 409 3713 463 vide-

564 521 694 574 licet
715 520 857 573 nudo
889 517 1083 585 capite,
1117 514 1261 584 quod
1298 513 1472 574 aiunt,
1509 507 1791 581 explicatis
1831 507 2056 562 aciebus
2110 511 2301 558 contra
2335 501 2605 556 Barbaros
2637 512 2907 554 summam
2953 514 3132 554 rerum
3156 500 3281 554 alere
3312 501 3463 571 praelii
3485 503 3719 556 commisit.

564 611 716 666 Alias
740 607 1166 664 declinabundus
1196 604 1486 660 allectabat
1528 610 1648 657 arte
1673 600 1948 670 specimen
1984 594 2228 650 timentis
2263 594 2600 662 vitantisque
2629 604 3002 660 congressum,
3035 592 3191 662 quasi
3232 594 3342 646 suis
3368 607 3536 662 parum
3563 595 3724 650 viribus

570 703 778 757 ﬁderet.
816 701 982 773 468
1012 700 1101 754 Sic
1133 699 1279 753 enim
1310 714 1490 753 rerum
1519 707 1573 750 et
1609 706 1914 763 temporum
1947 688 2190 743 conditEo
2223 686 2504 756 poscebat,
2544 693 2602 737 ιιι
2631 698 2699 738 ex
2730 683 3078 738 simulatione
3137 695 3304 738 metus
3338 683 3506 737 salutis
3549 684 3721 752 publica:

567 795 858 867 gloriaeque
892 793 1112 860 majoris
1140 793 1357 848 occasio
1386 801 1735 855 nasceretur;
1773 801 1894 856 qum
1924 797 2049 853 spes
2076 781 2252 849 ipsum
2288 794 2412 833 raro
2444 777 2718 832 destituit.
2752 776 2827 832 Ut
2850 776 2995 830 enim
3029 776 3193 830 multa
3223 777 3394 845 paucis
3417 776 3617 830 breviter
3635 778 3719 831 rol-

566 890 753 957 ligam,
792 896 845 942 et
874 886 1087 953 lugiens
1112 886 1201 939 ille
1233 884 1534 954 superavit,
1576 891 1633 936 et
1667 888 2006 950 persequens
2038 871 2169 925 vicit
2190 909 2207 936 ,
2239 879 2294 925 et
2343 868 2632 939 prolabens
2657 870 2942 939 perstitit,
2977 875 3031 923 et
3059 867 3313 936 dejiciens
3335 880 3527 923 erectus
3547 874 3718 936 mansit;

570 984 729 1051 plane
756 991 812 1036 ut
845 982 1081 1036 murices
1120 979 1444 1047 lricuspides
1493 976 1584 1030 tali
1630 982 1788 1043 aptos
1836 971 2033 1039 ﬁgura,
2068 976 2128 1022 ut
2177 963 2481 1034 quamlibet
2531 978 2627 1018 eos
2657 964 2711 1018 in
2742 960 2939 1018 faciem
2970 963 3225 1032 projicias
3248 976 3448 1029 semper
3473 964 3582 1015 recti
3602 974 3721 1016 stent.

568 1074 804 1128 Rursum
838 1073 925 1126 hic
959 1085 1153 1125 vereor
1180 1084 1341 1137 quam
1385 1067 1674 1134 deprecata
1707 1076 1850 1131 sape
1889 1075 2012 1114 sum
2060 1056 2281 1112 lectoris
2310 1053 2669 1109 offensionem
2694 1054 3011 1109 domesticas
3039 1071 3124 1108 me
3154 1054 3419 1124 indulgere
3452 1055 3609 1124 gloria-
3633 1069 3726 1119 que-

569 1168 729 1223 sturi.
757 1165 846 1227 At,
882 1172 939 1218 ut
969 1178 1110 1230 stupe
1147 1162 1282 1224 dixi,
1321 1175 1428 1214 non
1470 1158 1603 1212 mihi
1639 1159 1812 1225 patris
1837 1167 1993 1207 amor
2017 1151 2196 1218 petins
2223 1162 2388 1218 quam
2414 1162 2592 1200 rerum
2621 1147 2752 1202 ﬁdes
2790 1148 3029 1217 ipsarum
3073 1158 3364 1215 naturaque
3388 1146 3729 1215 propnsilmtuaa

568 1260 722 1314 teriae
777 1258 914 1312 hanc
970 1256 1272 1309 orationem
1326 1253 1584 1322 suggerit.
1647 1252 1776 1316 Qme
1815 1262 1979 1316 porro
2011 1244 2217 1299 invidia
2267 1252 2374 1303 cst,
2411 1241 2499 1295 ubi
2553 1256 2650 1310 per
2677 1243 2961 1296 veritatem
2995 1244 3177 1308 liceat,
3208 1256 3311 1295 uno
3335 1255 3412 1294 me
3452 1239 3573 1294 facto
3593 1242 3725 1294 eodem

572 1355 763 1423 duplex
791 1351 1022 1405 otlicium
1053 1348 1354 1411 exsolvere,
1399 1360 1461 1398 ac
1503 1345 1676 1413 patris
1724 1340 1885 1398 simul
1925 1348 2223 1401 amantem,
2258 1335 2419 1390 simul
2461 1334 2574 1389 veri
2633 1336 2932 1390 studiosam
2979 1350 3101 1389 esse
3140 1352 3203 1388 ae
3235 1334 3429 1387 videri?
3460 1332 3638 1400 Optimo
3659 1349 3727 1398 ego

573 1450 757 1502 :mimo
792 1461 975 1500 veram
1016 1444 1297 1498 hismriam
1358 1453 1684 1507 componere
1728 1453 1845 1491 sum
1883 1447 2162 1505 aggressa.
2210 1431 2394 1502 Delegi
2449 1432 2517 1485 ad
2571 1432 2621 1485 id
2656 1434 2824 1485 vitam
2859 1443 3053 1498 resque
3083 1440 3261 1500 gestas
3290 1429 3385 1484 viri
3436 1429 3562 1483 boni.
3588 1427 3631 1481 Si
3652 1448 3725 1497 quo

571 1558 699 1594 casu
727 1539 1017 1605 contigerit
1052 1549 1109 1588 ut
1141 1536 1281 1589 idem
1323 1535 1411 1603 qui
1447 1531 1768 1601 scriptionis
1800 1539 2180 1599 argumentum
2212 1536 2297 1584 est
2347 1538 2500 1596 pater
2531 1539 2745 1593 quoque
2780 1524 2853 1578 sit
2893 1525 3205 1590 scribentis,
3244 1536 3363 1592 peto
3410 1525 3456 1577 ιιί
3502 1524 3628 1577 fallor
3645 1525 3728 1591 jure

575 1650 695 1689 meo
735 1643 792 1686 ut
823 1644 1058 1701 [Nitimur
1081 1640 1236 1682 extra
1269 1641 1488 1678 causam
1527 1623 1701 1693 patris
1730 1636 1948 1685 nomen,
1987 1636 2122 1675 neve
2163 1631 2372 1674 natura:
2403 1616 2719 1686 conjunctio
2752 1616 2807 1671 in
2834 1618 3101 1671 mendacii
3131 1616 3481 1684 pra-judicium
3507 1622 3581 1669 aut
3600 1615 3729 1669 eleva-

572 1726 771 1779 tionem
806 1724 930 1777 ﬁdei
966 1722 1235 1775 trahatur.
1274 1718 1404 1771 Aliis
1427 1733 1527 1787 ego
1558 1731 1691 1771 sane
1733 1715 1928 1769 ofﬁciis
1957 1730 2019 1769 ac
2044 1715 2209 1770 rebus
2249 1711 2469 1782 pietatis
2503 1725 2630 1780 erga
2665 1716 2873 1779 patrem
2915 1708 3161 1764 debitum
3191 1710 3415 1779 explevi,
3451 1711 3564 1764 adeo
3586 1717 3629 1763 ut
3656 1709 3730 1760 ist:

575 1817 739 1870 etiam
764 1817 1032 1870 charltate
1059 1812 1403 1865 inimicorum
1438 1810 1488 1861 iu
1545 1822 1630 1862 me
1675 1805 1807 1866 iras,
1842 1806 1953 1861 imo
1998 1805 2182 1861 hastas
2218 1814 2273 1859 et
2330 1816 2618 1856 mucrones
2667 1802 2925 1868 acuerim,
2960 1801 3124 1868 cujus
3188 1803 3262 1856 rei
3296 1811 3451 1857 testes
3487 1801 3623 1871 apello
3666 1816 3734 1856 eos

572 1925 762 1966 omnes
788 1912 877 1977 qui
913 1922 998 1960 res
1026 1920 1176 1959 meas
1206 1920 1310 1957 non
1340 1900 1614 1956 nesciunt.
1644 1899 1700 1953 lu
1738 1898 1841 1953 hoc
1865 1898 2089 1967 quidem
2125 1897 2309 1952 labore
2340 1910 2405 1950 ac
2436 1895 2741 1966 scriptione
2769 1894 2932 1966 hujus
2966 1894 3152 1964 operis
3191 1894 3281 1948 uni
3321 1897 3437 1949 mihi
3473 1898 3731 1966 propositum

574 2016 658 2059 est
689 2002 848 2057 litare
877 2000 1116 2055 veritati.
1152 1998 1296 2053 Suus
1340 2010 1533 2065 nempe
1563 1994 1858 2064 unicuique
1889 1991 2066 2047 ofﬁcio
2119 1992 2291 2059 locus,
2325 2007 2423 2047 sua
2452 1992 2584 2046 hora
2617 2000 2723 2046 est.
2763 1989 2891 2045 Fuit
2911 2004 3077 2056 sane,
3111 1990 3214 2044 fuit
3238 1991 3376 2045 aliud
3410 1993 3580 2045 amoris
3602 1993 3642 2045 in
3670 2010 3736 2061 pa-

578 2109 713 2151 trem
745 2094 849 2149 mei
897 2092 1206 2147 declarandi
1236 2101 1478 2158 tempus,
1522 2087 1724 2143 ﬂorens
1769 2087 2024 2141 nimirum
2060 2095 2192 2142 tetas
2230 2094 2437 2149 nostra,
2471 2100 2591 2152 qua:
2623 2085 2713 2139 illo
2761 2095 3021 2155 regnante
3048 2086 3343 2149 maturuit;
3381 2085 3474 2139 alia
3505 2101 3619 2138 nunc
3640 2098 3738 2139 tem-

575 2200 761 2261 pestas
791 2188 1026 2242 vertitur
1050 2227 1067 2253 ,
1100 2187 1202 2241 alia
1254 2192 1450 2254 praesto
1479 2191 1562 2239 est
1587 2170 1828 2247 occasio,
1882 2182 2038 2252 cujus
2089 2191 2424 2237 momentum
2471 2180 2640 2236 breve
2672 2195 2736 2235 ac
2790 2180 3061 2237 lubricmn
3103 2182 3236 2237 mihi
3264 2180 3471 2237 cﬁlnere
3495 2198 3584 2236 non
3613 2181 3740 2250 patiar

574 2282 916 2338 demetenda:
943 2281 995 2334 in
1029 2279 1319 2334 scribendo
1366 2278 1613 2334 veritatis
1647 2296 1661 2332 :
1694 2292 1803 2347 qua
1852 2277 1906 2332 in
1944 2292 1999 2331 re
2035 2276 2079 2332 si
2102 2276 2250 2346 quod
2284 2276 2505 2331 virtutis
2533 2276 2868 2347 prreconium
2898 2286 3145 2346 paternae
3174 2292 3349 2333 rerum
3396 2288 3630 2347 gestarum
3653 2292 3743 2329 m-

576 2386 717 2432 ctam
748 2374 993 2431 referens
1024 2375 1341 2429 memoriam
1371 2388 1492 2429 mea
1521 2372 1838 2428 necessario
1869 2370 2095 2427 historia
2133 2371 2318 2437 faciat,
2370 2370 2490 2440 ejus
2520 2385 2620 2437 ego
2652 2372 2880 2439 gratiam
2905 2372 3166 2426 charitati
3201 2372 3538 2442 aLjndicatam
3567 2370 3637 2422 uni
3661 2372 3744 2422 vin-

575 2473 697 2526 dico
726 2472 820 2524 uni
852 2470 1052 2525 ascribi
1086 2471 1207 2523 volo
1243 2470 1481 2525 veritati.
1513 2469 1680 2537 Cujus
1710 2470 1873 2523 etiam
1908 2468 2078 2537 ipsius
2115 2483 2311 2522 numen
2338 2468 2616 2522 conscium
2641 2476 2695 2521 et
2723 2468 2828 2520 vim
2868 2468 3239 2536 perspicacem
3267 2468 3401 2521 ultro
3421 2464 3743 2523 advoco,mihi-

578 2580 686 2636 que
715 2564 1003 2634 propitiam
1034 2563 1149 2618 fore
1178 2578 1339 2633 spero
1371 2565 1634 2618 adversus
1681 2562 2113 2618 obtrectationes
2138 2562 2397 2633 querulas
2429 2561 2707 2616 hominum
2745 2575 2908 2630 prave
2934 2576 3000 2614 ac
3030 2562 3270 2629 maligne
3295 2558 3641 2628 suspicacium;
3665 2554 3743 2622 qui.

572 2662 623 2716 si
653 2670 856 2713 nostrae
888 2658 1011 2713 ﬁdei
1037 2655 1468 2712 controversiam
1505 2657 1828 2727 exceptione
1856 2656 2077 2725 pietatis
2106 2654 2401 2721 moverint,
2432 2652 2736 2707 confectam
2765 2652 2867 2705 sibi
2900 2667 3012 2706 rem
3041 2662 3259 2720 putant,
3290 2662 3342 2705 et
3368 2650 3556 2703 abunde
3578 2663 3744 2718 persua-

574 2768 696 2809 sum
730 2752 983 2807 omnibus
1013 2752 1126 2807 ﬁeri
1173 2768 1277 2807 non
1312 2767 1495 2822 posse,
1539 2752 1671 2821 quin
1702 2768 1822 2821 quae
1862 2754 1927 2806 de
1958 2762 2109 2821 patre
2142 2761 2327 2805 narrat
2368 2751 2496 2812 tilia,
2521 2749 2565 2803 si
2592 2763 2655 2803 ea
2697 2747 2943 2818 speciosa
2970 2759 3023 2802 et
3056 2746 3496 2803 commendabilia
3521 2747 3629 2809 sint,
3655 2742 3744 2797 falsa

579 2847 921 2914 conﬁctaque
951 2844 1160 2899 fuerint
1197 2845 1262 2897 ad
1292 2844 1689 2899 obscurandam
1716 2844 2223 2912 obliterandamque
2251 2843 2560 2898 veritatem.

648 2944 753 3000 Sed
787 2943 853 2996 ad
887 2942 1192 2995 institutam
1227 2942 1595 2994 narrationem
1646 2941 1936 3008 aliquando
1963 2954 2150 2993 recnr-
2179 2938 2227 3001 Α

2179 2938 2231 3001 Α
2341 2938 2401 2990 Ὀ
2439 2940 2538 3008 μέν
2567 2955 2647 2990 τοι
2680 2938 2837 3005 λόγος
2872 2937 3224 3006 ἀνατρεχέτω
3257 2934 3406 2999 αὖθις
3435 2934 3553 3005 πρὶς
3580 2935 3629 2987 τὸ
3654 2950 3743 3006 προ-

575 3048 663 3092 rat
692 3035 867 3089 oratio
890 3048 1115 3087 necesse
1138 3042 1241 3087 est.
1272 3032 1522 3099 Quandiu
1552 3033 1715 3086 ﬁxum
1742 3032 1975 3097 illic,ubi
1998 3045 2148 3084 reum

582 3123 926 3192 reliquimus,
956 3120 1369 3175 tabernaculum
1408 3123 1707 3187 imperator
1737 3120 1945 3181 habuit,
1981 3127 2152 3172 totum

578 3215 751 3271 otium
781 3211 1134 3279 studiumque
1163 3212 1254 3263 uni
1298 3209 1413 3264 fere
1449 3209 1709 3279 impendit
1753 3209 1852 3271 rei,
1883 3206 2150 3262 exercitui

580 3300 886 3374 supplendo
923 3299 1279 3369 augendaque
1331 3297 1486 3353 novis
1521 3297 1739 3351 assidue
1794 3294 2094 3351 delectibus
2137 3312 2150 3348 :

580 3406 694 3450 tum
719 3394 996 3465 prtecipne
1031 3391 1312 3461 tyronibus
1341 3389 1461 3443 istis
1490 3388 1625 3459 ipsis
1670 3388 1995 3443 exercendis
2025 3403 2156 3442 eru-

581 3487 896 3556 diendisque
943 3500 1040 3555 per
1081 3497 1139 3538 se
1193 3497 1376 3536 coram
1410 3482 1475 3536 ad
1516 3496 1707 3536 omnes
1758 3481 1835 3535 rei
1896 3481 2154 3535 militaris

579 3596 732 3646 usus,
763 3590 820 3633 ut
874 3578 1096 3633 tendere
1154 3589 1365 3638 arcum,
1418 3584 1473 3628 ut
1543 3573 1752 3628 hastam
1814 3582 2064 3643 quatere,
2096 3582 2155 3626 ut

577 3684 777 3740 equum
837 3667 972 3722 scite
1027 3665 1351 3719 inscendere
1402 3679 1695 3735 regerequc
1746 3672 2055 3733 Oporteret,
2098 3670 2157 3716 ut

582 3758 951 3829 manipulatim
983 3758 1130 3811 coire
1162 3756 1216 3810 in
1249 3755 1550 3825 singulares
1576 3753 1764 3822 globos
1810 3752 2004 3820 quibus
2049 3767 2155 3805 una

579 3852 996 3923 signiﬁcatione,
1068 3849 1112 3901 si
1145 3856 1289 3902 esset
1339 3861 1497 3915 opus,
1525 3845 1728 3913 junctis
1764 3854 2040 3898 momento
2072 3860 2157 3898 ex-

580 3943 796 3996 sisteret
854 3941 942 3994 illa
980 3942 1150 3993 forma
1186 3937 1547 3992 formidabilis
1577 3937 1895 4006 exagitatae
1941 3938 2008 3989 ab
2034 3935 2156 4005 ipso

580 4034 815 4104 primum
875 4032 1249 4099 instituta'que
1283 4028 1441 4083 aciei.
1482 4030 1561 4082 Ad
1590 4029 1730 4082 hanc
1769 4028 2007 4095 ﬁngebat
2042 4028 2158 4096 ipse

576 4127 802 4194 juvenes
831 4126 1120 4178 sedulitate
1148 4122 1576 4175 laboriosissima
1605 4120 1856 4191 equitans
1882 4119 2154 4175 interdum

584 4234 687 4270 una
721 4229 840 4271 cum
871 4207 1102 4283 ipsis,'et
1129 4214 1388 4268 docendis
1410 4213 1874 4281 admonendisque
1906 4212 2155 4276 rudibus,

583 4322 814 4363 cursans
843 4307 1043 4377 passim
1070 4306 1214 4360 ultro
1252 4307 1501 4372 citroque
1525 4313 1686 4375 atque
1708 4306 1897 4358 obiens
1930 4304 2156 4373 phalan-
2189 4280 2232 4339 Β

582 4416 702 4472 gas.
726 4399 851 4455 Sole
907 4412 1070 4469 porro
1095 4397 1206 4464 jam
1236 4412 1263 4450 a
1295 4396 1594 4467 majoribus
1639 4398 1938 4452 absistente
1974 4398 2155 4452 circu-

586 4494 673 4555 lis,
715 4503 769 4548 et
802 4489 1099 4545 autumnali
1142 4488 1253 4558 jam
1314 4487 1646 4557 aequinoctio
1699 4496 2061 4556 transgresso,
2092 4488 2157 4542 ad

583 4586 849 4640 australes
896 4580 1192 4637 inclinante
1214 4578 1397 4644 orbes,
1442 4579 1633 4634 idonea
1664 4580 1994 4650 expeditioni
2022 4592 2159 4636 tein-

584 4688 766 4750 pestas
818 4676 1008 4733 adesse
1035 4675 1172 4730 visa.
1226 4671 1395 4746 469
1445 4672 1583 4744 Ergo
1637 4682 1794 4727 vetus
1854 4687 2159 4741 exsequens

585 4772 920 4841 propositum
950 4784 1140 4822 omnes
1165 4782 1346 4821 secum
1374 4765 1559 4834 copias
1594 4775 1740 4819 recta
1772 4763 2014 4819 leoniqu
2038 4780 2159 4819 ver-

588 4872 680 4909 sus
716 4860 875 4927 rapit.
910 4855 1145 4911 Nicwam
1199 4854 1359 4910 simul
1419 4854 1622 4923 attigit,
1657 4854 1936 4923 expeditos
1964 4854 2163 4909 milites

589 4948 775 5013 peritis
799 4951 1208 5001 commendatos
1246 4946 1474 4999 ducibus
1510 4960 1832 5014 procurrere
1868 4945 1920 4999 iu
1952 4945 2161 5001 Turcos

591 5038 926 5105 praedarique
998 5040 1219 5108 passim,
1257 5047 1309 5090 et
1365 5037 1587 5102 divisos,
1632 5051 1829 5093 manus
1882 5049 2159 5093 "Stentare

593 5126 777 5179 multis
807 5127 942 5182 locis
972 5145 1078 5184 uno
1112 5144 1356 5200 tempore
1400 5128 1582 5198 plures
1624 5128 1811 5197 jubet;
1841 5130 1967 5183 illud
1998 5132 2158 5184 etiam

594 5233 755 5289 atque
788 5220 952 5274 etiam
984 5223 1430 5279 interminatione
1467 5223 1614 5277 omni
1656 5232 1825 5287 vetat,
1867 5238 1955 5290 ne,
1991 5225 2072 5279 vel
2113 5226 2160 5279 si

592 5312 699 5370 Deo
740 5312 1026 5366 manifeste
1048 5306 1341 5384 adiuvante
1370 5318 1672 5382 vincerent,
1701 5316 2003 5386 hostesque
2037 5317 2127 5371 fuu
2146 5347 2161 5357 -

2258 3030 2340 3084 κεί
2348 3048 2526 3098 μενον.
2546 3031 2706 3084 Ἀλλο
2729 3033 2775 3085 δ’
2792 3032 2945 3085 οὐδὲν
2964 3034 2991 3085 ὁ
3014 3032 3374 3103 αὐτοκράτωρ
3394 3032 3538 3103 ἔργον
3562 3027 3675 3098 εἶχεν
3688 3030 3742 3093 ἐφ’

2255 3125 2378 3177 ὅσον
2400 3125 2519 3176 ἐκεῖ
2543 3142 2641 3177 που
2663 3124 2763 3194 τὴν
2785 3124 3015 3179 αὐλαίαν
3036 3126 3318 3195 ἐπήγνυτο
3334 3166 3347 3190 ,
3369 3124 3401 3194 ἢ
3420 3123 3679 3184 νεολέκιους
3694 3119 3744 3189 τῷ

2259 3214 2422 3268 παντὶ
2456 3214 2886 3282 συγκαταλέγειν
2921 3216 3322 3288 στρατεύματι,
3355 3214 3600 3285 ἐπιμελῶς
3620 3230 3666 3266 τε
3687 3215 3746 3264 ix-

2258 3304 2538 3357 παιδεύειν
2556 3306 2707 3368 ὅπως
2723 3304 2830 3377 χρὴ
2847 3305 3000 3370 τόξον
3020 3306 3224 3359 τείκειν
3243 3306 3331 3357 καὶ
3346 3305 3465 3375 δόρυ
3481 3300 3743 3373 κραδαίνειν,

2259 3396 2424 3449 ἵππον
2451 3414 2509 3449 τε
2541 3396 2788 3450 ἐλαύνειν
2809 3438 2822 3461 ,
2856 3399 2951 3450 καὶ
2982 3399 3227 3468 μερικὰς
3258 3398 3510 3451 ποιεῖσθαι
3538 3393 3745 3456 συντάξεις

2256 3486 2317 3539 τὸ
2348 3488 2533 3541 καινὸν
2559 3488 2735 3541 ἐκεῖνο
2762 3489 2950 3560 σχῆμα
2977 3493 3077 3560 τῆς
3115 3491 3480 3560 παρατάξεως.
3504 3488 3619 3556 ὅπερ
3635 3482 3746 3541 nisi;

2261 3577 2484 3649 ἐξεῦρεν
2511 3580 2884 3636 ἀναδιδάσκων
2909 3583 3035 3645 τοὺς
3063 3582 3603 3655 στρατιιειτας.”Εστιν
3621 3569 3667 3628 οὗ
3686 3573 3747 3626 κιὶ

2260 3673 2422 3736 αὐτὸς
2466 3673 2946 3744 συνιππαζόμενος
2984 3675 3236 3740 τούτοις,
3277 3676 3368 3727 καὶ
3409 3670 3655 3743 παραθέων
3681 3666 3746 3725 si;

2261 3765 2583 3835 φάλαγγας,
2639 3766 2733 3820 καὶ
2789 3768 2849 3821 τὸ
2898 3768 3016 3821 δέον
3070 3769 3226 3822 ἅπαν
3278 3769 3638 3836 ὑποτιθέμενος.
3675 3757 3747 3811 Τοῦ

2260 3854 2413 3922 ἡλίου
2460 3853 2517 3907 δὲ
2558 3855 2668 3909 τῶν
2716 3856 2981 3927 μειζόνων
3024 3857 3402 3927 ἀφισταμένου
3444 3855 3652 3916 κύκλων,
3684 3849 3747 3900 καὶ

2261 3948 2719 4019 παραμείψαντος
2753 3949 2853 4020 μὲν
2883 3949 2980 4021 τὴν
3011 3950 3423 4024 φθινοπωρικὴν
3444 3951 3481 3984 ’⁸
3511 3942 3746 4016 ἰσημερίαν,

2261 4038 2658 4104 ἑπικύπτοντος
2681 4041 2737 4094 δὲ
2762 4042 2864 4114 ἤδη
2891 4043 3031 4113 πρὸς
3049 4044 3182 4108 τοὺς
3210 4043 3546 4111 νοτιωτέρους
3565 4036 3746 4094 κύκλους,

2263 4131 2383 4183 ἐπεὶ
2440 4131 2625 4185 οὐτοσὶ
2694 4131 2915 4196 εὔθετος
2961 4134 2990 4186 ὁ
3038 4137 3239 4207 καιρὸς
3291 4138 3401 4198 ταῖς
3457 4127 3747 4201 ἐπιστρατείαις

2264 4221 2461 4285 ἐδόκει,
2487 4222 2587 4275 σὺν
2616 4223 2767 4287 ὅλαις
2790 4224 3055 4294 δυνάμεσι
3086 4228 3327 4281 κατευθὺ
3364 4225 3561 4280 Ἰκονίου
3586 4221 3745 4290 meum

2260 4311 2383 4365 καθ’
2429 4311 2489 4365 ὃν
2522 4314 2763 4383 ἀρχῆθεν
2793 4316 3057 4385 προέθετο
3089 4317 3373 4389 ).ογισμδν;
3408 4314 3497 4370 καὶ
3522 4305 3746 4382 τηνικαῦτα

2256 4403 2355 4474 τὴν
2387 4404 2623 4459 Νίκαιαν
2670 4406 2994 4461 καταλαϐὼν
3025 4409 3301 4474 εὐζώνους
3330 4406 3630 4480 στρατιώτας
3666 4395 3745 4468 μετ’

2257 4498 2537 4569 ἐμπείρων
2556 4499 3300 4574 ἡγεμόνων·ἀποδιελὸμενος
3333 4502 3424 4556 τοῦ
3446 4496 3609 4554 λοιποῦ
3632 4506 3745 4563 στρο-

2258 4588 2528 4658 τεύματος
2560 4593 2642 4653 εἰς
2689 4592 2975 4664 προνομὴν
3016 4595 3163 4648 κατὰ
3197 4596 3306 4648 τῶν
3339 4592 3576 4664 Τούρκων
3601 4597 3743 4655 πρθιεκ·

2257 4681 2489 4751 δραμεῖν
2522 4683 2744 4747 τούτους
2779 4685 3249 4755 παρεκελεύσατο,
3279 4681 3646 4755 διεσπαρμένωὶ
3678 4670 3744 4731 ii;

2260 4770 2531 4842 ἐκδρομὰς
2580 4775 2963 4845 ποιουμένους.
3021 4779 3184 4831 Ἀλλὰ
3237 4778 3371 4849 μηδὲ
3420 4778 3465 4829 si
3516 4778 3601 4842 τὴν
3634 4767 3744 4830 νίκην

2261 4863 2447 4917 θεόθεν
2492 4864 2712 4919 λάϐοιεν
2761 4867 2856 4920 καὶ
2893 4869 3418 4941 κατατροπὼσαιντο
3445 4868 3557 4928 τοὺς
3582 4857 3743 4933 ἐχθρῶς

2259 4958 2317 5020 ἐς
2347 4957 2569 5027 μακρὰν
2598 4959 2888 5011 ἀποτελεῖν
2924 4963 3024 5032 τὴν
3051 4961 3421 5033 καταδρομὴν,
3456 4950 3743 5028 ἀρκουμένους

2259 5048 2314 5100 δὲ
2338 5051 2401 5119 τῇ
2429 5049 2688 5121 δεδομένῃ
2726 5053 2842 5120 μετ’
2886 5052 3139 5120 εὐταξίας
3160 5054 3321 5107 πάλιν
3342 5053 3439 5120 τὴν
3473 5040 3743 5111 ὑποστροφὴν

2261 5140 2559 5211 παρηγγύα
2583 5145 2780 5196 ποιεῖν.
2804 5144 3218 5208 Καταλαϐόντες
3235 5141 3327 5198 οὖν
3346 5145 3455 5215 ἅμα
3474 5141 3542 5211 τῷ
3555 5129 3745 5199 αὐτοκρά-

2261 5249 2380 5301 τορι
2404 5235 2569 5287 τύπον
2595 5236 2717 5289 τινὰ
2742 5235 3110 5307 διακείμενον,
3136 5236 3418 5308 ἐγχωρίοις
3438 5226 3611 5288 οὑτωσὶ
3627 5220 3744 5276 Fair!

2263 5328 2835 5399 προσαγορευόμενον,
2890 5331 3090 5385 ἐκεῖνοι
3140 5332 3241 5402 μὲν
3286 5331 3446 5393 εὐθὺς
3488 5313 3743 5395 ἁπῄεσαν,ὁ

590 5407 800 5473 tierent,
835 5406 1211 5461 excursionem
1264 5419 1443 5464 tamen
1498 5410 1680 5467 facere
1731 5413 1994 5467 auderent
2036 5413 2157 5466 lou-

2182 5439 2229 5504 ο
2263 5416 2319 5469 δὲ
2348 5417 2572 5489 ἀπάρας
2607 5420 2818 5474 ἐκεῖθεν
2851 5425 2947 5477 σὺν
2978 5423 3127 5487 ὅλαις
3156 5423 3416 5494 δυνάμεσι
3440 5418 3527 5488 τὴν
3550 5404 3741 5504 κατὰ-δὸν

587 5502 788 5573 giorem
818 5517 832 5554 :
862 5497 957 5555 sed
1009 5496 1221 5553 fortuna
1251 5504 1488 5557 contenti
1524 5517 1731 5558 mature
1770 5519 1833 5560 ac
1866 5520 2022 5575 quam
2053 5521 2147 5562 or-

2262 5510 2495 5566 Πιθικᾶν
2529 5513 2570 5545 ¹⁶
2595 5513 2947 5588 διακειμένην
2976 5516 3376 5587 καταλαμϐάνει
3402 5513 3627 5582 γέφυραν·
3651 5492 3741 5552 εἴη

1626 5620 1823 5682 Vat-ire
1871 5621 2180 5690 lectiones
2210 5643 2291 5690 ex
2327 5629 2468 5691 cod.
2498 5629 2769 5693 Coislin.

663 5718 705 5749 "
740 5717 1169 5790 φθινοπωρινὴν.
1252 5718 1293 5750 ¹⁶
1327 5718 1594 5790 ῐΙιθηκᾶν.

3876 2556 3882 2653 1
