3998 6206
373 339 513 404 1129

1557 336 1968 400 ALEXlADlS
2015 337 2164 398 LIB.
2205 336 2329 401 XV.

3424 337 3558 402 1139

341 459 400 506 ἑν
425 449 602 522 τρισὶν
637 450 872 519 ἡμέραις
903 450 988 504 διὰ
1023 447 1118 502 τοῦ
1163 449 1631 518 ’Λρμενοκάστρου
1672 449 1768 501 καὶ
1798 447 1904 498 τῶν

2011 447 2354 502 diuatissime
2376 458 2434 499 se
2464 443 2796 513 reciperent.
2824 441 3156 498 Pervenerat
3205 444 3478 501 exercitus
3507 447 3579 502 st-

339 541 483 596 οὕτω
510 540 861 610 καλουμένων
886 540 1133 602 Λευκῶν,
1154 539 1252 601 τὰς
1287 537 1381 589 τοῦ
1417 537 1710 606 Δορυλαίου
1744 554 1913 588 κατα-

340 631 608 702 λαμϐάνει
669 631 946 694 πεδιάδας.
1010 629 1362 702 Ἀποχρώσας
1415 631 1471 682 δὲ
1523 630 1724 691 ταύτας
1779 629 1914 698 πρὸς

263 729 274 740 ‘
346 723 683 791 παρατάξεις
721 725 1092 792 κατανοήσας,
1139 723 1234 774 καὶ
1287 721 1457 774 θέλων
1506 720 1750 780 ἅπαντας
1787 719 1912 772 θεά-

345 813 564 876 σασθαι,
608 815 704 867 καὶ
726 815 825 885 τὴν
863 814 1152 882 ὁπλιτικὴν
1179 814 1382 876 παντὸς
1416 813 1716 880 ἐγνωκέναι
1749 811 1910 864 δύνα-

345 923 461 974 μιν,
503 908 570 975 ἣν
609 907 775 960 πάλιν
828 904 986 958 ὥδινε
1031 906 1341 974 πολεμικὴν
1388 903 1646 969 σύνταξιν
1705 903 1800 956 καὶ
1850 903 1911 954 ὲν

340 996 622 1066 διφθέραις
673 996 932 1060 πολλάκις
978 997 1364 1064 συνεγράψατο
1417 994 1770 1064 σχηματίζων
1814 994 1913 1056 τὰς

343 1085 680 1154 παρατάξεις
741 1082 832 1157 (ἦν
883 1089 992 1156 γάρ
1041 1087 1162 1139 οὐδὲ
1207 1085 1305 1153 τῆς
1355 1082 1606 1136 Δὶλιανοῦ
1648 1082 1913 1149 τακτικῆς

339 1177 530 1246 Mair.)
556 1177 763 1247 ταύτην
795 1179 940 1231 κατὰ
990 1183 1082 1231 τὸν
1135 1177 1528 1245 παρεστηκότα
1559 1174 1681 1227 τότε
1718 1174 1913 1241 καιρὸν

341 1267 401 1316 ὲν
425 1267 656 1338 ἀληθείᾳ
687 1271 977 1336 συντάξας,
1011 1269 1153 1322 κατὰ
1184 1268 1246 1320 τὸ
1284 1268 1469 1319 πεδίον
1511 1268 1686 1318 ἐκεῖνο
1712 1267 1912 1334 ὲστρα-

339 1358 686 1415 τοπέδευσεν.
732 1360 902 1422 Εἰδὼς
947 1362 1055 1428 γάρ
1103 1353 1256 1420 οὗτος
1301 1359 1360 1421 ἐξ
1424 1357 1720 1427 ἐμπειρίας
1768 1357 1912 1409 πάνυ

341 1450 544 1520 πολλῆς
573 1453 652 1504 ὃτι
692 1455 723 1520 ἡ
759 1453 1037 1522 Τουρκικὴ
1065 1450 1369 1521 παράταξις
1400 1450 1460 1501 οὐ
1495 1451 1645 1500 κατὰ
1673 1450 1774 1510 τὰς
1803 1449 1914 1501 τῶν

341 1539 517 1594 ἄλλων
597 1543 770 1595 ἐθνῶν
843 1542 1178 1614 παρατάξεις
1253 1544 1606 1611 συνέστηκεν,
1673 1540 1783 1592 ο·;δ’
1838 1541 1913 1602 ὠς

337 1631 586 1703 Ὅμηρός
619 1650 821 1703 φησιν’

2017 537 2125 592 niul
2159 537 2472 601 universus,
2513 536 2838 605 imperatore
2863 536 2978 604 ipso
3008 537 3293 603 ductante,
3321 535 3376 590 in
3408 536 3582 591 locum

2016 631 2356 699 adiacentem
2397 629 2606 691 Nicaeae,
2642 630 2728 684 cui
2762 644 2956 682 nomen
2985 628 3142 683 Gaita
3194 628 3458 699 indigenas
3486 629 3585 684 de-

2016 724 2233 776 derunl.
2290 721 2425 775 lliuc
2481 723 2688 775 dimissi
2751 737 2888 789 quos
2940 721 3175 774 diximus
3235 722 3584 788 praidatores.

2015 817 2153 880 Ipse,
2185 815 2444 884 digressis
2473 814 2604 880 illis,
2641 830 2758 868 cum
2782 824 2980 868 caetero
3009 813 3246 866 exercitu
3274 821 3492 881 pontem
3518 815 3582 863 ad

2013 905 2277 960 Pitbicam
2315 907 2478 959 situm
2523 908 2798 974 Augustus
2827 903 3134 973 occupavit.
3177 903 3378 958 Deinde
3415 903 3588 957 tribus

2017 1000 2210 1052 diebus
2265 1013 2361 1065 per
2399 997 2880 1051 Armenocastrum
2927 1006 2981 1049 et
3011 995 3216 1049 Leucas
3259 999 3456 1062 ('ocum
3511 995 3581 1046 ita

2013 1088 2238 1156 dii-tum)
2275 1087 2524 1158 Doryltni
2554 1085 2834 1154 planitiem
2873 1088 3072 1155 attigit.
3125 1085 3329 1140 Nactus
3377 1086 3465 1139 hic
3494 1100 3588 1153 pa-

2015 1190 2188 1233 tentes
2219 1194 2374 1248 aequa
2428 1179 2712 1246 superficie
2741 1194 2984 1247 campos,
3013 1188 3066 1232 et
3112 1177 3220 1232 late
3267 1193 3460 1246 pururtt
3491 1191 3589 1230 ex-

2013 1271 2280 1340 plicanda:
2331 1285 2492 1340 quam
2525 1271 2856 1338 parturiebat
2881 1271 3063 1323 animo
3091 1283 3240 1322 novae
3282 1269 3414 1324 aciei
3470 1282 3592 1336 spa-

2016 1363 2174 1425 tium,
2202 1361 2478 1413 instruere
2509 1359 2618 1412 illic
2658 1367 2824 1411 totum
2858 1361 2956 1413 sab
2991 1361 3160 1428 signis
3189 1362 3511 1423 exercitum,
3537 1367 3592 1411 et

2017 1469 2148 1507 suas
2181 1454 2232 1506 iu
2264 1455 2434 1507 armis
2465 1454 2750 1506 universas
2787 1453 2946 1505 simul
2978 1455 3157 1506 videte
3186 1455 3367 1522 cupias
3401 1455 3589 1518 νςιΙιιὶι,

2013 1560 2246 1614 eamque
2269 1547 2334 1597 ad
2363 1559 2472 1598 rem
2500 1553 2682 1598 castra
2715 1544 2912 1598 ibidem
2937 1553 3022 1598 est
3057 1553 3316 1600 metatus.
3346 1546 3589 1599 Nondum

2018 1637 2070 1688 in
2112 1651 2223 1687 rem
2269 1633 2575 1687 contulerat
2607 1648 2727 1700 qua:
2788 1635 2970 1687 animo
3022 1637 3222 1688 dmlurn
3283 1645 3335 1690 et
3393 1638 3592 1689 dest-ri-

339 1731 518 1797 ptioue
567 1731 982 1795 comprehensa,
1023 1729 1434 1782 circumferebat
1470 1727 1522 1780 iu
1574 1729 1904 1784 membranis
1950 1739 2208 1783 accurate
2237 1727 2560 1794 designatis,
2613 1743 2719 1780 non
2759 1727 2920 1779 modo
2965 1744 3028 1781 ex
3087 1730 3407 1797 praescripto
3442 1731 3575 1781 artis

342 1822 542 1874 vctrris
570 1833 622 1875 et
648 1823 862 1876 illorum
887 1839 1118 1891 quorum
1156 1824 1304 1875 rudis
1333 1838 1436 1874 non
1470 1833 1588 1875 erat
1625 1822 1692 1874 ab
1713 1821 1932 1878 Eliano
1961 1830 2204 1875 tractata:
2235 1821 2456 1873 tactices
2491 1830 2902 1887 praeceptorum,
2939 1822 3030 1873 sed
3068 1836 3130 1874 ex
3159 1821 3222 1872 iis
3248 1823 3589 1888 potissimum

336 1897 459 1978 qua:
486 1921 644 1962 Vetus
680 1911 815 1978 ipse,
853 1926 916 1963 ac
940 1909 1050 1977 jam
1093 1920 1168 1962 tot
1203 1910 1352 1962 bellis
1399 1911 1730 1963 exercitatus
1762 1912 2081 1980 imperator,
2113 1912 2271 1978 longa
2304 1911 2690 1964 observatione
2739 1912 2902 1963 varia!
2935 1912 3036 1963 sibi
3081 1913 3429 1977 experientiae
3463 1917 3593 1967 sub-

337 2015 646 2060 notaverat.
681 2005 892 2073 Satpius
946 2005 1409 2057 animadxerterat
1444 2019 1786 2072 nequaquam
1821 2005 1894 2057 uti
1928 2005 2114 2058 eadem
2149 2004 2357 2058 Turcos
2390 2021 2510 2059 cum
2570 2007 2782 2058 caeteris
2823 2006 3074 2074 gentibus
3121 2008 3359 2063 acirrum
3398 2011 3462 2063 ad
3498 2029 3590 2079 pu-

334 2113 467 2166 guas
499 2097 935 2148 iuStruuudarum
975 2095 1222 2157 ratione;
1278 2109 1452 2161 neque
1485 2096 1624 2147 enim
1658 2091 1801 2160 apud
1826 2093 1964 2156 illos,
2015 2104 2073 2147 ut
2104 2095 2369 2148 Humerus
2409 2095 2568 2148 habet
2609 2111 2621 2146 :

347 2190 566 2254 Ἀσπὶς
590 2187 642 2241 δ’
669 2187 874 2242 ἀσπίδ’
910 2187 1120 2255 ἔρειδε,
1186 2189 1369 2254 κόρυς
1407 2189 1612 2254 κόρυν,
1643 2186 1836 2262 direpta
1859 2187 1904 2240 6‘

2017 2188 2230 2243 Scutum
2263 2189 2421 2244 lueret
2446 2202 2613 2254 scuto,
2648 2191 2812 2259 galea:
2837 2193 3009 2262 galea,
3052 2205 3203 2262 atque
3233 2193 3341 2246 viro
3386 2211 3473 2245 rzr.

1642 2255 1838 2328 [ἁνήρ.

345 2353 510 2404 Ἀλλά
541 2351 636 2402 καὶ
664 2349 724 2401 τὸ
753 2348 925 2412 δεξιὸν
955 2347 1124 2416 κέρας
1153 2350 1262 2408 τοῖς
1289 2347 1552 2414 Τούρκοις
1575 2350 1669 2400 καὶ
1697 2348 1756 2400 τὸ
1774 2348 1909 2400 εύώο

331 2459 504 2510 νυμον
547 2440 642 2492 καὶ
688 2440 750 2490 τὸ
801 2440 1055 2508 μέτωπον
1118 2438 1212 2490 ἀπ’
1267 2439 1514 2508 αλλήλων
1561 2438 1908 2503 διέσπασται,

333 2533 428 2582 καὶ
471 2530 764 2597 ἑστήκασιν
819 2522 934 2580 οἷον
973 2530 1350 2598 άπερῤωγυῐαι
1409 2528 1503 2594 ἀπ’
1554 2528 1801 2597 ἀλλήλοιν
1852 2532 1908 2582 αἱ

333 2621 634 2688 φάλαγγες,
662 2621 755 2672 καὶ
787 2621 916 2672 ὅταν
944 2637 1026 2680 τις
1050 2621 1142 2671 ἐπὶ
1171 2620 1230 2670 το
1266 2620 1436 2684 δεξιὸν
1470 2621 1500 2688 ἣ
1538 2621 1594 2672 τὸ
1626 2621 1909 2690 εὐώνυμον

334 2711 500 2779 κέρας
526 2711 844 2779 ὁρμήσειεν,
893 2709 1183 2778 ἐφάλλεται
1220 2711 1366 2779 αὐτῷ
1404 2712 1499 2763 καὶ
1537 2714 1596 2763 τὸ
1625 2714 1904 2780 μέτωπον,

333 2804 427 2853 καὶ
456 2805 516 2853 το
552 2803 672 2871 μετ’
703 2803 880 2854 ἐκεῖνο
909 2804 1076 2870 μέρος
1102 2803 1203 2872 τῆς
1237 2803 1363 2874 ὅλης
1397 2805 1783 2874 παρατάξεως,
1812 2807 1908 2856 καὶ

334 2894 582 2961 καθάπερ
606 2894 746 2955 τινὲς
766 2893 1026 2955 λαίλαπες
1050 2895 1108 2944 τὸ
1128 2895 1486 2961 ὑποκείμενον
1508 2897 1878 2963 συνετάραξαν
1893 2915 1905 2926 ⁸

339 2985 407 3034 τά
466 2984 523 3035 δὲ
581 2984 853 3051 πολεμικὰ
905 2983 1118 3046 τούτοις
1169 2984 1378 3053 ὄργανα
1424 2987 1486 3038 οὐ
1537 2987 1676 3038 πάνυ
1721 2988 1909 3056 ὃόραι

332 3077 589 3144 χρῶνται,
628 3076 877 3142 καθάπερ
899 3076 948 3126 οἱ
975 3075 1258 3144 λεγόμενοι
1287 3077 1502 3137 Κελτοὶ,
1539 3077 1673 3127 ἀλλά
1703 3094 1907 3129 παντα-

336 3166 486 3235 χόθεν
515 3165 841 3227 κυκλοῦντες
881 3167 972 3217 τὸν
1010 3167 1204 3236 ἐχθρὸν
1234 3167 1408 3231 τόξοις
1444 3168 1728 3237 βάλλουσιν
1755 3168 1866 3238 (71)
1889 3184 1903 3197 '

335 3261 423 3309 καί
453 3259 597 3311 ἐστιν
625 3259 658 3327 ὴ
688 3256 868 3326 ἄμυνα
897 3257 1100 3309 τούτων
1128 3260 1430 3330 πίῤῥωθεν,
1465 3262 1666 3313 ὁπόταν
1707 3261 1900 3334 διώκῃ,

333 3349 546 3401 ἀλισκει
583 3348 660 3417 τῷ
687 3349 846 3416 τόξῳ,
874 3350 966 3401 καὶ
989 3349 1322 3419 διωκόμενος
1347 3355 1540 3421 κρατεῖ
1562 3355 1676 3414 τοῖς
1701 3353 1902 3422 βέλεσι,

337 3439 430 3490 καὶ
469 3438 655 3507 βάλλει
704 3440 879 3510 βέλος,
917 3443 1013 3494 καὶ
1059 3442 1122 3493 τὸ
1175 3442 1327 3511 βέλος
1375 3444 1693 3513 πετώμενον
1732 3446 1766 3516 ἢ
1811 3447 1904 3499 τὸν

2019 2349 2127 2403 Sed
2164 2349 2414 2403 dextrum
2462 2349 2654 2404 Turcis
2684 2366 2855 2404 cornu
2925 2366 2954 2404 a
2989 2350 3211 2405 sinistro
3241 2352 3589 2419 disiungitur.

2015 2445 2161 2499 etab
2194 2454 2426 2513 utroque
2472 2445 2682 2497 divulsa
2749 2444 3070 2513 interposito
3130 2445 3306 2511 spatio
3360 2445 3589 2497 seorsim

2014 2547 2124 2593 stat
2151 2538 2295 2593 acies
2325 2538 2500 2590 media
2531 2550 2978 2606 postremumqne
3011 2545 3126 2603 post
3160 2551 3277 2590 eam
3325 2535 3376 2588 in
3411 2537 3591 2589 subsi-

2015 2633 2102 2687 dia
2135 2633 2447 2686 submotum
2481 2646 2695 2699 agmen.
2731 2629 2865 2684 Cum
2899 2645 3025 2682 vero
3057 2628 3108 2681 in
3137 2628 3333 2696 pra'liis
3384 2629 3591 2680 hostilis

2019 2740 2209 2776 manus
2237 2725 2288 2777 in
2328 2723 2560 2792 aliquam
2588 2722 2878 2788 separation
2912 2721 3134 2772 istarqu
3173 2722 3406 2788 partium
3443 2723 3592 2772 inve—

2017 2812 2163 2864 bitur
2196 2829 2207 2863 :
2243 2821 2350 2862 ttnu
2382 2826 2510 2864 sane
2535 2809 2833 2863 certamine
2864 2816 3120 2861 conserto
3153 2810 3384 2860 intentos
3408 2810 3592 2861 hostes

2014 2903 2162 2970 operi
2197 2902 2299 2954 alia
2337 2901 2575 2969 periculo
2605 2915 2807 2954 vacans
2840 2901 3086 2952 adoritur
3120 2915 3265 2966 pars.
3293 2901 3592 2953 VCltt'l'nPll-

2017 2995 2222 3045 tis~ima
2272 2994 2516 3045 iteiilens
2551 2993 2621 3055 vi,
2665 2991 2844 3058 quoad
2894 2989 3143 3060 proeellm
3193 2991 3366 3044 iusmr
3402 3003 3590 3044 contra

2013 3079 2287 3146 oppositos
2316 3079 2613 3145 disjei'erit.
2641 3083 2802 3131 Arma
2838 3093 2997 3145 porro
3037 3078 3230 3130 usitata
3261 3076 3452 3133 Turcis
3480 3082 3592 3132 lure

2011 3167 2272 3241 suntlere
2305 3186 2316 3219 :
2350 3185 2454 3219 non
2494 3167 2718 3220 multum
2746 3177 2968 3218 utuntur
3001 3167 3191 3229 basiis,
3217 3178 3400 3219 contra
3429 3184 3589 3236 quam

2011 3257 2146 3311 Galli
2186 3258 2359 3312 solent
2413 3259 2607 3325 quibus
2667 3258 2718 3309 in
2777 3273 2870 3310 usu
2937 3257 3374 3324 frequentiSsimo
3426 3260 3588 3313 telum

2014 3350 2158 3403 ismd
2193 3361 2294 3404 est.
2330 3350 2388 3402 lli
2424 3365 2550 3401 vero
2579 3349 2920 3418 potissimum
2946 3352 3163 3403 student
3197 3351 3590 3405 circumvenire

2015 3442 2356 3493 adversarius
2385 3443 2705 3508 clausosque
2739 3442 2886 3492 omni
2923 3455 2986 3494 ex
3023 3453 3175 3507 parte
3227 3443 3419 3495 laxatis
3461 3459 3592 3497 arcu

335 3532 525 3598 ἵππον,
582 3532 612 3600 ἢ
660 3534 748 3584 τὸν
787 3533 1019 3602 ἱππότην
1057 3532 1287 3602 ἕπληξεν
1311 3551 1326 3565 ο
1360 3536 1467 3587 άπὸ
1498 3535 1554 3587 δὲ
1591 3536 1904 3606 βαρυτάτης

2019 3531 2201 3584 fodere
2230 3531 2461 3599 sagittis.
2507 3531 2648 3597 Ergo
2689 3529 2800 3582 fcre
2837 3539 3081 3598 pugnant
3116 3532 3347 3596 eminus,
3407 3532 3476 3583 ita
3533 3540 3593 3585 ut

336 3626 514 3693 χειρὸς
548 3625 770 3691 άρεθὲν,
806 3625 876 3676 δι’
919 3627 1043 3678 ὅλου
1078 3625 1172 3678 τοῦ
1207 3626 1458 3698 σώματος
1504 3630 1902 3701 παρελήλυθεν,

342 3716 510 3776 οὓτως
549 3716 656 3767 είσὶ
695 3715 1069 3782 τοξικώτατοι.
1129 3719 1274 3789 Πρὸς
1300 3720 1429 3786 γοῦν
1461 3721 1619 3774 τοῦτο
1661 3725 1688 3772 ὁ
1737 3723 1903 3775 πολυο

335 3813 650 3876 πειρότατος
685 3810 894 3870 ἐκεῖνος
928 3809 1182 3878 βασιλεὺς
1213 3810 1406 3867 ἐνιδὼν
1439 3815 1537 3874 τὰς
1571 3813 1902 3883 παρατάξεις

336 3897 476 3949 αὐτὰ
515 3900 836 3969 ἐπεποίητο,
869 3901 962 3951 καὶ
994 3901 1224 3953 συνίστα
1256 3903 1357 3964 τάς
1387 3903 1672 3970 φάλαγγας
1705 3903 1901 3969 οὕτως,

333 3989 407 4051 ὡς
435 3991 553 4051 τοὺς
599 3992 695 4058 μὲν
723 3992 833 4044 ἀπὸ
856 3992 962 4045 τῶν
989 3991 1180 4056 δεξιῶν
1201 3993 1466 4059 τοξεύειν,
1499 3996 1621 4046 ὅθεν
1647 3997 1701 4046 αἱ
1737 3997 1902 4047 ἀσπί-

331 4081 417 4142 δες
453 4083 844 4152 ιπροειέϐληντο,
866 4085 992 4145 τοὺς
1025 4085 1083 4136 δὲ
1112 4086 1414 4154 ἡμετέρους
1444 4090 1507 4139 ἐκ
1546 4088 1654 4139 τῶν
1681 4090 1903 4157 ἀριστε-

335 4171 442 4237 ρῶν
480 4175 716 4240 βάλλειν,
759 4174 882 4226 ὅθεν
918 4176 986 4226 τά
1025 4176 1350 4228 άσκέπαστα
1380 4174 1448 4246 ἦν
1492 4179 1586 4230 τοῦ
1627 4178 1899 4247 σώματος.

332 4263 438 4314 Καὶ
471 4265 630 4326 αὐτὸς
661 4267 778 4332 μὲν,
809 4265 907 4334 τὴν
928 4266 1184 4337 τοιαύτην
1214 4274 1557 4339 κατανοήσας
1594 4273 1901 4340 παράταξιν

331 4355 403 4414 ὡς
425 4356 634 4424 ἄμαχός
651 4357 818 4421 ἐστιν,
843 4357 1121 4428 ἐθαύμασε
1143 4362 1243 4429 τῆς
1268 4361 1552 4430 δυνάμεως
1573 4363 1760 4436 ὥσπερ
1778 4366 1902 4418 τινὰ

329 4443 468 4494 Θεοῦ
527 4445 779 4511 σύνταξιν
831 4446 1086 4518 ἄντικρυς
1124 4452 1216 4501 καὶ
1263 4450 1514 4518 ἀγγέλων
1545 4455 1900 4525 παρεμὸ-ἰλὴν

329 4534 430 4601 τὴν
484 4535 740 4604 τοιαύτην
807 4538 993 4606 ἡγεῖτο
1054 4539 1392 4609 παράταξιν·
1449 4542 1686 4606 ἅπαντες
1720 4546 1775 4597 δὲ
1810 4548 1901 4598 καὶ

328 4623 638 4694 ἐθαύμαζον
661 4630 754 4680 καὶ
791 4629 1183 4698 ἐγεγήθεισαν,
1232 4633 1637 4704 τεθαρρηκότες
1685 4638 1778 4686 ἐπὶ
1822 4639 1900 4704 τῷ

325 4719 420 4770 τοῦ
463 4720 863 4790 αὐτοκράτορος
900 4723 1200 4792 σκέμματι.
1245 4726 1483 4788 Ἐκεῖνος
1530 4727 1608 4789 δὲ,
1643 4728 1759 4798 ἅμα
1803 4730 1898 4780 καὶ

327 4811 423 4872 τάς
475 4812 740 4882 δυνάμεις
794 4815 1076 4867 κατανοῶν
1115 4818 1210 4868 καὶ
1266 4819 1366 4879 τάς
1418 4820 1675 4882 πεδιάδας
1711 4821 1799 4872 δι’.
1823 4817 1898 4874 ὧν

2013 3631 2066 3673 et
2092 3634 2250 3690 quem
2292 3619 2503 3674 Turcus
2535 3621 2844 3689 insequitur
2891 3635 3019 3673 arcu
3071 3621 3270 3689 rapiat,
3326 3633 3377 3674 et
3429 3639 3590 3686 quem

2013 3712 2386 3780 insequentem
2429 3710 2564 3779 fugit
2592 3711 2770 3775 iaculo
2805 3713 3126 3779 plerumque
3167 3723 3475 3780 respectans
3527 3715 3591 3766 li-

2010 3813 2120 3873 gat.
2153 3803 2307 3856 Hunc
2336 3817 2498 3869 porro
2523 3801 2928 3854 exercitationis
2957 3801 3008 3854 in
3043 3802 3127 3854 his
3159 3803 3330 3870 longae
3357 3804 3589 3858 fructum

2011 3899 2230 3958 habent,
2266 3905 2322 3947 nt
2349 3893 2678 3948 iueluctabili
2711 3896 2872 3961 plane
2913 3895 2959 3946 vi
3008 3896 3172 3948 telum
3212 3897 3583 3964 intorqueant,

2008 4000 2061 4041 ct
2107 4005 2171 4042 ro
2224 3989 2458 4040 tuaxinie
2496 3987 2652 4039 modo
2697 3986 2824 4039 dum
2880 3985 3090 4056 fugiunt.
3137 3987 3302 4059 470
3346 3990 3585 4042 vincant.

2009 4082 2190 4135 Facile
2225 4081 2275 4134 id
2308 4090 2363 4134 et
2397 4081 2710 4146 frequenter
2740 4078 2800 4132 lit
2831 4087 2890 4133 ut
2925 4095 3082 4133 manu
3118 4083 3377 4138 emissum
3403 4083 3470 4135 ab
3503 4081 3589 4136 bis

2004 4175 2242 4242 jacultltlt
2297 4173 2414 4227 sive
2464 4186 2662 4241 equum
2715 4169 2832 4225 sive
2883 4173 3120 4240 equitem
3175 4175 3413 4244 attigerit
3474 4185 3588 4228 toto

2011 4268 2415 4320 transadactum
2447 4277 2674 4332 corpore
2729 4263 2986 4332 utrinque
3013 4267 3118 4319 ictu
3167 4270 3352 4335 pervio
3405 4278 3586 4323 trans—

2005 4361 2273 4416 verbcret.
2324 4359 2602 4414 Adversus
2659 4371 2722 4410 ea
2789 4360 3244 4427 prudentissimus
3292 4362 3588 4428 imperator

2009 4458 2099 4512 tali
2153 4458 2325 4511 aciem
2367 4457 2598 4511 artiﬁcio
2653 4456 2962 4526 descripsit,
3017 4464 3076 4508 ut
3121 4455 3323 4508 dextris
3369 4455 3580 4520 quidem

2008 4549 2308 4602 Turcorum
2364 4565 2492 4602 arcu
2553 4548 2883 4616 peritissime
2949 4544 3222 4598 utentibus
3273 4545 3580 4612 clypeorum

2011 4642 2483 4694 nostriobteutum
2512 4641 2863 4692 obverterent
2892 4655 2906 4690 :
2934 4652 3094 4705 porro
3123 4638 3310 4688 eodem
3344 4644 3584 4702 tempore

2007 4734 2203 4785 diversi
2240 4732 2329 4784 alii
2367 4733 2550 4784 larvam
2604 4729 2654 4782 iu
2691 4727 2990 4781 'l‘urcorum
3043 4736 3248 4794 partem
3292 4740 3450 4779 arcus
3498 4727 3584 4778 iu-

2008 4821 2369 4884 tendentiuttt,
2421 4834 2481 4872 ac
2528 4827 2810 4888 propterea
2868 4826 3143 4870 scutorum
3194 4817 3577 4884 itnpedimentt:

325 4903 514 4956 διιέναι
541 4906 734 4974 ἔμελλε
761 4907 1188 4975 φανταζόμενος,
1219 4912 1312 4960 καὶ
1335 4911 1393 4960 τὸ
1414 4910 1512 4977 τῆς
1538 4912 1897 4975 παρατάξεως

2011 4913 2231 4977 nudam,
2284 4909 2612 4963 creberrima
2674 4909 2859 4977 procul
2885 4908 3222 4977 jaculatione
3259 4906 3581 4962 inveherent»

331 4997 556 5065 στερρὸν
633 4997 730 5049 καὶ
781 4997 1150 5050 ἀδιάσπαστον
1210 4998 1582 5066 λογιζόμενος,
1647 5005 1892 5072 χρηστὰς

325 5088 547 5151 ἐλπίδας
590 5088 840 5141 ἐντεῦθεν
870 5089 1170 5158 ἐλάμϐανε,
1208 5092 1301 5143 καὶ
1351 5092 1433 5152 εις
1485 5091 1648 5160 ἔργον
1688 5094 1897 5155 ταύτας

324 5178 442 5246 Θεῷ
469 5179 741 5248 προΰῆναι
775 5180 1062 5251 ὲπηύχετο.
1101 5181 1256 5233 Οὕτω
1283 5181 1413 5248 γοῦν
1444 5185 1898 5256 παραταξάμενος

323 5270 423 5338 τὴν
454 5271 794 5342 Σαντάϐαριν
821 5273 1088 5326 κατέλαϐε
1132 5313 1146 5326 .
1191 5313 1204 5328 .
1243 5314 1257 5328 .
1300 5313 1314 5326 .
1360 5313 1375 5328 .
1415 5313 1430 5328 .
1475 5315 1488 5326 .
1534 5279 1661 5339 τοὺς
1694 5280 1899 5348 ἡγεμό-

322 5376 418 5422 νας
461 5361 706 5424 ἅπαντας
733 5365 833 5433 τῆς
863 5363 1119 5433 τοιαύτης
1165 5404 1178 5416 .
1229 5403 1244 5418 .
1298 5403 1314 5418 .
1360 5403 1378 5420 .
1416 5367 1628 5430 διελὼν,
1670 5372 1761 5420 τον
1798 5371 1895 5432 μὲν

325 5452 628 5520 Καμύτζην
690 5456 832 5507 κατά
881 5456 976 5508 τοῦ
1033 5459 1168 5508 πολυ
1216 5495 1230 5510 .
1290 5497 1304 5510 .
1357 5494 1374 5511 .
1426 5497 1440 5512 .
1491 5497 1504 5513 .
1559 5460 1656 5528 τῆς
1703 5461 1896 5530 κέδρου

326 5543 598 5613 ἐξέπεμψε
623 5560 638 5576 ο
667 5547 944 5616 πολίχνιον
973 5548 1029 5600 δὲ
1057 5550 1215 5602 τοῦτο
1243 5589 1258 5604 .
1298 5588 1313 5604 .
1348 5552 1715 5620 ἐρυμνότατον
1747 5555 1898 5622 παρά

2001 5012 2112 5055 tur.
2167 5002 2316 5055 Hanc
2369 5000 2571 5069 ingenii
2624 4999 2997 5069 designatione
3047 5000 3197 5068 prius
3234 4999 3577 5054 inforruatam

2001 5095 2323 5150 industriam
2356 5093 2445 5146 ubi
2478 5110 2576 5146 usu
2609 5108 2824 5162 quoque
2854 5091 3220 5162 comprobari,
3276 5101 3327 5144 ct
3369 5107 3463 5160 per
3502 5093 3580 5143 si-

2004 5185 2238 5239 mulacra
2277 5198 2466 5253 pugnae
2515 5199 2631 5250 qu:e
2682 5182 2800 5236 istis
2847 5183 2896 5234 in
2934 5184 3142 5250 campis
3181 5182 3426 5252 agitavit.
3473 5183 3579 5233 mi-

1998 5282 2140 5332 nime
2176 5279 2390 5332 dubiant
2443 5276 2782 5343 niaximrque
2838 5273 3104 5327 cﬂicaeem
3159 5285 3418 5344 expertus
3450 5281 3560 5333 est,

1998 5372 2268 5440 gaudebat
2295 5373 2576 5422 enimvero
2612 5365 2822 5434 sibique
2875 5364 3269 5434 gratulabatur,
3307 5374 3564 5432 tanquam

1997 5463 2299 5530 legionibus
2349 5458 2609 5526 angelith
2662 5459 2843 5511 divino
2893 5457 3126 5526 quodam
3183 5458 3448 5509 instructu
3501 5453 3569 5506 ad

2000 5561 2206 5606 certam
2257 5551 2440 5617 utique
2488 5549 2770 5602 victoriam
2824 5547 3247 5616 procerlm‘ibus
3291 5552 3566 5613 prmesset.

1367 5659 1508 5721 Car.
1557 5661 1876 5724 Dul‘resnii
1913 5667 2008 5726 Du
2038 5663 2258 5738 Cangii
2301 5669 2483 5722 lintre.

397 5761 510 5830 (Ἠ)
552 5759 754 5824 Τι,’ξοις
778 5759 1144 5822 βάλλουσιν.
1175 5762 1282 5815 Leo
1319 5763 1370 5816 in
1417 5763 1590 5830 Tal-1.,
1635 5781 1753 5836 eap.
1807 5768 1890 5833 l8,

2011 5768 2054 5821 ἶΟ
2085 5777 2137 5819 et
2168 5765 2256 5818 3⁵³2.

611 5853 880 5914 Parnm.
915 5857 1025 5912 Gn.
1077 5857 1172 5913 (IX
1191 5855 1354 5914 XXI.
