3998 6206
387 289 524 354 1133

1602 285 1878 348 ALEXIA
1894 285 2020 345 1)ῐὲ
2064 285 2210 345 LIB.
2261 287 2385 345 XV.

3493 279 3632 346 1134

373 424 480 458 των
541 404 794 475 γένηται,
853 403 914 459 τὸ
963 403 1021 460 δὲ
1067 404 1159 458 καῖ
1211 404 1338 467 τοὺς
1399 403 1800 473 ἐλπιζομένους
1833 401 1955 453 ἐκεῖ

2074 413 2200 455 tunc
2229 415 2293 454 ac
2322 399 2522 469 Scytha
2553 397 2786 466 quodam
2819 394 2885 450 ad
2909 408 2971 450 se
2999 395 3247 450 advocat.
3275 392 3370 446 llis
3393 395 3632 463 assignat

373 495 694 567 Βαρϐἀρους
727 496 1083 567 ὑφορώμενος
1109 496 1328 567 ἤχθετο.
1364 494 1574 565 Βουλὴν
1597 491 1693 548 οὖν
1725 492 1948 562 βουλεύ-

374 605 494 642 εται
552 590 780 657 συνετήν
807 605 867 639 τε
903 589 998 640 καὶ
1051 586 1334 658 τολμηράν
1361 604 1375 617 ·
1417 587 1552 640 Θεὸν
1597 585 1950 655 ἐπερωτῆσαι

371 683 420 733 εἰ
455 680 564 750 χρὴ
587 681 688 748 τῆς
731 679 866 750 πρὸς
895 681 956 732 τὸ
986 680 1206 731 Ἰκόνιον
1265 677 1515 748 ἔχεσθαι,
1553 677 1588 747 ἢ
1647 677 1790 730 κατὰ
1839 676 1952 726 τῶν

373 775 503 840 περὶ
528 770 588 824 τὸ
638 771 937 842 Φιλομήλιν
967 769 1272 840 ἐξορμῆσαι
1315 768 1641 840 Βαρϐάρων.
1687 767 1775 819 Ἐν
1829 764 1952 818 δυσὶ

375 864 506 931 γοῦν
543 864 790 934 χαρτίοις
843 879 905 914 π·
917 863 972 931 pl.
1000 861 1207 914 τούτων
1238 862 1593 930 ἐπερωτήσας
1618 859 1712 911 καὶ
1742 855 1952 911 ἄνωθεν

373 957 474 1019 τῆς
525 957 678 1026 ἱερᾶς
742 953 1114 1022 καταθέμενος
1157 951 1365 1020 ταύτης
1420 949 1704 1021 τραπέζης
1745 948 1952 1002 παννύ-

375 1064 490 1117 χιον
543 1049 636 1097 τὸν
699 1044 866 1113 ὕμνον
900 1047 991 1096 καὶ
1039 1046 1278 1106 ἐκτενεῖς
1329 1041 1408 1113 τῷ
1461 1041 1580 1111 Θεῷ
1640 1040 1952 1111 προσέφερε

381 1137 480 1201 τὰς
513 1137 810 1198 ἐντεύξεις.
843 1136 1004 1187 Κατὰ
1056 1135 1115 1188 δὲ
1145 1135 1208 1187 τὸ
1246 1133 1572 1204 περίορθρον
1629 1128 1892 1184 εἰσελθὼν
1925 1132 1952 1182 ὁ

384 1227 562 1295 ἱερεὺς
591 1226 689 1279 καὶ
729 1225 958 1295 θάτερον
981 1223 1093 1276 τῶν
1135 1222 1402 1277 τεθέντων
1426 1221 1653 1292 χαρτίον
1681 1222 1725 1254 ⁸⁸
1753 1219 1953 1273 ἀναλα-

383 1317 616 1386 ϐόμενος
642 1322 738 1370 καὶ
794 1315 1082 1387 παρρησία
1135 1315 1305 1378 λύσας
1357 1313 1638 1375 ἁπάντων,
1686 1309 1952 1377 ὐπανεγί-

379 1423 555 1458 νωςκε
613 1407 690 1476 τῷ
751 1406 1119 1474 αὐτοκράτορι
1162 1405 1261 1473 τῆς
1331 1403 1469 1473 πρὸς
1523 1403 1585 1455 τὸ
1659 1401 1954 1470 Φιλομήλιν

380 1497 708 1564 ἀνθέξεσθαι
738 1498 863 1552 ὁδοῦ
892 1497 1442 1568 παρακελευόμενον.

2058 493 2311 545 idoneum
2346 494 2622 558 copiarum
2652 504 2964 554 numerum,
3013 497 3069 542 et
3119 499 3176 541 ut
3227 486 3281 540 in
3336 500 3430 540 eos
3487 495 3631 540 recta

2058 581 2282 636 tendant
2342 584 2603 650 imperat;
2645 597 2708 632 eo
2740 591 2798 634 ut
2845 580 3195 650 pervenerint
3244 578 3633 648 praedatoribus

2058 673 2316 727 immissis
2348 675 2496 728 vicos
2531 674 2768 741 nudique
2799 672 2960 726 simul
2985 687 3172 726 omnes
3203 671 3403 727 vastari
3435 671 3587 739 jubet
3615 689 3632 738 ;

2057 763 2342 832 indigenas
2383 766 2532 834 ipsos
2571 764 2638 818 ad
2691 780 2751 818 se
2781 765 2992 819 deduci.
3046 765 3180 818 Dum
3222 765 3485 833 imperata
3538 764 3633 819 isti

2059 854 2290 918 faciunt,
2322 856 2620 924 imperator
2652 857 2764 925 ipse
2798 856 2963 924 priori
2991 856 3204 910 haerens
3235 855 3508 924 proposito
3536 854 3635 910 Po-

2064 947 2231 1017 lyboti
2266 947 2520 1013 adeundi;
2554 956 2716 1015 atque
2749 949 2872 1003 inde
2903 946 3147 1002 Iconium
3185 963 3356 1018 usque
3405 964 3634 1018 procur-

2067 1040 2245 1104 rendi,
2277 1041 2485 1095 duobus
2512 1041 2564 1093 in
2597 1042 2713 1108 ipso
2751 1040 3030 1108 procinctu
3067 1041 3278 1094 itineris
3313 1040 3474 1096 istius
3508 1056 3636 1094 con-

2067 1129 2322 1184 turbatur
2337 1131 2563 1184 nuntiis.
2585 1134 2619 1183 Α
2633 1131 2898 1184 liirmabat
2916 1147 3056 1185 unus
3075 1131 3346 1200 Solymam
3363 1132 3632 1187 sultannm

2065 1232 2284 1288 accepta
2313 1223 2479 1275 certis
2508 1225 2825 1275 auctoribus
2856 1224 3200 1290 imperatoris
3234 1231 3422 1277 contra
3456 1224 3634 1292 ipsum

2063 1314 2406 1380 expeditione
2479 1314 2788 1368 incendisse
2848 1315 3046 1382 passim
3114 1325 3325 1384 segetes
3375 1317 3637 1384 planeque

2065 1417 2310 1459 vastasse
2350 1405 2600 1474 regiones
2634 1406 2897 1460 universae
2937 1407 3102 1470 Asiae,
3139 1407 3438 1474 praesertim
3491 1407 3640 1475 equi-

2067 1496 2260 1551 tabiles
2293 1508 2345 1550 et
2381 1497 2561 1551 itineri
2601 1498 2829 1553 Romani
2869 1501 3146 1554 exercitus
3185 1509 3536 1569 opportunas,
3565 1501 3639 1554 ita

383 1595 568 1664 utjatn
603 1597 652 1649 in
689 1597 770 1650 eis
795 1597 928 1649 nihil
959 1595 1196 1664 supersit
1226 1608 1453 1663 prorsus
1478 1592 1618 1661 quod
1644 1590 1953 1645 hominibus
1999 1603 2091 1645 ant
2120 1592 2387 1661 jumcntis
2431 1594 2538 1649 cibi
2607 1594 2725 1650 loco
2774 1599 2944 1663 possit
2991 1609 3133 1650 esse.
3206 1597 3450 1649 Addebat
3501 1595 3638 1650 alius

382 1691 654 1761 ingentem
684 1705 805 1747 esse
842 1690 1066 1754 famam,
1141 1699 1252 1742 tota
1301 1695 1690 1755 pervagantem
1739 1688 1890 1747 Asia.
1954 1687 2192 1742 recentis
2215 1688 2570 1758 ejusdemque
2608 1690 3038 1747 numerosissimi
3076 1693 3350 1747 exercitus
3421 1691 3618 1747 Barba-

385 1798 572 1838 rorum
644 1798 709 1838 ex
748 1783 1124 1850 superioribus
1169 1781 1412 1849 partibus
1462 1788 1652 1833 contra
1733 1780 2018 1832 venientis.
2065 1778 2158 1834 His
2187 1783 2258 1833 ita
2299 1783 2592 1850 compertis
2637 1785 2823 1849 rebus,
2862 1785 3148 1840 verebatur
3192 1785 3463 1854 Augustus
3515 1785 3624 1853 pri-

386 1893 532 1934 mum
569 1876 807 1944 quidem.
845 1890 914 1930 ne
939 1875 983 1928 si
1017 1874 1332 1928 obfirmaret
1361 1873 1542 1924 animo
1566 1872 1959 1938 promotionem
1994 1872 2264 1927 exercitus
2297 1887 2469 1943 usque
2535 1877 2601 1928 ad
2653 1874 2896 1930 Iconium
2945 1877 3148 1932 cladem
3198 1893 3226 1930 a
3264 1878 3402 1933 latnc
3465 1891 3628 1948 atque

385 1968 563 2038 inopia
591 1967 773 2036 pabuli
803 1966 934 2021 viris
962 1966 1227 2039 equisque
1283 1963 1644 2017 miserrimam
1709 1974 2034 2018 accerseret.
2074 1963 2280 2018 Rursus
2309 1966 2627 2020 denuntiata
2658 1968 3002 2022 multitudine
3027 1969 3389 2025 Barbarorum
3421 1975 3627 2026 adven-

387 2060 614 2118 tantium
667 2061 1134 2124 commovebatur,
1170 2061 1365 2110 merito
1415 2064 1665 2109 metuens
1710 2069 1779 2110 ne
1824 2069 1953 2109 suos
2001 2057 2284 2124 pauciores
2351 2073 2414 2113 ac
2475 2058 2649 2114 fessos
2675 2068 2754 2114 tot
2809 2060 2916 2115 illis
2943 2063 3273 2118 obterendos
3325 2067 3633 2120 recentibus

385 2153 885 2224 imprudentissime
941 2155 1225 2222 objiceret.
1289 2152 1347 2206 ln
1414 2151 1615 2205 talibus
1689 2151 1957 2221 angustiis
2032 2154 2316 2208 consilium
2367 2156 2504 2223 capit
2541 2157 2776 2226 prudens
2834 2157 2962 2212 illud
3019 2160 3234 2228 quidem
3284 2162 3377 2215 sed
3461 2166 3638 2220 audax

389 2255 592 2300 tamen.
633 2248 724 2301 Dei
751 2247 1075 2301 sententiam
1124 2245 1412 2315 exquirere
1454 2243 1718 2308 decernit,
1764 2244 2204 2313 consulendoque
2265 2249 2483 2302 oraculo
2549 2252 2856 2321 exquirere,
2897 2253 3092 2321 ecquid
3155 2265 3298 2309 recta
3371 2257 3635 2318 Iconium,

389 2341 466 2392 uti
540 2349 776 2405 ceperat,
849 2351 1070 2404 pergere
1122 2343 1423 2404 praestaret,
1469 2349 1536 2387 an
1584 2349 1713 2388 vero
1762 2334 2016 2389 suaderet
2092 2335 2270 2403 potius
2329 2338 2667 2395 venientibus
2715 2356 2744 2394 a
2796 2341 3078 2398 Philomeli
3141 2345 3393 2401 Barbaris
3450 2357 3640 2402 contra

389 2427 708 2484 Occurrere?
737 2427 788 2480 ld
817 2427 1133 2496 exsequitur
1160 2426 1306 2481 hunc
1339 2425 1390 2479 in
1425 2425 1669 2479 modum.
1715 2424 1950 2480 Chartas
1990 2438 2143 2496 parat
2173 2428 2307 2482 duas
2345 2429 2398 2482 in
2430 2430 2625 2498 quibus
2671 2432 2737 2486 de
2765 2445 2998 2503 utroque
3063 2435 3474 2492 deliberationis
3543 2455 3639 2492 ca-

391 2524 502 2589 pite
556 2522 783 2576 seorsim
843 2529 1211 2590 percontatur.
1264 2520 1466 2575 Ambas
1519 2521 1620 2574 sub
1675 2534 1955 2588 vesperam
1995 2521 2212 2576 excelso
2278 2522 2398 2578 loco
2465 2540 2626 2595 supra
2657 2542 2864 2581 sacram
2899 2545 3140 2586 mensam
3175 2533 3434 2599 collocat;
3465 2547 3628 2593 totam

394 2615 517 2666 hinc
574 2621 782 2667 noctem
832 2611 1063 2666 assiduis
1119 2611 1214 2666 Dei
1269 2611 1517 2666 laudibus
1569 2621 1624 2665 et
1706 2611 1967 2681 religione
2042 2623 2297 2682 perpetua
2347 2619 2599 2680 traducit,
2654 2619 2820 2674 Deum
2879 2622 3105 2689 intente,
3179 2642 3285 2694 quo
3338 2628 3630 2698 indigebat,

403 2724 654 2778 poscens.
689 2708 939 2763 Dilucqu
972 2708 1250 2778 ingressus
1315 2706 1543 2762 antistes
1609 2707 1830 2760 alteram
1881 2708 2270 2779 depositarum,
2335 2729 2452 2782 quae
2535 2714 2770 2785 primutn
2829 2718 3025 2771 accidit
3109 2720 3286 2788 obvia,
3336 2725 3641 2781 chartarum

389 2805 602 2871 arripit.
634 2801 873 2871 explicat
920 2801 1096 2868 palam
1154 2809 1207 2855 et
1243 2801 1465 2854 attentis
1511 2799 1770 2852 omnibus
1815 2799 1959 2854 clara
2038 2817 2168 2856 voce
2196 2803 2345 2872 legit.
2411 2805 2481 2858 Ea
2515 2807 2820 2875 imperatori
2858 2811 3116 2866 suadebat
3143 2813 3248 2866 iter
3324 2817 3650 2876 Philomel‘n

389 2911 598 2951 versus.

475 2991 638 3044 ’Λλλὰ
682 2987 857 3040 ταῦτα
893 2986 992 3056 μὲν
1022 2986 1090 3038 τὰ
1119 2986 1261 3038 κατᾶ
1283 2985 1378 3037 τὸν
1429 2984 1832 3054 αὐτοκράτορα.

391 3085 444 3137 δέ
481 3101 540 3149 γε
575 3080 785 3150 Βάρδας
821 3078 1104 3148 Βούρτζης
1130 3080 1188 3129 ἐν
1229 3077 1306 3146 τῷ
1351 3076 1570 3145 ἔχεσθαι
1596 3076 1698 3144 τῆς
1739 3077 1841 3146 ἤδη
1869 3078 1967 3146 ρη-

394 3178 582 3239 θείσης
649 3170 770 3224 ὁδοῦ
808 3172 1126 3240 στράτευμα
1186 3169 1320 3220 πολὺ
1363 3167 1696 3238 Θεασάμενός
1765 3166 1970 3238 ὲνωϐἧ-

393 3285 480 3320 ναι
511 3266 645 3336 μετὰ
673 3265 765 3316 τοῦ
797 3261 1113 3316 Μονολύκου
1134 3262 1223 3312 διὰ
1251 3262 1348 3330 τῆς
1370 3260 1617 3331 γεφύρας
1651 3260 1745 3313 τοῦ
1769 3259 1964 3330 Ζόμπη

394 3358 776 3424 ἐπειγόμενον,
850 3353 1100 3423 παρευθὺ
1156 3352 1521 3421 ὁπλισάμενος
1595 3353 1969 3422 συμμίγνυται

393 3451 607 3510 τούτοις
641 3449 772 3518 περὶ
798 3449 899 3512 τὴν
923 3447 1017 3498 τοῦ
1068 3445 1329 3514 Ἀμορίου
1395 3444 1648 3507 πεδιάδα,
1692 3446 1787 3498 καὶ
1843 3443 1973 3514 νικᾷ

394 3543 764 3610 κατακράτος.
805 3539 1028 3609 ’Ἐτεροι
1083 3538 1140 3590 δὲ
1173 3537 1282 3590 ἀπὸ
1343 3536 1438 3590 τοῦ
1489 3535 1816 3589 ἀνατολικοῦ
1877 3535 1974 3605 μέ-

401 3651 527 3705 ρους
551 3633 789 3702 Τοῦρκοι
821 3629 1220 3700 κατερχόμενοι
1251 3628 1348 3681 κα)⁸
1376 3628 1452 3690 ὡς
1480 3628 1619 3698 πρὸς
1661 3628 1753 3679 τὸν
1795 3611 1972 3680 Μονόέ

397 3725 558 3776 λυκον
615 3722 965 3784 σπεύδοντες,
1014 3721 1431 3791 παρατυχόντες
1460 3722 1524 3789 τῇ
1571 3717 1672 3771 τοῦ
1727 3716 1972 3788 Βούρτζη

398 3810 747 3879 παρεμϐολῇ,
793 3810 1003 3862 ἐκείνου
1035 3811 1205 3879 μήπω
1254 3808 1584 3876 φθάσαντος,
1615 3807 1974 3880 ἀφαιροῦνται

396 3905 464 3954 τὰ.
497 3901 884 3971 παρατυχόντα
938 3900 1214 3968 ὑποζύγια
1244 3901 1341 3962 τὰς
1380 3901 1422 3931 ¹⁹
1464 3899 1820 3971 παρασκευὰς
1868 3899 1976 3952 τῶν

399 3992 770 4063 στρατιωτῶν.
787 3995 844 4045 Ὀ
865 3993 922 4045 δὲ
947 3990 1220 4062 Βούρτζης
1235 3991 1444 4044 ἐκεῖθεν
1464 3990 1978 4061 νικητὴς,ὐποστρέο

398 4101 516 4152 φων
549 4083 644 4135 καὶ
673 4082 880 4154 πολλὴν
912 4082 1416 4153 συνεπιφερόμενος
1444 4081 1599 4135 λείαν
1622 4081 1976 4154 συνηντηκώς

397 4194 503 4230 τινι
529 4175 640 4228 τῶν
673 4178 792 4228 ἐκεῖ
828 4175 1147 4246 ἐρχομένων
1191 4175 1288 4228 καὶ
1341 4174 1680 4245 μεμαθηκὼς
1739 4177 1888 4238 ὅπως
1926 4176 1975 4228 οί

401 4268 506 4320 Τοῦ
518 4283 642 4338 ρκοι
666 4266 890 4321 ἅπαντα
927 4267 998 4320 τὰ
1026 4268 1085 4319 ἐν
1110 4268 1176 4336 τῇ
1215 4265 1539 4336 παρεμϐολῇ
1564 4265 1730 4318 αὑτοῦ
1757 4267 1851 4319 καὶ
1879 4265 1977 4336 τὴν

1910 2985 1969 3037 ’0
2004 2995 2042 3048 Β

2147 2988 2243 3043 llic
2275 2989 2662 3059 relinquendus
2685 2990 2958 3060 paulisper
2983 2989 3146 3061 472
3177 2992 3491 3062 imperator,
3519 2969 3642 3054 dum

2073 3092 2192 3144 qua:
2221 3079 2434 3132 interim
2462 3081 2646 3134 Bardte
2676 3084 2953 3151 contigere
2969 3085 3472 3143 reddituus.Bardas
3492 3092 3652 3146 Burt-

2073 3184 2183 3233 zo's,
2243 3172 2367 3224 dmn
2416 3172 2524 3238 via,
2577 3172 2652 3226 uti
2710 3174 2967 3239 diximus,
3020 3178 3336 3248 praest'ripta
3379 3183 3650 3252 graditur,

2074 3261 2219 3316 videt
2255 3263 2528 3330 copiosum
2583 3267 2882 3319 exercitum
2941 3266 3242 3322 ancorutu
3291 3285 3384 3334 per
3431 3287 3648 3342 pontem

2073 3350 2260 3422 Zompi
2295 3369 2352 3408 se
2383 3354 2667 3426 Monulyco
2695 3358 3028 3426 conjungere
3061 3359 3464 3417 festinantium.
3498 3364 3652 3422 Stre-

2077 3456 2182 3494 nue
2207 3445 2475 3511 correptis
2501 3445 2668 3497 armis
2715 3446 2876 3498 irruit
2912 3447 2962 3498 in
3000 3446 3170 3516 ipsos,
3222 3465 3550 3519 manumque
3597 3456 3651 3510 in

2076 3531 2300 3600 planitie
2338 3534 2542 3587 Atnorii
2579 3533 2797 3588 fortiter
2848 3539 3119 3602 conserit,
3167 3540 3428 3609 planeque
3485 3545 3653 3600 vincit

2077 3626 2381 3680 universos.
2415 3627 2483 3679 At
2516 3627 2733 3682 interim
2769 3628 2857 3682 alii
2901 3629 2968 3683 ab
2997 3632 3249 3685 orientali
3298 3644 3449 3702 parte
3489 3636 3649 3693 Turci

2077 3717 2142 3769 ad
2172 3715 2512 3786 Mouolycum
2552 3729 2906 3786 properantes
2938 3735 3034 3788 per
3070 3720 3281 3779 Bnrtzze
3318 3735 3491 3780 castra
3523 3743 3654 3783 non-

2079 3808 2206 3859 dum
2243 3807 2358 3874 ipso
2406 3808 2605 3861 reduce
2641 3818 2959 3878 transeunt;
3012 3827 3242 3882 quaeque
3293 3815 3365 3869 ibi
3409 3818 3651 3885 jumenta

2081 3914 2336 3966 reperere
2396 3901 2736 3970 militumque
2795 3904 3044 3958 sarcinas
3103 3907 3402 3976 deprazdati
3481 3911 3656 3964 obiter

2077 3991 2477 4060 praeterierunt.
2503 3991 2734 4048 Redibat
2767 3995 2939 4049 victor
2965 3994 3190 4051 Burtzes
3219 3999 3432 4069 agmine
3460 4002 3653 4070 przcdze

2081 4081 2319 4152 ingentis
2348 4097 2517 4138 onere
2552 4084 3064 4157 impedimentisque
3103 4088 3335 4154 tardato,
3368 4106 3488 4146 cum
3524 4108 3654 4150 ecce

2080 4175 2149 4229 ab
2177 4183 2502 4230 occurrente
2532 4177 2764 4245 quodam
2801 4178 2861 4231 lit
2889 4180 3092 4233 certior
3123 4182 3331 4250 direpta
3367 4199 3462 4252 per
3501 4201 3651 4240 suam

2081 4266 2384 4321 absentiam
2445 4266 2618 4322 fuisse
2682 4277 2886 4334 castra,
2948 4267 3328 4342 Barbarosque
3392 4271 3654 4330 facinoris

399 4359 551 4412 λείαν
584 4361 767 4411 πᾶσαν
831 4356 1231 4425 ἀναλαϐόμενοι
1277 4354 1501 4427 ᾤχοντο,
1549 4357 1889 4410 διεσκοπεὴο
1922 4358 1967 4410 τί

2079 4368 2330 4413 auctores
2358 4358 2558 4414 abiisse
2589 4376 2709 4415 cum
2732 4329 2933 4430 prteda.
2962 4329 3303 4418 Deliberabbt
3338 4367 3425 4419 hic
3452 4329 3656 4420 Bai-das

396 4451 463 4503 ἂν
487 4451 593 4521 χρὴ
619 4452 820 4502 ποιεῖν.
864 4448 1071 4514 ὐξέως
1111 4449 1169 4501 δὲ
1187 4449 1275 4501 τὸν
1291 4449 1492 4520 δρόμον
1519 4449 1626 4501 τῶν
1671 4449 1974 4519 Βαρϐάρων

399 4541 763 4610 ποιουμένων,
815 4538 980 4609 ἣθελε
1021 4540 1120 4608 μὲν
1152 4541 1248 4592 καὶ
1297 4539 1463 4603 αὐτὸς
1505 4537 1734 4592 όπισθεν
1755 4539 1975 4594 διώκειν

399 4632 634 4694 τούτων,
691 4633 792 4686 οὐκ
823 4632 1060 4702 ὴδύνατο
1111 4631 1168 4684 δὲ
1205 4632 1574 4702 κεκμηκότων
1601 4631 1712 4683 τῶν
1769 4630 1974 4685 ἳππων.

397 4727 510 4780 Καὶ
533 4726 620 4780 διὰ
647 4725 796 4779 τοῦτ’
827 4723 1082 4778 ἀπειπὼν
1105 4723 1206 4794 τὴν
1240 4723 1538 4787 ὲπιδίωξιν,
1565 4721 1640 4785 ὡς
1677 4721 1753 4791 μὴ
1790 4721 1974 4790 χεῖρόν

396 4835 452 4873 τι
481 4816 744 4888 συμϐαίη,
777 4815 965 4886 βραδεῖ
1011 4815 1136 4870 ποδὶ
1161 4817 1259 4868 σὺν
1290 4813 1519 4882 εὐταξίᾳ
1550 4813 1778 4882 στείχων
1835 4811 1978 4866 κατὰ

397 4912 458 4965 τὸ
486 4912 817 4981 περίορθρον
846 4910 914 4962 τὰ
942 4909 1044 4980 ήδη
1098 4907 1331 4977 ρηθέντα
1370 4906 1464 4959 τοῦ
1516 4906 1761 4975 Βούρτζη
1806 4922 1980 4959 κατα-

405 5004 676 5075 λαμϐάνει
708 5003 961 5072 πολίχνια
986 5001 1081 5053 καὶ
1110 4999 1369 5064 ὲξοικίζει
1417 4998 1655 5084 ἅπαντα.
1710 4997 1981 5050 Κάκεῖθεν

400 5098 529 5159 τούς
559 5113 618 5150 τε
653 5093 1031 5165 δορυαλώτους
1055 5091 1478 5158 ἀναλαμϐάνων,
1540 5089 1638 5142 καὶ
1682 5089 1853 5156 ὁπόση
1896 5105 1981 5151 τις

399 5183 467 5258 ἦν
485 5187 776 5258 περιουσία
803 5189 914 5248 τοῖς
928 5184 1236 5252 Βαρϐάροις
1255 5183 1620 5251 ἐπαγόμενος,
1661 5183 1756 5234 καὶ
1779 5180 1975 5250 μικρὸν

400 5280 461 5330 ὲν
501 5278 775 5348 ἐπικαίρῳ
803 5277 954 5346 τόπῳ
996 5274 1190 5328 ἑαυτόν
1224 5290 1282 5324 τε
1331 5275 1425 5326 καὶ
1453 5272 1659 5334 πάντας
1708 5286 1977 5322 κεκοπια-

402 5372 566 5434 κότας
644 5372 1118 5440 ἀνακτησάμενος,
1178 5367 1490 5438 ἀνίσχοντος
1548 5366 1703 5434 ἡλίου
1754 5365 1848 5434 τῆς
1901 5364 1976 5424 ὡς

2079 4451 2208 4512 quid
2234 4466 2369 4520 opus
2397 4452 2541 4507 laeto
2577 4464 2739 4508 esset.
2765 4455 3035 4509 Audiebat
3068 4455 3343 4511 Barbaros
3374 4460 3655 4513 celeritate

2083 4558 2276 4613 magna
2308 4543 2414 4597 iter
2442 4541 2658 4610 facere;
2697 4544 2930 4600 instituit
2978 4554 3036 4599 et
3078 4547 3197 4615 ipse
3245 4563 3350 4601 non
3403 4550 3656 4617 segniore

2085 4636 2231 4705 ipsos
2257 4635 2458 4703 impetu
2492 4635 2736 4703 insequi;
2769 4643 2823 4688 at
2851 4636 2961 4689 cito
3005 4645 3261 4704 expertus
3306 4647 3389 4690 est
3439 4639 3489 4690 id
3536 4638 3654 4693 ﬁeri

2086 4741 2190 4780 non
2252 4739 2433 4794 posse,
2471 4725 2738 4793 siquidem
2773 4740 2938 4780 cursu
2985 4735 3040 4780 et
3073 4742 3248 4796 pugna
3295 4728 3423 4783 fessi
3459 4728 3659 4784 Roma-

2089 4830 2281 4869 norum
2313 4814 2436 4882 equi
2474 4813 2937 4867 continuationem
2968 4815 3340 4871 contentionis
3378 4832 3481 4870 nou
3511 4816 3656 4873 ferc-

2084 4905 2238 4960 bant.
2268 4903 2410 4975 Ergo
2440 4920 2506 4958 ne
2536 4903 2662 4972 quid
2695 4902 2849 4973 pejus
2879 4906 3058 4971 ﬁeret,
3093 4908 3364 4962 moderari
3405 4925 3650 4978 gressum

2082 5007 2329 5061 coaetus,
2368 4996 2511 5050 lento
2538 4993 2803 5050 duntaxat
2841 5013 3024 5067 passu,
3058 4999 3151 5053 sed
3208 4999 3476 5054 instructu
3514 5003 3655 5056 utili-

2084 5090 2187 5145 tari
2207 5105 2268 5143 ac
2288 5089 2609 5158 praemunito
2623 5089 2995 5143 assectabatur
3014 5101 3409 5159 praecurrentes
3429 5094 3502 5146 'I'u
3513 5109 3653 5150 rcus.

2084 5181 2199 5234 Hoc
2225 5180 2384 5234 modo
2417 5193 2658 5249 pergens
2688 5179 2790 5233 sub
2823 5179 3116 5233 diluculum
3145 5183 3390 5248 pervenit
3420 5181 3472 5235 iu
3505 5184 3657 5252 prius

2087 5282 2384 5327 memorata
2421 5270 2636 5324 Burtzae
2669 5269 2889 5340 Oppida,
2921 5284 3042 5339 quae
3093 5272 3302 5326 civibus
3350 5282 3514 5339 atque
3567 5257 3656 5326 in.-

2088 5365 2223 5418 culis
2259 5347 2457 5418 cuncta
2487 5363 2763 5428 exhausit,
2795 5363 3045 5432 captivos
3067 5377 3284 5432 quoque
3308 5363 3378 5416 ibi
3414 5374 3657 5429 repertos

403 5466 539 5532 πρὸς
596 5463 690 5515 τὸν
746 5463 1128 5531 αὐτοκράτορα
1194 5458 1470 5530 φερούσης
1522 5459 1720 5529 εἴχετο.
1753 5455 1845 5508 Ἐν
1901 5454 1967 5522 τῷ

2089 5459 2326 5523 recepit;
2364 5466 2419 5510 et
2454 5456 2672 5525 proviso
2725 5455 2833 5509 illic
2859 5470 2888 5507 a
2917 5453 3170 5509 Barbaris
3200 5461 3499 5508 com-meatu
3539 5454 3658 5521 plu-

1761 5602 1856 5660 Du
1899 5595 2123 5674 Cangii
2157 5601 2342 5656 notae.

478 5727 520 5757 “
545 5723 804 5794 χτρτίων.
884 5725 924 5755 ¹⁹
951 5725 1039 5776 καὶ
1081 5725 1198 5785 τας.
