3998 6206
390 283 522 348 ῙΞᾹί

1677 285 2085 347 ALEXelA‘DlS
2118 286 2268 349 LIB.
2307 286 2430 348 XV.

3502 273 3554 339 ιί
3569 273 3640 336 ιε·

390 399 828 468 κ-έτςρᾖύσατες
870 403 1145 471 Μονῳδεῖν
1202 419 1268 471 με
1317 403 1408 454 ἐπὶ
1445 403 1629 472 τούτῳ
1661 403 1830 466 πάθος
1866 405 1959 456 ἐκ·

2084 403 2268 470 ;οι·ἱριο
2298 404 2400 456 iter
2434 402 2610 456 facere
2651 396 2905 466 perrexit.
2954 395 3162 450 Interea
3201 391 3454 445 lfarbaris
3488 392 3630 442 ιιςντ-

392 493 663 557 Ειέιζεται,
706 496 820 549 ἀλλ’
859 498 888 548 6
941 497 1036 564 τῆς
1074 497 1317 564 ἱστορίας
1357 497 1522 564 νόμος
1564 497 1777 550 ἐκεῖθεν
1806 493 1964 554 αὖθις

364 584 670 654 ,ἀπείργει
727 586 1038 655 Θαυμάζειν
1089 588 1147 640 δὲ
1201 588 1320 641 ἐστι
1357 588 1473 650 πῶς
1517 588 1577 640 οὐ
1631 588 1848 654 γίνεται
1882 604 1964 650 τις

391 679 489 730 καὶ
519 677 634 738 νῦν,
667 679 918 750 καθάπερ
945 681 1038 733 καὶ
1071 681 1240 734 πάλαι
1269 683 1452 750 φησιν,
1479 681 1510 751 ἣ
1543 680 1708 744 λίθος,
1734 681 1765 750 ἦ
1792 681 1963 751 ὅρνις,

391 771 426 835 ἠ
469 770 706 838 δένδρον,
751 773 783 841 ἡ
836 789 890 824 τι
944 773 1053 825 τῶν
1083 770 1311 844 ἀψύχων
1342 773 1448 828 ὑπὸ
1486 774 1739 842 μεγάλων
1780 773 1967 826 κακῶν

394 864 474 922 si;
521 863 592 915 τὰ
638 863 866 918 τοιαῦτα
911 865 1011 934 τὴν
1071 867 1236 934 φύσιν
1289 869 1571 936 άμείόων·
1629 867 1740 921 εἴτε
1797 866 1968 934 μῦθος

394 951 554 1004 τοῦτό
591 955 761 1020 ἐστιν,
809 956 922 1008 εἴτε
960 958 1117 1026 λόγος
1152 959 1359 1027 ἀληθὴς
1391 961 1486 1012 καὶ
1527 961 1668 1028 τάχα
1719 961 1968 1027 κρεῖττον

395 1043 464 1095 ἂν
495 1044 579 1114 εἴη
615 1047 754 1115 πρὸς
782 1048 851 1100 τά
884 1048 1050 1117 μηδὲν
1079 1049 1451 1120 αἰσθανόμενα
1486 1051 1839 1119 μεταμείϐειν
1868 1052 1968 1116 τὴν

395 1135 580 1204 φύσιν,
629 1137 661 1206 ἦ
707 1140 981 1208 τοσαύτην
1028 1141 1286 1212 αἴσθησιν
1319 1142 1572 1212 δέχεσθαι
1614 1143 1708 1196 τοῦ
1754 1143 1964 1197 κακοῦ”

395 1230 443 1280 εἰ
472 1228 582 1297 γὰρ
613 1230 762 1282 τοῦτ’
796 1227 886 1300 ἦν,
915 1233 1040 1303 τάχ’
1068 1235 1133 1287 ἄν
1167 1253 1234 1304 με
1264 1235 1410 1288 λίθον
1437 1234 1684 1297 ἀπέδειξε
1720 1235 1798 1287 τά·
1827 1251 1968 1300 συμ-

395 1320 633 1372 πεσόντα
674 1321 844 1376 δεινά.
879 1324 990 1394 Τὴν
1019 1325 1075 1380 δὲ
1112 1326 1295 1396 μάχην
1334 1327 1654 1396 ἀγχέμαχον
1682 1327 1781 1396 ἤδη
1813 1343 1972 1395 γεγο·

395 1413 554 1463 νυῖαν
586 1411 614 1464 6
663 1412 981 1485 Νικηφόρος
1029 1417 1370 1488 θεασάμενος
1412 1419 1512 1472 καὶ
1559 1418 1817 1486 πτοηθείς
1867 1420 1970 1484 τὴν

394 1497 590 1572 ἧτταν,
624 1507 762 1574 μετὰ
782 1507 882 1577 τῆς
917 1507 1052 1570 ἰδίας
1079 1511 1437 1581 παρατάξεως
1465 1511 1594 1574 ὅλας
1627 1513 1782 1579 ἡνίας
1814 1512 1974 1580 στρέ-

393 1589 501 1659 ψας
545 1594 772 1660 ἀμύνειν
801 1597 1096 1666 ἠπείγετο·
1135 1601 1228 1652 καὶ
1269 1601 1576 1670 τηνικαῦτα
1609 1605 1656 1654 ot
1695 1601 1971 1669 Βάρϐαροι

395 1680 538 1734 νῶτα
572 1681 868 1749 δεδωκότες
900 1688 995 1739 καὶ
1027 1689 1123 1741 σὺν
1154 1689 1302 1758 αὑτῴ
1347 1691 1412 1759 δὴ
1447 1691 1524 1759 τῷ
1565 1691 1971 1752 Κλιτζιασθλᾶν

397 1773 628 1826 σουλτάν
655 1776 965 1847 άνακράτος
1004 1779 1302 1847 φεύγοντες
1332 1782 1471 1849 πρὸς
1503 1781 1603 1842 τὰς
1637 1784 1972 1854 ἀκρολοφίας

395 1865 711 1934 ἠπείγοντο.
760 1869 955 1924 Πολλοὶ
1008 1873 1106 1942 μὲν
1160 1872 1254 1926 οὖν
1293 1877 1595 1944 τηνικαῦτα
1652 1876 1975 1931 πεπτώκασι

400 1956 790 2026 πολεμοῦντες,
839 1963 887 2014 οἱ
921 1963 1146 2028 πλείους
1195 1966 1250 2020 δὲ
1285 1968 1381 2020 καὶ
1435 1968 1705 2022 ἑάλωσαν.
1748 1969 1870 2021 Τῶν
1918 1969 1974 2021 δὲ

399 2047 685 2103 σωθέντων
731 2053 990 2108 ἁπάντων
1028 2057 1470 2128 διασπαρέντων,
1504 2064 1597 2113 καὶ
1650 2061 1812 2124 αὐτὸς
1845 2062 1908 2130 δὴ
1947 2063 1976 2114 6

399 2138 689 2203 σουλτάνος
741 2145 1080 2211 ἀπεγνωκὼς
1121 2147 1220 2210 τάς
1260 2148 1542 2212 σωζούσας
1579 2150 1802 2213 ἐλπίδας
1839 2153 1976 2221 μετὰ

399 2231 495 2284 τοῦ
551 2234 920 2303 οίνοχοοῦντος
943 2238 990 2268 "
1021 2239 1173 2308 αὐτῷ
1227 2241 1392 2308 μόνου
1453 2240 1673 2309 φεύγων
1735 2243 1865 2311 περὶ
1923 2260 1976 2295 τι

398 2322 629 2391 τέμενος
680 2327 820 2379 κατὰ
869 2328 967 2397 τὴν
998 2331 1332 2399 άκρολοφίαν
1366 2333 1672 2403 ἱδρυμένων
1693 2335 1759 2400 ³⁷,
1787 2328 1850 2388 οὗ
1883 2355 1978 2388 κυ-

403 2413 594 2464 κλόθεν
634 2414 1040 2486 οὐρανομήκεις
1095 2421 1424 2491 κυπάριττοι
1480 2426 1758 2494 στοιχηδὸν
1789 2428 1978 2498 εἱστή-

403 2519 597 2564 κεσαν,
656 2506 758 2558 ὑπὸ
811 2509 916 2560 τῶν
967 2510 1277 2564 διωκόντων
1314 2513 1479 2567 αὐτὸν
1537 2516 1704 2585 τριῶν
1751 2518 1978 2571 Σκυθῶν

402 2595 497 2645 καὶ
523 2597 616 2646 τοῦ
649 2598 764 2650 υἱοῦ
787 2600 880 2652 τοῦ
905 2602 1052 2664 Ούζᾶ
1083 2606 1507 2674 στενοχωρηθεὶς
1535 2609 1853 2678 ἀνελήλυθε,
1885 2613 1979 2663 καὶ

405 2687 605 2754 μικρὸν
626 2689 717 2740 ἐπὶ
745 2689 972 2760 θάτερον
995 2696 1368 2763 παρεκκλίνας
1395 2700 1515 2749 ἐπεὶ
1544 2699 1678 2766 μηδὲ
1701 2701 1978 2770 γνώριμος

399 2777 513 2838 τοῖς
559 2777 848 2834 διώκουσιν
886 2779 973 2852 ἦν,
1026 2787 1187 2849 αὐτὸς
1246 2788 1344 2856 μὲν
1386 2792 1661 2845 σέσωστο·
1711 2752 1750 2845 .6
1807 2752 1980 2862 ὲίγξ

403 2870 664 2939 οἰνοχόος,
701 2875 852 2944 παρὰ
893 2878 1004 2928 τῶν
1051 2880 1272 2932 Σκυθῶν
1309 2887 1688 2953 κατασχεθεὶς,
1722 2887 1798 2953 τῷ
1825 2890 1982 2940 αύτο-

399 2962 631 3049 κράτορι
677 2964 754 3025 ὡς
797 2971 941 3034 μέγα
975 2986 1026 3021 τι
1054 2971 1228 3040 δῶρον
1270 2978 1726 3044 προσενήνεκται.
1772 2942 1845 3030 ’Ὃ
1880 2981 1978 3049 μὲν

2067 508 2149 553 ter
2183 497 2543 566 pugnantibus
2570 491 2913 549 Andronicus
2961 485 3480 559 Porphyrogenitus,
3541 482 3626 533 ille

2068 604 2310 643 meorum
2342 587 2472 642 mihi
2507 587 2734 641 fratrum
2763 581 3116 638 charissimus
3172 581 3260 648 qui
3288 576 3418 629 Irevo
3446 573 3634 628 cornni

2069 691 2317 748 praeerat,
2350 681 2524 734 versis
2558 677 2786 733 habenis
2823 691 2944 730 cum
2981 674 3195 744 propria
3229 670 3494 740 phalange
3535 683 3625 715 ve-

2070 777 2377 829 hementem
2408 773 2458 826 in
2494 771 2760 824 Barbaros
2805 768 3217 835 impressionem
3275 762 3420 815 fecit.
3465 760 3511 812 Is
3544 756 3633 820 ju-

2069 869 2219 922 venis
2252 882 2372 921 cum
2405 865 2458 918 in
2493 865 2680 918 ﬂorem
2710 862 3044 932 pervenisset
3080 861 3251 921 ipsum
3283 856 3436 918 longe
3470 865 3638 903 amm-

2073 961 2358 1015 nissimnm
2387 958 2585 1019 aetatis,
2619 964 2929 1025 comparata
2964 952 3064 1005 sibi
3116 948 3271 1000 Linde
3308 943 3585 998 fortitndin
3615 956 3638 994 s

2069 1054 2334 1122 sapientia
2365 1052 2688 1119 conjuncta,
2719 1046 3058 1102 dexteritatis
3081 1041 3314 1096 eiiic2tcis
3351 1049 3399 1092 et
3432 1036 3642 1089 eximia!

2073 1149 2123 1200 in
2164 1148 2325 1200 rebus
2350 1145 2558 1200 bellicis
2575 1145 2894 1212 prudentius,
2927 1142 3218 1192 immature
3254 1134 3408 1192 obiit,
3444 1144 3641 1196 magna

2072 1252 2124 1293 et
2161 1239 2546 1294 molestissimo
2577 1238 2750 1300 nobis,
2796 1246 2855 1288 ut
2893 1234 2944 1287 in
2990 1247 3083 1300 spe
3128 1239 3296 1292 tanta,
3347 1235 3398 1277 et
3445 1237 3638 1276 occasu

2074 1343 2182 1387 tam
2218 1331 2495 1398 inopinato
2525 1329 2650 1382 talis
2689 1326 2926 1382 Orientis
2962 1324 3117 1386 astri,
3155 1322 3232 1375 sui
3263 1317 3532 1372 desiderio
3561 1328 3642 1366 re-

2073 1427 2222 1480 licto.
2260 1423 2306 1476 0
2338 1423 2634 1490 juventus!
2674 1435 2706 1473 o
2759 1419 2912 1488 vigor
2953 1415 3231 1483 corporis!
3269 1429 3302 1463 o
3350 1406 3644 1478 equitantis

2074 1517 2246 1572 Saltus
2276 1515 2422 1568 leves
2457 1527 2566 1580 quo
2606 1510 2821 1566 tandem
2870 1505 3119 1561 abiistis?
3171 1503 3338 1562 Huius
3383 1500 3508 1553 mihi
3562 1512 3648 1551 re-

2074 1607 2318 1662 cordatio
2358 1606 2562 1660 doloris
2594 1605 2700 1657 vim
2729 1615 2863 1668 pene
2911 1598 3068 1653 atfert
3112 1594 3379 1663 quandam
3427 1605 3532 1658 quo
3583 1591 3651 1641 de

2079 1689 2176 1752 vim
2199 1698 2342 1750 initae
2371 1695 2590 1762 regione
2620 1694 2672 1747 in
2703 1693 2934 1745 lamenta
2983 1699 3345 1742 transversam
3388 1682 3643 1751 abripiat,

2075 1790 2242 1862 4⁸16
2273 1787 2378 1843 Sed
2411 1787 2668 1855 cOgitatio
2698 1781 2961 1854 propositi
2993 1790 3046 1835 et
3077 1777 3324 1832 Historiae
3357 1777 3440 1829 lex
3483 1774 3660 1826 alior-v

2077 1897 2197 1937 sum
2238 1895 2323 1934 me
2354 1878 2595 1948 impellit.
2625 1871 2832 1930 'Mirari
2884 1883 3061 1926 autem
3107 1870 3252 1924 subit
3294 1867 3645 1936 quamobrem

2080 1986 2184 2026 non
2229 1970 2387 2024 hodie
2430 1981 2665 2036 quoque,
2721 1974 2878 2033 prout
2920 1960 3209 2028 contigisse
3260 1959 3386 2012 olim
3441 1957 3661 2010 ferttnt..

2079 2063 2541 2119 transformcntnr
2597 2056 2966 2128 magnitudine
3016 2054 3280 2108 malorum
3325 2051 3567 2105 homines
3597 2047 3648 2100 in

2079 2158 2309 2225 lapides,
2341 2171 2488 2217 aves,
2525 2154 2769 2217 arbores,
2816 2159 2909 2204 aut
2956 2148 3080 2218 quid
3116 2147 3475 2201 inanimornm
3505 2158 3520 2194 :
3553 2155 3647 2193 seu

2081 2249 2270 2303 fabulae
2297 2247 2381 2300 illa
2416 2257 2563 2310 sunt,
2595 2262 2690 2300 seu
2724 2241 3064 2297 narratiooes
3088 2254 3246 2293 verae.
3282 2237 3480 2302 Nempe
3507 2242 3652 2288 esset

2081 2340 2218 2394 forte
2252 2341 2420 2394 satius
2471 2353 2592 2392 cum
2626 2352 2684 2390 rc
2718 2351 2877 2390 sensu
2932 2348 3083 2386 cassa
3124 2336 3458 2383 commutare
3498 2335 3649 2376 na'n-

2080 2447 2218 2496 ram,
2248 2447 2406 2498 quam
2456 2432 2589 2482 adeo
2643 2430 2894 2482 acerbum
2948 2421 3176 2492 experiri
3226 2433 3444 2472 sensum
3504 2415 3650 2469 tltaii.

2079 2525 2234 2591 Quod
2270 2524 2310 2578 si
2341 2523 2442 2577 hoc
2486 2522 2597 2575 fieri
2635 2528 2822 2572 natura
2868 2526 3069 2584 posset,
3126 2512 3372 2583 equidem
3418 2509 3654 2564 arbitror

2082 2627 2226 2672 tanta
2266 2628 2384 2669 esse
2419 2613 2556 2667 mala
2602 2628 2720 2682 quae
2755 2613 2808 2665 in
2840 2609 2948 2665 vita
2983 2605 3196 2674 pertuli.
3241 2612 3298 2657 ttt
3342 2602 3450 2668 jam
3484 2615 3567 2653 me
3597 2601 3658 2650 in

2080 2710 2311 2778 lapidem
2348 2709 2575 2762 vertisse
2613 2704 2906 2776 potuerint.
2943 2700 3213 2756 Caeterum
3262 2695 3351 2746 ubi
3389 2691 3648 2744 commis-

2082 2819 2198 2857 sam
2234 2802 2476 2856 cominns
2511 2813 2742 2868 pugnant
2769 2791 3108 2861 Niccpltorus
3157 2787 3310 2850 vidit,
3353 2779 3650 2853 periculum

2080 2898 2288 2950 veritus
2332 2909 2394 2947 ac
2426 2891 2746 2946 deletioncm
2801 2879 3059 2955 postremi
3116 2877 3364 2948 agminis,
3411 2890 3530 2926 cum
3590 2872 3676 2922 iis-

2081 3003 2218 3055 quos
2246 2985 2524 3046 ductabat,
2557 2990 2696 3035 totas
2725 2976 3007 3032 etlnmlens
3053 2972 3291 3026 habenas
3323 2964 3561 3019 cnrnrrit
3601 2961 3654 3015 in

430 3046 491 3082 In
529 3055 782 3082 Q.._.\-.‘.-
813 3060 898 3082 l_\
937 3063 998 3082 -3
1039 3079 1087 3082 ᾼ,
1131 3081 1135 3082 ,
1173 3064 1185 3080 ο
1333 3067 1344 3082 σ

399 3055 491 3105 οὖν
527 3055 782 3122 βασιλεὺς
811 3060 902 3112 ἐπὶ
935 3063 999 3132 τῇ
1033 3064 1259 3136 τοιαύτῃ
1294 3067 1418 3137 νίκῃ
1453 3070 1978 3140 καταγωνισάμενος

2084 3079 2345 3136 auxilium
2379 3086 2706 3132 nostrorum.
2741 3070 2891 3123 Tunc
2927 3063 3150 3119 Barbari
3183 3068 3456 3114 verterunt
3487 3068 3657 3122 terga,

398 3148 524 3208 τοὺς
565 3147 795 3218 ἐχθροὺς
829 3152 1048 3222 ἔχαιρεν
1073 3172 1086 3184 ·
1119 3156 1312 3225 ἠνιᾶτο
1341 3160 1396 3212 δὲ
1425 3162 1511 3214 ὄτι
1537 3161 1610 3232 μὴ
1645 3163 1741 3216 καὶ
1770 3166 1796 3217 ό
1827 3166 1980 3219 σουλ-

399 3239 558 3302 τάνος
578 3241 671 3342 είς
717 3245 910 3342 {cipue
959 3247 1220 3342 ἐμπεσὼν
1268 3251 1598 3322 κατεσχέθη,
1658 3254 1794 3307 ὁλλά
1830 3256 1983 3326 παρὰ

405 3334 626 3436 μικροῦ,
661 3334 917 3436 τοῦτοδὲ]
966 3338 1027 3390 τδ
1076 3344 1651 3411 πεπαροιμιασμένον,
1711 3347 1980 3418 ἐρρύσοη.

437 3424 687 3493 Εσπέρας
714 3427 772 3479 δὲ
805 3428 906 3498 ἤδη
947 3429 1394 3500 καταλαϐούσης,
1442 3434 1611 3487 αὐτοῦ
1640 3439 1782 3490 κατά
1820 3438 1986 3492 τόπον

405 3516 707 3580 αὐλίζεται.
736 3520 800 3572 Ol
823 3520 880 3572 δὲ
911 3522 1322 3591 περισωθέντες
1348 3525 1457 3578 τῶν
1479 3526 1806 3598 Βαρϐάρων,
1832 3529 1986 3594 αὖθις

404 3610 545 3662 κατά
580 3609 679 3672 τὰς
702 3611 1039 3682 ἀκρολοφίας
1069 3614 1412 3681 ἀνελθόντες,
1461 3620 1709 3687 πυρσούς
1752 3637 1810 3673 τε
1839 3639 1988 3692 παμ-

407 3699 638 3763 πόλλους
664 3701 900 3771 ἀνῆψαν,
936 3704 1033 3758 καὶ⁸
1056 3704 1123 3758 δι’
1157 3705 1290 3778 ὅλης
1320 3707 1518 3772 νυκτὸς
1539 3711 1683 3762 κατὰ
1708 3710 1819 3763 τῶν
1851 3711 1988 3766 Ῥω-

410 3793 589 3860 μαίων
617 3795 694 3857 ὠς
733 3793 898 3856 κύνες
926 3797 1350 3868 περιυλάκτουν.
1382 3800 1599 3872 Σκύθης
1624 3803 1680 3856 δέ
1715 3821 1822 3867 τις,
1855 3805 1991 3858 ἀπο-

407 3883 612 3951 δράσας
637 3886 744 3938 ἀπὸ
762 3887 858 3941 τοῦ
903 3887 1216 3959 Ῥωμαϊκοῦ
1248 3892 1668 3964 στρατεύματος
1701 3897 1792 3948 καὶ
1817 3912 1990 3966 προσ-

409 3973 682 4042 εληλυθὼς
709 3975 788 4046 τῷ
815 3978 1063 4044 σουλτὰν,
1096 3979 1198 4050 ἔφη
1234 3995 1247 4010 ⁸
1273 3981 1384 4052 Τὴν
1431 3985 1570 4053 μετὰ
1596 3984 1690 4038 τοῦ
1721 3987 1994 4057 αὐτοκρά-

408 4083 568 4135 τορος
587 4068 770 4138 μάχην
792 4071 1000 4142 ἡμέρας
1016 4069 1184 4142 οὔσης
1205 4074 1472 4142 μηδαμῶς
1485 4076 1774 4146 ἐπιχείρει.
1803 4078 1865 4130 οὐ
1883 4079 1992 4149 γάρ

412 4173 494 4210 σοι
520 4158 656 4228 πρὸς
681 4160 844 4214 καλὸν
868 4164 1095 4227 ὲσεῖται,
1130 4164 1249 4217 ἀλλ’
1275 4166 1400 4218 ἐπεὶ
1431 4165 1504 4237 μὴ
1533 4169 1868 4239 ἀποχρώσης
1891 4176 1994 4239 τῆς

412 4250 662 4313 πεδιάδος
717 4255 1172 4324 συνεσφιγμένως
1219 4256 1320 4319 τὰς
1371 4259 1580 4329 σκηνὰς
1615 4261 1892 4332 ἐπήξατο,
1924 4263 1994 4316 δι’

409 4340 538 4410 ὅλης
552 4343 749 4406 νυκτὸς
766 4343 903 4414 πρὸς
923 4345 1047 4409 τοὺς
1069 4347 1346 4416 πρόποδας
1366 4348 1471 4401 τῶν
1492 4349 1698 4420 βουνῶν
1715 4353 1994 4417 κατιόντες

2083 3184 2138 3228 et
2170 3187 2276 3226 una
2301 3186 2422 3224 cum
2459 3170 2574 3237 ipso
2603 3167 2821 3220 sultano
2859 3155 3271 3214 Clitziaslhlane
3309 3153 3363 3204 in
3395 3148 3662 3202 montium

2081 3265 2314 3321 vertices
2338 3260 2661 3318 etfttsissima
2683 3255 2804 3324 fuga
2831 3268 2888 3307 se
2909 3249 3209 3306 subducere
3239 3243 3660 3299 contendebant.

2082 3357 2403 3412 Ceciderunt
2437 3352 2488 3404 in
2521 3348 2774 3404 conﬂictu
2812 3346 3050 3411 ipsorum
3081 3337 3262 3398 multi,
3295 3333 3472 3403 plures
3497 3332 3659 3384 etiam

2084 3447 2224 3515 capti
2258 3448 2497 3507 fuerant,
2517 3437 2737 3506 reliquis
2767 3450 2896 3489 vero
2927 3432 3136 3485 cunctis
3169 3438 3372 3480 temere
3403 3420 3661 3489 dispersis
3683 3454 3696 3460 -η

2087 3537 2202 3606 ipse
2253 3545 2468 3603 quoque
2520 3529 2767 3582 sultanns
2828 3523 3004 3578 salute
3058 3520 3343 3586 desperata
3389 3526 3497 3566 uno
3550 3509 3664 3564 solo

2087 3625 2282 3682 comite
2313 3621 2626 3692 pocillatore
2650 3632 2748 3672 suo
2771 3614 3040 3684 quoddam
3063 3609 3112 3662 in
3137 3605 3390 3661 sacellum
3420 3599 3664 3668 confugit

2088 3718 2290 3771 montis
2323 3715 2375 3768 in
2401 3713 2601 3766 vertice
2629 3717 2912 3764 structum,
2942 3701 3084 3772 quod
3117 3702 3320 3754 circum
3356 3692 3664 3747 ambiebant
3694 3715 3698 3719 -

2089 3806 2247 3862 celsae
2276 3802 2518 3872 cupressi
2579 3797 2744 3852 rectis
2797 3793 3046 3847 versibus
3087 3787 3334 3845 consitae.
3391 3783 3468 3837 Eo
3513 3780 3662 3835 illum

2089 3870 2359 3966 persecuti
2407 3901 2517 3947 tres
2559 3889 2778 3959 Scytha:
2816 3895 2960 3946 sunt,
3006 3891 3061 3936 et
3109 3880 3232 3935 Uzm
3268 3877 3427 3931 filius.
3466 3872 3564 3926 Hic
3609 3870 3662 3923 in
3702 3903 3705 3906 -

2091 3996 2246 4045 arcto
2283 3986 2530 4042 sultanns
2562 3982 2937 4050 deprehensus
2969 3975 3188 4031 exsiluit
3236 3973 3301 4024 ad
3349 3971 3526 4037 fugam
3573 3965 3666 4019 de-

2093 4083 2408 4148 clinansqtte
2442 4077 2494 4131 in
2527 4083 2731 4144 partem
2765 4070 3013 4132 alteram,
3053 4066 3305 4135 quoniam
3352 4061 3566 4129 ignotus
3599 4055 3668 4110 de

2094 4173 2233 4228 facie
2281 4166 2726 4239 persequentibus
2755 4173 2895 4226 erat,
2947 4163 3061 4230 ipse
3091 4157 3305 4229 quidem
3345 4153 3519 4210 evasit
3552 4169 3566 4206 :
3612 4158 3667 4202 at

2094 4267 2211 4334 ejus
2250 4262 2532 4334 pocillator
2558 4275 2587 4314 a
2620 4257 2839 4328 Scythis
2877 4255 3051 4325 magni
3104 4253 3220 4305 loco
3275 4247 3514 4302 muneris
3555 4245 3624 4295 im
3653 4273 3669 4280 -

2096 4359 2334 4429 peratori
2380 4355 2597 4408 oblatus
2649 4361 2753 4405 est.
2812 4347 3015 4418 Magna:
3060 4359 3149 4398 res
3189 4342 3386 4395 laetitia:
3429 4339 3671 4405 Angusto

409 4433 559 4499 ψιλοὶ
579 4433 813 4500 τοξόται,
840 4439 934 4490 καὶ
961 4438 1131 4506 συχνά
1151 4440 1220 4491 τά
1248 4439 1380 4510 βέλη
1407 4441 1532 4493 κατ’
1561 4443 1742 4496 αὐτῶν
1775 4447 1981 4513 πεμπέ-

2100 4453 2199 4506 fuit
2226 4447 2498 4520 praeclarae
2531 4445 2682 4499 istius
2711 4444 2774 4495 de
2799 4439 2992 4493 Turcis
3030 4454 3058 4490 a
3093 4435 3206 4491 suis
3259 4440 3545 4500 reportata:
3590 4431 3668 4479 ri-

409 4542 612 4587 τωσαν,
642 4529 738 4580 καὶ
779 4528 840 4579 οὐ
870 4530 971 4599 τὴν
1003 4530 1279 4600 τυχοῦσαν
1336 4526 1542 4603 ζημίαν
1571 4533 1647 4603 τῷ
1693 4535 1991 4606 Ῥωμαϊκῷ

413 4616 1082 4687 στρατεύματιύφέξουσι.
1121 4621 1437 4691 Τηνικαῦτα
1475 4623 1533 4676 δὲ
1581 4625 1678 4677 καὶ
1725 4625 1991 4696 μιξοϐάρς

412 4707 580 4776 ϐαρός
609 4725 690 4770 τις
734 4709 947 4762 ἐκεῖθεν
987 4711 1144 4776 αὖθις
1178 4713 1360 4766 λαθὼν
1381 4717 1506 4776 τοὺς
1541 4716 1822 4788 Τούρκους
1857 4719 1994 4788 πρὸς

410 4799 504 4850 τὸν
539 4799 769 4868 βασιλέα
799 4803 962 4872 φοιτᾷ
992 4806 1355 4873 ἀπαγγέλλων
1387 4806 1562 4859 ὁπόσα
1611 4809 1638 4858 δ
1669 4807 1886 4877 Σκύθης
1915 4810 1995 4877 τῷ

413 4893 694 4964 σουλτάνῳ
722 4865 1040 4966 προσελθὼν
1080 4865 1335 4963 ὑπέθετο,
1370 4901 1464 4952 καὶ
1495 4901 1564 4952 τὰ
1592 4865 1995 4970 βεϐουλεύμένα

413 4985 635 5040 ἅπαντα
661 4988 806 5040 κατὰ
839 4988 935 5043 τοῦ
974 4991 1291 5060 Ῥωμαϊκοῦ
1340 4992 1754 5062 στρατεύματος
1806 4993 1997 5060 σαφῶς

412 5076 736 5146 διηγήσατο.
777 5079 964 5132 Ταῦτα
1018 5079 1357 5153 μεμαθηκὼς
1405 5085 1432 5134 6
1460 5084 1818 5155 αὐτοκράτωρ
1872 5085 1995 5155 διχῆ

411 5169 603 5223 διελὼν
634 5172 695 5224 τὸ
721 5173 1060 5244 στράτευμα,
1081 5175 1206 5237 τοὺς
1232 5175 1330 5244 μὲν
1357 5177 1492 5228 εῑσω
1512 5177 1612 5246 τῆς
1640 5177 1995 5246 παρεμϐολῆς

411 5263 572 5326 δντας
597 5266 965 5336 ἐγρηγορέναι
997 5268 1092 5320 καὶ
1123 5271 1317 5336 νήφειν
1345 5268 1670 5338 προσέταξε,
1697 5270 1821 5331 τοὺς
1851 5270 1908 5322 δέ
1933 5285 1996 5338 γε

412 5354 636 5419 λοιποὺς
665 5357 993 5412 ὁπλίσασθαι
1027 5377 1086 5412 τε
1118 5360 1235 5425 καὶ,
1270 5360 1472 5423 ἔξωθεν
1506 5361 1606 5430 τῆς
1634 5361 1996 5430 παρεμϐολῆς

415 5448 748 5514 ἐξελθόντας,
789 5453 1203 5520 προῦπαντῆσαι
1236 5453 1350 5513 τοίς
1410 5450 1531 5504 κατ’
1553 5452 1734 5504 αὐτῶν
1766 5454 1996 5523 ἐρχομέ-

2099 4542 2283 4596 ctorize
2325 4538 2568 4592 nuntius.
2606 4532 2926 4600 Quanquam
2963 4544 3028 4580 ne
3059 4539 3249 4594 purum
3286 4523 3336 4574 id
3372 4529 3518 4574 esset
3542 4533 3670 4585 gnu-

2101 4631 2243 4684 dittttt
2281 4626 2640 4680 intercedebat
2671 4623 2869 4674 dolore
2910 4615 3154 4670 manibus
3178 4613 3390 4666 emissa
3416 4621 3538 4660 cum
3563 4607 3671 4672 jam

2103 4727 2378 4778 teneretur
2426 4717 2623 4787 praeda:
2663 4725 2763 4769 :et
2806 4707 3185 4781 gratulationis
3241 4703 3515 4757 minuebat
3564 4700 3718 4751 frn-.

2102 4826 2245 4870 ctum
2292 4812 2476 4866 evasio
2511 4807 2733 4871 sultani,
2788 4815 2893 4857 tam
2952 4797 3304 4870 propinquam
3367 4794 3476 4847 voti
3541 4791 3676 4845 tanti

2102 4920 2251 4974 spem
2287 4902 2568 4957 frustrata.
2603 4897 2812 4951 Etenim
2845 4893 2933 4947 ille
2962 4890 3210 4950 minimo,
3264 4886 3406 4940 sicut
3442 4884 3542 4937 dici
3580 4897 3675 4935 so-

2103 4999 2198 5063 let,
2235 4993 2517 5050 intervallo
2546 5010 2570 5044 a
2609 4986 3092 5059 comprehensione
3130 4996 3193 5036 ac
3234 4977 3550 5049 captivitate
3574 4979 3674 5028 ab-

2105 5087 2303 5152 fuernt,
2343 5083 2772 5154 inopinatissime
2815 5076 3057 5148 periculo
3093 5069 3518 5142 praesentissimo
3550 5067 3680 5118 sub-

2104 5182 2316 5234 ductus.
2353 5177 2616 5232 Caeterum
2657 5167 3065 5243 ingrttentejant
3103 5177 3322 5230 vespera
3347 5157 3592 5214 consedit
3622 5155 3710 5208 in»

2099 5280 2309 5326 noctem
2343 5271 2617 5337 Augustus
2667 5264 2888 5318 ibidem.
2925 5261 2993 5314 At
3050 5257 3142 5328 qui
3173 5254 3308 5309 cladi
3353 5257 3675 5319 supererant

2099 5362 2320 5418 Barbari
2356 5360 2497 5430 iugis
2521 5359 2715 5412 iterum
2740 5354 3052 5409 conscensis
3082 5347 3379 5403 vicinorum
3408 5339 3693 5395 montium--

2102 5457 2253 5524 ignes
2285 5461 2342 5506 ut
2369 5451 2522 5520 prius
2567 5447 2769 5518 passim
2827 5441 3138 5500 excitabant
3188 5435 3475 5506 plurimos,
3522 5439 3578 5482 et
3611 5439 3699 5480 ea».

1451 5591 1974 5657 Varitelecttones
2009 5611 2084 5656 ex
2107 5593 2252 5657 cod.
2287 5588 2572 5654 Coislin.

493 5712 544 5744 ”
563 5713 928 5784 ἡνιοχοῦντος.
1004 5715 1049 5747 ⁸⁷
1083 5714 1396 5785 ἱδρυμένον.
