3986 6212
399 407 542 475 illi!)

1636 424 2050 486 ALEXIADIS
2095 429 2242 488 LIB.
2297 433 2420 492 XV.

3506 434 3640 502 ll'i‘}

393 525 488 576 καὶ
552 522 866 592 ἐξήνεγκεν.
939 525 1167 597 Ἀπάρτι
1222 536 1331 598 γὰρ
1388 528 1450 582 τὸ
1505 530 1640 585 πολῦ
1701 535 1799 605 τῆς
1858 536 1968 590 τῶν

2075 554 2172 605 gua
2207 557 2482 598 murmure
2515 545 2940 609 susurrantium,
2983 542 3142 598 homo
3169 544 3482 614 Bagontilus
3513 561 3621 612 cst,

390 614 666 683 ἑσπερίων
717 614 814 667 καὶ
860 614 1016 686 ἑῴων
1060 619 1400 690 ἀποθέμενος
1440 624 1760 694 φροντίδος,
1825 628 1964 696 πρὸς

392 705 451 756 τὸ
501 703 1022 778 πνευματικώτερον
1072 709 1268 764 ἑαυτὸν
1318 713 1616 769 ἐπέτεινεν.
1715 716 1803 771 Ἐν
1831 721 1964 772 πᾶσι

392 794 498 863 γὰρ
529 794 639 846 τῶν
693 795 952 851 ἁπάντων
999 799 1261 870 ἐκράτειθ
1313 805 1371 855 ὲν
1405 805 1587 874 λόγοις
1633 808 1966 875 διδακτικοϊς

389 885 516 948 τοὺς
547 886 676 956 περὶ
707 886 865 956 λόγον
908 890 1311 958 ἐσπουδακότας
1341 899 1498 951 ἐνίκα
1524 916 1540 932 ο
1579 901 1639 952 ἐν
1673 901 1880 969 μάχαις
1909 905 1965 956 δὲ

393 979 487 1032 καὶ
520 982 880 1052 στρατηγίαις
908 984 1020 1038 τῶν
1056 987 1116 1042 ἐν
1143 989 1328 1053 ὅπλοις
1376 993 1804 1065 θαυμαζομένων
1835 998 1968 1050 ὑπε-

391 1075 592 1142 ρεῖχεν.
613 1073 699 1138 Ὦς
727 1074 784 1127 δὲ
817 1076 850 1129 ἠ
884 1077 991 1132 τῶν
1029 1079 1342 1150 Βογομίλων
1366 1084 1676 1156 ἁπανταχοῦ
1719 1088 1818 1158 ἤδη
1851 1089 1964 1142 eis.

392 1182 604 1235 σπαρτο
635 1169 814 1237 φήμη.
847 1168 1128 1234 Βασίλειος
1151 1173 1261 1243 γάρ
1285 1191 1368 1236 τις
1394 1179 1627 1247 μοναχὸς
1655 1179 1874 1233 ὼδύνων
1897 1183 1965 1248 θ’,

390 1255 602 1310 δώδεκα
661 1259 762 1328 μὲν
818 1260 957 1331 έχων
1015 1264 1285 1335 μαθητὰς,
1340 1266 1433 1330 οὓς
1483 1271 1576 1322 καὶ
1629 1271 1967 1338 ἀποστόλους

389 1347 668 1418 ὠνόμαζε,
712 1355 1180 1424 συνεφελκόμενος
1233 1358 1289 1409 δὲ
1338 1360 1432 1412 καὶ
1483 1361 1793 1433 μαθητρίας
1839 1372 1964 1424 τινὰ

394 1440 594 1508 γύναια
629 1445 878 1515 κακοήθη
907 1447 1000 1498 καὶ
1027 1449 1390 1521 παμπόνηρα,
1426 1454 1719 1525 έφήπλωσε
1747 1459 1847 1529 τὴν
1873 1478 1966 1514 και

404 1533 530 1586 κίαν
572 1535 914 1605 ἁπανταχοῦ.
969 1540 1078 1592 Καὶ
1126 1540 1327 1606 πολλάς
1373 1543 1550 1615 ψυχὰς
1601 1548 1760 1619 δίκην
1795 1553 1968 1623 πυρὸς

392 1625 722 1697 ἐπενείματο
746 1629 805 1680 τὸ
830 1634 1022 1694 κακὸν,
1057 1633 1157 1685 οὐκ
1215 1635 1462 1706 ἠνείχετο
1505 1641 1538 1709 ἡ
1575 1639 1670 1693 τοῦ
1702 1640 1970 1710 βασιλέως

392 1718 538 1789 ψυχή
565 1736 579 1751 ο
618 1720 696 1790 τῷ
725 1739 807 1774 τοι
840 1725 932 1775 καὶ
960 1723 1211 1794 διερευνᾷ
1261 1727 1329 1779 τὰ
1362 1731 1489 1799 napi.
1523 1731 1619 1800 τῆς
1673 1736 1962 1805 αἱρέσεως,

392 1809 488 1862 καί
511 1827 656 1874 τινες
679 1811 788 1864 τῶν
833 1814 1148 1883 Βογομίλων
1194 1818 1278 1880 είς
1309 1819 1378 1871 τὰ
1423 1822 1698 1894 ἀνάκτορα
1751 1828 1966 1896 ἤγοντο.

391 1900 670 1966 Ἀπαντες
700 1904 756 1957 δὲ
788 1905 1066 1960 Βασίλειάν
1097 1911 1613 1984 τιναχατήγγελλον
1647 1916 1969 1974 διδάσκαλον

392 1997 488 2047 καὶ
530 1999 829 2064 κορυφαῖον
885 2001 1283 2069 πρωτοστάτην
1323 2004 1420 2072 τῆς
1474 2006 1845 2080 Βογομιλικῆς
1879 2013 1968 2066 αἱ-

393 2089 623 2157 ρέσεως.
664 2090 758 2142 Ἐκ
788 2091 997 2145 τούτων
1054 2093 1111 2146 δὲ
1145 2095 1429 2159 Διῦλάτιός
1463 2116 1548 2161 τις
1588 2105 1971 2174 κατασχεθεὶς,

390 2181 514 2232 ἐπεὶ
544 2181 903 2252 ἐρωτώμενος
928 2185 1284 2253 ἀνομολογεῖν
1319 2191 1418 2242 οὐκ
1445 2191 1724 2258 ὴόούλετο,
1761 2197 1974 2263 αἰκίαις

392 2271 745 2337 παραδοθεὶς,
810 2274 1113 2342 τηνικαῦτα
1165 2277 1254 2328 τὸν
1324 2278 1620 2348 λεγόμενον
1689 2283 1973 2342 Βασίλειον

395 2361 755 2430 ἀνωμολόγει,
793 2364 888 2416 καὶ
919 2363 1014 2427 οὒς
1043 2366 1251 2430 ἐκεῖνος
1287 2370 1708 2442 προὺχειρίσατο
1739 2376 1974 2433 ἀποστό-

395 2451 544 2516 λους.

2069 633 2168 685 sub
2195 631 2299 688 ista
2334 635 2463 688 mihi
2488 636 2666 705 specie
2689 635 2926 705 lupinam
2952 636 3096 690 intus
3127 638 3384 706 obtegens
3413 639 3639 694 rabiem.

2071 721 2222 779 "auc
2259 733 2460 780 sectam
2492 727 2732 782 tenebris
2765 727 2870 781 illis
2907 727 3038 794 ipsis
3085 738 3136 779 et
3185 729 3638 793 dissimulatione,

2070 814 2222 878 cuius
2270 816 2490 868 obtentu
2540 815 2714 868 latens
2765 815 2983 884 impune
3041 816 3413 885 grassabatur,
3448 833 3512 869 eo
3543 833 3644 870 no-

2069 908 2370 962 centiorem
2421 908 2712 976 minusque
2766 907 3105 962 tolerabilem
3162 919 3317 976 pater
3366 909 3512 962 velut
3559 910 3645 963 iu-

2069 1011 2320 1056 cantator
2359 1001 2576 1068 sapiens
2626 1011 2933 1070 serpentem
2985 1009 3241 1062 astutam,
3300 1016 3361 1055 ex
3409 1016 3542 1054 cavo
3581 1017 3644 1054 ac

2068 1108 2230 1163 specu
2263 1105 2374 1148 tuta
2402 1093 2732 1148 carminibus
2780 1093 2920 1148 velut
2967 1093 3287 1161 quibusdam
3339 1094 3523 1146 elicuit
3588 1093 3641 1146 in

2069 1185 2356 1255 lucemque
2391 1185 2638 1254 protulit.
2668 1183 2874 1254 Nempe
2905 1200 3028 1238 cum
3058 1193 3138 1238 tot
3187 1185 3346 1238 rebus
3381 1200 3444 1237 ac
3479 1185 3643 1239 tantis

2068 1279 2238 1350 gestis
2265 1288 2494 1346 urgente
2521 1277 2710 1332 morbo
2733 1292 2798 1330 ac
2831 1277 2983 1330 senio
3013 1277 3286 1344 paululum
3321 1292 3378 1331 se
3405 1278 3648 1330 relaxas-

2066 1380 2150 1426 set
2185 1385 2213 1423 a
2247 1370 2396 1424 curis
2428 1369 2756 1438 reipublicae,
2783 1367 2946 1438 487
2982 1368 3237 1436 pleraque
3300 1368 3646 1422 orientalium

2069 1475 2124 1519 et
2153 1462 2502 1517 oecidnorum
2539 1468 2813 1514 tractuum
2840 1459 3316 1514 administratione
3346 1459 3466 1513 fidis
3497 1475 3647 1513 com-

2071 1554 2348 1618 mendata,
2396 1555 2513 1622 ipse
2563 1553 2726 1606 homo
2775 1560 3011 1604 actuosa:
3049 1540 3391 1618 indolis,cui
3438 1561 3650 1605 mutare

2073 1647 2478 1716 occupationem
2506 1660 2616 1698 non
2642 1644 2896 1698 omittere
2921 1651 3119 1712 posset,
3141 1643 3206 1698 ad
3232 1658 3316 1697 res
3339 1644 3651 1713 spirituales

2074 1749 2128 1794 et
2157 1738 2435 1809 religionis
2469 1753 2652 1791 curam
2685 1735 2938 1789 intendit.
2975 1737 3150 1804 Atque
3183 1745 3240 1789 ut
3272 1745 3389 1789 erat
3436 1735 3488 1788 in
3529 1751 3654 1790 om-

2077 1834 2237 1888 nibus
2281 1847 2401 1900 qua:
2449 1835 2635 1898 ageret
2679 1826 2972 1892 excellens,
3038 1841 3201 1895 supra
3234 1841 3424 1880 omnes
3473 1826 3562 1892 qni
3595 1827 3650 1879 id

2075 1928 2251 1996 ipsum
2286 1924 2445 1978 unice
2492 1921 2922 1986 meditarentur;
2977 1919 3289 1989 pariterque
3325 1921 3376 1972 in
3421 1917 3646 1973 docendi

2069 2015 2352 2079 facultate,
2390 2028 2454 2068 ac
2492 2009 2802 2080 disputandi
2851 2017 2961 2063 tmn
2993 2008 3296 2062 subtilitate
3343 2017 3452 2060 tum
3485 2007 3650 2061 uber-

2075 2118 2186 2163 tate
2269 2105 2559 2173 magistros
2631 2099 3424 2167 exercitatiSsimos;lpariter
3481 2098 3649 2153 duces

2069 2200 2307 2270 optimos
2337 2213 2398 2250 ac
2440 2195 2858 2265 probatissimos
2911 2192 2986 2247 rei
3036 2192 3290 2247 militaris
3332 2199 3449 2245 arte
3480 2191 3648 2250 omni,

2075 2289 2467 2362 prmliandique
2501 2287 2583 2341 vel
2616 2289 2816 2340 virtute
2852 2285 2934 2338 vel
2966 2284 3231 2338 industria
3281 2292 3401 2352 post
3447 2297 3506 2336 se
3566 2297 3652 2334 re-

2082 2385 2390 2452 linqueret;
2426 2382 2588 2434 etiam
2623 2379 2675 2431 in
2708 2378 2902 2431 horum
2951 2375 3356 2446 Bogomilorum
3407 2375 3657 2439 coniura-

2085 2475 2230 2528 tione
2259 2481 2447 2527 contra
2478 2468 2775 2523 Ecclesium
2826 2466 3032 2520 nefaria
3092 2466 3418 2534 indaganda,
3470 2461 3658 2532 profe-

397 2545 586 2609 renda,
617 2546 1030 2616 crstinguenda,
1063 2564 1281 2620 operam
1351 2568 1512 2622 supra
1534 2573 1723 2614 omnes
1755 2565 1976 2620 navavit
2004 2581 2068 2622 ac
2090 2561 2490 2620 commendavit
2522 2574 2694 2614 suam.
2728 2557 2836 2612 Res
2864 2557 2917 2611 in
2944 2556 3089 2611 hunc
3109 2556 3327 2611 modum
3363 2570 3420 2610 se
3449 2552 3662 2608 habuit.

400 2633 597 2689 Multus
626 2636 877 2694 aﬂluebat
907 2657 1088 2698 sermo
1114 2647 1352 2716 undique
1385 2649 1449 2703 de
1480 2649 1791 2722 Bogomilis,
1821 2673 2120 2730 eormnque
2147 2675 2286 2714 nova
2313 2664 2486 2721 secta,
2533 2663 2586 2709 et
2619 2653 2981 2724 profectibus.
3035 2651 3108 2707 Ea
3156 2654 3297 2705 fama
3354 2649 3662 2704 invalnerat

400 2741 569 2834 paco.
601 2733 742 2800 quod
774 2732 1006 2789 Basilius
1037 2738 1258 2806 quidam
1297 2743 1594 2798 monachus
1631 2746 1965 2815 impietatem
2005 2755 2163 2807 istam
2211 2753 2325 2821 ipse
2361 2750 2544 2803 animo
2578 2757 2917 2816 conceptam,
2971 2763 3078 2815 quo
3132 2746 3401 2814 proferret
3454 2745 3659 2799 circum

395 2817 681 2888 latissime,
711 2826 992 2884 duodecim
1029 2832 1134 2886 sibi
1181 2834 1476 2905 discipulos
1521 2839 1868 2909 adjnnxerat,
1923 2861 2060 2916 quos
2119 2856 2173 2900 et
2205 2844 2485 2913 apostolos
2541 2844 2848 2897 nominarat
2899 2859 2912 2895 :
2969 2841 3190 2896 trahens
3243 2854 3369 2894 cum
3425 2839 3555 2908 ipsis
3606 2849 3664 2893 et

395 2917 712 3019 discipulas,
762 2923 1108 2980 mulierculas
1140 2924 1432 2995 pravorum
1469 2947 1679 2988 morum
1713 2950 1775 2988 ac
1810 2938 1971 3006 plane
2022 2940 2246 3010 perdita:
2284 2938 2576 3007 nequitiae;
2636 2938 2828 2991 borum
2863 2934 3180 2989 dimissione
3214 2947 3659 3001 quoquoversum

393 3013 730 3102 i"lpielatem
764 3013 1160 3071 incredibiliter
1187 3024 1504 3090 propagavit
1536 3041 1714 3091 suam,
1744 3029 2018 3085 ﬂannuam
2049 3047 2394 3102 quocumque
2425 3048 2487 3086 ac
2517 3042 2722 3102 pestem
2756 3029 3045 3083 animabus
3076 3028 3314 3090 miseris,
3353 3026 3506 3096 ignea
3551 3028 3661 3080 cir-

397 3113 520 3191 cum
555 3101 863 3167 velocitate,
901 3105 1103 3160 ferens.
1141 3108 1236 3163 His
1266 3113 1564 3178 imperator
1590 3121 1830 3186 acceptis
1857 3135 1964 3174 non
1999 3101 2175 3175 tenuit
2214 3138 2292 3187 se,
2327 3138 2424 3191 pro
2478 3101 2542 3176 eo
2585 3137 2691 3190 quo
2723 3120 2954 3174 interius
3003 3120 3120 3186 eius
3171 3119 3385 3173 animus
3436 3119 3662 3174 ardebat

400 3187 516 3242 r-lo
549 3191 763 3246 sincero
795 3195 883 3248 Dei
915 3196 1125 3265 gloriae,
1158 3201 1451 3268 quominus
1480 3205 1734 3261 clunibus
1765 3208 2011 3278 vestigiis
2045 3221 2208 3265 sectae
2238 3187 2440 3265 cubilia
2469 3187 2615 3265 clam
2651 3210 2925 3264 nascentis
2975 3208 3276 3276 indagaret.
3324 3207 3454 3262 [luci
3490 3208 3553 3261 ad
3591 3224 3652 3264 se

397 3280 454 3333 in
487 3283 758 3350 palatium
793 3287 1006 3339 curavit
1037 3289 1302 3356 quosdam
1335 3305 1365 3343 e
1399 3291 1714 3360 Bogomilis.
1751 3297 2009 3352 Omnium
2040 3310 2160 3355 erat
2215 3300 2561 3354 consentiens
2617 3299 2903 3368 responsio
2955 3298 3251 3366 praesidere
3311 3299 3407 3352 toti
3466 3282 3662 3353 lueresi

398 3375 658 3428 anilittm
694 3377 856 3432 istmn
889 3380 1046 3446 plane
1077 3381 1424 3450 corypbreum
1457 3398 1618 3439 sectae
1647 3389 1812 3443 totius
1837 3405 1900 3444 ac
1925 3390 2085 3462 longe
2121 3393 2445 3462 principem,
2477 3393 2864 3459 doctoremque
2890 3405 3185 3445 summum.
3215 3389 3331 3456 Quo
3357 3391 3664 3444 distinctior

408 3472 702 3528 haberetur
736 3476 809 3528 rei
839 3475 1079 3544 cognitio
1111 3476 1299 3541 totius,
1331 3475 1596 3533 Diblatins
1626 3495 1658 3535 e
1687 3480 1983 3552 Bogomilis
2017 3498 2206 3556 captus
2235 3488 2454 3555 quidam
2504 3497 2611 3549 est,
2665 3501 2726 3540 ac
2772 3488 3029 3553 quoniam
3065 3493 3254 3553 sponte
3306 3485 3460 3539 fateri
3505 3499 3664 3539 recuu

400 3569 582 3633 sabat,
617 3568 910 3637 qmestioni
945 3569 1226 3636 subjectus
1259 3573 1434 3642 quoad
1461 3573 1763 3631 declararet
1793 3579 1912 3647 quis
1941 3587 1996 3636 et
2022 3581 2109 3637 ubi
2140 3590 2287 3636 esset
2318 3582 2420 3636 iste
2453 3580 2708 3644 Basilius,
2757 3578 2961 3649 quique
2995 3576 3233 3632 ordinati
3292 3575 3359 3629 ab
3402 3589 3470 3630 eo
3515 3576 3660 3632 fcre-

401 3666 599 3716 ιιδιιιυι·
631 3659 883 3730 apostoli.

469 3754 665 3806 Τοίνυν
707 3753 805 3822 τὴν
835 3753 1028 3807 τούτου
1091 3755 1425 3829 ἀναζήτησιν
1488 3761 1716 3826 πολλοὺς
1748 3765 1776 3816 6
1810 3766 1971 3820 αὐτο-

2149 3768 2454 3838 Compertis
2486 3769 2589 3823 rite
2645 3766 2897 3820 omnibus
2951 3764 3160 3818 dimissi
3217 3762 3282 3816 ab
3335 3761 3662 3830 imperatore

399 3848 621 3918 κράτωρ
661 3847 884 3899 ἀνέθετο
913 3863 926 3877 ’
960 3847 1054 3899 καὶ
1090 3848 1231 3916 δῆτα
1281 3852 1640 3920 ἀναφαίνεται
1669 3857 1764 3908 τοῦ
1797 3859 1972 3913 Σατα-

335 4015 343 4024 κ
397 3940 534 4008 ναὴλ
595 3938 1022 4010 ἀρχισατράπης
1077 3939 1378 4008 Βασίλειος,
1428 3944 1489 3997 τὸ
1547 3946 1747 4016 ἔνδυμα
1809 3967 1976 4018 μονα-

337 4025 349 4070 ἶ
387 4031 513 4100 ¹χὸς,
543 4029 939 4098 κατεσκληκὼς
968 4031 1028 4082 τδ
1060 4032 1375 4102 πρόσωπον,
1406 4037 1504 4105 τὴν
1545 4037 1760 4107 ὑπήνην
1799 4039 1975 4108 ψιλὸς,

346 4161 349 4202 ί
401 4123 648 4191 εὐμήκης
677 4123 776 4192 τὴν
831 4120 1074 4191 ἠλικίαν,
1128 4122 1625 4193 πολυτροπώτατος
1659 4134 1977 4202 μεταχειρί-

404 4217 601 4270 σασθαι
631 4216 728 4286 τὴν
750 4216 1028 4270 ἀσέϐειαν.
1056 4217 1164 4271 Καὶ
1195 4217 1395 4270 αὐτίκα
1447 4222 1474 4272 6
1505 4222 1889 4296 αὐτοκράτωρ,
1917 4225 1978 4278 τὺ

403 4309 735 4379 ὲνδομυχοῦν
789 4310 994 4363 ἐθέλων
1051 4309 1374 4380 παρασύραι
1403 4315 1524 4375 ταῖς
1555 4315 1976 4382 πειθανάγκαις,

404 4403 790 4474 μετακαλεῖται
821 4403 913 4456 τὸν
937 4403 1105 4471 ἄνδρα
1137 4403 1257 4473 μεθ’
1288 4404 1402 4458 οἴου
1434 4409 1852 4478 προσχήματοςο
1883 4412 1978 4465 καὶ

399 4494 505 4562 γὰρ
545 4495 640 4546 καὶ
676 4492 868 4546 θώκων
903 4494 1252 4564 ὑποξανέστη
1279 4495 1322 4528 ³⁸
1351 4497 1522 4567 αὐτῷ,
1563 4501 1658 4552 καὶ
1709 4501 1978 4572 καθέδρας

406 4585 709 4653 μετέδωκε,
750 4585 843 4639 καὶ
872 4585 1158 4657 τραπέζης
1203 4586 1305 4657 τῆς
1338 4589 1536 4658 αὐτῆς,
1576 4591 1674 4643 καὶ
1712 4591 1843 4661 ὃλην
1874 4592 1972 4664 τὴν

402 4678 602 4749 ὁρμιὰν
640 4679 738 4746 τῆς
773 4677 946 4746 ἄγρας
978 4679 1129 4748 αὐτῴ
1157 4681 1521 4751 κατεχάλασε,
1573 4684 1666 4736 καὶ
1713 4683 1774 4736 τὸ
1812 4685 1976 4752 ἄγκι-

402 4788 564 4842 στρον
595 4770 928 4840 περιπείρας
962 4772 1329 4836 παντοδαποῖς
1367 4775 1675 4828 δελέεσσι³⁹
1708 4777 1786 4847 τῷ
1813 4795 1971 4848 παμ-

402 4865 563 4935 φάγῳ
592 4864 767 4934 τούτῳ
801 4867 955 4936 κήτει
997 4866 1272 4936 παρέσχεν
1305 4868 1598 4934 ἐμφαγεῖν,
1637 4869 1730 4922 καὶ
1770 4871 1890 4924 ὅλον
1917 4870 1976 4924 τὸ

400 4959 696 5027 φάρμακον
736 4957 815 5025 τῷ
851 4957 1073 5027 μοναχῷ
1107 4956 1284 5027 τούτῳ
1316 4959 1411 5010 καὶ
1452 4957 1711 5028 πολλαχῷ
1741 4960 1840 5028 τὴν
1873 4978 1975 5012 κα-

400 5048 526 5101 κίαν
579 5046 761 5118 φέρων
811 5047 988 5116 ἐνέχει
1040 5047 1132 5100 διὰ
1189 5048 1461 5101 παντοίων
1536 5049 1973 5119 ὑποκρινόμενος

406 5139 657 5212 μαθητὴς
692 5140 842 5210 αὐτῷ
874 5140 1082 5192 ἐθέλειν
1120 5139 1415 5207 γενέσθαι·
1455 5141 1559 5192 οὐκ
1617 5141 1782 5203 αὐτὸς
1837 5143 1976 5212 τάχα

407 5233 594 5304 μόνος,
632 5231 772 5283 ἀλλά
801 5232 896 5284 καὶ
925 5232 954 5283 6
997 5229 1161 5284 αὑτοῦ
1201 5230 1430 5298 ἀδελφὸς
1464 5231 1733 5293 Ἰσαάκιος
1763 5234 1790 5285 6
1819 5234 1981 5287 σεὸα-

403 5321 731 5393 στοκράτωρ
762 5337 774 5349 ’
809 5322 904 5375 καὶ⁸
928 5322 1110 5376 πάντα
1141 5321 1204 5374 τὰ
1230 5322 1364 5388 παρ’
1403 5321 1570 5376 αὑτοῦ
1603 5322 1975 5393 λεγόμεναὼς

398 5416 462 5468 ὲκ
491 5415 644 5478 θείας
699 5414 882 5484 ὀμφῆς
932 5413 1244 5483 λογίζεσθαι
1292 5413 1387 5468 καλ¹
1423 5413 1673 5468 ὑπείκειν
1715 5415 1890 5482 τούτῳ
1921 5417 1981 5468 ὲν

399 5508 592 5572 πᾶσιν,
625 5507 674 5558 εί
708 5506 870 5576 μόνον
896 5507 997 5574 τὴν
1019 5509 1116 5577 τῆς
1142 5505 1321 5575 ψυχῆς
1351 5504 1502 5575 αὖτῷ
1532 5505 1806 5576 σωτηρίαν
1839 5523 1976 5575 πρα-

398 5598 768 5671 γματεύσοιτο
820 5599 848 5651 ὁ
907 5598 1162 5662 κάκιστος
1188 5598 1497 5662 Βασίλειος.
1555 5598 1664 5653 Καὶ
1697 5598 1812 5667 ἐγὼ
1837 5597 1975 5667 μὲν,

2079 3873 2518 3928 quoquoversum
2549 3856 2764 3927 plurimi
2800 3863 2947 3920 sunt,
3000 3854 3092 3924 qui
3147 3851 3378 3906 latentes
3428 3852 3662 3909 investi-

2079 3959 2271 4020 garent
2308 3949 2512 4003 erroris
2539 3956 2792 4001 auctores
2847 3961 2910 4000 ac
2962 3953 3242 4012 caperent.
3291 3943 3493 3997 Horum
3531 3960 3662 3998 cura

2079 4042 2505 4109 ceinprehensus
2555 4040 2770 4093 tandem
2813 4044 2896 4091 est
2932 4036 3236 4090 Satanaclis
3287 4037 3660 4103 art-hisatrapa

2080 4133 2336 4196 Basilius,
2370 4142 2520 4188 veste
2549 4131 2870 4194 mouaclms,
2904 4129 3267 4183 exterminata
3299 4128 3455 4190 facie,
3489 4127 3655 4182 barba

2083 4243 2225 4292 rara,
2257 4229 2418 4282 Ιιοιιιο
2453 4228 2504 4280 in
2534 4227 2767 4294 strigosa
2821 4225 2995 4278 macie
3030 4223 3361 4292 praelongos,
3408 4230 3462 4274 at
3514 4221 3662 4276 mille

2082 4319 2376 4373 instructus
2402 4318 2610 4373 artibus
2635 4319 2701 4371 ad
2739 4317 2918 4370 fucum
2967 4313 3299 4378 faciendum,
3346 4325 3660 4381 sectamque

2080 4412 2370 4478 impuram,
2397 4424 2558 4479 quam
2602 4408 2978 4477 profitebatur,
3029 4405 3535 4459 commendandam.
3581 4403 3659 4456 Ex

2083 4502 2185 4556 hoc
2218 4503 2510 4571 imperator
2533 4500 2798 4556 eblandiri
2844 4514 3103 4552 arcamtm
3152 4497 3408 4559 coitionis
3438 4495 3661 4548 clancu-

2082 4593 2230 4647 lariae
2280 4608 2402 4646 eum
2450 4591 2842 4652 constituisset,
2899 4599 3261 4656 opportunum
3304 4601 3408 4640 non
3452 4583 3662 4654 putavit

2081 4685 2264 4739 odium
2331 4692 2386 4736 et
2445 4683 2793 4736 acerbitatem
2853 4680 3026 4746 primo
3086 4688 3307 4746 aspectu
3371 4675 3658 4744 pra‘ferre.

2082 4775 2220 4842 Quin
2271 4773 2454 4842 potius
2512 4769 2722 4824 liberali
2780 4768 2959 4822 fronte
3020 4767 3289 4822 denmlcet
3331 4766 3656 4821 accersitum

2083 4867 2392 4927 hominem,
2450 4862 2748 4929 ofﬁciisque
2793 4860 2984 4914 invitat
3087 4861 3230 4914 ultro
3290 4876 3305 4914 :
3364 4874 3656 4929 assurgens

2080 4956 2338 5018 venienti,
2365 4953 2712 5021 assidereqne
2736 4949 2836 5004 sibi
2865 4949 3062 5017 iubens
3085 4990 3100 5016 ,
3132 4961 3243 5002 tum
3272 4951 3434 5005 etiam
3459 4967 3658 5007 mensa:

2081 5063 2267 5103 secum
2307 5047 2467 5115 regiae
2501 5043 2776 5099 communi
2810 5043 3058 5098 accubitu
3110 5043 3382 5113 dignatus.
3442 5044 3534 5098 Sic
3589 5046 3656 5100 li-

2081 5156 2234 5194 neam
2264 5137 2501 5193 intendit
2530 5144 2696 5190 totam
2727 5137 2962 5205 piscator
2986 5136 3176 5202 scitus,
3202 5146 3256 5191 et
3280 5138 3496 5191 hamum
3533 5135 3656 5188 irri-

2075 5240 2224 5287 tante
2289 5231 2418 5284 varii
2464 5227 2681 5301 generis
2734 5229 3012 5297 prmﬁxum
3068 5243 3229 5293 esca,
3286 5229 3466 5282 voraci
3527 5227 3654 5280 huic

2077 5323 2276 5394 objecit
2303 5334 2453 5388 ceto;
2485 5337 2550 5377 ac
2581 5337 2687 5392 quo
2722 5321 2991 5376 illecebris
3014 5320 3266 5374 omnibus
3299 5321 3648 5387 pharmacum

2079 5415 2152 5470 ita
2187 5414 2453 5476 condiret,
2498 5422 2558 5468 ut
2587 5413 2640 5467 id
2680 5411 2954 5467 solitarius
3008 5410 3110 5465 iste
3159 5408 3492 5479 plurifarins,
3529 5420 3654 5459 ver-

2077 5517 2231 5563 sutns
2263 5507 2351 5560 hic
2393 5506 2617 5576 inquam
2661 5516 2714 5559 et
2758 5513 3028 5559 emunctae
3079 5503 3299 5564 malitiae
3350 5498 3655 5552 monachus

2076 5599 2368 5653 exsorbere
2393 5597 2674 5653 induceret
2697 5595 2751 5651 in
2774 5597 3033 5662 animum,
3051 5609 3172 5650 sese
3194 5591 3295 5662 ipsi
3323 5587 3649 5657 discipulum

1468 5733 1670 5797 Caroli
1699 5732 2024 5796 Dufresnii
2046 5735 2142 5795 Du
2171 5731 2388 5812 Cangii
2420 5740 2613 5795 notae.

472 5860 519 5895 ’⁷
551 5859 1037 5932 πολυτροπὼτατος
1069 5859 1555 5932 μεταχειρίσασθαι
1587 5859 1684 5932 τὴν
1719 5857 2032 5930 Βογομὶλων
2069 5856 2347 5916 ἁσέὸειαν.
2427 5857 2473 5892 ³⁸
2498 5851 2864 5924 ὑπεξανέστη.
2948 5853 2992 5892 ι’
3017 5846 3256 5906 δελέασι.
