3986 6212
381 378 520 442 1173

1590 388 2004 449 ALEXIADlS
2046 393 2193 453 ΗΒ.
2241 397 2359 457 XV.

3501 392 3635 456 11ἷ4

370 494 498 561 γίας
520 488 743 562 ἐχώρει,
763 491 857 546 καὶ
889 492 1024 562 πρὸς
1049 491 1160 564 πῦρ
1177 493 1272 548 καὶ
1297 494 1571 565 μάστιγας
1596 499 1690 552 καὶ
1727 501 1952 569 μυρίους

2062 504 2305 558 criminis
2333 503 2558 560 facultas
2597 505 2759 574 nulla;
2795 522 2914 561 cum
2948 506 3285 561 abundarent
3317 505 3382 560 ad
3415 507 3635 562 convic-

375 583 643 649 θανάτους
691 584 1240 656 ἀντιπαρατάξασθαι
1282 576 1953 658 ὗπισχῧείτοᾸῘεπιστεύ-

378 695 508 731 κασι
552 676 661 747 γὰρ
705 677 754 728 oi
817 676 1162 747 πλανώμενοι
1216 671 1370 735 οῦτοι
1427 681 1716 752 Βογὸμιλοι
1769 687 1953 738 πᾶσαν

377 770 596 832 ἀπόνως
627 769 953 836 ὑπενεγκεῖν
982 771 1278 842 τιμωρίαν,
1325 773 1574 842 ἀγγέλων
1608 775 1771 846 δῆθεν
1793 776 1954 846 ἐξαρ-

377 860 656 926 παζόντων
680 861 850 930 αὐτῆς
863 861 965 934 τῆς
989 864 1509 933 πυρκαῖᾶ;.[1ολλῶν
1531 867 1587 921 δὲ
1615 868 1832 922 πάντων
1853 871 1956 923 αύ-

386 953 499 1006 τῶν
532 954 627 1006 καὶ
651 952 748 1023 τὴν
771 953 1024 1007 ἀσέϐειαν
1048 957 1432 1023 ὀνειδιζόντων,
1469 961 1561 1013 καὶ
1589 961 1701 1014 ὅσοι
1732 962 1830 1030 τῆς
1869 963 1964 1016 αὑ-

379 1046 472 1096 τοῦ
506 1044 780 1109 ἀπωλείας
831 1046 980 1116 αὐτῷ
1003 1051 1487 1121 κεκοινωνήκασιν,
1523 1054 1550 1104 ὁ
1575 1052 1734 1116 αὐτὸς
1772 1049 1963 1124 ἦνΒα-

382 1135 574 1199 σίλε;ο;
605 1137 969 1208 ἀμετακλινὴς
996 1139 1289 1210 Βογόμιλος
1320 1143 1719 1210 γενναιότατος.
1767 1146 1960 1197 Καίτοι

380 1223 659 1298 πυρκαϊᾶς
739 1229 1142 1300 ἀπειλουμένης
1207 1236 1302 1286 καὶ
1371 1235 1547 1288 ἄλλων
1619 1234 1943 1300 κακώσεων,

382 1318 552 1390 ἀπρὶξ
609 1322 700 1374 τοῦ
757 1322 1013 1392 δαίμονος
1064 1325 1262 1393 εἴχετο,
1303 1325 1395 1378 καὶ
1442 1326 1534 1379 τὸν
1578 1327 1744 1380 αὐτοῦ
1781 1329 1956 1381 Σατα-

381 1411 515 1482 ναὴλ
531 1413 880 1483 ἠγκαλίζετο.
911 1416 1262 1486 Ἔμφρουρος
1284 1416 1341 1470 δὲ
1367 1417 1624 1482 πολλάκις
1641 1419 1954 1488 γενόμενος,

380 1505 477 1557 καὶ
514 1507 648 1576 πρὸς
697 1508 792 1560 τοῦ
857 1508 1124 1578 βασιλέως
1165 1513 1519 1582 πεμπόμενος
1565 1511 1659 1566 καὶ
1695 1513 1955 1576 πολλάκις

380 1599 869 1669 παρακαλούμενος
895 1602 994 1674 τὴν
1023 1603 1275 1657 ἀσέϐειαν
1290 1605 1673 1675 ἐξομόσασθαι,
1693 1603 1954 1669 ὡσαύτως

378 1685 491 1759 εἶχε
515 1693 650 1762 πρὸς
683 1694 780 1754 τὰς
814 1694 906 1747 τοῦ
944 1696 1208 1765 βασιλέως
1248 1696 1646 1767 παρακλήσεις.

2063 597 2262 651 tionem
2299 598 2705 653 evidentissima
2751 598 3074 654 testimoaia.
3119 597 3286 670 589
3341 597 3479 668 Ergo
3540 599 3634 653 ad-

2063 689 2337 745 versarius
2396 689 2594 744 fatendi
2667 692 3048 746 necessitatem
3120 692 3172 744 in
3242 690 3633 760 impudentiam

2066 791 2301 846 vertens,
2335 782 2478 851 quod
2535 782 2754 837 infitiari
2788 799 2891 837 non
2946 793 3155 852 poterat
3186 784 3326 851 ultro
3366 782 3636 836 aiiirmare

2064 871 2318 941 perfricta
2351 872 2562 939 fronte,
2610 889 2673 928 ac
2720 875 3026 928 contumaci
3059 889 3152 928 ore
3212 874 3397 927 multis
3455 873 3635 926 verbis

2063 965 2350 1020 adstruere
2373 965 2571 1021 institit
2607 985 2620 1020 :
2657 966 2861 1020 addens
2897 981 3020 1022 sese
3049 967 3114 1020 ad
3147 963 3634 1036 propugnationem

2060 1057 2140 1110 sui
2169 1058 2436 1127 dogmatis
2470 1058 2644 1128 ignem
2666 1099 2680 1123 ,
2713 1057 2942 1129 ﬂagella,
2981 1067 3288 1127 mortesque
3315 1058 3631 1111 innumeras

2063 1148 2463 1217 paratissimum
2517 1151 2722 1204 subire.
2787 1149 2964 1204 Causa
3022 1159 3142 1205 erat
3235 1150 3637 1220 provocationis

2065 1240 2288 1294 audacis
2354 1241 2574 1296 insanus
2601 1259 2752 1296 error
2802 1253 2969 1297 sectae
3011 1245 3315 1298 communis
3369 1243 3636 1297 universa:

2059 1331 2481 1401 Bogomilorum.
2537 1333 2600 1386 lii
2660 1335 2802 1387 enim
2841 1335 2986 1389 inter
3035 1351 3202 1404 nugas
3249 1342 3471 1389 caeteras
3503 1335 3631 1388 illud

2060 1423 2412 1490 persuasione
2445 1423 2712 1491 pertinaci
2756 1425 3102 1493 arripueraut
3134 1462 3149 1487 ,
3207 1439 3326 1478 sese
3354 1425 3635 1477 tormentis

2060 1515 2492 1585 quibuscumque
2533 1530 2652 1583 quae
2702 1516 2829 1586 ipsis
2879 1515 3017 1570 forte
3046 1517 3497 1577 admoverentur,
3556 1515 3636 1568 iu-

2061 1608 2221 1664 noxie
2251 1623 2314 1662 ac
2338 1609 2456 1662 sine
2501 1623 2665 1661 sensu
2719 1608 3092 1668 defuncturos.
3138 1607 3343 1676 angelis
3389 1607 3636 1660 videlicet

2057 1707 2259 1768 praesto
2297 1698 2491 1752 futuris
2528 1699 2617 1766 qui
2655 1713 2747 1754 eos
2789 1699 2871 1753 vel
2926 1715 2954 1753 e
2987 1700 3131 1770 rogis
3166 1697 3480 1752 ardentibus
3522 1712 3637 1750 ma-

380 1788 502 1834 turo
535 1799 763 1837 accursu
801 1785 975 1840 seduli
1024 1791 1389 1857 proripereut.
1425 1791 1522 1844 Hic
1565 1792 1676 1861 jam
1719 1806 1824 1846 non
1872 1791 2161 1848 orthodoxi
2220 1791 2394 1847 soluat
2446 1808 2658 1859 omnes,
2692 1808 2878 1848 verum
2913 1794 2983 1847 illi
3041 1795 3204 1848 etiam
3240 1793 3484 1865 plerique
3535 1791 3626 1859 qtti

379 1872 588 1927 nefario
644 1875 768 1931 huic
834 1879 1208 1935 haeresiarchac
1260 1896 1378 1937 sese
1429 1884 1494 1936 ad
1560 1899 1715 1938 suam
1784 1885 2079 1953 perniciem
2133 1886 2519 1940 dementandos
2583 1887 2873 1955 aliquando
2931 1889 3324 1956 permiseram,
3381 1885 3632 1939 certatim

377 1965 662 2037 increpare
708 1969 936 2025 delirum
1000 1983 1202 2041 caput,
1261 1974 1566 2044 probraque
1631 1991 1948 2046 congerere.
2007 1974 2101 2031 lllo
2162 1989 2348 2031 contra
2402 1978 2454 2030 in
2519 1977 3385 2046 obSIinatiOtte_desperatissima
3471 1973 3630 2042 plane

378 2059 723 2131 Bogomilica:
747 2066 1103 2120 contumacia:
1125 2082 1244 2122 sese
1285 2069 1584 2123 obdurante
1611 2071 1780 2139 magis
1807 2085 1870 2128 ac
1899 2071 2068 2139 magis
2093 2113 2105 2135 ,
2140 2069 2453 2137 animosque
2480 2069 2596 2124 illos
2624 2070 2846 2125 stolidos
2875 2085 2936 2124 ac
2961 2071 3227 2124 minarum
3257 2069 3629 2136 malorumque

373 2166 750 2223 eontemptum
812 2169 1083 2214 ostentare
1137 2170 1394 2230 pergente
1466 2160 2014 2216 confidentissimum.
2098 2161 2174 2215 ita
2238 2174 2295 2214 ttt
2369 2162 2564 2216 frustra
2627 2163 2735 2233 jam
2801 2163 2902 2232 ipsi
2977 2161 3300 2229 supplicium
3362 2160 3637 2221 incendii,

380 2265 665 2320 prunaeque
728 2251 778 2306 id
843 2268 1006 2322 genus
1088 2254 1450 2308 acerbissimae
1533 2255 1964 2320 iuteutarentur;
2012 2255 2210 2308 ett-nim
2296 2253 2408 2319 ille,
2479 2255 2618 2308 malo
2694 2256 2780 2310 cui
2852 2269 2912 2310 se
2999 2255 3275 2308 addixerat
3354 2252 3638 2307 adhaerens

384 2339 658 2396 mordicus
709 2343 880 2412 genio,
933 2353 1248 2413 pestemque
1308 2343 1627 2400 exosculans
1682 2347 1996 2415 propriam,
2050 2346 2134 2401 sai
2205 2361 2264 2400 se
2328 2347 2515 2401 infelix
2565 2363 2593 2400 a
2658 2346 2939 2417 complexu
2998 2345 3300 2402 Satanaelis
3339 2346 3496 2400 avelli
3526 2361 3631 2400 non

386 2435 702 2504 patiebatur.
756 2435 961 2504 Saepius
1015 2437 1070 2490 in
1125 2438 1426 2492 custodiam
1491 2436 1649 2493 datus
1708 2448 1828 2505 est;
1901 2438 2098 2507 saepius
2149 2440 2446 2494 acrersitus
2506 2440 2631 2494 inde
2698 2442 2765 2495 ab
2823 2443 3186 2510 imperatore,
3248 2437 3449 2494 frustra
3510 2455 3637 2492 sua-

384 2533 596 2585 dentem
652 2542 704 2585 et
758 2543 1142 2599 provocantem
1199 2533 1405 2588 audivit
1465 2534 1650 2600 illum,
1713 2543 1772 2589 ut
1844 2535 1946 2588 sibi
1991 2535 2274 2590 consulere
2340 2551 2705 2606 revocarcque
2761 2537 2982 2604 impium
3056 2534 3284 2606 dogma,
3341 2545 3396 2590 et
3459 2536 3638 2588 redire

376 2627 446 2680 ad
499 2625 705 2696 frugem
808 2627 1077 2698 fidemque
1146 2629 1325 2683 vellet.

375 2719 609 2774 rissima.

461 2810 623 2863 Ἀλλὰ
657 2813 717 2864 τὸ
767 2813 898 2883 περὶ
955 2813 1144 2866 τοῦτον
1178 2812 1400 2881 γεγονὸς
1429 2813 1628 2884 πέρας,
1666 2812 1739 2884 μὴ
1769 2831 1946 2882 παρα-
1981 2817 2022 2872 Β

373 2905 698 2976 δράμωμεν*
726 2905 890 2976 πρινὴ
917 2905 1027 2976 γὰρ
1053 2907 1230 2977 τούτῳ
1277 2906 1563 2976 ἐπιϐλέψαι
1605 2906 1694 2959 τὸν
1728 2907 1955 2978 βασιλέα

375 2997 706 3068 δριμύτερον
764 2996 904 3067 μετά
960 2997 1058 3068 τὴν
1117 2999 1219 3068 τῆς
1277 2998 1532 3062 ἀσεϐείας
1575 2999 1952 3070 ἐξαγόρευσιν,

378 3091 650 3163 ἀπῄειμεν
676 3090 748 3161 τῷ
781 3091 916 3154 τέως
949 3093 1030 3154 εἰς
1069 3092 1314 3145 οἰκίσκον
1341 3092 1460 3146 τινὰ
1491 3093 1749 3164 κείμενον
1783 3094 1953 3164 ἀγχοῦ

377 3203 481 3239 που
529 3183 641 3237 τῶν
695 3184 994 3254 βασιλικῶν
1039 3186 1362 3256 οἰκημάτων
1421 3186 1546 3258 ἄρτι
1615 3186 1848 3258 πρώτως
1885 3189 1953 3242 δι’

375 3279 540 3334 αὐτὸν
571 3279 1114 3333 κατασκευασθέντα.
1152 3281 1393 3352 Ἐσπέρα
1412 3281 1468 3334 δὲ
1496 3277 1585 3354 ἦν,
1613 3283 1705 3337 καὶ
1728 3285 1776 3336 οί
1799 3285 1956 3338 ἀστέ-

381 3389 472 3443 ρες
500 3373 549 3425 οἱ
593 3371 707 3425 ἀνω
758 3373 980 3442 αἰθρίας
1024 3371 1194 3442 οὔσης
1224 3374 1640 3444 ἀπήστραπτον,
1680 3377 1773 3429 καὶ
1802 3378 1834 3448 ή
1868 3393 1957 3430 σε-

377 3464 512 3537 λήνη
548 3465 686 3533 μετὰ
719 3464 938 3519 σύνοδον
970 3465 1067 3537 τὴν
1111 3466 1352 3537 ἑσπέραν
1397 3467 1611 3537 ἐκείνην
1659 3468 1950 3541 ἐπύρσευε.

379 3556 487 3610 Τοῦ
525 3557 581 3610 δὲ
612 3555 846 3627 μοναχοῦ
919 3557 1018 3626 τὴν
1075 3557 1273 3610 κέλλαν
1316 3558 1586 3622 είσδύντος
1621 3561 1749 3631 περὶ
1781 3562 1953 3631 μέσας

379 3648 582 3710 νύκτας
605 3647 932 3716 αὐτομάτως
959 3647 1097 3699 λίθοι
1120 3647 1424 3719 χαλαζηδδν
1458 3649 1597 3703 κατά
1627 3655 1727 3722 τῆς
1755 3652 1954 3723 κέλλης

377 3739 685 3804 ἐϐάλλοντο,
739 3739 922 3810 χειρὸς
983 3741 1081 3808 μὲν
1139 3741 1417 3811 μηδεμιᾶς
1471 3742 1773 3817 ῥιπτούσης
1826 3747 1952 3810 τοὺς

376 3833 577 3898 λίθους,
605 3834 741 3904 μηδέ
771 3851 917 3897 τινος
945 3833 1364 3898 καταλιθοῦντος
1392 3837 1682 3908 ἀνθρώπου
1720 3840 1811 3894 τὸν
1840 3841 1954 3895 δαι-

350 3925 609 4010 ἱμονιώδη
638 3925 826 3980 τοῦτον
854 3925 1049 3980 ἀϐϐἄν.
1072 3927 1308 3998 Μήνιμα
1331 3929 1376 3981 δ’
1403 3924 1494 4000 ἦν,
1527 3930 1604 3994 ὡς
1638 3931 1803 3999 ἔοικε,
1841 3925 1951 3987 τῶν

354 4018 522 4086 ίάμφὶ
582 4017 675 4070 τὸν
740 4016 1026 4087 Σαταναὴλ
1080 4018 1351 4088 δαιμόνων
1412 4022 1835 4093 ὲξωργισμένων
1893 4029 1951 4079 ἐν

1415 2629 1590 2684 Sardo
1661 2631 1961 2684 cauebatur
2027 2637 2081 2682 et
2152 2637 2228 2682 tot
2307 2631 2443 2684 ictus
2515 2625 2566 2684 in
2626 2629 2818 2683 incude
2879 2631 3242 2699 perdebautur
3302 2628 3472 2683 multo
3531 2631 3634 2682 du-

2123 2812 2352 2866 luterim
2386 2811 2530 2882 quod
2581 2812 2634 2866 iu
2664 2811 2767 2866 hoc
2812 2811 3032 2866 homine
3079 2811 3376 2882 prodigium
3407 2814 3640 2882 contigit

2060 2920 2164 2959 non
2207 2914 2613 2976 praetereamus.
2655 2906 2794 2959 Ante
2844 2905 2989 2959 cnim
3024 2921 3183 2974 quam
3221 2906 3424 2958 larvam
3469 2906 3636 2974 depo-

2057 2999 2257 3052 suisset
2312 2999 2646 3068 imperator;
2698 3015 2792 3062 ac,
2839 3000 2982 3068 quod
3014 2997 3205 3053 deinde
3252 3009 3371 3067 pest
3422 3000 3636 3069 penitus

2056 3107 2371 3162 expressam
2426 3092 2801 3148 itaaresiarchae
2862 3091 3007 3162 pravi
3065 3092 3145 3146 sui
3192 3093 3457 3162 dogmatis
3511 3108 3639 3146 con-

2058 3185 2348 3242 fessionem
2380 3185 2528 3250 fecit,
2566 3186 2788 3255 impium
2824 3196 2877 3238 ut
2903 3196 3021 3241 erat
3048 3185 3294 3250 meritus,
3328 3185 3632 3240 minacibus

2056 3279 2228 3334 oculis
2289 3287 2344 3334 et
2373 3293 2563 3334 severo
2593 3279 2740 3332 vultu
2765 3289 2912 3332 esset
2936 3278 3236 3344 centuitus,
3268 3279 3364 3334 sed
3403 3281 3631 3333 durante

2057 3373 2232 3427 adhuc
2289 3372 2380 3426 illo
2432 3386 2592 3440 quem
2643 3370 2893 3439 superius
2955 3371 3236 3425 retulimus
3297 3386 3629 3440 congressu,

2057 3479 2176 3517 cum
2198 3464 2308 3533 jam
2343 3464 2587 3533 proferre
2606 3462 2848 3531 quaedam
2870 3479 2936 3520 ex
2967 3465 3181 3520 arcanis
3227 3467 3339 3520 suis
3369 3469 3625 3521 sensibus

2057 3557 2290 3627 cepisset
2334 3554 2568 3610 Basilius
2592 3595 2607 3617 ,
2635 3558 2870 3610 nondum
2903 3566 3080 3609 tamen
3113 3557 3372 3612 edidisset
3404 3560 3587 3611 omnia
3612 3599 3628 3621 ,

2055 3650 2283 3720 conligit
2343 3660 2400 3704 ut
2462 3649 2760 3720 recipiente
2820 3665 2879 3704 se
2930 3648 3021 3704 illo
3081 3653 3182 3704 sub
3232 3665 3508 3718 vespera-a
3575 3655 3637 3704 in!

2056 3740 2434 3795 domunculam
2471 3741 2569 3812 ipsi
2622 3749 2887 3808 paratam,
2946 3755 3008 3792 ac
3043 3741 3094 3794 in
3139 3741 3254 3811 ejus
3305 3757 3465 3794 usum
3523 3744 3634 3810 pri-

2055 3849 2143 3888 mo
2174 3843 2476 3898 structam,
2544 3847 2707 3903 prope
2762 3834 2938 3901 regias
2982 3832 3124 3887 mdes
3194 3848 3385 3888 serena
3439 3845 3634 3900 nocte,

2057 3926 2424 3980 renidentibus
2466 3939 2598 3994 puro
2647 3923 2787 3978 caelo
2841 3923 3053 3986 stellis,
3085 3926 3265 3978 statim
3318 3927 3384 3978 ad
3417 3925 3532 3993 ejus
3579 3927 3629 3979 in

2053 4034 2170 4072 eam
2227 4019 2417 4073 cellam
2481 4019 2786 4086 ingressum
2839 4018 2983 4072 circa
3017 4028 3227 4072 noctem
3271 4019 3498 4072 mediam
3533 4034 3629 4072 au-

348 4105 532 4191 3δεινῷ
560 4107 906 4177 ποιουμένων
933 4109 1015 4162 ὅτι
1042 4109 1106 4181 δὴ
1139 4111 1208 4165 τὰ
1239 4112 1374 4181 πρὸς
1404 4113 1495 4165 τὸν
1522 4113 1750 4182 βασιλέα
1778 4117 1948 4188 ἐξωρο

2057 4111 2198 4165 ditus
2255 4111 2437 4179 fragor
2504 4111 2692 4180 ingens
2731 4108 3076 4178 lapidationis
3124 4110 3307 4163 denszc
3353 4109 3633 4179 grandinis

370 4204 596 4275 χήσατο,
673 4205 767 4258 καὶ
801 4205 1042 4274 διωγμὸν
1100 4205 1244 4259 κατά
1290 4207 1388 4278 τῆς
1441 4207 1649 4277 πλάνης
1695 4209 1948 4282 λαμπρὸν

371 4295 640 4365 ἐπήγαγε.
667 4297 777 4350 Καὶ
819 4296 992 4350 ταῦτα
1025 4297 1126 4366 μὲν
1169 4299 1638 4372 Παρασκευῖὼτης
1673 4304 1946 4374 καλούμε-

373 4403 464 4450 νος
511 4387 851 4457 ἀφωρισθεὶς
883 4390 930 4421 ⁸ο
991 4388 1167 4458 φύλαξ
1231 4387 1370 4446 εἶναι
1407 4392 1500 4446 τοῦ
1560 4393 1948 4465 δαιμονιώδους

371 4479 586 4534 ἐκείνου
621 4480 881 4550 γέροντος
932 4483 1008 4546 ὡς
1047 4484 1121 4553 μὴ
1163 4483 1351 4539 ἄδειαν
1398 4487 1540 4557 ἔχειν
1592 4491 1947 4558 προσομιλεῖν

375 4585 500 4630 τινι,
531 4569 623 4622 καὶ
650 4569 753 4638 τῆς
782 4569 950 4623 αὑτοῦ
979 4571 1156 4643 λύμης
1189 4573 1532 4642 μεταδιδόναι
1571 4578 1639 4629 τὰ
1674 4579 1945 4648 φρικωδέο

373 4677 566 4725 στατα,
603 4661 890 4732 ἐπώμνυτο
932 4663 1062 4716 ἰδεῖν
1087 4682 1146 4717 τε
1173 4666 1267 4720 καὶ⁵
1299 4668 1530 4721 ἀκοῦσαι
1563 4669 1661 4737 μὲν
1684 4671 1811 4733 τοὺς
1837 4671 1948 4726 τῶν

371 4751 720 4823 βαλλομένων
742 4753 925 4817 λίθους
957 4757 1049 4809 καὶ
1075 4757 1218 4811 κατὰ
1249 4761 1353 4830 γῆς
1395 4761 1488 4813 καὶ
1513 4762 1656 4814 κατὰ
1687 4763 1948 4833 κεράμων

372 4845 593 4917 κρότον,
654 4847 780 4900 ἰδεῖν
829 4846 886 4902 δὲ
937 4853 1185 4921 συνεχεῖς
1221 4852 1317 4905 καὶ⁵
1347 4852 1791 4926 ἀλλεπαλλήλους
1820 4859 1948 4923 τοὺς

369 4935 572 5000 λίθους,
631 4937 834 5008 μηδένα
872 4938 928 4992 δὲ
976 4941 1230 5010 μηδαμοῦ
1277 4942 1371 4996 τὸν
1417 4942 1679 5012 βάλλοντα
1722 4947 1949 5011 τούτους

370 5028 696 5086 θεάσασθαι.
749 5025 1206 5101 Συνεπελὰμϐανε
1241 5034 1350 5104 γὰρ
1378 5037 1444 5105 τῇ
1473 5036 1582 5089 τῶν
1607 5036 1772 5092 λίθων
1803 5042 1947 5111 φορᾷ

369 5125 465 5176 καὶ
490 5123 717 5192 σεισμός
763 5143 851 5188 τις
873 5124 1073 5194 ἀθρόος
1104 5127 1198 5180 καὶ
1222 5126 1283 5180 τὸ
1311 5127 1574 5183 ἐπίπεδον
1598 5131 1944 5202 έκεκλόνητο,

367 5214 469 5268 καὶ
517 5215 586 5270 τὰ
640 5217 771 5286 περὶ
823 5217 914 5271 τὸν
955 5217 1152 5288 ὄροφον
1192 5219 1578 5290 ὲτετρύγεσαν.
1641 5223 1698 5277 '0
1762 5226 1948 5294 μέντοι

369 5305 864 5377 Παρασκευῖὼτης,
897 5311 1027 5379 πρὶν
1069 5310 1167 5378 μὲν
1209 5312 1507 5382 ὑπονοῆσαι
1555 5317 1614 5367 ch
1640 5317 1802 5387 ἔργον
1831 5319 1946 5371 61t-

369 5397 575 5468 μόνιον,
600 5399 848 5472 ἐθάρρει,
877 5400 952 5464 ὡς
979 5403 1186 5467 ἐκεῖνος
1213 5403 1475 5473 ἔφασκενο
1521 5408 1662 5478 ὀρῶν
1693 5409 1748 5461 δὲ
1770 5412 1850 5462 ὅτι
1896 5411 1948 5462 oi

2057 4203 2185 4258 ritu.
2219 4201 2488 4257 Volabant
2533 4199 2740 4272 passim
2769 4201 2913 4268 jacta
2949 4217 3076 4256 saxa
3125 4202 3180 4254 in
3227 4200 3452 4261 cellam,
3485 4201 3632 4255 nulla

2044 4295 2284 4365 faciente
2315 4312 2496 4363 manu;
2561 4311 2628 4352 ne
2681 4311 2952 4366 quoquam
2994 4294 3343 4365 quantumvis
3390 4295 3628 4348 circum-

2050 4392 2316 4460 Spicerct,
2366 4389 2803 4444 animadvertere
2857 4387 3072 4442 valente
3121 4396 3398 4441 auctorem
3477 4387 3630 4441 facti.

2051 4481 2316 4534 Nimirum
2361 4480 2522 4534 homo
2565 4479 2782 4548 quidem
2834 4493 2994 4532 nemo
3035 4475 3289 4529 furiatum
3342 4476 3505 4530 istum
3551 4476 3632 4529 in-

2052 4573 2283 4627 festabat
2347 4573 2596 4626 abbatem
2636 4571 2773 4625 :sed
2834 4571 2948 4638 ipse
2981 4585 3101 4623 cttm
3139 4568 3250 4621 suis
3297 4568 3634 4620 daemonibus

2052 4663 2307 4719 Satanael
2371 4661 2491 4718 irati
2555 4660 2757 4716 homini
2817 4662 2958 4728 quod
3034 4659 3078 4711 is
3132 4658 3406 4728 mysteriis
3465 4668 3630 4711 secta:

2049 4760 2189 4826 apud
2225 4758 2606 4826 imperatorem
2629 4749 2956 4814 eﬂ‘utiendis,
2989 4763 3208 4819 gravem
3237 4750 3286 4802 in
3317 4759 3626 4802 nascentem

2051 4849 2298 4906 haeresim
2351 4841 2781 4917 persecutionem
2843 4843 3208 4904 concitasset,
3268 4839 3366 4894 has
3436 4841 3502 4894 ab
3563 4855 3629 4893 eo

2048 4956 2238 5013 poenas
2292 4939 2621 5008 repetebant.
2692 4935 2862 5005 Hujus
2933 4935 3007 4989 rei
3085 4942 3363 4986 auctorem
3451 4932 3626 4986 habeo

2048 5031 2520 5095 Parasceviotam,
2559 5030 2638 5084 sic
2671 5039 2919 5083 vocatum
2974 5026 3269 5080 hominem.
3324 5023 3624 5079 Commissa

2051 5127 2175 5179 huic
2208 5120 2384 5178 fuerat
2409 5122 2622 5176 interim
2678 5119 2921 5175 custodia
2952 5116 3170 5172 fanatici
3199 5132 3367 5183 scus,
3412 5118 3627 5170 datum-

2048 5231 2153 5287 que
2186 5212 2462 5285 negotium
2503 5221 2831 5279 utcaveret,
2893 5226 2957 5265 ne
3011 5211 3100 5278 qui
3154 5226 3275 5264 cum
3324 5226 3389 5264 eo
3440 5224 3535 5278 per
3572 5206 3624 5260 id

2049 5321 2260 5379 tempus
2311 5324 2472 5376 agere
2499 5322 2562 5362 ac
2593 5311 2800 5376 pestem
2856 5303 3078 5359 nefaria:
3136 5304 3308 5371 ipsius
3361 5301 3622 5355 doctrinze

2047 5417 2343 5471 congressu
2395 5409 2751 5466 sermoneque
2807 5396 2976 5465 ipsius
3004 5395 3224 5448 haurire
3280 5399 3518 5460 possent.
3572 5388 3622 5441 is
3682 5393 3698 5416 '-

369 5489 470 5558 μὲν
503 5489 643 5544 λίθοι
665 5492 896 5559 ἄνωθεν,
944 5489 1056 5548 οἷον
1081 5499 1274 5564 εἰπεῖν,
1305 5498 1731 5571 ὲξωμϐρίζοντο,
1765 5503 1944 5554 καὶτὸ

2057 5499 2177 5552 dum
2233 5512 2294 5550 ea
2339 5511 2469 5549 cura
2505 5492 2816 5562 fungeretur
2844 5491 3016 5545 oculis
3045 5491 3158 5544 suis
3205 5497 3368 5554 atque
3399 5483 3621 5535 auribus

362 5581 648 5652 γερόντιον
674 5585 855 5638 ἐκεῖνο
883 5586 943 5640 τὸ
975 5589 1388 5662 αἱρεσιαρχικὺν
1421 5591 1726 5646 ἐνεδεδύκει
1754 5611 1812 5647 τε
1845 5597 1932 5648 καὶ

2052 5605 2110 5644 se
2157 5601 2448 5657 usurpasse
2499 5599 2618 5656 quae
2671 5583 2952 5640 retulimus
3003 5580 3166 5635 etiam
3214 5578 3431 5644 juratus
3477 5572 3620 5627 allir-

1433 5738 1632 5799 Variae
1663 5738 1972 5801 lectiones
2016 5752 2095 5798 ex
2129 5735 2271 5800 cod.
2300 5732 2573 5798 Coislin.

469 5828 514 5860 ⁸⁸
551 5829 885 5898 ἀφορισθείς.

1661 5946 1696 5964 4i
