3986 6212
371 294 506 361 1177

1582 309 2014 378 iALEXlADIS
2053 316 2202 380 LIB.
2246 320 2373 384 XV.-

3488 327 3628 396 1178

369 409 605 514 ἕξις-’ὡς-
638 411 940 514 βογὸμιλος
996 420 1383 493 ἀναμίγνυται,
1463 425 1498 496 ἢ
1549 425 1848 496 Βογόμιλον
1895 427 1970 492 ὡς
2027 431 2356 502 Χριστιανὸς
2405 434 2691 512 διαδράσῃ,
2723 449 2913 496 καινόν
2934 457 3056 498 τινα
3077 442 3281 514 τρόπον
3312 440 3644 512 ἓπινοεϊτοιι,

365 507 435 562 δι’
463 501 527 561 οὗ
559 509 608 560 οἱ
635 508 806 574 ὅντως
839 515 1158 585 Χριστιανοὶ
1195 519 1704 592 ἀποφανθήσονται.

454 598 577 697 ςΕπὶ
607 600 1018 697 τοῦ-βασιλικοῦ
1047 611 1227 665 τοίνυν
1257 614 1323 683 τῇ
1359 615 1474 683 μετ’
1511 612 1684 684 αὐτὴν
1711 614 1946 686 καθῆστο

2133 624 2363 688 Operam
2456 621 2602 676 dedit
2685 623 2981 692 imperator
3061 623 3330 680 efﬁcacem
3402 627 3642 697 jubendo

368 688 557 758 θρόνου
578 706 594 721 σ
631 691 818 745 πολλοὶ
866 694 923 748 δὲ
965 700 1275 767 τηνικαῦτα
1307 703 1568 773 παρῆσαν
1593 703 1694 773 τῆς
1723 721 1784 756 τε
1817 723 1954 774 συγ-

366 778 568 847 κλήτου
627 780 723 832 καὶ
781 783 879 852 τῆς
936 785 1090 856 ἱερᾶς
1149 791 1399 855 συνόδου,
1459 793 1554 846 καὶ
1613 793 1722 848 τῶν
1780 797 1952 861 Ναξι-

368 869 540 940 ραίων
593 872 708 941 (97)
757 873 939 929 αὐτῶν
991 880 1180 934 ὁπόσοι
1227 881 1386 952 λόγου
1426 888 1676 956 μετεῖχον
1705 887 1947 957 λογάδες.

368 962 597 1017 Πάντων
626 964 684 1017 δὲ
721 968 832 1021 τῶν
862 969 963 1038 τὴν
1000 970 1373 1047 Βογομιλικὴν
1406 977 1826 1049 ἐγκαλουμένων
1867 982 1954 1036 αἴ-

367 1071 518 1145 ρεσιν
547 1057 601 1120 ἐς
627 1059 689 1110 τὸ
721 1060 889 1129 μέσον
918 1064 1055 1133 ὁμοῦ
1099 1068 1515 1138 παραχθέντων,
1540 1073 1567 1124 6
1591 1073 1951 1145 αὐτοκράτωρ

364 1141 521 1208 αὖθις
547 1148 936 1218 ἐπερωτᾶσθαι
958 1155 1189 1212 ἕκαστον
1219 1159 1534 1216 ἐκέλευσεν.
1575 1162 1663 1226 Ὠς
1691 1165 1747 1218 δὲ
1768 1141 1822 1218 οἱ
1850 1141 1950 1235 μὲν

362 1237 678 1308 ὡμολόγουν
719 1243 1014 1315 Βογόμιλοι
1062 1246 1204 1304 εἶναι
1250 1253 1348 1306 καὶ
1380 1254 1481 1323 τῆς
1519 1255 1672 1323 σφῶν
1711 1259 1950 1329 ἰσχυρῶς

361 1332 749 1388 ἀντεποιοῦντο
799 1339 1092 1408 αἱρέσεως,
1124 1344 1174 1396 οἱ
1203 1344 1262 1397 δὲ
1305 1348 1657 1402 παντάπασιν
1695 1350 1949 1407 ἀνένευον

361 1421 726 1490 Χριστιανοὺς
758 1429 985 1494 ἑαυτοὺς
1029 1433 1396 1504 ὀνομάζοντες
1417 1477 1434 1502 ,
1467 1440 1562 1494 καὶ
1600 1443 1733 1512 παρ’
1773 1443 1948 1499 ἄλλων

359 1513 708 1584 ἐλεγχόμενοι
739 1519 994 1590 οὐδαμῶς
1029 1527 1382 1583 κατετίθεντο
1405 1570 1420 1594 ,
1454 1532 1814 1597 ὲπιτοξεύσας
1847 1537 1950 1589 αὐ-

312 1668 317 1696 ,ι
357 1608 470 1668 τοῖς
500 1606 597 1670 τὰς
625 1608 822 1680 ὀφρῦς,
853 1612 957 1684 ἔφη
985 1629 1000 1644 ⁸
1037 1617 1164 1687 Χρὴ
1191 1620 1306 1689 τὴν
1336 1621 1603 1691 σήμερον
1642 1625 1753 1679 δύο
1779 1629 1950 1696 καμί-

315 1701 509 1787 Ϊνους
565 1701 934 1770 ἀναφθῆναι,
999 1710 1214 1779 θατέρᾳ
1269 1712 1338 1765 δὲ
1389 1715 1621 1769 τούτων
1680 1721 1951 1787 σταυρὸν

315 1795 317 1798 ‘
355 1786 696 1859 ἐμπαγῆναι
737 1794 893 1864 αὺτῇ
934 1797 1034 1867 γῇ,
1077 1797 1206 1855 εἶτα
1254 1805 1492 1872 αἵρεσιν
1541 1807 1794 1878 δοθῆναι
1834 1786 1948 1869 στᾶ-

357 1891 478 1944 σιν,
515 1879 590 1935 ἵν’
619 1887 811 1942 ὁποῖοι
846 1889 921 1959 τῇ
951 1890 1071 1946 τῶν
1095 1897 1470 1964 Χριστιανῶν
1494 1902 1693 1956 πίστει
1722 1904 1950 1959 ἐπαποο

355 1971 561 2026 θανεῖν
584 1974 698 2042 τὴν
719 1976 989 2048 σήμερον
1008 1985 1360 2055 βούλοιντο,
1384 1989 1813 2061 ἀποκριθέντες
1830 1995 1948 2049 τῶν
1981 1967 2023 2022 Β

355 2061 567 2158 ἄλλων
603 2066 676 2136 τῇ
700 2071 805 2124 τοῦ
829 2077 1098 2143 σταυροῦ
1130 2081 1362 2146 καμίνῳ
1395 2057 1944 2153 προσχωρήσωσιν.

357 2157 423 2207 Ol
465 2155 534 2208 δὲ
577 2157 690 2227 τῆς
734 2163 1134 2236 Βογομιλικῆς
1181 2173 1472 2239 αἱρέσεως
1519 2178 1946 2248 ἀντεχόμενοι,

303 2249 309 2280 ί
353 2254 782 2347 ἱεροσθατέρων
829 2259 875 2290 ⁸³
927 2261 1455 2335 ἐμϐληθήσονται·
1528 2273 1784 2336 ,βέλτιον
1837 2278 1948 2347 γὰρ

356 2343 756 2438 {ipim-taret);
797 2352 1022 2420 αὐτοὺς
1063 2355 1244 2424 ὄντας
1280 2361 1633 2432 ἀποθανεῖν,
1661 2367 1699 2436 ἢ
1729 2343 1949 2438 ζ’ῶνταξ⁸

353 2431 436 2498 ὡς
477 2436 855 2506 Βογομίλους
887 2441 1240 2514 διώκεσθαι,
1275 2454 1374 2505 καὶ
1410 2454 1516 2520 τὰς
1548 2455 1669 2511 τῶν
1687 2431 1950 2515 ’πολλῶν

353 2524 605 2622 τύατειν
632 2532 1039 2603 συνειδήσεις.
1091 2540 1299 2597 Ἀπιτε
1325 2546 1474 2614 γοῦν
1511 2551 1608 2604 καὶ
1653 2553 1828 2621 ὑμεῖς
1865 2555 1941 2622 ⁸³,

353 2615 456 2668 καὶ
495 2619 666 2688 ὑμεῖς
701 2621 818 2692 ὅπη
849 2625 1168 2696 βουλητὸν
1197 2631 1458 2701 ἕκαστος
1483 2615 1763 2706 χωρείττω.

2059 713 2408 783 urgendoque
2494 723 2554 769 ut
2605 716 2781 784 sparsi
2855 717 3055 786 ubique
3121 729 3392 773 terrarum
3470 722 3641 775 disci-

2058 805 2170 876 puli
2273 821 2337 860 ac
2421 817 2758 878 symmystze'
2809 807 3031 874 Basilii,
3089 811 3388 879 'orgiorum
3467 812 3643 881 ipsius

2055 910 2120 951 ac
2169 896 2465 953 tenebrosa:
2531 900 2792 954 doctrinm
2867 900 3164 969 participes
3253 913 3308 958 et
3385 904 3640 968 conscii,

2055 990 2358 1058 praesertim
2435 1006 2568 1047 vero
2623 991 2698 1046 illi
2753 1007 2940 1047 eorum
3003 1007 3258 1062 proceres
3321 1008 3456 1062 quos
3513 994 3644 1047 duo-

2054 1082 2227 1137 decim
2281 1081 2577 1152 discipulos
2658 1083 3034 1153 appellabant,
3086 1086 3322 1154 undique
3393 1084 3644 1139 omnibus

2053 1173 2289 1243 indagati
2345 1175 2586 1244 vestigiis
2616 1175 2672 1228 in
2723 1174 2912 1228 urbem
2940 1175 3286 1230 ducerentur.
3317 1175 3424 1229 llos
3457 1191 3643 1230 coram

2053 1279 2338 1334 aggressus
2394 1265 2459 1318 ad
2525 1267 2956 1334 resipiscentiam
3038 1267 3260 1332 hortati,
3322 1266 3647 1322 obstinatis-

2050 1357 2218 1412 simos
2239 1367 2496 1428 expertus
2543 1367 2646 1423 εει,
2673 1359 2831 1426 plane
2873 1373 2978 1413 non
3018 1359 3408 1428 approbatores
3468 1359 3642 1414 solum

2049 1464 2295 1506 errorum
2340 1449 2549 1516 Basilii,
2581 1450 2678 1505 sed
2731 1450 2892 1506 etiam
2957 1453 3256 1506 imitatores
3303 1451 3642 1521 pertinaciae.

2049 1542 2209 1614 491
2239 1544 2508 1599 Caeterum
2541 1545 2879 1613 deprehensa
2908 1545 3097 1614 ingens
3131 1545 3253 1599 mali
3287 1547 3398 1610 vis;
3429 1545 3632 1614 quippe

2054 1635 2112 1688 in
2149 1650 2434 1690 numerum
2469 1637 2627 1706 longe
2660 1637 2956 1690 maximum
2995 1637 3286 1691 multitudo
3335 1640 3640 1690 errantium

2050 1737 2390 1783 excreverat.
2445 1728 2674 1797 Impune.
2725 1729 2982 1783 nimirum
3035 1729 3125 1782 diu
3181 1740 3234 1783 ct
3297 1729 3643 1783 inobservate

2050 1825 2297 1886 grassata
2335 1818 2513 1872 latens
2549 1819 2719 1888 pestis
2752 1819 2964 1873 viscera
3000 1819 3115 1888 ipsa
3171 1835 3490 1888 magnarum
3540 1819 3640 1872 do-

2055 1923 2237 1961 muum
2277 1921 2615 1976 pervaserat,
2643 1909 2965 1979 turbamque
2998 1910 3175 1963 omnis
3203 1909 3421 1977 generis
3454 1908 3640 1961 incre-

2054 1999 2275 2055 dibilem
2305 2002 2795 2071 comprehenderat
2828 2002 3023 2056 blanda
3055 2003 3381 2071 contagione
3402 2001 3636 2070 quadam

2054 2090 2388 2147 illecebrosae
2416 2095 2696 2151 novitatis.
2720 2093 2854 2148 llinc
2877 2106 3034 2149 aucta
3057 2094 3364 2150 sollicitudo
3392 2095 3639 2162 Augusto

2054 2197 2126 2237 ne
2159 2199 2266 2238 non
2300 2186 2435 2240 satis
2465 2197 2650 2254 posset
2703 2186 3006 2242 Ecclesiam
3059 2187 3227 2243 semel
3272 2201 3505 2257 purgare
3554 2185 3640 2239 lue

2056 2283 2167 2329 tam
2206 2275 2315 2330 late
2347 2277 2653 2346 pertinente
2683 2296 2696 2332 :
2740 2294 2874 2334 neve
2911 2279 3342 2334 dissimulatione
3383 2288 3437 2332 et
3467 2279 3638 2348 hypo-

2054 2367 2181 2423 crisi
2210 2371 2452 2439 corrupti
2485 2386 2586 2440 pro
2620 2375 2769 2427 sanis
2800 2372 3072 2437 fallerent,
3109 2373 3391 2440 labemque
3419 2371 3635 2424 tolerati

2057 2474 2357 2530 prapagare
2397 2473 2709 2531 pergerent.
2750 2463 2829 2516 Ad
2883 2464 3042 2518 istam
3099 2463 3426 2516 anxietatem
3477 2475 3641 2530 expe-

2055 2551 2312 2606 diendam
2341 2555 2525 2608 animo
2549 2553 2667 2622 ejus
2710 2555 2942 2620 intento,
2987 2555 3259 2608 succurrit
3306 2553 3450 2606 factu
3494 2552 3641 2623 opti-

2046 2660 2192 2698 mum
2225 2645 2394 2700 videri
2430 2646 2496 2700 ad
2541 2647 2892 2716 rete-gendum
2943 2648 3212 2716 cujusque
3263 2646 3525 2708 animum,
3582 2645 3630 2699 si

352 2706 531 2810 palam
583 2713 860 2770 decretum
906 2721 1386 2792 promulgaretur,
1442 2743 1550 2798 quo
1613 2731 1944 2803 quicumque
1980 2734 2145 2791 delati
2173 2737 2522 2808 Bogomilicae
2555 2739 2795 2807 pertitlize
2862 2738 3077 2792 fuerant
3142 2737 3374 2791 ﬂammis
3424 2735 3634 2804 pariter

351 2809 836 2903 givestest‘erique
883 2814 1291 2883 addicebantur,
1321 2835 1428 2876 una
1491 2838 1612 2878 cum
1674 2825 2036 2884 haeresiarcha
2077 2831 2230 2902 ipso,
2293 2832 2520 2903 ejusque
2579 2832 2802 2898 collegio
2865 2827 3248 2900 discipulorum
3329 2829 3640 2884 duodecim-

349 2887 545 2947 Evenit
583 2896 644 2994 id
696 2900 839 2994 quod
893 2906 1208 2971 providerat
1259 2912 1558 2978 Augustus.
1607 2914 1820 2972 Prolata
1901 2919 1954 2974 in
2029 2887 2612 2992 publicam'no-titiam
2689 2923 2954 2994 ejusmodi
3056 2924 3365 2988 sentcntia,
3442 2939 3640 2992 magno

342 2988 764 3055 comprehensis
798 3003 944 3048 metu
972 2999 1223 3052 omnibus
1243 3015 1470 3068 quormn
1507 3015 1627 3060 erat
1695 3009 1764 3063 de
1825 3011 2020 3067 haeresi
2060 3013 2392 3084 Bogomilica
2422 3017 2659 3071 delatum
2698 3031 2894 3070 nomen
2946 3015 3127 3069 multa;
3173 3016 3356 3070 statim
3413 3017 3641 3070 exstite-

353 3088 479 3174 runt
536 3083 940 3139 'excusatioues
1016 3087 1428 3157 deprecantium
1507 3096 1942 3155 criminationem
1985 3083 2283 3167 falsam,et
2314 3119 2374 3160 se
2405 3119 2570 3174 puros
2604 3114 2871 3174 putosque
2951 3105 3248 3159 catholicos
3327 3104 3635 3159 calumnio-

351 3171 570 3267 sissime
639 3175 948 3231 insimulari
1003 3179 1274 3236 haereseos
1325 3184 1499 3252 palam
1579 3204 1779 3258 magno
1828 3202 2019 3260 questu
2059 3197 2550 3251 contestabantur:
2587 3212 2709 3251 cum
2744 3197 2964 3251 interim
2999 3197 3268 3266 desperati
3299 3197 3387 3250 alii
3420 3212 3482 3251 ac
3509 3211 3635 3267 per-

351 3265 469 3359 diti,
505 3264 644 3321 ultro
686 3283 809 3323 sese
835 3267 1142 3337 Bogomilos
1197 3273 1519 3343 faterentur,
1570 3281 1814 3350 talesque
1864 3285 1933 3340 ad
2005 3297 2312 3342 extremum
2408 3300 2851 3359 perseveraturos
2913 3264 3165 3358 spiritum
3228 3264 3524 3344 dicerent;
3563 3287 3632 3348 Hi

349 3358 567 3451 quidem
601 3362 733 3414 certi
768 3363 1024 3417 nimirum
1061 3365 1300 3420 lttrretici
1371 3379 1548 3435 erant,
1621 3391 1852 3443 quorum
1910 3378 2113 3444 furor,-
2146 3387 2296 3435 tanta
2367 3383 2735 3448 contumacia,
2788 3384 2877 3437 tali
2924 3393 3164 3448 tempore
3226 3399 3285 3436 se
3346 3382 3625 3451 proderet.

357 3450 702 3520 (Quanquam
739 3462 792 3508 et
858 3454 911 3508 iu
946 3456 1049 3513 isto
1085 3459 1202 3528 ipso
1241 3458 1400 3529 globo
1448 3476 1611 3518 voces
1659 3464 1756 3518 has
1813 3466 1978 3522 veluti
2021 3470 2277 3525 concordi
2333 3472 2716 3541 desperatione
2771 3472 3096 3540 jactantium
3161 3450 3361 3530 latere,
3417 3475 3632 3542 aliquos

353 3542 573 3596 meliora
603 3544 879 3614 sapientes
932 3547 1247 3603 incredibile
1319 3565 1423 3603 non
1481 3552 1645 3621 erat.)
1697 3555 1766 3608 At
1801 3556 1947 3610 enim
1989 3559 2331 3628 exploratum
2368 3563 2595 3630 perinde
2626 3579 2732 3618 non
2779 3571 2922 3632 erat,
2992 3581 3118 3619 num
3171 3581 3358 3620 eorum
3443 3580 3634 3622 omnes

352 3642 442 3687 aut
477 3635 720 3705 plerique
751 3639 840 3706 qui
875 3654 934 3693 se
961 3640 1266 3710 Bogomilos
1323 3645 1590 3712 negabant
1621 3661 1746 3700 vera
1779 3648 2164 3719 loquerentur;
2199 3669 2264 3706 an
2293 3654 2469 3722 potius
2498 3655 2874 3725 impunitatem
2923 3666 2978 3711 et
3010 3657 3237 3712 nocendi
3268 3659 3616 3714 occasionem

349 3728 470 3783 utili
504 3728 632 3798 sibi,
669 3731 978 3800 reipublicae
1041 3735 1305 3790 damnoso
1339 3739 1618 3794 mendacio
1653 3741 2006 3800 redimerent.
2036 3746 2208 3815 Igitur
2235 3748 2528 3817 imperator
2555 3761 2704 3807 certo
2730 3752 2796 3807 ad
2835 3752 2974 3807 hanc
3009 3753 3393 3810 discretionem
3429 3754 3633 3810 facien-

353 3824 478 3878 dam
515 3828 749 3882 consilio
784 3838 978 3899 parato
1011 3831 1187 3900 palam
1217 3832 1466 3887 consedit
1511 3834 1565 3889 in
1618 3837 1888 3908 imperiali
1939 3843 2104 3909 solio,
2152 3843 2522 3900 assidentibus
2574 3855 2685 3901 tum
2743 3863 2774 3902 e
2830 3848 3112 3903 senatorio
3156 3858 3266 3902 tum
3322 3864 3389 3904 ex
3439 3849 3621 3903 eccle-

352 3917 583 3974 siastico
635 3922 844 3975 circum
879 3923 1071 3977 ordine
1110 3922 1382 3992 plurimis,
1415 3923 1796 3984 Nazarmorum
1829 3947 2049 4000 quoque
2088 3949 2183 3989 seu
2214 3935 2603 3990 monachorum
2652 3937 2894 4008 ipsorum
2934 3938 3269 3992 doctissimis
3310 3938 3624 4010 quibusque

351 4014 419 4066 ad
455 4015 556 4069 hoc
585 4015 845 4083 judicium
879 4016 1110 4075 allectis.
1163 4020 1302 4075 Ante
1343 4022 1488 4076 hunc
1540 4038 1856 4080 consessum
1908 4029 2187 4097 productis
2239 4029 2495 4084 omnibus
2527 4031 2619 4099 qui
2653 4031 3000 4101 Bogomilicae
3050 4031 3349 4088 insimulati
3398 4033 3625 4087 haeresis

353 4109 594 4177 inerant,
648 4111 976 4180 interrogari
1030 4112 1208 4169 denuo
1262 4131 1710 4188 unumquemque
1763 4122 2060 4190 imperator
2094 4122 2282 4191 jussit,
2342 4122 2727 4194 Bogomilusve
2781 4141 2850 4180 an
2915 4124 3228 4181 Catholicus
3299 4127 3496 4198 esset?
3559 4123 3629 4180 Ut

353 4212 535 4257 autem
582 4203 647 4257 ad
707 4203 818 4257 haec
855 4204 1072 4272 quidam
1109 4221 1168 4260 se
1226 4205 1534 4278 Bogomilos
1591 4211 2006 4278 profitebantur,
2069 4213 2342 4285 ﬁxamque
2374 4226 2427 4270 et
2463 4215 2526 4270 ad
2562 4216 2813 4270 ultimum
2849 4216 3259 4272 irrevocabilem
3307 4219 3372 4272 ad
3406 4228 3616 4273 sectam

354 4296 576 4365 impiam
635 4295 1004 4349 adbaesionem
1059 4297 1456 4365 praeferebant;
1525 4301 1616 4357 alii
1679 4306 2052 4374 pernegabant
2102 4307 2384 4362 enimvero
2449 4308 2584 4365 tales
2632 4323 2754 4364 esse
2800 4324 2893 4375 se,
2953 4309 3404 4379 Christianosque
3458 4326 3621 4366 veros

356 4404 420 4443 ac
471 4389 670 4457 probos
722 4387 1100 4453 allirmabaut;
1138 4389 1367 4459 objectis
1416 4393 1470 4448 in
1513 4396 1846 4450 contrarium
1883 4397 2118 4453 testibus
2173 4414 2367 4467 magno
2422 4400 2475 4454 in
2522 4415 2584 4457 os
2636 4402 2886 4457 convicio
2938 4401 3276 4466 refutandis,
3314 4401 3614 4469 imperator

350 4498 415 4536 ex
467 4481 768 4549 composito
824 4493 1106 4551 assumpta
1179 4483 1300 4537 irati
1378 4485 1566 4550 larva,
1599 4499 1932 4556 .postquam
1983 4490 2038 4545 in
2094 4507 2285 4548 omnes
2337 4493 2543 4560 pariter
2593 4509 2660 4548 ex
2715 4492 2942 4548 intentis
2998 4491 3312 4560 superciliis
3367 4492 3612 4550 minaces

354 4575 750 4630 ﬂammantium
810 4572 1096 4628 oculorum
1158 4573 1388 4631 intuitus
1445 4577 1746 4648 ejaculatus
1813 4587 1918 4645 est,
1966 4581 2132 4637 edicit
2190 4583 2240 4637 in
2297 4584 2447 4638 hunc
2498 4584 2764 4638 modum:
2825 4582 2956 4637 Volo
3011 4583 3279 4652 jubeoque
3333 4583 3431 4635 hac
3484 4584 3603 4652 ipsa

351 4669 434 4722 die
480 4682 639 4737 pyras
687 4665 934 4718 succendi
977 4667 1232 4735 geminas.
1269 4667 1472 4722 Harum
1505 4670 1658 4723 alteri
1688 4673 2074 4739 superpositam
2108 4674 2332 4726 eminere
2376 4687 2585 4726 crucem
2621 4672 2778 4725 Immo
2811 4670 3022 4740 penitus
3079 4672 3306 4740 inﬁxam
3360 4672 3471 4726 ima
3521 4675 3609 4728 sui

1445 4806 1643 4868 Varia
1684 4806 1992 4873 lectiones
2027 4828 2104 4873 ex
2135 4811 2275 4874 cod.
2308 4809 2580 4873 Coislin.

423 4928 468 4962 ’δ’
497 4929 632 4998 πρὸς
664 4927 911 4999 θατέρον.
989 4927 1034 4960 ⁸³
1053 4925 1146 4980 καὶ
1177 4927 1361 4997 ἡμεῖς.

1347 5063 1488 5124 Car.
1527 5061 1855 5126 Dufresnii
1890 5065 1988 5128 Du
2017 5065 2248 5146 Cangii
2311 5073 2505 5130 notas.

423 5195 539 5265 (97)
567 5193 910 5271 Ναρραζων.
937 5191 1036 5271 Qui
1074 5199 1132 5271 e_t_
1167 5189 1630 5271 NaCypaior,hrjt.to
1668 5189 1927 5244 vocabulo

2052 5192 2270 5271 ςτασῖαι,
2285 5192 2901 5271 ψαλμῳδιῶνἁρμονίαι,
2923 5195 3144 5271 στάσεις
3167 5197 3451 5271 πάννυχοι,
3477 5217 3617 5271 παρ-

350 5260 606 5320 dicuntur
635 5260 1220 5339 Grzecisscriptoribus
1257 5263 1399 5339 vitaz.
1435 5260 1699 5327 religiosze
1746 5271 1926 5339 secta-3

2052 5260 2524 5339 ie'vwv_csp.v/)tq_;,
2574 5260 2854 5339 γυναικῶν
2885 5265 3173 5339 εὗ-ζοσμξα.
3205 5278 3312 5325 etc.
3345 5260 3617 5339 Nic'epltoo

355 5348 500 5390 tmes
541 5349 594 5390 et
641 5337 912 5398 monachi,
968 5328 1112 5404 quod
1151 5334 1326 5387 instar
1356 5328 1735 5404 Nagarajorum
1786 5331 1926 5404 apud
2041 5350 2130 5404 rus
2193 5328 2874 5404 ConstantinopoliIanus:
2930 5328 3066 5389 Ἐτί
3119 5339 3174 5391 δὲ
3231 5341 3410 5392 πνέων
3473 5328 3617 5393 iam

353 5405 644 5490 ρώπως,
737 5407 802 5460 de
868 5401 1127 5490 quorum.
1173 5413 1319 5457 secta
1359 5409 1425 5484 ἐι
1458 5401 1702 5490 ὶηειίιιιιρ
1750 5401 1930 5490 agitur

2052 5403 2614 5490 εῆξηςισεϐείαςητὺ-
2658 5403 2802 5490 [ap-6v
2880 5407 2993 5490 τῶν
3035 5408 3389 5490 Ναςηραίων.
3429 5408 3616 5490 σχῇμα

2035 5422 2135 5456 της

354 5421 644 5470 Iteurteos,
737 5421 802 5460 ue
869 5421 1096 5470 quorum
1173 5421 1319 5457 sccra
1372 5421 1702 5454 CllllSllllltU
1751 5421 1930 5468 agitur
2035 5421 2132 5473 της

350 5475 637 5529 Νιιηδρνοΐ.
699 5491 818 5544 cap.
867 5477 918 5538 li,
955 5472 1487 5544 strictiorem_vitam
1539 5469 1927 5544 amplecteretur
2037 5473 2132 5526 καθ

352 5475 637 5529 Nu-ncrar.
699 5491 818 5544 cap.
867 5477 918 5538 li,
955 5474 1281 5528 strictiorem
1322 5472 1487 5525 vitam
1539 5472 1927 5536 amplecteren-

352 5557 459 5598 tur.
495 5546 690 5600 Suidas
724 5565 736 5599 ε
769 5544 1104 5612 Ναζηραῖος,
1149 5546 1177 5596 6
1217 5540 1339 5610 Θεῷ
1382 5538 1800 5612 κεχωρισμένοὶ
1835 5537 1928 5591 καὶ

2052 5472 2392 5542 ιαθύϐρισεν.
2456 5473 2688 5529 Utuntur
2711 5472 2717 5473 ⁷
2743 5472 2982 5542 lgnatius
3044 5472 3309 5533 diaconus
3376 5477 3427 5530 in
3462 5472 3611 5530 "Vita

2052 5546 2208 5599 tancti
2237 5541 2524 5608 Nicephori
2558 5545 2767 5612 patricii
2793 5545 3404 5612 Constantiuopolitani.
3433 5562 3485 5601 η.
3515 5547 3610 5612 21;

445 5585 459 5598 ο
495 5580 690 5600 υιιιυσιδ
724 5587 736 5599 ο
769 5580 884 5607 ιν-Α-ε,
900 5580 1104 5612 ιηιυιιυςι
1149 5580 1176 5596 υ
1219 5580 1338 5610 υυυὲι
1385 5580 1480 5608 νυνί,

2036 5541 2524 5615 εοηοιὶΝἱροριιοή
2558 5541 3404 5615 patricii’Constautiuopolitani,
3433 5562 3485 5601 η.
3515 5547 3610 5612 21;

349 5617 725 5684 ἀφιερωμένος
756 5617 784 5668 6
815 5607 1062 5686 μονᾷχθς.
1101 5607 1321 5666 ΕπιΙειή
1347 5626 1513 5686 prape
1539 5607 1715 5686 habet
1757 5607 1928 5686 Hesy-

2052 5613 2273 5669 loaunes
2303 5607 2687 5686 Phocus-cap.
2725 5616 2784 5669 ll
2822 5633 2836 5681 ;
2871 5607 3285 5686 Laonicus,'|jb.
3323 5631 3376 5684 t-;
3411 5607 3614 5673 Canta;

349 5679 530 5737 chius.
565 5679 859 5753 Gregorius
892 5679 1173 5753 Naiianz._
1202 5679 1573 5753 orat._ha_liita
1599 5679 1661 5753 _iu
1693 5679 1922 5732 concilio

2034 5699 2290 5754 euzenus,
2320 5684 2410 5743 lib.
2438 5701 2497 5754 ιι,
2534 5701 2656 5757 cap.
2685 5686 2750 5740 16
2779 5696 2834 5742 et
2863 5687 2931 5740 9.9
2961 5696 3012 5742 et
3035 5687 3146 5740 alii.

346 5746 986 5814 Cons'anziuottolitauo'
1070 5751 1300 5821 Χαίρετε
1359 5746 1686 5820 Ναζηραίων
1768 5764 1923 5819 χορο-
