3986 6212
518 327 660 392 H83

1753 341 1978 403 ΑΝΝᾸζ
2008 341 2388 404 (ΙΟΜΝΕΝιΕ

3560 352 3666 418 ilbi

515 438 643 491 lium
677 439 913 498 intuens.
949 443 1172 499 Ducitur
1203 445 1292 502 ille
1331 447 1508 503 minas
1543 448 1741 504 dudum
1779 467 1968 508 omnes
1995 470 2079 509 so-

2190 454 2401 517 ἐκεῖνος
2469 455 2783 529 ἀποδειλιᾷν
2836 456 2974 528 npb;
3021 457 3079 510 τὸ
3120 457 3226 529 πῦρ
3263 460 3349 513 καὶ
3389 460 3668 528 θορυϐεῖσθαι

515 529 643 586 litus
666 535 1126 592 confidentissime
1153 550 1526 597 contemnere.
1556 542 1666 599 Nec
1698 547 1913 600 remisit
1949 545 2092 602 fero-

517 623 656 675 ciam
691 624 740 675 in
771 623 947 692 primo
975 626 1090 695 ipso
1121 627 1352 684 flamma:
1382 642 1700 702 conspectu.
1739 635 1879 703 Quin
1905 652 2090 708 rogum

511 705 620 775 jam
641 711 951 780 ﬂagrantem
974 721 1159 783 procul
1188 720 1402 775 intuens
1432 724 1712 778 renidebat
1742 736 1936 780 secrtro
1982 728 2090 783 risu

517 811 570 855 et
605 803 792 856 insana
823 807 1065 871 quaedam
1092 810 1393 866 vaticinans
1423 815 1783 882 ominabatur,
1812 817 2092 873 adfuturos

517 905 710 960 nempe
737 907 932 962 przesto
962 900 1220 967 quosdam
1263 904 1504 969 angelos,
1539 907 1628 976 qui
1673 924 1734 962 cx
1774 911 1892 979 igne
1913 912 2090 966 medio

515 982 692 1050 ipsum
718 988 1010 1055 eriperent.
1051 993 1233 1062 Itaque
1262 997 1743 1054 submurmurahat
1771 1018 1954 1057 secum
1991 1005 2091 1058 Da-

514 1075 748 1129 vidicum
792 1079 955 1134 illud:
1001 1083 1086 1135 Ad
1128 1095 1176 1138 Ie
1221 1096 1400 1140 autem
1443 1107 1543 1144 non
1602 1096 2034 1165 appropinquabit
2067 1115 2086 1153 :

514 1178 869 1225 verumtamen
938 1177 1103 1229 oculis
1153 1180 1257 1233 tuis
1304 1185 1660 1238 considerabis
1694 1188 1730 1241 ‘.
1784 1187 1976 1243 Verum
2032 1200 2089 1245 ut

515 1259 800 1317 discedens
821 1268 1166 1339 spatiumque
1195 1275 1331 1328 dans
1356 1279 1503 1328 eunti
1523 1292 1639 1344 qua:
1667 1279 1718 1331 in
1755 1282 1930 1335 medio
1956 1298 2087 1338 con-

512 1351 730 1418 globata
783 1357 934 1410 turba
1000 1371 1344 1430 prospectum
1412 1368 1526 1437 rogi
1577 1377 1746 1423 totum
1791 1374 2084 1442 eripuerat.

515 1439 760 1510 (Viderat
804 1450 946 1503 enim
980 1453 1241 1508 hactenus
1286 1457 1442 1526 longe
1503 1462 1800 1527 procedens
1853 1465 2085 1522 Basilius

513 1546 782 1591 summum
832 1548 1040 1595 tantum
1097 1560 1239 1614 pyras
1287 1550 1527 1605 ardentis
1572 1555 1824 1608 verticem
1881 1558 2083 1613 fumum

511 1624 761 1681 scintillis
805 1631 1024 1686 mistum
1065 1637 1426 1695 emicantibus
1465 1642 1572 1697 alte
1604 1646 1871 1704 vibrantis
1918 1666 2084 1720 prope

512 1716 747 1771 medium
775 1721 1000 1790 circum,
1033 1725 1118 1780 ubi
1150 1732 1392 1795 pyramis
1426 1745 1643 1790 exstare
1696 1738 1886 1809 incipit
1920 1716 2082 1811 vlapio

2194 545 2390 601 ἐδόκει.
2424 547 2699 618 Ἐστρεφε
2733 549 2844 618 γὰρ
2875 548 2975 610 τὰς
3007 547 3156 617 δ’,δεις
3187 549 3424 612 πολλάκις
3447 553 3527 604 καὶ
3551 556 3670 623 ἐκρό-

2189 653 2273 689 τει
2303 637 2402 700 τὰς
2444 641 2638 709 χεῖρας
2689 640 2784 692 καὶ
2841 641 3115 694 ὲπάτασσε
3169 639 3256 693 τὸν
3291 641 3464 711 μηρὸν,
3481 639 3572 722 οἷον
3590 649 3670 710 τοῖς

2191 727 2336 790 ὅλοις
2399 729 2860 801 ἐξαπορούμενος.
2918 732 3106 800 Ὅμως
3156 733 3247 784 καὶ
3271 732 3429 794 οὕτως
3469 733 3582 803 ἔχων
3602 740 3672 789 καὶ

2191 818 2302 871 ἀπὸ
2329 819 2500 888 μόνης
2532 820 2632 889 τῆς
2656 820 2786 884 θέας
2810 821 2885 884 ὼς
2934 822 3290 890 ἀδαμάντινος
3313 819 3376 892 ἦν
3402 839 3416 854 ·
3445 823 3549 877 οὔτε
3594 826 3674 895 γὰρ

2189 907 2252 960 'tb
2281 908 2390 977 πῦρ
2414 910 2765 979 κατεμάλαξε
2787 909 2886 982 τὴν
2924 911 3153 982 σιδηρᾶν
3200 912 3358 965 αὑτοῦ
3381 912 3553 983 ψυχήν,
3584 917 3673 968 οὔτε

2191 1000 2246 1052 ai
2275 1000 2370 1054 τοῦ
2420 1001 2829 1073 αὐτοκράτορος
2888 1003 3027 1073 πρὸς
3052 1004 3213 1058 αὐτὸν
3240 1004 3568 1075 διαπόμπιμοι
3590 1007 3675 1060 δια-

2194 1091 2455 1161 μηνύσεις
2505 1095 2846 1161 κατέθελξαν
2872 1109 2887 1124 ’
2951 1095 3064 1149 ἀλλ’
3120 1096 3226 1148 εἴτε
3259 1096 3470 1149 ἀπόνοια
3495 1098 3674 1168 μεγίστη

2189 1182 2380 1235 τοῦτον
2408 1185 2707 1254 κατείληφε
2741 1186 2832 1238 διὰ
2862 1186 2964 1254 τὴν
2994 1186 3351 1256 παρεστῶσαν
3377 1188 3585 1261 ἀνάγκην
3610 1191 3677 1241 καὶ

2197 1276 2487 1346 συμφοράν
2516 1293 2529 1308 ⁸
2561 1277 2657 1330 καὶ
2680 1278 2902 1346 ἀπόρως
2931 1278 3105 1342 οὕτως
3129 1273 3241 1348 εἶχε
3261 1277 3354 1347 τῆς
3375 1277 3582 1347 γνώμης,
3611 1282 3677 1332 καὶ

2187 1370 2463 1439 διάκρισιν
2489 1371 2840 1424 οῦδεπωσοῦν
2861 1373 2908 1404 ⁸⁸
2933 1371 3211 1442 ἐλάμϐανε
3237 1371 3327 1424 τοῦ
3361 1371 3674 1440 συμι,οέροντο;⁹

2189 1462 2296 1514 εἴτε
2326 1465 2472 1516 καὶὸ
2533 1464 2824 1534 κατασχὼν
2891 1467 2992 1536 τήν
3045 1466 3223 1535 ψυχὴν
3274 1465 3428 1519 αὐτοῦ
3470 1466 3674 1528 διάϐολος,

2188 1554 2326 1623 ὅπερ
2356 1557 2446 1608 καὶ
2508 1558 2711 1625 μᾶλλον
2774 1558 2944 1622 δοκεῖ,
2998 1559 3194 1621 σκότος
3237 1558 3395 1612 αὑτοῦ
3442 1557 3677 1627 βαθύτατον

2187 1649 2614 1704 κατεσκέδασεν.
2670 1649 2934 1720 Είστήκει
2993 1651 3134 1721 πρὸς
3168 1652 3346 1705 πᾶσαν
3365 1650 3561 1718 ἀπειλὴν
3608 1651 3678 1702 καὶ

2188 1739 2321 1808 πρὸς
2361 1739 2540 1794 πάντα
2569 1741 2737 1808 φόϐον
2763 1743 3066 1811 ἀμηχανῶν
3093 1746 3121 1796 ὁ
3145 1743 3499 1805 κατάπτυστος
3524 1743 3679 1804 ἐκεῖνος

510 1804 673 1876 dea);
718 1810 804 1863 ubi
827 1811 961 1879 jam,
1024 1814 1267 1885 inquam,
1322 1824 1706 1895 propinquiore
1743 1804 1819 1883 ac-
1840 1804 2079 1899 pleniore

2185 1829 2488 1894 Βασξλειος,
2520 1832 2615 1884 καὶ
2645 1834 2740 1884 νῦν
2764 1834 2863 1900 μὲν
2894 1833 3031 1903 πρὸς
3061 1833 3159 1904 τὴν
3186 1833 3444 1902 πυρκαϊὰν
3467 1834 3697 1901 ὲκεχήνει,

511 1893 750 1954 fornacis
780 1902 1277 1965 iuilammatissimze
1320 1930 1611 1985 c0nspectu
1661 1921 1870 1979 afﬂatus
1918 1928 2086 1983 miser

510 1996 614 2053 est,
673 2001 784 2044 tum
845 2010 972 2051 sane
1032 1998 1121 2055 ille
1191 2007 1361 2059 audax
1421 2014 1797 2077 consternari,
1860 2017 2084 2077 horrere

511 2080 714 2147 ignem,
739 2096 983 2142 avertere
1012 2093 1201 2149 oculos
1235 2099 1452 2166 saapins,
1499 2118 1689 2159 manus
1718 2109 2080 2178 complodere,

509 2169 686 2226 fenmr
717 2181 962 2246 tundere,
995 2185 1254 2256 signaque
1289 2191 1338 2244 id
1369 2209 1538 2258 genus
1558 2208 1748 2253 canora
1779 2202 1940 2257 edere
1973 2220 2079 2260 non

509 2262 667 2318 dubia
700 2273 1118 2332 perturbationis
1175 2297 1422 2337 summa'.
1451 2287 1653 2343 Tamen
1682 2292 1760 2345 vel
1780 2295 1860 2349 sic
1880 2280 2082 2353 intueri

509 2354 658 2410 licuit
690 2374 850 2428 quam
883 2369 1094 2434 penitus
1125 2374 1314 2428 coalita
1339 2376 1624 2436 inluereret
1670 2384 1857 2455 impio,
1892 2389 2077 2457 plane-

509 2461 615 2514 que
657 2450 999 2512 indomabilis
1052 2463 1279 2519 malitia.
1330 2469 1464 2522 Cum
1509 2487 1724 2529 omnem
1773 2478 1826 2531 in
1873 2492 2078 2548 partem

508 2553 568 2593 se
619 2551 886 2611 verteret,
921 2561 1200 2607 aversatus
1231 2554 1462 2615 fanatice
1505 2578 1717 2618 sacram
1767 2578 1820 2621 et
1867 2569 2073 2626 saluta-

507 2642 621 2686 rem
673 2649 888 2692 crucem
924 2651 1005 2696 est
1037 2660 1054 2703 :
1097 2646 1233 2702 adeo
1264 2665 1358 2704 cor
1387 2653 1789 2713 adamantinum
1818 2661 2080 2719 ferream-

505 2740 612 2794 que
653 2730 887 2785 animam
914 2751 1010 2790 nec
1037 2738 1153 2806 ipsa
1191 2751 1296 2796 tam
1332 2760 1496 2816 pr0pe
1531 2749 1746 2807 admota
1782 2762 1888 2809 tam
1917 2759 2079 2813 vehe-

507 2833 658 2874 mens
681 2819 908 2880 ﬂammae
940 2829 1019 2883 vis
1059 2833 1300 2889 mollivit.
1327 2835 1437 2892 Nec
1464 2843 1712 2898 cessabat
1757 2845 2072 2917 imperator,

506 2910 840 2968 missitandis
859 2917 947 2972 tali
975 2921 1193 2987 periculi
1223 2926 1457 2982 articulo
1485 2932 1792 2991 salubribus
1820 2910 2070 2994 admoui;

505 2999 741 3057 tionibus
774 3007 838 3059 ad
865 3011 1134 3076 perditum
1159 3052 1175 3078 ,
1213 3019 1448 3083 experiri
1479 3025 1715 3079 remedia
1746 3041 1988 3084 extrema
2021 3041 2076 3086 et

2183 1920 2280 1974 νῦν
2330 1923 2388 1975 δὲ
2419 1924 2561 1994 πρὸς
2589 1925 2716 1988 τοὺς
2780 1927 3164 1996 παρεστῶτας,
3202 1927 3295 1979 καὶ
3330 1928 3481 1979 πᾶσιν
3507 1924 3566 1987 ὡς
3584 1925 3682 1994 bin.

2185 2014 2293 2076 θῶς
2365 2016 2729 2084 κατεφαίνετο
2790 2016 3092 2087 μεμηνὼςο
3156 2019 3251 2070 καὶ
3307 2017 3433 2088 μήτε
3479 2016 3677 2086 πρδςτὴν

2186 2111 2467 2179 πυρκαϊὰν
2501 2111 2777 2182 ἐφορμῶν,
2807 2113 2932 2184 μήτ’
2963 2113 3306 2176 ὀπισθόπους
3351 2113 3472 2174 ὅλως
3520 2111 3684 2179 γινόμε-

2184 2221 2297 2267 νος,
2345 2205 2465 2258 ἀλλ’
2500 2204 2772 2277 ἐπεπήγει
2833 2207 2927 2260 καὶ
2977 2207 3241 2274 ἀκίνητος
3302 2200 3365 2276 ἦν
3403 2205 3479 2272 ἐφ’
3518 2195 3569 2257 οὗ
3612 2220 3682 2256 που

2183 2297 2279 2350 καὶ
2313 2297 2380 2350 τὰ
2413 2297 2605 2368 πρῶτα
2646 2298 3008 2352 κατελάϐετο.
3065 2298 3284 2351 Πολλῶν
3311 2297 3365 2350 δὲ
3404 2297 3554 2363 λόγων
3576 2295 3685 2363 ῥεόν-

2181 2407 2292 2443 των
2328 2391 2422 2444 καὶ
2474 2390 2586 2443 τῶν
2623 2390 3027 2460 τερατολογιῶν
3066 2390 3234 2444 αὐτοῦ
3264 2389 3348 2444 διὰ
3374 2389 3536 2458 πάσης
3553 2383 3682 2454 γλώτ-

2180 2498 2282 2552 της
2306 2481 2656 2552 φερομένων,
2701 2481 2981 2543 δείσαντες
3013 2482 3069 2534 οἱ
3098 2482 3287 2552 δήμιοι
3350 2480 3522 2549 μήπως
3550 2477 3635 2546 ἄρα
3650 2473 3684 2525 oi

2179 2571 2322 2640 ἀμφὶ
2351 2571 2443 2625 τὸν
2492 2572 2778 2625 Βασίλειον
2831 2571 3095 2642 δαίμονες
3154 2572 3352 2625 ἄτοπόν
3379 2587 3426 2622 τι
3452 2581 3684 2639 τερατουρ·

2179 2665 2436 2733 γήσειαν,
2487 2662 2953 2734 παραχωροῦντος
3021 2663 3189 2729 Θεοῦ,
3242 2665 3333 2717 καὶ
3383 2660 3682 2728 ἁλώὁητοςὲκ

2183 2753 2352 2822 μέσου
2383 2753 2478 2807 τοῦ
2517 2753 2772 2807 τοσούτου
2821 2755 2993 2824 πυρὶς
3022 2753 3225 2823 ὀφθείη
3259 2755 3284 2806 ὁ
3313 2751 3558 2812 κάκιστος,
3585 2747 3684 2818 πρός

2178 2862 2304 2899 τινα
2336 2847 2499 2898 τόπον
2549 2845 2960 2915 δημοσιώτατον
2991 2846 3316 2915 ἀφιγμένος,
3374 2845 3460 2898 καί
3504 2844 3688 2911 γένηται

2178 2939 2217 3006 ἠ
2244 2937 2474 3005 ἐσχάτη
2497 2937 2704 3004 πλάνη
2741 2937 2948 3007 χεῖρον
2966 2937 3012 2969 ’⁸⁸
3079 2935 3194 3006 τῆς
3239 2937 3476 3004 πρώτης,
3501 2934 3686 3040 ,δοκιμα-

2193 3029 2317 3082 σίαν
2368 3031 2493 3082 τινὰ
2540 3030 2728 3094 ἔδοξαν
2788 3029 3155 3102 ποιήσασθαι·
3209 3028 3589 3100 τερατευομένου
3608 3028 3688 3092 γὰρ

505 3106 785 3160 supremas
826 3112 949 3165 spes
973 3110 1200 3160 tentare.
1240 3106 1466 3164 Frustra
1507 3118 1686 3168 omnia
1723 3129 1906 3174 contra
1943 3138 2070 3191 per-

2179 3118 2388 3173 ὲκείνου
2457 3121 2552 3173 κα⁶ι
2606 3121 2905 3189 αὐχοῦντος
2962 3120 3040 3184 ὡς
3109 3123 3171 3174 ἐκ
3230 3122 3392 3190 μέσου
3441 3117 3518 3171 τοῦ
3559 3114 3686 3181 πυρὸς

507 3183 759 3238 tinaciam
797 3188 1172 3260 durissimam;
1238 3213 1359 3252 nam
1419 3201 1534 3259 sive
1576 3205 1790 3272 objectu
1819 3210 2081 3268 discrimi-

505 3273 592 3328 nis
646 3281 872 3334 extremi
932 3282 1081 3338 furor
1124 3287 1396 3347 hominem
1455 3299 1716 3369 corripuit
1766 3305 2074 3375 maximus;

503 3364 618 3422 sive
669 3369 812 3424 inter
879 3372 1091 3431 diversa
1162 3381 1336 3448 posito
1409 3399 1503 3440 sua
1563 3364 1675 3457 ipsa
1745 3364 2079 3460 perturbatio

507 3460 704 3514 mentis
741 3465 916 3520 anxiae
963 3469 1246 3526 arbitrium
1291 3475 1521 3546 eligendi
1567 3485 1917 3554 praepedivit;
1967 3488 2080 3544 sive

508 3549 672 3618 (quod
720 3556 931 3612 videtur
960 3562 1332 3638 verisimilius)
1366 3569 1457 3639 qui
1497 3572 1615 3642 ejus
1643 3587 1876 3634 mentem
1911 3595 2078 3636 occu-

500 3641 668 3707 pabat
696 3646 866 3703 malus
895 3651 1102 3710 daemon
1139 3657 1494 3719 densissimas
1542 3668 1590 3721 ei
1631 3672 1890 3736 quasdam
1925 3681 2078 3731 tene-

505 3731 632 3788 hras
666 3737 875 3803 offudit,
911 3749 1152 3804 constitit
1193 3754 1258 3808 ad
1309 3755 1484 3814 minas
1519 3769 1827 3831 metumque
1859 3781 2077 3824 omnem

507 3826 752 3897 obstipus
792 3832 945 3888 bruta
989 3841 1338 3910 stupiditate,
1374 3848 1614 3918 nihilque
1658 3855 1870 3911 consilii
1910 3872 2078 3926 expe-

506 3914 660 3972 diens
716 3919 944 3980 Basilius
983 3928 1107 3998 hic,
1150 3937 1428 3992 sordidum
1482 3914 1644 4013 caput
1703 3961 1766 4003 ac
1823 3914 2079 4019 desputa-

506 4005 649 4076 bile;
701 4028 840 4070 nunc
873 4021 1089 4086 quidem
1137 4026 1504 4088 inhiabundus
1535 4051 1722 4106 pyram
1768 4055 1954 4097 versus
1990 4043 2079 4100 in-

505 4101 624 4152 sani
658 4117 806 4158 more
841 4125 856 4160 :
888 4125 1032 4168 nunc
1060 4115 1124 4167 ad
1149 4126 1386 4177 astantes
1415 4125 1529 4192 pari
1556 4128 1735 4185 vultus
1758 4129 1898 4188 finde
1927 4136 2081 4192 hian-

507 4191 577 4244 tis
599 4192 941 4256 deformitate
967 4219 1024 4258 se
1052 4205 1377 4279 obvertens;
1404 4217 1688 4289 palamque
1714 4221 1879 4296 494
1905 4229 2080 4283 omni-

505 4280 609 4337 bus
647 4286 888 4344 stultitim
931 4305 1077 4350 certa
1113 4314 1222 4354 sua:
1251 4302 1572 4364 documenta
1631 4314 1914 4373 exhibens.
1979 4320 2075 4376 Cui

504 4388 683 4444 neque
728 4379 940 4438 animus
985 4387 1050 4440 ad
1093 4391 1454 4450 accedendum
1510 4414 1723 4472 rogum,
1771 4422 1871 4462 nec
1908 4410 2069 4467 iitum

504 4470 878 4528 retrocedendi
926 4478 1211 4536 consilium
1239 4497 1382 4542 esset
1417 4506 1432 4544 :
1464 4491 1556 4546 sed
1581 4470 1745 4563 “quasi
1795 4501 2070 4572 utrimque

505 4566 728 4624 tractus,
762 4561 971 4624 libratis
1003 4575 1324 4637 procedendi
1351 4589 1404 4633 et
1427 4561 1800 4643 retrocedendi
1831 4561 2076 4660 impulsi-

499 4647 622 4713 bus.
643 4653 836 4710 stolide
874 4661 1127 4728 stupidus
1163 4665 1215 4720 in
1247 4669 1424 4725 medio
1459 4673 1719 4743 haerebat,
1759 4679 1812 4734 in
1845 4647 2074 4755 vestigio

501 4742 644 4805 quod
694 4741 834 4799 forte
873 4748 1108 4815 primum
1144 4753 1499 4826 impresserat
1533 4741 1764 4824 defixus.
1797 4770 1932 4825 Cum
1979 4741 2075 4829 au-

504 4837 608 4883 tem
646 4834 810 4890 multa
843 4840 1154 4898 nuntiorum
1187 4847 1528 4914 imperatoris
1566 4861 1733 4913 surdo
1767 4864 2073 4918 canentium

502 4919 664 4974 verba
735 4928 1131 5001 perderentur;
1189 4939 1498 5012 celebrique
1543 4956 1652 5002 tum
1705 4953 1940 5008 maxime
1979 4969 2075 5022 per

501 5013 778 5071 concionis
818 5031 914 5074 ora
963 5023 1365 5089 circumstantis
1449 5039 1724 5095 mentione
1772 5047 2072 5116 prastigia-

503 5117 619 5155 rum
655 5105 814 5175 hujus
850 5115 1017 5180 senis,
1055 5123 1428 5196 minarumque
1466 5146 1606 5200 saepe
1637 5149 1702 5187 ex
1753 5151 1818 5190 eo
1869 5138 2075 5194 audita-

502 5211 643 5261 rum,
697 5202 892 5268 qutbus
945 5211 1291 5277 spondebat:
1345 5235 1468 5276 sese
1499 5227 1778 5293 geniorum
1815 5242 1916 5297 ope
1965 5230 2070 5286 sibi

500 5285 795 5345 faventium
831 5297 1159 5361 quibuslibet
1197 5321 1226 5359 e
1261 5309 1420 5366 malis
1470 5315 1808 5372 evolaturum
1868 5319 2075 5376 incolu-

501 5393 669 5436 mem:
708 5386 865 5439 veriti
895 5389 1091 5458 quibus
1122 5400 1442 5468 supplicium
1477 5406 1717 5466 damnati
1776 5412 2070 5469 demanda-

630 5565 773 5622 Psal.
803 5586 930 5636 xxx,
967 5571 1018 5639 7,
1045 5571 1099 5627 8.

575 5761 618 5791 “
656 5763 878 5829 χείρων.

2182 3209 2463 3280 ἀλώϐητος
2522 3211 2850 3282 ὀφθήσεται.
2915 3213 3346 3282 Ἀναλαϐόμενοι
3397 3209 3478 3263 τὸν
3499 3206 3686 3279 μανδύαν

2180 3301 2348 3356 αὑτοῦ
2377 3302 2608 3372 ἔφασαν,
2641 3306 2715 3368 ὡς
2749 3305 2981 3374 Ἴδωμεν
3019 3307 3081 3359 εἰ
3135 3307 3212 3377 μὴ
3237 3305 3342 3358 τῶν
3376 3302 3472 3356 σῶν
3521 3298 3686 3367 ἀμφίων

2180 3392 2379 3464 ἅψεται
2405 3394 2468 3448 τὸ
2497 3395 2632 3467 πῦρ,
2696 3397 2792 3449 καὶ
2839 3399 3204 3468 παραχρῆμα
3225 3398 3302 3460 είς
3338 3395 3487 3492 μέσον
3507 3388 3687 3492 ἔρριψαν

2177 3489 2277 3558 τῆς
2304 3488 2563 3558 καμίνου.
2621 3489 2680 3542 '0
2713 3489 2815 3559 μὲν
2864 3487 2961 3544 οὖν
3015 3490 3311 3552 Βασίλειος
3487 3487 3685 3584 τοσοῦτον

2179 3580 2445 3648 ὲγὰννυτο
2466 3581 2571 3634 ὑπ’)
2603 3580 2700 3635 τοῦ
2733 3581 3130 3647 ἐξαπατῶν-τος
3157 3583 3321 3636 αὑτὸν
3357 3579 3594 3646 δαίμονος⁹
3623 3570 3688 3624 λέ.

2179 3689 2292 3739 γων
2321 3671 2395 3736 ὡς
2411 3671 2608 3740 Ὁρᾶτε
2640 3673 2746 3726 τὸν
2763 3673 3050 3742 μανδύαν
3067 3677 3158 3740 εἰς
3173 3674 3315 3742 ἀέρα
3335 3667 3684 3736 ἀνιπτάμενον.

2182 3764 2244 3816 Οἱ
2277 3763 2332 3816 δὲ
2362 3765 2425 3816 ὲκ
2472 3763 2566 3818 τοῦ
2595 3766 2909 3835 κρασπέδου
2936 3767 2998 3818 τὸ
3024 3765 3264 3836 ὕφασμα
3305 3762 3685 3829 κατανοήσαντες,

2184 3855 2425 3927 ἄραντες
2446 3850 2595 3911 ῶσαν
2618 3857 2784 3912 αὑτὸν
2813 3859 2998 3919 αὐτοῖς
3028 3857 3277 3928 ἱματίοις
3301 3857 3390 3910 καί
3413 3851 3685 3957 {ambigas-lt

2181 3948 2260 4012 είς
2288 3948 2350 4002 τὸ
2407 3949 2580 4020 μέσον
2637 3953 2738 4020 τῆς
2798 3950 3033 4020 καμίνου
3064 3967 3081 3983 ο
3141 3951 3240 4005 καὶ
3299 3947 3686 4038 τοσοῦτον

2181 4039 2496 4092 κατάὐτοῦ
2520 4039 2837 4110 θυμουμένη
2867 4040 2900 4110 ἠ
2928 4039 3067 4107 φλὸξ
3096 4038 3414 4109 διεσοσκήθη
3558 4026 3686 4128 ἀειεόἶὲ

2179 4130 2320 4184 ὥστε
2389 4130 2523 4202 μηδὲ
2574 4130 2808 4186 κνίσσαν
2861 4130 2987 4184 τινὰ
3037 4131 3325 4200 γενέσθαι,
3381 4124 3500 4198 μηδὲ
3529 4124 3687 4180 καπνοῦ

2177 4239 2321 4287 τινος
2353 4223 2702 4292 καινοτομίαν
2741 4224 2956 4295 ἑτέραν,
3002 4224 3123 4278 ἀλλ’
3153 4224 3186 4296 ἢ
3235 4223 3387 4292 μόνον
3412 4218 3584 4313 λεπτὴν
3600 4225 3688 4313 τινα

2178 4314 2445 4385 γραμμήν
2500 4314 2771 4382 καπνώδη
2852 4316 3098 4384 φανῆναι
3165 4316 3308 4369 κατὰ
3354 4313 3411 4367 τὸ
3463 4308 3686 4404 μένονῇς

2179 4405 2399 4474 φλογός·
2432 4405 2532 4459 καὶ
2580 4406 2689 4477 γὰρ
2723 4406 2910 4460 καὶτὰ
2940 4410 3190 4478 στοιχεῖα
3215 4407 3354 4460 κατὰ
3399 4403 3497 4458 τῶν
3524 4395 3686 4496 domini

2175 4495 2488 4566 ἐπαίρεται.
2538 4497 2788 4551 Φείδεται
2848 4497 2925 4560 ῶς
2975 4514 3041 4566 γε
3089 4498 3139 4553 τ’
3171 4497 3367 4569 ἀληθὲς
3423 4493 3574 4590 είπεῖν
3606 4493 3684 4590 τῶν

2171 4588 2433 4658 θεοφιλῶν
2462 4591 2654 4663 ὥσπερ
2721 4592 2855 4645 ποτὲ
2901 4591 3185 4663 ὑπεχώρει
3234 4593 3327 4645 καὶ
3351 4583 3582 4642 ὑπείκαθε
3603 4590 3686 4636 τοις

2180 4679 2490 4752 θεοφιλέσιν
2522 4683 2757 4747 ἐκείνοις
2791 4683 3031 4748 νεανίαις
3064 4686 3124 4737 ὲν
3144 4677 3531 4775 Βαδυ).ῶνι,καὶ
3550 4667 3687 4775 negt"

2181 4789 2378 4844 στεφεν
2405 4775 2602 4838 αὖτοδὲ
2623 4777 2684 4828 τὸ
2725 4775 2837 4846 πῦρ
2863 4777 3118 4847 καθάπερ
3145 4792 3232 4837 τις
3253 4769 3544 4845 χρυσοειδὴς
3565 4762 3687 4817 6i):-

2175 4881 2295 4935 μος.
2336 4865 2606 4920 Ἐνταῦθα
2653 4866 2711 4920 δὲ
2757 4867 2852 4920 τὸν
2931 4867 3212 4937 ἀλάστορα
3259 4865 3444 4956 τοῦτον
3467 4857 3685 4956 Βασίλειον

2170 4954 2325 5010 οὔπω
2359 4958 2604 5028 ἀκριϐῶς
2623 4959 2674 5012 oi
2702 4957 2897 5012 τοῦτον
2923 4959 3364 5058 μετεωρίσαντες
3396 4951 3543 5058 εἶξον,
3567 4946 3706 5058 ’καὶθέ

2172 5049 2306 5118 φλὸξ
2331 5051 2506 5104 ἐδόκει
2562 5052 2958 5122 προεκτρέχειν
2993 5052 3079 5121 ἐφ’
3112 5043 3156 5119 ᾧ
3179 5051 3269 5103 τὸν
3299 5045 3517 5142 bna—556.7;
3565 5039 3686 5142 {5559‘

2174 5142 2366 5197 πάσαι.
2387 5141 2492 5196 Τὸν
2519 5143 2564 5196 δ’
2603 5143 2898 5196 ὑπόλοιπον
2928 5143 3183 5213 ἀριθμὸν,
3212 5143 3328 5242 ὅσοι
3351 5140 3444 5208 τῆς

2169 5228 2310 5302 ἦσαν
2341 5234 2433 5287 τοῦ
2465 5235 2744 5288 Βασιλείου
2805 5234 3169 5304 σφαδάζοντος
3202 5232 3299 5285 τοῦ
3346 5220 3685 5330 παρεσξηκδτ-’ξξ

2176 5321 2309 5375 λαοῦ
2354 5325 2450 5378 καὶ
2510 5323 2838 5396 βιαζομένου
2884 5321 3200 5394 ὲπιρῤίψειν
3261 5320 3356 5373 καὶ
3397 5316 3574 5371 αὐτοὺς
3614 5317 3686 5402 1'9

2180 5415 2337 5486 πυρὶ,
2368 5417 2396 5469 ὁ
2457 5393 2814 5487 αῦτοκράτωρ
2840 5415 2901 5468 οὐ
2948 5411 3348 5483 συνεχώρησεν.
3390 5393 3684 5474 Ἐγκλεισθηο

1523 5679 1740 5753 _Variae
1767 5682 2078 5747 lectiones
2123 5688 2370 5776 ex‘cod.
2407 5688 2671 5753 Coislin.
