3986 6212
547 447 616 488 ex
644 443 750 496 quo
784 427 911 495 ipsis
952 424 1209 494 auspiciis
1263 424 1473 496 imperii
1533 427 1786 499 Diogenis
1821 434 2128 500 superiores

550 518 866 592 imperatori
892 517 1137 572 Romano
1163 533 1268 571 non
1298 515 1525 572 feliciter
1555 519 1698 588 ipsos
1721 536 1976 591 aggresso
1999 524 2129 577 flar-

550 613 668 668 bani
725 611 897 670 fuere,
929 623 1205 673 nunquam
1256 607 1320 661 ad
1355 610 1522 677 patris
1572 612 1674 666 mei
1714 621 1979 684 tempora,
2011 630 2131 670 ces-

547 718 696 757 sasse
727 717 755 754 a
790 700 1048 752 vexandis
1083 698 1410 754 Christianis
1456 702 1764 759 barbaricas
1789 721 2003 772 manus,
2035 705 2128 761 sed

547 792 751 861 gladios
805 805 1016 857 semper
1067 802 1231 858 atque
1284 791 1466 846 hastas
1535 809 1598 847 ex
1653 795 1744 850 illo
1791 805 2030 866 tempore
2077 802 2127 853 in

547 884 889 936 Christianos
939 893 1222 948 exacntas,
1275 883 1409 937 bella
1450 900 1598 950 vero,
1650 902 1712 941 ac
1759 901 1966 956 pugnas
2022 905 2130 944 ca:-

547 973 754 1038 desque
807 971 1197 1040 frequentatas.
1258 971 1408 1028 Unde
1463 976 1620 1030 liehat
1653 989 1710 1031 ut
1756 979 2002 1034 civitates
2049 981 2129 1034 di-

549 1074 857 1124 ruerentur,
901 1065 1146 1132 regiones
1198 1076 1557 1131 vastarentur,
1622 1068 1984 1124 Romanorum
2021 1083 2128 1127 tota

551 1155 685 1208 ditio
715 1153 1026 1208 Christiano
1057 1157 1255 1224 passim
1294 1174 1486 1212 cruore
1523 1161 1872 1228 pollueretur.
1905 1163 2127 1220 Civibus

554 1247 672 1316 ejus
699 1257 861 1316 atque
890 1247 1118 1301 alumnis
1153 1251 1346 1317 partim
1392 1252 1614 1306 telorum
1645 1256 1875 1321 eminus,
1930 1259 2125 1328 partint

553 1337 831 1390 hastarum
866 1339 1112 1390 cominus
1141 1339 1484 1394 confessione
1516 1343 1899 1400 miserabiliter
1929 1347 2128 1402 caden-

544 1427 723 1494 tibus;
759 1429 955 1496 partim
986 1446 1013 1481 a
1047 1429 1238 1493 patriis
1271 1431 1470 1486 avulsis
1522 1435 1764 1503 sedibus,
1800 1447 1854 1492 et
1901 1439 1950 1492 in
1999 1439 2129 1495 Per-

545 1519 715 1571 sidem
755 1519 937 1586 procul
973 1536 1034 1572 ac
1084 1521 1383 1576 Turcorum
1435 1527 1826 1583 remotissimas
1877 1530 2126 1586 civitates

543 1609 770 1678 captivis
803 1610 1071 1666 abductis.
1113 1609 1282 1666 Tanta
1313 1616 1509 1682 passim
1540 1621 1980 1676 consternatione
2003 1623 2121 1676 uni-

542 1715 853 1764 versorum,
913 1713 968 1755 ut
1024 1703 1196 1771 palam
1249 1706 1446 1775 ubique
1494 1721 1810 1764 curreretur
1857 1713 1908 1766 in
1943 1724 2119 1779 antra,

538 1790 714 1859 lucos,
764 1803 817 1848 et
849 1803 1057 1849 montes
1089 1797 1312 1864 locaque
1364 1801 1558 1856 similia
1589 1819 1739 1872 Spem
1793 1805 2120 1862 latebrarum

540 1884 910 1950 ostendentia,
973 1895 1287 1957 tantumque
1346 1906 1450 1944 non
1504 1893 1776 1949 diceretur
1834 1898 2116 1963 montibus,

550 1974 739 2031 Cadite
762 1994 918 2045 super
939 1995 1054 2043 nos,
1087 1995 1137 2032 et
1167 1981 1391 2035 collibus
1422 1982 1628 2052 Operite
1653 2004 1746 2040 nos
1770 1987 1809 2040 ⁸.
1855 1987 1928 2042 Ea
1961 1994 2122 2064 vulgo

543 2068 880 2134 perturbatio
912 2070 1154 2125 infelices
1187 2076 1694 2142 comprehenderat,
1722 2083 1812 2149 qui
1849 2084 2120 2151 quotidia-

556 2158 643 2211 nis
674 2159 905 2227 expositi
937 2160 1296 2217 Barbarorum
1357 2166 1776 2236 incursionibus,
1827 2174 2124 2233 horrebant

539 2249 592 2304 in
626 2261 895 2307 momenta
925 2255 1160 2322 singula,
1194 2272 1285 2325 ne,
1317 2262 1457 2328 quod
1488 2262 1610 2316 aliis
1638 2267 1856 2321 evenire
1881 2270 2121 2337 quotidie

535 2345 854 2410 cernebant,
910 2348 1107 2414 captivi
1141 2349 1466 2406 ducerentur
1493 2354 1544 2408 in
1581 2355 1858 2413 Persidem
1893 2369 1948 2414 ct
1985 2362 2118 2432 ipsi;

538 2443 632 2485 aut
658 2449 778 2487 CIIII]
827 2437 1010 2505 utique
1040 2440 1177 2508 capti
1221 2457 1286 2496 eo
1326 2444 1690 2510 traherentur,
1724 2451 1865 2506 votis
1899 2453 2117 2510 miseris

536 2519 839 2592 fatigabant
869 2525 1065 2580 coelum
1098 2531 1168 2582 ob
1201 2531 1337 2585 mala
1371 2548 1491 2602 qua:
1529 2537 1850 2596 tolerabant.
1886 2541 2039 2608 Quod
2071 2546 2118 2600 si

546 2627 683 2682 quos
715 2613 930 2670 fortuna
964 2620 1206 2686 quaedam
1233 2623 1480 2679 servituti
1514 2624 1812 2684 Turcorum
1837 2647 1901 2688 ac
1923 2635 2122 2691 crude-

532 2699 670 2756 litati
707 2704 1066 2770 subtraheret,
1097 2717 1273 2762 tamen
1308 2711 1409 2767 illis
1444 2716 1651 2783 peribat
1682 2719 1803 2775 vitae
1851 2737 1915 2778 ac
1955 2724 2122 2782 liber-

534 2795 659 2848 tatis
688 2791 914 2861 fructus,
953 2796 1094 2852 luctu
1131 2809 1186 2854 et
1214 2802 1480 2861 desiderio
1513 2814 2024 2872 consenescentibus
2061 2817 2116 2873 in

533 2881 774 2937 Romana
803 2894 984 2939 terra:
1037 2887 1216 2943 tiliam
1262 2890 1351 2946 illo
1379 2894 1592 2962 quidem
1627 2901 1881 2955 servitum
1919 2904 2119 2962 abduc-

534 2983 644 3028 tam
675 2975 1005 3031 lamentante
1028 2979 1151 3035 allis
1178 2984 1456 3051 suspiriis;
1499 2988 1598 3043 hoc
1626 2989 1868 3061 fratrem,
1893 2996 1999 3052 alio
2021 3013 2116 3068 pa-

532 3067 780 3131 truelem,
813 3081 906 3120 ant
960 3068 1143 3125 fratris
1177 3072 1367 3137 filium,
1403 3088 1575 3132 morte
1603 3081 1854 3152 abreptos
1883 3102 2110 3155 prama-

536 3165 652 3206 tura
685 3155 1048 3222 gementibus.
1079 3157 1188 3214 Nec
1235 3165 1560 3220 moderatior
1609 3169 1844 3226 virorum
1893 3190 2108 3248 quoque

539 3246 738 3315 passim
778 3249 1133 3317 comploratio
1182 3255 1508 3311 cernebatur
1553 3276 1714 3330 quam
1766 3269 1942 3336 qualis
1985 3246 2108 3330 esse

533 3337 815 3392 mulierum
849 3341 898 3394 in
926 3340 1207 3399 funeribus
1237 3345 1373 3403 solet
1403 3350 1606 3408 calidas
1638 3358 1859 3416 assidue
1897 3363 2113 3420 stillan-

533 3429 663 3483 tiam
694 3431 983 3501 lacrymas.
1019 3432 1190 3491 Porro
1235 3452 1332 3507 per
1365 3455 1554 3499 omnes
1611 3449 1732 3503 vitae
1767 3454 2106 3513 conditiones

529 3537 591 3574 ac
623 3519 853 3578 fortunae
888 3527 1089 3596 gradus
1120 3530 1402 3588 calamitas
1452 3536 1551 3590 ista
1586 3543 1966 3615 grassabatur;
2018 3566 2106 3606 ne-

530 3613 674 3668 tuine
702 3615 865 3669 sortis
897 3618 1296 3692 cujuscunque,
1355 3627 1576 3684 fletuum
1611 3642 1663 3686 et
1691 3613 1982 3704 gemituum
2015 3643 2106 3698 lto-

531 3717 648 3756 rum
681 3703 928 3760 immuni.
960 3707 1094 3764 Cum
1124 3714 1338 3769 interim
1373 3720 1461 3788 qui
1494 3719 1795 3780 llontanum
1827 3741 2099 3800 sceptrum

526 3791 881 3864 imperatores
913 3804 1334 3861 tttoderabantur
1364 3825 1537 3880 usque
1579 3817 1644 3868 ad
1681 3829 1888 3888 patrem
1919 3791 2099 3881 iueum

526 3882 812 3956 (exceptis
861 3905 992 3944 sane
1043 3897 1349 3965 perpaucis,
1409 3900 1675 3962 Tzimisce
1722 3910 1996 3983 nimirum,
2050 3928 2106 3972 et

523 3973 755 4048 Basilio)
805 3979 920 4036 fere
973 3984 1308 4044 abstinerent
1365 3992 1527 4050 rebus
1575 3998 1866 4069 Asiaticis;
1921 3973 1995 4062 ac,
2036 4024 2105 4064 ne

1865 320 2089 382 ANN
2128 318 2506 384 COMNENE

2162 436 2204 492 Α
2234 435 2588 506 ἀναρρήσεως
2615 433 2663 488 οἱ
2699 432 2978 504 Βάρὸαροι
3002 433 3264 504 ἐπέϐησαν
3293 435 3384 492 οὐκ
3419 440 3612 514 εὐτυχῶς
3648 453 3693 504 ὲκ

2232 529 2478 598 πρώτης,
2501 526 2530 580 δ
2562 544 2717 596 φασι,
2750 526 2999 597 βαλϐῖδος
3023 528 3143 579 κατ’
3160 527 3329 581 αὐτῶν
3349 531 3685 604 ἐξορμήσαντες,

2231 618 2290 671 οὐ
2325 617 2488 688 μέχρι
2509 617 2607 686 τῆς
2624 615 2822 688 τούμοῦ
2852 616 3052 687 πατρὸς
3072 617 3466 689 αὐτοκρατορίας
3491 623 3519 691 ἡ
3543 622 3694 696 papa.

2233 711 2360 781 ρικὴ
2389 710 2509 780 χεὶρ
2579 707 2954 776 συνέσταλται,
2985 706 3118 762 ἀλλὰ
3177 712 3267 764 καὶ
3293 710 3408 784 ξίφη
3453 714 3531 768 καὶ
3556 716 3698 785 δόρατα

2232 800 2376 854 κατὰ
2403 799 2750 871 Χριστιανῶν
2777 797 3088 869 ἔξεθήγετο,
3145 801 3234 853 καὶ
3269 802 3425 870 μάχαι
3475 806 3554 859 καὶ
3581 809 3675 862 πολε

2235 909 2327 962 μοι
2363 894 2461 947 καὶ
2505 892 2735 960 σφαγαὶ,
2781 891 3102 962 ἠφανίζοντο
3139 890 3236 962 μὲν
3269 894 3456 961 πόλεις,
3492 897 3699 967 siquam

2230 981 2288 1035 δὲ
2335 980 2532 1052 χῶραι,
2580 981 2676 1033 καὶ
2722 982 2874 1034 πᾶσα
2920 982 2958 1050 ἡ
3009 981 3292 1051 Ῥωμαίων
3330 985 3395 1054 γῆ
3435 985 3699 1056 Χριστιανῶν

2231 1073 2461 1142 αἴμασιν
2504 1072 2882 1142 ἐμιαίνετο.οἱ
2913 1073 3013 1141 μὲν
3043 1073 3150 1145 γὰρ
3177 1073 3344 1144 βέλεσί
3363 1093 3416 1128 τε
3439 1079 3519 1131 καὶ
3542 1078 3699 1150 δόρασιν

2229 1163 2466 1236 οἰκτρῶς
2497 1164 2750 1230 ἔπιπτον,
2792 1166 2842 1216 οί
2872 1165 2928 1216 δὲ
2960 1163 3069 1217 τῶν
3113 1167 3380 1236 σφετέρων
3405 1168 3700 1240 ἀπελαυνόμε-

2230 1274 2311 1311 νοι
2339 1257 2670 1328 δορυάλωτοι
2711 1257 2847 1328 πρὸς
2875 1257 2975 1318 τὰς
2998 1257 3182 1322 πόλεις
3213 1259 3454 1328 Περσίδος
3474 1261 3697 1332 απήτόντοο

2231 1350 2326 1403 καὶ
2357 1348 2558 1420 δρόμος
2609 1350 2861 1414 ἅπαντας
2916 1345 3061 1418 εῖχεν
3121 1351 3212 1402 ἐπὶ
3246 1350 3310 1403 τὰ
3358 1352 3508 1423 ἄντρα
3552 1356 3624 1407 καὶ
3653 1355 3700 1409 τὰ

2229 1439 2370 1509 ἄλση
2405 1440 2502 1493 καὶ
2535 1441 2603 1492 τὰ
2633 1439 2736 1510 ὅρη
2765 1441 2861 1494 καὶ
2892 1440 3024 1503 τοὺς
3083 1440 3296 1510 βουνοὺς
3324 1443 3420 1496 ἀπὸ
3456 1443 3546 1496 τῶν
3567 1445 3698 1499 sim-

2231 1531 2479 1585 πτόντων
2566 1532 2756 1584 δεινῶν
2818 1531 3160 1602 κρύπτεσθαι
3221 1533 3584 1603 ἐπειγομένους.
3640 1536 3698 1587 Ἓν

2229 1625 2444 1687 τούτοις
2481 1625 2531 1677 οἱ
2585 1625 2683 1694 μὲν
2741 1625 3073 1678 ἐποτνιῶντο
3094 1623 3179 1694 ἐφ’
3230 1621 3309 1688 οἷς
3362 1625 3562 1697 ἔπασχον
3606 1630 3700 1695 πρὸς

2230 1717 2474 1787 Περσίδα
2524 1716 2893 1788 ἀπαγόμενοι,
2942 1718 2992 1770 οί
3047 1718 3093 1770 δ’
3139 1716 3221 1769 ἐτι
3276 1717 3525 1787 περιόντες
3551 1718 3594 1769 εί
3625 1719 3698 1771 πού

2155 1790 2196 1843 Β
2224 1827 2371 1874 τινες
2395 1811 2511 1872 τοῖς
2577 1808 2908 1878 Ῥωμαϊκοῖς
2961 1809 3136 1880 ὁρίοις
3198 1810 3532 1881 ἐναπέμειναν
3566 1810 3698 1880 βύθιον

2227 1901 2532 1962 στένοντες.
2581 1899 2638 1953 Ὀ
2692 1899 2792 1968 μὲν
2827 1898 2962 1964 υἱδν,
2995 1901 3024 1952 ό
3052 1898 3110 1952 δὲ
3164 1900 3422 1970 θυγατέρα
3469 1901 3700 1971 tamen

2223 1993 2280 2046 δὲ
2316 1991 2569 2060 ἀδελφὸν,
2599 1993 2625 2044 ὁ
2654 1992 2711 2046 δὲ
2741 1991 3059 2060 ἀδελφιδοῦν
3094 1991 3408 2045 ἀπεκλαίετο
3432 1993 3519 2062 πρό
3556 1991 3698 2061 καιριύ

2223 2077 2549 2147 θνήσκοντα,
2589 2077 2685 2130 καὶ
2739 2072 2826 2130 οἷα
2887 2079 3154 2146 γυναῖκες
3216 2077 3405 2148 θερμὸν
3450 2079 3699 2140 κατέσταζεν

2223 2169 2483 2241 δάκρυον.
2510 2170 2622 2223 Καὶ
2654 2165 2859 2239 οὐκ,ἦν
2898 2169 3022 2222 τότε
3053 2169 3277 2240 οὐδεμία
3305 2187 3382 2234 τις
3419 2171 3570 2241 σχέσις
3611 2172 3699 2225 ἄδι-

2223 2279 2363 2333 κρυς
2408 2260 2518 2316 οὐδ’
2571 2261 2926 2325 ἀστένακτος.
2990 2261 3261 2323 Βασιλεὺς
3291 2263 3342 2316 δὲ
3379 2263 3501 2332 πλὴν
3539 2263 3696 2329 ὀλίγων,

2223 2355 2370 2422 λέγω
2401 2352 2457 2405 δὲ
2490 2351 2806 2422 Τζιμισκήν
2840 2353 2884 2386 δ’
2917 2368 2975 2404 τε
3009 2353 3110 2405 καὶ
3146 2352 3411 2406 Βασίλειον
3435 2352 3699 2422 τὸνβασιλέα

2222 2446 2288 2499 ὲκ
2337 2443 2459 2498 τότε
2490 2442 2587 2497 καὶ
2641 2444 2805 2515 μέχρι
2846 2443 3058 2514 τούμοῦ
3109 2444 3332 2512 πατρὸς,
3370 2445 3523 2508 οὐδεὶς
3563 2444 3698 2515 ἄκροις

2221 2539 2350 2592 ποσὶ
2375 2536 2474 2607 τῆς
2525 2536 2828 2598 ’Λσιόιτιδος
2853 2535 3175 2604 ἐφάψασθαι
3218 2537 3277 2590 τὸ
3305 2537 3536 2606 παράπαν
3570 2535 3696 2588 ea»

2224 2646 2421 2701 μηκεν.
2478 2630 2596 2683 Ἵνα
2640 2629 2695 2682 τί
2733 2627 2792 2682 δὲ
2845 2628 2976 2698 περὶ
3015 2628 3264 2693 τούτων;
3308 2628 3592 2699 αἰσθάνομαι
3625 2628 3698 2692 γὰρ

2222 2723 2469 2792 ἐμαυτῆς
2508 2718 2622 2774 οἷον
2671 2721 2772 2792 τῆς
2802 2718 3090 2790 λεωφόρου
3133 2719 3532 2791 ἐκτρεπομένης,
3574 2717 3698 2771 διττόν

2222 2829 2316 2883 μοι
2337 2811 2431 2865 τὸν
2469 2810 2658 2880 ἀγῶνα
2691 2811 2787 2864 τοῦ
2839 2809 3002 2879 λόγου
3031 2811 3136 2882 τῆς
3183 2811 3522 2881 προκειμένης
3548 2808 3699 2874 61:870-

2222 2904 2494 2977 ρευούσης
2539 2904 2854 2967 ὑποθέσεως
2903 2906 3149 2976 ἱστορεῖν
3190 2904 3306 2974 ἅμα
3347 2904 3430 2956 καὶ
3472 2900 3700 2972 τραγῳδεῖν

2221 2997 2292 3052 τὰ
2325 2997 2688 3068 συμπεσόντα
2718 2996 2798 3067 τῷ
2832 2997 3228 3068 αὐτοκράτορι·
3259 2997 3470 3066 ἱστορεῖν
3497 2996 3576 3065 μὲν
3610 2995 3698 3054 τοὺς

2135 3124 2179 3184 c
2218 3091 2460 3159 ἀγῶνας,
2499 3090 2579 3153 είς
2614 3088 2883 3159 μονῳδίαν
2915 3089 2978 3142 δὲ
3001 3090 3163 3158 ἄγειν
3210 3090 3375 3145 ὁπόσα
3413 3090 3498 3184 τὴν
3531 3085 3697 3184 καρδίαν

2209 3183 2642 3254 διεμασσήσατο,
2667 3182 2789 3252 μεθ’
2838 3177 2914 3237 ὧν
2945 3182 3208 3255 τάττοιμι
3239 3183 3302 3239 ἂν
3341 3183 3427 3238 καὶ
3451 3181 3524 3234 τὸν
3543 3177 3696 3232 ἐκείνου

2210 3275 2442 3329 θάνατον
2479 3275 2575 3328 καὶ
2619 3273 2805 3345 πάσης
2847 3274 2949 3346 τῆς
2999 3275 3255 3344 ἐπιγείου
3308 3274 3490 3346 λήξεως
3513 3269 3693 3338 δλεθρον.

2219 3369 2381 3424 Ἀλλὰ
2403 3368 2511 3440 γὰρ
2544 3367 2838 3440 ἀναμέμνη
2849 3386 2946 3439 μαι
2979 3369 3084 3423 καὶ
3108 3369 3278 3438 λόγων
3301 3368 3451 3422 τινῶν
3474 3361 3692 3434 πατρικῶν

2206 3461 2308 3533 τῆς
2341 3461 2442 3532 μὲν
2491 3461 2736 3533 ἱστορίας
2793 3461 3154 3530 ἁπαγόντων,
3187 3464 3266 3528 εἱς
3298 3463 3350 3515 δὲ
3379 3463 3489 3523 τούς
3515 3458 3694 3528 Θρήνους

2211 3551 2438 3614 καὶτὰς
2490 3551 2815 3623 ὀλοφύρσεις
2865 3553 3352 3623 παρακαλούντων.
3392 3551 3586 3605 Ἤκουον
3620 3547 3694 3614 γὰρ

2211 3645 2304 3694 καὶ
2337 3642 2531 3695 τούτου
2579 3641 2871 3706 πολλάκις.
2912 3643 3158 3698 Ἤκουον
3194 3643 3290 3714 τὴν
3323 3642 3508 3712 μητέρα
3529 3637 3602 3690 καὶ
3627 3632 3694 3701 tu»

2214 3732 2385 3786 σιλίδα
2415 3733 2815 3798 ἀντικόπτοντος
2849 3734 3257 3789 ἐπιτάττουσαν
3284 3735 3389 3795 τοῖς
3443 3729 3590 3798 σοφῡῖς
3633 3721 3693 3775 διὰ

2211 3826 2309 3895 τῆς
2361 3826 2608 3896 ἱστορίας
2655 3829 2771 3891 τοῖς
2847 3826 3155 3899 ἐσύστερον
3228 3823 3555 3897 παραπέμψαι
3602 3816 3690 3874 τοὶς

2207 3920 2421 3972 ἐκείνου
2460 3919 2658 3984 πόνους
2695 3921 2792 3973 καὶ
2823 3920 2891 3973 τὰ
2953 3920 3134 3974 πολλά
3179 3916 3314 3974 ἆθλα
3349 3919 3511 3972 ἐκεῖνα
3553 3905 3690 3963 καὶτὰ

2212 4013 2539 4084 σκάμματα,
2599 4014 2861 4085 μονῳδεῖν
2911 4014 2967 4067 δὲ
3021 4015 3114 4068 ἐπ’
3145 4014 3289 4086 αὐτῴ
3322 4014 3408 4068 καὶ
3445 4006 3616 4064 κλαίειν
3643 3997 3691 4052 τὰ

2212 4109 2560 4177 συμπεσόντα
2608 4110 2654 4161 οἱ
2689 4108 2863 4164 δεινά.

523 4157 886 4269 periculorum
917 4163 1125 4232 plenam
1174 4171 1511 4237 provinciam
1551 4182 1833 4242 auderent.
1874 4190 2066 4248 Verum
2101 4197 2229 4267 quid
2264 4157 2364 4269 ego
2396 4199 2449 4253 in
2495 4199 2580 4253 his
2631 4200 2858 4255 ιιιηάἱυῖ
2923 4199 3115 4258 Sentio
3163 4201 3302 4258 enim
3353 4197 3607 4256 declinasse
3630 4201 3689 4241 ιυθ

523 4247 666 4300 velut
721 4249 773 4301 in
827 4251 1203 4312 diverticulum
1236 4277 1264 4314 e
1303 4264 1382 4317 via
1419 4269 1587 4338 regia,
1648 4285 1701 4328 et
1738 4294 1764 4330 a
1808 4247 2118 4352 proposito-

2150 4247 2229 4252 ___
2269 4247 2360 4269 ,0-
2495 4247 2579 4253 ,,,-
2632 4247 2850 4255 ,-,,,,κ,
2923 4247 3112 4258 wn."
3568 4247 3575 4248 ,

2150 4290 2448 4350 deflectere.
2506 4290 2773 4346 Nimirum
2824 4309 2943 4363 quae
2980 4293 3116 4350 fecit
3169 4293 3378 4349 fortiter
3402 4304 3458 4344 ac
3485 4286 3688 4354 sapienter

520 4356 672 4443 meus
701 4352 875 4410 pater,
921 4361 1145 4447 quaeque
1183 4367 1488 4454 rertnnnose
1524 4364 1663 4422 idem
1711 4387 2022 4445 perpessus,
2054 4394 2314 4449 generose
2346 4384 2588 4454 pertulit,
2625 4399 2689 4441 ex
2719 4400 2874 4454 aequo
2910 4387 2976 4441 ad
3031 4387 3350 4458 farraginem
3398 4380 3536 4449 hujus
3555 4371 3687 4444 operis

517 4444 789 4520 pertinent
819 4452 831 4488 :
877 4443 1028 4506 cujus
1078 4443 1410 4550 suscipiendi
1443 4469 1548 4509 non
1582 4457 1633 4511 id
1663 4462 1859 4532 solum,
1893 4443 2106 4540 nequis
2141 4485 2311 4541 erret,
2347 4443 2651 4532 consilium
2685 4477 2806 4545 fuit,
2841 4488 2898 4532 ut
2932 4494 3019 4535 res
3049 4489 3231 4550 gestas
3261 4485 3563 4548 pugnataque
3587 4465 3684 4520 bella

507 4539 846 4592 exponerem
877 4532 1176 4595 narrando,
1210 4540 1590 4613 memoriaeque
1639 4547 1808 4624 496
1843 4532 2118 4620 commend

2150 4532 2324 4620 trem':
2363 4580 2548 4622 verum
2585 4565 2713 4621 illud
2744 4532 2958 4638 quoque
2991 4532 3277 4638 inupartetn
3321 4566 3462 4633 pensi
3499 4557 3684 4616 destina-

1664 4618 1732 4622 η
1764 4618 1798 4624 ν
2063 4618 2066 4620 ν
2207 4618 2264 4620 -_
2312 4618 2322 4620 ι
2791 4618 2868 4623 η.
2898 4618 2954 4623 _-
3073 4618 3276 4638 μην--
3431 4618 3440 4620 ι

517 4618 666 4675 tione
695 4637 812 4680 mea
862 4629 1037 4699 prima
1070 4628 1394 4699 imputatum
1425 4645 1508 4689 est
1537 4652 1566 4692 a
1591 4655 1697 4708 me,
1732 4656 1790 4699 ut
1822 4646 2038 4707 dolores
2071 4669 2344 4727 casusque
2373 4665 2488 4712 tum
2521 4618 2778 4729 privatim
2814 4618 2986 4726 meos,
3027 4671 3137 4714 tum
3171 4658 3476 4713 domesticos
3502 4667 3555 4705 ac
3580 4661 3685 4702 nico.

515 4729 658 4780 rum.
694 4723 864 4786 patris
892 4724 1214 4792 praesertim,
1267 4726 1626 4802 lamentarer;
1659 4737 2022 4814 solatiumque
2082 4749 2227 4808 istud
2255 4723 2594 4824 indulgerem
2645 4753 2861 4808 interim
2893 4754 3040 4807 cordi
3092 4768 3230 4816 meo,
3282 4764 3497 4806 mmrore
3525 4758 3608 4814 quo
3630 4748 3685 4789 ta-

514 4807 687 4862 bescit
723 4812 888 4876 intus,
925 4829 1020 4882 per
1052 4818 1299 4884 querelas
1323 4831 1371 4875 et
1403 4826 1632 4894 suspiria
1671 4829 1816 4887 foras
1845 4834 2189 4896 elfundendo.
2221 4807 2480 4900 Maloruum
2517 4861 2680 4917 porro
2701 4861 2818 4918 quae
2843 4847 3035 4900 harum
3056 4845 3184 4898 mihi
3206 4845 3537 4914 lacrymarum
3559 4846 3677 4890 03""

515 4909 660 4965 sunt,
693 4902 951 4958 familiam
990 4908 1239 4964 videlicet
1275 4913 1424 4967 ducit
1457 4929 1603 4973 mors
1633 4925 1874 4987 parentis
1903 4930 2044 4997 mei;
2077 4946 2196 5000 qua:
2223 4934 2409 4989 mundi
2442 4944 2497 4990 et
2517 4902 3098 4990 'rerumdtumanarum
3129 4933 3311 4988 eadem
3347 4931 3436 4984 fuit
3462 4926 3672 4983 interimi-

515 4989 642 5043 ΙΙωο
677 4995 836 5048 modo
871 5000 1198 5053 narrandam
1231 5014 1288 5055 se
1319 5003 1450 5058 mihi
1490 5009 1985 5088 deplorandamque
2031 4989 2208 5082 offert.
2244 5024 2354 5081 lmo
2381 5026 2761 5095 deplorandam
2821 5027 3008 5090 unice;
3052 5024 3298 5079 narrandi
3347 5022 3477 5076 enim
3518 5025 3679 5072 omnem

510 5082 772 5150 impalluit
803 5091 964 5159 eripit
995 5092 1082 5145 illa
1112 5109 1210 5148 vos
1247 5110 1408 5165 quam
1443 5097 1510 5154 ab
1544 5099 1634 5156 illo
1669 5105 1782 5173 ipso
1817 5121 1970 5179 patre
2018 5131 2139 5172 meo
2167 5119 2356 5180 audire
2387 5121 2516 5176 olim
2549 5120 2794 5186 memini,
2827 5137 2948 5177 cum
2981 5120 3175 5189 saepius
3218 5115 3572 5186 imperatricem
3597 5123 3678 5161 ma-

511 5186 656 5230 trem
683 5193 855 5232 meam
884 5184 1070 5237 doctos
1097 5193 1152 5238 et
1184 5186 1418 5244 disertos
1449 5190 1594 5248 viros
1621 5197 1690 5250 ad
1719 5201 2036 5260 scribendas
2062 5209 2351 5279 resipsius
2377 5213 2626 5282 bellaque
2663 5227 2728 5268 ac
2772 5184 3033 5267 victorias
3057 5184 3418 5266 celebrandas
3445 5212 3677 5272 ρτ⁰ν⁰θ²¹¹⁹

514 5280 647 5335 lem,
685 5273 1130 5345 reprehenderet,
1163 5283 1424 5348 aptiorem
1457 5285 1753 5357 elegiarnm
1782 5305 1834 5350 et
1862 5296 2116 5354 flebilium
2153 5273 2465 5373 questnum,
2504 5273 2665 5378 quam
2695 5307 2939 5363 historia:
2989 5316 3079 5360 aut
3111 5300 3408 5372 panegyrici
3456 5294 3674 5353 materiam

509 5381 598 5421 res
627 5379 756 5421 suas
791 5365 1084 5435 dictitans;
1117 5373 1250 5429 adeo
1278 5375 1467 5444 multa,
1495 5384 1645 5442 varia
1675 5387 1862 5445 eadem
1892 5403 1948 5447 et
1969 5397 2178 5464 gravia,
2209 5401 2372 5454 vitam
2404 5401 2522 5468 ejus
2558 5403 2868 5459 universam
2899 5402 3035 5457 mala
3069 5398 3450 5455 infestaverant.

578 5525 598 5556 ³
630 5523 770 5581 Osee
822 5541 879 5592 ι,
912 5525 982 5593 8;
1018 5527 1146 5584 Luc.
1181 5547 1338 5601 unt,
1375 5535 1464 5591 30.
1490 5548 1497 5562 ’·

1573 5659 1770 5723 Varite
1801 5663 2112 5731 lectiones
2155 5686 2232 5734 ex
2269 5671 2404 5736 cod.
2441 5671 2706 5736 Coislin.

587 5727 972 5830 fﬁTCttmxftv.
