3986 6212
451 280 588 349 ttat
1757 279 1984 341 ANNIE
2019 276 2399 339 couNENas
2444 252 2449 255 ’
3557 280 3707 345 1192

438 402 707 472 partibus,
738 402 1020 456 humerum
1055 400 1111 454 in
1145 398 1375 454 alterum
1427 396 1644 467 copiose
1697 405 2012 461 corrtvavu,
2041 449 2044 456 ,

2146 394 2211 446 Lai.
2244 394 2443 464 ἢκουον
2469 394 2579 447 τῶν
2594 393 2929 464 λεγομένων,
2957 397 3050 452 καὶ
3074 400 3187 462 τοῖς
3210 398 3306 452 τοῦ
3329 397 3713 463 Καλλικλέους

458 496 639 563 ibique
667 495 915 547 detinuit.
948 491 1094 546 Multi
1130 490 1505 545 statimacciti
1553 488 1903 550 medicorum,
1937 489 2021 541 ni-

2146 482 2282 553 ιάγὼ
2317 483 2685 556 συνετιοέμην
2730 485 2936 555 λόγοις.
2967 488 3089 545 Τῶν
3115 490 3381 546 πλειόνων
3415 492 3465 546 δ’
3495 492 3651 562 ὅμως
3673 493 3712 562 ἡ

443 585 519 640 hil
583 585 703 639 inde
755 583 1034 639 sinistrum
1088 582 1315 637 ominati
1366 590 1513 637 sunt.
1570 580 1720 637 Unus
1763 578 2020 634 Nicotaus

2146 576 2310 646 ιιῆφος
2335 576 2579 647 ἐκράτει.
2619 578 2782 633 Ἀλλὰ
2812 580 2936 633 τότε
2964 580 3030 651 δὴ
3050 582 3171 635 τότε
3185 582 3246 635 τὸ
3279 583 3379 654 μὲν
3413 582 3599 654 ῥεῦμα
3613 584 3713 637 τοῦ

445 675 708 739 Callicles,
740 684 890 728 vates
952 674 1054 727 heu
1095 673 1260 727 nimis
1290 686 1456 727 verax
1511 688 1527 726 :
1563 670 1700 724 male
1753 684 1812 724 se
1839 669 2019 724 vereri

2146 666 2409 721 Ξασιλικοῦ
2428 668 2679 739 σώματος
2692 670 2793 734 τὰς
2810 671 3058 743 συνήθεις
3071 674 3454 744 ὲπικρατῆσαν
3466 676 3503 744 ἡ
3510 674 3579 743 μέ
3586 690 3713 745 ρας,

446 767 581 820 dixit
628 781 693 820 ne
727 780 756 818 a
816 776 1075 819 consueto
1105 765 1156 818 in
1189 775 1371 832 partes
1400 772 1656 819 externas
1677 760 1821 815 llnxu
1853 760 2022 815 dedu-

2146 760 2577 831 ἱιπεμαραίνετο,
2614 764 2712 817 καὶ
2736 765 2875 837 πρὸς
2906 765 3099 835 ὑγείαν
3131 768 3161 820 ὁ
3189 769 3417 836 κάμνων
3448 764 3713 838 suavi)“.

445 869 563 912 ctus
595 858 809 922 humor,
838 868 1001 927 atque
1034 858 1086 911 in
1121 856 1379 911 interiora
1404 853 1773 920 retrocedens,
1818 852 2089 907 funestum
2140 851 2382 920 aliquod,
2422 863 2478 909 et
2506 856 2750 927 remedio
2801 857 2952 912 nullo
2999 860 3361 928 procurabile,
3412 860 3468 914 in
3519 860 3753 915 vitalia:

445 953 660 1022 penitus
695 950 808 1020 ipsa
843 952 1044 1004 malum
1096 951 1438 1018 importaret.
1472 947 1609 1015 Nos,
1647 946 1790 1015 quod
1827 945 2212 999 aversabamur
2241 945 2467 1002 credere
2513 961 2620 1002 non
2670 950 2848 1018 proni,
2901 950 3173 1006 Calliclem
3214 952 3298 1007 sic
3345 945 3750 1031 disserentem:

446 1048 824 1118 negleximus;
878 1063 997 1115 nec,
1038 1047 1180 1117 quod
1213 1047 1439 1117 jubebat
1470 1044 1560 1099 ille
1587 1049 1829 1097 actutum
1862 1040 1977 1095 fieri
2011 1055 2134 1096 cum
2159 1041 2604 1098 interminatione
2628 1044 2857 1113 periculi
2880 1047 3082 1115 gravis,
3110 1046 3405 1103 exhaurire
3425 1047 3745 1102 sentinam'

446 1140 572 1207 aegri
600 1142 844 1208 corporis
879 1139 1178 1207 proiiiuatis
1206 1138 1386 1194 statim
1422 1133 1780 1205 purgantibus
1810 1132 2120 1202 pharmacis
2178 1134 2513 1189 curavimus.
2564 1134 2912 1191 Abborrebat
2949 1140 3019 1191 ab
3079 1136 3347 1205 ejusmodi
3400 1137 3717 1207 potionibus

446 1230 711 1299 majorem
747 1229 801 1283 iu
838 1231 1054 1284 modum
1090 1243 1241 1283 meus
1270 1235 1441 1295 pater,
1480 1223 1747 1293 planeque
1781 1222 2039 1277 hactenus
2069 1232 2347 1293 expertem
2401 1223 2751 1280 miseriarum
2800 1226 2988 1282 talium
3031 1228 3198 1282 vitam
3247 1230 3501 1284 duxerat.
3549 1227 3718 1300 ‘97

446 1321 723 1379 Favebant
750 1324 815 1377 ad
870 1324 983 1377 haec
1015 1323 1133 1391 ejus
1184 1320 1402 1375 fastidio
1431 1332 1495 1372 ac
1525 1315 1899 1371 consuetudini
1933 1316 2125 1371 medici
2155 1317 2482 1388 complures,
2518 1320 2881 1390 princepsque
2937 1320 3080 1376 inter
3121 1335 3312 1376 omnes
3373 1320 3723 1377 Pantecbnrs

448 1417 698 1482 Michael,
753 1415 846 1486 qui
880 1424 989 1468 tum
1019 1414 1246 1468 aliarum
1284 1427 1418 1481 pene
1446 1410 1709 1475 omnium,
1745 1418 1857 1464 tum
1886 1408 2002 1477 ejus
2028 1423 2189 1477 quam
2230 1410 2502 1479 praecipue
2549 1409 2829 1466 factitabat
2860 1414 2998 1467 artis
3034 1412 3317 1468 medicinae
3371 1411 3722 1468 consultissi-

448 1526 568 1565 mus
601 1509 835 1563 habitus.
869 1508 1033 1563 etiam
1092 1505 1420 1575 peculiarem
1463 1505 1708 1557 notitiam
1758 1500 2090 1556 babitudinis
2127 1515 2191 1556 ac
2230 1501 2476 1572 corporis
2508 1502 2687 1558 Alexii
2732 1503 2893 1575 longo
2926 1518 3025 1560 usu
3072 1513 3129 1559 et
3160 1504 3551 1560 observatione
3585 1503 3720 1557 hau.

449 1603 587 1658 sisse
616 1610 849 1670 poterat,
885 1599 1055 1651 multo
1111 1612 1233 1649 cum
1269 1611 1333 1649 co
1365 1604 1606 1664 tempore
1640 1602 1907 1648 versatus.
1940 1592 1986 1646 Is
2014 1608 2144 1662 ergo
2165 1607 2286 1648 cmn
2317 1602 2373 1649 et
2401 1608 2521 1662 sua,
2552 1604 2607 1649 ct
2641 1594 2872 1651 aliorum
2904 1597 3174 1652 sententia
3208 1595 3473 1667 plurium,
3515 1610 3720 1664 purga-

452 1695 601 1747 tione
656 1706 879 1760 prorsus
910 1689 1277 1753 interdiceret,
1315 1701 1473 1755 quem
1506 1694 1617 1739 tum
1640 1694 1828 1739 contra
1861 1694 2092 1740 cunctos
2115 1700 2255 1740 unus
2281 1686 2461 1741 nitens
2497 1685 2751 1742 Callicles
2798 1688 3088 1743 moveret?
3148 1688 3327 1744 Nihilo
3384 1689 3479 1743 ille
3536 1698 3719 1742 tamen

453 1784 737 1844 insistebat
767 1780 964 1846 minus,
994 1794 1061 1833 ex
1094 1784 1269 1841 certa,
1300 1786 1386 1841 ut,
1424 1785 1615 1831 eventa
1652 1782 2046 1840 monstrarunt,
2085 1774 2252 1828 futuri
2281 1775 2643 1844 providentia,
2677 1776 2916 1846 graviter
2949 1777 3266 1843 admonens,
3307 1777 3559 1845 claraque
3581 1791 3722 1832 voce

455 1877 782 1932 denuntians
811 1890 875 1928 ac
902 1882 1221 1928 contestans
1256 1869 1397 1937 fore,
1430 1881 1488 1924 ut
1521 1869 1565 1925 si
1602 1869 1826 1923 noxium
1861 1868 2139 1921 humorem
2179 1868 2247 1922 ab
2281 1868 2533 1923 articulis
2557 1870 2849 1936 extremis,
2896 1885 3003 1941 quo
3047 1872 3180 1927 ferri
3228 1879 3617 1935 consueverat,
3649 1872 3719 1926 ad

451 1972 741 2027 humerum
772 1981 934 2037 atque
959 1969 1023 2019 ad
1049 1965 1248 2019 collum
1283 1963 1503 2032 impune
1532 1961 1753 2024 retrahi,
1798 1959 2137 2026 liberumque
2165 1958 2366 2013 [iuxtim
2406 1959 2608 2014 habere
2636 1960 2905 2026 sinerent,
2962 1960 3011 2017 is
3059 1976 3155 2033 per
3183 1962 3443 2017 haustum
3496 1963 3726 2033 pbarma

451 2081 635 2121 eorum
666 2062 1010 2132 purgantium
1061 2072 1162 2112 non
1203 2058 1520 2118 exhaustus,
1557 2055 1611 2108 in
1660 2053 1894 2123 aliquam
1936 2049 2387 2120 primigeniarum
2440 2051 2698 2120 partium,
2735 2060 2897 2123 atque
2946 2054 3082 2110 adeo
3117 2055 3170 2108 in
3203 2068 3300 2109 cor
3343 2056 3553 2124 ipsum,
3596 2070 3719 2110 cuiu

451 2156 791 2227 irreparabili
826 2154 1064 2225 pernicie
1092 2152 1443 2207 redundaret.
1481 2149 1609 2204 Haec
1644 2150 1722 2204 sic
1757 2149 1824 2203 ab
1854 2161 1920 2202 eo
1952 2149 2225 2215 disputata
2273 2160 2374 2215 ego
2402 2146 2517 2216 ipsa
2558 2146 2773 2212 recolo;
2838 2148 3054 2205 interfui
3090 2149 3257 2215 enim,
3290 2151 3513 2206 domina
3554 2161 3725 2206 matre

453 2268 572 2307 mea
607 2253 686 2307 sic
718 2251 966 2318 jubentc,
997 2254 1161 2315 atque
1203 2245 1339 2299 adeo
1382 2244 1571 2313 praefui
1609 2241 1994 2297 consultationi
2025 2251 2136 2295 tum
2186 2240 2271 2295 isti
2305 2240 2673 2297 medicorum;
2699 2241 2778 2296 Ac
2808 2244 3028 2298 memini
3064 2259 3150 2299 me
3185 2259 3309 2299 cum
3340 2255 3401 2300 et
3439 2244 3725 2300 Calliclem

453 2352 509 2398 et
538 2350 767 2395 caeteros
790 2353 887 2408 pro
915 2353 973 2391 se
1012 2350 1280 2404 quemque
1310 2336 1643 2390 disserentes
1690 2333 2044 2396 audivissem,
2079 2330 2437 2400 persuasione
2466 2331 2676 2402 privata
2712 2332 2765 2388 in
2807 2343 2993 2405 partes
3026 2348 3091 2392 .et
3128 2339 3459 2393 sententiam
3489 2338 3728 2396 Callicli!

456 2435 759 2504 abreptam.
796 2430 1085 2485 Praevaluit
1125 2437 1302 2482 tamen
1335 2425 1720 2494 sull‘ragioruin
1752 2426 1803 2479 in
1832 2422 2167 2479 contrarium
2203 2438 2487 2492 numerus,
2531 2433 2587 2479 et
2625 2424 2861 2494 plurium
2890 2427 3120 2483 calculis
3149 2440 3445 2498 superatus
3485 2445 3573 2489 est
3602 2434 3727 2490 Cal-

454 2524 605 2581 licles
632 2522 774 2577 felici
803 2522 868 2573 ad
904 2521 1065 2572 breve
1093 2518 1329 2584 spatium
1388 2516 1718 2570 vincentium
1777 2522 1994 2568 eventu.
2030 2509 2310 2580 Siquidem
2342 2512 2567 2568 rheuma
2598 2523 2862 2571 consueto
2909 2516 3118 2571 dierum
3152 2519 3288 2574 orbe
3325 2522 3573 2592 Augusti
3601 2544 3728 2584 cor-

457 2631 591 2689 pore
623 2614 875 2684 potitum,
911 2610 1183 2664 remittere
1210 2608 1375 2677 coepit
1406 2606 1698 2676 malignam
1723 2606 1862 2673 vim;
1895 2602 2161 2675 pauloque
2199 2611 2344 2671 post,
2405 2603 2606 2659 sensim
2640 2604 2785 2661 malo
2830 2616 3171 2674 senescente,
3228 2611 3468 2679 pristino
3503 2616 3621 2673 fere
3646 2628 3731 2675 est

457 2725 599 2782 ager
642 2707 813 2777 vigori
860 2703 1125 2758 redditus.

524 2801 774 2858 Nondum
798 2801 922 2858 inde
942 2818 1035 2858 sex
1062 2817 1274 2859 menses
1307 2801 1593 2871 duxerant,
1625 2819 1747 2859 cum
1768 2804 1871 2859 alia
1897 2816 2025 2861 ecce

2197 2796 2353 2852 Οὕτω
2440 2798 2609 2869 μῆνες
2652 2799 2934 2871 παρῆλθον
2971 2799 3053 2867 ἐξ,
3100 2801 3197 2856 καὶ
3236 2803 3484 2877 ὀλέθριον
3510 2808 3733 2882 νόσημα

458 2898 671 2955 sontica
716 2905 771 2949 et
814 2896 1117 2964 periculosa
1169 2898 1485 2966 imperatori
1526 2897 1774 2953 valetudo
1823 2897 2034 2965 incidit,

458 3005 529 3046 ex
580 3002 817 3042 maerore
863 3002 927 3041 ac
959 2987 1324 3042 sollicitudine
1357 2987 1540 3042 nimiis
1587 2990 1657 3043 ob
1689 2988 2037 3057 quotidianus

460 3094 624 3133 curas
664 3087 718 3133 et
751 3094 1078 3133 concursum
1108 3080 1388 3133 variorum
1413 3088 1467 3134 et
1495 3082 1739 3149 gravium
1770 3080 1928 3135 simul
1952 3081 2038 3135 in-

463 3169 774 3239 gruentium
803 3168 1165 3237 negotiorum.
1199 3168 1273 3223 De
1302 3170 1403 3222 hoc
1434 3170 1624 3224 morbo
1649 3168 1880 3224 referam
1909 3170 2039 3240 quid

465 3261 584 3329 ipsa
625 3274 693 3314 ex
723 3260 851 3329 ωεξτί
883 3273 978 3313 ore
1010 3259 1180 3326 ipsius
1204 3260 1400 3327 smpius
1429 3260 1569 3330 apud
1603 3274 1778 3316 meam
1813 3270 2039 3315 matrem

467 3350 533 3404 de
574 3365 637 3404 co
671 3349 1132 3405 conﬁdentissime
1173 3352 1446 3422 querentis
1485 3366 1669 3407 coram
1709 3352 2036 3422 acceperim.

465 3441 594 3497 llmc
621 3442 738 3511 ejus
769 3441 936 3496 ferme
967 3443 1143 3497 oratio
1170 3453 1286 3499 erat
1316 3461 1333 3500 :
1365 3442 1502 3509 Quid
1530 3460 1640 3499 esse
1670 3443 1845 3497 dicam
1866 3460 2041 3499 causa:

465 3534 604 3604 quod
644 3535 772 3587 mihi
808 3534 922 3601 jam
955 3534 1181 3605 difﬁcilis
1225 3538 1499 3609 respiratio
1535 3548 1632 3593 est.
1673 3538 1874 3606 Cupido
1907 3553 2043 3606 sa'pe

465 3641 547 3679 me
579 3627 790 3680 incessit
834 3627 1134 3696 respirandi
1162 3628 1399 3695 liberius,
1438 3630 1819 3699 hauriendique
1860 3630 2043 3698 copio-

466 3735 584 3773 sum
644 3736 842 3784 acrem,
898 3736 1049 3789 quem
1108 3720 1371 3773 laboranti
1415 3720 1687 3787 aﬂ'undam
1727 3731 1774 3774 et
1799 3735 2042 3789 oppresso

470 3810 652 3873 cordi;
698 3821 752 3863 at
803 3825 918 3864 ecce
958 3810 1280 3865 intercedens
1330 3812 1503 3865 nescio
1533 3826 1649 3881 qua:
1684 3812 1761 3865 vis
1801 3820 2043 3865 conatum

469 3901 756 3969 intercipit,
796 3902 1066 3972 medioque
1093 3903 1145 3955 in
1176 3904 1367 3970 impetu
1398 3901 1598 3972 frustra
1620 3901 1798 3967 hians,
1831 3902 1919 3955 uia:
1941 3903 2039 3956 ite-

470 4001 590 4043 rata
634 3992 825 4059 swpius
874 3991 1207 4045 contentione
1241 3990 1321 4045 vel
1370 3989 1527 4045 semel
1566 3991 1756 4044 ducere
1797 3992 2044 4059 spiritum

471 4097 605 4150 queo
674 4083 803 4135 satis
842 4082 1070 4151 largum,
1110 4092 1167 4135 ut
1202 4098 1304 4136 non
1346 4082 1525 4136 multis
1562 4081 1801 4150 partibus
1830 4083 2045 4151 deﬁciat

470 4172 535 4224 ab
560 4186 622 4224 ea
652 4171 798 4240 copia
832 4187 988 4241 quam
1023 4171 1274 4225 anhelans
1305 4173 1585 4242 requireret
1616 4172 1860 4226 obrutum
1908 4188 2000 4226 cor
2025 4186 2045 4226 :

472 4261 557 4312 cui
599 4260 736 4312 velut
771 4260 1053 4328 quamdam
1085 4261 1381 4315 incumbere
1410 4261 1594 4314 molem
1629 4261 1888 4329 lapideam
1920 4277 2046 4331 gra-

471 4348 741 4403 uissimam
782 4350 947 4401 sentio
968 4364 987 4412 ;
1033 4357 1085 4401 et
1124 4364 1189 4401 ea:
1223 4349 1380 4418 hujus
1420 4350 1760 4418 impressione
1802 4352 2046 4419 ponderis

474 4448 677 4509 ceptum
705 4437 997 4506 suspirium
1026 4436 1306 4507 abrumpi;
1346 4453 1459 4504 nec,
1492 4440 1669 4492 omnia
1730 4440 2047 4509 circumspe-

472 4540 623 4585 ctans
673 4529 817 4597 licet,
842 4544 1142 4598 omnemque
1183 4529 1238 4583 in
1279 4541 1479 4595 partem
1526 4545 1740 4584 versans
1791 4531 2044 4597 animum,

475 4622 801 4677 comminisci
833 4636 985 4690 queo,
1023 4620 1161 4674 unde
1190 4636 1353 4690 quave
1390 4637 1454 4675 ex
1478 4638 1638 4676 causa
1673 4620 1726 4675 id
1764 4623 1885 4677 mibi
1908 4624 2048 4677 acci-

481 4715 617 4767 derit
652 4712 1068 4766 incommodum.
1092 4712 1183 4763 Est
1227 4722 1274 4765 et
1324 4711 1470 4766 aliud
1516 4711 1629 4780 ejus
1666 4716 1890 4782 generis,
1911 4717 2048 4784 quod

479 4807 576 4861 tibi
604 4821 699 4874 pro
726 4815 906 4858 nostra
936 4805 1158 4870 ﬁducia,
1187 4815 1341 4873 caput
1372 4806 1765 4870 charissimam,
1794 4823 1899 4861 una
1924 4824 2050 4875 par-

479 4897 641 4963 ticeps
663 4910 881 4949 casuum
908 4910 1255 4963 sensuumque
1280 4895 1513 4947 omnium
1538 4910 1790 4961 meorum,
1815 4902 2050 4965 aperiam

478 4989 533 5040 in
565 5000 817 5054 prwsens.
864 4985 1141 5041 Oscitandi
1170 4985 1475 5055 plerumque
1514 4986 1676 5040 libido
1719 4986 1886 5041 malas
1921 4991 2051 5043 mihi

480 5076 765 5144 disjungit.
821 5077 1086 5132 Craterum
1146 5086 1408 5130 attractus
1459 5076 1633 5129 hianti
1695 5094 1783 5131 ore
1834 5081 2050 5149 spiritus

481 5163 656 5221 nescio
701 5180 801 5232 quo
843 5166 1225 5219 intercurrente
1268 5166 1573 5233 prohibetur
1610 5166 1773 5232 obice,
1816 5185 1878 5223 ne
1909 5173 2049 5224 intus

477 5267 742 5333 penetret;
782 5260 834 5310 id
873 5261 1009 5327 quod
1049 5261 1180 5312 mihi
1232 5261 1393 5314 nullo
1433 5263 1721 5315 maximam
1759 5274 1899 5316 creat
1941 5256 2055 5317 mo-é

479 5352 710 5407 (estiam.
741 5347 880 5414 Quid
915 5351 1122 5403 tandem
1158 5352 1253 5405 hoc
1289 5354 1383 5415 sit,
1420 5369 1515 5423 age
1544 5353 1792 5419 edissere,
1824 5356 1869 5407 si
1894 5355 2057 5409 nosti;

2139 2891 2203 2945 ὲκ
2239 2892 2341 2961 τῆς
2384 2888 2588 2959 πολλῆς
2642 2889 2784 2962 τάχα
2842 2892 3091 2963 ἀθυμίας
3144 2894 3256 2948 τῶν
3303 2896 3426 2949 καθ’
3473 2899 3731 2973 ἑκάστην

2139 2983 2600 3053 προσπιπτόντων
2654 2984 2804 3054 αὐτῷ
2835 2985 2932 3039 καὶ
2961 2984 3066 3055 τῆς
3114 2988 3330 3041 συνόδου
3373 2989 3486 3044 τῶν
3515 2994 3729 3050 κοινῶν

2148 3074 2451 3145 φροντίδων
2475 3072 2813 3145 ξυμσέὁηκε.
2840 3077 2956 3130 Καὶ
2982 3078 3182 3149 ἤκουον
3207 3080 3374 3135 αὑτοῦ
3404 3084 3559 3154 θαμὰ
3584 3086 3729 3155 πρὸς

2139 3163 2238 3233 τὴν
2283 3162 2532 3233 βασιλίδα
2585 3163 2952 3236 διηγουμένου
2992 3168 3088 3221 καὶ
3122 3164 3237 3224 οἷον
3286 3172 3725 3241 ἐπεγκαλοῦντος

2141 3254 2276 3326 αὐτῇ
2321 3256 2384 3310 τὸ
2430 3257 2673 3327 νόσημα·
2712 3258 2771 3311 Τί
2800 3258 2932 3313 ποτ’
2965 3260 3082 3328 ἄρα
3124 3262 3194 3316 τὸ
3232 3265 3578 3332 συμϐαῖνόν
3617 3286 3726 3337 μοι

2140 3348 2275 3417 περὶ
2304 3347 2421 3415 τὴν
2468 3349 2793 3420 ἀναπνοὴν
2825 3351 3050 3419 πάθος;
3087 3356 3394 3426 Βούλομαι
3441 3358 3555 3428 γὰρ
3583 3360 3733 3415 dra-

2142 3440 2403 3494 πνεῦσαι
2432 3440 2595 3505 ,ϐαθὺ
2630 3442 2730 3496 καί
2755 3443 2995 3513 ἀθρόον,
3022 3444 3121 3501 καὶ
3149 3441 3281 3502 οἷον
3315 3451 3735 3521 nummatis-as

2140 3530 2253 3599 τῆς
2298 3531 2646 3601 ἐγκειμένης
2686 3534 2865 3601 ἀνίας
2890 3536 2960 3589 ἐν
3000 3535 3077 3606 τῇ
3113 3538 3351 3607 καρδίᾳ.
3430 3542 3619 3598 Τοῦτο
3664 3544 3738 3599 δὲ

2141 3620 2439 3689 πολλάκις
2471 3624 2789 3693 ἐπιχειρῶν
2827 3627 2971 3682 οὐδὲ
2999 3629 3161 3697 ἅπαξ
3193 3632 3458 3704 δύναμαι
3499 3640 3733 3692 πολλου

2145 3713 2480 3782 στημόριον
2505 3715 2859 3787 ἀναπέμψαι
2882 3720 2988 3773 τοῦ
3018 3719 3439 3794 ἐπιθλίϐοὸτος
3470 3728 3734 3799 βάρους,

2142 3805 2210 3859 τὸ
2233 3805 2286 3859 δ’
2309 3805 2630 3863 ἐπίλοιπον
2657 3809 2924 3878 καθάπερ
2955 3830 3044 3880 τις
3078 3816 3251 3883 λίθος
3281 3818 3590 3877 ἐπίκειται
3610 3842 3733 3893 μου

2142 3895 2217 3966 τῇ
2270 3898 2481 3965 καρδίᾳ
2513 3900 2884 3970 βαρύτατος,
2921 3904 3238 3977 ἀνακοπῆς
3274 3909 3345 3964 ἐν
3383 3911 3468 3977 τῷ
3490 3916 3731 3983 μετοξὺ

2143 3988 2474 4059 γενομένης
2502 3991 2608 4045 τοῦ
2637 3995 3006 4064 στεναγμοῦ,
3047 3997 3148 4052 καί
3192 3999 3306 4069 τὴν
3341 4004 3552 4059 altior
3582 4023 3739 4062 συν-

2147 4080 2298 4135 ιδεῖν
2361 4083 2474 4136 οὐκ
2530 4082 2607 4137 ἂν
2642 4084 2865 4154 ἔχοιμι,
2920 4087 3046 4142 οὐδ’
3084 4091 3303 4147 ὁπόθεν
3327 4092 3395 4148 τὸ
3454 4099 3738 4157 τοιοῦτον

2147 4171 2337 4262 πάθος
2367 4172 2666 4243 ἐγγίνεται
2705 4193 2831 4244 μοι.
2872 4179 2982 4233 Kal
3013 4179 3170 4248 ἄλλο
3196 4182 3265 4238 δέ
3290 4202 3346 4241 τι
3373 4198 3735 4262 προσανατο

2148 4261 2360 4334 rsum,
2399 4264 2652 4333 φιλτάτη
2693 4269 2864 4336 ψυχὴ
2889 4272 3139 4327 κοινωνὲ
3177 4273 3298 4329 τῶν
3323 4277 3489 4347 ἐμῶν
3521 4261 3734 4338 παθῶν

2148 4354 2252 4409 καὶ
2293 4355 2752 4425 βουλευμάτων,
2801 4359 3011 4431 χάσμα
3065 4366 3365 4434 πολλάκις
3407 4370 3735 4442 ἐπέρχεται

2143 4463 2279 4516 μοι,
2315 4445 2417 4500 καὶ
2460 4445 2935 4518 διακοπτόμενον
2985 4453 3056 4506 ἐν
3109 4453 3189 4521 τῷ
3214 4458 3449 4525 μεταξὺ
3502 4460 3567 4514 τὸ
3600 4465 3732 4518 εισ.

2150 4538 2490 4607 πνεόμενον
2548 4537 2785 4607 πνεῦμα
2839 4545 3144 4612 μεγίστην
3205 4564 3307 4616 μοι
3365 4549 3484 4620 τὴν
3542 4552 3734 4609 ἀνίαν

2148 4628 2379 4700 ἐπάγει.
2436 4629 2498 4684 Tl
2545 4641 2690 4685 ποτε
2737 4630 2893 4687 ἄλλο
2942 4634 3009 4688 τὸ
3059 4643 3408 4696 καταλαϐὀν
3435 4660 3514 4712 με
3553 4645 3735 4702 τοῦτο

2149 4718 2376 4786 δεινὸν,
2413 4721 2466 4775 εὶ
2493 4716 2695 4788 οἶδας,
2742 4722 3052 4793 φράζε,,⁹11
3086 4727 3144 4780 δέ
3196 4745 3258 4797 γε
3292 4729 3527 4800 βασιλὶς,
3557 4735 3735 4790 ταῦτα

2152 4812 2430 4866 ἀκούουσα
2482 4813 2580 4867 καὶ
2631 4812 2777 4885 ἅπερ
2822 4816 3033 4880 ἐκεῖνος
3086 4820 3285 4889 πάσχει
3335 4823 3472 4893 παρ’
3518 4827 3734 4880 ἐκείνου

2154 4904 2529 4974 μανθάνουσα,
2575 4905 2748 4959 ἐδόκει
2793 4907 2894 4977 μὲν
2924 4905 3067 4962 εἶναι
3109 4911 3281 4981 αὐτῆς
3314 4915 3382 4968 τὰ
3417 4916 3602 4988 πάθη,
3640 4920 3735 4972 καὶ

2153 4992 2341 5065 ὥσπερ
2378 4996 2798 5065 άνακοπτομένη
2826 4996 2920 5050 καὶ
2946 4997 3084 5070 αὑτὴ
3115 5000 3209 5054 τοῦ
3243 5002 3555 5073 ἄσθματος,
3589 5007 3737 5061 οὕτω

2150 5086 2385 5139 διέκειτο
2432 5085 2567 5157 πρὸς
2613 5087 2738 5148 τοὺς
2776 5086 2968 5156 λόγους
3003 5090 3100 5145 τοῦ
3145 5092 3560 5166 αὐτοκράτορος
3576 5099 3597 5152 .’
3629 5101 3735 5152 Συ-

2153 5180 2294 5249 χνῶς
2348 5178 2407 5231 δὲ
2464 5181 2589 5242 τοὺς
2641 5181 3019 5250 ἐπιστήμονας
3075 5191 3557 5261 μεταπεμπομένη
3617 5193 3735 5247 τῶν

2157 5267 2379 5338 ἰατρῶν,
2431 5268 2490 5319 τὸ
2540 5268 2634 5320 τοῦ
2688 5270 3001 5340 νοσήματος
3056 5270 3194 5338 εἶδος
3246 5278 3734 5354 πολυπραγμονεῖν

2153 5357 2518 5428 ἠναγκάζετο,
2614 5361 2710 5412 καὶ
2764 5362 2873 5414 τῶν
2940 5362 3128 5417 αἰτίων
3186 5368 3257 5420 τὰ
3311 5373 3557 5445 προσεχῆ
3642 5378 3733 5428 καὶ

479 5431 577 5498 llis
607 5446 848 5511 Augusta
883 5439 1061 5494 verbis
1088 5457 1194 5496 non
1218 5443 1389 5497 solum
1420 5444 1746 5499 educabatur
1773 5447 1838 5498 de
1866 5450 2044 5503 morbo

2154 5451 2222 5503 τὰ
2307 5451 2499 5522 πὸῤῥω
2575 5451 2758 5521 ᾐτεῖτο
2850 5455 3062 5525 μαθεῖν.
3138 5459 3203 5513 Ol
3268 5431 3370 5529 6s;
3431 5431 3557 5536 τὴῖί
3577 5472 3732 5538 χεῖρα

480 5536 785 5607 languentis
815 5534 1064 5604 Augusti,
1112 5549 1292 5589 verum
1331 5537 1457 5592 illud
1487 5540 1658 5608 ipsum
1683 5537 1852 5611 498
1884 5542 2042 5610 quasi

478 5629 662 5683 auditu
713 5628 765 5682 in
816 5642 875 5684 se
914 5642 1129 5697 quoque
1170 5639 1545 5700 propagatum,
1598 5636 1801 5686 sentire
1845 5634 2040 5688 malum

2152 5546 2271 5607 ταῖς
2354 5542 2640 5615 ἀρτηρίας
2700 5545 3101 5616 ἐπιϐάλλοντες,
3172 5552 3410 5623 ἔμφασιν
3460 5562 3721 5612 παντοίου

2153 5637 2326 5700 εἴδους
2404 5635 2702 5705 άνομαλίας
2736 5637 2782 5669 ¹⁰
2839 5640 2980 5694 κατὰ
3029 5642 3209 5697 πᾶσαν
3271 5645 3370 5716 τῆς
3454 5648 3724 5720 ἀρτηρίας

1520 5725 1720 5789 Variae
1750 5727 2057 5797 lectiones
2083 5750 2159 5797 ex
2197 5731 2340 5796 cod.
2386 5728 2660 5792 Coislin.

554 5795 602 5829 "
632 5795 968 5869 ἀνωμαλίας.
