3986 6212
268 371 402 437 1193

1519 363 1930 424 ALEXlADlS
1963 361 2106 449 L113,
2148 360 2268 420 xv.

3382 362 3516 429 11(ιὶ

267 485 486 551 κίνησιν
518 481 799 553 εὑρίσκειν
824 479 1227 552 ἀνωμολὸγουν,
1254 478 1312 531 τὸ
1336 477 1381 532 δ’
1409 479 1580 531 αἴτιον
1615 480 1846 532 συνιδεῖν

1972 487 2064 543 pSa
2103 474 2420 527 videbatur:
2466 486 2664 526 arcana
2705 471 2752 524 vi
2795 470 2996 525 amoris
3027 471 3224 535 intimi,
3257 469 3407 538 cujus
3438 483 3519 527 est

263 575 364 626 οὐκ
393 567 538 642 εἶχον
559 575 664 641 ὅπη
691 573 821 641 μηδὲ
862 572 958 643 τὴν
989 571 1080 624 τοῦ
1121 570 1387 640 βασιλέως
1441 571 1652 622 δίαιταν
1703 569 1836 630 ἡπί-

268 681 485 730 σταντο,
530 665 665 718 ἀλλά
718 666 859 718 πάνυ
916 663 1376 733 σωφρονεστάτην
1428 663 1518 715 καὶ
1557 661 1711 731 λιτὴν
1747 661 1843 712 καὶ

267 758 402 819 ὅλως
450 759 722 825 γυμνικήν
768 760 846 809 τε³
880 756 975 811 καὶ
1033 754 1458 825 στρατιωτικὴν.
1519 753 1840 823 ἀπαγορεύ-

270 865 438 901 σαντα
482 847 591 899 τῶν
645 848 754 901 ἀπὸ
801 850 899 917 τῆς
955 847 1222 918 περιττῆς
1281 847 1493 914 διαίτης
1549 845 1713 910 ὑλῶν,
1766 845 1844 908 εἰς

269 941 448 993 αἰτίαν
501 939 666 1008 ἄλλην
703 939 770 992 τὰ
817 943 916 1008 τῆς
977 939 1342 1010 στενοχωρίας
1395 937 1696 1007 ἀνέφερον*
1751 938 1847 989 καὶ

272 1030 748 1097 προκαταρκτικὸν
772 1029 946 1082 αἴτιον
975 1030 1205 1099 ταυτησὶ
1233 1027 1333 1094 τῆς
1353 1028 1510 1080 νὸσου
1538 1027 1691 1080 οὐδὲν
1719 1026 1847 1080 ἄλλο

268 1121 476 1187 ἔλεγον,
506 1119 536 1189 ἦ
563 1119 660 1188 τὴν
690 1120 798 1172 τῶν
834 1119 1134 1189 φροντίδων
1176 1117 1378 1188 πολλὴν
1411 1116 1716 1181 συντονίαν,
1751 1117 1846 1168 καὶ

268 1213 326 1264 τὸ
359 1211 585 1280 συνεχὲς
620 1213 714 1264 καὶ
747 1213 953 1264 πυκνὴν
983 1211 1094 1263 τῶν
1122 1211 1374 1279 Θλίψεων,
1407 1210 1846 1280 Θερμαινομένης

270 1301 483 1355 ἐκεῖθεν
535 1302 686 1371 αύτῷ
740 1302 837 1368 τῆς
897 1300 1122 1370 καρδίας
1169 1299 1359 1352 καὶτὸ
1393 1298 1648 1365 περιττὸν
1701 1299 1847 1350 ἅπαν

270 1393 533 1461 ἑλκούσης
588 1393 646 1458 ἐξ
679 1393 804 1445 ὅλου
841 1391 935 1444 τοῦ
983 1391 1257 1460 σώματος.
1310 1389 1594 1443 Ἐντεῦθεν
1640 1390 1845 1458 ἡδεινὴ

271 1486 427 1550 νόσος
462 1485 766 1538 ἐπελθοῦσα
819 1483 895 1553 τῷ
943 1484 1331 1552 αὐτοκράτορι,
1374 1482 1666 1552 ἀνακιυχὴν
1713 1481 1849 1545 ὅλως

270 1578 371 1630 οὐκ
399 1575 656 1639 ἐνεδίδου,
709 1574 824 1628 ἀλλ’
857 1575 931 1638 ὡς
984 1573 1189 1643 ἀγχόνη
1225 1573 1540 1639 συνέπνιγε.
1582 1570 1850 1624 Τοσοῦτον

271 1669 328 1720 δὲ
361 1668 708 1737 καθεκάστην
756 1665 958 1735 ηὔξανε
997 1665 1058 1716 τὸ
1091 1660 1188 1734 τῆς
1235 1664 1416 1727 νόσου,
1451 1663 1526 1726 ὡς
1563 1662 1758 1732 μηκέτι
1787 1663 1851 1714 ἐκ

272 1761 680 1831 διαστημάτων,
712 1759 851 1812 ἀλλὰ
894 1757 1135 1826 συνεχῶς
1165 1757 1262 1809 καὶ
1295 1757 1634 1816 ἀδιαστὰτως
1681 1755 1778 1806 ἐπέ
1789 1772 1850 1824 ρ-

270 1852 484 1924 χεσθαι,
530 1851 605 1913 ὡς
661 1849 794 1918 μηῗὲ
840 1847 968 1917 περ)⁵
1017 1847 1253 1917 (lari-591v
1289 1844 1554 1898 δύνασθαι
1588 1845 1850 1898 κατακλι-

272 1942 435 2006 θῆναι
494 1941 585 1994 τὸν
612 1939 992 2009 αὐτοκράτορα
1016 1937 1282 2007 πλευρὰν,
1336 1936 1469 2006 μηδὲ
1501 1938 1638 2006 πρὸς
1671 1936 1851 2006 ἰσχύος

273 2034 417 2103 ἔχειν
467 2033 725 2086 ἅϐίαστον
763 2031 824 2083 τι
873 2029 1136 2098 παράπαν
1191 2027 1512 2080 εἰσπνεύσαι
1543 2027 1635 2079 τὸν
1688 2028 1848 2094 ἀέρα.

274 2127 458 2187 ’Ἅπας
489 2121 582 2177 οὖν
609 2123 912 2191 τηνικαῦτα
942 2120 1296 2191 μετεκαλεῖτο
1332 2118 1539 2188 ἰατρὸς,
1568 2120 1662 2171 καὶ
1694 2120 1727 2188 ἡ
1758 2117 1851 2170 τοῦ

273 2213 675 2284 αὐτοκράτορος
727 2216 904 2276 νότος,
963 2211 1221 2272 ὑπόθεσις
1287 2227 1475 2274 αυτοις
1530 2207 1849 2280 προῦκειτο.

287 2307 639 2376 Ἐμερίζοντο
687 2303 744 2356 δὲ
803 2307 924 2365 ταῖς
981 2303 1230 2372 γνώμαις
1282 2304 1378 2355 καὶ
1435 2304 1854 2371 κατετέμνοντο,

276 2401 372 2451 καὶ
413 2397 748 2461 ἀλλος,ἇλλο
799 2414 850 2448 τι
881 2394 1224 2462 διεγίνωσκε,
1261 2396 1357 2449 καὶ
1410 2395 1546 2464 πρὸς
1581 2394 1678 2464 τὴν
1730 2395 1835 2446 διά-

277 2506 479 2559 γνωσιν
526 2491 784 2559 ἐπειρᾶτο
824 2487 1129 2558 προσάγειν
1156 2487 1254 2558 τὴν
1295 2489 1618 2558 θεραπείαν.
1666 2487 1858 2550 Ὅπως

278 2583 325 2636 δ’
363 2583 428 2636 ἂν
454 2577 596 2653 εἶχεν
622 2582 654 2652 ἦ
683 2583 853 2644 οὕτως
880 2583 912 2652 ἢ
955 2581 1152 2647 οὕτως,
1181 2580 1440 2633 δύσκολον
1474 2577 1588 2650 εἶχε
1621 2579 1690 2632 τὰ
1719 2581 1858 2632 κατὰ

276 2677 370 2730 τὸν
391 2675 772 2745 αὐτοκράτορα
802 2689 817 2706 ⁶
849 2674 970 2728 οὐδὲ
1025 2673 1133 2742 γὰρ
1172 2672 1237 2726 ἂν
1265 2673 1448 2744 ἀκαρῆ
1489 2675 1680 2742 χρόνον
1713 2672 1860 2724 ἐλεύ-

277 2767 436 2836 θερον
465 2767 783 2821 εἰσπνεύσαι
813 2765 1088 2836 δεδύνητο.
1127 2763 1349 2836 Ὄρθιος
1380 2766 1488 2835 γὰρ
1519 2765 1860 2833 ἠναγκάζετο

274 2857 452 2910 διόλου
484 2857 894 2927 ἀνακαθήμενος
912 2858 1190 2910 ἀναπνεῖν.
1228 2857 1288 2908 El
1317 2857 1374 2908 δέ
1397 2873 1500 2908 που
1537 2857 1632 2908 καὶ
1669 2854 1861 2918 ὕπτιος

277 2952 489 3010 κέοιτο,
546 2951 578 3020 ἢ
639 2949 782 3002 κατά
834 2948 1074 3019 θατέραν
1125 2949 1388 3018 πλευρὰν,
1426 2949 1528 3018 φεύ
1580 2949 1702 3001 τότε
1763 2947 1858 2999 τοῦ

283 3041 515 3112 βρόχου·
571 3041 692 3095 οὐδὲ
724 3041 836 3111 γὰρ
868 3040 994 3109 ἐνῆν
1047 3040 1297 3109 συρμάδα
1337 3041 1542 3109 μικρὰν
1590 3039 1684 3092 τοῦ
1728 3040 1858 3104 ἕξων

1945 581 2167 619 suorum
2222 565 2512 620 affectuum
2560 564 2908 630 {aegritudines
2950 563 3273 632 participare
3315 563 3521 617 condo-

1946 659 2141 722 lcndo,
2189 657 2260 711 ita
2309 667 2366 710 ut
2421 672 2524 725 qua
2581 655 2901 710 difficultate
2956 655 3225 709 anhelitus
3275 657 3522 710 laborare

1947 748 2328 804 charissimum
2375 747 2660 817 coniugem
2713 748 2830 813 ipso
2883 755 3186 814 exponente
3237 745 3522 810 dilicerat,

1947 842 2061 910 ipsa
2093 841 2351 894 continuo
2379 840 2561 892 restari
2597 838 2700 891 sibi
2737 839 3031 901 videretur,
3067 847 3211 891 certe
3235 850 3525 905 angeretur

1953 933 2124 988 nihilo
2157 933 2326 988 levius
2363 947 2524 1000 quam
2565 932 2608 984 si
2652 947 2837 984 revera
2877 931 3018 984 ismd
3060 931 3395 998 experiretur
3439 931 3524 982 in-

1948 1026 2311 1080 commodum.
2347 1025 2485 1094 Ergo
2515 1024 2813 1078 accersitos
2837 1023 3066 1076 subinde
3096 1023 3329 1076 medicos
3355 1023 3526 1077 laces-

1947 1120 2100 1173 sebat
2151 1118 2390 1180 assidue,
2447 1117 2817 1170 curiosissime
2859 1126 3188 1183 percontans
3233 1117 3422 1180 ecquid
3461 1116 3527 1166 de

1950 1207 2131 1262 eausis
2180 1207 2263 1261 vel
2308 1206 2569 1274 proximis
2598 1206 2681 1260 vel
2719 1208 2944 1259 remotis
2988 1206 3144 1272 hujus
3191 1206 3528 1274 aegritudinis

1950 1298 2216 1365 suspicari
2265 1297 2557 1350 divinando
2596 1310 2658 1349 ac
2695 1296 3067 1349 verisimiliter
3096 1296 3369 1349 affirmare
3405 1311 3530 1366 pos-

1951 1399 2090 1445 sent.
2118 1390 2218 1454 llli,
2239 1391 2329 1444 tali
2358 1389 2585 1459 imperio
2613 1390 2912 1458 provocati,
2937 1390 3315 1460 cogitationem
3349 1391 3527 1442 inten-

1953 1483 2104 1547 dere,
2145 1492 2420 1550 reputare,
2472 1481 2896 1548 circumspicere
2940 1481 3163 1544 omnia;
3217 1495 3405 1533 verum
3439 1482 3527 1534 ubi

1953 1575 2088 1629 satis
2119 1589 2279 1627 manu
2323 1571 2556 1626 arterias
2595 1571 3031 1640 cxploraverant,
3068 1570 3198 1624 nihil
3244 1570 3358 1624 fere
3403 1586 3528 1638 pro-

1956 1668 2278 1722 nuntiabant
2309 1666 2452 1719 aliud
2484 1665 2585 1719 nisi
2621 1679 2868 1731 insignum
2903 1663 3159 1716 indicium
3191 1663 3527 1730 intemperiei

1956 1761 2133 1815 omnis
2159 1758 2373 1827 generis
2405 1758 2674 1819 maxime,
2712 1757 3022 1823 perturbato
3061 1756 3258 1824 ubique.
3290 1756 3531 1824 ina‘qua-

1955 1854 2098 1922 liquc
2122 1853 2333 1904 arteria:
2361 1851 2534 1918 pulsu,
2573 1849 2656 1902 edi
2687 1864 2702 1912 ;
2739 1847 2854 1912 ejus
2877 1848 2952 1901 rei
2984 1863 3103 1915 qua:
3125 1848 3195 1901 sit
3219 1863 3402 1922 causa,
3432 1863 3532 1901 nec

1955 1919 2126 2016 siqnis
2174 1953 2300 1997 tunc
2346 1942 2692 1996 exStantibus
2742 1939 2991 2009 intelligi,
3051 1955 3150 1993 nee
3185 1953 3242 1993 se
3287 1919 3532 1992 divinare

1958 2039 2093 2092 satis
2127 2051 2308 2106 posse,
2354 2035 2551 2104 quibus
2600 2049 2786 2102 parum
2823 2042 2967 2086 esset
3017 2042 3354 2099 compertum
3387 2033 3531 2100 quod

1957 2145 2126 2201 genus
2173 2130 2370 2191 vietus,
2427 2141 2661 2196 quamve
2708 2125 2970 2178 rationem
3020 2125 3244 2177 curandi
3290 2124 3535 2191 corporis

1961 2220 2219 2272 adbibere
2250 2219 2547 2286 imperator
2571 2216 2884 2285 quotidiana
2913 2215 3111 2268 dudum
3143 2229 3539 2293 usu’consues-

1961 2323 2066 2366 set.
2122 2307 2576 2378 Respondebatur
2630 2307 3054 2376 frugalissimum
3103 2321 3265 2372 cum,
3321 2307 3538 2374 cibique

1963 2403 2237 2455 hominem
2273 2400 2602 2470 parcissimi,
2646 2399 2802 2468 plane
2848 2409 3062 2452 tenuem
3095 2413 3160 2452 ac
3195 2397 3351 2452 facile
3381 2414 3535 2466 para-

1963 2496 2145 2564 bilem,
2207 2495 2379 2564 qualis
2415 2509 2535 2548 esse
2593 2493 2921 2547 athletarum
2974 2491 3110 2545 solet
3170 2506 3234 2544 ac
3285 2489 3534 2553 militum,

1963 2589 2160 2642 vir-tum
2207 2602 2517 2655 usurpasse,
2559 2584 2860 2655 superfluas
2902 2585 3296 2652 exquisitorum
3345 2597 3538 2635 sucro-

1965 2695 2081 2734 rum
2139 2695 2201 2732 ac
2281 2679 2611 2732 ferculorum
2669 2677 2893 2731 delicias
2939 2691 3154 2743 semper
3206 2683 3536 2728 aversatum.

1965 2773 2082 2838 Quo
2125 2771 2199 2824 illi
2233 2773 2418 2823 audito
2457 2770 2543 2822 ubi
2601 2779 2758 2822 crant
2803 2767 2957 2830 fassi,
3003 2782 3106 2820 non
3158 2766 3320 2834 igitur
3370 2764 3538 2818 videri

1967 2875 2190 2920 arctatu:
2235 2862 2611 2932 respirationis
2645 2860 2834 2914 vitium
2887 2858 3317 2928 intemperanti-.e
3364 2858 3544 2925 impu-

1966 2958 2205 3022 tandum,
2239 2969 2302 3010 eo
2332 2957 2442 3009 fere
2471 2954 2888 3015 conveniebant,
2921 2963 2976 3004 ut
3005 2967 3224 3006 causam
3261 2961 3541 3005 externam

1970 3050 2130 3118 hujus
2161 3049 2285 3103 mali
2320 3064 2428 3102 non
2480 3047 2640 3100 aliam
2670 3047 2937 3108 dicerent,
2972 3061 3130 3113 quam
3162 3045 3392 3119 nimiam
3413 3059 3547 3098 con-

283 3136 374 3188 θεν
424 3133 587 3204 ἀέρος
634 3131 922 3200 εἰσρυῆναί
979 3151 1036 3185 τε
1078 3134 1172 3184 καὶ⁸
1224 3133 1570 3201 ἀπορρυῆναι
1606 3134 1747 3186 κατά
1795 3150 1856 3200 γε

1970 3142 2265 3194 tentioncm
2297 3154 2576 3203 curarum,
2611 3138 2996 3204 assiduumque
3025 3135 3302 3205 appulsum
3336 3136 3544 3190 acrium

279 3227 379 3298 τὴν
432 3226 714 3298 ἀναπνοὴν
773 3224 868 3278 καὶ
928 3225 1213 3294 εἰσπνοήν.
1267 3224 1429 3277 Ἀλλὰ
1482 3225 1576 3276 καὶ
1625 3225 1863 3295 ὁπηνίκα

281 3321 510 3390 ἐλεήσας
558 3337 644 3382 τις
699 3318 890 3371 τοῦτον
941 3317 1109 3379 ὕπνος
1162 3316 1398 3386 ἐπέλθῃ,
1439 3317 1535 3368 καὶ
1584 3316 1710 3369 τότε
1766 3316 1864 3386 τῆς

281 3413 589 3483 πνιγμονῆς
663 3411 930 3465 ἐπεδίδου.
992 3409 1158 3462 Ὥστε
1231 3411 1372 3460 κατὰ
1436 3408 1616 3462 πάντα
1674 3411 1868 3478 καιρὸν

283 3507 376 3557 καὶ
415 3505 784 3573 ἐγρηγορὸτος
833 3500 998 3555 αὑτοῦ
1049 3501 1143 3553 καὶ
1195 3498 1591 3563 ύπνὼττοντος,
1648 3501 1680 3570 ἡ
1729 3516 1868 3569 συμ-

286 3597 429 3666 φορά
461 3598 562 3661 τῆς
617 3596 855 3666 ἀγχόνης
893 3591 1196 3646 ἐπετίθετο.
1253 3591 1409 3643 Ἐπεὶ
1463 3591 1518 3642 δὲ
1571 3590 1871 3661 καθάρσιον

285 3691 388 3742 οὐκ
423 3691 647 3750 ἐδίδοτο,
686 3687 822 3758 πρὸς
857 3684 1228 3755 φλεϐοτομίαν
1263 3683 1600 3752 ἀπέϐλεψαν,
1635 3684 1731 3736 καὶ
1772 3683 1871 3751 τὴν

290 3782 389 3851 μὲν
420 3781 508 3834 διὰ
536 3779 632 3832 τοῦ
666 3779 914 3846 ἀγκῶνος
949 3777 1261 3847 ἀπέταμον,
1304 3778 1365 3829 ού
1398 3777 1505 3847 μὴν
1544 3777 1645 3847 τῆς
1677 3775 1874 3843 φλεϐο-

287 3874 482 3942 τομίας
509 3873 791 3938 ἀπώνατο,
843 3872 957 3926 ἀλλ’
993 3871 1258 3933 ὡσαύτως
1291 3871 1384 3923 καὶ
1415 3871 1575 3923 πάλιν
1601 3865 1740 3938 εἶχε,
1771 3873 1868 3922 καὶ

286 3965 552 4027 δύσπνους
585 3960 654 4035 ἦν
687 3964 806 4027 ὅλος
842 3965 938 4017 καὶ
972 3964 1279 4016 ἐκινδύνευε
1313 3961 1489 4014 διόλου
1517 3962 1703 4014 στενὸν
1733 3962 1870 4014 ἀνα-

288 4059 465 4112 πνέων
498 4061 617 4122 ταῖς
647 4059 838 4129 χερσὶν
880 4056 1037 4127 ἡμῶν
1099 4056 1467 4125 ὲναπερυγεῖν
1517 4054 1618 4122 τὴν
1666 4052 1870 4124 ψυχήν.

291 4179 421 4229 bare
443 4175 606 4232 latus.
632 4181 724 4226 aut
752 4173 972 4226 omnino
1001 4173 1120 4225 sine
1153 4172 1201 4224 vi
1238 4169 1464 4224 molesta
1489 4169 1871 4239 laboriosoque

291 4278 516 4329 conatu,
551 4267 750 4320 ducere
785 4281 966 4318 aerem
1018 4264 1280 4333 spirando
1323 4271 1528 4332 posset.
1571 4263 1869 4331 Exprome-

291 4359 424 4413 bant
476 4373 573 4425 pro
618 4372 686 4430 se
737 4357 970 4425 quisque
1029 4355 1352 4408 industriam
1413 4355 1572 4409 acciti
1632 4357 1869 4425 undique

295 4450 490 4504 medici
534 4465 744 4513 omnes,
785 4460 971 4518 utpote
1020 4448 1214 4517 quibus
1241 4457 1400 4518 caput
1431 4463 1494 4501 ac
1540 4447 1686 4503 salus
1721 4449 1868 4516 prin-

1964 3233 2410 3296 sollicittnlinum,
2448 3231 2503 3284 in
2531 3231 2676 3284 serie
2709 3239 2816 3282 tam
2854 3230 3108 3283 continua
3151 3243 3329 3282 rerum
3360 3229 3548 3283 advero

1965 3341 2173 3387 sanun,
2201 3327 2400 3393 quibus
2431 3321 2794 3376 excall‘actum
2828 3336 2944 3385 cor,
2973 3320 3237 3391 quidquid
3272 3331 3390 3374 erat
3421 3321 3547 3375 reli-

1967 3431 2072 3485 quo
2101 3417 2151 3468 in
2190 3424 2304 3469 toto
2339 3429 2568 3481 corpore
2602 3413 2930 3478 redundans,
2963 3428 3126 3466 omne
3165 3415 3230 3466 ad
3261 3414 3344 3466 sui
3385 3414 3548 3466 refri-

1968 3509 2174 3578 get-ium
2205 3507 2472 3577 rapaciter
2500 3506 2770 3561 trahebat.
2798 3504 2935 3560 llinc
2967 3506 3118 3560 dirus
3152 3506 3238 3559 hic
3263 3514 3318 3558 et
3350 3505 3546 3559 remis-

1975 3598 2146 3654 sionis
2204 3611 2399 3666 expers
2460 3596 2808 3665 imperatoris
2857 3597 3100 3659 morbus,
3157 3594 3332 3662 laquei
3388 3595 3548 3648 modo

1977 3691 2163 3744 fauces
2213 3704 2436 3757 urgens,
2483 3687 2935 3758 Strangttlansquc
2979 3689 3252 3743 hominem
3307 3686 3546 3740 assidue.

1973 3783 2265 3837 Crescebat
2307 3799 2471 3852 porro
2510 3783 2707 3835 malum
2753 3783 2942 3850 ingens
2976 3799 3004 3834 a
3037 3783 3322 3851 principio,
3365 3783 3546 3848 quoti-

1975 3876 2152 3929 dianis
2209 3877 2532 3944 augure-niis,
2596 3877 2768 3944 iisque
2829 3875 3012 3938 tantis,
3069 3884 3126 3926 ιιι
3179 3888 3285 3928 ιιοιι
3323 3875 3433 3941 jam
3481 3887 3549 3926 ex

1977 3972 2296 4033 intervallis,
2359 3972 2454 4024 sed
2513 3969 2793 4032 continue,
2854 3969 3123 4036 simulque
3177 3967 3548 4026 vehementer,

1983 4065 2257 4133 Augustus
2291 4071 2570 4129 urgeretur
2604 4078 2617 4114 :
2655 4075 2828 4129 neque
2872 4069 2968 4114 aut
2999 4060 3050 4114 iu
3097 4058 3417 4113 alterutrum
3451 4072 3550 4110 cu-

1983 4181 2254 4240 lmnstum,
2301 4179 2380 4232 vel
2411 4180 2652 4232 exterius
2686 4175 2954 4230 allluentis
2986 4178 3277 4230 introrsum
3312 4177 3546 4234 trahere.

1983 4273 2062 4326 vel
2111 4273 2255 4325 intus
2304 4279 2576 4340 concepta:
2626 4270 2772 4324 foras
2817 4269 3142 4339 ex~pirando
3189 4269 3406 4337 pellere.
3458 4283 3554 4336 per

1980 4373 2268 4416 censnetas
2299 4371 2352 4414 et
2383 4363 2721 4415 necessarias
2754 4360 3126 4428 reciprocandi
3161 4359 3383 4428 spiritus
3409 4359 3553 4412 vices

1979 4455 2085 4506 ullo
2135 4453 2246 4524 jam
2291 4455 2450 4508 modo
2497 4455 2660 4507 miser
2704 4463 2906 4522 posset.
2964 4452 3019 4506 Si
3073 4453 3195 4520 quis
3241 4468 3370 4506 vero
3406 4451 3550 4504 illum

294 4543 457 4610 cipis,
501 4548 880 4608 argumentum
930 4543 1332 4594 commentandi
1369 4541 1549 4594 nobile
1597 4543 1867 4595 disseren-
1897 4554 1949 4612 ι)
1978 4549 2127 4614 quasi
2162 4546 2423 4598 miserans
2461 4561 2582 4599 sero
2617 4560 2678 4598 ac
2715 4561 2836 4597 raro
2881 4558 3106 4597 somnus
3149 4543 3447 4604 invaderet,
3485 4558 3552 4594 ne

294 4635 478 4701 dique,
515 4631 850 4700 prepositum
888 4641 1056 4685 esset.
1094 4631 1319 4699 Horum,
1354 4644 1412 4687 ut
1447 4635 1527 4696 fit,
1557 4635 1695 4688 alius
1726 4635 1872 4689 aliud

294 4725 582 4793 sapiebat;
615 4734 724 4775 tum
761 4733 816 4774 ut
848 4723 1074 4790 quisque
1099 4732 1364 4776 statuerat
1388 4726 1453 4778 de
1483 4726 1652 4777 morbi
1685 4733 1877 4779 natura

295 4828 350 4871 et
396 4818 600 4879 cauis,
654 4825 1044 4884 congruentem
1099 4831 1196 4868 suo
1243 4816 1447 4879 sensui,
1488 4817 1872 4870 abhorrentem

295 4927 322 4961 a
347 4908 588 4978 iudiciis,
622 4907 847 4960 aliorum
873 4907 1207 4959 curationem
1254 4907 1650 4973 praes'crilzebat.
1685 4907 1875 4962 Omnia

297 4999 753 5067 experiebantur;
815 5013 1028 5058 verum,
1081 5005 1138 5050 ut
1193 5006 1434 5049 utaut-ret
1483 4999 1698 5051 dubium
1759 4999 1879 5066 quis

297 5106 486 5144 rerum
552 5092 794 5144 omnium
864 5089 1074 5142 ratione
1133 5098 1375 5141 uteretur
1431 5093 1676 5156 optima:
1746 5091 1878 5144 illud

298 5181 586 5234 constabat
639 5191 821 5242 certe,
897 5179 1068 5231 nihilo
1131 5176 1324 5231 melius
1378 5178 1760 5246 imperatorem
1821 5196 1879 5233 se

299 5273 499 5325 habere
521 5289 535 5335 ;
555 5272 754 5340 quippe
780 5272 866 5325 cui
891 5286 990 5323 nec
1014 5272 1078 5321 ad
1104 5270 1265 5322 breve
1291 5281 1620 5323 momentum
1647 5271 1880 5325 facultas

299 5374 444 5417 esset
493 5364 797 5432 respirandi
848 5365 1036 5417 libera.
1107 5361 1304 5414 Rectus
1351 5361 1478 5429 quin
1528 5364 1688 5415 etiam
1733 5373 1879 5418 stare

305 5468 604 5524 perpetuo,
674 5466 768 5509 aut
826 5455 1051 5524 supinus
1107 5454 1216 5506 alte
1271 5452 1510 5506 residere
1565 5454 1878 5519 cogebatur.

300 5548 455 5612 Quod
489 5547 677 5601 si'aut
715 5547 898 5616 jacere
950 5561 1170 5616 prunus,
1226 5551 1319 5597 aut
1367 5546 1420 5598 in
1471 5544 1606 5598 latus
1653 5546 1880 5599 alterum

305 5637 625 5694 recumbere
643 5647 896 5700 tentaret.
920 5638 1240 5707 stringebat,
1261 5638 1393 5692 heu!
1423 5652 1560 5691 θωνα
1579 5635 1878 5700 suﬂ'ocatio,

303 5743 362 5787 et
411 5740 678 5784 arctatum
712 5741 896 5798 guttur
929 5735 1197 5799 adut-gens
1241 5729 1414 5784 malus
1449 5729 1620 5782 morbi
1657 5730 1883 5798 laqueus

301 5825 443 5880 ade
508 5823 820 5892 premebat,
875 5833 928 5874 ut
983 5838 1047 5876 nc
1106 5822 1394 5875 minimum
1457 5821 1673 5892 quidem
1737 5837 1882 5876 aura:

589 5917 860 6002 Partum.
893 5919 935 5978 ὓ
950 5934 1006 5976 ιι.
1039 5914 1305 5976 CXXXI.

1977 4647 2086 4688 tum
2109 4635 2324 4703 quidem
2353 4635 2599 4686 inducias
2619 4633 2868 4685 tormenti
2893 4633 3083 4685 breves
3105 4630 3300 4700 angina
3323 4630 3554 4684 crudelis

1977 4727 2139 4779 dabat
2179 4742 2192 4778 :
2235 4715 2630 4792 ﬂentumque,
2668 4723 2888 4792 perinde
2927 4722 3245 4774 dormitanti
3278 4738 3340 4776 ac
3386 4723 3550 4790 vigili,

1977 4826 2094 4870 erat
2122 4816 2262 4869 istud
2291 4814 2691 4868 incommodum
2909 4811 3286 4882 gravissimum
3317 4801 3522 4879 respiro

1982 4907 2142 4960 tionis
2189 4905 2525 4973 intercepto.
2561 4903 2659 4957 llic
2692 4904 2891 4957 medici
2921 4904 3062 4970 quod
3095 4917 3324 4971 purgare
3355 4918 3553 4972 corpus

1983 4997 2261 5051 medicatis
2295 4997 2605 5064 potionibus
2637 4994 2959 5060 omiserant,
2992 4995 3303 5048 missionem
3342 4997 3556 5065 sangui-

1983 5091 2066 5143 nis
2095 5093 2415 5143 decetuunt.
2444 5088 2714 5143 Tunditttr
2759 5091 2823 5141 ad
2857 5088 3174 5142 interiorem
3214 5088 3415 5144 flexum
3453 5105 3552 5144 cu-

1985 5184 2078 5238 biti
2118 5199 2290 5248 vena;
2340 5199 2439 5237 nec
2470 5199 2532 5238 ea
2566 5200 2624 5238 re
2653 5182 2944 5236 levamenti
2973 5184 3262 5252 quidquam
3299 5199 3554 5254 expertus

1981 5290 2122 5345 aeger
2151 5285 2252 5330 est,
2283 5274 2596 5346 Eodemque
2637 5276 2756 5330 loco
2783 5291 3018 5345 semper,
3058 5275 3159 5330 hoc
3188 5285 3269 5330 est
3298 5279 3552 5346 pessimo,

1985 5369 2129 5422 salus
2164 5369 2530 5436 imperatoris,
2565 5367 2767 5422 lethale
2799 5369 3089 5424 momentis
3116 5371 3366 5424 omnibus
3391 5368 3556 5421 anhe-

1986 5460 2168 5524 lantis,
2195 5469 2352 5527 erat;
2386 5462 2542 5515 nobis
2561 5461 2652 5531 qui
2675 5461 3022 5516 adstabamus
3051 5460 3552 5524 tractabatnusque.

1987 5567 2052 5606 ne
2086 5553 2228 5606 inter
2256 5563 2469 5606 nostras
2497 5569 2685 5608 manus
2703 5554 3026 5623 exspiraret,
3065 5553 3206 5606 haud
3238 5549 3355 5604 sine
3387 5564 3553 5603 causa

1990 5643 2378 5697 metuentibus.
2407 5643 2690 5714 PrOpiuata
2727 5656 2836 5699 tum
2873 5645 3011 5698 forte
3049 5644 3316 5711 languenti
3349 5640 3558 5692 antido-

1987 5745 2071 5786 tus
2101 5749 2166 5786 ex
2213 5735 2393 5804 pipere
2435 5738 2723 5792 salutarem
2756 5740 2865 5791 cito
2904 5735 3153 5790 effectum
3203 5733 3399 5786 habere
3443 5733 3554 5785 visa

1988 5831 2092 5878 cst.
2145 5823 2251 5879 Nos
2298 5827 2630 5896 triumphare
2681 5828 2874 5897 gaudio
2926 5825 3144 5881 statim.
3199 5821 3557 5890 omn'busqtto

3081 5921 3158 5980 3S
