3986 6212
326 355 458 418 1107

1560 356 1836 416 ALEXIA
1849 356 1972 414 DIS
2013 355 2159 416 LIB.
2202 356 2326 417 XV.

3443 365 3574 430 1138
3609 374 3616 380 ’

320 473 432 525 πᾶν
472 469 694 540 τέμενος
726 471 973 539 δαψιλεῖς
1011 469 1110 534 τὰς
1152 470 1443 539 φωταυγάς
1481 471 1783 540 ποιουμένη
1806 471 1899 523 καὶ

2010 471 2156 538 copia
2189 470 2396 539 ingenti
2441 485 2545 526 non
2603 471 2654 525 in
2688 483 2989 540 praesentes
3030 473 3338 533 effundebat
3371 478 3572 541 solum.

317 564 448 626 τοὺς
480 563 690 631 ὕμνους
757 568 1002 634 συνεχεῖς
1070 563 1158 618 καὶ
1199 562 1682 627 ἀκαταπαύστους,
1730 563 1901 617 erasa.

322 672 438 716 σεις
459 652 515 706 δὲ
546 655 661 715 τοῖς
699 655 1024 726 ἁπανταχοῦ
1071 656 1172 722 γῆς
1208 654 1305 706 καὶ
1335 654 1615 724 Θαλάσσης
1656 654 1901 708 οἰκοῦσιν

324 745 637 815 εἰργάζετο,
687 745 973 808 Ἀπαντας
1035 745 1135 815 μὲν
1189 745 1459 816 μοναχοὺς
1511 747 1568 798 ὲν
1598 745 1752 814 ὄρεσι
1805 745 1900 797 καὶ

326 837 614 907 σπηλαίοις
678 836 1032 908 οἰκοῦνταςῆ
1089 839 1184 890 καὶ
1240 836 1416 901 ἄλλως
1465 838 1557 890 τὸν
1601 836 1900 908 μοναχικδν

321 929 576 991 ἐπιόντας
636 928 751 998 βίον
800 930 880 991 εἰς
944 931 1186 992 ἐκτενεῖς
1233 931 1454 998 δεήσεις
1512 930 1902 998 ἐπεγείρουσα,

322 1021 572 1082 ἅπαντας
610 1019 666 1074 δὲ
693 1020 988 1082 νοσοῦντας
1015 1021 1049 1089 ἢ
1077 1021 1174 1073 καὶ
1221 1022 1278 1073 ὲν
1328 1021 1575 1088 εἱρκταῖς
1605 1018 1906 1088 κατεχομέ-

323 1129 414 1163 νου
434 1130 444 1162 :
464 1111 556 1162 καὶ
579 1113 994 1182 τετρυχωμένου
1042 1112 1484 1174 πλουσιωτάτους
1501 1111 1904 1186 ἐργαζομένους

323 1207 448 1266 ταῖς
501 1203 737 1270 δόσεσιν,
775 1204 910 1274 ὁμοῦ
951 1203 1089 1274 πρὸς
1136 1204 1238 1266 τὰς
1271 1203 1411 1273 ὑπὲρ
1438 1203 1534 1256 τοῦ
1574 1204 1905 1275 αὑτοκράτοδ

326 1312 420 1366 ρος
445 1297 610 1364 εὐχὰς
649 1296 1058 1365 προσεκαλεῖτο.
1089 1295 1247 1349 Ἐπεὶ
1268 1295 1324 1347 δὲ
1356 1295 1416 1346 τὸ
1442 1295 1537 1348 τοῦ
1570 1296 1904 1365 αὐτοκράτο-

327 1406 422 1460 ρος
489 1388 797 1457 σπλάγχνον
829 1387 1088 1456 ῖξῳδὴκιι
1115 1403 1176 1438 τε
1215 1386 1309 1438 καὶ
1341 1388 1419 1448 εἰς
1458 1386 1624 1455 ὄγκον
1663 1389 1903 1459 ἐπιφανῆ

329 1481 722 1552 προελήλυθεν,
747 1482 857 1534 οῖτε
885 1481 1047 1543 πόδες
1083 1480 1430 1551 ἑξῳδήκεσαν
1455 1482 1550 1534 καὶ
1581 1481 1813 1551 πυρετὸς
1845 1482 1906 1534 τὸ

325 1575 603 1645 βασιλικὸν
639 1574 798 1643 σῶμα
838 1576 1120 1644 κατεῖχεν,
1174 1575 1254 1637 εἰς
1314 1573 1599 1643 καυτῆρας
1655 1574 1906 1627 ἐντεῦθέν

323 1681 469 1727 τινες
499 1664 609 1715 τῶν
644 1665 846 1733 ἰατρῶν
864 1665 1089 1716 ἀπεῖδον
1121 1663 1295 1733 μικρὰ
1337 1664 1762 1732 πεφροντικότες
1810 1663 1904 1716 τοῦ

328 1753 596 1824 πυρετοῦ.
641 1753 781 1806 Ἀλλ’
825 1749 894 1824 ἦν
928 1755 1117 1808 ἅπασα
1172 1753 1441 1823 θεραπεία
1491 1754 1774 1823 ἀνωφελὴς
1813 1754 1907 1808 καὶ

2003 560 2096 612 sed
2151 560 2216 613 ad
2268 560 2405 614 alios
2453 561 2779 631 ubicunque,
2831 571 2974 618 terra
3032 567 3298 636 marique,
3347 570 3572 637 penuria

2004 650 2315 706 laborantes
2374 652 2700 708 missitabat.
2762 653 3059 712 Monachus
3113 659 3278 712 etiam
3340 672 3573 718 cunctos

2002 742 2202 812 quique
2225 745 2520 798 solitariam
2547 745 2600 798 in
2633 748 2906 802 montibus
2937 760 2989 803 et
3018 751 3292 818 speluncis
3319 765 3576 810 exercent

2006 834 2196 898 vitam,
2256 835 2455 903 quique
2488 837 2594 890 alia
2635 838 3104 918 rationeosejuni-ti
3137 857 3164 896 a
3195 844 3343 899 curis
3383 846 3576 900 huma-

2006 925 2088 979 nis
2138 925 2380 994 religioni
2432 938 2646 990 vacant,
2693 930 2912 985 assidue
2953 930 3182 988 hortans
3223 948 3288 987 ac
3333 933 3578 990 excitans

2007 1017 2074 1068 ad
2125 1016 2516 1073 infentissitnas
2565 1034 2663 1088 pro
2696 1019 3040 1088 imperatoris
3078 1022 3250 1078 salute
3292 1039 3478 1092 preces
3509 1025 3576 1079 ad

2007 1106 2174 1160 Deum
2220 1107 2435 1162 assidue
2483 1107 2802 1164 fundendas.
2861 1111 3014 1178 Quod
3068 1113 3240 1182 ipsum
3297 1115 3349 1168 in
3394 1115 3580 1183 gratia:

2005 1199 2176 1252 vicem
2234 1210 2470 1252 nnuuam
2503 1202 2662 1257 enixe
2707 1204 3065 1258 contendebat
3102 1205 3168 1259 ab
3214 1206 3277 1259 iis
3305 1207 3578 1272 omnibus,

2005 1304 2142 1357 quos
2193 1290 2395 1343 morbis
2447 1290 2696 1355 z-mictos,
2739 1293 2946 1348 vitntos
2998 1295 3368 1363 compedibus,
3424 1297 3580 1352 malis

2005 1380 2127 1435 aliis
2173 1380 2512 1450 miser-iisque
2563 1383 2800 1448 attritos,
2856 1385 3275 1453 donationibus,
3339 1398 3400 1442 ut
3444 1388 3578 1453 dixi,

2007 1471 2347 1536 largisnmis,
2377 1485 2597 1542 repente
2632 1474 2700 1528 dc
2739 1475 3003 1529 mendicis
3043 1476 3261 1539 divites,
3306 1479 3371 1533 de
3407 1480 3581 1533 infeli-

2006 1563 2238 1618 cissimis
2265 1564 2722 1619 fortunatissimos
2753 1566 3037 1621 reddebat.
3064 1567 3306 1634 Interim,
3341 1589 3460 1625 cum
3496 1575 3578 1625 in-

2010 1654 2435 1708 tumescentibus
2459 1654 2685 1722 Augnsti
2715 1657 3010 1711 visceribus
3045 1663 3374 1716 excrevisset
3398 1674 3584 1719 venter

2008 1746 2061 1798 in
2093 1743 2285 1797 molem
2311 1755 2464 1798 extra
2499 1747 2712 1800 modum
2751 1749 3163 1815 prominentem,
3191 1754 3351 1822 pedes
3372 1772 3586 1825 quoque

324 1816 477 1913 κενή.
529 1845 664 1898 Οὐδὲ
720 1816 1133 1915 γὰρόκαυτὴρ
1193 1816 1427 1914 ὤνησεν,
1479 1816 1696 1897 ἁλλ’-ὲν
1725 1816 1904 1909 αὐτοῖς

2014 1835 2204 1904 turgidi
2236 1847 2417 1892 essent
2457 1837 2607 1902 facti,
2655 1854 2716 1894 ac
2749 1854 2948 1909 corpus
2983 1849 3151 1896 totum
3187 1843 3352 1899 febris
3385 1849 3583 1905 ardens

323 1940 418 1988 καὶ
445 1937 504 1989 τὸ
540 1936 850 2005 σπλάγγνον
901 1931 970 2005 ἦν
997 1937 1092 1988 καὶ
1124 1934 1192 1988 τὰ
1221 1933 1639 1988 ἀναπνευστικὰ
1703 1936 1901 1989 δυσκό-

322 2027 430 2090 λως
459 2027 671 2096 ἔχοντα’
712 2027 905 2098 ὥσπερ
930 2028 985 2080 δὲ
1013 2025 1072 2091 ὲξ
1097 2027 1262 2098 ἄλλης
1299 2029 1482 2096 πηγῆς
1518 2027 1791 2097 ῥεύματος
1822 2029 1901 2090 εἰς

323 2121 416 2172 τὸν
445 2119 819 2188 γαργαρεῶνα
865 2118 1280 2188 ἐπενεχθέντος,
1316 2119 1411 2172 καὶ
1456 2111 1535 2172 ὧν
1568 2120 1616 2171 οἱ
1673 2117 1906 2188 Ἀσκλη-

325 2213 521 2267 πιάδαι
546 2211 713 2279 φασὶν
741 2211 990 2280 οὐρανῶν
1019 2211 1422 2282 ὲπιλαόομένης
1473 2216 1567 2266 καὶ
1597 2213 1702 2266 τῶν
1734 2212 1908 2268 οὐλῶν

325 2302 504 2356 αὐτῶν
538 2302 972 2372 φλεγμανάντων
1010 2303 1077 2368 ⁸³,
1115 2304 1209 2354 καὶ
1253 2304 1354 2372 τῆς
1413 2306 1695 2374 φάρυγγος
1727 2305 1909 2374 ἀπαρ-

324 2395 516 2464 θείσης
542 2395 634 2446 καὶ
662 2394 759 2464 τῆς
788 2393 1066 2463 γλώττης,
1135 2391 1532 2467 ὲξογκωθείσης
1581 2395 1831 2450 ἐντεῦθεν
1859 2395 1908 2448 οῖ

327 2487 487 2555 πόροι
513 2503 572 2536 τε
599 2484 1073 2554 ἁπιστενώθησαν
1117 2486 1255 2556 πρὸς
1311 2486 1380 2539 τὰ
1435 2487 1645 2540 ἑαυτῶν
1696 2490 1909 2557 πέρατα

333 2577 680 2638 συνελθόντες
711 2576 778 2628 δι’
820 2568 902 2629 ῶν
928 2576 997 2628 τὰ
1032 2575 1132 2644 τῆς
1165 2579 1371 2647 τροφῆς
1407 2577 1602 2646 ἔμελλε
1653 2578 1908 2645 διελθεῖν,

331 2669 427 2719 καὶ
454 2671 515 2718 τὸ
551 2667 650 2735 τῆς
682 2668 949 2736 ἁτροφῑας
986 2667 1161 2719 δεινὸν
1215 2668 1497 2731 παντελῶς
1549 2670 1732 2721 ἀσιτία
1777 2672 1911 2739 ἡμῖν

328 2757 568 2827 ὲπεκρέμ
581 2775 699 2811 ατο.
728 2759 840 2811 Κᾶν
873 2757 1006 2825 ἐγὼ,
1037 2759 1167 2821 Θεὸς
1189 2760 1339 2822 ῖστω,
1374 2759 1574 2830 πολλὴν
1612 2759 1912 2830 ἐποιούμην

328 2846 428 2915 τὴν
467 2851 596 2917 περὶ
647 2851 746 2916 τῆς
801 2851 1011 2920 τροφῆς
1063 2854 1480 2921 πραγματείαν,
1523 2854 1616 2905 καὶ
1663 2852 1734 2905 τὰ
1765 2857 1912 2906 σιτία

328 2938 681 3006 καθεκάστην
703 2937 790 2990 διὰ
818 2939 926 2990 τῶν
955 2980 969 2994 .
1030 2978 1042 2991 .
1083 2940 1279 3009 ἔφερον
1311 2940 1484 3008 τούτῳ
1535 2939 1754 3010 χειρῶν.
1794 2943 1905 2993 Ῥο-

329 3029 675 3098 φγιματώδεις
697 3030 794 3089 τὰς
829 3065 844 3081 .
875 3067 890 3082 .
928 3029 994 3088 ἀς
1026 3033 1201 3083 ποιεῖν
1227 3030 1634 3097 ἀναγκάζουσα.
1661 3032 1910 3084 Ἀπαντα

365 3137 459 3172 ουν
478 3159 491 3172 ο
544 3161 555 3172 .

327 3137 491 3186 γουν.
544 3161 555 3172 .
622 3159 636 3173 .
676 3137 951 3188 ’,ῑερομενα
969 3137 1062 3171 επι
1090 3137 1156 3189 τῃ
1187 3137 1283 3188 της
1303 3137 1614 3189 φλεγμονης
1643 3137 1909 3193 υεραπεια

474 3247 488 3262 .
637 3247 652 3263 .
805 3248 820 3261 .
985 3209 1238 3278 ἐφαίνετο
1303 3211 1446 3262 κατᾶ
1512 3211 1610 3278 τῆς
1675 3212 1912 3283 σπουδῆς

330 3301 547 3355 ἅπαντα
622 3342 637 3355 .
755 3339 774 3354 .
885 3339 901 3355 .
1015 3341 1029 3355 .
1109 3301 1203 3354 καὶ
1230 3299 1298 3353 τὰ
1328 3300 1578 3371 ἡμέτερα
1603 3302 1785 3356 καὶτὰ
1805 3304 1914 3357 τῶν

332 3394 536 3462 ἰατρῶν
557 3394 664 3447 ἔδει
737 3433 753 3450 .
838 3436 852 3449 .

333 3487 464 3553 περὶ
499 3502 626 3539 τατε
670 3527 684 3540 .
763 3525 778 3540 .

331 3578 493 3631 ἐπα.
572 3617 585 3630 .

937 3433 949 3446 .
1028 3393 1164 3446 δέκα
1194 3392 1250 3446 δὲ
1283 3395 1378 3446 καὶ
1415 3395 1543 3463 μιᾶς
1575 3395 1791 3465 ἡμέρας
1818 3395 1914 3448 τοῦ

861 3527 874 3541 .
939 3485 1326 3554 ὲπιγεγονότος
1376 3484 1551 3555 τούτῳ
1607 3486 1916 3556 νοσήματος

668 3617 680 3629 .
717 3593 887 3640 οντος’
920 3577 1010 3630 καὶ
1047 3575 1479 3638 ἀπαπειλοῦντος
1541 3577 1632 3630 τὸν
1669 3578 1915 3631 κίνδυνον

699 3669 870 3731 πέρας
901 3667 1198 3730 διαθέσεως
1227 3667 1619 3738 ἐπιγενομένης
1641 3667 1910 3738 διάρροια.

333 3757 518 3821 Οὕτως
551 3758 677 3811 ἄλλο
705 3759 790 3811 ἐπ’
823 3758 968 3828 ἄλλῳ
991 3758 1164 3811 κακὸν
1186 3758 1308 3812 καθ’
1336 3758 1494 3828 ἡμῶν
1525 3759 1587 3810 τὸ

364 3851 388 3902 ὲ
417 3851 872 3915 ἐπεκυλίετο,οὖκ
906 3846 972 3920 ἦν
1003 3852 1140 3919 πρὸς
1170 3850 1430 3919 ὁπότερον
1543 3890 1558 3904 .
1675 3890 1689 3904 .
1803 3853 1904 3905 εἰν.

334 3941 473 3994 Οὔτε
518 3943 644 4004 τοὺς
677 3941 1082 4010 Ἀσκληπιάδας
1129 3941 1241 3995 οὗθ’
1272 3943 1419 4012 ἡμᾶς
1448 3943 1573 4003 τοὺς

335 4034 426 4086 τὸν
479 4033 854 4103 αὐτοκράτορα
907 4033 1384 4103 διαπονουμένους,
1444 4032 1569 4087 οὔτε

330 4141 518 4186 ναντα,
565 4124 702 4176 ἀλλὰ
752 4125 928 4178 πάντα
973 4125 1119 4193 ἐώρα
1164 4126 1300 4195 πρδς
1345 4125 1568 4195 ὄλεθρον

331 4211 428 4264 τοῦ
456 4211 645 4265 λοιποῦ
674 4213 743 4265 τὰ
777 4212 900 4268 καθ’
939 4214 1084 4282 ἡμᾶς
1117 4214 1174 4265 ὲν
1202 4215 1345 4282 σάλῳ
1375 4215 1472 4266 καὶ
1504 4215 1738 4269 κλύδωνι

663 4304 989 4373 ἐταράττετο
1047 4307 1114 4358 τὰ
1161 4304 1541 4374 καθεστηκότα
1597 4309 1691 4360 καὶ
1747 4307 1912 4376 φάεος

331 4416 622 4487 perniciem
657 4427 910 4485 urgerent
934 4416 1092 4480 mala,
1116 4419 1398 4472 calamitas
1425 4434 1588 4487 super
1610 4419 1743 4474 alias
1770 4433 1907 4472 nova

2010 1936 2210 1990 ureret,
2258 1927 2588 1982 medicormn
2625 1929 2841 1997 quidam
2888 1929 3024 1986 febri
3059 1942 3387 2004 contempta,
3420 1938 3581 1992 veluti

2009 2037 2037 2075 a
2088 2035 2193 2091 qua
2251 2022 2302 2075 in
2361 2023 2647 2091 presentia
2706 2024 2884 2080 minus
2938 2037 3256 2094 metuerent,
3303 2032 3586 2086 ενιῐιιςιηὶω

2012 2122 2272 2167 tumorem
2328 2114 2586 2170 eauteriis
2637 2115 2914 2171 iuurendis
2959 2128 3085 2172 sunt
3125 2121 3382 2189 aggressi.
3437 2121 3582 2178 Vana

2012 2217 2186 2260 tamen
2220 2206 2308 2260 illa
2341 2222 2552 2276 quoque
2578 2217 2631 2262 et
2660 2207 2850 2263 effectu
2881 2224 3031 2264 cassa
3057 2214 3264 2268 curatio
3292 2214 3389 2268 fuit
3417 2234 3430 2281 ;
3457 2232 3584 2271 nam

2009 2311 2064 2354 et
2123 2298 2327 2354 ventris
2381 2308 2559 2353 tumor
2613 2299 2746 2354 nihil
2805 2303 3050 2356 cauterio
3107 2303 3347 2360 minutus
3379 2321 3480 2372 cst,
3530 2320 3588 2364 et

2012 2389 2318 2458 pulmonem
2364 2405 2428 2442 ac
2461 2388 2648 2445 fauces
2684 2392 2852 2446 nihilo
2886 2392 3063 2446 minor
3097 2408 3291 2464 urgere
3335 2411 3586 2462 perseve-

2011 2484 2164 2535 rabat
2197 2481 2480 2535 difﬁcultas
2510 2482 2879 2550 reciprocandi
2912 2485 3155 2552 Spiritus.
3199 2487 3319 2542 "me
3349 2503 3470 2542 cum
3498 2490 3582 2545 sie

2011 2582 2213 2637 essent,
2248 2587 2374 2626 erce
2402 2571 2494 2626 tibi
2531 2573 2675 2627 velut
2714 2591 2777 2627 cx
2811 2591 2946 2628 novo
2976 2576 3128 2630 fonte
3155 2577 3401 2634 humoris
3435 2581 3579 2635 noxii

2013 2665 2252 2720 derivata
2305 2680 2439 2719 nova
2497 2667 2789 2720 deStillatio
2834 2668 3205 2736 gurguliouetn
3255 2657 3472 2732 invasit,
3530 2683 3588 2728 et

2013 2759 2156 2825 quod
2198 2758 2250 2811 in
2288 2773 2384 2812 ore
2428 2759 2619 2812 medici
2669 2759 2854 2812 caelum
2901 2760 3195 2830 appellant,
3235 2763 3587 2834 gingivnsque

2015 2849 2277 2915 corripuit
2331 2847 2638 2917 inflavilque
2679 2850 2874 2902 atTluxu
2907 2851 3146 2906 ardentis
3185 2853 3354 2908 sauiei
3395 2873 3408 2908 :
3445 2857 3588 2910 unde

2015 2949 2292 2992 crescente
2326 2939 2377 2991 in
2413 2938 2604 2992 molem
2643 2939 2892 3004 frumine,
2931 2941 3217 3012 linguaque
3256 2945 3366 3010 ipsa
3414 2957 3588 3000 tuine-

2016 3028 2178 3090 facta,
2201 3030 2460 3084 ob.~tructi
2489 3041 2695 3083 meatus
2731 3041 2851 3084 sunt
2884 3033 3295 3089 transmittendo
3329 3036 3588 3091 alimento

622 3159 636 3173 .
676 3119 951 3188 ’ξερὸμενα
969 3120 1062 3171 ἐπὶ
1090 3122 1156 3189 τῇ
1187 3120 1283 3188 τῆς
1303 3119 1614 3189 φλεγμονῆς
1643 3121 1904 3193 θεραπεία

2018 3119 2190 3186 parati
2243 3135 2270 3170 a
2329 3129 2543 3172 natura.
2591 3119 2772 3173 Nurus
2827 3121 2950 3176 hinc
2992 3124 3059 3176 ad
3114 3125 3386 3178 cumulum
3437 3125 3589 3179 labor

2017 3207 2216 3262 aﬂlicto
2247 3208 2484 3276 corpori,
2521 3208 2834 3262 nutriuteuti
2875 3210 3198 3265 subtractio.
3245 3211 3420 3268 Testis
3453 3214 3585 3268 mihi

2016 3299 2160 3355 Deus
2189 3300 2279 3365 sit,
2303 3317 2406 3370 qua
2433 3316 2532 3372 ego
2554 3303 2802 3370 privatim
2830 3301 3103 3372 di’igentia
3132 3305 3396 3372 quibusve
3423 3322 3586 3360 cona-

2018 3392 2159 3446 tibus
2216 3391 2440 3446 eluctari
2517 3393 2616 3446 hoc
2678 3393 3120 3462 impedimentum
3191 3397 3583 3452 contenderim.

2015 3481 2243 3532 Aderam
2298 3479 2446 3533 horis
2501 3481 2771 3545 omnibus,
2827 3481 3080 3535 alimenta
3132 3484 3212 3537 sic
3268 3485 3461 3538 affet-lo
3496 3503 3584 3539 ac-

2015 3570 2352 3624 commodata
2397 3570 2611 3638 corpori
2652 3570 2899 3624 manibus
2942 3569 3056 3640 ipsa
3100 3571 3416 3628 ministrans
3457 3592 3583 3644 pro-

2015 3666 2169 3738 priis,
2231 3680 2294 3718 uc
2352 3663 2494 3733 quod
2551 3661 2710 3715 simul
2771 3662 2962 3717 idonea
3029 3664 3181 3731 copia
3244 3665 3416 3733 trajici
3479 3685 3582 3722 non

2017 3770 2249 3832 poterat,
2305 3758 2653 3828 experiendis
2711 3756 2905 3825 sacpius
2955 3756 3360 3812 sorbitiunculis
3412 3759 3588 3815 instil.

2016 3854 2156 3918 laus,
2214 3866 2312 3906 nec
2361 3849 2603 3920 segniter
2643 3849 2844 3902 interea
2898 3848 3090 3901 medici
3140 3863 3252 3903 oris
3297 3860 3583 3916 tumorem,

2017 3945 2358 4015 partiumque
2417 3941 2666 4004 illarum,
2728 3938 2978 3992 omnibus
3033 3940 3168 3994 artis
3221 3941 3586 3997 delinimentis

2015 4049 2078 4086 ac
2121 4032 2371 4085 remediis
2411 4045 2704 4099 procurare
2749 4029 3079 4083 nitebantur.
3135 4027 3330 4082 Verum
3385 4045 3484 4083 nec
3530 4030 3583 4083 hi

2017 4140 2116 4179 nec
2170 4138 2270 4191 ego
2326 4121 2738 4191 proficiebamus
2795 4119 2908 4175 fere
2966 4121 3284 4189 quidquam.
3352 4121 3476 4175 Dies
3531 4121 3581 4172 in

2011 4217 2094 4271 his
2127 4217 2374 4269 undecim
2416 4215 2678 4278 abierant,
2716 4213 2768 4267 in
2804 4227 2998 4282 magno
3028 4223 3170 4268 metu
3208 4222 3392 4267 nostro
3414 4251 3430 4277 ,
3462 4228 3582 4267 cum

2013 4309 2156 4363 velut
2186 4324 2289 4362 non
2318 4309 2530 4362 abunde
2563 4308 2730 4362 multa
2763 4322 3066 4378 magnaque
3095 4321 3291 4376 corpus
3329 4323 3494 4361 unum
3528 4307 3580 4360 in

2026 4441 2129 4492 quc
2153 4423 2317 4479 variis
2339 4424 2646 4478 ostenderat
2663 4423 2826 4476 animi
2855 4423 3151 4493 praesentia:
3169 4438 3232 4476 ac
3253 4422 3586 4476 fortitudinis

339 4507 566 4573 incidit,
632 4507 735 4560 alvi
789 4508 983 4569 fluxus,
1045 4524 1148 4562 non
1201 4509 1456 4564 salutaris
1513 4521 1603 4563 aut
1655 4511 1899 4577 criticus,
1938 4511 1982 4564 Β
2013 4535 2079 4574 ne
2108 4529 2218 4572 tum
2244 4519 2460 4586 quidrm
2491 4517 2654 4570 oblita
2685 4525 2802 4582 est;
2837 4516 2964 4585 quin
2995 4517 3172 4584 potius
3209 4516 3433 4569 istarum
3466 4515 3582 4568 lau-

329 4599 488 4669 501
527 4600 619 4654 Sed
651 4599 862 4652 lethalis
912 4614 1131 4668 prorsus
1158 4640 1172 4665 ,
1209 4610 1262 4655 et
1296 4601 1554 4670 reliquias
1589 4602 1781 4657 virium
1818 4614 1902 4657 te—

332 4708 473 4748 nues
504 4693 728 4761 ina'gro
776 4694 1038 4763 principe,
1111 4694 1160 4747 in
1211 4694 1387 4758 nobis,
1421 4695 1512 4762 qui
1565 4695 1907 4765 languentem

327 4787 680 4845 curabamus,
709 4798 832 4851 spes
865 4789 1050 4838 Statim
1079 4800 1270 4838 omnes
1297 4794 1736 4851 consumpturus.
1769 4787 1908 4854 Ergo

320 4878 458 4944 jam,
494 4887 548 4930 et
591 4876 999 4930 denuntiatione
1023 4876 1378 4934 medicorum.
1429 4886 1483 4929 et
1514 4878 1588 4930 rei
1638 4877 1906 4930 evidentia

327 4968 536 5034 ipsius,
600 4967 991 5036 oculorumque
1049 4970 1296 5036 praesenti
1367 4967 1488 5030 fide,
1557 4968 1902 5038 imperatoris

326 5060 530 5126 passim
565 5058 667 5112 vita
700 5059 1160 5112 conclamahatur.
1199 5060 1316 5124 Quo
1351 5071 1591 5129 tempore
1618 5073 1817 5128 quanta
1848 5061 1902 5113 in

329 5166 429 5203 nos
479 5151 692 5218 proprie
742 5165 1012 5221 quamque
1069 5166 1209 5204 saeva
1258 5151 1560 5206 incubuerit
1607 5155 1894 5217 maeroris,

324 5243 727 5307 sollicitudinis,
767 5245 1106 5296 miseriarum
1137 5245 1314 5298 omnis
1351 5246 1566 5312 generis
1621 5245 1852 5314 procella
1879 5285 1893 5308 ,

326 5337 451 5404 quis
475 5320 640 5389 facile.
658 5337 880 5391 dixerit?
909 5337 1186 5390 Eminebat
1206 5337 1346 5390 inter
1369 5339 1610 5393 omnium
1637 5339 1904 5406 lacrymas

328 5428 506 5483 luctus
552 5438 608 5481 et
656 5429 830 5498 pietas
864 5429 1153 5498 Augustae;
1185 5445 1304 5498 qua
1349 5445 1658 5499 quanquam
1705 5429 1902 5482 nullam

329 5534 438 5572 non
468 5519 654 5572 ederet
686 5520 738 5573 in
770 5519 983 5588 jactura
1032 5520 1336 5575 charissimi
1381 5521 1573 5588 capitis
1611 5520 1902 5589 significa-

331 5612 535 5663 tionem
576 5611 696 5666 veri‘
719 5613 938 5675 amoris,
973 5611 1383 5681 insolabilisque
1418 5611 1690 5676 desiderii,
1725 5619 1903 5666 tamen

329 5702 447 5769 ejus
479 5718 638 5772 quam
668 5713 776 5756 toto
818 5703 942 5758 vita:
977 5713 1221 5774 tempore
1246 5705 1298 5761 in
1338 5703 1590 5776 periculis
1619 5701 1906 5757 aerumnis-

415 5795 462 5827 ⁸³
493 5795 948 5863 φλεγμηνέιντων.

2008 4610 2138 4664 dum
2191 4608 2489 4660 clarissima
2549 4617 2674 4660 tunc
2723 4607 2958 4660 maxime
3005 4607 3322 4659 documenta
3371 4604 3537 4658 edidit
3569 4643 3582 4664 ,

2012 4698 2430 4765 generosissime
2462 4696 2663 4749 doloris
2692 4695 2954 4749 cohibens
2997 4695 3217 4748 nimiam
3263 4697 3392 4759 vim,
3426 4695 3590 4748 obfir-

2010 4803 2273 4856 mansque
2321 4803 2381 4843 se
2424 4798 2608 4842 contra
2648 4786 2788 4838 virili
2843 4786 3149 4840 constantia
3188 4803 3200 4840 :
3239 4799 3293 4842 et
3332 4786 3478 4839 velut
3528 4787 3581 4841 in

2007 4877 2286 4948 Olympico
2329 4877 2548 4947 pulvere
2600 4874 2800 4929 athleta
2865 4875 3165 4942 palmarum
3226 4875 3574 4944 plurimarum

2006 4969 2218 5024 fortiter
2245 4967 2513 5022 eluctatur
2541 4967 2914 5021 adversarium
2940 5006 2954 5031 ,
2987 4966 3066 5020 sic
3115 4966 3202 5020 illa
3251 4966 3576 5034 injirieutetu

2008 5058 2190 5112 virtuti
2243 5073 2354 5112 sua:
2405 5072 2632 5118 manus,
2688 5064 2850 5125 atque
2901 5057 3138 5125 undique
3192 5057 3577 5125 ingruentem,

2006 5151 2350 5220 dejicereque
2409 5157 2734 5212 conantem,
2784 5156 2966 5201 erecta
3020 5147 3067 5200 vi
3120 5149 3285 5202 animi
3342 5149 3579 5203 dolorem

2007 5242 2333 5295 acerrimum
2370 5241 2644 5294 sustinens
2689 5254 2751 5292 ac
2799 5239 3086 5307 repellens.
3142 5240 3303 5307 Atqui
3349 5248 3583 5307 quauta-

2007 5348 2216 5400 (unque
2241 5340 2549 5394 cenaretur,
2579 5329 2755 5382 facere
2787 5329 2873 5382 illa
2905 5329 3120 5396 quidam
3155 5330 3294 5383 hmid
3341 5339 3576 5398 poterat,

2005 5425 2134 5492 quin
2158 5422 2372 5490 qumies
2402 5420 2784 5488 imperatorem
2812 5421 2865 5472 in
2900 5419 3004 5474 isto
3024 5420 3478 5488 deploratissimo,
3527 5420 3579 5472 in

2003 5530 2114 5584 quo
2158 5515 2206 5567 is
2237 5522 2348 5566 tum
2393 5520 2549 5575 erat,
2583 5520 2727 5564 statu
2777 5520 3026 5564 cerneret
3073 5511 3350 5580 (cernebat
3401 5518 3580 5564 autem

2009 5604 2271 5676 assidue),
2317 5603 2851 5658 transverberaretur
2901 5602 3002 5671 ipsi
3037 5602 3250 5655 auiums
3298 5599 3449 5669 plaga
3501 5600 3582 5654 in-

2007 5699 2173 5768 genti,
2198 5711 2400 5763 corque
2432 5693 2682 5749 intimum
2709 5683 2955 5748 funditus
2976 5690 3580 5748 succuteretur.Verum
