3986 6212
504 289 640 354 1199

504 499 787 555 infortunii
826 499 940 567 pari
977 494 1322 550 contentione
1350 493 1585 546 robusta:
1624 493 1860 556 virtutis,
1896 501 2074 544 certa-

505 608 734 660 menque
759 588 991 643 durabat
1022 587 1245 640 obnixis
1297 587 1549 654 utrinque
1583 586 1919 652 impulsibus,
1951 599 2074 638 cum

505 695 558 738 et
590 683 808 738 lethalia
836 679 1035 735 doloris
1063 678 1283 733 vulnera
1342 691 1534 731 senSns
1575 677 1791 743 penitus
1826 675 2071 738 intimos,

510 777 875 842 tuedullasque
908 773 1047 826 velut
1076 773 1215 840 ipsas
1244 771 1441 824 anima:
1479 771 1864 836 ‘jtchadcrt‘lll,
1901 779 1952 821 ct
1990 785 2077 821 rc-

507 869 717 922 luclans
753 876 932 918 tamen
967 864 1120 918 furtis
1150 861 1390 916 mulieris
1427 861 1732 914 constantia
1787 860 2080 913 sustineret

505 974 563 1014 se
612 960 664 1012 in
721 967 887 1020 statu,
951 967 1244 1024 pectusque
1303 953 1509 1020 utique,
1572 952 1747 1006 oliicio
1801 965 2079 1019 generosa:

505 1048 694 1102 l'ortitu
718 1048 859 1106 linis,
893 1053 1136 1099 servaret
1185 1045 1451 1112 integrum
1491 1058 1504 1095 :
1537 1042 1750 1095 interim
1791 1056 1918 1094 sane
1953 1042 2077 1093 dum

505 1141 690 1194 Oi'UIOS
737 1150 794 1194 et
841 1138 1043 1190 vultum
1077 1135 1393 1197 concedere,
1441 1135 1641 1203 aliquid
1690 1133 2080 1202 perturbationi

509 1233 731 1294 sineret,
760 1229 967 1293 oculos,
998 1243 1101 1282 non
1124 1229 1234 1296 jam
1260 1226 1526 1288 stillatitn,
1557 1223 1652 1279 sed
1681 1226 1855 1293 plenis
1877 1225 2080 1293 jugiter

508 1324 736 1376 ﬂuentes
766 1321 922 1386 rivis;
956 1319 1182 1380 vultum.
1216 1319 1283 1370 ab
1313 1316 1402 1371 illo
1431 1315 1614 1370 fornice
1643 1313 1772 1367 ﬂore
1809 1322 2075 1366 mutatum

508 1414 562 1468 in
597 1412 902 1482 squalorem
936 1409 1268 1476 maciemque
1302 1415 1526 1471 lautam,
1585 1415 1638 1457 nl
1673 1420 1791 1458 mox
1817 1404 2082 1456 abituram

512 1509 748 1561 animam
783 1504 1097 1572 prominere
1143 1517 1172 1555 e
1225 1500 1451 1553 summis
1492 1500 1710 1551 naribus
1750 1497 1971 1550 intuens
2004 1497 2084 1550 di-

514 1616 685 1654 ceres.
720 1599 950 1663 Quintus
999 1603 1115 1648 erat
1163 1609 1320 1662 supra
1374 1591 1640 1646 decimum
1686 1590 1910 1657 Augusti
1949 1591 2083 1652 dies,

524 1692 656 1745 l'o-ria
691 1692 878 1760 quinta
915 1687 1264 1741 hebdomadis
1295 1684 1455 1747 illius,
1486 1699 1589 1751 qua
1626 1698 1690 1736 eo
1733 1698 1876 1735 anno
1911 1681 2085 1735 inculo

518 1783 809 1851 parissimae
837 1777 1079 1831 Dominae
1110 1777 1373 1831 Dortnitio
1405 1775 1671 1828 celebrata
1704 1783 1806 1826 est.
1835 1773 1961 1842 Ejus
1984 1772 2089 1826 dici

517 1873 688 1939 prium
723 1885 877 1922 mane
904 1884 1022 1920 cum
1053 1866 1396 1935 imperatoris
1439 1874 1598 1930 caput
1643 1864 1825 1917 nescio
1856 1877 1963 1930 quo
1993 1879 2094 1916 ttu-

517 1972 713 2031 gueuto
747 1959 1088 2014 iunnxissent
1106 1958 1320 2024 quidam
1349 1955 1562 2018 medici,
1587 1964 1743 2024 prout
1767 1954 1896 2023 ipsis
1920 1953 2092 2008 visum

521 2056 720 2118 fuerat,
778 2051 972 2106 deinde
1024 2050 1172 2104 velut
1244 2048 1529 2118 perfuncti,
1584 2048 1802 2100 domum
1864 2045 2096 2114 quisque

523 2159 677 2198 suam
709 2156 1016 2207 recessere;
1053 2156 1156 2193 nun
1192 2139 1432 2199 l'ortuito,
1464 2151 1636 2205 neque
1681 2135 1750 2189 ob
1798 2134 2095 2188 necessita-

525 2245 632 2290 tem
684 2235 874 2300 ullam,
926 2233 1018 2288 sed
1067 2232 1208 2300 quod
1259 2230 1422 2285 certis
1473 2228 1681 2284 indiciis
1735 2227 2095 2296 intelligerent

520 2328 724 2382 instare
754 2326 960 2382 obitum
994 2322 1370 2392 imperatoris;
1397 2335 1503 2389 quo
1523 2329 1762 2389 tempore
1787 2318 2094 2373 statuebant

523 2432 629 2473 non
661 2431 782 2470 csse
809 2415 909 2469 sibi
944 2411 1410 2472 committendum,
1447 2420 1502 2464 ut
1556 2422 1720 2463 testes
1763 2411 1924 2464 Otiosi
1962 2408 2095 2461 tanti

522 2508 648 2563 mali
706 2507 1004 2560 residerent
1040 2504 1184 2566 illic,
1218 2502 1448 2571 expositi
1483 2503 1546 2552 ad
1583 2501 1748 2554 libera
1781 2501 1902 2553 odia
1945 2500 2090 2568 judi-

525 2604 714 2668 ciaque
743 2597 1040 2658 hominum,
1072 2595 1124 2648 in
1153 2594 1397 2663 prmsenti
1427 2608 1587 2647 sensu
1611 2591 1836 2660 iactum
1862 2593 2095 2661 propria:

528 2691 785 2762 quidquid
817 2699 898 2744 est
924 2690 1140 2744 obvium
1169 2686 1528 2755 culpautinm.
1561 2685 1694 2738 Tres
1729 2685 1778 2738 hi
1807 2696 1964 2739 crant
2003 2685 2084 2737 fa-

525 2784 632 2836 cile
663 2781 933 2850 principes
958 2778 1072 2848 ejus
1102 2778 1357 2848 temporis
1381 2777 1738 2832 medicorum.
1776 2776 2096 2830 i‘rmcellens

525 2875 778 2930 nimirum
817 2873 927 2936 ille,
972 2869 1040 2924 de
1087 2884 1196 2939 quo
1225 2869 1494 2938 superius,
1526 2867 1783 2922 Nicolaus
1826 2866 2096 2932 Callicles,

1793 282 2018 342 Α’ΝΝΑΞ
2056 280 2362 344 COMNEN
2373 285 2434 342 ,Ε

500 409 805 479 excipiebat
845 407 1034 464 eadem
1096 404 1418 458 immensum
1478 403 1738 473 impetum
1801 401 2066 456 irruentis
2099 407 2138 460 Λ
2172 402 2264 455 καὶ

3547 292 3636 361 Ιέω

2903 404 2997 454 ἐπὶ
3023 403 3257 472 κεφαλῆς
3287 409 3638 478 συνεστήκεσαν.

2180 491 2306 562 Εἶχε
2344 495 2442 563 μὲν
2592 533 2608 548 .
2756 535 2772 550 .
2921 535 2938 550 .
3081 495 3334 566 ἀνδρεῖον.
3374 497 3473 553 Ἀεὶ
3484 504 3559 553 καὶ
3571 508 3651 563 τοῖς

2180 586 2488 654 ἐμπροσθεν
2516 585 2779 648 κίἰδᾷνοις
2818 627 2828 637 .
2928 625 2942 640 .
3091 625 3106 640 .
3252 626 3266 640 .
3400 626 3414 642 .
3535 593 3653 659 μάλι-

2181 693 2283 729 στα
2327 678 2473 728 δὲτὸ
2501 678 2758 746 τηνικάδε
2809 679 3121 746 ὴνδρίσατο,
3167 680 3257 731 καὶ
3302 679 3372 747 τῷ
3411 681 3544 735 πάθει
3583 685 3657 753 τῆς

2178 767 2352 838 λύπης
2385 769 2876 840 ὲμὸρεμησαμὲνη,
2900 771 3142 837 εἱστήκει
3182 770 3414 839 καθάπερ
3445 772 3654 840 ὀλυμπιο-

2179 863 2338 930 νίκης
2375 863 2511 932 πρδς
2537 863 2634 924 τὰς
2663 863 3004 930 δριμυτάτας
3043 861 3254 924 ὲκείνας
3279 863 3452 925 ὀδύνας
3477 853 3661 919 ἀντιπα-

2183 953 2437 1010 λαίουσα.
2490 955 2977 1024 Κατετιτρώσκετο
3029 954 3124 1023 μὲν
3165 954 3268 1021 γὰρ
3293 955 3383 1022 τὴν
3417 955 3565 1025 ψυχὴν
3599 961 3667 1012 καὶ

2183 1048 2510 1115 ἐταράττετο
2565 1046 2664 1116 τὴν
2722 1045 2970 1114 καρδίαν,
3011 1047 3190 1116 ὁρῶσα
3236 1047 3322 1098 τὸν
3365 1049 3670 1121 αὐτοκράτορα

2181 1139 2354 1200 οὕτως
2379 1138 2591 1207 ἔχοντα,
2619 1137 2755 1190 ἀλλά
2799 1137 3102 1202 ξυνέτεινεν
3144 1139 3338 1206 ἑαυτὴν
3369 1140 3450 1189 καὶ
3490 1140 3668 1209 ἐνεκαρ-

2183 1231 2332 1301 τέρει
2382 1231 2516 1299 πρὸς
2556 1229 2623 1282 τά
2652 1229 2804 1281 δεινὰ
2852 1229 2949 1281 καὶ
2998 1228 3210 1297 ἐδέχετο
3261 1229 3350 1297 μὲν
3376 1229 3461 1292 τὰς
3493 1229 3670 1299 τρώσεις

2185 1321 2403 1391 καιρίας
2428 1323 2522 1374 καὶ
2545 1321 2610 1374 τὸ
2632 1320 2802 1382 πάθος
2833 1319 3014 1372 αὐτῶν
3042 1319 3344 1372 καϐικνεῖτο
3369 1321 3463 1372 τῶν
3493 1321 3668 1388 μυελῶν*

2185 1415 2398 1484 ἀντεῖχε
2447 1413 2504 1465 δὲ
2536 1413 2710 1482 ὅμως,
2743 1410 2923 1464 καίτοι
2973 1411 3204 1464 άστακτὶ
3247 1410 3437 1482 ταύτης
3474 1413 3671 1482 κατέζίρει

2185 1507 2244 1559 τὸ
2271 1506 2527 1575 δάκρυον,
2558 1505 2653 1557 καὶ
2679 1503 3211 1572 τηκεδὼνλιατὲλαὸε
3243 1504 3332 1556 τοῦ
3359 1505 3608 1574 προσώπου
3628 1507 3671 1557 τὸ

2187 1597 2405 1662 κάλλος,
2432 1598 2525 1649 καί⁵
2561 1599 2619 1648 ὲν
2659 1598 2803 1666 ῥισὶν
2847 1595 3149 1667 ἀπῃώρητο
3193 1598 3290 1666 τὴν
3329 1598 3508 1666 ψυχήν.
3547 1597 3671 1649 [lim

2193 1692 2287 1743 καὶ
2315 1690 2547 1759 δεκάτην
2582 1689 2640 1742 δὶ
2684 1687 2779 1740 τοῦ
2808 1689 3125 1756 Αὐγούστου
3157 1689 3393 1754 ἄγοντος,
3420 1690 3602 1754 πέμπτη
3633 1689 3673 1740 δὲ

2196 1778 2262 1851 ἦν
2285 1782 2384 1850 τῆς
2413 1780 2715 1850 τηνικαῦτα
2763 1779 3058 1848 ἑϐδομάδος
3096 1779 3305 1847 ἐκείνης
3342 1778 3455 1831 καθ’
3479 1780 3534 1850 ἢν
3558 1780 3583 1848 ἡ
3603 1779 3671 1846 τῆς

2199 1870 2578 1940 ὑπεραμώμου
2636 1870 2937 1939 Δεσποίνης
2979 1873 3077 1923 καὶ
3129 1871 3451 1940 Θεομήτορος
3484 1872 3674 1939 manu;

2197 1964 2542 2033 ὲορτάζεται,
2589 1965 2801 2033 πρωῖας
2835 1963 3228 2032 ἐπαληλιφὸτες
3272 1964 3366 2033 τὴν
3390 1963 3584 2032 κεφαλὴν
3601 1960 3674 2013 τοῦ

2199 2057 2597 2126 αὐτοκράτορος
2653 2073 2800 2118 τινες
2855 2056 2963 2107 τῶν
3025 2055 3462 2124 ’Δσκληπιαδῶν,
3498 2055 3601 2107 ἄττα
3629 2053 3678 2120 δὴ

2196 2151 2407 2211 τούτοις
2454 2148 2652 2213 ἔδοξεν.
2689 2149 2920 2201 Ἐκεῖνοι
2975 2148 3077 2218 μὲν
3131 2149 3310 2201 οἴκαδε
3357 2145 3597 2217 ἐχώρησαν
3633 2146 3681 2196 οὐ

2202 2241 2400 2311 μάτην,
2432 2241 2553 2294 οὐδὲ
2608 2241 2698 2294 διά
2745 2257 2868 2292 τινα
2929 2241 3124 2308 χρείαν
3176 2241 3356 2300 αὐτοῖς
3398 2239 3679 2304 ἐπείγουσαν,

2198 2331 2331 2383 ἀλλὰ
2365 2330 2584 2398 γνόντες
2628 2331 2720 2383 τὸν
2758 2330 2819 2394 ὲξ
2867 2329 3138 2396 ὑπογυίου
3172 2327 3495 2395 ἐπικείμενον
3527 2325 3587 2395 τῷ
3611 2325 3683 2376 ati-

2198 2422 2488 2490 τοκράτορι
2541 2422 2786 2474 κίνδυνον
2813 2436 2828 2452 ⁶
2859 2422 3006 2489 τρεῖς
3049 2420 3152 2488 μὲν
3191 2421 3296 2488 γάρ
3328 2415 3451 2490 ἦσαν
3491 2420 3530 2470 oi
3564 2433 3689 2486 κορυ-

2199 2519 2349 2583 φαῖοι
2381 2514 2486 2565 τῶν
2516 2514 2735 2585 ἰατρῶν,
2780 2514 2806 2565 ὃ
2840 2531 2897 2564 τε
2932 2514 3222 2582 ὑπερφυὴς
3269 2511 3550 2571 Νικόλαοςό
3576 2507 3685 2561 κάλ·

2198 2601 2384 2670 λικλῆς
2416 2601 2510 2654 καί
2537 2617 2619 2664 τις
2649 2601 2834 2671 ἔτερος
2862 2601 3084 2670 Μιχαὴλ
3111 2604 3138 2654 ὁ
3168 2618 3275 2653 παν

2201 2695 2264 2745 ὲκ
2290 2693 2480 2762 γένους
2502 2692 2601 2762 τὴν
2623 2693 2938 2760 ἐπωνυμίαν
2967 2693 3155 2762 λαχὼν
3181 2695 3276 2747 καὶ

2199 2786 2348 2850 λιϐὸς
2378 2785 2599 2857 Μιχαὴλ
2632 2788 2660 2838 ὁ
2699 2785 2960 2852 ἐκτομίας
2983 2801 2998 2816 ⁸
3048 2789 3084 2858 ὴ
3121 2787 3305 2856 μέντοι

2201 2880 2587 2943 κυκλώσαντες
2624 2880 2796 2948 αὐτὴν
2842 2879 3047 2942 παντὸς
3090 2879 3184 2934 τοῦ
3220 2897 3282 2933 συ

523 2978 576 3020 et
604 2965 739 3021 alius
768 2964 983 3034 quidam
1010 2961 1238 3014 Michael
1279 2960 1408 3014 Pan.
1445 3000 1459 3014 .
1498 2995 1513 3012 .
1549 2999 1564 3013 .
1599 3001 1614 3014 .
1655 2998 1668 3014 .
1705 2999 1718 3012 .
1759 2998 1774 3012 .
1805 2974 1870 3012 ex
1903 2972 2092 3027 genere

2206 2955 2603 3037 ἇναγκάζοντος
2673 2961 3001 3036 μεταλαϐεῖν
3071 2971 3282 3040 τροφῆς

525 3065 937 3124 cognomentum
982 3063 1204 3118 nactus,
1237 3061 1310 3105 ct.
1369 3091 1382 3105 .
1421 3090 1436 3104 .
1469 3092 1482 3105 .
1517 3089 1531 3104 .
1565 3089 1581 3105 .
1616 3089 1633 3102 .
1667 3091 1681 3104 .
1721 3089 1734 3104 .
1772 3087 1785 3103 .
1821 3089 1835 3103 .
1872 3092 1886 3106 .
1924 3090 1938 3104 .
1974 3092 1988 3104 .
2031 3090 2046 3104 .
2079 3089 2092 3103 .

2206 3062 2278 3131 μὴ
2311 3061 2688 3129 μεταλαϐοῦσα
2719 3063 2764 3092 ⁸⁸
2795 3062 2888 3112 καὶ
2921 3059 3092 3112 ὕπνου
3129 3063 3176 3094 ⁵⁸
3319 3098 3336 3116 .
3465 3099 3478 3113 .
3597 3074 3692 3109 συν-

531 3185 548 3203 .
587 3187 601 3200 .
636 3185 653 3202 .
692 3186 706 3200 .
748 3184 762 3198 .
808 3181 823 3198 .
874 3144 1098 3197 Michael
1147 3141 1452 3197 eunuchus.
1517 3140 1724 3194 Interea
1776 3139 2088 3208 frequentes

2206 3157 2344 3223 εχεῖς
2381 3154 2476 3207 καὶ
2499 3153 2627 3215 ὅλας
2659 3152 2860 3213 νύκτας
2883 3155 2972 3206 δια
2990 3153 3038 3186 ³⁸
3198 3193 3214 3208 .
3358 3193 3373 3208 .
3500 3189 3512 3203 .
3625 3146 3697 3200 ἐπὶ

529 3243 826 3308 Angustam
881 3235 1130 3290 ambiunt
1164 3232 1466 3296 domestici,
1519 3231 1877 3302 precibusque
1927 3243 2092 3302 agunt

2206 3248 2264 3316 τῇ
2299 3245 2567 3315 θεραπεία
2618 3243 2711 3297 τοῦ
2749 3245 3018 3314 βασιλέως
3175 3286 3190 3301 .
3333 3285 3350 3300 .
3477 3240 3692 3294 ἐπείθετο.

527 3329 745 3390 inlimis,
776 3327 880 3380 sibi
913 3336 971 3380 ut
1006 3334 1215 3393 parcat,
1251 3338 1416 3392 seque
1467 3333 1620 3376 curet
1673 3323 2086 3392 aliquantulum.

2213 3338 2373 3390 Ἀλλὰ
2402 3339 2458 3390 λε
2471 3337 2710 3408 ιποθυμή
2722 3356 2817 3401 σας
2852 3339 2898 3369 δ’
3048 3381 3062 3395 ,
3220 3382 3233 3396 ,
3372 3376 3388 3394 ο
3512 3333 3693 3404 γενημέ.

529 3421 863 3474 'l‘annlmlnm
909 3417 1020 3486 jam
1060 3431 1179 3470 esse
1226 3430 1290 3469 ex
1322 3429 1429 3484 quo
1463 3428 1564 3467 nec
1597 3429 1845 3468 somnum
1883 3414 2092 3479 viderit,

2206 3445 2295 3498 νης
2325 3428 2401 3496 τῷ
2433 3428 2800 3499 αὐτοκράτορι
2841 3432 3006 3484 πάλιν
3161 3473 3175 3486 .
3320 3468 3335 3484 .
3465 3446 3516 3480 το
3546 3424 3694 3496 ᾔσθετο

531 3530 629 3568 uec
663 3515 842 3566 cibum
867 3509 1177 3578 sumpserit.
1197 3507 1360 3561 Cedat
1381 3507 1540 3575 justis
1560 3505 1846 3560 desideriis
1871 3520 2092 3572 uatum,

2206 3520 2587 3589 άποκαραδοκή
2597 3537 2734 3572 σασα
2757 3521 2855 3590 τὴν
3001 3559 3014 3574 .
3173 3563 3187 3576 ,
3334 3560 3348 3575 .
3447 3517 3589 3585 ζωὴν,
3601 3527 3697 3564 κιτ-

530 3623 630 3662 ncc
660 3606 864 3660 cladem
897 3603 1022 3655 dum
1069 3599 1354 3671 prohibere
1387 3598 1604 3666 satagit,
1647 3599 1903 3668 geminet.
1954 3597 2099 3652 Nihil

529 3698 740 3754 interim
771 3692 1078 3764 imperatori
1111 3690 1438 3757 defuturum;
1465 3705 1586 3743 mox
1618 3704 1744 3743 vero
1773 3689 1944 3758 ipsam
1973 3705 2095 3743 cum

532 3791 746 3845 refectis
773 3789 976 3843 viribus
1012 3798 1200 3839 recens
1221 3785 1410 3848 aderit,
1439 3783 1624 3836 utilius
1653 3783 1751 3852 ipsi
1776 3784 2096 3852 obsequiqu

532 3893 870 3939 navaturam.
919 3881 1168 3936 Cesserat
1193 3879 1274 3933 his
1306 3879 1544 3940 monitis,
1572 3894 1736 3948 seqnc
1768 3880 1831 3932 ad
1859 3883 2093 3948 quietem

530 3979 767 4044 Angusta
806 3981 1106 4042 receperat.
1141 3969 1302 4041 502
1338 3969 1534 4024 Verum
1565 3970 1918 4024 sollicitorum
1955 3971 2101 4025 leves

537 4078 586 4121 et
629 4065 784 4120 facile
831 4064 1086 4118 solubiles
1128 4063 1302 4116 somni
1341 4072 1484 4118 sunt.
1533 4062 1727 4114 Animo
1760 4061 1924 4131 linqui
1957 4062 2103 4116 visus

532 4161 825 4226 imperatur
864 4164 1115 4209 curantes
1149 4163 1541 4207 commoverat.
1590 4151 1726 4207 lliuc
1772 4163 1888 4207 orta
1937 4155 2104 4222 trepi-

531 4250 678 4304 datio
712 4248 866 4301 facile
916 4247 1142 4316 perculit
1187 4246 1588 4314 imperatricem
1625 4247 1762 4299 haud
1797 4247 1978 4315 procul
2011 4249 2104 4302 dc-

531 4339 897 4403 cmubentem,
929 4346 982 4390 et
1007 4349 1103 4405 per
1131 4348 1378 4403 SOporem
1409 4333 1669 4388 continuo
1717 4335 2098 4404 imaginantem

2201 3610 2358 3663 ἐϐαλέ
2396 3628 2460 3664 τε
2505 3612 2705 3684 ἑαυτὴν
2752 3614 2847 3666 ἐπὶ
2892 3611 2985 3663 τοῦ
3141 3653 3158 3668 .
3307 3655 3322 3670 .
3456 3649 3468 3664 .
3591 3601 3694 3658 ὲκώο

2202 3699 2300 3752 κυέ
2326 3717 2384 3753 τε
2416 3702 2655 3771 συνεχῶς
2694 3704 2789 3754 καὶ
2825 3704 3134 3774 ὲπλήττετο

2203 3792 2288 3862 ἐφ’
2325 3794 2497 3856 οὕτως
2545 3794 2901 3865 ἐπιϐεϐηκὸσι
2957 3799 3177 3860 κακοῖς,
3212 3798 3303 3847 καὶ

2204 3885 2300 3954 μὲν
2319 3884 2518 3936 αὐτίκα
2539 3885 2639 3946 τὴν
2662 3886 2809 3955 ζωὴν
2831 3887 3144 3956 ἀπερεύξας

2202 3993 2331 4030 νατο
2359 3975 2439 4028 δέ.
2469 3975 2529 4027 '0
2554 3976 2612 4028 δὲ
2638 3977 2892 4044 βασιλεὺς
2923 3979 3110 4032 καίτοι
3137 3981 3274 4033 Θανα

2203 4068 2297 4120 καὶ
2320 4067 2876 4131 καταδυναστεύοντος
2905 4069 3072 4122 αὑτοῦ
3099 4073 3193 4124 τοῦ
3339 4107 3353 4123 .
3489 4105 3500 4118 .
3623 4073 3700 4126 περ

2204 4159 2467 4226 κρείττων
2496 4163 2589 4213 καί
2613 4161 2847 4214 Θανάτου
2871 4165 3174 4232 γενόμενος
3317 4203 3330 4218 .
3467 4197 3481 4212 ο
3604 4153 3700 4216 Exi“:

2203 4244 2324 4297 δετό
2351 4263 2410 4299 τε
2445 4246 2547 4316 τῆς
2581 4247 2900 4321 βασιλίσσης
2939 4253 3035 4304 καὶ

2205 4337 2458 4408 τοιοὺτην
2491 4340 2537 4372 ⁸⁸
2572 4342 2876 4411 ἀδημονίαν
2920 4345 2964 4376 δ’
2999 4361 3067 4413 με

3495 4262 3602 4318 esto
3626 4241 3696 4308 τὴν

3523 4333 3700 4403 (iurati-

532 4455 792 4528 quidquid
844 4454 1066 4510 evenire
1127 4451 1369 4519 Augusto
1421 4455 1633 4518 poterat
1691 4447 1782 4501 tali
1838 4458 2100 4517 tempore.
2138 4454 2311 4517 nuis,
2345 4464 2551 4520 potens.
2585 4459 2826 4524 graviter
2864 4456 3164 4524 increpavit
3221 4458 3359 4510 illam
3402 4447 3697 4523 itttpolet'iatit

533 4551 815 4619 Saepicata
847 4546 988 4617 quod
1018 4558 1102 4598 res
1131 4552 1248 4598 erat
1277 4541 1470 4610 surgit,
1497 4537 1747 4607 advolat;
1783 4539 1834 4593 in
1867 4540 2105 4609 deliquio

532 4651 769 4707 captum,
793 4639 932 4692 Vt'llll
977 4637 1028 4691 in
1073 4635 1184 4704 jam
1216 4645 1484 4689 mortuum
1523 4648 1723 4699 corpus
1756 4632 1956 4698 irruit,
1992 4648 2109 4688 am-

533 4734 776 4800 plexibus
808 4740 969 4800 atque
999 4729 1200 4783 osculis
1233 4741 1471 4780 amorem
1509 4724 1858 4792 dn'loremque
1895 4735 2103 4779 testan-

535 4829 696 4880 tibus.
727 4825 861 4878 Hinc
890 4820 1527 4891 ejulatuspianctusque,
1558 4831 1620 4870 ac
1642 4826 1835 4871 cartera
1862 4817 1912 4870 id
1937 4832 2108 4886 genus

539 4916 791 4970 mmroris
832 4914 1027 4968 indicia
1060 4911 1297 4982 ingentis
1319 4949 1334 4974 ,
1367 4920 1524 4976 atque
1556 4909 1688 4961 adeo
1715 4909 1869 4969 tanti,
1905 4917 1961 4961 ut
1995 4924 2110 4961 ma-

536 5018 692 5062 trona
743 5005 899 5060 malis
934 5007 1110 5073 impar
1148 5010 1298 5055 tanta
1331 4999 1490 5053 simul
1523 4999 1817 5052 acerbitate
1857 5000 2106 5070 ingruen-

538 5098 700 5160 tibus,
730 5095 930 5165 justam
955 5094 1174 5150 offerret
1199 5089 1571 5162 spectantibus
1605 5089 1824 5144 timendi
1857 5106 2104 5158 causam,

535 5205 605 5244 ne
637 5186 834 5243 doloris
874 5185 1242 5255 magnitudine
1268 5183 1450 5238 statim
1497 5182 1812 5236 exanimata
1851 5185 2107 5238 concide-

534 5290 637 5337 ret.
695 5278 830 5333 Hinc
884 5276 973 5330 tali
1015 5285 1160 5329 statu
1221 5275 1570 5344 conspicatus
1622 5274 1936 5342 imperator,
1980 5285 2108 5329 tunc

532 5371 873 5430 counnodnm
907 5369 1007 5423 sibi
1033 5369 1274 5422 redditus
1299 5384 1329 5422 e
1365 5382 1624 5439 syncOpe,
1667 5367 1719 5422 in
1752 5368 1926 5421 media
1979 5367 2102 5421 licet

532 5475 727 5528 morte,
763 5463 952 5517 mortis
985 5469 1163 5513 tamen
1193 5468 1244 5513 et
1271 5459 1376 5522 sui,
1404 5460 1635 5528 vigentis
1668 5458 1898 5513 arbitrio
1933 5459 2100 5512 ratiu-

2205 4548 2588 4600 tumstitndinis
2639 4548 2947 4607 muliebris;
2988 4563 3195 4616 nosque
3229 4565 3330 4602 una
3364 4549 3570 4600 intuens.
3615 4549 3693 4593 me.

2206 4640 2447 4708 inquam,
2465 4652 2516 4693 et
2547 4642 2704 4694 tertio
2733 4644 2965 4707 genitam
2993 4658 3305 4713 germanam
3336 4653 3496 4693 meam
3519 4630 3704 4696 Porphy-

2207 4728 2502 4795 rogcnitam
2557 4728 2847 4784 Eudociam
2898 4730 3044 4801 (nam
3076 4731 3243 4784 Maria
3273 4743 3423 4784 soror
3447 4733 3603 4780 nostra
3625 4728 3706 4769 ter-

2209 4817 2304 4882 tia,
2336 4833 2443 4871 non
2480 4819 2566 4872 illa
2604 4829 2713 4872 tum
2739 4823 2958 4889 quidem
2986 4821 3194 4890 imitata
3226 4831 3458 4875 sanctam
3491 4816 3610 4867 illam
3631 4804 3704 4860 sibi

2206 4911 2603 4978 cognominem,
2637 4913 2854 4965 sedebat
2888 4911 3041 4980 juxta
3071 4913 3233 4982 pedes
3262 4912 3362 4963 mei
3409 4903 3606 4962 domini:
3631 4894 3700 4948 5°"
3739 4949 3746 4952 -

2207 5004 2349 5054 circa
2375 5011 2536 5070 caput
2564 5004 2868 5071 satagebat,
2906 5020 3099 5073 aquam
3133 5001 3400 5058 deﬁcienti
3436 4995 3699 5067 propinaus.

2207 5110 2312 5148 non
2347 5095 2537 5161 poculo
2574 5096 2815 5163 vulgaris
2857 5095 3060 5160 furtum,
3089 5105 3141 5149 at
3172 5097 3277 5149 alio
3305 5093 3524 5163 quodam
3568 5079 3700 5136 inusi-

2209 5194 2330 5238 tata:
2379 5186 2563 5255 ligura:
2612 5165 2837 5256 scypho,
2879 5203 3037 5255 quem
3091 5187 3351 5257 cypellum
3409 5169 3705 5234 vocantzsic

2205 5274 2567 5340 conformata,
2597 5287 2655 5329 ut
2705 5292 2800 5345 per
2829 5294 2950 5331 cum
2997 5287 3143 5331 trans
3191 5276 3510 5345 gingivarum
3559 5267 3707 5328 lingu:

2209 5382 2270 5419 ac
2297 5367 2456 5434 palati
2492 5377 2756 5422 tumorem
2787 5371 3006 5436 perduci
3046 5369 3110 5424 ad
3140 5379 3320 5436 guttur
3352 5367 3544 5419 aridum
3567 5358 3707 5421 liquor

2207 5459 2438 5528 posset),
2484 5459 2552 5513 ad
2593 5475 2713 5522 nos.
2763 5461 3022 5529 inquam,
3070 5464 3204 5515 duas
3249 5459 3381 5512 ﬁlias
3411 5469 3522 5510 cum
3555 5455 3707 5505 matter

1566 5573 1766 5635 Variae
1810 5571 2118 5636 lectiones
2160 5589 2233 5633 ex
2262 5575 2400 5636 cod.
2434 5575 2700 5639 Coisliu.

603 5678 648 5710 "
674 5673 1107 5746 μεταλαϐοῦσαν.
1219 5674 1262 5706 ⁸⁵
1287 5671 1454 5727 ὕπνου
1487 5672 1650 5736 τινός.
1682 5711 1697 5727 .
1737 5711 1751 5727 .
1779 5713 1795 5728 .

534 5751 579 5784 δ’
620 5747 940 5819 ἀδκμονίαν.

1926 5669 1973 5702 ⁸⁸
2025 5669 2464 5727 διατελέσασοαι.

2571 5675 2618 5707 ⁸⁷
2645 5675 3007 5748 λειποθυμίας
3067 5675 3318 5744 ἐσχάτης.
3398 5656 3706 5727 ηκτοεαύτηνι
