3986 6212
541 298 678 365 1903

538 507 592 560 in
639 505 971 560 cruciatibus
1001 504 1412 567 acerbissimis;
1447 505 1594 559 illinc
1631 505 2002 561 cumutoricns
2023 507 2104 561 ei.

537 600 660 652 dem
717 608 911 660 mater,
968 610 1160 663 meque
1194 612 1298 664 qua
1331 597 1600 667 exemplo,
1633 613 1737 667 qua
1778 613 1964 654 amore
2021 599 2103 653 sui

536 691 784 744 eumdem
825 689 876 741 in
906 704 1092 741 casum
1124 698 1321 756 sponte
1355 689 1633 743 incitatam
1683 700 1932 748 tranens.
1959 691 2104 758 Quo-

535 793 749 846 cuuque
778 777 942 846 igitur
973 793 1058 830 me
1088 787 1378 843 reiterem,
1412 781 1620 848 perdita
1643 783 1819 836 omnia
1847 800 1860 836 :
1894 783 2108 848 lataque

535 879 588 922 et
620 869 930 923 szrvissimis
953 870 1169 924 horrida
1195 871 1450 926 [luctibus
1489 874 1653 926 maria
1687 875 1828 928 relut
1861 875 2104 942 muniam

533 961 913 1014 occurrebant.
942 961 1204 1029 Rapicbat
1231 964 1296 1016 ad
1327 979 1446 1019 sese
1480 973 1657 1018 tamen
1691 981 1883 1034 ttthtte
1917 966 2108 1036 allige-

535 1047 626 1101 bat
689 1048 789 1101 sibi
851 1048 1018 1103 cladis
1069 1051 1182 1120 ipse
1250 1052 1368 1106 fons
1414 1053 1590 1108 omnis
1629 1057 1900 1110 emoriens
1933 1067 2102 1125 paler.

535 1137 691 1194 Hunc
748 1141 1018 1205 intuebar,
1093 1143 1235 1198 hunc
1267 1146 1572 1209 servabam,
1626 1146 1751 1201 huic
1802 1160 2104 1202 extremum

531 1229 642 1300 jam
698 1246 839 1298 a-gre
899 1233 1199 1286 anhelitum
1238 1235 1471 1290 trahenti
1503 1250 1759 1291 constans
1785 1238 2104 1306 obsequium

535 1322 605 1384 pii
635 1323 925 1377 ministerii
960 1328 1441 1392 reprmsentabam,
1471 1345 1664 1396 nempe
1697 1331 1740 1384 is
1771 1331 1937 1384 animi
1969 1331 2106 1386 deli-

533 1414 722 1482 quium
773 1415 824 1467 in
867 1431 1063 1469 novum
1113 1418 1296 1485 lapsus
1327 1420 1607 1488 satagendi
1655 1436 1877 1475 causam
1919 1422 2105 1486 dabat,

537 1521 660 1559 mox
715 1507 1067 1574 BSSpiralltt'i,
1105 1509 1155 1562 ui
1188 1522 1620 1579 succurreretur,
1650 1514 1886 1584 speciem
1918 1517 2106 1584 praefe-

538 1611 682 1650 rens.
714 1599 955 1652 Accessit
986 1600 1048 1652 ad
1076 1601 1452 1668 caputiterum
1483 1603 1806 1658 charissima
1849 1622 2104 1673 germana

535 1701 655 1741 mea
714 1685 1177 1759 Porpltyrogenita
1235 1692 1422 1758 Maria,
1466 1706 1517 1748 et
1577 1697 1720 1764 quod
1778 1699 1930 1764 prius
1983 1713 2104 1752 cum

1827 301 2052 363 ANN/E
2089 300 2468 363 COMNENIE

541 412 867 468 miserabilis
902 412 1112 468 furendi
1141 427 1303 468 causa
1328 413 1455 468 hinc
1492 412 1730 468 animam
1757 429 1928 483 agens
1961 423 2112 484 pater

2182 453 2190 472 ι
2221 412 2314 464 καὶ
2352 411 2452 465 οὑκ
2482 406 2628 479 εἶχον
2663 409 2746 462 ὅτι
2827 447 2841 462 .
2922 447 2936 462 .

3583 299 3677 364 lilii

3022 446 3037 462 .
3116 426 3214 478 μαι
3233 410 3322 462 καὶ
3351 413 3418 481 πῆ
3441 411 3684 482 τράπωμαι,

2211 503 2395 574 ὁρῶσα
2424 502 2527 568 τήν
2577 515 2637 552 τε
2717 539 2732 554 .
2812 538 2826 552 .
2901 496 2967 551 δα
3013 499 3090 562 εἰς
3133 498 3226 551 τὸν
3275 499 3450 554 πόντον
3478 502 3686 572 ὲμὸεϐὶη.

2215 597 2384 664 μένην
2421 593 2534 646 τῶν
2573 591 2871 660 συμφορῶν
2895 606 2908 620 ’
2970 591 3061 644 καὶ
3099 590 3190 643 τὸν
3225 590 3567 661 αὖτοκράτορι
3604 600 3687 657 ταῖς

2214 685 2468 755 συνεχέσι
2543 723 2560 738 .
2639 724 2654 739 .
2742 721 2758 737 .
2840 725 2853 738 .
2935 725 2948 736 .
3024 685 3102 745 εἰς
3149 682 3430 753 τοῦσχατον
3475 685 3555 752 τῆς
3591 685 3691 754 ζωῆς

2211 778 2592 847 ἐλαυνόμενον.
2689 776 2854 830 Ἀλλὰ
2930 775 3022 827 καὶ
3101 811 3116 827 .
3213 816 3227 829 .
3301 811 3318 828 .
3403 815 3416 828 .
3483 777 3604 842 αὐτῴ
3662 780 3693 810 ⁶³

2211 870 2634 942 ἐπιρρανοέντος
2660 868 2870 941 ψυχροῦ
2897 870 2992 922 καὶ
3016 868 3109 921 τοῦ
3138 867 3244 921 τῶν
3269 867 3424 937 ῥόδων
3449 869 3696 938 σταλάγμα-

2215 981 2309 1028 τος
2379 963 2530 1031 παρὰ
2567 963 2663 1032 τῆς
2707 963 2972 1030 φιλτάτης
3003 961 3143 1030 ἐμῆς
3179 960 3402 1030 ἀδελφῆς
3428 961 3625 1029 Μαρίας,
3647 966 3696 1016 τὰ

2211 1051 2353 1106 αὐτὰ
2395 1054 2489 1106 καὶ
2522 1053 2650 1119 περὶ
2696 1053 2806 1104 τῶν
2841 1050 3021 1104 αὐτῶν
3067 1051 3374 1119 ἐπέσκηπτε
3395 1053 3453 1118 τῇ
3500 1050 3694 1119 βασιλίδι,

2213 1145 2310 1198 καὶ
2348 1144 2514 1198 πάλιν
2553 1147 2635 1208 εἰς
2669 1145 2863 1213 τρίτην
2895 1143 3260 1211 λειποουμίαν
3295 1141 3556 1194 ἐνέπιπτεν
3615 1183 3628 1198 .
3683 1185 3694 1200 .

2307 1277 2321 1290 .
2402 1237 2498 1290 καὶ
2547 1236 2883 1306 μετάστασις
2927 1235 3075 1300 ἔδοξε
3123 1236 3189 1304 τῇ
3230 1234 3465 1304 βασιλικῇ
3507 1235 3628 1307 κλίνῃ
3684 1275 3693 1288 .

2212 1365 2230 1385 ο
2308 1369 2321 1382 .
2400 1327 2510 1380 τῶν
2543 1327 2691 1395 ἀμφὶ
2737 1327 2800 1378 τὸ
2843 1326 3004 1394 σῶμα
3043 1327 3255 1378 ἐκείνου
3293 1324 3583 1379 πονούντων.
3621 1328 3696 1378 Κιὶ

2213 1434 2283 1486 με
2361 1457 2374 1470 .
2457 1455 2470 1469 .
2554 1457 2567 1470 .
2647 1416 2740 1468 καὶ
2787 1415 3212 1484 μετεστήσαμεν
3259 1415 3348 1467 τὶν
3392 1415 3698 1484 αὐτοκράτορα

2872 1508 3040 1575 μέρος
3087 1505 3279 1574 ἕτερον
3311 1505 3402 1558 τοῦ
3437 1507 3698 1572 πεντορόοξιν

3279 1636 3295 1652 .
3367 1600 3411 1650 οἱ
3451 1598 3699 1666 ἐλευθέριόν

2209 1508 2508 1575 κλινοπετῆ
2585 1547 2597 1558 .
2683 1546 2695 1559 .
2777 1547 2788 1560 .

2209 1601 2510 1670 οἰκήματος
2527 1601 2580 1653 εἴ
2611 1600 2712 1653 πού
2749 1617 2807 1668 γε
2886 1638 2902 1653 .

2212 1709 2374 1764 τερον
2416 1693 2847 1746 ἀναπνεύσαντα
2893 1692 3031 1763 ἀέρα
3083 1693 3182 1760 τῆς
3243 1691 3323 1744 λει
3395 1730 3408 1744 .
3476 1729 3492 1744 .
3550 1691 3699 1756 θυμίας

535 1791 791 1832 successu
832 1787 1154 1846 teutavcrat,
1193 1782 1440 1851 frigidam
1497 1786 1748 1853 inspersit
1781 1787 1967 1852 vultui,
2005 1788 2105 1842 eli-

2210 1786 2554 1850 ἀνενεγκεῖν.
2622 1783 2929 1836 Ἀπέϐλεπε
2975 1783 3088 1850 γὰρ
3121 1781 3182 1834 τὸ
3219 1783 3381 1850 μέρος
3416 1783 3560 1834 έκεῖνο
3591 1781 3697 1849 πρὸς

534 1882 873 1939 quatumque
911 1888 939 1926 e
977 1874 1116 1927 rosis
1177 1890 1397 1929 succum
1433 1875 1482 1927 in
1515 1892 1595 1941 os,
1628 1893 1683 1930 ut
1721 1880 1890 1947 prius,
1926 1878 2104 1932 instil-

536 1962 686 2018 lavit.
727 1963 823 2018 llic
875 1966 1023 2019 brevi
1064 1979 1343 2022 recreatus
1393 1969 1679 2022 intervallo
1736 1981 1910 2038 pater,
1940 1971 2104 2024 intui-

536 2060 730 2121 tttsqtte
759 2070 882 2120 nos,
908 2070 969 2108 ac.
1004 2073 1098 2126 pro
1127 2074 1223 2110 sua
1265 2069 1548 2112 constante
1577 2060 1639 2110 ad
1667 2070 1966 2114 extremum
2009 2075 2104 2114 no-

535 2145 630 2197 stri
688 2145 973 2211 cltaritate,
1035 2149 1256 2217 paribus
1320 2151 1606 2204 admodum
1647 2152 1823 2206 t'etbis
1874 2168 1993 2205 cum
2037 2153 2102 2207 iis

534 2249 653 2302 quae
692 2237 849 2304 paulo
881 2247 1004 2292 ante
1039 2241 1342 2306 retulimus,
1383 2251 1612 2296 matrem
1658 2259 1861 2311 nosque
1895 2242 2103 2299 allocu-

537 2335 642 2389 tus,
680 2328 892 2381 tertiam
953 2330 1004 2383 in
1037 2330 1394 2386 defeetioucm
1443 2333 1652 2398 incidit,
1688 2335 1773 2388 cui
1802 2337 2099 2389 remedium

534 2418 830 2474 tmuatione
881 2422 1138 2485 cubiculi,
1171 2423 1631 2494 translatioueque
1689 2427 1810 2481 Iceli
1848 2443 2099 2495 quaeren-

534 2509 659 2561 dum
718 2525 980 2566 censuere
1008 2515 1098 2581 qui
1154 2516 1296 2569 circa
1330 2531 1530 2584 a‘grum
1565 2518 1654 2570 tali
1714 2517 1832 2572 loco
1867 2522 2099 2586 positum

533 2599 816 2654 curabant.
846 2601 1361 2670 Transportavimus
1389 2603 1553 2673 igitur
1585 2606 1888 2675 Augustum
1919 2606 1971 2660 in
2005 2623 2099 2660 cu-

533 2692 626 2746 bili
686 2710 847 2763 super
899 2711 1009 2764 quo
1043 2697 1284 2765 iacebat,
1319 2699 1370 2752 in
1408 2709 1612 2768 partem
1659 2700 1883 2754 alteram
1920 2699 2101 2770 palatii

533 2786 770 2854 quinque
799 2788 1031 2854 fastigiis
1087 2788 1339 2860 insignis,
1369 2791 1421 2844 iu
1451 2808 1559 2861 quo
1595 2802 1722 2846 tunc
1751 2795 2098 2847 versabatur.

535 2877 666 2931 Erat
699 2880 842 2934 enim
879 2881 964 2932 illa
992 2882 1158 2935 altera
1186 2899 1312 2950 pars
1338 2883 1405 2937 ad
1441 2883 1708 2940 salubrius
1738 2885 1964 2940 obversa
1991 2901 2102 2941 eeo

2207 1874 2436 1946 βορρᾶν.
2473 1875 2584 1928 Καὶ
2623 1875 2906 1945 οἰκήματα
2943 1873 3184 1943 οὐδαμοῦ
3214 1869 3350 1943 ἦσαν
3388 1876 3470 1925 ὲπι
3543 1912 3556 1925 .
3615 1913 3627 1928 .
3685 1911 3696 1925 .

2205 1969 2403 2022 θοῦντα
2439 1970 2559 2030 ταῖς
2607 1967 2824 2038 θύραις.
2877 1967 3021 2020 ‘AD.’
3066 1971 3094 2020 ὁ
3141 1969 3238 2033 τῆς
3287 1966 3530 2036 βασιλείας
3567 1965 3696 2017 διάδο-

2203 2078 2296 2131 χος
2342 2061 2418 2128 (8)
2465 2058 2793 2127 προφθάσας
2828 2058 3057 2129 ὑπεξῄει
3089 2059 3230 2130 πρὸς
3273 2059 3331 2110 τὸ
3376 2058 3696 2126 ἁποτεταμένον

2202 2150 2415 2219 οἴκημα.
2455 2150 2549 2202 τὸν
2596 2148 2690 2200 τοῦ
2738 2147 3004 2217 βασιλέως
3060 2149 3319 2215 ἐπιγνοὺς
3362 2149 3480 2200 ἀναν
3543 2187 3555 2201 .
3618 2186 3628 2199 .
3684 2182 3696 2198 .

2203 2241 2297 2294 καὶ
2332 2239 2639 2292 ἐπέσπευδε
2683 2239 2783 2310 τὴν
2823 2239 3129 2305 ὲΞέλευσιν.
3184 2241 3292 2292 Καὶ
3337 2239 3556 2305 ἐπείγετο
3613 2275 3626 2290 .
3682 2273 3695 2288 .

2413 2330 2556 2402 μέγα
2628 2331 2917 2385 παλάτιον.
2979 2331 3048 2383 Ἦ
3113 2330 3267 2394 πόλις
3312 2329 3364 2382 δὲ
3417 2328 3469 2381 τὸ
3505 2325 3696 2397 τηνικάδε

2207 2465 2221 2479 .
2301 2463 2316 2478 .
2396 2463 2408 2476 .
2487 2461 2504 2477 .
2585 2461 2600 2475 .
2680 2462 2694 2476 .
2770 2421 3056 2494 ἐταράχθη
3127 2424 3260 2492 γὰρ,
3325 2421 3380 2474 οὗ
3430 2419 3595 2490 μέντοι
3629 2416 3696 2469 καὶ

2832 2556 2848 2580 ,
2925 2517 2958 2585 ἡ
2991 2514 3052 2567 δέ
3093 2531 3155 2582 γε
3199 2513 3404 2583 βασιλὶς
3429 2510 3626 2584 ὲρῤἰφθω
3646 2510 3694 2560 τὰ

3155 2647 3168 2662 .
3246 2602 3468 2660 κοκωτοῦ
3523 2604 3574 2666 ⁸⁸,
3629 2601 3694 2653 ni

3162 2738 3177 2752 .
3254 2699 3440 2769 κράτος
3474 2697 3592 2750 ἅπαν
3628 2695 3695 2746 καὶ

2206 2517 2558 2570 παντάπασιν
2636 2553 2651 2570 .
2732 2557 2746 2572 .

2207 2607 2388 2661 πάντα
2445 2608 2538 2660 sla:
2613 2645 2629 2660 .
2711 2645 2728 2662 .
2820 2646 2836 2663 .
2930 2644 2947 2661 .

2203 2699 2440 2768 διάδημα
2485 2700 2582 2752 καὶ
2633 2698 2887 2771 βασιλεία
2961 2737 2976 2752 .

2207 2790 2388 2860 Θρὸνοι
2419 2809 2476 2844 τε
2520 2794 2614 2844 καὶ
2650 2792 2820 2862 ἀρχαὶ
2896 2829 2912 2846 .
2994 2829 3010 2845 .
3097 2830 3111 2845 .

2206 2879 2418 2933 κὼκυον
2470 2882 2524 2933 δὲ
2572 2882 2667 2935 καὶ
2744 2923 2758 2935 .
2839 2922 2853 2936 .
2934 2921 2948 2935 .
3032 2925 3047 2938 .

3189 2788 3486 2860 Θρηνῳδίιις.
3517 2789 3695 2840 Συνεπε·

3128 2882 3572 2950 καταφρονήσαςα.
3616 2874 3695 2926 Καὶ

534 2969 686 3034 lum,
729 2974 1122 3041 srptentriones
1175 2986 1459 3042 spectans;
1517 2993 1614 3030 nec
1681 2989 1955 3046 portarum
2011 2988 2103 3033 aut

2209 2973 2572 3026 συνεπένῦουν
2668 3013 2682 3028 .
2780 3013 2794 3028 .
2899 3015 2911 3029 .
3007 2976 3106 3028 καὶ
3173 2974 3495 3040 ἐσπάραττον
3548 2966 3694 3023 ἑαυτὰς

534 3071 897 3120 astructarum
927 3066 1048 3120 ullis
1095 3067 1340 3122 obicibus
1359 3070 1556 3123 mdium
1580 3086 1640 3121 ac
1672 3071 1888 3124 molium
1919 3072 2099 3141 appul-

2206 3065 2396 3136 γοερὸν
2427 3064 2734 3135 ἀνοιμώξου
2810 3104 2826 3120 .
2908 3104 2921 3120 .
3003 3104 3021 3122 .
3107 3105 3123 3121 .
3203 3106 3217 3120 .
3292 3067 3366 3125 εἰς
3393 3060 3698 3128 δῦναμινάνε·

534 3171 635 3210 sus
691 3157 743 3210 in
795 3172 913 3210 eam
963 3173 1108 3213 aura:
1141 3159 1372 3227 purioris
1422 3161 1828 3228 prohibebatur.
1879 3161 2098 3217 Interim

532 3261 663 3299 vero
707 3247 828 3298 dum
878 3263 972 3315 spe
1005 3250 1298 3318 recipiendi
1345 3267 1375 3304 e
1425 3267 1562 3306 noro
1608 3254 1712 3306 ism
1743 3264 2104 3324 symptomatc

538 3337 880 3404 imperatoris
907 3340 958 3393 in
1011 3356 1076 3394 en
1115 3344 1532 3411 transportando
1570 3344 1950 3411 moliebantur,
1979 3361 2104 3402 suc-

535 3443 722 3483 Ct'SSOI‘
787 3431 994 3499 imperii
1029 3441 1208 3485 actum
1251 3434 1316 3488 de
1348 3434 1451 3487 vita
1515 3437 1819 3490 decessoris
1854 3439 1988 3490 satis
2019 3438 2101 3491 in-

536 3521 805 3590 telligens,
845 3523 982 3576 clam
1039 3523 1254 3592 elapsus
1306 3539 1370 3578 ex
1426 3527 1490 3580 iis
1541 3527 1746 3580 :edibns
1807 3527 1859 3581 in
1902 3529 2099 3598 quibus

535 3630 674 3684 aeger
711 3615 1065 3670 deeumbebat
1098 3620 1388 3687 Augustus,
1424 3635 1676 3688 magnum
1718 3619 1976 3688 palatium
2009 3636 2104 3676 oc-

533 3721 736 3775 cupare
795 3707 1102 3763 festinavit:
1151 3710 1456 3764 admirante
1497 3709 1740 3780 quidem.
1774 3719 1827 3764 ct
1856 3709 2102 3775 aliquan-

535 3807 646 3852 tum
689 3809 980 3864 commota,
1029 3800 1228 3852 nullam
1261 3811 1438 3855 tamen
1474 3803 1577 3855 vim
1625 3802 1945 3867 expedicule
1969 3803 2102 3856 civi-

539 3901 668 3946 tate.
702 3890 825 3944 Fuit
857 3892 972 3946 lucc
995 3893 1176 3964 gravis
1207 3894 1446 3947 accessio
1466 3896 1529 3947 ad
1562 3911 1830 3948 aerumnas
1856 3897 2107 3964 Augusue

538 3983 765 4049 priores.
797 3982 978 4036 Palam
1009 3994 1128 4037 erat
1159 3983 1261 4038 alia
1289 3986 1540 4054 deinceps
1565 3988 1614 4040 in
1651 4003 1830 4052 manu,
1864 3988 1985 4041 aliis
2011 3989 2107 4041 ad-

540 4073 958 4128 ministrandam
994 4076 1235 4128 consiliis
1263 4092 1569 4144 supremam
1613 4079 1726 4131 fore
1747 4087 2096 4147 poteslatcm,

540 4181 660 4219 suse
691 4179 812 4218 mox
844 4167 1004 4220 simul
1039 4169 1336 4220 orbandam
1374 4171 1623 4240 conjuge,
1653 4171 1809 4224 simul
1860 4173 2106 4238 redigen-

540 4260 661 4312 dam
701 4259 753 4312 in
796 4261 1073 4324 ordinem;
1099 4272 1153 4315 et
1190 4263 1468 4317 titluitatis
1520 4266 1718 4318 malum
1748 4280 1841 4334 pe“
1873 4280 1929 4319 ’Ὀ
1962 4266 2104 4317 into-

537 4345 779 4412 lerabile,
844 4348 1117 4402 servitutis
1185 4365 1397 4416 quoque
1440 4365 1502 4404 ac
1553 4362 1771 4406 mutata:
1824 4353 2004 4406 subito
2035 4369 2099 4408 ex

539 4455 751 4493 smnmo
779 4439 830 4493 in
856 4437 1098 4493 intimum
1123 4442 1447 4495 conditionis
1471 4443 1666 4495 damno
1696 4445 2105 4499 cumulamlum.

537 4531 656 4587 Non
687 4533 797 4602 jam
835 4547 964 4600 ergo
1001 4532 1174 4586 virum
1230 4533 1402 4587 solum
1436 4533 1631 4588 aillicta
1675 4533 1817 4588 luctu
1873 4536 2106 4606 Augusm

539 4627 880 4698 «lc-plorabat,
910 4627 1002 4681 sed
1037 4626 1322 4695 imperium
1364 4638 1620 4695 pra‘terea
1661 4644 1722 4682 ac
1753 4629 2109 4697 principalem

539 4718 916 4771 auctoritatem
943 4736 956 4784 ;
995 4719 1295 4788 harumque
1320 4733 1497 4773 rerum
1529 4718 1761 4790 insignia
1793 4733 2109 4788 purpuram,

541 4809 808 4873 diadema,
863 4809 1095 4874 solium;
1130 4819 1261 4879 quot
1291 4818 1599 4878 quantaque
1645 4819 1958 4879 argmnenta
1996 4825 2102 4864 non

542 4903 1044 4968 reprchensibilium
1089 4903 1492 4972 laerymarum!
1550 4903 1714 4975 505
1777 4903 1962 4973 Itaque
2017 4904 2105 4956 illa

541 4989 854 5059 indulgente
904 4991 1075 5046 doleri
1113 4991 1281 5059 justo,
1313 4993 1625 5062 nullumque
1682 5010 1785 5046 non
1845 4994 2105 5049 indicium

543 5082 770 5135 extremi
832 5084 1083 5138 mceror-is
1139 5085 1367 5151 ejulatn,
1424 5082 1573 5149 ﬂetu,
1631 5085 1866 5152 planctu,
1933 5087 2109 5156 palam

541 5175 756 5238 edente,
819 5174 1251 5230 obsecundabam
1315 5193 1415 5247 ego
1469 5192 1688 5246 quoque
1748 5178 1800 5231 in
1851 5179 2109 5233 omnibus

539 5274 782 5329 strenue,
810 5277 1180 5335 praeeramque
1209 5268 1376 5323 choro
1423 5270 1753 5338 gementium
1785 5267 1908 5322 altis
1935 5272 2112 5337 suspi-

541 5358 661 5420 riis,
702 5369 994 5425 comasque
1021 5373 1237 5412 mecum
1276 5375 1339 5414 ac
1379 5370 1559 5415 vestes
1593 5361 1641 5412 vi
1671 5361 1873 5415 doloris
1903 5361 2108 5414 ὀίεαι-ι’-

2205 3159 2522 3228 λαυνόμεΘα
2577 3159 2784 3228 ταύτην
2849 3161 2942 3213 ἐπὶ
3039 3200 3053 3216 .
3160 3199 3176 3216 .
3274 3198 3288 3212 .
3372 3156 3559 3226 exarat;
3601 3150 3700 3203 ἀνα·

2203 3254 2394 3313 πνοαῖς
2429 3253 2456 3303 ὁ
2492 3251 2752 3322 βασιλεὺς
2779 3248 2870 3324 ἦν.
2901 3253 3012 3306 Καὶ
3106 3293 3122 3308 .
3203 3291 3219 3307 .
3295 3291 3310 3308 .
3383 3253 3576 3319 γὸμενον
3599 3242 3696 3310 ἐψυ-

2201 3343 2467 3414 χορρἀγιι
2529 3343 2664 3412 πριις
2724 3343 2789 3412 τῇ
2859 3342 3072 3413 κεφαλῇ
3177 3383 3193 3399 ,
3280 3382 3295 3398 .
3381 3379 3394 3394 .
3463 3376 3475 3391 .

2205 3434 2418 3504 βασιλὶς
2449 3433 2680 3506 ἔρριπτο
2729 3433 2808 3486 ἔτι
2861 3435 3233 3506 ἀμπεχομένη
3311 3473 3326 3488 .
3401 3470 3412 3486 .
3482 3469 3494 3483 .
3559 3463 3573 3478 ο
3631 3461 3644 3474 ο

2203 3525 2300 3577 καὶ
2345 3525 2413 3577 τὰ
2457 3523 2743 3594 κοκοεαφῆ
2797 3525 2842 3555 ⁸⁸
2894 3523 3094 3576 πέδιλα
3146 3526 3241 3577 καὶ
3273 3521 3397 3574 ἐπα·
3459 3556 3473 3570 .
3540 3552 3554 3569 .
3613 3548 3626 3564 ο
3680 3544 3692 3560 ο

2205 3615 2704 3682 κατετιτρὼσκετο.
2761 3616 2870 3668 Καὶ
2932 3617 3035 3669 οὐκ
3091 3612 3238 3686 εἶχεν
3289 3615 3430 3674 ὅπως
3513 3644 3526 3660 ο
3599 3643 3610 3655 ι
3679 3639 3689 3651 -

2207 3709 2521 3779 φλεγμονὴν
2547 3709 2644 3776 τῆς
2679 3707 2932 3776 καρδίας.
2977 3707 3105 3761 Τῶν
3133 3707 3194 3760 δὲ
3269 3745 3285 3760 .
3359 3742 3372 3758 .
3441 3739 3455 3754 .
3523 3733 3537 3750 ο
3595 3695 3692 3745 ὕπο-

2209 3803 2546 3872 στρέψαντες
2580 3801 2742 3854 πάλιν
2777 3801 2871 3853 καὶ
2919 3801 3124 3870 μικρὸν
3165 3804 3302 3867 ὲγκα
3374 3837 3388 3851 .
3456 3833 3469 3848 .
3541 3827 3553 3842 ο
3613 3824 3625 3840 ο
3680 3821 3690 3836 ο

2206 3894 2506 3964 ἁπτόμενοι
2529 3895 2622 3948 τοῦ
2649 3893 2866 3965 καρποῦ
2897 3894 2990 3947 τοῦ
3021 3891 3306 3965 βασιλικοῦ
3336 3893 3364 3960 ἠ
3434 3926 3447 3942 .
3515 3924 3528 3939 .
3587 3876 3692 3932 ἐκεῖ·

2213 3988 2478 4055 peutium,
2528 3995 2582 4038 et
2629 3998 2817 4054 pectus
2849 3986 3221 4055 plangentium
3253 4002 3268 4052 ;
3311 3983 3431 4039 nihil
3467 3980 3589 4049 pensi
3613 3987 3691 4027 tum

2206 4079 2422 4148 quidem
2459 4079 2663 4133 habens
2720 4089 2812 4130 aut
2837 4079 3197 4148 philosophiae
3230 4079 3446 4132 rationes
3472 4084 3582 4142 quas
3603 4079 3693 4131 διεδ·

2205 4172 2426 4238 gerebat
2461 4171 2714 4233 animus;
2770 4180 2861 4222 aut
2910 4169 3313 4224 admonitiones
3367 4158 3692 4230 inlempcstivas

2205 4264 2573 4318 moderatione
2607 4263 2657 4316 in
2682 4269 2882 4317 luctum
2912 4261 3001 4316 tali
3028 4253 3690 4331 praescribentiutu,aliquan-

2140 4383 2186 4443 υ
2215 4356 2280 4409 do
2339 4364 2538 4420 tamen,
2591 4355 2861 4408 cbaritate
2915 4353 3107 4408 matris
3149 4353 3409 4408 admonita
3451 4344 3691 4443 conﬂuit?“

2216 4461 2334 4511 me;
2367 4444 2729 4511 conjunxique
2771 4457 2991 4510 operam
3051 4459 3174 4497 cum
3225 4440 3504 4495 astantibus
3542 4427 3694 4482 atlAtt-

2209 4545 2422 4607 gustatu
2459 4551 2522 4590 ex
2579 4537 2934 4590 acerbissimo
2964 4535 3072 4589 isto
3097 4549 3328 4589 maerore
3371 4527 3524 4600 quoad
3557 4521 3692 4616 licerel

2214 4629 2586 4682 recreandum.
2647 4629 2713 4683 At
2745 4644 2872 4683 ecce
2918 4627 3120 4682 frustra
3172 4628 3222 4679 id
3252 4621 3541 4678 conantibus
3567 4611 3692 4706 nobis.

2211 4719 2353 4772 oculi
2414 4721 2657 4774 oumium
2711 4730 2977 4784 nostrum,
3012 4731 3072 4772 ut
3108 4719 3220 4772 fere
3268 4727 3472 4782 semper
3513 4711 3631 4758 erant
3659 4712 3692 4747 ιιι

2215 4825 2378 4862 unum
2423 4811 2610 4864 intenti
2661 4810 3072 4880 deprehendunt
3129 4811 3419 4876 Augustum
3485 4801 3695 4880 extremes

2205 4901 2318 4969 jam
2349 4918 2491 4970 aegre
2514 4902 2784 4957 anhelitus
2820 4904 3056 4956 trabere.
3089 4899 3336 4954 Accurrit
3368 4895 3426 4949 ad
3466 4898 3592 4958 rapul
3616 4877 3695 4935 κί’

2210 4991 2288 5045 ria
2315 5006 2490 5057 soror,
2524 5003 2784 5047 consueto
2813 4992 2914 5046 sibi
2952 4989 3268 5053 ministerio,
3296 4983 3439 5052 quasi
3469 4981 3691 5039 exccplu"

2208 5084 2501 5154 fugientem
2533 5085 2792 5138 animam.
2844 5082 3162 5152 lmperatrix
3199 5091 3325 5131 vero
3377 5074 3531 5142 regias
3561 5067 3690 5115 νεείθδ

2209 5174 2355 5228 humi
2399 5175 2611 5240 abiecta
2670 5175 2970 5236 lacerabat,
3014 5172 3333 5238 calceosquc
3367 5165 3535 5218 rubros
3561 5161 3690 5249 etcf:

2205 5275 2316 5320 tera
2355 5266 2500 5320 velut
2549 5266 2664 5336 jam
2701 5265 2836 5319 falsa
2890 5264 3084 5318 indicia
3122 5259 3394 5331 dignitatis
3419 5240 3688 5324 pernlitxsibi

2205 5359 2445 5412 avellens
2485 5359 2552 5413 ab
2583 5373 2702 5413 sese
2743 5357 3023 5426 jaclaltat;
3061 5362 3206 5407 tanto
3255 5361 3393 5406 motu
3423 5352 3624 5409 astuque
3648 5338 3689 5382 ⁸⁸

1571 5471 1769 5533 Variae
1799 5469 2115 5532 lectiones
2145 5485 2222 5531 ex
2259 5473 2402 5532 cod.
2429 5469 2699 5532 Coislin.

614 5569 660 5602 “
685 5569 824 5623 ἀλλὰ
861 5571 954 5622 καὶ

990 5609 1004 5622 .
1036 5607 1051 5620 .
1090 5569 1336 5632 ,ἐκεῖνος
1364 5571 1665 5641 ἀνενέγκας
1689 5575 1785 5644 τῆς
1815 5574 2078 5644 δευτέρας
2123 5572 2507 5641 λειποουμέας.
2530 5612 2546 5628 .

2588 5571 2758 5641 αὐτῷ.
2814 5573 2859 5605 ⁸⁸
2884 5571 3152 5628 κωκυτοῦ.
3224 5569 3269 5601 ⁵⁵
3290 5556 3588 5626 κοκκυδιφῆο

1574 5666 1716 5729 Car.
1751 5666 2076 5729 Dufresnii
2112 5669 2209 5728 Du
2246 5665 2466 5744 Cangii
2520 5672 2708 5726 notae.

614 5762 690 5831 t8;
754 5768 796 5817 Ο
848 5764 951 5834 τῆς
975 5764 1298 5831 βασιλείας
1329 5762 1624 5835 διάδοχος.
1664 5765 1794 5823 Vide
1827 5767 2092 5822 Zonaram

2182 5785 2190 5822 ι
2234 5766 2436 5830 Alexio,
2472 5775 2525 5822 et
2559 5764 2800 5822 Nicetam
2839 5764 2893 5819 in
2927 5763 3153 5822 Joanne.
