3986 6212
365 250 500 314 1205

1594 252 2000 314 ALEXIADIS
2045 256 2190 314 LIB.
2229 259 2353 321 XV.

3449 273 3594 340 1206

359 370 453 424 θεν
500 366 608 420 τῶν
661 365 888 437 πληγῶν
933 369 1032 439 τῆς
1085 367 1357 439 ἀρτηρίας
1433 407 1447 422 .
1527 409 1539 421 .
1621 409 1638 425 .
1717 408 1732 424 .
1813 410 1829 425 .
1907 409 1922 424 .

2031 383 2097 422 ne
2136 371 2390 452 membris
2419 374 2632 443 quidem
2665 377 2781 433 suis
2828 379 2942 448 ipsa
2995 390 3156 451 atque
3197 386 3426 440 artubus
3474 405 3598 456 par-

360 462 512 532 ὗμως
577 461 761 530 μέντοι
821 459 1286 531 κατειρωνεύοντο
1332 461 1427 515 τοῦ
1482 461 1699 533 καιροῦ.
1749 463 1859 516 Καὶ
1891 464 1924 532 ἠ

643 592 657 604 .
735 553 826 605 καὶ
861 551 1204 606 ὑπετεῐνοντο
1225 553 1322 615 τὰς
1348 552 1424 622 μὴ
1457 552 1792 623 φαινομένας
1819 571 1923 623 χρη
1963 616 1966 619 λ

643 684 658 698 .
737 645 922 705 πέδας.
969 644 1144 697 Τοῦτο
1188 643 1243 697 δὲ
1282 646 1512 716 προνοίᾳ
1549 647 1657 699 τινὶ
1706 645 1926 697 ἐποίουν

357 751 494 803 γινω
572 775 584 788 .
663 772 680 788 .
758 773 774 788 .
851 737 931 789 ὅτι
964 734 1081 804 ἅμα
1112 737 1178 806 τῇ
1204 736 1623 807 ἀπαγορευούσῃ
1651 735 1748 805 τῆς
1779 734 1927 804 ζωῆς

355 821 452 876 τοῦ
501 821 767 893 βασιλέως
838 825 1278 878 συναποπνεύσει
1335 827 1430 878 καὶ
1471 827 1505 896 ἡ
1555 821 1790 894 βασιλἰς“
1825 824 1923 894 τὴν

356 913 556 984 ψυχήν.
600 915 743 968 Ἀλλ’
787 917 818 986 ἡ
856 916 1115 988 νουνεχὴς
1162 919 1352 985 ὲκεῐνη
1388 917 1679 987 βασίλισσα
1713 917 1924 979 τούτοις

353 1003 482 1056 οὔτε
513 1005 795 1058 πιστεύειν
825 1007 948 1060 οὔτε
999 1010 1254 1062 ἀπιστεῖν
1296 1005 1464 1079 εἶχεν.
1505 1008 1787 1061 Ἐπίστευε
1826 1008 1924 1078 μὲν

354 1095 609 1165 τεχνίτας
657 1099 858 1162 αὐτοὺς
905 1100 1075 1155 πάλαι
1124 1101 1496 1169 γινώσκουσα.
1539 1101 1848 1155 διαπιστεῖν
1877 1100 1924 1152 δ’

356 1182 504 1256 εἶχεν
548 1188 630 1241 ὅτι
662 1189 754 1242 ἐπὶ
799 1189 962 1261 ξυροῦ
997 1193 1180 1263 ἀκμῆς
1213 1193 1280 1246 τὰ
1311 1192 1411 1261 τῆς
1455 1193 1594 1259 ζωῆς
1639 1191 1734 1245 τοῦ
1767 1192 1924 1243 αὑτο-

355 1279 626 1349 κράτορος
680 1282 950 1352 ἑστηκότα
1001 1284 1169 1351 ἑώρα.
1239 1285 1662 1354 Ἔπὶτρυτάνης
1711 1283 1765 1335 δὲ
1813 1277 1924 1335 οἷον

356 1371 646 1442 ἑστηκυῖα,
706 1377 785 1436 si;
859 1377 958 1445 ἐμὲ
1014 1375 1278 1440 πολλάκις
1331 1375 1634 1446 ἒνητένιζε,
1685 1377 1779 1428 καὶ
1831 1373 1924 1426 τὸν

353 1464 488 1533 ἐμὸν
538 1467 831 1536 περιέμενε
882 1469 1135 1538 τρίπουν,
1167 1467 1243 1531 ὡς
1293 1467 1522 1536 σύνηθες
1551 1464 1618 1537 ἦν
1651 1468 1789 1537 αὐτῇ
1821 1467 1924 1520 κάν

352 1560 466 1620 τοῖς
493 1558 680 1612 ἄλλοτε
719 1557 1089 1627 ξυμπίπτουσι
1117 1562 1522 1631 περιστατικοῖς
1545 1576 1559 1592 ·
1591 1561 1683 1612 καὶ
1715 1560 1742 1612 ὅ
1779 1577 1826 1612 τι
1859 1559 1924 1612 ἂν

2030 471 2198 529 ceret,
2231 477 2367 532 quos
2401 476 2574 522 tractu
2625 469 2934 526 inclementi
2967 471 3293 544 planctuque
3328 477 3590 544 lar-lebat;

2028 554 2164 606 adeo
2222 556 2424 609 nullum
2496 568 2757 615 extrema:
2805 567 3263 620 consternationis
3305 569 3592 623 omittebat
3681 560 3689 565 ’

2028 643 2260 711 signum.
2299 647 2394 702 llic
2438 647 2558 715 ejus
2585 652 2935 706 miseratione
2975 654 3187 708 addcti
3219 659 3454 725 qudam,
3489 660 3592 711 ﬂn~

2029 751 2154 803 gere
2187 740 2325 804 quod
2375 743 2681 809 optabatur,
2710 745 3084 814 aliirmareque
3144 759 3416 816 τι·εειιιιιιιι
3451 767 3594 803 nunc

2028 845 2245 899 quoque
2277 845 2308 884 ο
2344 846 2578 903 syncopa
2621 835 2921 902 Augustum
2956 855 2971 896 :
3003 839 3158 908 cujus
3190 841 3254 892 ad
3304 841 3379 893 rei
3433 841 3591 894 fidem

2030 924 2353 985 faciendam.
2396 928 2484 981 ubi
2512 944 2712 996 atgrum
2742 933 3047 984 accuratius
3071 933 3590 1001 circumsricmrant,

2029 1021 2116 1073 ubi
2158 1021 2478 1075 arteriarum
2505 1037 2668 1088 segne
2701 1023 2965 1076 micantes
2996 1024 3202 1092 pulsus,
3238 1039 3457 1093 carpunt
3494 1024 3596 1076 im-

2027 1113 2294 1182 peratoris
2347 1120 2788 1174 contrectantes,
2844 1114 3121 1167 attontiori
3184 1116 3599 1183 exploraverant

2030 1210 2197 1265 tactu,
2231 1202 2332 1256 etsi
2365 1203 2544 1256 oinnia
2575 1201 2744 1271 peiuri
2785 1217 2904 1256 esse
2933 1203 3050 1256 loco
3085 1205 3372 1267 sentirent,
3419 1213 3595 1256 tamen

2027 1303 2081 1348 et
2147 1291 2294 1348 vultu
2347 1304 2400 1348 et
2438 1293 2602 1347 verbo
2654 1293 3046 1346 dt‘nttntittlmnl
3089 1294 3321 1348 la-tiures
3361 1309 3507 1362 spcs,
3546 1303 3601 1348 et

2025 1394 2214 1439 contra
2268 1401 2426 1455 quam
2475 1387 2627 1455 signa
2685 1387 2861 1440 munia
2933 1388 3196 1450 ferebant,
3234 1387 3330 1454 ipsi
3391 1386 3509 1441 fuco
3545 1396 3597 1440 et

2026 1477 2170 1543 dolo,
2203 1486 2260 1529 ιιι
2294 1479 2580 1546 putabant,
2611 1477 2723 1546 pio,
2753 1479 3176 1548 perseverabant
3215 1477 3439 1530 meliora
3468 1491 3595 1545 pur-

2030 1569 2172 1624 tendi
2199 1571 2399 1635 omnia,
2442 1585 2548 1637 quo
2592 1570 2889 1637 Augustam
2922 1568 3080 1622 simul
3110 1568 3250 1620 hattd
3285 1566 3446 1618 dubie
3468 1581 3588 1616 cum

356 1648 492 1720 αὖτῇ
551 1651 988 1721 ἁποφοιϐάσαιμι
1036 1651 1364 1723 προσεδόκα.
1416 1651 1481 1703 Ἦ
1537 1651 1634 1721 μὲν
1679 1650 1784 1721 ἐμὴ
1833 1650 1921 1702 δέ·-

2029 1664 2353 1730 imperatore
2410 1662 2751 1726 morituram,
2798 1661 2898 1713 nisi
2953 1675 3074 1712 cum
3133 1659 3344 1729 lugendi
3400 1667 3589 1714 testu?"

357 1758 552 1794 σποινα
605 1741 698 1794 καὶ
725 1742 955 1809 φιλτάτη
989 1744 1097 1797 τῶν
1147 1743 1392 1811 ἀδελφῶν
1441 1743 1652 1810 Μαρία,
1706 1742 1766 1796 τὸ
1826 1741 1921 1794 τοῦ

354 1832 545 1900 γένους
594 1834 754 1903 ἡμῶν
801 1834 1263 1904 ὲγκαλλὼπισμα,
1297 1835 1330 1904 ἡ
1376 1835 1625 1905 σταθηρά
1661 1833 1833 1905 φωνὴ,
1865 1835 1926 1887 τὸ

356 1926 577 1996 ἀπάσης
608 1925 816 1996 ἀρετῆς
869 1927 1242 1996 καταγώγιον.
1279 1927 1485 1998 μεταξῦ
1517 1928 1617 1999 τῆς
1651 1927 1925 1998 βασιλίδος

354 2018 450 2070 καὶ
507 2019 603 2072 τοῦ
661 2019 1068 2091 αὐτοκράτορος
1133 2022 1397 2093 ἱσταμένη
1487 2059 1501 2076 .

355 2110 525 2162 αὑτοῦ
554 2111 814 2180 χειρίδιον
852 2112 1148 2166 διεκώλυεν
1183 2113 1356 2167 ἐνίοτε
1387 2113 1507 2171 τοῦ.
1538 2115 1630 2167 τοὺ
1717 2158 1740 2171 .,
1810 2153 1822 2167 .
1907 2153 1921 2168 .

355 2200 496 2270 πρὸς
538 2199 630 2252 τὸν
684 2200 1071 2272 αὐτοκράτορα
1119 2203 1275 2274 ὁρᾷν.
1339 2204 1481 2272 Ἐγὼ
1533 2206 1590 2258 δὲ
1654 2205 1924 2259 ἐπέϐαλον

550 2326 567 2340 .
638 2287 740 2356 τὴν
788 2288 969 2352 δεξιὰν
1021 2289 1098 2360 τῷ
1156 2293 1375 2364 καρπῷ,
1428 2293 1523 2347 καὶ
1567 2295 1668 2364 τὴν
1707 2296 1923 2368 κίνησιν

358 2415 374 2432 .
450 2417 466 2431 .
545 2414 562 2432 .
641 2380 758 2448 μῶν
798 2383 1303 2455 περιεσκοπούμην.
1345 2386 1444 2456 τὴν
1474 2387 1529 2440 δὲ
1557 2388 1660 2440 πολ
1739 2427 1752 2442 .
1832 2429 1849 2444 .

355 2469 752 2524 ἐπιϐάλλουσαν
811 2473 908 2536 τὰς
970 2476 1161 2543 χεῖρας
1230 2479 1295 2546 τῇ
1344 2478 1556 2549 κεφαλῇ
1639 2518 1653 2534 .
1737 2519 1752 2535 .
1833 2521 1846 2534 .

351 2560 528 2629 ψοσαν
563 2563 662 2632 τὴν
689 2565 1024 2636 καλύπτραν.
1067 2568 1157 2622 Ἑν
1261 2568 1372 2640 γὰρ
1417 2567 1471 2626 εἷ
1546 2613 1560 2628 .
1643 2615 1656 2628 .

353 2649 454 2717 τὴν
510 2648 797 2723 βασιλικὴν
861 2656 1062 2724 ἐσθῆτα
1137 2675 1321 2728 μεταει.
1399 2700 1412 2714 .

351 2742 573 2813 ἐπεῖχον
634 2744 828 2815 ῥώμην
884 2748 1007 2802 τινὰ
1081 2787 1098 2804 .

349 2835 615 2901 σφυγμῶν
707 2839 774 2891 ⁸⁸.
849 2840 1213 2912 Ἢπατώμην.

344 2925 410 2978 οὐ
439 2925 543 2997 γὰρ
570 2926 731 3000 ῥώμη
787 2947 872 2993 τις
912 2927 980 3003 ἦν
1036 2935 1098 2988 τὸ
1168 2938 1498 3007 φαινόμενον
1523 2960 1590 3010 με

1737 2614 1751 2628 .
1828 2577 1924 2631 καὶ

1496 2702 1509 2714 .
1587 2666 1922 2731 τοσαυτάκις

1309 2791 1323 2807 .
1401 2755 1750 2824 μανθάνουσα
1814 2761 1924 2812 τῶν

2027 1770 2135 1826 quo
2188 1754 2370 1809 cﬂ'erri
2408 1756 2886 1809 vehementissimo
2929 1764 3188 1822 coeperat,
3223 1755 3416 1807 melius
3471 1768 3597 1820 spc-

2028 1849 2201 1902 rando
2249 1847 2568 1911 remitteret,
2631 1848 2698 1900 ab
2762 1847 2930 1901 exitio
2981 1847 3231 1915 prmsonli
3291 1855 3592 1899 servarent.

2025 1944 2297 1999 Czcterum
2353 1938 2686 2008 lmperatrici
2737 1936 3277 2004 ειιιιιιιιιιηιιιοειιιοῑίι
3328 1937 3429 1988 ista
3471 1949 3592 2002 pcr-

2027 2033 2336 2089 turbatione
2389 2028 2594 2099 judicio
2627 2030 2824 2092 ttteuti,
2855 2043 2960 2081 non
2998 2027 3156 2094 plane
3203 2025 3477 2078 fat-iubant
3531 2025 3595 2073 li-

2025 2127 2172 2181 detu.
2201 2123 2576 2192 pendebatque
2617 2119 2736 2189 ejus
2760 2119 2974 2172 animus
3000 2119 3052 2170 in
3093 2114 3395 2183 a‘qttilibrio
3431 2112 3596 2167 dubi-

2027 2215 2246 2270 tationis
2306 2215 2582 2281 quodam;
2619 2226 2746 2265 nam
2799 2211 2923 2264 hinc.
2956 2209 3171 2277 quidem
3225 2204 3478 2260 mut-tabat
3508 2219 3599 2256 au.

2025 2307 2249 2362 Claritas
2277 2306 2558 2359 hominutn
2584 2304 2772 2372 utique
2815 2302 3104 2380 artificum,
3132 2309 3186 2354 et
3213 2296 3451 2353 Scientirc
3485 2309 3596 2348 nte-

2024 2398 2183 2453 deudi
2232 2398 2602 2451 consultat-um
2642 2393 2901 2451 :aliunde
2928 2401 3109 2444 tamen
3153 2405 3273 2444 esse
3304 2390 3596 2457 imperatu-

2025 2507 2135 2547 rem
2171 2492 2222 2545 in
2261 2489 2522 2545 extremis
2555 2503 2640 2542 res
2672 2499 2914 2555 praesens
2947 2485 3059 2556 ipsa
3100 2482 3356 2551 oculique
3409 2478 3597 2544 laques

2023 2585 2242 2640 bantur.
2269 2583 2322 2637 in
2348 2583 2448 2636 hac
2471 2581 2844 2646 ambiguitate,
2871 2591 2956 2632 me
2980 2585 3038 2630 ιιι
3064 2575 3194 2630 alias
3215 2587 3358 2642 saepe
3380 2567 3597 2642 quando

2024 2676 2306 2731 dubitabat
2330 2675 2565 2738 intuens,
2593 2671 2872 2726 oraculum
2905 2667 3157 2723 videlicet
3189 2663 3540 2733 operiebatur
3565 2673 3597 2712 e

2026 2771 2237 2840 tripode
2270 2784 2389 2824 meo
2418 2782 2433 2821 :
2465 2777 2517 2822 et
2561 2763 2822 2834 quidquid
2861 2762 3276 2833 pronuntiarem
3309 2761 3596 2824 exspecta-

2023 2863 2113 2917 bat
2149 2861 2440 2915 creditura.
2501 2857 2616 2912 Tali
2681 2868 2860 2910 rerum
2921 2851 3153 2906 articulo
3196 2847 3410 2900 domina
3475 2855 3596 2895 mea

2023 2965 2270 3003 sororum
2301 2949 2431 3002 mihi
2457 2947 2781 3000 charissima
2811 2943 3009 3005 Maria,
3043 2941 3207 2994 decus
3237 2935 3410 2992 nostri
3432 2945 3595 3002 gene—

841 3022 1168 3098 ἀλλ’ὲπειδὴ
1194 3029 1252 3081 τὸ
1303 3032 1400 3099 τῆς
1446 3033 1720 3106 ἀναπνοῆς
1778 3041 1920 3108 μέγα

2027 3043 2126 3106 rls,
2153 3040 2454 3097 Constantis
2498 3037 2783 3106 virilisqne
2840 3035 2987 3089 vocis
3021 3049 3086 3088 ac
3119 3029 3316 3086 mentis
3373 3027 3590 3088 mulier,

494 3155 508 3171 .
663 3154 680 3168 .
829 3155 846 3171 .
995 3137 1071 3188 μα
1123 3121 1487 3194 συνδιῖστατο,
1551 3128 1644 3181 καὶ
1703 3131 1772 3184 τὰ
1820 3133 1923 3202 τῆς

350 3205 624 3276 ἀρτηρίας
785 3247 801 3262 .
968 3251 985 3267 .
1157 3250 1171 3264 .
1322 3251 1336 3267 .
1488 3255 1504 3270 .
1652 3237 1712 3273 ευ
1723 3239 1918 3291 μωνος.

363 3296 643 3366 Ἀφεμένη
676 3300 731 3352 δὲ
767 3300 868 3367 τῆς
898 3301 1080 3371 χειρὸς
1113 3302 1208 3355 τοῦ
1240 3304 1772 3379 Σεϐαστοκράτορνς,
1827 3315 1925 3366 καὶ

357 3389 496 3460 πρὸς
555 3390 656 3462 τὴν
737 3392 992 3462 βασιλίδα
1055 3396 1141 3449 διὰ
1290 3437 1305 3452 .
1456 3437 1470 3452 .
1619 3441 1634 3456 .
1785 3405 1920 3475 μένη

352 3482 516 3536 πάλιν
583 3484 851 3537 ἐπέϐαλον
922 3485 1000 3556 τῷ
1071 3489 1270 3559 καρπῷ
1417 3530 1430 3545 .
1580 3534 1593 3548 .
1743 3531 1761 3550 .

504 3573 771 3640 Ἀλεξίαν.
818 3577 880 3632 ’H
919 3579 1018 3650 μὲν
1037 3579 1227 3634 ἔνυττέ
1267 3599 1334 3651 με
1381 3584 1641 3648 πολλάκις
1675 3587 1758 3640 ὅτι

1339 3674 1576 3745 δηλῶσαι
1593 3677 1658 3729 τὰ
1677 3677 1770 3730 τοῦ
1790 3695 1927 3750 σφυ-

1512 3765 1668 3830 abiit;
1699 3769 1928 3842 ἡψάμην

1701 3865 1769 3916 τὰ
1824 3865 1928 3933 τῆς

1754 3996 1768 4010 .
1826 3974 1917 4010 τε·

350 3757 494 3828 γμοῦ
519 3760 586 3814 ".
632 3761 786 3815 Ἐπεὶ
817 3762 872 3817 δὲ

351 3855 449 3907 καὶ
503 3855 860 3910 ὕπενδιδόντα
919 3859 1062 3926 ἔγνω

349 3948 653 4016 δυνάμεως.
682 3951 794 4002 Καὶ
825 3952 903 4012 εἰς
932 3951 1201 4019 ἀσφυξίαν
1229 3953 1272 3984 ⁸⁷

351 4036 604 4092 λεὼτατα
641 4041 709 4092 τὰ
739 4041 850 4094 τῶν
896 4041 1193 4114 ἀρτηρίων,
1240 4042 1416 4114 ἔγωγε

351 4159 491 4229 qttod
588 4159 743 4214 facile
817 4162 868 4215 in
939 4160 1386 4230 significationem
1474 4164 1751 4222 latentium
1823 4171 1918 4223 ad-

351 4251 454 4305 huc
510 4251 561 4304 in
607 4266 750 4320 aegro
801 4267 1023 4318 corpore
1085 4254 1371 4309 multarum
1433 4257 1626 4312 vit-ium
1692 4260 1914 4329 derepta

353 4341 510 4413 505
543 4343 839 4411 rapiebam.
873 4343 1033 4414 Atqui
1057 4345 1332 4400 exhaustis
1355 4345 1509 4415 plane
1530 4347 1638 4416 jam
1662 4351 1913 4406 vitalilrus

353 4434 618 4489 defectum
644 4434 1019 4499 corpusculum
1042 4435 1148 4490 illis
1172 4437 1375 4491 ultimis
1398 4441 1682 4494 conatibus
1704 4444 1910 4497 aerium
1947 4473 1992 4528 ο

345 4525 551 4579 ictuum
582 4539 686 4580 nou
717 4525 881 4579 nilum
907 4527 1118 4595 quidem
1148 4543 1300 4581 suum
1331 4530 1566 4598 vigorem
1589 4533 1913 4599 testabatur,

349 4619 442 4669 sed
481 4618 765 4684 tegerrime
789 4616 944 4686 longo
978 4619 1264 4673 intervallo
1298 4636 1393 4690 per
1420 4631 1493 4674 tot
1530 4621 1702 4675 morbi
1741 4639 1918 4677 moras

351 4715 640 4761 attractum
676 4707 920 4776 spiritum
950 4717 1060 4761 toto
1094 4718 1299 4763 natura:
1322 4712 1516 4778 impetu
1553 4713 1916 4780 reciprocans,

349 4802 702 4854 commotiore
738 4799 830 4854 illo
863 4799 1077 4869 vigebat
1115 4801 1294 4869 pulsu.
1332 4802 1532 4856 Tamen
1578 4814 1634 4855 ut
1667 4821 1784 4872 qua:
1827 4821 1915 4860 cn.

349 4891 528 4958 pimus
570 4890 759 4945 leviter
780 4892 1070 4958 credimus,
1097 4892 1324 4946 libenter
1350 4893 1636 4962 loquimur,
1667 4896 1784 4950 laeta
1817 4915 1922 4968 ego

345 4992 459 5037 tum
489 4984 552 5035 ad
572 4991 808 5036 astantes
828 4997 996 5047 meos,
1015 4981 1331 5052 Angustam,
1355 4993 1409 5037 et
1431 4985 1914 5043 sebastorraturem

347 5074 670 5140 exclamavi,
723 5074 897 5127 salvas
941 5089 1062 5128 esse
1098 5085 1201 5139 res,
1255 5078 1656 5146 provocavique
1707 5081 1806 5148 ipsi
1858 5093 1919 5137 ut

351 5175 659 5234 tangerent,
723 5173 1151 5233 usurparentque
1211 5165 1409 5218 indicia
1469 5167 1693 5221 salutem
1751 5184 1919 5240 spon-

347 5259 586 5312 dentium
622 5272 898 5311 venarum.
939 5256 1152 5308 Manum
1204 5258 1332 5326 quin
1385 5258 1548 5310 etiam
1593 5259 1775 5328 ipsam
1829 5279 1916 5318 se.

280 5389 294 5400 .
352 5348 738 5400 bastocratoris
789 5355 1056 5416 arreptam
1111 5359 1176 5400 eo
1233 5345 1446 5401 admovi
1498 5367 1512 5402 :
1565 5363 1627 5404 ac
1688 5363 1912 5407 matrem

355 5439 565 5493 victrici
595 5438 708 5508 jam
744 5437 934 5492 fiducia
960 5438 1249 5494 consolans
1282 5452 1500 5494 Sumere
1536 5440 1720 5510 utique
1761 5443 1918 5512 jube-

2020 3133 2373 3200 omuiumque
2405 3127 2738 3184 domicilium
2775 3127 3060 3189 virtutum,
3111 3123 3253 3177 inter
3287 3116 3594 3186 imperaui-

2021 3239 2139 3279 cem
2170 3235 2222 3277 et
2267 3221 2652 3290 imperatorem
2701 3219 2877 3272 tnedia
2932 3228 3106 3278 stans,
3161 3224 3323 3266 manu
3358 3206 3588 3263 subinde

2022 3314 2345 3384 interposita
2375 3313 2614 3368 studiose
2643 3310 2914 3374 obstabat,
2939 3323 3007 3364 ne
3039 3305 3385 3376 imperatoris
3422 3300 3591 3356 mori-

2023 3407 2256 3461 bundam
2283 3404 2476 3460 faciem
2511 3419 2736 3460 cernere
2759 3402 3072 3472 imperatrix
3111 3398 3199 3452 tali
3230 3391 3592 3449 exanimauda

2025 3498 2211 3567 specie
2255 3505 2458 3566 posset.
2491 3496 2603 3566 Ego
2636 3509 2764 3548 vero
2818 3495 3130 3560 satagebant
3193 3487 3409 3542 interim
3438 3483 3591 3553 quasi

2025 3589 2092 3645 ad
2152 3589 2412 3643 indicium
2449 3586 2772 3656 captandum
2837 3584 2982 3638 unde
3020 3593 3342 3651 responsum
3381 3584 3588 3628 certum

2022 3682 2355 3751 expedirem.
2407 3679 2617 3733 Dextra:
2668 3691 2859 3730 manus
2908 3688 3147 3727 summos
3181 3669 3384 3737 digitos
3429 3678 3594 3730 carpo

2025 3771 2334 3842 languentis
2397 3771 2736 3840 applicabatn
2792 3771 2957 3824 :tunt
3025 3777 3246 3818 manum
3307 3770 3603 3824 utramque

2023 3865 2374 3920 admovebant
2427 3863 2586 3930 capiti
2639 3861 2876 3931 ejusdem
2933 3857 3127 3926 pileclo
3179 3867 3243 3908 ac
3297 3848 3594 3904 involucris

2029 3957 2301 4026 paulisper
2357 3957 2576 4010 nudato.
2632 3953 2787 4008 Sensi
2867 3953 2984 4006 hmo
3065 3946 3272 4000 faciens
3354 3938 3594 4009 vegetio-

2026 4065 2113 4106 ηδε
2172 4050 2312 4103 ictus
2399 4048 2611 4103 arteriae
2675 4045 2826 4116 quasi
2929 4039 3209 4124 robustius
3276 4033 3586 4090 micantis:

2024 4171 2146 4225 bam
2174 4171 2422 4227 meliores
2447 4187 2591 4241 spes.
2625 4169 2758 4225 llinc
2781 4186 2904 4226 cum
2932 4170 3126 4224 iterum
3155 4168 3339 4236 regi-oti
3369 4182 3592 4238 carpum

2025 4274 2421 4325 attrectassem.
2461 4265 2677 4334 pupugit
2710 4263 2756 4318 is
2789 4264 2965 4318 acutis
2995 4273 3050 4316 et
3095 4261 3305 4316 crebris
3359 4261 3587 4314 saltibus

2023 4357 2364 4425 explorantes
2399 4355 2613 4426 digitos,
2652 4367 2712 4409 ut
2738 4356 2992 4424 prmelare
3015 4355 3191 4409 adhuc
3215 4355 3428 4424 quidem
3461 4366 3592 4407 con-

2022 4457 2190 4501 staret
2217 4449 2282 4500 ad
2321 4448 2600 4516 augurium
2655 4448 2765 4514 spei
2818 4457 2998 4500 motus
3040 4445 3253 4497 arteriae
3309 4441 3589 4496 micantis.

2023 4539 2222 4594 Verum
2264 4540 2404 4608 quod
2457 4539 2534 4602 hi,
2563 4546 2618 4591 ιιι
2677 4537 2810 4602 disi,
2858 4535 3088 4590 extremi
3137 4545 3366 4587 conatus
3413 4539 3594 4584 essent

2019 4642 2226 4684 natura:
2262 4629 2400 4684 nihil
2439 4630 2548 4696 jam
2599 4629 2700 4682 sibi
2752 4627 2998 4681 facientis
3047 4627 3262 4694 reliqui,
3307 4625 3393 4678 ubi
3433 4621 3592 4675 Icrtiu

2018 4737 2236 4774 manum
2283 4720 2522 4783 adhibui,
2573 4719 2917 4788 deprehendo
2961 4732 3088 4772 ecce
3140 4715 3378 4770 defectus
3423 4714 3587 4776 vires,

2020 4813 2360 4880 languentem
2393 4813 2600 4881 pulsum
2638 4823 2691 4865 et
2728 4826 2849 4865 mox
2883 4807 3137 4865 desitum:
3166 4808 3290 4860 vitze
3333 4804 3588 4873 reliquias

2019 4903 2242 4964 debiles.
2271 4919 2333 4956 ac
2384 4904 2489 4970 iam
2539 4911 2946 4956 evanescentes.
2980 4903 3238 4956 Percussa
3289 4912 3390 4967 ego
3446 4897 3588 4949 illico

2018 4996 2217 5049 iudicio
2245 4993 2388 5048 fatali
2429 4995 2622 5050 demisi
2672 5002 2816 5051 muta
2865 5000 3064 5047 vultum
3124 4993 3174 5046 in
3231 5001 3434 5045 terram
3467 5003 3588 5041 crr-

2017 5103 2180 5139 nuum
2214 5097 2266 5139 et
2299 5087 2587 5155 pallidum;
2640 5085 2820 5140 subito
2863 5099 2957 5152 per
2987 5098 3184 5152 corpus
3235 5083 3349 5152 ipsa
3395 5081 3590 5134 cultur-

2017 5193 2232 5230 rescens
2265 5175 2484 5245 frigore.
2523 5177 2614 5230 Sic
2659 5177 2906 5228 manibus
2938 5172 3004 5226 ad
3053 5172 3242 5226 oculos
3310 5168 3588 5239 oppressis

2021 5278 2166 5322 retro
2219 5269 2408 5323 abiens
2455 5269 2743 5334 lugebam;
2798 5281 2907 5334 quo
2961 5274 3133 5318 mater
3182 5264 3586 5318 animadverso,

2023 5360 2205 5411 statim
2235 5357 2362 5428 quid
2394 5369 2537 5411 esset
2571 5357 2644 5412 rei
2675 5355 2982 5427 pervidens,
3013 5341 3265 5429 nituit-uim
3300 5361 3358 5403 ut
3409 5347 3586 5401 salute

2026 5466 2085 5503 ac
2116 5465 2327 5503 summa
2376 5466 2553 5504 rerum
2606 5451 2974 5517 conclamata,
3027 5443 3413 5504 moderationis
3472 5441 3582 5510 jam

1377 5558 1582 5618 Variae
1617 5559 1929 5624 lectiones
1961 5581 2034 5624 ex
2076 5564 2216 5625 cod.
2249 5563 2517 5628 Coislin.

388 5683 434 5727 o'
465 5680 739 5751 σφιγμῶν.
819 5679 860 5711 ⁸⁷
893 5677 1152 5746 σφιγμοῦ.
1227 5680 1270 5712 ⁸⁸
1303 5681 1620 5750 ἀσφινξέαν.
