3986 6212
296 270 432 335 1:209

1544 279 1958 340 ALEXIADIS
1996 279 2145 346 LIB.
2180 285 2304 344 XV.

3413 293 3551 362 1310

290 389 388 454 την
421 385 823 458 ζωὶνὲγραθζια.
871 390 1014 444 Ἀλλ’
1067 392 1166 446 οὐκ
1224 391 1373 446 ἐστιν
1423 391 1533 464 ἄρα
1580 395 1724 447 κατὰ
1762 394 1860 463 τὴν

1984 402 2122 456 rcudi
2161 403 2284 465 fuit,
2316 403 2494 460 tirere
2527 405 2828 470 desinente,
2860 421 3212 475 perseverare
3256 421 3340 462 me
3371 417 3548 462 tamen

291 476 604 546 τραγῳδίαν
639 478 808 541 πάθος
844 480 942 532 καὶ
1012 482 1265 552 ξυμφορά
1327 481 1592 552 θεήλατος
1637 480 1705 554 ἧς
1766 485 1867 537 οὐκ

291 567 358 620 ἂν
395 569 580 639 ἄχθος.
727 609 742 624 .
895 611 910 626 .
1048 573 1209 640 οίμην
1267 571 1397 639 ἐγώ.
1455 574 1612 626 Οὕτω
1638 578 1748 645 γάρ
1800 593 1868 645 με

294 660 478 722 biiab;
509 662 804 734 συμφορῶν
857 663 1109 732 μεγάλων
1170 663 1438 734 πεποίηκε
1503 668 1867 733 καταγώγιον.

305 753 685 822 Ἀπεῦἀλομεν
739 754 996 807 τοσοῦτον
1055 757 1325 825 φωστῆρα
1386 760 1484 826 τῆς
1543 758 1872 829 οἰκουμένης

297 845 384 897 τὸν
417 843 594 912 μέγαν
655 845 898 910 Ἀλέξιον
947 847 1042 898 καὶ
1191 887 1205 902 .
1353 889 1368 902 .
1512 887 1528 902 .
1669 850 1781 920 μὴν
1838 851 1871 920 ἡ

295 937 450 1007 ψυχὴ
495 937 591 990 τοῦ
647 937 1000 1007 ταλαιπώρου
1067 942 1405 1010 ἐπετρόπευε
1472 943 1704 1013 σώματα

603 1030 670 1099 6η
709 1031 800 1083 καὶ
834 1034 860 1084 ὁ
893 1032 1152 1100 μέγιστος
1183 1031 1396 1102 λύχνος.
1469 1036 1684 1088 Μᾶλλον
1733 1036 1791 1088 δὲ
1835 1037 1867 1105 ἡ

292 1123 593 1190 acip-sono;
628 1123 812 1192 ἐκείνη
855 1125 1077 1194 σελήνη.
1116 1124 1188 1176 Τὸ
1237 1127 1380 1194 μέγα
1429 1127 1526 1195 τῆς
1576 1128 1870 1198 Ἀνατολῆς

293 1216 385 1273 καὶ
417 1215 635 1276 Δὺσεως
667 1216 902 1286 πρᾶγμα
929 1217 1024 1269 καὶ
1069 1217 1261 1287 ὄνομα.
1305 1220 1365 1271 'H
1413 1219 1620 1288 βασιλὶς
1650 1222 1869 1289 εἰρήνη.

294 1308 401 1358 Καὶ
545 1347 560 1362 .
711 1346 725 1360 .
871 1309 1024 1378 ὦμεν
1053 1310 1268 1362 καὶτὸν
1325 1312 1464 1379 ἀέρα
1530 1313 1868 1382 ὲμπνέομεν.

293 1391 425 1448 Εἶτα
475 1396 650 1451 ἄλλων
800 1438 814 1453 .
965 1435 982 1452 .
1129 1399 1312 1463 ἄλλοις
1332 1400 1523 1454 κακῶν
1545 1403 1867 1468 γεγονότων,

293 1488 386 1539 καὶ
421 1490 762 1560 πρηστήρων
799 1490 1056 1560 μεγάλων
1092 1494 1536 1561 καταιγισάντων
1580 1497 1746 1561 ἡμᾶς,
1783 1494 1871 1547 ἐπ’

293 1578 424 1630 αὐτὸ
451 1579 510 1631 τὸ
552 1582 1002 1650 κορυφαιοτάτων
1025 1586 1072 1615 ⁷⁰
1099 1585 1208 1636 τῶν
1252 1586 1438 1638 κακῶν
1467 1587 1593 1638 ἰδεῖν
1616 1587 1706 1639 τοῦ
1734 1586 1869 1640 Καί-

296 1686 462 1738 σαρος
495 1672 726 1726 θάνατον

297 1761 436 1830 μεθα
466 1767 758 1829 τοσαύταις
790 1767 978 1820 κακῶν
1017 1768 1392 1837 περιστάσεσι.
1449 1770 1604 1822 Μετὰ
1647 1771 1755 1840 γάρ
1794 1787 1876 1822 τι·

296 1872 390 1915 νας
415 1856 628 1925 ἡμέρας
664 1857 758 1910 τοῦ
801 1859 972 1912 κακοῦ
991 1861 1408 1924 δυναστεύοντος
1443 1865 1536 1915 καὶ
1565 1864 1658 1932 τῆς
1680 1863 1874 1934 τέχνης

296 1949 750 2018 ἀπαγορεύοντος,
777 1953 852 2015 είς
883 1953 1114 2020 πέλαγος
1143 1953 1638 2026 ἀθυμίαςὲμαυτὴν
1674 1957 1877 2027 διαφεῖ-

299 2057 388 2096 σα.
410 2044 519 2105 τοῖς
545 2044 686 2104 ὄλιις
704 2044 1050 2113 ἠγανάκτουν
1073 2047 1230 2099 τοῦτο
1255 2049 1414 2114 μόνον
1443 2049 1525 2101 ὅτι
1555 2051 1648 2101 καὶ
1676 2050 1871 2120 ήψυχή

302 2148 403 2199 μου
437 2135 612 2203 παρῆν
643 2135 702 2187 ἐν
726 2135 802 2202 τῷ
831 2135 1066 2202 σώματι.
1100 2139 1206 2190 Καὶ
1238 2139 1286 2190 εί
1315 2139 1389 2207 μὴ
1412 2139 1486 2202 ὼς
1522 2141 1696 2193 ἔοικεν
1728 2143 1825 2194 ἀδα
1859 2182 1872 2196 .

607 2227 692 2287 τὶς
714 2221 781 2295 ἦν
813 2227 844 2294 ἢ
879 2227 1045 2297 ἄλλης
1097 2229 1243 2292 τινος
1310 2231 1524 2298 φύσεως
1586 2234 1878 2299 διάπλασις

754 2318 849 2370 καὶ
868 2317 1176 2383 ξενίζουσα,
1201 2319 1309 2372 κᾶν
1343 2322 1642 2393 ἀπωλόμην
1669 2324 1728 2376 εὑ

1086 2411 1318 2480 μυρίους
1365 2411 1633 2478 Θανάτους
1668 2415 1878 2469 ἀπέθα-

304 2513 414 2551 νον.
455 2497 661 2570 Νιόϐην
700 2502 839 2569 μετά
864 2519 1027 2554 τινων
1081 2505 1524 2574 τερατευομένην
1598 2506 1875 2577 ἀκούομεν

445 2629 458 2644 .
609 2631 622 2646 .
759 2633 773 2647 .
909 2593 990 2655 εὶς
1021 2592 1172 2646 λίθον
1223 2596 1610 2664 μεταδαλοῦσα
1632 2599 1718 2652 διὰ
1749 2599 1880 2650 πέν-

309 2675 400 2740 θος
553 2721 567 2734 .
697 2721 712 2738 .
855 2681 978 2736 εἶτα
1001 2686 1098 2738 καὶ
1136 2687 1275 2756 μετά
1338 2689 1436 2756 τὴν
1485 2688 1720 2758 ἀμοιϐὴν
1781 2689 1880 2761 τὴν

308 2772 389 2832 εἰς
535 2813 549 2827 .
694 2775 859 2845 φύσιν
892 2778 1376 2847 παραπέμπουσαν
1423 2779 1484 2831 τὸ
1519 2779 1689 2843 πάθος
1745 2782 1882 2836 ἀθάο

441 2905 454 2919 .
494 2867 589 2919 καὶ
615 2869 690 2930 εἰς
715 2869 875 2936 φύσιν
900 2870 1228 2940 ἀναίσθητον
1255 2887 1266 2900 ·
1307 2869 1448 2939 Ἐγὼ
1469 2871 1516 2925 δ’
1553 2873 1661 2944 ἄρα
1693 2874 1788 2928 καὶ
1863 2912 1879 2929 .

618 2958 936 3030 μηθεστὲρα
981 2963 1199 3028 ἐκείνης
1231 2963 1312 3014 ὅτι
1341 2964 1434 3014 καὶ
1475 2964 1614 3032 μετὰ
1649 2967 1748 3028 τὰς
1789 2984 1883 3034 με-

311 3048 499 3114 γίστας

306 3141 478 3207 οὕτως
507 3143 670 3215 αἰσθη
820 3184 835 3199 .
986 3183 1000 3198 .
1149 3147 1256 3214 ἄρα
1280 3147 1416 3214 πρὸς
1449 3147 1657 3217 πέτραν
1675 3148 1883 3218 ἄψυχον

309 3236 443 3305 ἀμοι
592 3276 606 3291 .
759 3276 772 3290 .
915 3277 929 3292 .
1201 3237 1454 3306 ἀπορέειν
1481 3238 1736 3309 δακρύων
1754 3240 1883 3310 ἔμε-

306 3345 398 3381 νον
535 3367 550 3383 .
687 3365 703 3381 .
860 3327 1201 3399 ἀναισθήτως
1282 3327 1480 3396 ἔχουσα
1567 3331 1704 3401 πρὸς
1784 3335 1883 3395 τὰς

312 3419 602 3491 συμφορὰς
741 3460 755 3474 .
907 3463 922 3476 .
1072 3460 1087 3475 .
1237 3419 1475 3473 τοσαῦτα
1559 3424 1884 3494 ὑπενεγκεῖν

305 3513 456 3566 δεινὰ
507 3513 603 3568 καὶ
646 3514 727 3576 εἰς
894 3552 910 3566 .
1060 3555 1074 3569 .
1224 3554 1238 3568 .

307 3605 612 3677 ἀνθρώπων
669 3604 1060 3676 ἐπεγείρεσθαι
1127 3625 1220 3676 μοι
1299 3607 1552 3678 ἀφόρητα

612 3698 1108 3767 δυστυχέστερον⁷¹
1141 3699 1237 3752 καὶ
1296 3701 1388 3753 τὸν
1437 3701 1481 3730 ⁷³
1530 3698 1632 3768 τῆς
1677 3699 1885 3769 Νιόῦης

927 3790 1026 3859 μὲν
1075 3791 1238 3862 μέχρι
1296 3791 1448 3844 τοῦδε
1503 3792 1785 3860 φθάσαντα
1819 3793 1886 3846 τὰ

1429 3884 1642 3956 ἔληξεν.
1685 3887 1884 3956 Ἤρκει

1558 3517 1794 3570 παλάτια
1825 3517 1883 3583 ἐξ

308 3881 461 3937 ιεινά
542 3882 645 3951 τῆς

309 3974 400 4039 ἂν,
442 3974 526 4026 ἐπ’
563 3975 766 4042 ἀμφοῖν
797 3976 910 4026 τοῖν
957 3973 1084 4041 βασι

453 4064 544 4116 καὶ
571 4065 602 4134 ἡ
626 4063 720 4116 τοῦ
754 4064 1030 4134 Καίσαρος
1093 4067 1355 4136 συμφορά
1398 4068 1494 4119 καὶ
1551 4067 1622 4121 τὰ
1657 4068 1884 4122 ἐκείνων

947 4161 1152 4230 ᾗματα,
1191 4163 1273 4224 είς
1317 4161 1582 4231 ἐκτριῦὴν
1606 4162 1884 4233 ἡμετέραν

307 4248 406 4302 καὶ
433 4249 530 4319 τῆς
564 4248 748 4320 ψυχῆς
809 4249 1032 4303 καὶτοῦ
1094 4249 1370 4319 σώματος,
1423 4252 1519 4303 νῦν
1593 4251 1649 4305 δὲ
1694 4251 1882 4324 ὥσπερ

308 4341 548 4411 ποταμοί
575 4357 724 4404 τινες
762 4340 822 4406 ἐξ
876 4339 1098 4410 ὑψηλῶν
1143 4342 1285 4411 δρῶν
1328 4342 1731 4412 καταρῤἐοντές
1778 4360 1881 4414 μου

1973 495 2348 562 superstizem,
2382 505 2433 550 et
2464 499 2516 550 in
2553 512 2780 550 numero
2807 498 3098 551 viventium
3149 513 3210 553 ex
3245 512 3308 550 eo
3337 496 3552 551 funesto

1974 595 2219 654 tempore
2253 588 2436 640 tandiu
2492 589 2743 644 censeri?
2777 591 2988 656 Qumto
3037 601 3148 641 erat
3206 589 3385 642 verius
3449 589 3554 643 uti-

1974 679 2182 749 liusque
2208 682 2484 750 exSpirare
2508 698 2591 736 me
2613 699 2719 735 una
2752 698 2872 736 cum
2902 683 3552 750 parente,prodeuntiqne

1973 771 2091 840 ejus
2117 773 2310 826 animm
2354 788 2526 825 meam
2577 775 2826 826 comitem
2864 773 3158 840 adju::g~re
3193 789 3206 825 :
3236 774 3419 840 sicque
3459 789 3550 826 or-

1974 865 2157 919 bitatis
2190 866 2324 918 mala
2357 867 2508 935 ,lncri
2567 865 2784 930 facere;
2842 881 2960 932 quae
3009 864 3184 932 qualia
3239 875 3552 932 quantaque

1975 957 2154 1010 futura
2201 972 2408 1021 essent,
2447 959 2491 1012 si
2540 958 2652 1025 jam
2709 971 2818 1010 tum
2874 957 2942 1010 ita
2995 955 3309 1025 pimsentire
3359 972 3556 1022 [H'il'Sil-

1972 1046 2166 1115 giendo
2195 1047 2434 1114 potuisse
2461 1067 2516 1108 ιι,
2553 1047 2626 1098 uti
2671 1057 2854 1114 postea
2891 1047 3220 1114 experiundo
3271 1045 3510 1109 comperi
3536 1085 3550 1107 ,

1975 1137 2133 1206 plane
2166 1139 2405 1192 arbitror
2433 1137 2561 1190 mihi
2600 1147 2726 1190 tunc
2760 1137 2998 1190 futurum
3045 1137 3208 1188 fuisse
3239 1136 3551 1204 optabilius,

1974 1228 2084 1281 alto
2111 1244 2178 1283 ex
2209 1229 2446 1282 culmine
2479 1230 2528 1280 in
2554 1244 2796 1296 prmccps
2827 1229 3010 1282 statim
3047 1229 3340 1296 perituram
3367 1227 3550 1294 dejii-i,

1974 1330 2060 1373 aut
2092 1319 2255 1373 etiam
2286 1322 2448 1373 Vastis
2481 1321 2765 1388 procellosi
2802 1322 2965 1373 maris
3001 1321 3064 1372 ad
3093 1329 3296 1372 certum
3327 1320 3551 1371 exitium

1974 1414 2361 1480 eapurtaudam
2397 1413 2512 1465 dari
2545 1412 2820 1477 ﬂuctibus,
2879 1429 3040 1481 quam
3090 1413 3140 1465 in
3206 1428 3296 1467 eas
3347 1411 3548 1464 servari

1977 1499 2336 1561 calamitates,
2360 1515 2477 1566 qua:
2511 1501 2670 1553 vitam
2710 1501 2902 1555 deinde
2931 1517 3104 1555 meam
3152 1503 3456 1554 universam
3486 1515 3551 1554 ex

1979 1590 2067 1643 illo
2096 1591 2490 1658 punctu’l‘atalis
2508 1609 2616 1644 ora:
2639 1594 2930 1647 crudeliter
2951 1593 3198 1648 infestam
3223 1595 3549 1657 hulmcrunt,

1175 1676 1350 1746 λάθηελ
1366 1696 1444 1733 εν.
1482 1678 1591 1729 Καὶ
1635 1677 1871 1747 τετηρὴ-

1985 1698 2109 1736 vere
2142 1683 2406 1752 siquidem
2442 1686 2817 1754 usurpaverint
2851 1687 2979 1738 illud
3015 1687 3080 1740 de
3124 1687 3385 1753 tragtedia
3419 1703 3433 1739 :

2125 1798 2258 1872 Qum
2288 1802 2486 1872 damna
2525 1819 2677 1854 casus
2699 1845 2712 1865 ,
2752 1819 2968 1872 qumque
2999 1803 3076 1856 vis
3111 1803 3282 1870 major
3319 1804 3446 1856 solet

2126 1869 2440 1923 Mortalilms
2473 1888 2667 1933 creare,
2701 1869 2890 1925 ruuctu
2918 1873 3132 1937 pertuli.

1983 1962 2091 2016 Deo
2124 1978 2317 2034 nempe
2359 1965 2529 2019 visum
2559 1981 2872 2032 magnaruin
2927 1981 3012 2019 me
3057 1964 3423 2019 calamitatum
3481 1965 3560 2014 di-

1983 2057 2285 2110 versorium
2319 2056 2757 2126 volutquoddam
2789 2071 2851 2110 ac
2900 2057 3053 2124 quasi
3099 2056 3433 2126 gymnasium
3479 2054 3560 2108 fa-

1985 2163 2129 2201 cere.
2187 2147 2264 2200 Eu
2317 2148 2604 2202 amisimus
2657 2158 2865 2202 tantum
2919 2150 3020 2202 hoc
3077 2149 3337 2202 luminare
3394 2148 3560 2202 totius

1984 2241 2152 2303 urbis,
2174 2255 2425 2309 magnum
2453 2241 2722 2294 Alexium.
2742 2241 2896 2295 Orbac
2921 2239 3138 2295 familia:
3161 2257 3282 2310 quae
3315 2242 3558 2294 inemhra

1985 2333 2259 2402 colligeret
2287 2334 2623 2404 foveretqne.
2653 2345 2932 2402 supererat
2955 2334 3132 2388 lumen
3157 2334 3284 2387 illud
3303 2333 3559 2396 alterum,

1986 2425 2068 2478 vel
2130 2426 2252 2478 luna
2308 2425 2485 2493 potius
2529 2427 2774 2493 quaedam
2839 2425 2998 2495 pleno
3051 2425 3324 2479 collucens
3406 2424 3560 2486 orbe,

1987 2517 2140 2572 Irenc
2189 2517 2462 2585 Augusta,
2498 2518 2584 2572 illa
2621 2517 2857 2572 Orientis
2907 2517 3324 2585 Occidentisquc
3369 2531 3458 2570 res
3507 2523 3563 2567 et

1987 2625 2117 2663 cura
2146 2611 2470 2674 communis,
2516 2625 2581 2666 ac
2624 2624 2820 2664 nomen
2876 2609 3075 2677 ubique
3124 2608 3558 2664 celeberrimum.

1987 2701 2115 2756 Haec
2149 2718 2362 2771 quoque
2392 2702 2590 2757 occidit
2624 2702 2819 2766 nobis;
2850 2710 2904 2756 et
2937 2701 3146 2756 iteratae
3184 2700 3308 2753 huic
3339 2699 3565 2767 jactura;

1991 2808 2272 2863 superesse
2309 2793 2496 2848 terrete
2532 2808 2595 2848 ac
2638 2792 2924 2862 plusquam
2977 2806 3084 2845 aere
3138 2789 3323 2844 solida:
3377 2803 3568 2856 possu-

1992 2902 2142 2950 mus;
2202 2887 2485 2955 adlmcque
2519 2900 2698 2940 aerem
2753 2886 3044 2951 Spiramus.
3095 2882 3236 2950 Quin
3294 2881 3456 2936 etiam
3495 2878 3563 2932 ad

1993 2977 2126 3030 alias
2160 2976 2444 3046 procellas,
2477 2977 2542 3029 ad
2573 2991 2745 3029 novos
2777 2974 2971 3029 ﬂuctus
3002 2973 3158 3042 longe
3204 2969 3566 3025 vehementis-

1145 3052 1255 3104 τῶν
1274 3056 1572 3124 συμφορῶν
1593 3074 1658 3125 με
1669 3057 1878 3127 μένηκα

1991 3067 2178 3131 simos,
2210 3079 2374 3134 atque
2403 3065 2538 3120 adeo
2585 3067 2650 3118 ad
2707 3066 2900 3133 ipsam,
2952 3062 3216 3116 malorum
3267 3074 3562 3121 summum,

1987 3157 2218 3212 C:csaris
2277 3168 2507 3212 mortem
2565 3155 2836 3226 rigiditate
2885 3153 3167 3223 plusquam
3219 3151 3566 3208 adamantina

1985 3250 2299 3306 duravimus
2330 3268 2343 3304 :
2380 3247 2521 3317 quod
2553 3247 2802 3315 equidem
2840 3246 2932 3315 qui
2982 3245 3095 3299 fieri
3151 3243 3408 3314 potuerit,
3449 3243 3562 3310 ipsa

1986 3345 2037 3398 in
2075 3357 2180 3412 qua
2217 3341 2420 3394 factum
2447 3349 2551 3404 est,
2582 3338 2753 3392 miror
2779 3339 3046 3402 maxime;
3081 3352 3178 3390 nec
3216 3335 3400 3388 mirari
3430 3334 3566 3388 satis

1985 3450 2144 3505 queo.
2169 3433 2472 3500 Quomodo,
2493 3433 2733 3499 inquam,
2765 3445 2860 3495 per
2885 3439 2961 3484 tot
2981 3429 3365 3482 infestissimos
3392 3426 3566 3480 maio-

1988 3543 2104 3578 rum
2139 3526 2436 3593 ingentium
2470 3524 2720 3577 incursus
2746 3523 2970 3576 eluctari
3013 3523 3154 3576 hunc
3200 3521 3252 3573 in
3283 3521 3423 3573 diem
3485 3518 3566 3571 vi-

1987 3617 2159 3670 vendo
2189 3615 2517 3669 suli‘ecerim.
2561 3612 2670 3682 Ego
2701 3629 2823 3682 qua:
2851 3627 2955 3666 nou
2987 3626 3181 3680 expers
3226 3624 3440 3670 sensus,
3464 3622 3566 3661 nec

1987 3707 2051 3759 ad
2088 3705 2290 3759 doloris
2319 3707 2538 3759 aculeos
2568 3703 2732 3758 hebes
2764 3718 2882 3756 esse
2917 3701 3085 3761 soleo,
3143 3711 3201 3754 ut
3233 3701 3312 3754 vel
3356 3699 3407 3751 in
3432 3737 3436 3742 .
3461 3698 3567 3751 illis

1988 3797 2206 3868 probavi
2242 3798 2482 3860 casibus,
2511 3797 2725 3865 quando
2750 3808 2866 3850 arte
2915 3795 3060 3848 onmi
3114 3810 3175 3846 ac
3223 3792 3565 3862 philosophia

1985 3903 2235 3953 excussa,
2271 3889 2520 3955 maloque
2555 3888 2710 3956 plane
2734 3885 3080 3956 praevalente,
3119 3899 3179 3938 ac
3212 3883 3376 3937 frenis
3429 3897 3566 3948 per-

1988 3977 2278 4032 turbationi
2329 3977 2589 4041 remissis,
2622 3976 2672 4028 iu
2732 3975 2980 4030 maeroris
3013 3974 3286 4042 quoddam
3339 3971 3564 4041 pelagus

1987 4079 2120 4123 testu
2159 4067 2393 4122 tristitia:
2423 4068 2644 4136 abrepta
2672 4082 2757 4122 me
2804 4067 2946 4120 ultro
2988 4067 3160 4134 ipsmn
3192 4065 3388 4134 abjeci,
3442 4080 3568 4134 per-

1989 4171 2112 4214 tzcsa
2146 4161 2412 4224 omnium,
2465 4161 2630 4212 vitam
2685 4175 2898 4228 quoque
2947 4160 3118 4225 ipsam
3167 4173 3307 4228 aegre
3364 4157 3566 4224 terens,

1986 4253 2289 4320 animmque
2372 4251 2662 4320 indignans
2724 4250 2839 4320 ipsa
2913 4265 3085 4315 mete,
3143 4252 3286 4318 quod
3364 4249 3563 4303 morari

1988 4343 2164 4396 adhuc
2212 4343 2504 4396 sustineret
2546 4343 2866 4411 incorpore.
2921 4340 3212 4394 Enimvero
3263 4339 3366 4394 nisi
3421 4353 3570 4407 qua:-

946 4437 1056 4488 σίτε
1077 4437 1144 4490 τά
1172 4437 1280 4489 τῶν
1305 4438 1738 4507 δυστυχημάτων
1771 4437 1878 4509 ῥεύ·

1999 4437 2119 4490 dam
2181 4435 2552 4500 adamantina,
2612 4437 2696 4489 vel
2765 4435 2974 4489 fortiori
3032 4435 3211 4486 adhuc
3286 4447 3385 4486 coit
3412 4440 3568 4499 pacta

309 4556 534 4612 materia
580 4565 783 4609 naturae
821 4568 952 4608 mea;
981 4553 1297 4608 constitutio
1348 4555 1507 4622 foret,
1533 4564 1748 4609 mortua
1767 4568 1888 4609 esse

301 4648 416 4716 jam
456 4649 654 4703 millies
677 4646 991 4700 debueram.
1022 4643 1227 4700 Nioben
1263 4656 1318 4699 et
1341 4648 1604 4714 quosdam
1635 4646 1882 4700 audimus

310 4736 472 4806 507
520 4736 655 4789 aiios
706 4749 736 4788 a
793 4733 1249 4802 compositorihus
1311 4734 1616 4790 tabularum
1672 4736 1880 4794 narrari

311 4827 514 4887 solere,
570 4823 940 4892 magnitudine
993 4823 1194 4878 doloris
1242 4832 1475 4878 mutatos
1529 4825 1580 4878 in
1630 4837 1881 4879 naturam

309 4916 575 4982 alteram;
611 4915 662 4970 in
695 4915 835 4968 hanc
861 4925 1060 4980 tamen,
1089 4915 1216 4970 licet
1245 4931 1456 4970 cassam
1492 4931 1678 4980 sensu,
1709 4917 1886 4972 luctus

311 5007 728 5075 perpetuitatem
759 5006 840 5060 sui
880 5007 1280 5072 transmisisse;
1316 5021 1384 5059 ac
1415 5019 1703 5078 postquam
1736 5009 1890 5062 obri-

310 5103 541 5163 guerant
577 5094 699 5146 facti
733 5108 797 5146 ex
837 5092 1145 5146 hominibus
1173 5092 1396 5160 lapides,
1435 5104 1613 5148 tamen
1664 5097 1888 5150 vulnera

314 5185 522 5238 doloris
576 5184 778 5254 primi.
839 5183 1099 5252 lacrymis
1157 5185 1487 5251 perennibus
1541 5189 1892 5243 consuevisse

315 5279 523 5340 testari,
571 5277 682 5346 Ego
733 5285 888 5330 caute
940 5275 1134 5344 quavis
1185 5272 1446 5341 Marpesia
1503 5277 1708 5345 durior,
1772 5289 1892 5349 post

321 5371 562 5440 parentis
591 5370 895 5436 utriusque,
944 5369 1172 5420 duorum
1228 5366 1655 5423 clarissimorum
1709 5375 1888 5428 omnis

317 5463 596 5518 memoria:
650 5460 995 5530 principum,
1055 5458 1491 5514 luctuosissimos
1539 5461 1722 5518 obitus
1779 5465 1884 5519 vita

1995 4551 2256 4606 incolumi
2295 4559 2591 4619 spectatos,
2635 4549 2794 4604 etiam
2825 4549 2891 4602 ad
2933 4548 3142 4602 cladem
3190 4546 3567 4615 perferendam

1989 4655 2114 4710 qua:
2145 4654 2323 4694 meum
2364 4640 2493 4691 mihi
2525 4638 2794 4691 Ctesarem
2825 4637 3045 4704 eripuit,
3083 4636 3367 4703 plusquam
3404 4649 3568 4689 saxea

1989 4730 2239 4800 perstiti:
2273 4743 2374 4783 nec
2403 4729 2545 4797 quod
2591 4729 2756 4782 tantis
2807 4743 2872 4780 ex
2913 4736 3018 4779 tam
3055 4726 3162 4779 alto
3209 4723 3570 4780 incidentibus

1993 4821 2227 4876 molibus
2258 4821 2522 4876 malorum
2565 4821 2744 4874 anima
2789 4821 2991 4890 pariter
3035 4831 3340 4886 corpusque
3391 4831 3568 4870 meum

1996 4929 2220 4982 prorsus
2246 4913 2444 4968 obtrita
2478 4927 2580 4968 non
2611 4914 2739 4978 sint,
2773 4926 2990 4966 causam
3026 4912 3206 4966 dicere
3230 4909 3389 4962 aliam
3430 4923 3571 4977 queo

1994 5019 2193 5077 praeter
2244 5018 2519 5076 stuporem
2577 5004 2948 5062 incredibilem
2999 5013 3052 5058 et
3099 5018 3234 5072 pene
3300 5001 3574 5070 vitupera-

1989 5100 2176 5165 bilcm,
2214 5102 2268 5156 in
2296 5101 2449 5169 cujus
2477 5102 2622 5156 velut
2657 5099 2917 5153 ultionem
2966 5097 3114 5151 coire
3155 5109 3304 5149 nunc
3351 5109 3571 5162 quoque

1986 5208 2092 5247 non
2129 5194 2389 5247 desinunt
2442 5193 2565 5247 novi
2625 5189 2909 5246 conﬂuxus
2970 5186 3344 5243 calamitatum
3396 5185 3571 5238 maxi-

1989 5300 2218 5338 tuarum.
2252 5283 2384 5350 Qua:
2420 5283 2638 5353 quidem
2671 5281 2822 5336 velut
2850 5295 3042 5334 amnes
3071 5277 3460 5332 torrentissimi
3499 5288 3564 5326 ex

1983 5377 2265 5431 altissimis
2296 5377 2566 5431 montibus
2597 5376 2648 5430 in
2687 5389 2860 5429 meam
2890 5375 3112 5428 domum
3141 5380 3200 5424 ut
3248 5369 3300 5422 in
3345 5363 3558 5429 voragi-

1992 5485 2181 5525 nosam
2219 5469 2454 5544 aliquam
2479 5467 2738 5525 corrivati
2765 5467 3070 5531 caritatem,
3104 5477 3221 5518 cam
3252 5458 3466 5526 rapiunt
3485 5451 3564 5506 fe-

1338 5599 1546 5660 Varite
1587 5599 1895 5670 lectiones
1935 5625 2010 5673 ex
2047 5611 2187 5676 cod.
2221 5610 2490 5674 Coisliu.

389 5723 436 5756 τ’
462 5723 906 5794 κορυφαιότατοι.
983 5723 1023 5754 ⁷⁸
1058 5721 1505 5794 δυστχυὲστερον.
1588 5726 1631 5758 ⁷²
1660 5727 1790 5784 τῶν.
