3986 6212
270 269 411 337 1213

271 385 438 440 situm
501 385 771 442 interdum
827 387 1024 456 signet.
1078 387 1135 441 ld
1175 388 1420 444 cernitur
1456 386 1507 440 in
1554 386 1645 441 illo
1681 384 1856 455 Virgi-

273 477 326 533 lii
362 477 441 548 (Il
466 479 678 553 Gecrg.)
707 499 722 537 :

344 597 446 648 Aut
469 611 598 663 quos
633 595 840 650 Oceano
873 597 1084 661 propior
1101 598 1232 663 gerit
1266 595 1421 650 ludia
1453 596 1618 653 lucos.

353 663 592 718 Extremi
618 668 764 718 sinus
801 667 938 718 orbis
968 682 986 719 :
1016 667 1102 718 ubi
1133 685 1254 719 uera
1284 669 1486 721 vincere
1517 681 1775 720 summum

350 735 567 788 Arboris
598 743 690 787 aut
716 735 838 789 ulla?
863 736 1012 802 jartu
1037 746 1244 797 potuere
1272 738 1497 800 angitur.

359 803 422 858 Et
451 822 573 873 gens
593 805 684 857 illa
719 807 929 874 quidem
969 809 1192 874 stunplis
1227 823 1328 859 non
1369 808 1526 860 tarda
1570 804 1854 874 pharetris.

285 919 391 975 Aer
422 937 661 975 summus
692 923 903 975 arboris
954 931 1037 976 est
1084 933 1363 976 extrennts
1413 936 1544 991 apex
1584 934 1856 974 ramorum

285 1027 347 1066 ac
372 1011 636 1065 frondium
671 1013 934 1067 altissime
977 1029 1271 1082 exsurgens
1303 1029 1462 1081 supra
1513 1012 1703 1064 silvam
1738 1011 1862 1064 reli-

289 1119 476 1172 quam.
514 1103 576 1156 Et
609 1104 692 1157 bis
737 1105 1102 1169 coniecturam
1137 1108 1369 1171 capienti
1401 1104 1467 1157 de
1507 1105 1624 1158 loco
1656 1102 1746 1171 qui
1781 1112 1862 1155 est

290 1197 340 1249 in
377 1196 627 1250 manilius
660 1198 828 1249 videri
867 1205 1078 1263 poterat
1128 1213 1220 1252 aer
1278 1196 1478 1250 montis
1515 1211 1636 1250 esse
1677 1208 1866 1259 supre-

290 1301 408 1340 mus
443 1289 560 1350 eius
593 1299 800 1341 vertex.
845 1287 1041 1340 Verum
1082 1287 1359 1340 intercedit
1400 1287 1522 1339 huic
1567 1283 1862 1348 suspicioni

288 1376 584 1429 ἀκολουθία
614 1379 725 1442 ipsa
763 1378 860 1430 luci
888 1386 941 1430 ct
974 1377 1113 1428 ratio
1135 1375 1436 1436 sententia',
1461 1365 1778 1442 qumexigit
1807 1381 1860 1422 ιιι

289 1480 384 1518 aer
419 1463 779 1532 Malagnurum
806 1466 995 1517 sitnon
1023 1466 1320 1519 editissima
1355 1464 1552 1516 n‘ontis
1573 1462 1687 1528 eius
1717 1477 1862 1528 pars,

289 1559 381 1612 sed
412 1559 545 1611 mari
583 1557 753 1610 vicina
811 1558 1067 1620 marime,
1104 1557 1506 1620 imminensque
1538 1561 1860 1620 Opportune,

289 1661 526 1707 τοίη-11111
555 1652 818 1718 quoddam
853 1659 937 1703 ant
972 1659 1130 1720 caput
1170 1646 1525 1714 promunturii
1560 1646 1625 1698 ad
1677 1644 1869 1710 appul-

294 1747 500 1802 s'ronem
559 1743 996 1812 solutionemque
1056 1743 1296 1798 navium.
1354 1739 1544 1794 Statim
1601 1738 1866 1807 siquidem

293 1853 320 1891 ει
349 1838 510 1890 lditur
543 1836 839 1902 Augusunn
879 1834 1039 1888 simul
1081 1835 1243 1888 istum
1283 1849 1452 1885 aerem
1490 1831 1688 1900 attigit,
1723 1828 1867 1898 regia

295 1945 512 1983 monere
540 1930 699 1982 missa
743 1927 1135 1997 imperatricem
1175 1927 1224 1979 in
1269 1941 1392 1977 arce
1415 1923 1687 1978 maritima
1716 1935 1869 1973 com-

295 2031 594 2076 morautem
620 2019 973 2074 accersivisse
1013 2036 1026 2072 :
1077 2018 1135 2071 '0
1169 2015 1419 2087 βασιλεὺς
1481 2015 1598 2083 ἅμα
1652 2013 1730 2082 τῷ
1777 2012 1871 2064 τὸν

299 2113 434 2182 ἀέρα
465 2112 810 2169 καταλαϐεῖν,
837 2112 926 2164 διὰ
955 2110 1048 2163 τοῦ
1071 2107 1352 2180 βασιλικοῦ
1403 2107 1674 2176 μονὴρους
1706 2120 1873 2174 μετα-

297 2210 576 2270 πέσιπεται
617 2205 714 2274 τὴν
767 2203 1108 2272 Λύγούσταν.
1139 2201 1273 2262 11110,
1307 2211 1356 2252 ut
1384 2208 1629 2268 apparet.
1667 2212 1731 2252 eo
1756 2198 1871 2266 ipso

303 2301 483 2352 animo
505 2314 568 2351 ae
598 2313 690 2365 spe
714 2295 1055 2348 conficiendae
1080 2293 1471 2363 deportationis
1507 2293 1667 2360 hujus
1692 2293 1868 2344 locum

302 2394 462 2447 istum
480 2391 741 2447 insederat
765 2392 1056 2459 imperator
1077 2408 1090 2443 :
1110 2397 1166 2443 ut
1188 2387 1271 2440 vel
1291 2386 1413 2439 inde
1434 2386 1563 2439 satis
1584 2383 1874 2438 verisimile

305 2490 374 2541 sit
403 2503 580 2541 aerem
616 2495 861 2538 vocatum
883 2477 1599 2550 promoiutoriiexcurrentis
1634 2476 1687 2528 in
1726 2488 1874 2527 mare

306 2585 461 2644 c-vpnt
491 2577 724 2642 undique
748 2584 1057 2642 portuosum
1092 2581 1146 2625 et
1172 2583 1390 2624 accessu
1437 2566 1615 2621 facile.
1652 2564 1743 2619 Sic
1772 2563 1878 2618 Au-

303 2671 490 2723 sonius
521 2669 572 2721 in
594 2667 830 2730 Mosella,
865 2665 1041 2734 templi
1068 2678 1238 2717 aerem
1271 2670 1421 2714 vocat
1460 2675 1562 2713 non
1593 2657 1875 2729 quodcun-

305 2780 410 2832 que
469 2762 698 2815 medium
755 2760 986 2822 spatium
1044 2757 1185 2810 inter
1221 2766 1491 2808 cameram
1521 2759 1573 2802 ct
1604 2749 1879 2817 pavimen-

306 2864 420 2908 111111
455 2853 563 2906 fani
605 2870 618 2904 :
650 2854 742 2906 sed
767 2849 1015 2917 insignite
1047 2847 1242 2901 nodum
1269 2847 1381 2898 sive
1408 2841 1722 2895 umbilicum
1763 2852 1878 2891 me-

306 2945 408 2997 dia!
478 2941 698 2994 fornicis
759 2937 1130 3008 prnininenter
1188 2945 1487 2990 exstantem
1542 2949 1571 2987 e
1633 2940 1879 2998 magnete

306 3031 480 3097 lapide
513 3028 828 3097 inspeciem
886 3027 1046 3080 Canri
1112 3023 1290 3078 ﬂantis
1343 3022 1685 3078 tonformato
1736 3037 1750 3074 :
1794 3020 1878 3073 cui

305 3122 550 3189 opposita
593 3132 766 3175 statua
796 3120 970 3173 ferrea
1001 3117 1279 3178 Arsinoes,
1333 3113 1516 3167 innata
1576 3112 1626 3164 vi
1689 3111 1881 3178 lapidis

313 3213 564 3268 Herculei
630 3221 801 3266 trama
857 3211 910 3264 in
970 3209 1156 3272 altum,
1210 3221 1470 3276 suspensa
1519 3204 1884 3275 suspendebat

307 3310 518 3361 animos
549 3305 1065 3368 admirationemque
1089 3309 1456 3367 spectatorum
1487 3297 1692 3350 circum
1730 3297 1883 3350 bian-

311 3403 441 3455 tium
475 3419 489 3454 :
521 3398 660 3463 1111011
693 3397 921 3450 solidum
947 3396 1156 3463 signum
1191 3391 1375 3461 gravis
1425 3391 1664 3444 materia:
1698 3391 1886 3444 admo—

318 3504 431 3548 tum
487 3506 683 3546 arcana
728 3489 775 3542 vi
841 3486 988 3540 tholo
1038 3485 1213 3541 medio
1266 3483 1549 3538 testudinis
1604 3482 1885 3535 delubrum

309 3599 544 3652 superne
574 3580 925 3649 contegentis,
954 3578 1022 3630 ibi
1057 3579 1284 3631 haereret
1315 3576 1462 3630 nullo
1501 3573 1689 3636 fulcro,
1720 3573 1878 3627 talem

310 3677 596 3746 obiectans
633 3673 1068 3743 suspectantibus
1100 3669 1338 3736 speciem
1384 3669 1536 3734 qua~i
1577 3669 1692 3721 solo
1739 3667 1889 3723 crine

313 3767 588 3823 inhaerens
618 3763 810 3819 nucleo
836 3778 1064 3817 camerm
1107 3762 1266 3830 justre
1321 3759 1476 3813 molis
1529 3760 1706 3829 puella
1769 3759 1892 3815 inde

314 3861 599 3929 penderet.
637 3857 837 3911 Versus
858 3855 1077 3909 Ausonii
1103 3854 1178 3907 sic.
1212 3854 1411 3908 habent
1450 3869 1464 3906 :

389 3992 645 4044 Conditor
671 3989 754 4042 Itic
786 3989 966 4056 forsan
1008 3987 1163 4054 fuerit
1201 3984 1552 4038 Ptolemaida:
1583 3984 1724 4038 aula:

393 4061 736 4122 [liuor/mres,
768 4063 971 4128 quadra
999 4059 1084 4109 cui
1119 4057 1168 4108 in
1196 4056 1408 4128 [asjqia
1436 4072 1564 4107 cono

387 4129 592 4198 Surgit.
626 4140 670 4180 et
703 4121 810 4196 ipso
833 4145 954 4181 suos
984 4121 1239 4198 consumit
1268 4123 1511 4198 Pyrumis
1547 4121 1781 4198 umbras.

387 4193 579 4255 Jusius
607 4199 666 4250 ob
696 4193 876 4250 incesti
908 4198 996 4265 qui
1023 4197 1284 4264 quondam
1328 4196 1494 4261 {trdus
1521 4193 1715 4265 1111101⁸18

385 4271 642 4324 Arsinoen
681 4270 861 4321 Pharii
891 4264 1154 4330 suspendit
1194 4265 1246 4316 iu
1279 4281 1398 4317 (me
1439 4264 1640 4327 templi.

389 4340 566 4404 Spirat
591 4341 725 4393 enim
753 4339 872 4390 tecti
903 4338 1163 4388 testudine
1187 4333 1355 4388 Corus
1389 4335 1604 4386 Achates
1633 4349 1653 4387 :

389 4407 919 4480 Afﬂatamquetraltit
947 4405 1140 4473 ferrato
1175 4406 1314 4458 crine
1341 4404 1592 4469 puellam.

321 4523 416 4580 Sic
458 4523 512 4577 in
545 4522 686 4592 pileo
716 4522 956 4590 despota:
991 4518 1205 4573 Sciadio
1231 4517 1378 4572 dicto
1407 4534 1422 4571 :
1458 4517 1526 4571 de
1569 4531 1679 4586 quo
1727 4515 1886 4572 Codi-

323 4634 446 4681 nus,
479 4633 599 4684 cap.
631 4616 686 4676 5,
721 4630 866 4667 num.
895 4615 946 4674 1,
977 4628 1097 4682 pag.
1128 4611 1220 4674 45,
1249 4612 1380 4665 edit.
1408 4611 1568 4680 lteg.,
1596 4611 1706 4681 ἀὴρ
1738 4626 1898 4664 voca-

327 4721 413 4765 tur
433 4712 606 4764 nodus
637 4705 832 4776 cinguli
858 4704 1180 4758 clarissimis
1202 4719 1232 4758 e
1255 4703 1480 4770 genunis
1509 4702 1899 4768 pretiosissimo

325 4811 479 4855 testu
519 4814 712 4852 nomen
756 4799 992 4866 tlespotte
1045 4795 1212 4864 ipsius
1259 4795 1576 4863 inscriptum
1622 4803 1899 4849 ostentans

321 4893 660 4947 intuentibus
691 4899 904 4942 contra.
933 4887 1062 4940 Erat
1102 4888 1245 4942 enim
1279 4886 1366 4940 ille
1388 4888 1562 4941 nodus
1594 4884 1901 4956 (Gretserns

325 4996 512 5038 noSIer
564 4998 668 5035 nun
712 4985 850 5035 male
905 4980 1193 5033 umbonem
1255 4979 1436 5043 vertit,
1495 4979 1565 5030 ob
1610 4980 1896 5046 quamdam

321 5074 730 5127 similitudinem
773 5069 1016 5124 umbilici
1049 5067 1423 5139 clypeorum),
1457 5079 1598 5133 erat,
1656 5069 1898 5135 inquam,

322 5165 550 5234 pretiosi
587 5175 796 5218 etauro
826 5162 1026 5216 clavati
1064 5161 1403 5224 diadematis,
1435 5175 1542 5230 quo
1577 5159 1900 5214 redimieba-

325 5266 414 5309 tur
446 5254 618 5320 pilens
647 5253 904 5322 despuite,
951 5253 1104 5320 quasi
1153 5250 1314 5305 tibula
1368 5251 1492 5315 ista,
1533 5260 1588 5306 et
1636 5251 1900 5306 emblema

328 5347 812 5417 fulgentiSsimum,
842 5362 906 5398 ex
934 5345 1207 5412 congestis
1245 5343 1578 5412 margaritis,
1611 5345 1662 5396 in
1691 5353 1896 5411 partem

327 5439 654 5493 anteriorem
688 5438 971 5492 obversum
1007 5447 1168 5505 atque
1197 5438 1331 5490 adeo
1371 5438 1611 5491 emicans
1657 5452 1687 5490 e
1726 5435 1903 5490 fronte

328 5545 560 5586 suninta.
593 5529 706 5583 Non
745 5527 871 5583 facit
906 5529 1010 5583 bnc
1037 5530 1185 5582 notio
1201 5528 1302 5582 alia
1333 5527 1566 5582 nominis
1595 5530 1723 5598 ἀὴρ,
1750 5527 1902 5594 juxta

330 5637 496 5692 quam
528 5622 699 5676 velum
751 5635 856 5690 quo
903 5632 1088 5677 sancta
1143 5621 1460 5690 aperiuntur
1511 5621 1564 5673 in
1611 5620 1767 5674 altari
1808 5634 1904 5674 aer

329 5713 557 5768 dicitur.
604 5714 818 5784 Colligit
864 5712 1168 5770 testiuonia
1228 5711 1510 5769 Meursius.
1567 5709 1667 5768 Cui
1723 5711 1902 5768 addo:

1439 275 1726 336 GLOSSA
1741 276 1814 335 ΠΙ
1831 277 1880 336 U
1893 277 1943 336 Μ
1988 275 2356 343 ΛΝΝ.“ΕΠΜ.

3400 275 3538 354 1214

1961 389 2132 442 videri
2169 390 2457 444 indicatam
2511 390 2614 445 hoc
2649 390 2815 447 verbo
2854 389 2937 444 vel
2978 386 3330 444 Subtilitatctn
3367 387 3542 439 tennis

1953 495 2018 532 ac
2059 481 2279 548 pretiosi
2310 483 2471 550 panni
2506 498 2614 550 quo
2665 484 2780 536 vela
2819 482 2947 537 talia
3007 480 3370 542 constabant;
3433 492 3541 543 quo

1958 585 2106 624 more
2141 572 2403 639 ingeniosi
2457 574 2755 642 Scriptores
2803 573 2936 625 telas
2987 570 3373 626 subtilissimas
3411 583 3543 619 vcn-

1959 667 2042 714 tos
2075 661 2305 717 textiles.
2341 671 2434 715 aut
2466 662 2688 717 nebulas
2721 663 3060 716 coltmrentcs
3084 675 3278 712 vocare
3316 658 3484 709 solent
3526 675 3537 708 :

1961 754 2042 803 vel
2077 754 2375 806 adhibitum
2410 755 2531 817 bnc,
2579 769 2768 808 nomen
2793 753 2920 824 ἀὴρ,
2947 764 3213 818 quatenus
3250 751 3534 816 Caligint‘m

1961 853 2013 897 et
2077 846 2328 897 tenebras
2373 857 2550 909 sonat,
2583 847 2645 898 ad
2675 844 3062 911 designandum
3118 841 3533 894 olmmbrationc

1965 935 2068 988 ista
2102 937 2442 1005 contegentis
2485 938 2587 989 veli
2630 945 2908 1004 angustam
2935 935 3079 988 velut
3123 933 3413 1002 quamdam
3451 947 3542 982 ca-

1965 1025 2184 1094 liginem
2249 1029 2450 1082 offundi
2529 1029 2838 1097 mysteriis,
2905 1037 2957 1077 et
3025 1041 3211 1078 sat-vas
3297 1022 3547 1076 tenrbras

1965 1119 2162 1188 quibus
2191 1121 2256 1173 ad
2290 1122 2692 1174 venerationem
2727 1119 2884 1187 vulgo
2912 1119 3382 1172 commendentnr.

2036 1212 2419 1280 Ἀμφίρυκος.
2473 1211 2588 1266 Lib.
2625 1228 2741 1273 vm.
2775 1221 2830 1264 ct
2861 1209 2952 1263 lib.
3005 1225 3094 1262 xw
3141 1227 3155 1262 :
3205 1208 3385 1262 G-‘nns
3433 1206 3550 1260 sine

1966 1306 2132 1358 dubio
2182 1305 2356 1358 navis.
2420 1303 2603 1358 Videri
2675 1315 2854 1372 posset
2921 1304 3297 1370 cerrigewtnm
3361 1302 3546 1367 (ip-pq-

1969 1399 2123 1470 ρεκὸς
2159 1397 2481 1464 utnbiremis,
2519 1413 2627 1464 quo
2679 1397 2839 1449 tetbn
2880 1393 3223 1462 Thucydides
3263 1402 3342 1444 est
3377 1408 3502 1440 usus
3533 1407 3546 1442 :

1969 1493 2070 1545 nisi
2106 1493 2236 1544 satis
2267 1501 2525 1558 expertus
2561 1490 2634 1542 ttti
2668 1491 2873 1542 Annam
2909 1487 3223 1554 Stl'pittSttnle
3271 1485 3420 1535 novis
3451 1499 3545 1535 vn-

1968 1583 2198 1646 cabulis,
2263 1582 2664 1649 temperandam
2703 1590 2978 1649 putassem
3027 1577 3267 1631 criticum
3307 1592 3549 1628 manum.

1969 1673 2108 1740 Quin
2139 1674 2299 1726 etiam
2329 1687 2432 1724 non
2462 1685 2850 1739 nSqueqnaque
2875 1667 3191 1737 ἀμφηρικὸς
3218 1666 3550 1733 Τ11111Ὑ-11ι115

1971 1766 2036 1817 ad
2073 1763 2235 1832 bujus
2259 1764 2362 1817 loci
2392 1763 2714 1816 sententiam
2764 1761 2911 1815 facit.
2956 1761 3050 1813 llic
3092 1760 3233 1811 t'nitn
3269 1776 3353 1811 res
3387 1758 3554 1823 exigit

1972 1858 2074 1912 ltoc
2127 1857 2290 1909 verbo
2357 1854 2581 1925 intelligi
2617 1869 2808 1906 navent
2873 1863 3115 1921 apct‘tnttt
3172 1852 3428 1915 undique.
3488 1851 3552 1901 ad

1970 1949 2390 2017 speculationem
2412 1948 2637 2002 liberam
2660 1947 2900 2014 riparum
2923 1944 3117 2005 amnis,
3139 1942 3325 2009 quales
3344 1942 3554 2010 ἀςιιρεῤ-

1972 2045 2156 2112 ῥῶγας
2192 2041 2389 2095 Suidas
2421 2038 2719 2107 appellatas
2745 2038 2900 2090 docet
2932 2052 2945 2087 :
2981 2035 3134 2102 Qttasi
3184 2033 3335 2085 dicas
3370 2032 3558 2086 fractis

1973 2134 2210 2201 mutique
2237 2132 2485 2186 obicibus
2512 2128 2820 2184 vectoribus
2847 2129 3050 2180 circum
3085 2125 3260 2177 oninia
3290 2124 3546 2177 cernendi

1976 2240 2170 2296 puram
2231 2223 2547 2277 facultatem
2603 2221 2814 2274 dantes.
2872 2216 3300 2287 Speculatorias,
3342 2214 3384 2268 si
3420 2215 3559 2267 bene

1974 2316 2214 2380 memini,
2248 2315 2383 2368 dixit
2417 2314 2620 2377 Livius,
2655 2313 2749 2365 lib.
2784 2328 2820 2365 ιι
2852 2309 3078 2364 Decadis
3127 2308 3336 2377 primae.
3390 2305 3561 2362 Gra'ci

1975 2417 2177 2472 autem,
2247 2415 2305 2458 ut
2363 2405 2686 2458 Plutarchus
2746 2403 2797 2455 in
2865 2401 3121 2460 (ῖς-1111111.
3184 2396 3565 2451 κατασκοπικὰ

1975 2503 2137 2556 πλοῖα.
2163 2519 2176 2553 :
2205 2517 2362 2567 quam
2389 2514 2570 2552 vocem
2596 2496 2887 2550 Latinitate
2907 2495 3160 2548 donatam
3185 2493 3250 2546 ab
3271 2493 3439 2544 llirtiu
3467 2491 3566 2543 lia-

1976 2596 2190 2655 bemus,
2220 2593 2314 2645 lib.
2354 2607 2403 2657 v,
2436 2591 2548 2644 imo
2576 2599 2630 2643 et
2665 2605 2691 2641 a
2725 2587 2904 2646 Tullio
2932 2587 3025 2640 lib.
3063 2602 3093 2638 v
3115 2583 3472 2652 Epistolarum
3499 2581 3564 2634 ad

1973 2687 2234 2742 Atticum.
2253 2683 2520 2738 Caeterum
2552 2684 2596 2737 si
2623 2682 2742 2750 quis
2767 2696 2864 2749 pro
2885 2680 3061 2748 priore
3079 2676 3397 2730 atnbiremis
3412 2675 3565 2742 ἀμφ-

1975 2778 2171 2850 ηρικοῦ
2204 2779 2420 2832 notione
2455 2775 2793 2830 ambitiosius
2821 2770 3139 2833 contendat,
3176 2769 3316 2822 baud
3351 2765 3567 2819 difﬁcile

1983 2871 2370 2934 concesserim,
2392 2879 2676 2937 utramque
2710 2868 2794 2922 hic
2825 2864 3274 2934 significatiooem
3314 2860 3364 2912 in
3399 2874 3564 2913 unam

1982 2966 2246 3020 inclusam
2280 2978 2490 3021 vocem.
2529 2970 2584 3012 ut
2627 2960 2932 3028 ἀμφίρυκοι
2991 2955 3116 3023 νῆες
3170 2963 3223 3005 ct
3272 2961 3471 3018 apertae
3512 2955 3567 3004 et

1981 3056 2192 3110 duobus
2223 3055 2477 3121 utrinque
2529 3051 2690 3104 remis
2717 3049 2930 3117 agitata:
2963 3062 3129 3100 naves
3161 3047 3296 3098 sint.

2054 3145 2429 3213 Ἀνθρῶπως.
2470 3140 2738 3195 Peculiari
2772 3139 3071 3204 etjnridica
3100 3137 3308 3190 ratione
3341 3147 3568 3200 usurpa-

1985 3250 2074 3294 1111·
2118 3242 2182 3292 ab
2214 3239 2366 3291 Anna
2402 3236 2503 3288 hoc
2546 3248 2742 3286 nomen
2796 3230 2933 3284 libro
2974 3227 3274 3297 prmscrtint
3313 3240 3432 3288 χιιι,
3467 3241 3568 3276 sa:-

1988 3335 2109 3403 pius
2140 3333 2204 3382 ad
2236 3327 2656 3394 significandum
2691 3321 3013 3391 ὐποχείριον
3053 3320 3242 3372 δοῦλον
3275 3315 3537 3382 subiectio

1985 3439 2108 3480 nem
2137 3421 2436 3490 professum
2491 3417 2652 3472 alicui
2684 3415 2910 3482 principi
2961 3417 3172 3467 rati0ne
3221 3411 3364 3465 feudi
3399 3412 3466 3463 ab
3499 3423 3564 3463 eo

1990 3515 2216 3581 accepti.
2250 3511 2382 3564 Vide
2407 3511 2632 3562 verbum
2662 3507 2856 3570 λίζιοε,
2884 3506 3108 3558 inferius
3134 3519 3232 3558 suo
3259 3504 3400 3555 loco.

2065 3605 2438 3671 Ἀντιληψις.
2467 3601 2520 3653 111
2555 3601 2919 3652 instrumento
2959 3595 3108 3664 pacis
3151 3593 3412 3649 confectae
3450 3590 3571 3644 Bai-

1993 3698 2251 3753 11111111111111
2285 3697 2426 3749 inter
2447 3703 2499 3747 et
2531 3691 2776 3746 Alexiurn
2811 3691 3111 3755 Augustum
3159 3687 3254 3740 lib.
3289 3700 3384 3738 xm
3417 3693 3573 3738 sonat

1994 3790 2275 3844 liberalem
2335 3786 2561 3856 gratiam
2604 3792 2656 3836 et
2686 3782 3096 3837 ceucessioncm
3155 3779 3468 3832 clementem
3509 3792 3572 3831 ac

1994 3881 2317 3936 beneficam.

2062 3965 2364 4032 Ἀπόκρεω
2388 3975 2438 4017 et
2462 3961 2795 4026 Ἀποσπίῑς.
2826 3960 2960 4015 Cum
2987 3958 3118 4011 niltil
3144 3957 3445 4012 addendum
3480 3957 3577 4012 ba-

1995 4060 2151 4114 beam
2206 4060 2270 4111 ad
2310 4072 2374 4111 ea
2414 4071 2534 4125 qua
2586 4055 2684 4106 viri
2742 4051 3042 4106 dottissind
3091 4051 3156 4103 de
3193 4049 3274 4102 bis
3305 4047 3577 4103 voeabulis

1995 4149 2345 4211 adnotarunt,
2382 4162 2545 4202 causa
2590 4145 2677 4199 bic
2715 4141 2956 4196 morandi
2994 4156 3096 4195 non
3129 4154 3234 4196 est.

2077 4239 2506 4304 Ἀποστολεύς.
2549 4237 2647 4303 Qui
2678 4236 2842 4290 classi
2875 4245 3087 4302 priet-st.
3138 4233 3272 4288 Vide
3316 4231 3576 4298 Snldatn;

1996 4331 2404 4400 usurpatnrlib.
2440 4345 2540 4384 xnt
2587 4329 2640 4383 in
2678 4329 3067 4383 Pacificatione
3095 4324 3402 4379 Bainmndi.

2078 4422 2476 4491 Ἀριστήριον.
2507 4421 2625 4477 Lib.
2657 4436 2768 4487 xw,
2801 4435 2924 4488 pag.
2953 4418 3082 4473 4171.
3119 4419 3181 4471 Ἡ
3211 4416 3267 4471 δὲ
3293 4415 3581 4484 Δῦγούστα

1999 4515 2305 4587 περιχαρὴς
2327 4518 2587 4582 γεγονυῖα
2613 4515 2833 4581 ἐδέξατο
2859 4512 3048 4565 τοῦτον
3071 4511 3176 4576 ἔξω
3209 4511 3310 4577 τῆς
3335 4509 3432 4561 τοῦ
3463 4525 3577 4560 κοι-

1997 4608 2170 4669 τῶνος
2229 4606 2438 4674 θύρας,
2488 4608 2818 4675 ἁριστήριον
2865 4604 3025 4658 τοῦτο
3079 4603 3246 4655 πάλαι
3303 4600 3575 4670 ὀνομαζό-

2003 4715 2184 4769 μενον.
2215 4697 2492 4764 Snspicari
2533 4698 2657 4751 licet
2686 4709 2750 4752 ex
2795 4697 3073 4750 notatione
3105 4692 3352 4748 vocabuli
3407 4689 3579 4744 fuisse

2001 4793 2140 4846 hanc
2166 4788 2413 4859 Gyntecei
2466 4788 2694 4857 palatini
2725 4787 3020 4843 exhedram
3047 4787 3098 4838 in
3128 4799 3231 4852 qua
3278 4781 3608 4856 imperati-ig,

1997 4899 2087 4938 ces
2119 4883 2296 4935 cibum
2322 4897 2539 4937 Stnnere
2575 4888 2998 4936 consueverant.
3053 4877 3119 4932 Ut
3149 4876 3220 4931 sit
3267 4876 3585 4946 ἀριστήριον

2007 4972 2118 5026 ἀπὸ
2159 4972 2254 5025 τοῦ
2289 4975 2535 5042 ἀριστεῖν
2573 4977 2854 5041 prandere.
2887 4971 3038 5037 Quod
3075 4972 3118 5022 si
3153 4968 3224 5022 ita
3255 4977 3362 5030 est,
3394 4981 3582 5034 parum

2001 5065 2302 5121 verisimile
2337 5065 2500 5119 fuerit
2521 5067 2661 5120 idem
2690 5079 2812 5120 esse
2875 5065 3203 5132 ἀριστήριον
3225 5075 3347 5113 cum
3370 5060 3586 5128 ’Δρεως

2005 5159 2140 5227 οἴκῳ
2169 5157 2326 5226 Cujus
2351 5156 2595 5210 meminit
2620 5153 2936 5223 Procopium,
2967 5153 3095 5206 Iib.t
3127 5151 3471 5204 Persicorum
3496 5146 3583 5200 ubi

2001 5250 2069 5302 de
2095 5249 2344 5303 incendio
2377 5247 2525 5302 urbis
2555 5257 2604 5300 et
2643 5245 2825 5314 palatii
2859 5262 2872 5298 :
2913 5244 3020 5296 Kal.
3045 5244 3168 5311 τῆς,
3189 5244 3287 5306 ait,
3315 5238 3579 5312 βασιλέως

1999 5341 2171 5410 αὐλῆς
2183 5342 2251 5394 τὰ
2273 5342 2337 5392 ἐκ
2352 5340 2459 5394 τῶν
2483 5339 2834 5410 προπυλαίων
2854 5337 2982 5409 ἄχρι
3005 5339 3064 5401 ἐς
3086 5336 3176 5388 τὸν
3203 5335 3412 5404 'pr;
3431 5328 3577 5398 λετό·

2007 5450 2168 5503 μενον
2200 5429 2372 5497 οἷκον,
2411 5432 2684 5486 καυθέντα
2717 5431 2960 5501 ἐφθάρη.

2087 5522 2588 5594 Ἀρχοντοπῶλοι.
2641 5523 2762 5577 Filii
2806 5533 3183 5577 veteranorum
3241 5513 3471 5568 militum
3526 5512 3577 5563 in

2009 5633 2175 5672 unum
2210 5633 2402 5688 agmen
2435 5618 2516 5671 sic
2544 5619 2746 5670 dictum
2798 5614 3115 5683 conscripti,
3175 5609 3269 5663 lib.
3313 5622 3410 5665 vn.
3454 5619 3572 5674 pag-

2004 5709 2134 5766 204.
2183 5707 2492 5779 ’Δρχόντων
2536 5723 2732 5765 nomen
2761 5706 2844 5765 vel
2898 5704 3160 5760 militares
3205 5706 3576 5768 magtstratus.
