3986 6212
555 286 696 350 1215

553 412 613 456 ιιι
671 397 1031 459 centuriatus,
1084 393 1407 455 tribunatus,
1439 399 1491 444 et
1542 390 1748 446 similes
1783 391 1983 445 imlicat
2019 408 2032 445 :
2070 405 2128 446 ut

558 495 608 548 bi
641 492 840 547 fuerint
862 489 951 543 lilii
979 504 1083 542 non
1114 485 1484 556 gregariorum
1517 484 1608 538 sed
1634 493 1787 554 gesto
1817 485 2135 550 magistratu

559 584 909 653 probatorum
950 577 1177 630 militum
1215 593 1228 628 :
1270 574 1348 628 vel
1395 575 1579 627 eadem
1629 573 1848 626 notione
1905 573 2140 624 snniitur

557 693 659 741 qua
699 672 1006 742 principum
1053 683 1154 719 vox
1187 667 1240 720 in
1276 666 1465 718 tnililia
1512 664 1779 717 Romana.
1821 662 1920 718 Ubi
1980 662 2138 716 Priu-

561 769 732 834 cipes.
773 763 1006 824 liastati,
1035 760 1256 823 Triarii,
1289 759 1500 828 species
1527 769 1652 810 sunt
1706 774 1736 808 ιι
1761 755 1933 807 ilitum
1972 755 2136 807 etiam

558 857 932 928 prazfecturain
973 855 1258 906 militarem
1293 867 1399 904 non
1437 851 1762 919 gerentiuvn.
1800 846 1991 899 Πώλου
2025 856 2136 900 ler-

564 949 794 1002 minatio
831 944 1233 1016 ὑποκοριστικὴ
1257 943 1574 996 diminutiva
1607 952 1687 993 est
1718 938 1919 993 Graecis
1950 953 2138 991 recen-

564 1040 730 1093 tibus.
765 1040 942 1104 Quod,
970 1037 1094 1106 quia
1135 1036 1232 1088 viri
1271 1035 1414 1088 docti
1453 1034 1664 1088 abunde
1699 1032 1952 1095 docuere,
1986 1031 2141 1084 novis

559 1133 1001 1195 auctoritatibus,
1039 1129 1181 1198 quiod
1209 1135 1327 1181 erat
1358 1125 1533 1186 facile,
1570 1125 1810 1193 putidum
1841 1136 1893 1177 et
1949 1139 2142 1192 super-

567 1240 865 1279 vacaneum
905 1222 1066 1275 fuerit
1105 1222 1389 1273 adstruere
1421 1217 1631 1272 conari.
1667 1215 1897 1269 Tantum
1924 1215 2140 1277 addam,

560 1317 702 1385 quod
754 1315 818 1367 ad
892 1313 1189 1382 Ἀγούρων
1237 1325 1450 1378 quoque
1510 1309 1761 1376 superius
1813 1307 2139 1375 explicatam

567 1425 753 1463 vocem
790 1419 842 1462 et
872 1409 1152 1462 cohortetu
1194 1404 1382 1458 referri
1421 1410 1616 1470 potest,
1652 1401 1732 1452 vel
1767 1399 1922 1468 plane
1944 1400 2008 1451 ad
2041 1399 2142 1453 hoc

566 1517 737 1566 genus
774 1499 1100 1569 pertinuisse
1132 1497 1406 1548 cohortem
1443 1504 1812 1547 trecentorum
1861 1491 2139 1552 eximiam,

568 1593 663 1646 lib.
709 1607 830 1650 xm,
869 1589 970 1644 sub
1006 1587 1215 1640 initium
1247 1585 1612 1649 descriptam;
1654 1584 1730 1636 vel
1765 1592 1911 1636 certe
1949 1582 2144 1636 similis

567 1681 800 1737 ins'itnti
837 1695 898 1733 ac
931 1681 1145 1749 generis
1196 1677 1383 1730 fuisse.
1423 1675 1598 1729 Verba
1656 1675 1755 1728 loci
1806 1674 2011 1728 laudati
2063 1674 2144 1730 sic

566 1774 807 1828 habent:
845 1773 957 1840 Τὴν
1007 1771 1205 1839 νέηλυν
1266 1769 1528 1838 στρατιὰν
1579 1768 1642 1819 ὲκ
1683 1767 1782 1836 τῆς
1839 1767 2141 1831 συντάξεως

567 1865 748 1932 πάσης
827 1860 1234 1930 ἀπολεξάμενος
1298 1875 1308 1886 ·
1369 1858 1463 1912 καὶ
1539 1857 1634 1920 οὓς
1711 1858 1913 1924 μᾶλλον
1981 1857 2144 1918 αὐτὸς

566 1955 904 2024 ἀνεθρέψατο
950 1954 1045 2006 καὶ
1094 1953 1161 2006 τὰ
1211 1951 1575 2022 στρατιωτικᾶ
1631 1949 2016 2014 ἐξεπαίδευσεν
2063 1947 2141 2015 (hi

568 2047 850 2102 inunifeSIe
913 2048 978 2098 ad
1035 2047 1264 2098 classem
1327 2043 1436 2095 τῶν
1503 2041 1781 2114 Ἀγούρων
1815 2042 2138 2110 pertinent),

566 2137 847 2206 ἀρχηγοὺς
876 2135 1301 2208 στρατευμάτων
1327 2135 1682 2205 κατέστησεν.
1712 2130 1898 2187 Ἦσαν
1922 2134 1966 2187 δ’
1997 2127 2145 2187 οὗτοι

571 2229 886 2297 ξύμπαντες
908 2229 1238 2297 τριακόσιοι,
1302 2230 1508 2292 πάντες
1541 2229 1676 2291 νέοι,
1727 2229 1820 2282 καὶ
1859 2229 2143 2298 εὐμήκεις,

572 2318 914 2386 σφριγῶντες
959 2317 1021 2370 τὸ
1048 2319 1228 2388 σῶμα,
1252 2320 1348 2372 καὶ
1368 2319 1592 2380 ἕκαστος
1617 2319 1824 2373 τούτων
1859 2321 2146 2390 ἁρτὶχνους

567 2409 630 2460 τὸ
665 2409 895 2476 γένειον,
928 2418 1036 2463 etc.
1093 2408 1258 2462 Paulo
1309 2408 1533 2462 inferius
1583 2409 1683 2462 sub
1733 2409 1971 2462 medium
2024 2409 2143 2463 libri

570 2497 813 2566 ejusdem
870 2513 988 2564 χιιι,
1046 2507 1380 2552 memoratur
1423 2498 1596 2551 ca‘des
1653 2498 1809 2551 (Zarat
1865 2498 2144 2566 cujusdam

570 2590 660 2659 qui
691 2605 754 2643 ex
785 2589 1012 2644 cohorte
1041 2589 1149 2644 τῶν
1193 2588 1472 2660 ’Ᾱγοῦρων
1532 2588 1950 2659 ἠνδρειωμένων
1981 2588 2148 2642 fuisse

571 2681 808 2734 videtur.
845 2681 938 2736 Sic
967 2683 1112 2735 enim
1142 2684 1294 2736 Anna
1327 2701 1340 2736 :
1377 2683 1644 2736 Πίπτουσι
1700 2680 2006 2752 τηνικαῦτα
2038 2681 2148 2733 τῶν

578 2771 872 2842 Ῥωμαίων
895 2774 1102 2829 πολλοί.
1139 2775 1246 2831 Καὶ
1277 2775 1442 2838 αὐτὸς
1473 2776 1501 2827 ὁ
1533 2776 1724 2846 Καρᾶς
1754 2775 2010 2843 νηπιόοεν
2035 2775 2148 2837 τοῖς

571 2862 819 2931 γνησίοις
851 2863 1002 2932 παρὰ
1031 2862 1128 2918 τοῦ
1155 2864 1556 2935 αὐτοκράτορος
1631 2863 2002 2935 προσληφθεὶς
2053 2863 2150 2916 καὶ

569 2952 916 3021 καταλεγείς.

640 3045 1191 3114 Δὺτοκρατόρισσα.
1226 3048 1566 3117 lmpcralrix,
1599 3049 1691 3103 lib.
1730 3064 1836 3105 XIV.

1311 3183 1371 3236 Β.

641 3296 1037 3362 Βεστιαρίται.
1055 3296 1175 3351 Lib.
1199 3313 1272 3358 tv,
1298 3313 1418 3367 pag.
1451 3298 1570 3362 I09,
1591 3300 1700 3352 τῶν
1727 3299 1783 3354 δὲ
1800 3301 2150 3372 οἱκειοτέρων

570 3388 664 3453 οὓς
696 3388 1035 3458 βεστιαρέτας
1066 3391 1100 3460 ὴ
1132 3389 1392 3460 συνήθεια
1420 3391 1596 3446 καλεῖ.
1621 3391 1822 3448 Omnes
1856 3396 1953 3448 hos
1983 3395 2152 3450 fuisse

571 3481 823 3536 custodes
856 3481 1214 3548 iiuperialium
1247 3483 1475 3536 vestium
1508 3485 1608 3553 (sic
1667 3487 1811 3539 enim
1868 3487 1969 3541 viri
2007 3473 2148 3543 docti

578 3569 942 3639 βεστιαριτῶν
974 3587 1167 3624 nomen
1197 3574 1492 3641 exponunt)
1536 3575 1791 3643 equidem
1840 3577 1927 3630 vix
1963 3577 2146 3632 credo.

574 3663 854 3727 Quomodo
885 3662 1028 3716 enim
1061 3663 1146 3718 isti
1177 3675 1269 3716 aut
1305 3673 1380 3718 tot
1412 3664 1638 3720 fuissent
1668 3677 1724 3721 ut
1757 3683 1821 3721 ex
1854 3669 1924 3722 iis
1961 3683 2151 3723 nume-

574 3771 697 3810 rosa
731 3758 929 3812 cohors
966 3769 1330 3827 pugnaturum
1369 3761 1487 3814 acie
1512 3761 1762 3816 Alexium
1791 3766 2150 3831 sequeretur?

572 3857 666 3901 aut
695 3848 792 3902 soli
817 3863 879 3902 ex
925 3850 1120 3904 aulicis
1147 3865 1210 3904 ac
1239 3850 1555 3906 domesticis
1585 3856 1837 3910 oumilms
1867 3857 1934 3908 ad
1982 3858 2143 3911 dimi-

575 3939 807 3992 candum
862 3939 1312 3994 asciscerentur?
1343 3939 1571 3996 Videtur
1614 3945 1795 4010 potius
1845 3960 1908 3998 ex
1967 3946 2148 4001 verbis

579 4031 747 4083 Anna:
789 4029 1134 4100 βεστιαριτας
1165 4032 1342 4087 dictus
1386 4035 1750 4088 communiter
1787 4037 1991 4106 vulgari
2042 4038 2149 4091 lin-

577 4137 678 4188 gua
715 4122 882 4176 fuisse
924 4137 1116 4178 omnes
1147 4124 1473 4179 domesticos
1519 4126 1713 4180 domus
1757 4128 2014 4198 Augusta:
2054 4131 2146 4199 qui

575 4212 734 4264 statis
759 4211 811 4264 in
841 4213 1041 4280 palatio
1073 4213 1445 4270 minisuaules
1475 4215 1662 4270 oﬂiciis
1710 4219 1930 4274 familia:
1972 4222 2147 4289 impe-

576 4300 788 4353 rator-ite
842 4301 1269 4368 imputabantur.
1326 4303 1492 4358 Certo
1550 4304 1784 4360 fortasse
1829 4308 2009 4363 colore
2055 4319 2148 4363 aut

577 4392 736 4444 modo
769 4391 995 4446 vestium
1029 4391 1111 4462 (ut
1163 4392 1323 4448 hodie
1377 4395 1493 4450 fieri
1548 4398 1852 4468 consuevit)
1906 4399 1974 4453 ab
2023 4399 2148 4455 aliis

577 4480 844 4544 distincti,
879 4481 1110 4550 indeque
1141 4483 1562 4552 appellationem
1594 4487 1761 4542 nacti.

644 4599 922 4653 Βλαττία.
961 4599 1173 4655 Reeitat
1215 4605 1390 4665 Anna,
1425 4602 1516 4656 lib.
1544 4617 1626 4668 Ill,
1667 4619 1790 4674 pag.
1843 4605 1911 4660 95
1953 4613 2005 4659 et
2054 4605 2144 4671 94,

573 4692 855 4759 rpistolam
906 4691 1082 4746 Al‘exii
1115 4693 1339 4763 Augusti
1368 4692 1434 4747 ad
1468 4691 1761 4750 Henricum
1813 4712 1990 4766 regem
2019 4697 2140 4752 Ale-

575 4783 828 4849 inannim,
856 4799 960 4853 qua
996 4785 1134 4838 inter
1168 4785 1267 4838 alla
1300 4785 1593 4856 imperator
1645 4794 1874 4842 testatur
1916 4804 1976 4843 se
2026 4790 2143 4860 regi

571 4886 636 4925 ex
671 4883 827 4941 pacto
873 4875 1085 4930 misisse
1137 4887 1352 4930 centum
1401 4879 1759 4948 quadraginta
1818 4880 1919 4934 tria
1977 4883 2142 4937 millia

572 4977 913 5018 nummorum
943 4976 998 5021 et
1031 4978 1243 5022 centum
1281 4968 1495 5033 Blattia,
1516 4968 1711 5024 ἑκατὸν
1735 4972 1980 5039 macria.
2007 4973 2143 5039 Quid

573 5053 683 5104 lnec
717 5051 910 5108 lilattia
943 5057 1054 5111 sint
1087 5058 1340 5125 equidem
1377 5059 1663 5128 disquisivi
1703 5064 1790 5116 diu
1833 5081 1845 5118 :
1898 5079 2003 5133 quo
2046 5080 2141 5134 po-

573 5141 841 5197 tissimum
885 5147 1069 5202 omnia
1128 5147 1433 5218 indagantis
1492 5151 1732 5219 suspicio
1781 5154 2004 5216 sederit,
2059 5155 2146 5207 hic

572 5248 870 5304 proponam
897 5236 1130 5294 obnoxie
1183 5255 1248 5294 ac
1293 5242 1498 5297 timide.
1557 5243 1824 5298 Existimo
1871 5246 2142 5300 volmniua

572 5325 744 5382 fuisse
773 5325 937 5395 panni
987 5326 1274 5384 holoserici
1318 5334 1529 5386 ostrino
1582 5335 1762 5389 colore
1808 5337 1981 5401 tincti,
2029 5349 2144 5392 rem

570 5422 741 5487 pisces
792 5418 857 5472 de
903 5418 1112 5474 eelours
1145 5437 1210 5474 ou
1249 5425 1386 5477 satin
1442 5441 1599 5495 rouge
1646 5431 1926 5499 cramoisg,
1981 5431 2051 5484 ita
2087 5441 2145 5483 ut

571 5514 814 5566 materias
835 5511 997 5566 simul
1029 5519 1084 5566 et
1113 5512 1311 5568 coloris
1339 5530 1506 5582 genus
1533 5519 1680 5573 vocis
1711 5521 1870 5575 unius
1897 5521 2142 5590 emphasi

569 5602 862 5673 iungantur
891 5602 1230 5658 institutione
1265 5605 1518 5671 peculiari
1566 5608 1874 5664 Grzecorum
1929 5616 2146 5683 sequio-

577 5706 650 5745 ris
680 5693 801 5748 ani.
837 5692 1074 5750 Primum
1115 5695 1358 5750 omnium
1411 5695 1642 5752 Blattam
1680 5702 1780 5755 dici
1820 5719 2136 5775 purpuram,

1718 277 2210 338 GLOSSARIUM
2253 275 2626 336 ANNEUM.

3581 283 3680 350 lilii

2241 401 2474 452 osmuu,
2508 388 2792 450 muricem,
2828 403 2888 442 ac
2921 403 3136 441 coccum
3167 387 3319 457 (unus
3358 391 3480 444 enim
3519 401 3690 465 populari

2242 495 2341 533 usu
2371 479 2522 532 color
2553 479 2754 532 rubens
2787 478 3093 547 splendens,
3125 489 3199 532 tot
3224 479 3336 533 istis
3362 481 3483 535 inter
3504 500 3548 536 se
3571 489 3690 543 diter.

2240 573 2313 627 sis
2342 575 2592 642 signatur
2617 571 2970 638 noniinibus},
3009 571 3252 635 blattam,
3275 572 3490 639 inquam,
3507 574 3586 630 dici
3610 596 3692 645 In".

2241 678 2469 733 pureum
2518 677 2899 731 quemcunque
2968 660 3168 725 lucum,
3222 662 3499 718 doctissime
3541 668 3692 721 demon-

2241 767 2376 812 strat
2407 758 2650 810 Andreas
2683 757 3002 818 liesendius.
3033 757 3126 810 lib.
3161 773 3176 810 ι
3227 757 3570 826 Atiliquitatum
3598 761 3696 815 Liui-

2244 849 2568 912 tanicarum,
2604 858 2715 902 tum
2761 849 2884 902 aliis
2920 861 3158 902 veterum
3191 848 3485 903 testimoniis
3513 852 3698 918 adductis,

2247 949 2356 992 tum
2394 939 2478 992 his
2510 939 2719 996 Sidonii
2751 941 3018 1004 versibus,
3046 940 3138 994 lib.
3177 956 3228 992 ιι
3265 940 3420 1008 Epist.
3451 942 3506 993 ad
3549 943 3702 996 Tonan-

2244 1029 2374 1082 tium
2403 1042 2419 1083 :

2600 1121 2910 1192 Rntilasque
2949 1124 3081 1192 [erle
3115 1123 3300 1176 blattas

2605 1191 2929 1262 Reroquente
2952 1191 3098 1261 quas
3141 1194 3304 1246 aheno

2596 1262 2837 1315 Meliboea
2865 1262 3010 1326 fucat
3048 1263 3190 1315 unda

2601 1332 2874 1393 Opulentel
2906 1344 2958 1384 ul
2993 1349 3200 1386 meraco

2591 1401 2842 1455 Bibulum
2881 1403 3056 1455 colore
3083 1403 3266 1467 vellus,
3296 1412 3396 1456 etC.

2242 1494 2386 1550 Idem
2457 1497 2785 1550 auctoritate
2846 1495 3103 1562 Ὑμνίδι-ἰ,
3167 1495 3469 1564 Capitolini,
3522 1495 3710 1561 Eulropii,

2245 1587 2394 1640 Pauli
2430 1589 2674 1644 Diaconi.
2709 1587 2922 1650 lsidori,
2959 1585 3211 1640 Yenautii
3253 1586 3588 1649 Fortunati,t-t
3619 1588 3706 1640 alio.

2244 1693 2361 1730 rum
2396 1679 2588 1731 astruit
2621 1677 2911 1732 Gretserus
2938 1689 3145 1739 liOSlel‘,
3172 1677 3264 1731 lib.
3305 1694 3340 1732 ιι
3362 1678 3712 1732 Observationum

2245 1771 2298 1825 in
2336 1769 2626 1832 Codinum,
2661 1769 2906 1832 solidius,
2943 1770 2998 1822 ni
3033 1769 3211 1832 fallor,
3242 1785 3394 1838 quam
3436 1779 3485 1822 ut
3511 1769 3614 1822 satis
3638 1769 3714 1824 iue-

2247 1864 2320 1916 rit
2350 1862 2621 1918 eruditum
2674 1863 2995 1930 Scriptorem
3052 1861 3305 1916 Notarnm
3347 1864 3644 1930 posteriorum
3682 1863 3713 1913 in

2241 1953 2573 2016 Ccdrcuum,
2631 1955 2804 2008 tribus
2858 1963 3046 2008 contra
3103 1955 3284 2007 verbis
3332 1953 3587 2020 exc'mcre:
3629 1952 3714 2006 nihil

2241 2060 2362 2099 esse
2418 2046 2520 2097 nisi
2554 2062 2720 2115 nugas
2752 2058 2798 2098 et
2836 2046 3035 2097 nullius
3081 2044 3324 2097 momenti
3367 2052 3607 2095 conmrenta
3639 2057 3716 2109 qua

2243 2139 2384 2190 circa
2414 2139 2660 2190 btatteuut
2688 2137 2934 2203 colorem,
2958 2139 3012 2188 id
3041 2147 3116 2190 est
3145 2152 3340 2188 roseum
3372 2135 3438 2187 vel
3457 2149 3713 2203 purpuratis,

2241 2239 2291 2282 et
2325 2228 2560 2283 Crtccum
2597 2229 2866 2298 βλαττέον,
2909 2245 2975 2283 ea:
3012 2229 3278 2282 nominum
3327 2228 3550 2280 allusion:
3583 2231 3717 2280 relate

2248 2322 2499 2390 Delphica
2580 2323 2816 2390 tripode,
2873 2323 3120 2375 enuntiat
3174 2321 3386 2389 sparsim
3429 2317 3643 2374 Cretmus
3683 2319 3716 2370 iu

2247 2415 2533 2470 Codinum.
2566 2415 2623 2469 lu
2666 2430 2773 2484 quo
2810 2422 3073 2485 pra-terea
3110 2412 3272 2482 (quod
3303 2427 3422 2482 pace
3445 2412 3529 2464 viri
3553 2411 3656 2462 docti
3681 2418 3715 2460 et

2245 2507 2482 2574 religiosi
2519 2508 2720 2559 dictum
2759 2507 2940 2568 velim)
2993 2505 3384 2560 humanitatem
3409 2503 3508 2572 ejus
3529 2503 3718 2554 adversus

2246 2597 2525 2652 hominem
2555 2597 2621 2651 de
2660 2596 2920 2666 rel'gione
2952 2611 3013 2649 ac
3048 2595 3245 2651 litteris
3279 2595 3404 2648 bene
3435 2593 3634 2646 meritum
3661 2605 3718 2641 re-

2244 2690 2426 2758 quiro.
2463 2688 2657 2744 Alierri
2691 2689 2824 2743 solet
2850 2687 3166 2743 Cassiodori
3203 2699 3405 2756 quoque
3450 2681 3713 2736 manifestus

2247 2782 2298 2836 in
2330 2785 2575 2836 eamdem
2629 2783 2952 2838 sententiam
3003 2783 3386 2838 teStimonium.
3421 2778 3507 2834 Sed
3545 2793 3609 2830 res
3647 2774 3718 2827 mi-

2249 2874 2397 2929 nimc
2429 2874 2588 2927 dubia
2654 2873 2981 2927 testimoniis
3013 2889 3127 2927 non
3183 2882 3319 2942 eget.
3365 2869 3529 2930 Blatta,
3573 2863 3720 2918 ternis

2245 2981 2414 3036 genus
2450 2967 2647 3020 triticei
2683 2982 2744 3020 ac
2782 2964 3080 3033 ferruginei
3111 2963 3324 3029 coloris,
3357 2967 3609 3027 usurpatum
3635 2954 3715 3019 iani

2244 3059 2373 3113 olim
2405 3059 2607 3114 scimus
2638 3074 2735 3128 pro
2756 3074 2938 3112 verme
2971 3059 3188 3112 minuto
3212 3055 3397 3112 coloris
3419 3048 3718 3108 tnicanlissime

2247 3152 2503 3215 flammei,
2559 3167 2621 3205 ac
2680 3151 2796 3204 viva
2860 3151 3130 3205 rnbedine
3173 3149 3335 3205 saturi
3379 3147 3459 3215 qui
3502 3143 3635 3198 or'tur
3673 3153 3718 3193 et

2251 3244 2436 3314 granis
2484 3242 2696 3296 fruticis
2748 3241 3017 3295 Arabibus
3056 3239 3277 3294 Hermes
3310 3238 3423 3291 dicti
3453 3249 3538 3290 εει
3563 3247 3643 3298 quo
3665 3238 3718 3281 es!

2253 3349 2448 3386 nomen
2480 3332 2714 3388 celebris
2749 3331 2891 3401 apud
2929 3330 3179 3384 ofﬁcinas
3229 3326 3438 3382 antidoti
3485 3316 3722 3392 (confech

2250 3441 2373 3478 nem
2410 3423 2714 3486 Albermes,
2756 3425 2974 3491 vocant)
3007 3423 3156 3490 quod
3192 3423 3244 3474 in
3273 3436 3331 3472 ea
3358 3420 3509 3472 locum
3542 3412 3602 3465 vel
3626 3423 3722 3479 prfe-

2247 3518 2461 3585 cipuutu
2499 3517 2678 3570 bacca:
2732 3514 2889 3582 hujus
2942 3514 3158 3568 fruticis
3191 3515 3447 3566 habeant:
3478 3519 3606 3576 cupis
3629 3503 3718 3555 item

2245 3621 2310 3660 ex
2348 3607 2565 3659 nomine
2599 3605 2873 3676 vulgatum
2906 3603 3038 3658 illud
3082 3603 3285 3657 nostris
3316 3611 3493 3653 satum
3534 3601 3722 3664 purpur!

2247 3697 2568 3750 vocabulum
2605 3707 2790 3749 natum
2823 3709 2926 3763 qua
2957 3710 3120 3763 range
3149 3692 3382 3746 rramoisi
3407 3685 3536 3758 quasi
3560 3684 3718 3736 rubrum

2249 3789 2632 3842 Kcrntesinum
2669 3787 2772 3841 dici
2805 3787 2962 3839 solet.
2992 3785 3134 3841 Ilinc
3187 3786 3304 3852 quia
3347 3799 3402 3836 ex
3445 3779 3596 3850 granis
3618 3777 3722 3826 biSre

2247 3881 2404 3935 fucus
2440 3895 2746 3948 purpureus
2777 3893 2882 3946 quo
2918 3887 3099 3931 vestes
3132 3876 3433 3930 inﬁciuntur
3474 3865 3722 3937 exprilnillﬂ’

2244 3989 2482 4044 purpura
2517 3973 2630 4041 ipsa
2660 3988 2824 4040 grana
2855 3970 3138 4027 Lusitanis
3171 3971 3362 4026 dicilttr
3391 3986 3403 4022 :
3436 3968 3530 4019 imo
3555 3958 3722 4015 etGrae-

2245 4066 2323 4118 cis
2354 4064 2572 4125 κόκκος,
2619 4064 2759 4130 quod
2794 4063 3135 4132 gencricum,
3174 4077 3274 4116 nou
3309 4060 3611 4125 ininusquam
3638 4061 3725 4097 τοτ’

2245 4155 2367 4219 mis,
2404 4167 2596 4206 nomen
2636 4164 2742 4218 est,
2778 4155 2844 4207 ad
2874 4154 3012 4208 hanc
3044 4164 3225 4206 tamen
3250 4150 3465 4220 speciem
3496 4161 3578 4200 usu
3603 4138 3716 4194 addi-

2243 4245 2557 4300 ctumJam
2607 4246 2729 4313 quia
2784 4261 2951 4314 grana
3004 4246 3122 4300 btec
3175 4244 3429 4300 industria
3471 4237 3722 4292 iniecturum

2244 4346 2395 4392 certo
2427 4337 2587 4391 modo
2613 4347 2664 4390 et
2692 4337 2866 4407 spatio
2905 4337 3166 4406 temporis
3201 4335 3251 4390 in
3301 4333 3431 4388 arcis
3456 4338 3662 4396 expansa
3689 4327 3726 4368 cl

2253 4428 2480 4482 subinde
2532 4442 2701 4497 vappa
2760 4427 2843 4483 vel
2897 4427 3131 4482 cervisia
3187 4428 3370 4493 rigata,
3429 4429 3666 4476 vertuntur
3687 4411 3722 4459 in

2243 4520 2569 4574 vermiculos
2607 4519 2942 4589 pellucentes
2971 4535 3168 4575 cruore
3198 4513 3536 4575 ﬂorentissimi
3559 4505 3722 4564 coloris.

2242 4625 2350 4679 quo
2379 4620 2558 4665 vestes
2596 4610 2815 4664 imbuta!
2844 4611 3216 4666 amantissime
3263 4611 3514 4665 furantur,
3557 4593 3723 4655 ῑυνηῐιιῖι

2243 4713 2302 4754 ιιι
2371 4715 2652 4771 purpura,
2721 4701 2923 4755 vermis
2975 4716 3038 4756 ac
3098 4700 3414 4756 verruiculus
3469 4691 3724 4764 appelletur,

2243 4793 2432 4848 Graece
2463 4791 2680 4862 σκώληξ
2710 4800 2804 4845 aut
2834 4792 3162 4862 σκωλήκιον.
3195 4789 3333 4844 unde
3359 4793 3557 4857 putatur
3579 4783 3622 4834 in
3643 4773 3726 4827 vui-

2243 4900 2399 4957 gares
2453 4885 2663 4953 linguas
2727 4899 3010 4939 emanasse
3083 4885 3330 4938 scarlaca!
3381 4891 3582 4935 nomen,
3627 4864 3724 4924 Gi'm

2242 4975 2502 5030 escarlate
2537 4975 2744 5030 dicunt.
2781 4974 2882 5040 Qui
2911 4976 3072 5028 etiam
3093 4990 3186 5044 pro
3215 4970 3498 5026 ruberrin-o
3518 4965 3713 5022 fuemt'ef

2241 5068 2422 5119 millon
2447 5065 2820 5125 vermiculum,
2839 5066 3038 5134 passim
3060 5072 3332 5132 usurpant.
3359 5059 3522 5127 Neque
3541 5055 3584 5108 id
3602 5045 3720 5111 (ωιιίι

2239 5159 2367 5230 χθὲς
2391 5160 2482 5212 καὶ
2522 5158 2736 5227 πρώην,
2785 5174 2906 5211 cum
2935 5158 3174 5212 omnium
3212 5151 3557 5221 antiquissima
3589 5144 3721 5208 lingua

2240 5258 2426 5303 sancta
2468 5249 2603 5302 locis
2629 5264 2760 5302 sane
2796 5249 3041 5316 plurimis
3073 5248 3230 5302 etiam
3263 5242 3412 5313 primi
3447 5249 3495 5294 et
3524 5230 3724 5290 vetustis-

2239 5340 2362 5394 simi
2405 5340 2690 5408 seriptoris
2744 5338 2927 5404 Mosis,
2963 5355 3144 5394 vocem
3189 5328 3351 5401 ηὸτι.
3398 5347 3503 5403 qum
3540 5334 3720 5408 “1""9'9

2237 5439 2418 5494 sonat,
2461 5445 2558 5498 pro
2595 5446 2828 5499 purpura
2867 5441 3110 5501 usurpet,
3158 5431 3230 5481 uti
3268 5427 3437 5479 videre
3478 5429 3549 5473 est
3593 5407 3719 5501 Exod.

2237 5539 2365 5586 xxv,
2391 5523 2460 5586 αις
2500 5536 2660 5585 xxxv,
2708 5522 2810 5588 '55;
2852 5538 3041 5584 xxxix,
3073 5525 3138 5587 5;
3175 5517 3386 5574 Levitici
3433 5527 3528 5600 ιιξ.
3565 5499 3718 5600 δεξξδ·

2239 5612 2374 5666 Tum
2427 5623 2681 5682 prtclet'ea
2747 5612 2846 5666 Joh
2897 5629 3022 5676 xxv,
3080 5615 3142 5676 ϐξ
3192 5611 3289 5666 lsa.
3341 5589 3718 5668 1,18ξίἰνι¹¹ἶ

2240 5721 2348 5772 sit,
2387 5705 2486 5770 ll;
2537 5705 2736 5759 Tbrcn.
2768 5720 2836 5772 Iv,
2876 5705 2942 5770 Si;
2979 5704 3126 5762 lunae
3173 5721 3243 5760 vv.
3276 5705 3330 5769 7;
3380 5696 3558 5751 Nabuut
3600 5702 3644 5750 tl.
3670 5683 3710 5748 δυ
