3986 6212
264 331 393 396 1217

259 457 309 500 et
345 444 496 499 alibi.
527 443 632 498 Sed
663 445 918 499 omittere
950 457 1055 498 non
1085 457 1304 512 possum
1356 441 1536 497 locum
1571 443 1834 498 eximium

260 553 324 590 ex
389 534 531 588 Psal.
583 549 695 599 χιι,
747 535 802 597 7,
851 535 944 588 ubi
999 534 1152 604 juxta
1211 531 1494 599 Vulgatam
1544 541 1836 586 nostram:

260 624 377 697 Ego
410 626 592 680 vermis
624 634 670 678 et
719 641 820 678 non
849 625 1024 690 homo,
1081 625 1418 693 opprobrium
1473 625 1746 676 hominum
1788 634 1838 676 et

261 717 484 785 abjeciio
533 715 716 781 plebis.
767 715 1032 784 Loquitur
1076 729 1142 769 eo
1199 715 1406 782 psalmo
1455 714 1726 780 Christus,
1786 723 1841 768 et

263 812 578 881 proplietice
602 811 937 877 praenuntiat
969 808 1364 862 minutissimas
1383 812 1627 876 quasque
1656 818 1841 878 partes

262 918 324 954 ac.
356 901 650 970 peristases
688 899 955 968 passionis
992 915 1124 963 sum,
1168 915 1306 969 quas
1336 903 1385 953 in
1417 903 1734 956 narratione
1761 903 1839 956 rei

264 1002 429 1062 gestit:
489 1000 695 1045 attenta
775 991 1181 1060 comparatione
1235 1005 1627 1059 recognoscere
1672 991 1841 1044 multo

264 1092 348 1136 i'sl
402 1080 880 1150 jucunilissiinum.
937 1081 1010 1135 lis
1063 1095 1228 1150 porro
1280 1095 1401 1150 quae
1446 1079 1840 1149 descripsimus

262 1171 443 1223 verbis
499 1169 847 1237 singulariter
912 1169 1225 1240 designatur
1298 1170 1427 1222 illud
1491 1169 1836 1238 0ppl‘0bl‘itlm

265 1263 405 1332 quod
441 1262 694 1316 Christus
724 1264 1109 1326 gravissimum
1160 1261 1405 1331 pertulit,
1439 1262 1658 1330 quando
1699 1277 1838 1314 con-

265 1357 468 1410 sriSSuS
497 1353 700 1424 flagris,
734 1365 788 1407 et
828 1364 1186 1423 praeterquam
1223 1362 1335 1408 toto
1366 1367 1596 1422 corpore
1628 1368 1838 1406 cruen-

268 1452 430 1511 tatus,
467 1447 630 1498 etiam
659 1444 950 1499 coronatus
980 1447 1169 1514 spinis,
1205 1445 1505 1513 productus
1531 1445 1596 1498 ad
1620 1443 1838 1498 Judazos

266 1554 292 1590 a
329 1535 501 1590 Pilato
548 1545 666 1600 est;
716 1537 789 1590 ita
861 1536 1218 1602 deformatus,
1269 1547 1326 1590 ut
1373 1539 1460 1591 vix
1494 1552 1592 1608 pro
1619 1538 1840 1593 homine

266 1630 486 1699 agnosci
520 1638 723 1698 posset,
757 1629 886 1692 nisi,
918 1638 977 1682 ut
1010 1630 1278 1698 pictorum
1309 1631 1522 1683 rudium
1555 1644 1672 1684 aevo
1703 1630 1837 1683 sim-

268 1722 388 1790 plici
440 1732 669 1774 conatus
727 1719 1026 1790 imperfecti
1090 1720 1423 1787 iuvabantur
1484 1721 1839 1790 inscriptione
1889 1761 1892 1764 λ

268 1815 472 1880 additu,
507 1830 626 1883 qua:
663 1819 886 1868 doceret
919 1829 1039 1868 csse
1068 1813 1341 1867 hominem
1385 1815 1435 1868 id
1469 1813 1614 1883 quod
1654 1813 1728 1867 illi
1764 1814 1842 1866 si-

271 1906 480 1958 mulare
525 1905 848 1972 cogitat-ant,
901 1905 971 1956 ita
1011 1903 1218 1957 Pilatus
1271 1905 1435 1956 verbo
1468 1904 1841 1958 admonuisset

266 2012 387 2052 esse
437 1995 585 2049 'rlliim
617 1995 892 2048 hominem
925 2012 938 2048 :
972 1993 1143 2046 Ezririt
1169 1991 1325 2046 Iesus
1352 2002 1570 2060 portans
1603 1994 1837 2062 spineam

267 2105 519 2141 coronam
572 2097 617 2140 et
660 2103 985 2156 purpureum
1041 2086 1397 2138 vestimentum
1435 2101 1453 2142 :
1485 2095 1528 2138 et
1577 2085 1712 2138 dixit
1764 2085 1838 2138 eis

266 2178 485 2246 (Judaeis
514 2178 738 2247 Pilatus)
763 2196 775 2232 :
801 2182 935 2231 Ecce
960 2175 1130 2230 Iloino
1173 2174 1353 2245 (Joan.
1375 2192 1488 2240 χιι,
1515 2177 1593 2245 5).
1622 2178 1692 2230 At
1726 2177 1839 2231 haec

266 2271 369 2325 loci
410 2272 655 2326 alterius.
701 2272 847 2324 Satis
891 2269 964 2323 sit
1005 2270 1133 2322 hinc
1183 2269 1380 2337 legisse
1409 2269 1586 2322 obiter
1622 2268 1674 2322 iu
1724 2282 1838 2337 rem

269 2371 611 2430 praesentem,
644 2360 751 2414 illic
786 2361 839 2414 iii
873 2359 1074 2413 vermis
1123 2360 1340 2414 nomine
1381 2358 1550 2412 alludi
1586 2369 1743 2414 acute
1776 2373 1839 2412 ac

271 2467 492 2521 prorsus
516 2453 788 2522 eleganter
816 2451 882 2504 ad
922 2465 1248 2520 purpureum
1301 2453 1682 2505 vestimentum
1729 2465 1839 2520 quo

273 2554 401 2599 tunc
426 2554 645 2614 Opertus
669 2545 732 2597 ad
761 2542 1050 2605 ludibrium
1077 2541 1326 2597 Christus
1350 2541 1469 2597 fuit.
1516 2542 1836 2612 Quanquam

271 2635 324 2687 in
359 2632 584 2688 chrwo
612 2619 768 2698 nybn
797 2635 900 2688 alia
934 2635 1098 2688 etiam
1132 2634 1361 2703 insignis
1400 2635 1598 2689 allusio
1643 2645 1725 2689 est
1773 2636 1837 2690 ad

272 2726 680 2780 crucdiiiouei'n
735 2726 1107 2779 imminentem
1139 2741 1204 2779 ex
1260 2727 1638 2794 paronomasia
1692 2728 1841 2782 vocis

267 2801 380 2874 ἤδη
411 2832 530 2884 qua:
560 2824 718 2870 sonat
745 2816 812 2869 de
852 2817 999 2883 ligno
1034 2818 1366 2886 suspendere
1391 2832 1456 2872 ac
1499 2818 1838 2887 crucifigere.

271 2905 547 2960 llactemis
605 2906 868 2960 habemus
922 2910 1174 2975 purpurei
1233 2907 1427 2962 coloris
1484 2911 1754 2963 notionem
1786 2911 1840 2964 in

271 2999 473 3064 blatta;
509 2999 636 3052 itiilii
670 3013 798 3052 vero
855 2999 906 3050 id
969 3015 1071 3052 non
1125 2999 1340 3063 sullicit,
1395 3001 1485 3068 qui
1535 3003 1837 3055 existimem

273 3092 440 3145 etiam
492 3107 660 3161 genus
704 3091 864 3146 seriei
919 3099 1100 3144 textus
1130 3106 1194 3144 ac
1229 3091 1562 3162 bombycina:
1601 3096 1840 3146 materia:

271 3185 453 3239 Blattii
487 3186 652 3237 verbo
701 3183 972 3252 designari
1012 3198 1026 3235 :
1066 3183 1138 3236 ita
1184 3193 1241 3236 ut
1285 3182 1473 3236 Blattia
1511 3201 1618 3238 non
1663 3186 1840 3253 quivis

274 3277 435 3347 panni
467 3277 745 3345 purpurei,
780 3275 872 3328 scd
904 3275 1065 3328 serici
1110 3275 1243 3329 sint.
1297 3275 1561 3341 Primum,
1609 3277 1839 3331 observo

272 3382 412 3435 smpe
443 3371 543 3422 ista
573 3367 824 3435 conjungi
861 3369 1131 3420 mentione
1157 3370 1297 3435 apud
1323 3369 1636 3435 scriptores.
1664 3367 1842 3424 Ailius

275 3457 618 3528 Lampridius
649 3460 698 3510 in
722 3457 1065 3526 lleliogabalo
1089 3475 1102 3509 :
1131 3454 1412 3510 Piirat'erut
1433 3459 1581 3525 funes
1601 3460 1762 3511 blatta
1787 3469 1833 3512 et

273 3552 441 3602 serico
458 3560 501 3602 et
520 3565 668 3600 cocco
685 3551 920 3611 intortos,
953 3547 1158 3616 quibus,
1185 3548 1229 3600 si
1252 3565 1450 3602 necesse
1469 3558 1624 3606 esset.
1657 3551 1843 3619 laqueo

274 3643 434 3696 vitam
457 3642 651 3710 ﬁniret.
674 3641 878 3706 Quibus
907 3641 955 3692 in
985 3639 1161 3692 verbis
1187 3641 1376 3694 merito
1397 3651 1604 3709 quierat
1622 3642 1841 3710 aliquis:

275 3750 394 3801 quae
431 3732 654 3786 materia
693 3733 855 3784 blatta
889 3733 1017 3785 sita
1052 3733 1228 3784 serico
1253 3744 1305 3783 et
1351 3746 1512 3785 cocco
1551 3732 1846 3787 distincta?

276 3843 341 3878 ac
371 3828 598 3878 fortasse
631 3840 735 3877 non
773 3824 911 3877 male
939 3828 1247 3892 suspicetur
1276 3824 1426 3892 prius
1457 3833 1511 3876 et
1549 3827 1846 3892 exitositive

276 3918 678 3986 accipiendum,
713 3917 812 3969 hoc
858 3931 1020 3970 sensu
1060 3933 1074 3968 :
1130 3913 1416 3968 Paraverut
1459 3915 1606 3984 funes
1652 3917 1845 3979 blatta,

275 4015 375 4064 hoc
405 4022 500 4074 est,
548 4011 714 4063 serico
760 4016 807 4061 et
855 4025 1026 4074 cocco,
1078 4011 1180 4061 sive
1231 4009 1336 4077 ﬁlis
1392 4009 1570 4062 sericis
1620 4009 1847 4061 coccinei

276 4105 472 4159 solaris
509 4106 753 4168 intortos,
788 4115 895 4155 etc.
926 4100 1140 4154 Flavius
1162 4102 1426 4169 -\'opiscus
1455 4102 1844 4154 inAnreliano:

275 4205 408 4251 (.um
444 4199 506 4248 ab
543 4212 600 4250 eo
637 4211 767 4248 uxor
803 4211 899 4247 sua
930 4205 1120 4262 peteret
1149 4204 1206 4245 ut
1248 4194 1399 4246 unico
1446 4194 1605 4255 pallio
1654 4192 1847 4246 Μαιδεο

274 4296 442 4344 serico
487 4299 746 4351 uteretur,
790 4289 882 4341 ille
923 4287 1186 4354 respondit
1223 4301 1240 4340 :
1272 4285 1432 4340 Absit
1483 4295 1542 4340 ut
1585 4302 1716 4340 auro
1761 4285 1846 4338 fila

277 4391 600 4449 pensenlur;
646 4381 776 4432 libra
824 4381 960 4430 enim
1013 4380 1130 4429 auri
1183 4389 1306 4431 tunc
1333 4377 1465 4430 libra
1515 4379 1672 4431 serici
1717 4378 1843 4446 fuit.

277 4477 406 4530 Πειξο
439 4473 528 4526 ille
558 4475 609 4525 in
639 4471 836 4540 quibus
877 4470 1050 4523 notari
1085 4470 1242 4536 cupio
1277 4488 1289 4523 :
1327 4486 1448 4523 cum
1479 4469 1678 4524 dicitur
1706 4472 1840 4523 libra

277 4565 467 4626 serici,
535 4579 638 4616 non
701 4562 936 4616 sericum
993 4577 1374 4628 quemcunque
1433 4576 1693 4628 pannum,
1753 4563 1846 4615 sed

277 4660 443 4714 simul
480 4656 762 4717 blattcuin,
797 4656 896 4707 hoc
930 4661 1012 4707 est
1039 4668 1365 4722 purpureum
1400 4653 1622 4720 intelligi
1655 4669 1670 4705 :
1705 4655 1776 4706 uti
1797 4665 1850 4707 et

275 4769 402 4808 cum
454 4751 539 4803 fila
601 4751 848 4801 dicuntur
911 4763 1042 4799 auro
1089 4746 1327 4813 pensari,
1381 4746 1464 4797 fila
1527 4747 1847 4814 bombycina

277 4859 445 4896 cocco
478 4843 642 4893 tincta
685 4839 967 4906 cogitanda
1000 4850 1146 4898 sunt,
1180 4837 1314 4889 adeo
1348 4837 1461 4890 haec
1493 4852 1592 4889 usti
1633 4845 1685 4889 et
1717 4851 1845 4904 pre-

281 4948 358 4990 tio
404 4934 694 4998 coitjuncta
749 4934 895 4984 vices
945 4931 1044 4983 sibi
1106 4930 1334 4982 ἱιινιωιιι
1381 4929 1445 4980 ad
1485 4937 1722 4981 mutuam
1777 4928 1855 4982 si-

281 5027 687 5096 guilicatiouem
765 5027 1042 5089 praestant.
1111 5017 1297 5084 ltaque
1371 5028 1426 5067 et
1494 5015 1654 5083 paulo
1725 5025 1850 5070 ante

279 5133 406 5168 ium
491 5113 630 5167 dixit
699 5108 965 5178 Vopiscus
1035 5106 1175 5158 idem
1233 5118 1248 5156 :
1321 5101 1526 5155 Vestem
1595 5102 1851 5155 lioloseri-

280 5225 399 5263 cain
465 5221 626 5276 neque
686 5205 794 5272 ipse
871 5202 924 5252 in
992 5196 1237 5251 vestiario
1301 5211 1397 5248 suo
1465 5195 1702 5259 habuit;
1762 5211 1851 5247 ne-

279 5312 380 5368 que
458 5295 611 5347 alteri
692 5287 939 5343 utendam
1027 5285 1204 5346 dedit,
1276 5297 1384 5334 non
1466 5297 1852 5350 quamcunque

282 5391 466 5451 forte,
542 5384 635 5438 sed
717 5393 1040 5450 purpuream
1127 5375 1494 5444 significavit,
1568 5384 1626 5427 ut
1701 5384 1852 5428 tanto

197 5496 200 5499 '
280 5478 642 5534 cohaerentius
675 5482 931 5541 sequatur
994 5468 1139 5537 quod
1180 5468 1361 5523 Statim
1430 5465 1597 5521 infert
1637 5468 1704 5522 tle
1760 5483 1854 5522 ne-

279 5583 407 5643 gato
473 5570 627 5623 uxori
675 5566 834 5634 pallio
891 5563 1130 5625 blatteo,
1207 5575 1272 5614 ex
1345 5559 1648 5614 holoserico
1717 5576 1850 5631 pur-

281 5679 448 5733 pureo
475 5660 745 5713 videlicet.
784 5653 890 5709 Sed
938 5665 1224 5722 pergamus
1251 5650 1499 5715 exempla
1558 5650 1688 5703 dare
1719 5666 1852 5706 con-

275 5765 479 5829 juncta:
530 5749 824 5808 meutionis
853 5745 1048 5802 coloris
1080 5756 1134 5798 ct
1160 5743 1310 5798 texti.
1343 5743 1396 5798 lu
1424 5741 1625 5800 Codice
1679 5741 1852 5801 Theo-

1420 327 1912 392 GLOSSARIUM
1955 325 2314 391 ANNzEUM.

3379 331 3516 398 1213

1947 443 2061 496 (los.
2100 443 2203 512 leg.
2238 443 2317 506 l8,
2353 444 2435 496 t-it.
2473 442 2538 496 ile
2583 441 2914 511 Mitt-ilegulis
2944 444 3032 513 qui
3072 453 3152 499 est
3182 442 3253 497 20
3283 442 3405 496 libri
3432 460 3462 497 κ
3496 454 3514 498 ε

1947 534 2213 600 Quoniam
2274 545 2535 588 trecentas
2565 551 2692 603 pene
2728 537 2893 588 libras
2925 537 3108 589 blatta:
3157 540 3336 590 serica:
3371 535 3510 588 clan-

1945 626 2156 680 destina
2181 625 2472 694 fucatione,
2498 636 2605 680 etc.
2651 625 2706 679 in
2743 625 2940 680 Codice
2973 626 3266 680 Justiniaui
3309 627 3518 680 serico-

1949 717 2117 770 blatta
2151 732 2258 771 uno
2291 716 2553 770 vocabulo
2596 715 2810 784 legitur.
2842 717 2910 771 Et
2963 717 3090 772 alibi
3139 732 3278 784 szepe
3321 718 3516 771 similia

1949 807 2130 860 videre
2160 814 2276 869 est;
2336 822 2459 859 nam
2519 806 2604 858 hic
2649 807 2758 873 jam
2793 822 2944 874 :cqno
3007 807 3277 876 longiores
3309 821 3518 860 sumus.

1948 895 2086 950 llinc
2112 897 2312 950 factum
2349 905 2406 950 tit
2436 896 2547 950 sola
2578 897 2848 950 mentione
2877 897 3076 951 coloris
3107 899 3385 967 purpurei,
3418 913 3514 949 usu

1950 989 2120 1044 tacito
2185 991 2376 1043 sericze
2412 991 2655 1044 materiae
2691 992 2901 1056 species
2932 991 3285 1045 indicaretur.
3326 989 3522 1043 Narrat

1947 1095 2074 1134 ecce
2099 1082 2162 1134 de
2196 1078 2410 1134 Nerone
2459 1079 2754 1134 Suetonius
2792 1098 2805 1133 :
2843 1083 3018 1135 Aurea
3054 1098 3169 1134 eum
3219 1082 3317 1134 reti
3343 1083 3520 1149 pisca-

1947 1180 2058 1223 tum
2131 1180 2176 1224 et
2231 1169 2449 1238 funibus
2519 1187 2756 1240 purpura
2786 1188 3038 1241 coccoque
3065 1173 3235 1225 nexis.
3279 1171 3410 1236 Quis
3438 1171 3520 1224 hic

1945 1264 2090 1318 aliud
2123 1262 2376 1331 intelligit
2403 1278 2566 1330 quam
2618 1262 2777 1316 funes
2832 1263 3025 1317 Sericis
3072 1263 3176 1317 lilis
3233 1267 3521 1331 purpureis

1949 1353 2220 1410 intortos?
2271 1356 2416 1419 Quos
2483 1356 2726 1408 eamdem
2789 1369 2901 1409 rem
2953 1370 3261 1409 memorans
3299 1357 3521 1409 blatteos

1946 1447 2194 1517 apprime
2231 1446 2281 1498 in
2339 1459 2451 1499 rem
2483 1455 2720 1500 nostrain
2757 1445 2892 1499 dixit
2922 1423 3232 1514 Eutropius,
3265 1448 3356 1500 uni
3403 1447 3519 1501 voci

1947 1539 2400 1610 significationem
2429 1540 2593 1593 serici
2636 1548 2820 1592 textus
2851 1549 2905 1592 et
2939 1539 3178 1594 coccinei
3217 1539 3324 1592 fuci
3353 1539 3523 1607 subji-

1948 1634 2118 1686 ciens.
2151 1629 2289 1698 Quid
2343 1630 2559 1684 Graaci?
2598 1630 2975 1699 (Recentiores
3011 1631 3109 1684 hos
3145 1630 3268 1685 dico
3314 1630 3524 1701 Byzan~

1951 1723 2184 1776 tinarum
2214 1730 2539 1775 tractatores
2565 1723 2767 1792 rerum)
2804 1738 2965 1791 quam
3005 1723 3169 1775 multa
3199 1723 3360 1792 hujus
3389 1737 3523 1777 con-

1949 1814 2255 1869 suetudinis
2293 1814 2542 1881 exempla
2595 1815 2988 1883 suppeditant?
3021 1814 3236 1868 Nicetas
3287 1830 3427 1868 unus
3453 1816 3525 1868 sit

1949 1904 2104 1959 satis.
2140 1902 2386 1957 Aliorum
2451 1902 2760 1956 testimonia
2793 1913 3078 1956 occurrent
3112 1903 3256 1957 ultro
3304 1903 3525 1973 legenti-

1948 1994 2072 2049 bus.
2115 1996 2167 2048 ls
2202 1994 2291 2048 ubi
2328 1994 2381 2047 in
2438 1993 2630 2047 Alexio
2657 1993 2934 2048 Conmeno
2977 1993 3224 2059 Jtiniore,
3273 1995 3410 2050 libro
3437 2011 3522 2059 iii,

1950 2085 2002 2140 in
2069 2085 2341 2154 plerisque
2420 2084 2706 2139 codicibus
2756 2084 2920 2140 habet
3008 2086 3138 2139 ἄνευ
3193 2085 3305 2139 τῶν
3365 2085 3528 2156 βλαπ-

1947 2176 2110 2240 τίων,
2168 2178 2269 2230 alia
2303 2175 2484 2242 lectio,
2511 2176 2653 2246 (quae
2682 2186 2956 2246 utcunque
2999 2186 3220 2246 putetur
3255 2178 3528 2245 margina-

1953 2270 2021 2324 lis
2047 2267 2341 2332 adnotatio,
2374 2269 2573 2321 veteris
2605 2275 2752 2322 certe
2783 2267 3120 2334 grammatici
3147 2278 3264 2333 est;
3301 2275 3358 2321 et
3383 2278 3438 2321 ut
3469 2271 3522 2321 in

1948 2376 2009 2415 re
2036 2360 2149 2424 tali,
2182 2359 2251 2413 de
2287 2360 2507 2412 notione
2541 2358 2690 2413 vocis
2748 2360 2948 2412 usitata
3001 2375 3102 2413 suo
3134 2367 3398 2429 tempore,
3426 2375 3525 2413 att-

1947 2451 2252 2508 ctoritatem
2293 2451 2475 2521 habet)
2525 2451 2652 2518 alia,
2699 2452 2937 2520 inquam,
2972 2451 3128 2506 lectio
3177 2451 3338 2505 habet
3386 2452 3527 2522 πλὴν

1945 2545 2055 2597 τῶν
2083 2543 2328 2613 σηρικῶν
2362 2545 2645 2614 νημάτων.
2678 2543 2817 2597 Alibi
2854 2542 3070 2597 Nicetas
3098 2543 3325 2612 βλαττία
3353 2543 3524 2597 πολλὰ

1947 2639 2150 2709 χρυσᾶ.
2188 2639 2244 2691 in
2277 2651 2397 2705 quae
2449 2638 2612 2690 verba
2673 2636 3016 2706 paraplirasis
3069 2637 3211 2691 docti
3252 2651 3528 2706 gramma-

1949 2731 2041 2784 tici
2095 2731 2174 2784 sic
2230 2729 2433 2784 habet:
2470 2731 2676 2798 σηρικὰ
2727 2728 3126 2799 διαπλεχθέντα
3158 2727 3368 2798 χρυσῷ.
3403 2729 3521 2781 Alia

1948 2828 2161 2882 omitto.
2213 2824 2336 2879 Haec
2371 2825 2512 2878 enim
2563 2823 2776 2877 abunde
2823 2833 2946 2877 sunt
3003 2833 3062 2877 ut
3101 2832 3252 2877 recte
3283 2822 3526 2876 videatur

1895 2967 1901 2973 .
1950 2919 2004 2974 in
2062 2919 2374 2972 universum
2425 2916 2685 2971 statuisse
2729 2916 3034 2970 Salinasius
3075 2914 3228 2969 Notis
3279 2915 3343 2967 ad
3378 2916 3522 2967 Hist.
3569 2984 3572 2987 _

1946 3013 2085 3080 Aug.
2134 3011 2316 3079 script.
2352 3024 2476 3078 pag.
2535 3009 2661 3074 591,
2712 3009 3038 3062 recentiores
3093 3007 3314 3062 Graecos
3361 3004 3527 3074 βλατ-

1947 3103 2062 3153 τίον
2098 3117 2201 3154 non
2241 3118 2337 3170 pro
2369 3101 2538 3153 blatta
2581 3101 2660 3152 vel
2696 3115 2935 3167 purpura
2987 3098 3126 3162 sola,
3155 3099 3246 3151 sed
3309 3112 3404 3164 pro
3434 3112 3527 3149 ue-

1949 3202 2090 3244 mate
2115 3193 2283 3244 serico
2327 3191 2524 3244 blatteo
2576 3204 2880 3257 usurpasse.
2911 3189 2964 3242 Ιιι
3005 3204 3114 3258 quo
3155 3199 3284 3252 puto
3311 3185 3528 3242 Graecos

1949 3285 2214 3336 rationem
2263 3282 2519 3336 habuisse
2547 3282 2784 3350 aliquam
2816 3280 3042 3350 originis
3076 3279 3286 3333 litorum
3317 3279 3526 3333 serico-

1952 3391 2070 3429 rum
2097 3389 2217 3442 quae
2251 3391 2278 3426 a
2311 3387 2523 3436 verme,
2563 3375 2664 3426 hoc
2695 3381 2778 3426 est
2806 3373 2973 3426 blatta
2999 3379 3140 3441 (nam
3164 3370 3335 3424 Blatta
3357 3372 3528 3424 in'er-

1952 3465 2074 3520 diiiii
2100 3478 2390 3517 commune
2422 3479 2615 3516 nomen
2649 3464 2850 3516 vermis
2870 3463 2976 3529 est)
3003 3463 3339 3530 producitur,
3371 3463 3528 3531 vulgo

1955 3555 2215 3625 bombyce
2264 3556 2429 3609 dicto.
2485 3553 2636 3608 Unde
2689 3553 2832 3628 filum
2890 3554 3062 3621 ipsum
3099 3568 3161 3606 ac
3197 3554 3298 3607 tela
3351 3570 3415 3607 ex
3462 3571 3529 3609 co

1956 3657 2097 3700 texta
2147 3647 2378 3715 bombyx
2436 3646 2655 3699 dicitur.
2703 3643 2844 3708 Quin
2895 3644 3058 3698 etiam
3113 3659 3308 3698 nomen
3353 3647 3526 3712 ipsum

1954 3739 2384 3808 Vulgatissimum
2442 3736 2629 3802 serici,
2669 3752 2775 3790 non
2837 3751 2864 3788 a
2915 3734 3136 3789 Scribus
3191 3736 3404 3805 populis
3437 3746 3532 3790 aut

1957 3832 2126 3901 patria
2159 3846 2367 3895 eorum,
2402 3829 2545 3896 quod
2585 3829 2744 3898 vulgo
2779 3837 2994 3897 putant,
3034 3828 3079 3880 si
3109 3827 3382 3896 Hesychio
3413 3829 3533 3894 qui-

1956 3923 2076 3975 dem
2117 3920 2407 3982 credimus,
2458 3919 2717 3983 ducitur,
2787 3919 2881 3971 sed
2941 3933 2971 3970 a
3035 3931 3160 3970 sere
3206 3931 3388 3969 verme
3419 3916 3532 3970 sive

1957 4014 2147 4070 blatta.
2183 4012 2257 4066 Ita
2294 4012 2437 4065 enim
2471 3996 2768 4080 Hesychius
2802 4026 2816 4063 :
2845 4010 2957 4080 Σὴρ
2992 4008 3212 4079 σκώληξ
3240 4012 3266 4062 ὁ
3297 4010 3396 4077 τὴν
3432 4025 3530 4076 με·

1955 4106 2124 4170 τάξαν
2189 4104 2584 4173 ἐργαζόμενος,
2619 4104 2719 4156 hoc
2757 4111 2872 4165 est,
2910 4099 3009 4155 Ser
3065 4102 3254 4154 vermis
3305 4101 3531 4153 sericum

1956 4198 2121 4251 tellus
2149 4195 2408 4264 efﬁciens.
2447 4193 2628 4258 Quare
2673 4193 2848 4246 scrica
2906 4193 3073 4247 vc5tis
3126 4190 3388 4260 peculiari
3443 4207 3532 4244 ra-

1957 4291 2104 4343 tione
2167 4287 2357 4351 blatta,
2409 4285 2605 4339 blattea
2642 4285 2726 4339 vel
2762 4285 2947 4338 blattia
2979 4284 3196 4338 dicitur.
3266 4283 3531 4337 Praterea

1959 4383 2086 4436 illud
2147 4379 2562 4434 admoiiuerim:
2600 4393 2720 4432 cum
2757 4377 2955 4447 duplex
3016 4379 3285 4448 scriptura
3335 4379 3405 4428 sit
3439 4393 3536 4429 uo-

1959 4474 2120 4527 minis
2146 4470 2434 4540 βλαττὶονς
2479 4469 2646 4523 altera
2695 4470 2972 4537 geminato
3003 4487 3053 4530 τ,
3092 4469 3261 4522 altera
3310 4481 3372 4520 ea
3407 4467 3534 4517 siin-

1958 4564 2082 4632 pliri
2130 4563 2308 4616 littera
2345 4580 2359 4614 :
2398 4576 2519 4628 qua:
2570 4560 2835 4612 hactenus
2889 4560 3122 4612 diximus
3160 4567 3368 4608 tantum
3403 4569 3535 4606 con-

1957 4655 2144 4707 venire
2175 4651 2252 4719 τῷ
2291 4650 2550 4719 planta),
2590 4648 2861 4715 quoinodo
2918 4648 3108 4700 scribit
3145 4655 3200 4698 et
3240 4645 3394 4698 Anna
3435 4658 3534 4697 no-

1959 4752 2068 4797 stra
2097 4753 2147 4796 et
2204 4741 2484 4794 Ceilrenus
2520 4739 2572 4791 in
2608 4737 2830 4791 Tiberio
2863 4736 2950 4801 lli,
2979 4738 3067 4792 tibi
3113 4744 3375 4790 memorat
3409 4751 3532 4788 στο-

1959 4834 2058 4895 λὰς
2088 4831 2406 4902 σωληνατὰς
2441 4830 2550 4883 ἀπὸ
2580 4828 2859 4898 βλαττέου.
2923 4831 3000 4883 Ex
3056 4828 3252 4896 quibus
3300 4827 3536 4884 fortasse

1962 4936 2072 4980 tum
2119 4923 2324 4978 Nic-cla:
2368 4922 2484 4974 loca
2551 4929 2662 4974 tum
2723 4921 2908 4975 Codini
2957 4937 3075 4990 quin
3127 4920 3342 4991 βλατίον
3393 4923 3536 4976 scri-

1959 5016 2092 5069 bunt
2121 5027 2244 5068 cum
2283 5029 2313 5063 τ
2346 5009 2511 5080 ψιλῷ,
2534 5011 2856 5079 corrigenda
2887 5020 3034 5065 sunt.
3064 5009 3216 5074 Quod
3246 5025 3372 5064 vero
3397 5014 3535 5066 ratio

1959 5106 2245 5161 sententia:
2277 5103 2476 5158 alicubi
2523 5103 2691 5166 exigit
2729 5111 2787 5154 tit
2838 5100 3092 5170 βλαττίον
3145 5103 3395 5156 Volumen
3435 5104 3531 5164 sit,

1959 5208 2138 5253 ortum
2196 5198 2363 5252 videri
2398 5205 2579 5267 potest
2613 5211 2678 5248 ex
2737 5209 2804 5248 eo
2855 5193 2996 5259 quod
3051 5196 3214 5260 panni
3265 5195 3534 5264 ejusmodi

1962 5291 2124 5346 serici
2160 5301 2447 5358 antequam
2487 5289 2538 5342 in
2573 5297 2760 5355 partes
2797 5287 2928 5340 secti
2959 5287 3236 5355 assutiqiie
3267 5288 3318 5341 in
3356 5297 3534 5340 vestes

1960 5390 2164 5444 essent,
2197 5381 2246 5434 in
2283 5381 2556 5434 volumina
2605 5379 3083 5448 complicabantur
3114 5379 3345 5449 βλαττία
3374 5376 3536 5446 vulgo

1968 5473 2230 5527 vocitata.
2265 5470 2549 5525 Postremo
2575 5469 2704 5523 illud
2741 5485 2964 5526 monere
3005 5487 3112 5524 non
3145 5472 3388 5524 omittam
3426 5483 3532 5520 non

1961 5577 2086 5617 esse
2119 5567 2308 5615 contra
2343 5574 2456 5614 rem
2488 5573 2552 5611 ac
2585 5560 2910 5612 sententiam
2969 5571 3212 5613 nostram
3244 5555 3536 5610 stabililam

1962 5652 2050 5708 hic
2073 5666 2102 5704 a
2163 5650 2320 5704 nobis
2351 5649 2527 5704 locum
2558 5648 2706 5703 illuni
2738 5650 2951 5713 Cadini,
2991 5664 3110 5716 cap.
3139 5647 3193 5704 4.
3231 5661 3284 5697 it.
3315 5643 3408 5708 20,
3447 5646 3537 5698 ubi

1962 5744 2165 5802 mentio
2215 5749 2302 5802 est
2349 5739 2549 5797 λευκοῦ
2622 5741 2898 5802 Βλαττίου.
2947 5740 3021 5797 Ut
3086 5738 3231 5796 enim
3286 5735 3536 5793 omittam
