3986 6212
552 288 687 354 1219

549 406 711 459 etiam
764 372 1054 457 candorem
1101 411 1353 471 purpurm
1398 394 1588 459 tribui,
1649 392 1835 448 llorat.
1882 391 1996 447 Sat.
2049 404 2121 453 vr,

546 494 643 549 lib.
680 510 719 548 ιι
753 513 768 550 :

1080 624 1257 679 Rubro
1287 625 1371 676 ubi
1399 639 1549 676 cocco

658 697 842 751 Tincta
876 712 1030 765 super
1058 696 1213 748 lectos
1238 695 1484 747 canderet
1509 694 1662 747 restis
1694 693 1916 745 eburnos
1942 708 1961 756 ;

562 850 690 891 sane
747 834 948 885 ferrum
991 832 1111 900 igne
1144 839 1424 900 concepto,
1460 829 1598 895 quod
1637 828 1874 881 candens
1908 825 2127 889 dicitur,

559 941 886 994 purpureum
921 923 1179 990 fulgorem
1212 923 1391 975 habet.
1430 922 1498 975 Ut
1534 920 1973 989 nonpertendam
2010 935 2131 971 n-eo

544 1018 666 1085 jure
693 1018 944 1083 quamvis
971 1015 1316 1068 eminentiam
1366 1014 1700 1080 splendentis
1727 1016 1775 1064 in
1802 1027 1899 1065 suo
1930 1026 2130 1079 genere

554 1109 753 1163 coloris
783 1124 1075 1178 purpuram
1116 1106 1388 1160 interdum
1433 1105 1714 1173 appellari.
1741 1104 1893 1158 Unde
1927 1120 2131 1173 pnrpu-

553 1212 654 1250 rem
699 1199 847 1249 nives
899 1197 1053 1248 dictae
1108 1196 1480 1261 reperiuntur.
1524 1192 1656 1246 illud
1706 1195 1863 1245 modo
1914 1194 2034 1245 dico
2066 1207 2130 1244 eo

552 1289 671 1353 ipso
696 1289 838 1358 quod
862 1285 1102 1340 Cedimus
1126 1286 1435 1355 siguilicare
1466 1286 1652 1337 volens
1710 1284 1998 1350 logothette
2051 1283 2099 1350 pi
2120 1309 2131 1323 ο

556 1379 693 1431 lemn
716 1394 781 1431 ex
805 1383 978 1432 serico
1006 1379 1127 1429 albo
1145 1378 1445 1445 splendenti
1468 1391 1609 1437 esse,
1634 1376 1837 1429 vocavit
1859 1374 1985 1427 illud
2006 1374 2132 1427 λευ-

557 1470 654 1522 κὸν
688 1468 962 1538 βλιιττίον,
1005 1470 1139 1522 satis
1173 1469 1441 1521 indicasse
1484 1467 1737 1535 βλαττίον
1770 1467 1966 1526 solum.
1993 1466 2133 1520 seri-

557 1578 680 1615 ι-ιιιιι
712 1577 833 1617 esse
872 1576 1226 1631 purpureum,
1264 1576 1381 1627 qum
1410 1559 1592 1629 opinio
1630 1568 1819 1614 nostra
1870 1566 1954 1612 est
1992 1556 2131 1626 arqui

560 1653 778 1706 lectoris
820 1654 1047 1704 arbitrio
1080 1651 1345 1715 subjecta.

632 1762 877 1830 Ιὶλιὶχοι,
906 1759 1026 1813 Lib.
1058 1776 1173 1819 viti.
1204 1776 1323 1827 pag,
1352 1758 1453 1812 2‘27
1498 1776 1510 1809 :
1554 1758 1657 1810 Καὶ
1701 1756 1892 1811 ὁπόσοι
1924 1757 2015 1810 τὸν
2046 1773 2134 1810 νο-

564 1871 573 1918 ι
607 1852 707 1903 ἁδα
739 1852 852 1919 βίον
884 1851 1097 1901 εἵλοντο
1137 1848 1396 1918 (βλάχθυς
1442 1848 1661 1905 τούτου,
1692 1848 1724 1915 ἠ
1759 1845 1915 1917 κοινὴ
1945 1846 2137 1903 καλεῖν

554 1937 662 1995 οἶδε
697 1940 1027 2008 διάλεκτος).
1064 1939 1123 1993 Et
1166 1924 1344 1994 tamen
1381 1938 1572 1991 Blachi
1597 1937 1911 2007 populorum
1942 1951 2135 1993 nomen

562 2047 647 2090 est
694 2036 934 2089 Mmsiam
983 2034 1315 2104 superiorem
1384 2032 1755 2096 incolentium,
1812 2030 1903 2099 qui
1976 2029 2138 2085 hodie

560 2130 783 2183 Valachi
812 2138 1092 2190 vorantur,
1123 2128 1252 2181 olim
1298 2127 1531 2180 fortasse
1557 2140 1622 2180 ex
1649 2125 1867 2195 Scythis
1895 2123 2141 2179 nomadi-

566 2223 667 2276 bus
691 2233 749 2275 et
782 2219 1122 2275 hamaxobiis
1144 2222 1295 2288 vagis
1327 2218 1381 2271 in
1409 2219 1477 2273 iis
1509 2216 1740 2285 denique
1764 2216 1985 2271 sedibus
2005 2230 2137 2269 cou-

565 2312 913 2381 quiesccntes
942 2312 1123 2365 :unde
1150 2310 1437 2364 ini-aluerit
1470 2319 1525 2362 ut
1552 2309 1827 2377 proprium
1852 2317 2012 2363 antea
2045 2322 2138 2362 εθς

559 2414 667 2457 cite
696 2411 862 2469 atque
900 2402 1135 2455 instituti
1177 2414 1375 2455 nomen
1408 2399 1557 2467 genti
1588 2399 1927 2468 postmodum
1955 2396 2140 2451 πωπω.

550 2491 717 2553 serit.
776 2489 959 2559 Neque
988 2490 1134 2542 enim
1175 2502 1446 2556 nunquam
1484 2486 1661 2539 studia
1710 2486 1761 2539 in
1797 2486 2014 2555 generis
2047 2499 2142 2553 ap-

559 2581 905 2651 pellationem
940 2588 1223 2634 transeunt
1252 2579 1305 2632 in
1337 2578 1629 2632 similibus.
1655 2576 1963 2632 Occurrunt
1993 2591 2142 2634 nunc

560 2674 710 2731 Corsi
728 2678 841 2727 sive
859 2672 1092 2728 Corsicae
1109 2670 1296 2724 insulse
1314 2670 1545 2724 cultores
1562 2669 1652 2737 qui
1672 2670 1927 2738 quoniam
1946 2684 2143 2738 Oppor-

565 2766 788 2821 tunitate
811 2764 1049 2819 littnrum
1067 2772 1120 2817 et
1136 2764 1362 2816 marium
1390 2762 1547 2816 illecti
1579 2762 1868 2831 priaticam
1884 2761 2011 2814 olim
2030 2768 2139 2814 stu-

563 2859 708 2917 diose
739 2856 1078 2917 iactitabant,
1115 2856 1235 2908 inde
1267 2853 1471 2921 vulgari
1505 2853 1762 2907 vocabulo
1787 2854 1989 2922 piratas
2024 2868 2140 2905 coro

562 2950 729 3003 saires
748 2947 976 3000 dicimus
998 2963 1013 2998 :
1033 2947 1106 2999 uti
1134 2957 1186 2999 et
1205 2944 1441 2999 latrones
1465 2944 1713 3013 brigands
1733 2958 1982 2997 vocamus
2002 2944 2141 3013 quod

563 3040 844 3107 Brigantes
877 3038 1003 3092 olim
1039 3038 1242 3108 Magna!
1269 3037 1558 3090 Britanniae
1602 3036 1779 3106 populi
1829 3037 2140 3090 latrocinio-

571 3146 689 3184 rutn
744 3130 961 3185 infamia
1016 3129 1304 3197 ﬂagrarent
1333 3144 1346 3181 :
1378 3138 1438 3181 ut
1467 3128 1712 3182 omittam
1762 3127 2139 3182 Chaldaeorum

569 3236 766 3277 nomen
802 3224 997 3292 stepius
1020 3220 1148 3273 olim
1180 3219 1484 3289 astrologia:
1515 3220 1748 3273 studium
1786 3234 1946 3288 quant
1966 3218 2140 3273 locum

575 3312 765 3381 patria:
791 3312 1122 3380 designasse.
1152 3309 1248 3363 Cui
1282 3311 1552 3378 geminum
1580 3319 1661 3364 est
1691 3311 1834 3379 quod
1862 3324 2138 3364 sacrarum

564 3404 891 3459 Litterarum
952 3404 1273 3471 interpretes
1341 3402 1605 3455 adnotant
1672 3403 1726 3456 iit
1784 3401 1889 3456 illis
1964 3402 2143 3457 verbis

566 3496 826 3551 Proverh.
865 3511 1021 3556 xxxi.
1060 3494 1175 3549 25:
1231 3492 1517 3548 Sindoncm
1550 3492 1676 3562 facit
1722 3504 1771 3547 et
1819 3493 2056 3547 vendidit
2094 3504 2141 3548 et

564 3587 834 3657 cingulum
858 3586 1084 3641 tradidit
1113 3571 1443 3652 Cltanaiia'o,
1481 3585 1968 3647 Cbananarunidiei
2001 3600 2143 3639 mer-

566 3692 831 3736 catorem.
885 3679 989 3733 Sed
1040 3679 1218 3735 nullus
1267 3679 1339 3734 sit
1387 3679 1509 3733 linis
1566 3679 1610 3732 si
1636 3693 1819 3732 curem
1852 3692 2144 3747 congerere

568 3782 761 3825 eniteta
800 3773 917 3837 ejus
974 3771 1073 3824 loci
1122 3771 1391 3839 exempla.
1450 3768 1628 3825 Unum
1695 3770 1887 3822 addam
1941 3772 2007 3825 de
2037 3786 2144 3839 quo

571 3864 737 3918 fuerit
761 3879 944 3931 operae
976 3864 1208 3932 pretium
1242 3864 1533 3917 monuisse.
1558 3860 1793 3916 Joannes
1828 3861 2141 3927 Sinnamus,

574 3956 729 4024 cujus
752 3952 1112 4007 Historiarum
1132 3952 1300 4008 libros
1335 3968 1509 4005 rerum
1527 3952 1888 4005 narrationem
1908 3951 2143 4005 indidem

578 4046 670 4099 ubi
730 4047 902 4098 Anuze
956 4056 1154 4099 nosuae
1191 4044 1406 4098 Alezias
1435 4044 1631 4097 desinit
1665 4046 2010 4113 auspicantes
2043 4042 2144 4098 La-

570 4140 683 4191 tina
710 4138 960 4193 versione
1005 4138 1423 4205 dcpropcramus
1474 4137 1622 4192 brevi
1652 4138 1981 4203 prodituros,
2005 4136 2145 4190 libro

570 4228 811 4281 secundo
836 4227 1080 4281 meminit
1120 4227 1537 4295 depraedationis
1589 4226 1862 4297 Mysorum
1896 4244 2017 4297 qua:
2058 4230 2141 4281 iu—

574 4332 654 4371 ter
692 4316 922 4371 Cilicum
958 4327 1013 4371 et
1044 4317 1350 4371 Antiochia
1386 4315 1559 4387 Syria:
1610 4320 1743 4372 lines
1776 4329 2139 4372 exerceretur.

575 4408 728 4464 Unde
789 4420 971 4461 autem
1020 4406 1112 4459 tali
1176 4408 1293 4460 loco
1334 4407 1511 4475 Mysi?
1557 4405 1759 4477 Nempe
1800 4408 1979 4479 Mysos
2014 4410 2147 4464 viles

571 4515 834 4569 personas
883 4509 935 4554 et
988 4499 1259 4569 mancipia
1300 4500 1572 4569 intelligit,
1609 4501 1989 4570 signiﬁcatque
2039 4519 2147 4555 ma-

571 4607 736 4660 guum
794 4605 1074 4644 numerum
1111 4590 1436 4645 rusticorum
1471 4602 1523 4648 et
1554 4591 1738 4644 vilium
1785 4593 2017 4659 capitum
2052 4606 2147 4646 ca-

572 4694 689 4751 ptos
722 4680 1053 4741 otservituti
1085 4678 1256 4734 fuisse
1276 4680 1541 4737 addictos.
1577 4681 1630 4735 ld
1664 4682 1798 4736 adeo
1826 4682 1948 4738 inde
1965 4691 2144 4737 ortum

570 4776 834 4843 suspicari
863 4772 947 4827 fas
977 4782 1059 4829 est
1101 4773 1249 4843 quod
1310 4774 1587 4845 Mysorum
1623 4790 1756 4844 gens
1803 4775 2147 4844 despicabilis

572 4874 626 4920 cl
648 4867 891 4921 servituti
916 4877 1038 4919 nata
1059 4865 1185 4919 olim
1213 4866 1498 4933 proverbio
1530 4865 1704 4918 locum
1729 4865 1954 4921 dederat
1976 4867 2145 4935 ἔσχα-

573 4974 663 5021 τος
689 4957 918 5021 Μυσῶν,
957 4972 1079 5012 cmn
1098 4957 1324 5023 alicujus
1354 4957 1539 5011 intima
1569 4956 1745 5012 vilitas
1774 4958 2144 5026 exaggeranda

571 5062 691 5104 eum
720 5052 1009 5119 hyperbole
1042 5058 1206 5104 esset.
1239 5048 1429 5103 Cicero
1474 5064 1568 5118 pro
1607 5047 1824 5113 Flacco,
1846 5059 1980 5103 sect.
2027 5048 2096 5102 65
2129 5067 2140 5101 :

577 5140 717 5205 Quid
739 5156 896 5206 porro
934 5142 990 5195 in
1020 5141 1207 5196 (ἐι-ατο
1255 5158 1496 5195 sermone
1523 5150 1630 5194 tam
1660 5141 1849 5195 tritum
1873 5150 2029 5211 atque
2062 5156 2147 5194 ce-

570 5233 839 5287 lebratum
883 5246 963 5290 est
1016 5252 1173 5305 quant
1222 5238 1269 5290 si
1328 5236 1445 5305 quis
1485 5234 1789 5303 despicatui
1840 5233 2057 5287 ducitur
2091 5242 2147 5287 ut

574 5323 849 5392 Mysorum
890 5324 1108 5379 ultimus
1138 5342 1253 5379 esse
1282 5326 1519 5389 dicatur,
1551 5324 1687 5378 etc.?
1713 5321 1881 5394 Igitur
1915 5331 1973 5376 ut
2008 5324 2141 5394 Mysi

576 5418 847 5484 mancipia
897 5415 1050 5481 dicti,
1100 5427 1156 5469 ut
1214 5417 1350 5472 bello
1402 5417 1543 5485 capti
1569 5416 1702 5471 dura
1734 5426 1787 5471 et
1832 5415 2144 5469 inclementi

570 5508 834 5563 servitute
858 5508 1028 5563 habiti
1061 5505 1239 5563 Sclavi
1278 5509 1392 5563 sive
1419 5508 1566 5562 Slavi
1598 5508 1848 5571 vocitati,
1882 5506 1980 5571 sic,
2015 5504 2147 5563 Bla-

570 5597 676 5662 cltz',
712 5615 832 5652 eum
887 5599 1064 5668 gentis
1108 5612 1256 5667 vaga
1313 5598 1587 5666 proprium
1614 5607 1760 5653 esset
1795 5610 2019 5660 nomen,
2052 5610 2147 5666 ap—

572 5691 818 5756 pellativo
850 5703 1031 5762 postea
1064 5691 1432 5761 designaverit
1462 5689 1729 5747 instabilis
1754 5699 1804 5744 et
1834 5688 2146 5744 desultorite

1713 272 2210 339 GLOSSARIUM
2239 267 2613 333 ΛΝΝέΕΗΜ.

2229 388 2354 441 vita
2385 385 2676 449 Barbaros,
2702 380 2919 443 ἑλόντας
2937 378 3024 431 τὸν
3054 378 3250 449 νομάδα
3277 377 3399 450 βίον,
3429 382 3618 436 erratum
3639 394 3683 439 ει

2232 491 2496 544 nusquam
2533 474 2785 530 habentis
2812 471 3142 525 domicilium
3173 470 3285 523 vita:
3314 471 3557 525 securius.

2298 568 2679 635 Βραχιόνιον.
2733 564 2853 616 Τῶν
2896 562 3207 632 Βλαχερνῶν
3247 560 3333 614 lib.
3362 577 3413 614 ιι.
3446 562 3521 613 Est
3549 563 3687 631 Opinor

2230 676 2418 717 murus
2468 660 2586 714 sive
2619 657 2856 711 ambitus
2906 656 3161 716 exterior,
3199 653 3436 707 suburbio
3459 653 3689 711 Constanti-

2231 752 2543 821 n0politano
2566 748 2876 804 Bias/terms
2910 745 3053 800 dicto
3078 744 3445 799 circumdatus.

2300 841 2535 908 Βρεϐίιι.
2568 838 2809 907 Catalogi
2847 851 3095 889 vasorum
3120 850 3383 888 sacrorum
3403 845 3448 887 et
3472 837 3694 904 possessio-

2233 951 2358 988 num
2382 931 2635 986 Ecclesite
2678 930 2771 983 lib.
2810 943 2883 991 vr,
2916 943 3035 997 pag.
3071 926 3168 979 {57
3206 941 3221 993 ;
3266 936 3506 995 sumptum
3551 944 3599 979 rx
3627 945 3694 981 unt

2234 1024 2399 1079 veteri
2431 1022 2679 1076 Ecclesite
2710 1018 2935 1076 Latinae.
2974 1018 3182 1072 Etenim
3216 1018 3422 1086 Optatos
3461 1017 3619 1079 libror,
3643 1029 3694 1071 tc-

2233 1126 2408 1168 statur
2438 1130 2452 1167 :
2485 1114 2728 1167 chartam
2762 1113 2812 1164 in
2855 1125 2959 1179 qua
2995 1110 3293 1177 conscripta
3318 1119 3479 1162 essent
3510 1108 3616 1162 bona
3633 1127 3695 1163 cc-

2235 1207 2536 1262 clesiastica
2571 1205 2768 1260 brevem
2803 1204 3018 1272 proprie
3053 1214 3311 1257 vocatam.

2300 1299 2546 1366 Βρύσις.
2574 1297 2689 1351 Lib.
2719 1314 2809 1357 xv,
2836 1312 2938 1350 non
2974 1296 3130 1364 longe
3158 1295 3222 1348 ab
3246 1294 3390 1347 initio
3427 1294 3506 1345 καὶ
3533 1311 3696 1364 στρατο-

2231 1392 2445 1445 πεδεύει
2498 1390 2642 1444 κατὰ
2691 1388 2787 1458 τὴν
2840 1387 3031 1459 βρύσιν
3087 1385 3181 1437 τοῦ
3244 1386 3514 1455 Καρυχέως
3558 1388 3697 1437 καλου-

2236 1480 2428 1550 μένην.
2466 1477 2583 1534 Non
2614 1489 2696 1532 est
2728 1479 2951 1532 dubium
2986 1478 3112 1545 quin
3146 1476 3327 1545 βρύσις
3356 1476 3555 1529 sitiens.
3578 1475 3698 1528 Idri»-

2232 1574 2313 1626 eis
2343 1575 2516 1641 ipsum
2547 1582 2767 1642 ctymon
2803 1572 3022 1626 clamat.
3060 1570 3160 1624 Est
3206 1568 3343 1622 enim
3371 1585 3396 1621 a
3424 1568 3549 1638 βρύω
3572 1578 3701 1621 scatu-

2234 1664 2335 1721 rio.
2362 1665 2565 1718 Prteter
2604 1680 2696 1719 eas
2736 1663 3092 1716 auctoritates
3120 1676 3253 1730 quas
3283 1660 3457 1714 recitat
3508 1659 3701 1713 Meursius

2233 1756 2431 1818 alieno,
2456 1757 2505 1809 ni
2535 1754 2710 1818 fallor,
2731 1754 2868 1816 loco,
2890 1768 3084 1821 nempe
3115 1754 3168 1808 in
3202 1761 3354 1806 verbo
3383 1750 3577 1821 βρισίον,
3603 1750 3701 1819 quid

2234 1848 2461 1903 alterius
2488 1846 2717 1913 originis
2738 1856 2791 1899 et
2820 1843 3159 1914 signiﬁcatus
3191 1852 3291 1897 est.
3330 1843 3450 1897 l‘uto
3477 1853 3620 1897 autem
3641 1843 3703 1894 de-

2236 1932 2442 2001 signari
2507 1932 2857 2000 peculiariter
2912 1935 3081 1986 verbo
3131 1931 3369 2003 βρύσεως
3406 1930 3701 1996 locutnipsom

2234 2026 2586 2095 scaturiginis
2620 2041 2685 2080 ex
2717 2039 2826 2095 quo
2858 2025 3109 2094 pr0tiuns
3135 2022 3371 2078 hauritur
3396 2038 3411 2078 :
3437 2023 3495 2078 ad
3518 2021 3704 2075 diducu-

2238 2120 2365 2173 tiam
2396 2116 2593 2187 πηγῶν
2636 2118 2729 2170 καὶ
2763 2116 2981 2187 κρηνῶν
3035 2117 3243 2169 illarum
3292 2130 3401 2186 qua:
3442 2114 3642 2184 operibus
3668 2114 3703 2166 iu

2237 2208 2399 2263 nrbes
2444 2207 2853 2275 inducebantur,
2893 2206 3199 2274 cuiusmodi
3229 2215 3339 2261 erat
3387 2206 3415 2275 ἡ
3460 2206 3702 2274 ἐννεάκρου-

2243 2318 2332 2363 νος
2358 2301 2608 2355 Athenis.
2644 2300 2749 2355 Sed
2787 2300 2977 2354 horum
3010 2298 3239 2353 fontium
3266 2298 3480 2364 origines
3497 2297 3705 2364 oportebat

2237 2393 2421 2447 altiori
2457 2406 2580 2446 esse
2626 2392 2754 2457 situ,
2808 2389 2949 2447 unde
2972 2406 3073 2458 per
3132 2402 3468 2457 pronumque
3504 2396 3704 2453 eratopus

2239 2485 2429 2543 deduci
2478 2495 2718 2553 possent.
2755 2484 2823 2539 At
2855 2483 3055 2555 βρύσις
3085 2484 3290 2538 videtur
3317 2482 3412 2536 dici
3452 2478 3549 2534 lous
3578 2477 3704 2531 hani-

2238 2577 2364 2640 linr,
2420 2576 2633 2644 qualem
2674 2576 2896 2644 optabat
2951 2573 3237 2629 Juvenalis
3288 2573 3403 2644 (sat.
3448 2572 3533 2639 tu),
3576 2568 3701 2623 villici

2238 2668 2370 2725 culti
2412 2669 2579 2735 horti,
2625 2676 2838 2734 puteum
2879 2682 3079 2734 nempe
3105 2669 3321 2730 brevem,
3348 2668 3434 2720 hoc
3459 2674 3543 2727 est,
3562 2677 3637 2715 non
3652 2659 3706 2713 sl-

2243 2772 2377 2825 tnm,
2409 2778 2500 2816 nec
2550 2772 2685 2816 resto
2728 2761 3069 2828 movendum,
3112 2775 3292 2815 verum
3318 2763 3440 2813 unde
3482 2754 3704 2811 minuset:

2244 2869 2365 2908 cum
2403 2853 2565 2908 situla
2596 2852 2827 2907 demissa
2862 2853 3089 2907 haurire
3143 2852 3319 2906 liceat.
3371 2851 3622 2916 Quanquam
3646 2845 3706 2896 [ut

2244 2962 2364 2998 item
2424 2960 2452 2997 a
2502 2945 2693 3014 βρύσει
2743 2960 2845 2998 non
2881 2945 3130 2999 excludit
3179 2944 3419 3007 Codinus,
3455 2957 3545 3009 cap.
3579 2939 3619 3003 7,
3651 2935 3706 2988 οι

2246 3036 2472 3105 Ofﬁciis,
2510 3053 2657 3090 num.
2684 3036 2771 3098 16.
2797 3052 2921 3106 pag.
2954 3036 3051 3103 9|,
3080 3036 3209 3092 edit.
3232 3036 3355 3105 Reg.
3385 3035 3460 3088 ubi
3486 3030 3705 3087 sichabrt:

2245 3132 2278 3185 ι(
2297 3130 2402 3183 ατὰ
2435 3129 2535 3199 μὲν
2565 3128 2626 3181 τὸ
2659 3130 2894 3183 παλαιὸν
2924 3131 3091 3195 ἐκτὸς
3121 3131 3220 3201 τῆς
3249 3130 3437 3191 πόλεως
3473 3121 3705 3178 ἀκολουθῶν

2241 3220 2321 3288 τῷ
2366 3220 2576 3289 βασιλεῖ
2619 3221 2670 3291 (ὁ
2697 3222 2987 3291 Πικίρνης)
3021 3223 3189 3295 ἔφερε
3221 3222 3469 3275 κωοὼνιον
3494 3215 3603 3287 μετὰ
3618 3212 3706 3268 ilio

2246 3328 2417 3375 σεως·
2460 3312 2535 3376 ὡς
2576 3314 2640 3367 ἄν
2668 3315 2717 3365 εἰ
2748 3314 2805 3366 ιν
2861 3314 3023 3384 χρείᾳ
3064 3314 3270 3382 γένοιτο
3312 3315 3438 3365 πιεῖν
3476 3308 3604 3362 αὑτὸν
3630 3304 3703 3357 ἀπὸ

2246 3400 2447 3471 βρύσου
2482 3404 2587 3472 (al.
2622 3402 2850 3473 βρύσης,
2886 3402 3031 3456 forte
3079 3404 3339 3473 βρύσεως,
3370 3403 3397 3472 ἢ
3424 3392 3705 3467 ποταμώ)ἀὲ

2244 3495 2404 3548 τοῦτο
2461 3496 2677 3565 (melius
2728 3495 2867 3553 forte
2932 3495 3087 3565 legas
3153 3496 3344 3567 τούτῳ)
3394 3496 3475 3548 καὶ
3520 3492 3613 3560 πίῃ.
3654 3486 3705 3539 Ῐίιί

2242 3586 2433 3651 ἅλυσις
2467 3603 2570 3642 non
2621 3598 2728 3643 tam
2761 3590 2826 3643 ad
2860 3591 3203 3647 commodius
3257 3589 3501 3647 ferendum
3547 3596 3707 3649 stISPW'

2244 3695 2361 3734 sum
2392 3698 2423 3737 ο
2460 3682 2710 3736 catenula
2744 3681 3024 3750 pocillum,
3059 3700 3217 3753 quam
3250 3685 3311 3736 ad
3340 3677 3575 3737 hauriendi
3600 3687 3706 3726 usum

2245 3774 2703 3827 accommodatam
2736 3774 3069 3830 mentionem
3104 3777 3279 3830 habet.
3310 3774 3413 3829 Non
3443 3785 3555 3839 nego
3582 3778 3657 3820 tam
3685 3780 3705 3815 ιι

2244 3865 2429 3935 πηγὴν
2458 3874 2509 3918 et
2544 3864 2741 3935 βρύσιν
2779 3866 2892 3920 sive
2927 3866 3139 3938 βρύσην
3186 3883 3298 3922 esse
3326 3875 3591 3936 synonyma.
3616 3854 3705 3909 Nam

2244 3971 2403 4025 quem
2438 3956 2613 4010 locum
2658 3957 2986 4011 Βασιλακίου
3029 3960 3238 4031 βρύσην
3269 3956 3572 4027 Cnropalates
3592 3946 3709 4004 contio

2246 4060 2439 4103 nuator
2463 4050 2689 4105 Ccdreni
2720 4052 3010 4107 vocitatum
3056 4060 3155 4118 ait,
3190 4055 3273 4109 ubi
3302 4053 3461 4109 eﬂosi
3496 4045 3709 4102 Daunius

2244 4141 2475 4208 Αιιειιειί
2533 4141 2691 4211 jussu
2749 4141 3018 4200 Basilacio
3072 4156 3198 4201 sunt
3229 4146 3382 4210 oculi,
3412 4144 3538 4196 Anna
3582 4144 3708 4191 nostra

2246 4233 2557 4303 diligentius
2589 4246 2753 4289 totam
2792 4236 3087 4292 llistoriam
3120 4238 3419 4293 Basilaciani
3448 4234 3548 4289 belli
3573 4245 3619 4283 ac
3637 4228 3709 4279 cla-

2248 4326 2332 4381 dis
2387 4327 2631 4381 referens
2671 4327 2853 4399 πηγὴν
2892 4328 3231 4384 Βασιλακίθυ
3279 4330 3459 4383 dictum
3497 4324 3587 4399 ait.
3615 4316 3707 4373 Νοιι.

2248 4419 2702 4484 quemadmodum
2768 4421 2849 4473 vir
2897 4422 3091 4479 doetus
3122 4425 3172 4477 in
3220 4423 3366 4475 novis
3412 4419 3468 4471 ad
3512 4398 3705 4468 Coilinum

2248 4508 2399 4563 Notis
2427 4526 2596 4578 nuper
2629 4512 2836 4575 docuit,
2873 4528 2995 4581 pag.
3053 4516 3144 4577 95.
3179 4516 3306 4569 edit.
3341 4509 3519 4581 R-gim.
3542 4498 3706 4573 (ιιιοάιδ

2246 4601 2454 4668 effossis
2480 4599 2740 4656 Basilacii
2768 4605 2936 4657 oculis
2971 4606 3247 4675 sanguinis
3279 4603 3436 4671 fontes
3476 4595 3706 4658 erupissent.

2248 4690 2301 4743 in
2337 4706 2445 4759 quo
2478 4691 2610 4743 nihil
2649 4703 2920 4746 cxcmcato
2963 4692 3225 4747 Basilaeio
3256 4691 3505 4760 proprium
3546 4683 3708 4742 fuitut!

2249 4783 2524 4845 omittam,
2550 4798 2656 4851 quo
2689 4794 2813 4837 tunc
2840 4785 2999 4839 tnodo
3031 4786 3409 4841 excaecationes
3446 4780 3546 4833 ista:
3572 4772 3709 4825 ﬁet-aii

2247 4874 2555 4927 admotioae
2585 4874 2799 4928 lamina:
2845 4877 3149 4937 candentis,
3206 4874 3361 4927 videri
3395 4871 3514 4924 citra
3556 4859 3710 4916 lliiSSiO'

2248 4977 2369 5016 nem
2422 4964 2703 5032 sanguinis
2734 4965 3030 5031 perpetrari
3074 4965 3291 5029 solitas;
3325 4962 3409 5015 sed
3444 4956 3562 5027 quod
3586 4947 3703 5005 Cttttli

2250 5053 2392 5121 gerit
2434 5055 2694 5109 esca-cari
2748 5052 3066 5107 Basilaciuni
3123 5069 3283 5122 prope
3341 5050 3520 5101 fontem
3561 5054 3609 5093 ex
3638 5035 3705 5087 huc

2248 5145 2440 5199 deinde
2494 5159 2622 5200 casu
2683 5146 3144 5214 cognominatum.
3196 5141 3396 5195 Vidrsis
3437 5141 3605 5191 Annam
3637 5122 3705 5177 sub
3766 5198 3769 5201 ν

2246 5236 2480 5289 medium
2507 5234 2627 5288 libri
2655 5252 2671 5289 1
2704 5234 3036 5305 Corrigenda
3084 5232 3390 5301 hinc;obiter
3418 5238 3552 5295 prava
3580 5215 3705 5273 lecli‘h

2245 5336 2300 5379 et
2329 5341 2393 5383 es
2417 5341 2478 5381 ca
2516 5339 2642 5383 nata
2680 5344 2785 5383 non
2819 5340 2964 5383 recta
3015 5323 3373 5395 interpretatio
3404 5317 3491 5383 Ιοεί
3526 5314 3705 5403 cur???

2246 5416 2367 5475 latae
2394 5418 2445 5473 in
2479 5418 2783 5483 Botaniate,
2809 5436 2929 5490 pag.
2968 5419 3071 5474 866
3142 5416 3385 5471 editionis
3420 5406 3568 5497 Regiis
3593 5419 3605 5453 :
3630 5397 3705 5497 iit!"

2258 5508 2447 5564 ἔκτοτε
2498 5511 2528 5562 ὁ
2571 5510 2736 5573 τόπος
2800 5511 3111 5580 ὠνόμασται
3167 5507 3349 5578 βρύσις
3407 5498 3489 5553 τοῦ
3540 5494 3703 5549 Βισιλασ

2262 5601 2404 5653 κίον·
2444 5601 2573 5665 Qum
2604 5603 2684 5657 sic
2739 5601 2916 5657 reddit
2957 5604 3217 5666 interpres
3244 5614 3258 5650 :
3292 5594 3351 5647 Et
3381 5608 3437 5644 ex
3462 5605 3511 5640 eo
3542 5583 3703 5642 tetuth

2246 5690 2391 5745 locus
2421 5691 2511 5746 ille
2562 5692 2859 5762 appellatus
2911 5704 2987 5747 est
3034 5691 3263 5762 {seruitus
3291 5678 3530 5739 [Iasi/acii.
3559 5670 3701 5737 Ιιιέεῐε
