3986 6212
298 295 426 361 122'.

293 415 438 468 enim
473 413 661 468 maluit
709 413 895 486 βρύξις
922 430 1088 486 quam
1124 413 1340 484 βρύσις,
1391 423 1581 466 contra
1618 411 1864 468 codicum

297 504 506 570 (idum;
542 521 752 574 parum,
812 515 870 559 ut
913 504 1178 574 suspicari
1232 517 1462 571 pronum
1521 511 1626 568 est,
1661 500 1868 555 habens

293 603 653 660 conpertum,
679 595 806 662 quid
839 593 890 648 id
920 595 1070 648 vocis
1099 603 1265 648 esset.

365 684 631 752 Βυκάνη.
660 684 780 738 Lib.
818 702 893 749 ιι,
926 693 1052 739 ante
1082 686 1346 748 medium.
1392 683 1462 738 al.
1494 683 1690 755 βυκινη
1728 683 1860 738 buc-

292 776 436 830 cina.
468 777 556 830 Sic
584 778 804 846 μήχανη
835 776 1106 841 machina,
1138 775 1382 848 τρυτάνη
1417 776 1638 829 trutina.

1046 909 1108 961 Γ.

371 1025 716 1090 Γενούσιος.
787 1025 902 1079 Lib.
963 1041 1056 1091 ιιι,
1105 1024 1386 1088 ravo-36m;
1435 1023 1620 1087 στόλος
1674 1021 1865 1078 classis

297 1116 640 1172 Geuuensis.‘

369 1209 632 1275 Γήπεδα.
697 1209 813 1264 Lib.
873 1227 961 1272 xv,
1005 1219 1124 1278 post
1184 1210 1438 1263 medium.
1493 1210 1642 1261 I-lanc
1679 1221 1862 1261 vocem

294 1312 514 1356 enarrat
542 1303 855 1356 Eustathius
877 1303 945 1356 ad
969 1301 1136 1356 Iliad.
1170 1301 1220 1363 δ,
1262 1300 1344 1355 his
1373 1301 1587 1353 verbis:
1620 1298 1868 1368 Γήπεδον

302 1394 504 1461 μέντοι,
547 1393 608 1444 τὸ
653 1395 710 1444 ὲν
740 1393 891 1445 πόλει
924 1395 1282 1461 προκείμενον
1317 1391 1518 1454 οἰκίας,
1555 1383 1668 1440 οἷον
1697 1389 1866 1456 κηπί-

294 1483 425 1537 δ;ον.
465 1482 578 1538 Hoc
614 1493 697 1539 est
750 1485 986 1554 γήπεδον
1037 1493 1252 1537 vocatur
1305 1483 1500 1552 fundus
1569 1491 1660 1534 aut
1709 1489 1865 1534 terra!

293 1593 439 1643 parte
471 1580 695 1646 spatium
733 1580 874 1633 intra
899 1579 1074 1632 urbem
1105 1580 1405 1648 contiguum
1431 1577 1651 1641 «edibus,
1683 1576 1859 1644 cujus-

294 1671 434 1722 modi
471 1681 547 1724 est
575 1671 779 1725 hortus.

368 1761 655 1816 Γλῶσσα.
708 1763 914 1818 Praeter
943 1763 1354 1819 usitatissitnam
1403 1761 1660 1817 omnibus
1707 1774 1868 1813 voca-

295 1855 404 1907 buli
458 1856 616 1926 hujus
681 1858 981 1919 notionem,
1039 1857 1198 1911 aliam
1261 1856 1310 1910 ei
1347 1857 1519 1921 valde,
1575 1856 1627 1909 ni
1687 1853 1863 1917 fallor,

291 1947 616 2014 singularem
652 1949 802 2001 Anna
845 1958 1026 2002 nostra
1056 1948 1294 2019 subjicit,
1334 1947 1461 2003 dum
1490 1947 1570 2002 sic
1609 1946 1702 2000 lib.
1735 1961 1861 2010 xm,

291 2042 388 2092 sub
442 2041 674 2094 medium
711 2057 831 2111 pag.
865 2041 992 2106 594,
1029 2043 1214 2096 scribit
1253 2058 1268 2095 :
1303 2042 1550 2104 Σκοποὺς
1586 2041 1644 2092 ὲν
1675 2040 1864 2108 διαφό-

294 2149 409 2203 ροις
443 2133 724 2201 ἐξέπεμπε
760 2134 979 2198 τόποις,
1008 2133 1332 2205 περιαθρεῖν
1363 2133 1429 2187 τὰ
1456 2134 1585 2204 περὶ
1619 2131 1710 2185 τὸν
1738 2133 1867 2186 Bai.

294 2222 544 2292 μςῦντον,
579 2224 674 2274 καὶ
700 2223 949 2290 γλῶτταν
989 2225 1135 2295 αὑτῷ
1166 2225 1374 2277 ἐκεῖθεν
1409 2225 1660 2293 κομίσαι.
1694 2223 1750 2277 In
1780 2224 1865 2278 his

290 2315 422 2369 satis
457 2325 677 2383 apparet
705 2315 954 2383 γλῶτταν
979 2317 1083 2371 dici
1119 2326 1323 2372 certum
1355 2327 1406 2371 et
1436 2317 1769 2387 exploratum
1796 2317 1865 2372 de

294 2409 450 2460 hoste
480 2407 748 2460 nuntium.
783 2407 1012 2462 Locutio
1044 2421 1124 2462 est
1154 2409 1236 2464 vel
1283 2409 1489 2478 origine
1524 2409 1751 2472 Gallica.
1778 2411 1863 2467 vel

292 2495 465 2550 sacris
486 2495 919 2564 expeditionibus
944 2511 974 2551 e
1000 2497 1206 2552 Graecia
1262 2497 1315 2550 in
1371 2496 1598 2550 Galliam
1630 2510 1658 2548 a
1694 2495 1863 2552 Gallis

292 2599 600 2656 reportata;
637 2600 784 2642 certe
811 2589 1076 2658 hodieque
1105 2590 1185 2643 vel
1231 2591 1471 2643 maxime
1498 2589 1710 2660 vigens.
1771 2588 1862 2644 Sic

290 2680 434 2731 enim
478 2681 635 2750 vulgo
682 2682 911 2736 dicimus
941 2699 954 2734 :
986 2681 1220 2735 Prendre
1247 2681 1440 2751 langue
1487 2683 1577 2735 des
1607 2683 1859 2738 canentis.

300 2769 609 2835 Usurpatur
641 2773 768 2827 item
799 2774 923 2828 alibi
959 2775 1026 2827 ab
1055 2777 1208 2826 Anna
1240 2774 1489 2842 γλώττης
1539 2790 1730 2828 nomen
1770 2791 1866 2843 pro

293 2871 453 2936 terra:
484 2873 656 2917 tractu
696 2867 830 2918 mari
866 2876 1149 2934 praeterito,
1177 2875 1267 2920 aut
1301 2868 1478 2935 potius
1522 2869 1573 2921 in
1607 2882 1756 2921 mare
1784 2871 1866 2922 in-

295 2967 569 3009 Currcnte.
603 2956 873 3025 Allegoria
911 2959 1242 3012 nostratibus
1264 2975 1478 3028 quoque
1501 2976 1604 3014 non
1631 2961 1860 3025 insueta,

297 3047 386 3114 qui
419 3046 681 3116 ejusmodi
720 3048 1087 3116 promontoria
1121 3059 1317 3102 vocant
1362 3050 1578 3118 (angues
1608 3053 1671 3103 de
1702 3059 1860 3104 terre.

289 3136 468 3193 Locus
512 3150 596 3192 est
649 3138 742 3194 lib.
792 3154 905 3205 xu,
959 3149 1077 3208 post
1126 3140 1268 3196 med.
1304 3157 1318 3194 :
1352 3143 1488 3195 Κατ’
1535 3143 1705 3215 αὐτὴν
1760 3142 1862 3214 τὴν

286 3229 544 3297 γλῶσσαν
593 3231 802 3285 σκοπέα
844 3233 1156 3286 κατέλιπον.
1212 3231 1326 3288 Nisi
1377 3234 1598 3302 γλῶσσα
1661 3235 1858 3292 fretum

289 3332 385 3374 aut
421 3322 701 3391 trajectum
740 3324 826 3377 hic
860 3325 1036 3393 potius
1066 3333 1244 3380 sonat.

361 3414 648 3480 Γόνατος.
687 3413 803 3468 Lib.
836 3429 913 3482 xi,
946 3431 1068 3486 pag.
1102 3417 1227 3470 5H.
1281 3415 1485 3472 Nomen
1546 3419 1708 3473 turris
1763 3419 1859 3474 Ni-

286 3518 529 3559 C'J‘CIISIS.

1031 3621 1090 3672 Δ.

357 3731 667 3785 Διαλαλιά.
715 3731 987 3800 Edictum,
1037 3734 1354 3800 admonitio,
1401 3737 1479 3790 cri
1517 3738 1716 3808 public,
1762 3741 1855 3798 lib.

284 3837 409 3888 vm,
444 3833 561 3892 post
587 3825 726 3879 med.

359 3915 780 3984 Διακράτησις.
816 3917 1116 3985 Possessio,
1161 3919 1254 3974 lib.
1291 3937 1422 3987 xui,
1476 3924 1526 3977 in
1569 3925 1715 3994 pacis
1773 3925 1859 3980 in-

284 4019 588 4065 strumento
621 4009 972 4064 Baimundum
1000 4011 1140 4066 inter
1160 4022 1214 4065 et
1235 4012 1505 4068 Alexium.

357 4099 683 4154 Δουκάτον.
717 4099 838 4155 Lib.
869 4117 992 4170 xui,
1020 4101 1265 4168 ducatus,
1301 4103 1349 4158 le
1373 4105 1563 4160 ductae.

1043 4238 1104 4292 E.

358 4353 630 4423 ’Βαρινὸς
663 4356 891 4422 καιρός.
941 4352 1020 4406 La
1076 4370 1382 4424 campagnc,
1445 4371 1606 4412 omne
1644 4368 1855 4431 tempus

283 4465 394 4518 quo
423 4446 620 4501 bellum
663 4447 776 4516 geri
829 4446 929 4500 sub
980 4446 1069 4499 dio
1117 4455 1330 4515 potest,
1383 4464 1412 4502 a
1466 4464 1590 4505 vere
1641 4453 1708 4507 ad
1757 4468 1855 4507 au-

285 4549 558 4593 tumnum.
589 4535 708 4592 Lib.
745 4553 822 4601 lx,
857 4537 1035 4592 initio.

359 4629 715 4698 Ἐγχόρηγα.
784 4627 1048 4684 Dicuntur
1112 4629 1318 4699 lapides
1397 4631 1462 4685 ad
1527 4642 1854 4688 structuram

285 4736 513 4791 peregre
549 4720 789 4782 advecti,
848 4735 956 4774 non
991 4719 1225 4775 indidem
1262 4721 1349 4774 ubi
1387 4722 1688 4778 aediﬁcatur
1719 4740 1860 4781 sum-

283 4813 388 4884 pti,
436 4813 525 4866 lib.
562 4828 644 4868 ιιι.
695 4811 894 4866 Portus
929 4812 1393 4882 Constantinopoli
1434 4813 1701 4870 Bucoleon
1759 4834 1858 4886 ap-

283 4908 536 4980 pellatus,
568 4906 766 4960 dicitur
800 4915 1024 4961 ornatus
1064 4905 1179 4976 jam
1215 4907 1346 4961 olim
1382 4907 1550 4963 fuisse
1579 4908 1647 4962 δι’
1697 4912 1862 4980 ἐγχο.

289 5000 475 5072 ρήγων
505 4997 597 5050 καὶ
629 4996 959 5068 μαρμάρων.
988 4995 1104 5050 Lib.
1132 5014 1185 5052 xl
1219 4999 1376 5067 paulo
1405 5009 1532 5054 ante
1557 5001 1739 5068 linem,
1760 5019 1854 5057 arx

286 5091 354 5144 ad
391 5089 708 5143 Laodiceam
739 5097 1012 5143 exstructa
1065 5089 1262 5142 dicitur
1292 5090 1358 5142 δι’
1392 5091 1722 5163 ἐγχορήγου,
1775 5095 1858 5146 ni—

289 5180 488 5234 mirum
541 5193 605 5233 ex
665 5178 889 5232 materia
938 5177 1093 5248 longe
1127 5181 1355 5235 navibus
1406 5182 1717 5248 importata.
1767 5184 1857 5239 Sic

287 5271 432 5324 enim
458 5269 560 5324 loci
591 5272 855 5325 sententia
887 5270 1056 5340 exigit
1086 5285 1244 5339 quam
1278 5271 1370 5340 qui
1419 5275 1659 5327 attcudet
1701 5273 1858 5328 intelo

285 5362 418 5431 liget
449 5377 628 5421 arcem
681 5362 734 5415 in
792 5362 970 5417 hostili
1016 5360 1132 5416 solo
1187 5371 1242 5418 et
1295 5364 1346 5416 in
1399 5362 1586 5417 sabulo
1651 5365 1857 5435 trepide

283 5464 546 5509 structam
598 5471 701 5510 non
739 5453 844 5509 nisi
881 5454 1098 5509 aliunde
1139 5453 1288 5510 illata
1341 5453 1596 5510 atdilicari
1631 5457 1857 5512 materia

284 5547 549 5619 potuisse.

355 5636 661 5691 Ἐθνικόν.
711 5637 785 5689 Τὸ
817 5636 1047 5690 temo.
1106 5636 1290 5691 Militia
1341 5639 1688 5694 auxiliarium
1725 5656 1858 5711 gen-

288 5733 444 5798 tium,
475 5729 567 5786 lib.
603 5745 675 5786 tv.
714 5729 1014 5800 Aliquando
1060 5730 1395 5799 dubitabam,
1428 5746 1494 5786 an
1549 5749 1653 5788 non
1689 5735 1857 5790 eccle-

1459 296 1952 360 GLOSSARIUM
1979 293 2328 358 ANNEUM

1981 411 2202 467 siastice
2233 425 2334 464 vox
2373 422 2432 462 ea
2483 405 2554 461 ibi
2589 418 2947 479 usurparctur
2995 424 3094 482 pro
3125 409 3432 466 inﬁdelibus
3460 412 3551 481 qui

1975 502 2127 558 tnulti
2161 501 2463 556 militabant
2489 499 2587 554 sub
2612 499 2801 555 Alexio
2838 517 2852 556 :
2887 501 3049 558 Turci
3080 502 3294 558 saltem.
3345 501 3547 557 lterum

1977 594 2239 662 repetitur
2261 593 2354 650 lib.
2388 609 2461 648 v1.

2047 685 2302 740 Ἐκεῖσε.
2348 687 2612 746 Peculiari
2675 688 2892 742 notione
2951 697 3244 758 usurpatur
3294 687 3361 741 ab
3393 691 3543 741 Anna

1980 789 2077 842 pro
2113 773 2393 840 ἐπέκεινα,
2427 777 2593 841 ultra,
2626 779 2691 832 ad
2722 777 3051 845 designanda
3081 777 3195 830 loca
3224 787 3371 832 trans
3403 778 3548 832 limi-

1973 877 2101 922 tem.
2136 868 2227 924 Sic
2250 870 2436 928 eadem
2475 870 2625 932 alibi,
2654 871 2831 922 ἐκεῖσε
2848 869 2941 922 τοῦ
2972 870 3285 931 Δανούόεως
3321 870 3538 938 ῥέοντα,

1975 961 2038 1016 (1ο
2067 963 2300 1029 quodam
2339 963 2502 1018 ﬂuvio
2535 963 2671 1016 ultra
2696 962 3019 1018 Danubium.
3057 963 3124 1016 Et
3147 963 3300 1017 initio
3341 963 3434 1018 lib.
3457 979 3546 1027 xv,

1973 1055 2153 1106 ἐκεῖσε
2215 1055 2279 1109 de
2311 1054 2434 1110 Asia
2496 1055 2726 1120 dicitur;
2763 1057 2960 1124 quippe
2991 1056 3128 1108 ultra
3185 1058 3380 1110 fretum
3416 1056 3544 1110 sita.

1977 1141 2265 1198 Scribebat
2309 1145 2561 1202 videlicet
2607 1145 2759 1198 Anna
2790 1143 3256 1216 Constantinopoli
3312 1147 3389 1198 cis
3426 1143 3550 1198 llel-

1974 1236 2302 1302 lcspoutum.

2042 1329 2495 1398 Ἐμπεριϐόλως.
2550 1329 2664 1386 Lib.
2698 1346 2727 1380 ν
2771 1342 3038 1394 extremo,
3089 1332 3238 1384 Anna
3293 1332 3394 1384 hoc
3455 1330 3548 1381 ad—

1976 1421 2219 1475 verbium
2257 1422 2517 1489 impendit
2548 1421 2866 1492 explicando
2913 1422 3229 1475 chatractere
3274 1419 3388 1472 Itali
3448 1419 3549 1474 So-

1973 1510 2164 1577 lllllSliI!
2196 1514 2279 1564 cui
2315 1513 2693 1583 στρυφνότητα
2729 1513 2824 1565 καὶ
2854 1512 2915 1565 τὸ
2946 1512 3308 1580 ἐμπερίὸο>.ον
3337 1511 3545 1568 tribuit.

1973 1599 2086 1654 lloc
2112 1602 2237 1668 quid
2270 1603 2332 1654 sit
2368 1603 2640 1674 explicare
2667 1619 2770 1656 uon
2796 1601 2951 1669 hujus
2985 1619 3159 1674 Opera:
3186 1603 3358 1656 fuerat
3383 1603 3545 1656 verba

1974 1693 2233 1744 duntaxat
2286 1707 2422 1744 nova
2488 1707 2756 1759 exponere
2807 1708 3075 1762 aggressa:
3135 1709 3147 1745 :
3203 1694 3304 1746 nisi
3351 1693 3547 1748 Lexita

1975 1778 2215 1847 vulgaria
2257 1795 2446 1848 parum
2484 1781 2569 1833 hic
2599 1779 2832 1834 feliciter
2865 1794 3172 1850 suisea-piam
3210 1783 3542 1851 provinciam

1973 1879 2224 1944 gererent
2263 1869 2453 1940 (llenr.
2486 1869 2747 1940 Stephan.
2811 1884 2941 1928 tom.
2979 1873 2996 1926 ι
3063 1873 3214 1929 Thes.
3273 1877 3376 1930 col.
3409 1875 3545 1942 696;

1972 1964 2363 2020 Constantinus
2394 1964 2543 2020 verb.
2574 1965 2960 2038 ἐμπερίϐολος)
3015 1967 3178 2019 Aiunt
3213 1968 3354 2022 enim
3387 1967 3550 2036 λόγον

1972 2056 2342 2130 ἐμπερίϐολον
2382 2059 2682 2112 orationem
2715 2073 2832 2112 esse
2865 2070 3111 2112 ornatam
3143 2067 3192 2112 et
3220 2061 3546 2127 elegantem,

1971 2163 2074 2202 nec
2097 2159 2308 2213 eXacte,
2359 2149 2461 2204 ni~i
2497 2149 2674 2215 fallor,
2733 2165 2830 2204 nec
2885 2152 3019 2204 satis
3057 2151 3120 2205 ad
3158 2159 3392 2205 mentem
3432 2152 3549 2222 ejus

1975 2241 2120 2293 unde
2146 2240 2448 2295 hauserunt
2481 2241 2662 2295 Budaai
2688 2243 2782 2295 τοῦ
2823 2242 2988 2306 πάνυ,
3027 2243 3117 2312 qui
3149 2243 3304 2312 plane
3335 2243 3548 2297 subtili-

1974 2339 2058 2382 ter
2114 2339 2168 2384 et
2229 2331 2438 2384 erudite
2491 2331 2640 2384 vocis
2692 2331 2854 2400 hujus
2916 2335 3188 2386 notionem
3249 2333 3546 2396 edisserit,

1971 2437 2095 2496 pag.
2153 2422 2255 2476 467
2311 2423 2840 2478 Commentariorum
2891 2440 3134 2490 suorum,
3179 2425 3309 2479 edit.
3367 2422 3546 2481 Paris.

1973 2518 2098 2572 anni
2147 2517 2315 2582 1548;
2374 2516 2756 2586 concluditque
2809 2517 3108 2586 perspectis
3154 2515 3406 2570 omnibus
3453 2516 3548 2567 τὸν

1971 2607 2328 2680 ἐμπερίϐολον
2361 2608 2518 2675 λόγον
2545 2609 2743 2678 opponi
2773 2607 2848 2680 τῷ
2883 2607 3111 2678 καθαρῷ
3147 2623 3280 2676 puro
3302 2607 3541 2661 sermoni

1972 2704 2222 2769 nudoque
2254 2717 2267 2754 :
2301 2719 2327 2754 a
2360 2718 2468 2771 quo
2517 2704 2742 2754 multum
2791 2717 2894 2753 non
2932 2701 3192 2753 abhorret
3228 2699 3392 2751 Anna:
3451 2716 3549 2749 no-

1971 2805 2099 2848 sme
2152 2794 2426 2846 sententia
2461 2809 2474 2846 ε
2511 2808 2628 2860 quae
2659 2792 2772 2845 Itali
2809 2792 3108 2845 orationem
3139 2799 3358 2856 tectam,
3388 2789 3542 2842 solli-

1972 2888 2159 2950 citam,
2193 2888 2537 2941 cautionihus
2588 2886 2984 2955 prmmunitam,
3043 2886 3270 2951 indeque
3326 2884 3546 2936 minime

1973 2995 2162 3048 puram
2197 2996 2261 3035 ac
2291 2980 2590 3049 simplicem
2642 2979 2809 3033 fuisse
2837 2980 3013 3032 docet.
3062 2977 3192 3030 Nam
3226 2976 3545 3046 elegantiam

1971 3072 2187 3140 quidem
2222 3074 2356 3126 adeo
2401 3073 2450 3123 ei
2479 3071 2679 3124 nullam
2740 3069 2954 3132 tribuit,
3002 3077 3061 3122 ut
3113 3083 3312 3137 passm
3350 3068 3545 3120 barba-

1970 3163 2155 3218 rismis
2203 3173 2259 3216 et
2318 3163 2738 3232 stribiliginlhus
2791 3161 3109 3216 lutulentam
3169 3161 3391 3216 ﬂuxisse
3461 3176 3546 3213 rc-

1967 3255 2288 3325 prehendat.

2038 3348 2383 3416 Ἔεισότης,
2417 3363 2538 3418 pag.
2571 3347 2696 3403 250.
2731 3345 2928 3411 Judex,
2991 3357 3210 3414 praetor,
3270 3347 3544 3416 inspector

1967 3453 2211 3510 prasens
2255 3448 2309 3493 et
2364 3440 2692 3508 compositor
2738 3453 2917 3493 rerum
2957 3437 3010 3491 in
3051 3438 3384 3507 provinciam
3422 3452 3544 3492 cum

1969 3536 2234 3596 potestate
2266 3529 2482 3582 missus.
2551 3526 2680 3582 Vide
2727 3527 2950 3582 Suidatn
2999 3537 3050 3581 et
3102 3526 3272 3581 Notas
3300 3527 3452 3582 Post.
3490 3528 3540 3581 in

1965 3619 2296 3684 Cedrenum,
2323 3621 2388 3671 ad
2421 3636 2541 3688 pag.
2573 3618 2698 3674 59l.

2039 3708 2526 3775 Ἐξιππὰζεσθαι.
2580 3707 2697 3764 Lib.
2731 3724 2804 3772 tv,
2860 3717 2983 3778 post
3015 3709 3249 3762 n'edium
3280 3727 3293 3761 :
3325 3709 3548 3765 omissis

1968 3803 2182 3873 equites
2211 3804 2365 3869 equis
2391 3801 2572 3854 subito
2601 3801 2806 3870 peditus
2839 3800 2892 3853 in
2923 3801 3129 3854 hostem
3161 3800 3375 3853 vadere.

2037 3893 2435 3958 Ἕξκουόιταέ.
2471 3892 2514 3945 Α
2549 3901 2696 3946 recto
2739 3891 3023 3962 singulari,
3069 3891 3414 3962 ὲξκουϐιτής.
3451 3891 3548 3948 Sic

1967 3987 2125 4058 plane
2180 3985 2462 4054 legendum
2496 3985 2588 4039 lib.
2621 3999 2696 4049 tv,
2730 3984 2875 4038 circa
2909 3983 3168 4048 medium,
3237 3983 3324 4035 ubi
3374 3986 3544 4038 codex

1967 4089 2152 4134 noster
2181 4077 2494 4142 tEouﬁtrt‘bv,
2529 4077 2648 4131 sine
2675 4076 2840 4132 dubio
2867 4077 2992 4140 ullo,
3046 4091 3141 4144 pro
3183 4075 3541 4140 ὲξκουσιτῶν,

1969 4171 2151 4226 habet.
2207 4169 2377 4225 Porro
2440 4169 2761 4240 ὲξκουόιτής
2818 4170 2957 4222 idem
3001 4169 3143 4238 quod
3178 4168 3544 4238 ὲξκουὸίτωρ,

1966 4265 2120 4332 quod.
2141 4263 2463 4318 vocabulum
2497 4277 2618 4317 eum
2648 4273 2702 4316 et
2748 4261 3017 4317 Meursius
3065 4272 3117 4316 et
3157 4262 3386 4317 Carolus
3433 4265 3544 4315 An-

1966 4356 2115 4410 nibal
2141 4353 2415 4410 Fabrotus
2445 4356 2496 4409 in
2528 4357 2642 4409 suis
2675 4353 2967 4409 Glossariis
3003 4355 3289 4424 diligenter
3318 4371 3544 4410 enarra-

1966 4450 2164 4509 verint,
2196 4449 2416 4502 verbum
2453 4463 2558 4501 non
2591 4449 2807 4501 addam.

2038 4541 2468 4606 Ἐξκουσάτος.
2521 4539 2724 4593 Nomen
2775 4541 2949 4594 navis.
3006 4537 3125 4591 Lib.
3161 4553 3217 4600 χ,
3274 4543 3540 4606 post‘mc-

1968 4632 2111 4686 dium
2139 4649 2153 4684 :
2196 4630 2511 4683 Ἀπέστειλε
2536 4629 2631 4680 τὸν
2659 4627 2992 4695 καλούμενον
3039 4627 3292 4695 δεύτερῡν
3323 4627 3540 4695 Minya

1971 4725 2112 4798 μετὰ
2158 4723 2253 4777 τοῦ
2301 4723 2434 4775 ἰδίου
2481 4722 2778 4792 κατέργου,
2834 4718 3167 4784 ὲξκουσάτου
3221 4719 3378 4788 παρὰ
3427 4721 3542 4779 τοῖς

1967 4819 2244 4880 ναυτικοῖς
2271 4813 2634 4882 καλουμένου.
2664 4811 2859 4868 Comes
2892 4812 2978 4866 hic
3003 4811 3276 4866 secundus
3307 4809 3540 4864 fortasse

1969 4911 2015 4965 is
2045 4919 2137 4962 aut
2171 4911 2219 4963 ei
2258 4908 2454 4961 similis
2504 4907 2668 4960 fuerit
2704 4919 2862 4972 quem
2900 4902 3340 4970 contramiralem
3369 4903 3539 4955 nostri

1968 5001 2156 5056 dicunt
2190 5017 2204 5054 :
2232 4999 2385 5069 cujus
2418 4999 2570 5052 navis
2601 5013 2628 5050 a
2677 4997 2928 5066 przetoria
2980 4997 3218 5050 secunda
3267 4992 3538 5047 Excutiam

1968 5091 2148 5145 vocari
2180 5089 2336 5146 solita
2371 5099 2514 5144 esset
2546 5105 2575 5143 a
2614 5089 2866 5142 nauticis.

2039 5181 2502 5248 Ἐξουσιαστής.
2562 5179 2678 5234 Lib.
2738 5195 2822 5244 tt,
2875 5185 2994 5248 post
3030 5177 3197 5241 med.,
3258 5177 3537 5247 princeps,

1969 5275 2246 5346 toparcha,
2283 5274 2535 5344 dynasta.

2035 5367 2565 5436 Ἔξουσιοκράτωρ.
2618 5364 2732 5419 Lib.
2783 5379 2880 5419 xui
2911 5403 2925 5430 ,
2969 5364 3068 5419 sub
3097 5364 3236 5418 med.
3266 5377 3280 5414 :
3310 5362 3414 5416 Τὸν
3444 5359 3539 5424 ιε-

1967 5459 2363 5528 ουσιοκράτορα
2416 5457 2734 5528 Ῥωμίσκην
2795 5455 2858 5510 τὸ
2903 5455 3076 5523 δεξιὸν
3121 5456 3386 5524 ἐπέχοντα
3439 5453 3537 5505 κέ-

1971 5567 2091 5622 ρας.
2139 5548 2390 5603 Militaris
2425 5549 2857 5619 id‘magistratus
2889 5563 3105 5601 nomen.

2039 5640 2408 5706 Ἐξὼπολσνο
2456 5639 2618 5695 Forte
2688 5640 2878 5694 melius
2937 5636 3252 5704 ὲξώπυλον,
3290 5635 3382 5694 ltb.
3441 5647 3534 5702 Vl,

1965 5748 2093 5806 P33.
2123 5733 2250 5804 180,
2279 5734 2516 5793 exterior
2540 5731 2775 5789 ambitus
2811 5744 3108 5788 murorum.
