3986 6212
612 423 1027 480 Ἐπισκὺι·ιον.
1061 418 1307 486 Antiqua:
1352 409 1712 468 institutionis
1743 423 1883 474 vox;
1932 407 2024 461 sed
2061 406 2112 457 iu

547 536 650 590 qua
691 515 930 572 nonnihil
961 514 1113 566 Anna
1150 521 1334 563 nostra
1386 503 1722 572 καινοτομιῖ.
1781 501 1834 555 Id
1880 513 1986 570 quo
2035 497 2119 549 in-

548 612 838 680 telligatttr,
874 621 1034 676 quam
1074 599 1409 661 necessario,
1447 607 1552 651 tam
1592 594 1828 649 breviter
1868 599 2119 658 repeten-

549 712 670 760 tium
705 717 806 769 est,
842 702 980 772 quod
1020 699 1260 753 nationis
1305 697 1428 748 huic
1470 692 1637 746 verbo
1671 687 2006 756 subiecerint
2031 700 2124 738 ve—

549 809 712 850 teres.
783 793 1098 847 Eustathius
1149 790 1212 842 ad
1285 787 1480 854 Odyss.
1537 801 1574 850 η
1624 797 1638 833 ι
1685 778 2031 833 Ἐπισκννίου
2089 776 2124 843 ἡ

550 884 818 956 ἑρμηνεία
868 881 1020 950 παρὰ
1069 882 1182 941 τοῖς
1245 877 1497 936 παλαιοῖς
1556 872 1736 941 αὖτησ
1805 868 2126 923 ἐπισκύνιον

549 978 691 1045 ὺπέρ
752 973 925 1043 ὀφρὺν
984 969 1335 1040 ἐποφρύδιον.
1409 967 1548 1020 Idem
1611 963 1736 1018 alibi
1793 975 1986 1028 nempe
2055 957 2124 1011 ad

549 1067 714 1122 Iliad.
741 1084 771 1137 ρ
813 1090 823 1122 ;
869 1063 1220 1116 Ἐπισκύνιον
1259 1061 1314 1113 δέ
1355 1061 1494 1120 ἐστι,
1527 1057 1666 1110 κατὰ
1703 1055 1830 1114 τοὺς
1864 1051 2129 1112 παλαιοὺς

550 1158 746 1220 εἰπεῖν,
790 1155 1082 1224 ἐπίδερμον
1119 1151 1146 1204 ὃ
1193 1148 1520 1218 ἐπιχαλᾶται
1573 1149 1686 1207 τοῖς
1733 1144 1842 1196 τῶν
1890 1141 2125 1194 λεόντων

552 1249 855 1319 ὀφθαλμοῖς
887 1247 982 1299 καὶ
1011 1244 1280 1298 καλύπτει
1310 1242 1510 1302 αὐτοὺς
1547 1235 1774 1308 προνοίᾳ
1807 1233 2044 1302 φύσεως,
2069 1232 2128 1284 οὐ

551 1343 807 1395 τοσοῦτον
836 1341 923 1391 διὰ
963 1338 1134 1406 ϐωμὸν
1167 1339 1256 1389 ὅτε
1301 1333 1560 1397 σκύζεται
1593 1331 1652 1384 τὺ
1686 1331 1896 1398 Θηρίον,
1924 1328 1951 1379 ὅ
1983 1327 2130 1378 ἐστιν

553 1433 858 1503 ὀργίζεται,
892 1433 1015 1484 ὅσον
1059 1431 1171 1493 ἵνα,
1233 1427 1309 1496 μὴ
1344 1427 1557 1496 βλέπων
1592 1423 1660 1475 τὰ
1690 1419 2134 1490 ἐπιρῤιπτὸμενα

559 1531 712 1600 βέλη,
736 1527 1090 1594 δειλαίνηται.
1116 1522 1192 1576 Ex
1226 1522 1327 1585 bis,
1356 1520 1605 1585 adjuncto
1639 1515 1929 1569 scholiaste
1950 1512 2136 1564 Nicmt-

557 1624 638 1675 dri
676 1623 766 1689 qui
824 1618 1141 1670 ἐπισκύνιον
1173 1629 1293 1668 esse
1315 1613 1388 1664 ait
1413 1611 1470 1662 τὸ
1493 1609 1677 1661 ἐπάνω
1700 1607 1808 1658 τῶν
1840 1603 2134 1672 ὀφθαλμῶν

562 1716 748 1785 μέρος,
791 1714 908 1782 ἦτοι
945 1711 1160 1780 δέρμα,
1209 1709 1340 1759 satis
1366 1712 1578 1756 constat
1620 1701 1719 1753 hoc
1759 1696 2024 1750 vocabulo
2063 1694 2137 1747 si—

558 1807 801 1876 gnitic'ari
844 1805 1031 1873 pellem
1064 1800 1434 1854 imminentem
1468 1794 1667 1854 oculis,
1694 1805 1746 1845 et
1773 1807 1868 1844 eos
1904 1801 2136 1858 superne

560 1907 950 1966 protegentem,
1005 1909 1124 1962 qua:
1161 1893 1210 1944 itt
1256 1887 1501 1943 leonibus
1560 1884 1733 1936 laxior
1782 1890 1885 1945 cst,
1938 1890 1991 1934 et
2043 1878 2138 1931 de-

561 1991 697 2044 mitti
728 1991 867 2043 sulet
919 2002 1039 2040 cum
1084 1985 1162 2036 ira
1222 1981 1491 2042 feruntur,
1537 1974 1875 2046 providentia
1906 1971 2136 2040 quadam

562 2093 768 2135 naturae
805 2081 855 2132 id
882 2077 1110 2147 agentis,
1150 2089 1214 2126 ue
1241 2081 1535 2140 conspectu
1568 2068 1796 2120 telorum
1835 2079 2139 2132 generosus

562 2178 792 2243 impetus
819 2174 933 2235 ejus
967 2171 1148 2224 bestia:
1181 2165 1506 2227 retardetur,
1563 2175 1683 2229 quae
1716 2158 1843 2212 inde
1876 2157 2050 2210 audax
2085 2165 2141 2209 et

565 2268 720 2321 fortis
745 2265 926 2325 irruih
956 2264 1094 2330 Quod
1131 2275 1270 2313 circa
1312 2255 1460 2309 rabie
1509 2267 1746 2323 νιωοεῑιε
1783 2250 1987 2315 fcrl'";
2028 2248 2143 2316 pe"

564 2359 702 2412 libus
727 2356 1142 2424 superciliorum
1176 2367 1240 2404 eo
1289 2364 1409 2405 sese
1447 2348 1671 2400 inferius
1715 2342 2142 2404 detnittentibus,

565 2439 673 2518 quo
707 2451 784 2502 ira
835 2447 1025 2516 majori
1081 2443 1390 2497 elfervescit
1445 2441 1653 2494 irritata
1708 2436 1907 2490 bellua.
1964 2434 2144 2500 Quare

569 2543 698 2594 illud
750 2555 813 2592 ex
876 2549 1084 2590 natura:
1139 2533 1374 2603 peritia,
1438 2531 1503 2582 ad
1574 2527 1772 2582 furoris
1840 2527 2141 2593 emphasim

567 2627 1029 2685 vehementissimi
1082 2627 1149 2679 ab
1209 2621 1442 2676 llomero
1495 2619 1562 2674 de
1614 2618 1769 2673 leone
1808 2618 2009 2670 dictum
2065 2627 2148 2669 est

568 2723 731 2776 Iliad.
769 2738 799 2791 ρ
828 2738 840 2773 :

575 2837 686 2890 Πᾶν
719 2834 775 2886 δέ
807 2834 852 2888 τ’
880 2833 1188 2886 ἐπισκύνιον
1220 2829 1372 2884 κάτω
1403 2828 1624 2881 ἕλκεται
1658 2824 1784 2878 ὄσσε
1831 2823 2132 2877 καλύπτον.

575 2953 716 3005 Hinc
746 2951 1032 3004 (Tmsarissa
1065 2957 1248 3000 nostra
1286 2944 1571 3011 imaginem
1620 2949 1860 2994 mutuata
1911 2949 1993 2991 est
2040 2937 2150 2990 ele-

569 3045 748 3114 gantis
785 3041 1070 3110 allegoriae,
1109 3035 1438 3092 transferens
1466 3032 1781 3086 ἐπισκύνιον
1828 3031 1893 3083 ad
1936 3029 2142 3098 signiti-

570 3136 801 3190 candutn
835 3133 1031 3202 capitis
1069 3142 1279 3200 tegmen
1305 3129 1560 3182 usitatum
1598 3123 1993 3190 professoribus
2025 3121 2149 3176 vim

572 3228 909 3289 monasticae,
941 3223 1080 3293 quod
1126 3223 1238 3290 ipsa
1275 3219 1536 3273 cuculium
1565 3216 1689 3270 alibi
1725 3223 1904 3268 vocat.
1935 3213 1987 3266 Id
2021 3212 2157 3266 solet

570 3322 637 3373 ad
671 3316 941 3386 specimen
997 3313 1270 3367 modestia:
1321 3311 1477 3378 longe
1531 3307 1669 3361 infra
1726 3306 1912 3360 oculos
1946 3302 2154 3358 demitti

570 3421 627 3466 et
655 3409 855 3462 vultum
887 3415 1052 3476 atque
1106 3419 1167 3457 os
1201 3403 1550 3465 inumbrare;
1588 3397 1968 3464 tristitiamque
2008 3395 2151 3450 illam

586 3499 948 3556 venerabilem
988 3507 1042 3550 et
1077 3494 1382 3564 religiosam
1429 3491 1685 3544 inducere
1710 3530 1726 3552 ,
1774 3503 1894 3556 qua:
1947 3487 2152 3549 etiam,

577 3607 680 3644 non
712 3589 792 3644 ira
847 3587 960 3640 sola
987 3621 1003 3648 ,
1055 3584 1219 3637 verbo
1270 3578 1493 3644 σκύζειν
1527 3590 1579 3632 et
1629 3575 1981 3646 σκυδμαίνειν
2013 3575 2155 3629 unde

574 3691 659 3735 est
697 3676 1049 3738 ἐπισκύνιον,
1081 3674 1419 3743 designatur,
1476 3669 1520 3724 si
1586 3670 1741 3724 bonis
1785 3666 2153 3737 graunnaticis

575 3763 850 3827 credimus
889 3786 903 3821 :
945 3767 1036 3837 qtti
1087 3781 1193 3820 non
1227 3762 1656 3834 itnprohabiliter
1689 3767 1976 3814 autumant
2031 3759 2156 3814 inde

573 3879 696 3919 esse
724 3858 1272 3931 tnetagramtnatismo
1309 3856 1542 3926 quodam
1593 3855 1655 3908 τὸ
1690 3852 2012 3923 σκυθρωπὸν
2060 3853 2155 3904 καὶ

584 3952 1027 4026 σκυθρωπάζειν.
1074 3950 1211 4005 Alibi
1245 3951 1408 4005 etiam
1459 3947 1612 4002 Anna
1659 3947 1845 4001 eadem
1899 3959 2154 3999 coronam

583 4047 911 4114 imperialcm
947 4058 1180 4114 superne
1209 4041 1444 4095 clausam
1469 4047 1833 4094 etconcavotn
1861 4076 1876 4102 ,
1915 4052 1976 4089 ac
2010 4036 2155 4090 vide-

581 4137 704 4189 hcet
745 4136 970 4186 frontem
1002 4135 1168 4200 ipsam
1196 4144 1365 4195 usque
1416 4128 1482 4181 ad
1530 4127 1816 4197 supercilia
1857 4134 2147 4195 tegentem,

591 4225 945 4278 trmtslationc
977 4240 1078 4277 non
1138 4223 1317 4276 minus
1359 4232 1501 4290 apta,
1566 4219 1879 4273 ἐπισκύνιον
1925 4219 2158 4288 appellnt.

585 4317 675 4370 lib.
715 4332 788 4369 Ix.

669 4404 1027 4469 Ἐπισκοπή.
1081 4404 1197 4458 Lib.
1241 4419 1349 4458 xw.
1400 4400 1626 4456 Videtur
1671 4417 1795 4456 esse
1835 4404 2023 4455 doums
2065 4413 2158 4457 aut

585 4501 836 4568 palatium
870 4498 1172 4566 episcopale
1211 4496 1602 4566 Tripolitanum
1650 4497 1700 4548 iu
1749 4510 1854 4563 quo
1911 4496 2055 4549 velut
2096 4497 2148 4550 in

585 4591 702 4645 lucu
729 4605 906 4655 sacro,
940 4586 1179 4658 depasita
1219 4587 1558 4656 imperatoris
1593 4587 1814 4656 pecunia
1847 4595 1925 4639 est
1958 4602 1984 4638 a
2010 4585 2152 4656 lega-

592 4697 660 4739 ιι,
688 4698 822 4751 t‘jtts.

1335 4813 1395 4866 Z.

657 4955 988 5018 Ζατρίκιον.
1009 4950 1224 5020 Accipio
1244 4952 1384 5004 ultro
1409 4957 1460 5002 et
1484 4949 1773 5019 comproho
1789 4949 2157 5018 conjecturam

587 5044 802 5098 Meursii
840 5044 1119 5115 ζατρίκιον
1151 5045 1333 5096 ludum
1363 5058 1482 5097 esse
1518 5042 1968 5104 latrunculornut,
1995 5042 2153 5113 vulgo

585 5139 962 5201 schaceorum,
1007 5136 1297 5204 Opinantis.
1349 5134 1493 5188 Satis
1545 5135 1595 5186 id
1649 5134 1879 5188 suadent
1922 5149 2040 5201 qua:
2091 5150 2155 5188 ex

585 5229 842 5282 At-hmetc
873 5236 926 5279 et
965 5243 1230 5296 anonymo
1284 5230 1348 5278 de
1405 5238 1520 5280 arte
1577 5225 1789 5280 l‘crsica
1851 5227 2156 5280 testimonia

586 5318 800 5373 recitat.
845 5315 955 5369 Nec
990 5315 1192 5368 abludit
1245 5317 1396 5370 Anna
1430 5335 1443 5370 :
1477 5315 1629 5381 cujus
1680 5315 1917 5367 narratio
1952 5314 2158 5384 exigit,

591 5421 648 5463 nt
677 5409 765 5465 hic
804 5408 961 5462 ludus
986 5405 1246 5474 ejusmodi
1275 5407 1440 5460 fuerit
1469 5407 1558 5475 qui
1584 5425 1610 5457 ιι
1640 5406 1973 5470 sedentibus,
1997 5416 2154 5474 atque

584 5504 722 5556 adeo
757 5497 1214 5560 recumbentibus,
1256 5504 1437 5566 posset
1465 5497 1706 5552 exerceri
1752 5513 1766 5551 :
1819 5499 2160 5566 quandoqui-

590 5594 708 5647 dem
741 5601 948 5661 patrem
986 5603 1141 5642 suum
1173 5588 1270 5651 ait,
1297 5587 1510 5640 taedium
1544 5589 1715 5643 noctis
1759 5589 2021 5642 insoamis
2070 5605 2160 5641 ac-

588 5683 713 5736 citis
741 5679 1110 5743 collusoribus,
1146 5679 1215 5733 ita
1249 5687 1306 5731 ut
1335 5687 1471 5744 erat,
1504 5678 1920 5732 dccuutbentem
1965 5679 2162 5744 adhuc,

589 5784 717 5829 ante
747 5771 942 5841 lucem,
978 5772 1080 5828 ἱειο
1109 5770 1446 5828 retttissiOnis
1475 5785 1672 5840 genere
1710 5767 1986 5837 fefellisse,
2021 5769 2161 5838 quod

1705 293 2198 361 GLOSSARIUM
2241 289 2612 352 ANNEUM.

3613 282 3713 348 ιιρι

2227 416 2383 456 nemo
2422 417 2527 456 non
2563 400 2700 453 vidcl
2738 407 2863 467 apte
2902 394 3165 466 quadrare
3199 395 3250 448 iu
3299 395 3610 448 schaccortnu
3651 401 3712 450 lu-

2221 495 2368 548 dunt.
2394 493 2570 548 Unmn
2612 492 2799 556 miror,
2835 490 3083 557 excipere
3111 487 3411 548 Menrsimn,
3445 491 3598 542 minus
3637 489 3713 542 sibi

2220 603 2378 654 quam
2415 585 2574 638 vellet
2630 584 2682 636 in
2725 584 2824 635 hoc
2875 581 3057 634 favere
3104 577 3369 632 Theocriti
3419 578 3717 644 scholiasteu,

2219 678 2371 748 quasi
2405 679 2449 731 is
2483 677 2662 744 potius
2692 673 2972 743 ζατρικίον
3003 685 3193 724 nomen
3223 669 3286 723 ad
3325 668 3615 724 calculorum
3656 670 3718 723 luo

2221 771 2346 821 duttt
2384 766 2602 820 referat.
2639 765 2714 818 En
2747 763 3054 818 scholiastis
3082 763 3239 829 hujus
3272 761 3436 815 locum
3482 761 3720 829 iu:egrum,

2223 877 2378 929 qttem
2413 859 2606 928 oppido
2641 856 2885 910 mutilum
2925 855 3190 908 Meursius
3237 852 3521 922 descripsit.
3559 852 3634 908 Sic
3661 855 3724 908 ille

2224 961 2447 1006 annutat
2479 950 2707 1008 atllillum
2744 964 2956 1002 versum
2985 947 3152 1016 itlyllii
3182 961 3211 998 v
3251 963 3264 998 :

2367 1109 2482 1162 Καὶ
2513 1107 2603 1160 τὸν
2631 1106 2739 1159 ἀπὸ
2761 1107 3032 1176 γραμμᾶς
3067 1107 3208 1158 κινεῖ
3238 1106 3398 1160 λίθον.

2227 1243 2260 1311 ἠ
2282 1241 2338 1295 δὲ
2366 1241 2513 1308 λέξις
2537 1241 2921 1314 μεταφορικῶς
2949 1243 3055 1294 ἀπὸ
3084 1241 3192 1293 τῶν
3223 1240 3506 1304 παιζόντων
3528 1241 3579 1292 τὸ
3597 1259 3729 1296 κοινο-

2227 1337 2432 1397 λέκτως
2457 1334 2754 1402 λεγόμενον
2771 1334 3068 1404 ζατρίκιον.
3100 1335 3328 1386 Ἐκεῖνοι
3355 1332 3454 1402 γὰρ
3469 1334 3579 1386 ὅταν
3601 1334 3728 1386 πολλὰ

2233 1432 2560 1500 ποιήσαντες
2591 1431 2650 1482 οὐ
2697 1427 2952 1482 δύνανται
2997 1429 3205 1496 ἑτέρως
3239 1427 3447 1495 νικῆσαι
3487 1427 3562 1478 τὸν
3587 1426 3728 1496 ὅμοιον

2231 1526 2524 1593 παίκτορα,
2563 1521 2772 1576 κινοῦσι
2802 1522 2895 1574 καὶ
2939 1521 3027 1575 τὸν
3078 1520 3188 1573 ἀπὸ
3214 1519 3466 1588 γραμμῆς
3493 1519 3631 1580 λίϐον,
3662 1521 3727 1571 τὸν

2230 1615 2372 1668 οὕτω
2395 1613 2617 1686 βασιλέα
2642 1612 2998 1680 καλούμενον.
3032 1611 3160 1664 ΙΙιιιο
3191 1611 3280 1663 ibi.
3313 1609 3433 1675 Qua:
3461 1607 3618 1662 Latine
3643 1611 3728 1661 red.

2230 1711 2352 1761 dam
2376 1708 2717 1776 equidetu,ut
2740 1707 2902 1758 etiam
2930 1704 3017 1771 qui
3051 1701 3562 1768 artisludeudiquam
3581 1700 3729 1753 Graec

2235 1801 2425 1869 lingua:
2443 1798 2799 1853 consultiores
2831 1806 2975 1857 sunt,
3008 1810 3123 1848 sine
3155 1791 3579 1846 schaccomacliia:
3603 1791 3728 1841 artili-

2236 1894 2375 1946 rium
2404 1893 2454 1945 in
2483 1891 2706 1944 zatricio
2742 1897 3040 1958 agnoscant
3075 1904 3089 1938 :
3139 1883 3268 1938 Cum
3299 1883 3418 1936 dicit
3441 1892 3572 1950 poeta
3598 1898 3614 1934 :
3638 1880 3681 1933 Et
3707 1897 3728 1930 a

2237 1984 2378 2037 linea
2428 1981 2658 2050 lapidem
2698 1992 2896 2045 movet,
2926 1977 3207 2032 dictionem
3242 1975 3476 2043 transfert
3514 1991 3538 2025 a
3567 1989 3733 2025 consuc-

2236 2076 2416 2128 tudine
2445 2075 2734 2127 ludentium
2766 2089 2880 2125 eum
2931 2072 3121 2124 ludum
3155 2088 3301 2134 quem
3340 2074 3476 2138 vulgo
3517 2070 3731 2120 zutririum

2237 2169 2441 2220 dicunt.
2483 2166 2574 2218 Illi
2599 2168 2734 2217 enim
2760 2174 3034 2233 postquam
3069 2164 3314 2215 omnibus
3343 2161 3531 2214 tentati:
3560 2158 3671 2210 ltum!
3692 2173 3732 2210 se

2239 2259 2395 2311 aliter
2427 2267 2690 2323 reportare
2717 2257 2989 2308 victoriam
3013 2254 3076 2308 de
3105 2255 3358 2307 collusore
3390 2268 3517 2321 posse
3538 2253 3732 2315 sentitmt,

2239 2359 2443 2403 movent
2476 2350 2541 2400 ad
2573 2359 2858 2400 extremum
2884 2364 2914 2399 α
2957 2347 3139 2414 prima
3166 2345 3300 2398 linea
3329 2344 3567 2408 lapillum,
3600 2356 3736 2407 nempe

2240 2443 2392 2495 illum
2419 2443 2510 2510 qui
2545 2456 2637 2493 rex
2671 2439 2992 2508 appellatur.
3028 2437 3130 2492 Sic
3161 2439 3263 2492 ille.
3288 2437 3406 2504 Qua:
3435 2436 3570 2490 verba
3597 2436 3736 2486 sellar-

2242 2535 2535 2586 coteclutia:
2601 2532 2757 2602 periti
2826 2546 2944 2584 sese
3003 2546 3307 2598 agnoscere
3384 2527 3734 2596 responderunt,

2243 2627 2694 2695 subtnolurosqtte
2727 2623 2887 2677 facile
2925 2623 3256 2678 calettlarios
3285 2665 3300 2687 ,
3329 2622 3371 2677 si
3405 2621 3634 2674 vindicare
3672 2616 3734 2670 illa

2249 2726 2476 2779 tentent,
2519 2732 2624 2768 una
2667 2716 2986 2784 exceptione
3019 2733 3032 2768 :
3066 2714 3247 2770 fuisse
3273 2715 3389 2767 olitu
3414 2725 3627 2779 scrupeos
3657 2719 3736 2761 ete

2246 2804 2440 2872 lapillis
2497 2808 2776 2867 schaccos,
2823 2820 2946 2856 cum
3000 2801 3176 2858 hodie
3229 2799 3528 2871 frequentius
3569 2794 3738 2852 eburuci

2253 2907 2534 2951 tornentur
2572 2907 2664 2949 aut
2707 2895 2887 2950 buxei.
2934 2893 3039 2949 Sed
3101 2897 3223 2950 lucc
3273 2894 3357 2948 isti
3406 2893 3605 2946 viderint.
3630 2889 3733 2940 illud

2251 3001 2447 3044 nestrae
2481 2989 2864 3059 πραγματείας
2895 2999 2974 3042 est
3004 2989 3318 3059 disquirere
3342 2987 3480 3055 cujus
3496 2982 3738 3052 Sitorigiuis

2252 3100 2352 3138 Vox
2388 3083 2686 3155 ζατρίκιον,
2718 3083 2918 3139 Grazcae
2958 3099 3024 3136 an
3068 3084 3340 3136 barbarie.
3391 3081 3507 3136 Sunt
3543 3078 3612 3146 qui
3657 3092 3738 3126 ue;-

2251 3192 2485 3246 gnopere
2513 3177 2839 3232 contendant
2870 3177 3089 3232 verbum
3136 3192 3253 3232 esse
3289 3174 3562 3234 Persicum;
3586 3168 3735 3224 etenim

2253 3270 2518 3340 hodieque
2547 3270 2972 3324 latrunculorutn
3006 3268 3200 3324 ludum
3252 3270 3417 3324 Persis
3453 3258 3731 3332 xatraiig.vel

2249 3375 2471 3433 xatreng
2496 3363 2773 3432 appellari.
2808 3362 3090 3417 i’liuianus
3117 3372 3302 3418 contra
3330 3360 3624 3419 exercitator,
3644 3367 3728 3422 pag.

2255 3455 2428 3520 H30,
2489 3454 2774 3526 ζατρίκιον
2831 3454 3129 3509 dictionem
3189 3470 3305 3510 esse
3357 3449 3593 3507 contendit
3630 3457 3732 3499 ntere

2253 3549 2519 3613 Gnccam,
2556 3557 2610 3602 et
2645 3549 2696 3602 in
2731 3547 3005 3602 Persidem
3046 3547 3338 3616 profectam
3373 3561 3400 3600 e
3426 3541 3614 3598 Gracia.
3641 3537 3732 3601 Qui!

2254 3646 2426 3710 enim,
2463 3644 2678 3712 inquit,
2719 3643 2878 3696 nescit
2921 3641 3084 3710 hujus
3110 3643 3225 3696 ludi
3251 3640 3556 3695 inventionem
3591 3628 3733 3688 Grati!

2251 3738 2516 3790 deberi?a
2544 3735 2742 3790 Grircis
2775 3735 2938 3804 igitur
2972 3734 3045 3787 ad
3094 3735 3286 3790 Persas
3328 3749 3401 3786 res
3437 3733 3644 3800 ipsarum
3673 3737 3735 3772 ηοο

2255 3831 2393 3881 mine
2421 3829 2653 3881 transiit.
2719 3824 2845 3880 llaec
2898 3824 3040 3880 ille:
3091 3829 3144 3880 itt
3206 3823 3396 3895 quibus
3440 3818 3733 3888 astipulantvttt

2255 3935 2589 3990 nequaquam
2621 3919 2783 3974 habet
2817 3919 3031 3973 Annam
3067 3928 3328 3976 nostram.
3363 3924 3501 3985 prout
3529 3911 3668 3964 videre
3691 3907 3736 3954 Ii-

2254 4022 2361 4074 cet,
2391 4027 2511 4078 pag.
2548 4009 2672 4073 560,
2718 4009 2810 4064 ubi
2842 4011 3116 4064 mentione
3172 4009 3443 4078 ζατρικὶου
3491 4007 3631 4063 facta,
3660 3999 3736 4049 lla?c

2255 4115 2379 4154 mox
2414 4099 2696 4168 subjungit
2725 4116 2739 4152 :
2776 4097 2974 4153 Παιδιὰ
3012 4099 3072 4152 δὲ
3122 4099 3280 4152 τοῦτο
3311 4100 3371 4150 ἐκ
3398 4097 3484 4165 τῆς
3528 4093 3615 4144 τῶν
3641 4088 3735 4160 ⁸Ἄσ-

2259 4191 2462 4262 συρίων
2491 4189 2704 4262 τρυφῆς
2755 4188 3165 4259 ἐξευρημένων,
3210 4191 3303 4242 καὶ
3330 4190 3403 4248 εἰς
3433 4185 3562 4254 ἡμᾶς
3587 4177 3737 4231 ἐκεῖθεν

2257 4281 2532 4352 ἐληλυθός.
2587 4279 2791 4334 Tamen
2839 4291 3161 4335 constanter
3217 4281 3380 4335 Graeci
3437 4268 3734 4347 grammatici.

2254 4391 2483 4445 quorum
2518 4375 2654 4428 ratio
2684 4390 2790 4428 non
2825 4375 3094 4429 immerito
3142 4373 3369 4428 habendi
3412 4357 3738 4425 videattnyitl'

2255 4469 2434 4536 τρεῖον
2462 4509 2476 4534 ,
2545 4466 2657 4521 sive
2691 4467 2939 4536 ζατρεῖον
2969 4507 2983 4531 ,
3019 4483 3047 4519 δ
3079 4482 3185 4536 quo
3229 4465 3490 4536 ζατρίκιον
3528 4463 3736 4509 extensum

2256 4572 2342 4615 est
2367 4553 2773 4628 ’ὑποκοριστικῇ
2814 4557 3120 4623 ὲπενθὲσει,
3157 4557 3348 4612 ϐταιοιιξ
3377 4549 3546 4621 origini
3567 4540 3737 4598 vocab“.

2258 4655 2367 4707 lum
2404 4653 2696 4706 vindicant.
2762 4656 2929 4704 Sonat
2979 4661 3158 4703 autem
3211 4648 3447 4720 ζατρεῑον
3489 4639 3736 4712 ρὶειιὶιιιιιιιι

2261 4745 2614 4814 ergastulum,
2654 4758 2933 4796 servorum
2985 4757 3282 4804 carcerem,
3335 4747 3423 4790 aut
3471 4738 3738 4786 tormentum.

2258 4839 2461 4892 Auctor
2493 4835 2847 4907 Etytnologici
2879 4834 3130 4906 ζητρεῖον
3177 4833 3236 4885 τὸ
3292 4831 3395 4883 τῶν
3445 4825 3616 4880 δούλων
3657 4816 3741 4867 δια·

2264 4930 2542 5000 μωτήριον
2565 4969 2577 4991 ,
2627 4930 2796 4998 ἡγουν
2835 4926 2926 4979 τὸν
2971 4927 3188 4997 μύλωνα
3216 4965 3230 4988 ,
3268 4921 3402 4993 quod
3436 4934 3540 4974 mox
3571 4911 3737 4967 edictum

2261 4999 2410 5076 addit
2430 4999 2593 5090 quasi
2620 5021 2888 5090 δήτρειον,
2925 5021 3033 5072 διπὸ
3061 5018 3153 5070 τοῦ
3182 5017 3283 5069 δέω
3315 5011 3448 5082 quod
3473 5017 3542 5062 est
3577 5005 3672 5071 ligo,
3697 4999 3738 5090 fl

2264 5112 2409 5182 τρέω
2453 5113 2547 5164 τοῦ
2598 5111 2893 5180 φοόοῦμαι.
2928 5111 3057 5164 Nam
3089 5122 3255 5179 paena:
3303 5113 3454 5174 caput
3485 5103 3532 5152 tv
3565 5084 3736 5160 ἰατρείῳ

2265 5205 2603 5260 vinculorum
2639 5206 3038 5259 iueouunodmn
3073 5211 3204 5266 crat,
3253 5199 3440 5267 quibus
3483 5193 3538 5245 ad
3575 5189 3733 5252 cipim‘"

2266 5299 2624 5366 alhgabamur
2656 5298 2916 5359 infelices,
2948 5307 3004 5350 et
3041 5310 3130 5365 per
3157 5294 3338 5360 longus
3378 5288 3475 5340 illic
3517 5290 3657 5336 moras
3681 5279 3735 5321 Lt'

2267 5392 2486 5447 bcscere
2515 5391 2847 5443 sinebantur.
2874 5387 3027 5442 Unde
3051 5387 3207 5444 etiam
3241 5385 3349 5452 ipse
3381 5381 3458 5433 ille
3481 5364 3734 5442 cippusl’m'

2265 5487 2380 5554 prie
2413 5482 2661 5553 ζητρεῖον
2680 5483 2873 5546 dictus,
2891 5480 2935 5534 si
2957 5477 3254 5544 Mosc0pulo
3270 5474 3529 5530 credimus,
3548 5453 3733 5554 ζητρξῖοξ

2268 5579 2464 5639 κοινῶς
2489 5578 2517 5627 ὁ
2541 5573 2802 5637 κοῦσπος.
2850 5570 3008 5625 Ἐστι
3041 5572 3095 5624 δὲ
3139 5564 3275 5630 εἶδος
3318 5540 3732 5640 κολαστηρίου

2263 5669 2437 5722 δοῦλοι
2469 5665 2812 5735 eaeo-poem.
2857 5665 2961 5718 Aut
3013 5665 3172 5726 idem,
3207 5670 3292 5713 aut
3333 5653 3502 5710 similis
3548 5658 3616 5699 res
3661 5634 3729 5687 ίυη

2266 5765 2351 5818 ille
2388 5762 2580 5826 codex,
2619 5760 2683 5814 dc
2730 5771 2838 5828 quo
2885 5757 3232 5827 Propertius,
3278 5751 3363 5805 lib.
3403 5761 3481 5806 tv,
3521 5739 3630 5801 eleg.
3656 5739 3727 5784 ‘Hi
