3986 6212
316 335 454 409 Ῐὲἒῦ

318 461 409 510 illo
450 471 604 510 versu
641 475 652 509 :
686 455 897 510 Coclitis
929 456 1183 509 immundi
1210 455 1420 509 vincula
1457 458 1612 508 sentit
1654 472 1805 518 unus,
1836 465 1890 508 et

305 549 603 613 .iuvcnalis,
647 549 766 603 Sat.
807 565 864 612 tt,
903 551 1024 602 tltttll
1054 550 1129 600 ait
1162 565 1175 602 :
1215 550 1461 602 llesitlens
1486 551 1537 600 in
1566 549 1739 600 codice
1777 548 1889 614 prl-

306 645 411 695 Irx.
449 641 644 694 Verum
679 641 874 695 Suidas
900 641 1209 693 distinctius
1231 642 1462 704 explicat
1495 655 1663 710 genus
1694 640 1883 692 iturum

309 734 668 795 vinculorum,
705 735 831 785 dum
877 732 1049 784 innuit
1078 731 1267 798 Stringi
1325 731 1512 784 solitus
1567 733 1881 783 miserorum

311 827 470 889 pedes
511 827 708 892 paratis
745 826 882 878 intra
922 827 1060 894 cippi
1099 826 1403 878 crassitiem
1447 824 1688 888 angustis
1738 824 1886 876 locn-

311 918 374 968 lis
405 934 417 967 :
458 917 771 986 ιιοδοκάπη,
807 917 1003 984 inquit,
1037 917 1210 968 ποδῶν
1243 917 1490 976 κάκωσις
1520 917 1545 965 ὁ
1591 914 1882 982 λεγόμενος

307 1008 565 1068 κῦσπος.
601 1007 707 1061 Nec
734 1007 938 1060 abludit
974 1006 1415 1061 Latino-Gnecus
1432 1008 1716 1074 glossator,
1741 1008 1879 1074 apud

305 1113 464 1167 quem
498 1099 566 1149 ita
596 1098 826 1164 legitur:
861 1099 1086 1162 Cusims,
1133 1096 1340 1162 ξύλινον
1389 1095 1692 1148 σανδάλιον.
1739 1097 1877 1146 Idrnt

306 1200 557 1248 aglrttmil
593 1189 797 1245 Glossai
831 1190 1180 1244 Basilicarum
1212 1191 1334 1244 dum
1370 1187 1751 1256 κουσπάτορας
1778 1205 1875 1254 9o-

302 1287 567 1348 λακιςτὰς
626 1299 746 1338 esse
800 1285 1013 1338 docent.
1078 1282 1368 1346 Κούσπους
1423 1282 1530 1351 γὰρ
1600 1280 1877 1350 (addunt)

302 1377 600 1445 ξυλοπόδας
628 1375 874 1428 καλοῦσι..
919 1373 1181 1428 Beferunt
1205 1374 1392 1437 etiam,
1426 1373 1727 1426 Salmasius
1756 1369 1876 1422 loco

298 1489 409 1540 iam
449 1471 686 1533 laudato,
723 1478 775 1522 et
799 1467 1029 1521 Carolus
1064 1465 1291 1520 Annibal
1331 1463 1600 1518 Fabrotus
1637 1468 1690 1516 in
1718 1463 1875 1517 Glos-

300 1563 445 1616 sario
491 1559 720 1616 Cedreni
746 1593 762 1624 ,
797 1559 970 1612 locum
1011 1561 1115 1613 huc
1165 1558 1520 1627 pertinentem
1561 1571 1624 1609 ex
1679 1553 1876 1608 LCXit'O

303 1651 502 1706 incdito
537 1651 874 1704 bibliotheca:
908 1647 1087 1715 [legite
1117 1645 1408 1716 Ζατρίκιον
1443 1647 1470 1698 ὁ
1521 1643 1756 1700 accitam;
1816 1641 1877 1693 τὸ

297 1742 636 1796 τῶν-δούλων
668 1743 1058 1808 κολαστήριον,
1096 1741 1185 1794 ubi
1211 1741 1350 1806 jacet
1379 1740 1463 1792 illa
1500 1738 1618 1808 ipsa
1665 1752 1768 1790 vox
1793 1737 1874 1787 itt-

300 1845 448 1904 tegra
481 1833 632 1900 cujus
666 1835 930 1902 originem
964 1832 1343 1901 disquiriums;
1382 1846 1540 1898 quam
1588 1830 1712 1882 inde
1742 1827 1878 1881 veri-

302 1925 479 1979 simile
508 1926 563 1978 lit
597 1925 720 1977 ludo
751 1923 1179 1977 latrant-olorum
1209 1938 1312 1975 non
1370 1923 1468 1974 ιιίέί
1513 1917 1877 1987 metaphorice

297 2027 554 2084 aptatam,
589 2032 707 2070 cum
733 2017 1004 2085 proprium
1040 2026 1198 2067 antea
1241 2028 1394 2065 usum
1442 2012 1663 2064 haberet
1707 2009 1758 2062 in
1798 2008 1876 2062 si-

295 2107 599 2177 guiﬁcando
621 2108 814 2176 pmuali
843 2121 1118 2160 servorum
1147 2105 1354 2159 codice.
1410 2103 1540 2168 Quis
1576 2112 1756 2155 autem
1787 2101 1871 2154 di-

296 2201 443 2252 vinet
465 2200 604 2252 unde
629 2200 729 2252 hoc
763 2198 840 2250 sic
870 2198 1175 2258 invaluerit,
1196 2206 1251 2249 ιιι
1283 2194 1526 2264 supplicii
1550 2192 1872 2248 vocabulum

294 2291 361 2343 ad
399 2289 770 2344 remissionem
805 2288 1241 2341 transferretur?
1276 2301 1438 2355 quam
1481 2285 1650 2338 multa
1683 2283 1876 2338 simili-

296 2390 380 2434 ter
413 2381 667 2432 instituta
697 2379 976 2433 cernimus
1004 2394 1232 2444 quorum
1267 2378 1425 2430 aliam
1461 2392 1619 2430 nemo
1651 2390 1872 2429 causam

295 2478 460 2540 queat
495 2469 718 2524 reddere
770 2470 872 2524 nisi
927 2469 1206 2524 arbitrium
1257 2469 1380 2522 talia
1431 2469 1664 2537 primum
1724 2467 1870 2520 ince-

297 2561 564 2629 ptantiuiu
595 2561 617 2614 ?
645 2560 958 2632 Cogitabam
987 2561 1293 2630 aliquando,
1321 2577 1386 2615 an
1431 2575 1536 2616 non
1571 2601 1586 2628 ,
1620 2561 1872 2630 quoniam

295 2653 388 2719 qui
426 2652 591 2706 vincti
640 2636 1007 2708 attinebantur
1050 2653 1104 2706 in
1144 2653 1429 2722 ergastulis
1465 2667 1529 2706 ac
1575 2653 1873 2717 custodiis,

297 2745 437 2797 tmdii
474 2759 636 2799 causa
683 2746 898 2800 fallendi
923 2747 1065 2800 soliti
1095 2753 1276 2799 essent
1300 2743 1574 2813 indulgere
1595 2745 1732 2798 forte
1750 2744 1873 2796 ludo

293 2832 381 2884 isti
412 2871 427 2894 ,
461 2849 569 2902 quo
595 2874 610 2899 ,
646 2851 808 2905 quam
836 2838 1002 2891 solam
1040 2837 1306 2890 habebant
1359 2838 1621 2905 reliquam
1680 2836 1875 2890 vinctis

293 2926 518 2990 pedibus
564 2942 816 2978 manuum
869 2929 1251 2994 promovendis
1285 2929 1507 2982 calculis
1559 2928 1865 2982 libertatem

291 3025 636 3080 usurparent,
666 3017 789 3068 inde
823 3017 973 3070 fieret
1009 3029 1064 3070 ut
1095 3033 1288 3071 nomen
1323 3019 1425 3073 loci
1462 3020 1547 3073 ubi
1609 3020 1764 3072 ludus
1795 3020 1872 3072 la-

303 3107 673 3159 trunculorum
706 3106 1166 3175 frequentaretur,
1201 3108 1325 3163 ludo
1378 3109 1474 3178 ipsi
1538 3110 1869 3162 adhaeresce-

293 3207 419 3251 ret:
462 3199 758 3266 praesertim
813 3214 932 3253 cum
991 3198 1147 3252 facile
1197 3200 1429 3267 potuerit
1477 3200 1666 3268 cippus
1729 3204 1864 3253 intra

291 3303 450 3356 quem
487 3288 698 3342 inferne
732 3305 888 3341 crura
946 3288 1286 3358 fugitivorum
1351 3299 1442 3342 aut
1502 3293 1605 3343 alio
1653 3292 1869 3345 nomine

291 3378 763 3445 limll‘JSiuelllilllll
794 3395 1071 3434 servorum
1121 3379 1412 3433 constricta
1455 3382 1865 3447 premebantur,

295 3469 558 3537 supetiori
583 3471 664 3523 sui
699 3480 848 3536 parte
891 3479 1199 3539 coacquatus
1232 3480 1377 3525 esset
1426 3471 1477 3524 in
1527 3472 1866 3539 supetliciem

291 3561 696 3615 eonnuittemlis
763 3561 1079 3616 latrunculis
1130 3563 1466 3630 plagularum
1503 3563 1868 3629 descriptione

288 3665 478 3719 parata
507 3672 534 3704 ιι
577 3675 590 3709 :
636 3654 779 3709 ttnde
823 3653 982 3708 simul
1018 3653 1299 3725 ζατρίκιον
1338 3667 1480 3710 esset
1513 3665 1566 3709 et
1602 3655 1863 3718 κοῦσπος.

287 3742 402 3796 Νἱεὶ
441 3745 578 3798 forte
600 3746 689 3799 alii
710 3745 1054 3799 verisimilius
1079 3755 1362 3799 autumant
1387 3748 1548 3816 pedes
1567 3748 1862 3816 impedien-

288 3835 360 3889 tis
384 3837 521 3906 cippi
565 3837 881 3891 vocabulum
932 3837 1053 3891 ludo
1106 3838 1529 3894 latrunculornm
1567 3855 1660 3908 per
1693 3849 1862 3892 trau‘s-

287 3928 537 3983 lationeiu
564 3932 1046 3994 accommodatum,
1103 3932 1242 4003 quod
1280 3947 1398 4001 qua:
1435 3932 1485 3984 iu
1525 3947 1588 3986 eo
1622 3933 1763 3985 velut
1811 3933 1861 3984 in

284 4033 446 4072 scena
473 4021 701 4086 quadam
735 4022 886 4090 quasi
935 4037 1176 4092 persona:
1242 4033 1696 4092 repraesentantur
1731 4038 1818 4078 rex
1847 4067 1860 4088 ,

285 4115 496 4180 regina,
525 4117 755 4183 equites,
781 4127 910 4180 etc.,
942 4117 1175 4167 mandris
1205 4125 1252 4169 et
1281 4118 1441 4170 vitreo
1472 4116 1674 4168 latrone
1704 4116 1862 4169 clusm

281 4205 636 4271 exhibentur,
667 4219 722 4258 ut
757 4205 1014 4259 Martialis
1044 4207 1298 4276 loquitur,
1328 4208 1507 4277 Epigr.
1555 4224 1679 4262 LXX!
1705 4249 1719 4273 ,
1769 4209 1856 4260 lib.

284 4312 386 4363 vn,
415 4298 558 4350 hunc
589 4299 759 4365 ipsum
796 4299 1019 4352 innitens
1055 4300 1258 4353 ludum.
1305 4301 1515 4355 Etenim
1580 4301 1632 4353 in
1689 4303 1854 4370 prima

284 4389 589 4444 structione
613 4389 750 4442 aciei
778 4406 896 4458 qu.e
947 4390 1050 4443 htdi
1105 4393 1371 4462 principio
1417 4394 1515 4456 lit,
1562 4409 1810 4462 preecrm
1842 4435 1855 4457 ,

281 4491 542 4548 tanquam
585 4481 789 4549 alligati
827 4481 892 4534 ad
918 4481 1130 4549 cippum
1167 4484 1330 4546 servi,
1367 4483 1418 4536 in
1446 4495 1687 4537 extrema
1717 4483 1855 4536 linea

282 4585 582 4641 ponuntur,
616 4590 713 4626 suo
745 4574 966 4642 quilibet
999 4574 1188 4629 al‘lixus
1225 4577 1479 4629 discolori
1524 4578 1733 4645 quadro
1771 4596 1784 4630 :
1827 4596 1852 4627 a

277 4675 432 4732 tergo
487 4667 701 4734 quidem
748 4669 961 4721 clausus
1006 4678 1250 4721 extremo
1300 4668 1516 4721 Zatrieii
1574 4671 1855 4737 margine,

276 4758 436 4824 quasi
473 4772 623 4810 muro
653 4757 910 4820 careeris,
945 4776 971 4809 a
1010 4757 1146 4811 facie
1204 4775 1330 4812 vero
1368 4761 1653 4827 impeditus
1699 4761 1856 4827 longo

280 4865 532 4920 oppanso
571 4867 725 4904 versu
757 4851 1178 4904 latrunmlorum
1213 4857 1354 4904 lvelut
1403 4852 1682 4905 (astudam
1716 4855 1850 4904 mili-

283 4956 422 5003 tum,
454 4943 612 4997 hodie
642 4945 838 5013 pedites
870 4953 1062 4996 vocant
1096 4960 1108 4994 :
1146 4945 1231 5010 qui
1279 4944 1356 4994 sic
1407 4945 1663 5012 producta
1716 4943 1851 4996 lim-.i

279 5038 710 5105 praetenduntur,
743 5045 799 5087 ιιι
828 5035 1089 5102 majorum
1144 5033 1468 5086 calculorum
1516 5050 1852 5088 centium-ere

278 5141 401 5178 sese
428 5134 591 5194 queat
639 5127 831 5190 nullus,
875 5126 1047 5194 quoad
1077 5126 1311 5194 peditum
1349 5128 1674 5178 obstantium
1727 5145 1853 5178 Ctlit-

281 5227 460 5271 textus
500 5217 728 5288 alicujus
761 5218 1102 5272 submotione
1136 5229 1536 5286 perrumpatur.
1601 5218 1853 5272 Mtitltll'as

281 5311 447 5378 igitur
479 5311 562 5362 hic
587 5321 742 5378 poeta
773 5321 929 5365 vocat
959 5310 1196 5379 plagulas
1227 5309 1422 5377 quibus
1452 5311 1701 5364 scliaechi
1738 5329 1842 5364 mar

273 5400 422 5468 jores
449 5400 678 5453 insident
707 5402 870 5454 aliisi.
899 5402 1158 5455 Latrones
1214 5413 1390 5454 auten
1434 5403 1659 5458 minoris
1697 5406 1852 5459 molis

280 5491 531 5553 seachos,
575 5493 727 5560 vulgo
756 5495 984 5558 piétotts,
1013 5495 1140 5546 dicit
1167 5511 1180 5545 :
1206 5509 1339 5561 quos
1373 5501 1569 5548 vitreos
1600 5495 1723 5548 tium
1754 5513 1842 5564 ap-

281 5583 464 5650 prllnl,
489 5600 551 5635 ex
587 5600 646 5634 ea
679 5596 785 5636 lttttt
819 5588 1037 5639 tttatcria
1066 5585 1396 5654 frequentius
1426 5587 1596 5641 laetos
1657 5587 1844 5641 innuit.

280 5677 384 5728 Sed
416 5677 529 5729 haec
563 5676 828 5731 Curiosius
859 5679 1075 5745 exsequi
1109 5681 1192 5731 vix
1226 5689 1306 5732 est
1350 5681 1504 5735 tanti.

544 5864 819 5922 PATROL.
848 5865 962 5923 Οιι.
1006 5865 1276 5926 CXXXI.

1478 342 1978 404 GLOSSARlUM
2020 343 2384 405 ANNUEUM.

3419 347 3556 415 129.6

2733 456 2812 508 ll.

2062 537 2273 608 ἾΙλος.
2305 541 2482 596 Multis
2517 545 2670 609 locis,
2710 562 2816 600 non
2871 547 3081 611 clavus,
3142 553 3233 604 sed
3266 557 3447 622 cuspis
3498 573 3563 612 ac

1989 634 2194 688 ferrum
2240 636 2462 699 lancem,
2495 652 2616 706 qua!
2646 637 2844 692 Christi
2883 640 3088 694 Domini
3123 642 3262 698 latus
3293 645 3450 702 fodit.

2067 725 2460 794 Ἦμι.-ιοχῖται.
2497 727 2612 780 Lib.
2663 746 2714 791 ιι,
2746 731 2844 782 sub
2877 729 3035 784 linem
3074 749 3088 785 :
3138 735 3300 786 Ἀλλὰ
3347 737 3406 788 τὸ
3463 739 3562 805 μὲ-

1988 833 2080 867 σον
2108 818 2252 886 ἔχειν
2301 818 2410 870 τῶν
2447 819 2802 890 ἡμιλοχιτῶν.
2865 821 3007 874 Nova
3068 835 3120 877 et
3176 826 3289 880 hzec
3321 843 3440 880 vox.
3477 829 3562 880 Vi-

1985 908 2183 959 dentur
2241 908 2556 978 ἡμιλοχῖται
2610 914 2762 979 quasi
2819 910 3013 968 Triarii
3065 917 3229 970 fuisse
3269 936 3283 971 :
3321 923 3409 987 qtti
3461 936 3563 988 pu~

1987 1000 2274 1066 gnantibus
2305 1003 2424 1056 aliis
2450 1005 2811 1069 subsiderent,
2877 1021 3155 1062 servantes
3182 1026 3238 1063 se
3269 1016 3333 1063 ad
3359 1015 3560 1065 incerta

1983 1089 2126 1153 belli,
2158 1103 2212 1144 ut
2237 1093 2391 1158 fusis,
2420 1097 2462 1148 si
2496 1097 2649 1162 forte,
2690 1097 2984 1168 fractisque
3012 1104 3144 1166 suis,
3181 1103 3375 1173 integri
3416 1120 3555 1173 pcre-

1984 1182 2112 1235 lium
2138 1197 2369 1239 sumant.
2412 1187 2522 1240 Non
2584 1200 2708 1243 sunt
2762 1193 2877 1260 puri
2931 1193 3134 1263 λοχῖται
3197 1196 3559 1254 insidiatores.

1983 1271 2086 1324 Sed
2112 1290 2296 1326 eornm
2321 1277 2495 1332 simile
2529 1279 2726 1335 habent
2773 1283 3069 1353 quippiam,
3132 1288 3336 1344 idcirco
3369 1290 3561 1358 ἡμιλο·

1982 1378 2129 1430 χιτσ-

2747 1483 2818 1542 Κ.

2052 1594 2470 1662 Καϐαλλάμοι.
2508 1595 2628 1653 Lib.
2679 1617 2796 1667 χιιι,
2830 1603 2930 1657 sub
2968 1603 3124 1659 linem
3158 1623 3170 1661 :
3201 1609 3314 1679 Οὒχ
3370 1611 3556 1676 ἱππεῖς

1984 1684 2168 1751 μόνον,
2197 1686 2331 1739 ἀλλά
2363 1690 2454 1740 καὶ
2476 1691 2713 1756 ὁπλῖται,
2745 1703 2801 1747 ut
2835 1697 2978 1748 Anna
3016 1697 3129 1765 ipsa
3165 1700 3272 1754 illic
3302 1705 3557 1771 exponit:

1979 1773 2294 1841 significans
2338 1779 2533 1833 milites
2595 1785 2775 1850 gravis
2830 1798 3117 1840 aruiatttrze
3179 1790 3558 1862 καθαλλαρῐων

1981 1866 2200 1921 nomine
2235 1873 2468 1937 censeri,
2505 1878 2714 1928 tametsi
2749 1877 2955 1943 pedites
2985 1879 3096 1933 sint
3129 1895 3143 1932 :
3176 1884 3318 1949 qttod
3351 1898 3376 1936 a
3415 1885 3556 1952 glas-

1978 1961 2250 2014 satoribus
2274 1961 2757 2021 (iraecmBarbaris
2788 1985 2890 2021 non
2939 1972 3400 2038 animadversum,
3435 1976 3553 2030 ideo

1981 2059 2168 2104 notato
2194 2053 2411 2121 dignum
2449 2056 2497 2110 vi
2523 2058 2619 2111 ieri
2657 2068 2854 2126 potest.
3345 2127 3350 2134 _

2049 2143 2320 2211 Κὰοετος.
2378 2148 2495 2202 Lib.
2543 2167 2657 2216 xm,
2717 2155 2817 2206 sub
2871 2155 3101 2209 medium
3135 2174 3149 2215 ε
3183 2159 3374 2226 Ὅπως
3430 2168 3555 2230 τοῖς

1980 2232 2082 2299 μὲν
2112 2234 2375 2300 καθέτους
2415 2241 2633 2304 τούτους
2670 2243 2868 2314 ἄνδρας
2899 2246 3155 2312 ἀϐλαϐεῖς
3179 2250 3554 2325 διατηρήσειε.

1979 2325 2222 2389 Κάθετος
2257 2329 2342 2383 hic
2382 2339 2465 2386 est
2501 2334 2776 2401 prolectus
2828 2338 2880 2390 in
2915 2341 3211 2406 periculum
3244 2356 3336 2400 aut
3374 2351 3544 2416 perni-

1979 2419 2117 2473 ciem
2179 2432 2404 2477 cerlam.
2460 2423 2691 2496 Elegans
2734 2428 2784 2481 id
2820 2430 3054 2497 quidem,
3089 2434 3180 2487 sed
3241 2453 3344 2491 non
3398 2444 3557 2512 vulgo

1979 2512 2288 2578 usitatum;
2345 2515 2573 2587 ideoque
2632 2519 2718 2574 hic
2773 2528 3087 2582 notandum.
3150 2529 3287 2586 Puto
3340 2533 3549 2587 Annam

1980 2605 2231 2662 habuisse
2267 2607 2316 2660 in
2361 2612 2542 2662 animo
2601 2614 2773 2684 ἀμνὸν
2823 2619 3072 2686 κάθετον,
3110 2623 3176 2678 dc
3210 2640 3316 2695 quo
3347 2624 3554 2696 llarpo.

1977 2697 2185 2751 cration
2242 2700 2408 2754 verbo
2453 2701 2704 2766 κάθετος,
2735 2709 2875 2772 quod
2907 2712 3128 2774 expauit
3172 2715 3200 2766 ὁ
3249 2714 3554 2784 διαθέμενος

1977 2789 2057 2848 εἰς
2087 2789 2146 2840 τὸ
2179 2790 2420 2860 πέλαγος
2453 2795 2622 2862 ἁμνός
2653 2809 2667 2826 ο
2717 2799 2806 2866 qui
2857 2799 3112 2856 nimirum
3158 2805 3555 2872 porriciebatur

1977 2879 2030 2932 in
2061 2882 2233 2935 medio
2267 2882 2459 2940 [luctus
2493 2888 2786 2953 periturus.

2047 2971 2326 3040 Κιὶμινος.
2385 2976 2552 3046 Vulgo
2608 2979 2822 3046 fornax.
2888 2981 2992 3036 Sed
3049 2983 3203 3040 Anna
3277 3001 3372 3056 pro
3420 3006 3551 3059 pyra

1976 3074 2203 3132 usurpat
2236 3065 2325 3118 lib.
2358 3083 2449 3120 xv.

2044 3155 2415 3209 Ιιάνίκλεῖον.
2459 3158 2573 3212 Lib.
2612 3175 2685 3224 XI,
2720 3161 2818 3214 sub
2852 3164 3009 3218 linem
3045 3183 3058 3218 :
3134 3170 3266 3223 ’Λπὺ
3314 3172 3412 3240 τῆς
3455 3174 3550 3226 τοῦ

1972 3243 2280 3296 κανικλεέου
2349 3247 2508 3310 ἀξίας
2563 3249 2736 3317 μέγαν
2789 3251 3150 3328 δρουγγὰριον
3201 3261 3294 3313 τοῦ
3362 3263 3549 3317 στόλου

1972 3338 2488 3409 προχειρισάμενος.
2553 3344 2680 3400 Vide
2735 3348 3031 3402 Meursium
3105 3364 3156 3406 et
3230 3354 3548 3422 glossariunt

1967 3426 2074 3482 Ged
2084 3432 2222 3485 reni.

2040 3549 2333 3604 Κάπαναι.
2416 3553 2547 3606 Nam
2619 3570 2714 3623 pro
2799 3558 3065 3622 καπάνοις
3141 3566 3544 3622 rescribendum

1970 3653 2098 3708 puto
2127 3647 2420 3704 καπαναῖς.
2459 3645 2550 3698 Est
2601 3659 2781 3701 autem
2841 3653 3064 3720 καπάνη
3095 3653 3401 3710 Thessalica
3429 3658 3545 3711 dia-

1969 3731 2108 3785 lecto
2159 3734 2296 3789 idem
2349 3738 2488 3804 quod
2550 3739 2770 3810 ἀπηνῆ,
2833 3744 3136 3798 vehiculum
3203 3756 3294 3802 aut
3353 3749 3539 3808 rheda.

1969 3825 2279 3883 Eustathius
2315 3830 2379 3882 ad
2421 3829 2584 3884 Iliad.
2614 3831 2676 3898 λ’,
2728 3850 2847 3903 pag.
2883 3836 2983 3889 799
3010 3840 3137 3894 edit.
3171 3839 3538 3909 Frobenianae,

1968 3921 2054 3970 niui
2094 3923 2425 3975 enumeravi!
2461 3929 2703 3992 qua-datu
2742 3929 2994 3982 vocabula
3028 3934 3534 4000 quilutsadventitia

1965 4007 2142 4060 littera
2215 4012 2506 4078 prteligitur
2565 4023 2616 4064 ιιι
2675 4015 2933 4086 χλιαρὸν,
2996 4021 3257 4087 πήγανον.
3317 4025 3535 4094 σμίλαξ.

1968 4098 2246 4170 σμύραινα
2280 4119 2292 4133 ο
2325 4119 2442 4170 qua:
2477 4108 2606 4159 citra
2658 4111 2992 4176 epenthesim
3044 4111 3293 4168 dicuntur
3327 4114 3536 4185 λιαρὸν,

1964 4194 2184 4263 ἠγανον,
2223 4197 2406 4264 μίλαξ,
2453 4198 2710 4267 μύρχινκ,
2764 4201 2886 4255 huic
2918 4205 3095 4272 generi
3139 4220 3384 4259 accenset
3440 4227 3540 4263 κα-

1963 4291 2141 4352 πήνιχν
2211 4301 2488 4351 ι;‹›;ηιι·ίιιιι,
2550 4307 2627 4343 HC
2694 4294 2872 4345 statim
2943 4297 3279 4366 subjtlngens
3311 4301 3420 4354 Καὶ
3481 4303 3541 4355 τὸ

1962 4379 2179 4448 κχπὰνη
2233 4381 2436 4451 ἀπήνη,
2489 4383 2516 4434 ὅ
2567 4385 2714 4435 ἐστιν
2767 4387 2974 4458 ἀπήνη.
3010 4389 3265 4444 Termini.
3307 4393 3413 4459 γὰρ
3464 4392 3538 4455 ὡς

1963 4467 2156 4528 ἐντίῖς
2183 4470 2276 4519 τοῦ
2335 4472 2616 4540 Ἀθηναίου
2667 4475 2914 4541 φέρεται,
2963 4478 3060 4537 τὰς
3092 4480 3305 4547 ἀπήνας
3349 4485 3536 4548 καπή-

1961 4576 2054 4616 νας
2107 4561 2315 4627 ἔλεγον,
2369 4563 2490 4614 ὅθεν
2544 4568 2637 4615 καὶ
2697 4569 2980 4619 καπανικὰ
3045 4569 3176 4636 ’ἕταρ’
3234 4572 3415 4632 αὐτοῖς
3468 4573 3533 4623 τὰ

1957 4651 2249 4716 ἁμαξιαῖα.
2306 4651 2393 4713 Ὠς
2448 4652 2620 4720 δηλοῖ,
2680 4655 2869 4722 φησὶν,
2934 4655 3332 4727 Ἀριστοφάνης
3369 4664 3425 4712 ἐν
3455 4663 3535 4730 τῷ

1960 4737 2144 4788 Λυδι.ν
2193 4740 2385 4789 δεῖπνα
2451 4742 2542 4790 καὶ
2603 4742 2909 4806 ’[ἐτταλῶν,
2973 4741 3048 4798 ὧν
3104 4748 3167 4797 τὶ
3229 4748 3534 4803 Ὶέτταλικὰ

1905 4851 1913 4860 ι
1959 4829 2092 4880 πολὺ
2150 4833 2598 4897 καπανικώτερα.
2664 4833 2784 4887 ll.t.*c
2839 4837 2924 4888 ille
2967 4855 3085 4904 qua:
3138 4840 3348 4894 abunde
3407 4855 3535 4895 εειιιι

1954 4920 2019 4969 ad
2069 4922 2338 4972 notionem
2405 4925 2780 4977 declarandam
2830 4927 2930 4997 τῆς
2984 4931 3278 5000 κατεάνης⁸
3332 4948 3360 4986 a
3423 4949 3530 5003 qua

1960 5018 2136 5061 tamen
2200 5012 2410 5063 \idt-tur
2469 5019 2718 5069 rctederc
2769 5016 2978 5082 Pollux,
3038 5023 3127 5074 lib.
3183 5037 3220 5085 ι,
3269 5039 3387 5092 cap.
3443 5026 3527 5088 iO,
3589 5077 3600 5088 .

1907 5111 1918 5122 '
1956 5100 2044 5152 ubi
2085 5101 2546 5155 nomenclaturam
2585 5107 2853 5159 Variarum
2891 5127 3080 5161 currus
3127 5115 3354 5179 partium
3406 5120 3528 5170 rel-

1955 5191 2086 5264 tleus
2132 5192 2334 5260 virgam
2390 5209 2583 5249 currus
2616 5197 2846 5250 inediam
2901 5205 3150 5273 xaniqu
3183 5207 3394 5274 proprie
3444 5213 3527 5261 tit-

1953 5291 2092 5334 ctam
2122 5285 2350 5338 asserit:
2394 5283 2456 5338 'll
2483 5285 2537 5337 δὲ
2575 5288 2715 5358 μέση
2748 5291 2937 5359 ρἅδο;
2973 5295 3214 5364 καπάνη.

2025 5400 2420 5452 Καστελλίρν.
2457 5401 2618 5467 Quasi
2673 5404 2878 5458 tliteies
2927 5407 3298 5473 Castallulum,
3350 5413 3528 5463 muni-

1952 5490 2244 5543 tiunculam
2283 5493 2529 5547 videlicet
2558 5495 2737 5566 exigui
2765 5499 3017 5562 ambitus,
3046 5502 3131 5554 lib.
3171 5517 3244 5555 χι.

2023 5582 2392 5650 Κατώζυσις.
2442 5585 2559 5640 Lib.
2616 5605 2692 5653 Vt,
2748 5601 2866 5658 pust
2924 5594 3212 5646 medium:
3274 5593 3418 5647 Αλλὰ
3454 5597 3524 5649 τὰ

1951 5676 2050 5744 τῆς
2084 5677 2336 5746 βοηθείας
2377 5680 2627 5734 ἐντεῦθεν
2665 5685 2805 5735 κατὰ
2838 5686 2925 5736 τὸν
2964 5684 3087 5737 ιοῦν
3128 5685 3220 5736 τοῦ
3253 5685 3527 5758 αὐτοκρά-

1950 5786 2107 5841 τορος
2165 5771 2246 5835 εἰς
2287 5773 2591 5828 κατάλυσιν
2638 5773 2731 5827 τοῦ
2780 5776 3128 5845 ’Δπελχαςὴμ
3187 5777 3528 5848 περιίστατο.

3035 5866 3105 5926 39
