3986 6212
302 420 435 495 1229

294 542 584 597 occasione
615 557 775 611 porro
811 545 949 596 inter
978 544 1193 599 Grmcos
1220 544 1546 615 Byzantinos
1575 545 1865 598 invalueiit

297 632 415 686 haec
444 635 776 686 consuetudo
807 634 885 688 sic
914 634 1119 688 italiam
1157 637 1482 699 appellandi,
1543 636 1696 687 docet
1747 649 1873 685 rru—

299 721 408 774 tlitc
440 720 523 774 vir
563 736 714 789 teque
762 724 1042 791 religiosits
1099 739 1161 777 ac
1235 726 1442 788 doctus,
1490 741 1646 785 quctn
1705 724 1866 775 hono-

296 812 373 865 ris
424 814 901 875 causa.nomino,
960 815 1027 867 li.
1104 816 1163 868 Ρ.
1230 816 1411 878 Cnar,
1485 817 1874 882 pestertot‘ilms

298 901 451 956 Notis
483 903 547 954 ad
585 904 914 971 Cedrenum,
945 908 1009 960 ad
1040 923 1161 974 pag.
1192 907 1318 967 577,
1350 924 1508 975 quem
1546 920 1872 974 tnaguopwe

300 1009 494 1048 θεωθο
521 997 796 1055 causulas).
826 999 1131 1053 Admonere
1181 999 1231 1053 id
1289 1000 1388 1052 hoc
1444 999 1563 1051 loco
1601 994 1869 1058 interfuit,

302 1102 367 1141 ne
423 1088 545 1157 quis
610 1090 840 1142 miretur
902 1104 1022 1144 cum
1087 1090 1277 1143 viderit
1343 1104 1426 1142 me
1475 1087 1874 1155 Λογγιὸαρδίαν

302 1178 571 1232 interdum
642 1179 865 1247 Italiam,
926 1181 1059 1235 alias
1118 1181 1421 1235 Calabriam
1483 1180 1872 1245 interpretari;

305 1269 436 1336 quin
469 1269 630 1322 etiam
664 1269 958 1339 aliquando
1006 1272 1439 1342 Longohardiam
1486 1270 1678 1323 La-ine
1723 1268 1873 1339 posui

303 1362 524 1416 tt0ti0tte
547 1362 731 1417 eadem
754 1376 860 1432 qua
892 1364 943 1417 id
974 1380 1166 1417 nomen
1202 1361 1373 1418 Graeci
1416 1372 1657 1416 smuunt.

372 1455 693 1523 Λογχαγιά.
725 1455 841 1510 Lib.
884 1473 910 1510 ιι
934 1495 950 1521 _.
982 1458 1080 1511 sub
1123 1457 1280 1511 finem
1314 1475 1326 1509 :
1364 1455 1752 1526 παρεγγιῶμαί
1792 1466 1876 1504 σοι

308 1546 442 1614 μήτε
488 1547 625 1618 πρὶς
653 1547 915 1616 οὐραγίαν
954 1550 1089 1617 μήτε
1120 1550 1257 1617 πρὸς
1286 1548 1583 1616 λογχαγξαν
1622 1541 1875 1599 ἵστασθαι

305 1637 602 1707 φάλαγγος.
625 1638 824 1692 Suadet
845 1638 1109 1693 Thrasoni
1136 1640 1354 1694 Alexius
1380 1638 1542 1692 nimio
1569 1638 1685 1706 plus
1709 1651 1872 1706 quam

306 1730 464 1783 vellet
498 1731 730 1784 hostium
766 1731 1071 1794 inventura,
1104 1741 1159 1784 ut
1203 1747 1305 1783 non
1340 1731 1391 1783 in
1440 1729 1610 1799 prima
1640 1734 1768 1783 ‘non
1824 1729 1876 1781 in

306 1829 576 1890 postrema
624 1823 738 1874 acie
771 1837 1005 1890 pugnare
1053 1829 1291 1888 appetat,
1340 1821 1433 1874 sed
1468 1821 1520 1874 in
1563 1821 1734 1887 media
1771 1835 1786 1872 :
1823 1830 1881 1872 ut

306 1922 481 1966 teetus
514 1913 749 1980 mutique
794 1927 1020 1967 numero
1062 1928 1276 1967 suorum
1329 1923 1472 1967 tutus
1516 1927 1636 1966 esse
1687 1912 1874 1981 possit.

305 2006 584 2074 Οὖραγίαν
609 2021 707 2075 pro
729 2007 845 2059 acie
876 2019 1145 2073 posuetna
1171 2007 1271 2075 legi
1301 2007 1440 2074 apttd
1466 2000 1875 2075 Xenophoptem

304 2098 358 2151 in
390 2098 678 2164 ἀποϐάσει,
707 2098 999 2167 λογχαγῑαν
1029 2113 1312 2166 nusquam.
1341 2098 1485 2151 Nova
1513 2115 1613 2153 vox
1641 2096 1877 2152 videtur.

305 2189 434 2243 Ideo
461 2188 634 2242 codex
667 2190 804 2242 alter
829 2190 1087 2260 λοχαγίαν
1128 2191 1330 2244 habet:
1357 2206 1474 2260 qua:
1509 2206 1602 2243 vox
1637 2192 1737 2243 huc
1771 2205 1877 2243 non

305 2281 557 2351 quadrat.
595 2282 865 2348 Qumritur
918 2284 1058 2335 enim
1111 2282 1395 2335 ἀντίθετον
1445 2282 1543 2351 τῆς
1595 2280 1877 2348 οὐραγίας,

307 2376 449 2443 quod
498 2389 618 2429 esse
664 2374 892 2443 λοχαγία
926 2375 1130 2441 nequit.
1191 2373 1356 2427 Recte
1416 2388 1543 2441 ergo
1589 2371 1879 2440 λογχαγία,

313 2462 749 2532 ἀντιπαράταξις
783 2465 931 2518 frons
955 2465 1247 2528 exercitus,
1280 2464 1368 2517 ubi
1398 2465 1590 2517 hastati
1634 2464 1883 2533 cuspides

310 2557 656 2624 protendunt.
704 2556 818 2612 Non
867 2557 1144 2611 dissimulo
1169 2565 1344 2611 tamen
1378 2556 1626 2627 λοχάγων
1657 2556 1884 2609 mentio—

286 2659 437 2699 -nem
479 2661 599 2715 qua:
628 2647 787 2700 tn-rtio
822 2655 1081 2714 quartove
1111 2662 1231 2700 mox
1280 2662 1438 2701 versu
1484 2647 1723 2716 sequitur
1758 2660 1884 2716 pro-

311 2729 542 2786 habilem
570 2732 746 2787 facere
774 2732 1056 2788 lectionem
1084 2733 1364 2804 λοχαγίας.

1047 2872 1139 2924 Μ’.

379 2980 776 3034 Μανιακᾶται.
821 2982 941 3035 Fuit
971 2984 1060 3051 qui
1110 2984 1485 3051 suSpicaretur
1528 2985 1709 3038 nescio
1754 2984 1885 3052 quid

313 3074 377 3127 de
422 3075 682 3139 torquatis
717 3071 907 3127 Gallis.
941 3074 1154 3127 Memini
1191 3075 1366 3141 legere
1416 3092 1502 3129 me
1541 3077 1680 3144 apud
1726 3075 1885 3144 Poly-

313 3163 458 3217 bium
505 3164 779 3233 μανιάκην
831 3174 1094 3232 torquent.
1147 3163 1251 3217 Sed
1307 3180 1446 3217 nunc
1490 3181 1592 3217 nou
1634 3172 1750 3217 erat
1801 3164 1885 3216 his

312 3256 484 3316 locus,
510 3271 607 3310 nec
633 3258 882 3324 cuiquam
912 3266 1090 3323 potest
1120 3272 1238 3311 esse
1268 3256 1488 3310 dubium
1519 3256 1646 3324 quin
1679 3272 1876 3322 pavu-

310 3354 471 3407 κᾶται
501 3353 639 3422 apud
677 3354 907 3417 Annam,
943 3352 1035 3406 lib.
1063 3367 1155 3412 vn.
1189 3367 1313 3420 pag.
1347 3352 1484 3413 2l0,
1514 3352 1617 3405 sint
1645 3350 1885 3417 reliqui-.1:

312 3445 587 3511 copiarum
620 3442 900 3507 Mattiacis,
931 3443 1120 3496 famosi
1150 3441 1419 3511 quondam
1454 3443 1504 3494 in
1536 3440 1689 3495 italia
1722 3439 1877 3493 Grat-

310 3551 499 3591 corum
541 3535 717 3599 (lucis,
753 3545 813 3588 ut
838 3536 997 3589 «locet
1026 3534 1177 3588 Anna
1242 3533 1376 3601 ipsa,
1410 3532 1500 3586 lih.
1552 3548 1605 3597 ι,
1638 3546 1758 3601 pag.
1798 3530 1885 3585 ll.

311 3628 662 3698 Cttropalates
724 3627 778 3682 in
811 3628 1049 3695 Diogene
1084 3644 1097 3679 :
1127 3623 1474 3693 Δύτάρανδος
1503 3621 1562 3674 δὲ
1604 3622 1681 3691 τῷ
1730 3636 1888 3690 μονο-

317 3719 473 3791 pax-9
521 3721 614 3772 καὶ
633 3719 1116 3788 κατηγωνισμένον
1145 3719 1198 3771 oi
1228 3717 1324 3769 σὺν
1370 3714 1518 3784 αὐτῷ
1568 3715 1729 3784 (forte
1786 3713 1886 3765 σὺν

311 3810 483 3880 αὐτῷ)
527 3812 924 3881 περαιωθέντες
951 3808 1029 3878 τῷ
1062 3808 1273 3878 βασιλεῖ
1298 3806 1656 3868 δουλωθέντες
1689 3822 1889 3875 μανιοιο

314 3902 481 3957 κᾶται
523 3920 586 3955 τε
629 3902 1116 3971 ἐπωνομάσθησαν,
1149 3901 1243 3955 καὶ
1281 3903 1348 3971 τῇ
1394 3888 1682 3969 Ῥωμαίων
1715 3897 1882 3968 πολλῇ

313 3994 453 4049 forte
480 3995 674 4064 (πόλει)
705 3996 1092 4061 ὲναπέμειναν.

384 4086 781 4153 Μανουήλημ.
818 4084 935 4139 Lib.
986 4101 1074 4147 xv,
1125 4086 1503 4138 candelabrum
1540 4094 1668 4135 ante
1720 4084 1889 4149 impe-

314 4186 550 4232 ratorem
586 4177 828 4247 prteferri
860 4177 1074 4231 solitum
1122 4192 1152 4230 a
1189 4176 1471 4229 manubrio
1501 4174 1640 4229 forte
1694 4176 1772 4228 sic
1807 4174 1891 4227 di-

312 4280 458 4324 ctum
490 4283 554 4323 ex
604 4268 796 4322 Latino
832 4270 997 4323 verbo
1046 4283 1258 4322 manus.
1304 4265 1439 4322 Vide
1493 4267 1786 4321 Mem-sitim
1835 4273 1889 4319 et

312 4363 454 4416 alios
481 4361 918 4430 glossographos.

386 4453 737 4523 Μαρκέσση.
780 4453 971 4506 Dubito
992 4468 1058 4505 an
1098 4454 1197 4506 hoc
1230 4452 1302 4505 sit
1331 4466 1578 4520 persona:
1607 4452 1884 4519 proprium

313 4560 535 4608 nomen,
574 4559 644 4598 an
673 4558 801 4596 vero
829 4543 1104 4611 dignitatis
1154 4543 1296 4596 illius
1340 4543 1500 4596 hodie
1547 4543 1843 4596 notissiuia-
1871 4581 1886 4605 ,

312 4653 478 4705 quam
505 4636 934 4689 marcbionatmu
965 4634 1191 4688 dicimus
1226 4650 1241 4686 :
1277 4635 1345 4685 ita
1389 4643 1446 4686 ιιι
1476 4632 1787 4687 Tancredus
1817 4631 1885 4687 ab

314 4732 469 4784 Anna
527 4729 765 4782 tttarcbio
820 4738 1061 4781 vocetur.
1121 4725 1428 4794 Scriptores
1483 4726 1886 4792 expeditionum

312 4837 594 4876 sacrarum
625 4831 939 4874 constanter
973 4821 1116 4871 lumc
1153 4816 1490 4871 Tancredum
1520 4829 1712 4872 vocant
1745 4817 1889 4870 Mar-

311 4911 447 4965 chisi
489 4908 652 4962 filium
685 4924 697 4958 :
732 4916 783 4960 et
808 4906 1033 4961 fortasse
1068 4906 1242 4959 Patris
1270 4922 1462 4958 nomen
1497 4907 1605 4959 lilio
1636 4908 1882 4976 adjunxit

314 5001 404 5055 hic
433 5000 612 5061 Anna,
638 5015 784 5053 more
814 4999 902 5052 illo
931 4998 1097 5051 veteti
1126 5013 1232 5065 quo
1255 4997 1508 5052 Socrates
1538 4997 1883 5067 Sophronisci

312 5103 368 5146 ct
391 5091 734 5161 Thucydides
763 5088 908 5144 Olori
935 5088 1035 5141 dici
1074 5087 1230 5145 solet.

389 5205 802 5273 Μιχαηλάτος.
835 5204 905 5257 Ut.
951 5200 1305 5269 Ῥωμανάτος
1341 5211 1519 5255 certas
1549 5179 1889 5274 nurpniorum

311 5298 524 5365 species
578 5298 860 5364 designant
912 5292 1236 5361 imaginibus
1287 5302 1555 5347 certorum
1598 5294 1890 5362 imperato-

318 5405 436 5441 I'llm
472 5404 661 5454 nempe
698 5387 969 5440 Michaelis
996 5397 1087 5439 aut
1124 5386 1347 5439 Romani
1380 5384 1627 5452 Diogenis
1659 5386 1890 5452 impres~

314 5496 427 5535 sas.
461 5480 541 5534 Ad
582 5480 894 5533 M‘cltaelem
924 5485 1060 5546 quod
1088 5480 1300 5537 attinet,
1340 5477 1430 5528 lib.
1460 5491 1576 5538 xm,
1601 5477 1705 5529 sub
1731 5478 1887 5528 finem

319 5578 381 5628 ιει
434 5574 633 5626 mentio
659 5569 1013 5639 Μιχαηλάτον
1054 5569 1324 5639 χαραγῆς,
1360 5568 1459 5621 hoc
1507 5575 1609 5627 cst,
1656 5568 1890 5634 pecuuim

319 5666 595 5729 impressa.-
624 5663 797 5731 «ﬂigie
829 5656 1102 5715 Mtcltaelis
1131 5662 1287 5714 Ducze
1318 5660 1565 5727 Augusti.
1605 5659 1695 5712 Sic
1740 5660 1882 5711 enim

317 5746 478 5824 paulo
509 5765 628 5821 post
656 5756 894 5822 loquitur
930 5753 1250 5808 Baimiutdus
1274 5771 1286 5805 :
1310 5752 1545 5819 Ὀφείλω
1576 5751 1886 5819 λαμϐάνειν

319 5846 445 5901 κατ’
494 5846 718 5916 seq-aiam
760 5846 906 5900 δόσιν
933 5845 1037 5898 ἀπὸ
1092 5846 1201 5898 τιτιν
1255 5844 1551 5916 βασιλικῶν
1602 5842 1887 5915 θησαυρῶν

1458 433 1958 491 GLOSSMHUM
1998 433 2363 493 ANNﬁEUM.

3403 421 3503 488 12°.

1972 547 2206 599 τάῖαντα
2247 546 2493 599 διακόσια
2515 544 2609 597 τοῦ
2636 542 3187 614 προόεδασιλευκότος
3215 540 3383 613 κόρου
3435 543 3541 595 Μι-

1970 639 2110 709 χαὴλ
2163 637 2425 706 ποιότητά
2470 654 2528 690 τε
2554 638 2652 689 καὶ
2706 635 2956 705 χαραγὴν
3012 635 3377 702 ἀποφέροντα.
3435 628 3543 687 Ubi

1974 730 2263 782 notandum
2312 730 2450 797 quod
2496 728 2718 795 ποιότης
2766 736 2816 781 et
2848 725 3069 797 χαραγὴ
3114 725 3539 792 distinguuntur.

1973 819 2117 872 l‘aloi
2152 831 2199 872 et
2261 820 2307 873 le
2338 821 2454 873 coiit
2486 827 2539 872 et
2573 821 2624 872 in
2678 817 2977 870 Romanam
3036 815 3323 884 ποιότητος
3375 814 3545 868 solius

1975 913 2033 965 fit
2072 913 2309 977 mentio,
2350 927 2455 965 non
2510 914 2636 965 item
2695 912 2803 981 typi
2839 927 2852 963 :
2887 909 3025 964 forte
3075 908 3362 962 alfectasse
3412 907 3536 957 Bai-

1973 1008 2229 1057 ntuudum
2285 1003 2418 1057 solvi
2447 1004 2547 1058 sibi
2597 1003 2684 1056 tali
2712 1010 2922 1055 moneta
2952 1001 3261 1065 pensionem
3313 1010 3544 1051 annuam

1974 1098 2115 1163 quod
2172 1096 2272 1149 iste
2321 1096 2616 1161 imperator
2666 1093 2890 1148 Michael
2933 1093 3110 1146 Ducas
3158 1092 3331 1146 aliiuis
3381 1091 3550 1152 ipsius

1976 1187 2163 1241 fuisset
2192 1196 2248 1241 ut
2279 1187 2418 1240 libro
2453 1204 2467 1241 ι
2497 1188 2743 1241 traditur.
2772 1189 2938 1240 Porro
2970 1186 3194 1252 ποιότης
3229 1193 3280 1236 et
3329 1182 3548 1252 χαραγὴ

1974 1279 2201 1332 diversae
2229 1278 2682 1332 considerationis
2708 1288 2864 1331 erant
2898 1294 2913 1342 ;
2951 1292 3074 1329 nam
3107 1277 3403 1344 imperator
3429 1275 3550 1339 qui-

1976 1369 2106 1424 libet
2136 1370 2360 1424 arbitrio
2395 1385 2494 1422 suo
2528 1381 2736 1422 certum
2766 1370 2989 1435 gradum
3026 1377 3081 1421 et
3129 1368 3346 1420 ntodum
3401 1368 3553 1434 puri-

1977 1462 2101 1515 tatis
2135 1461 2335 1515 metalli
2372 1461 2770 1528 prmscribehat.
2814 1459 2935 1513 llaec
2966 1469 3081 1513 erat
3109 1460 3353 1524 ποιότης,
3388 1472 3548 1526 quam
3598 1527 3605 1533 .

1975 1553 2215 1608 eamdem
2247 1567 2366 1607 esse
2400 1552 2499 1606 sub
2532 1552 2637 1605 alio
2664 1555 3007 1620 charagmate
3037 1549 3167 1604 nihil
3206 1557 3371 1602 vetat.

2047 1648 2376 1708 Μόλισκος.
2411 1644 2526 1698 Lib.
2559 1660 2633 1706 γι,
2683 1644 2892 1697 videtur
2936 1657 3056 1697 esse
3107 1653 3363 1709 angustus
3394 1648 3552 1693 terra:

1979 1747 2187 1792 tractus
2216 1752 2382 1803 aquas
2412 1738 2657 1790 dividens
2707 1735 2880 1788 instar
2930 1736 3243 1802 crepidinis,
3297 1736 3551 1788 substru-

1978 1828 2157 1882 ctione
2187 1837 2239 1881 et
2287 1842 2481 1896 aggere
2536 1826 2751 1879 firmata
2801 1827 2991 1887 moles,
3044 1824 3343 1891 cuiusmodi
3391 1823 3548 1884 obiici

1980 1918 2185 1985 stagnis
2228 1934 2291 1972 ac
2319 1917 2629 1971 ﬂuminibus
2682 1919 2878 1970 solent.
2929 1917 3153 1980 Gallice,
3195 1925 3549 1983 prmtet-quam

1980 2010 2122 2077 quod
2180 2008 2425 2063 Latinam
2477 2010 2634 2062 molis
2670 2024 2859 2062 vocem
2913 2010 3210 2060 retinemus
3281 2004 3551 2062 interdum

1982 2100 2032 2153 in
2070 2100 2153 2153 his
2184 2099 2533 2168 appellandis,
2558 2100 2739 2165 dignes
2766 2098 3099 2164 frequentius
3132 2111 3405 2148 vocamus.
3442 2092 3551 2145 Ha-

1982 2192 2071 2245 bet
2095 2204 2272 2244 auteut
2312 2191 2739 2261 ὑποκοριστικὴν
2774 2188 3000 2243 formant
3037 2187 3261 2243 verbum
3289 2185 3545 2253 μολίσκος

1985 2292 2046 2338 ιιι
2077 2298 2107 2336 e
2148 2282 2335 2336 Latino
2371 2282 2529 2336 moles
2567 2283 2633 2336 ab
2664 2281 2816 2335 Anna
2858 2280 2937 2333 vel
2972 2280 3040 2333 ab
3073 2278 3191 2347 ejus
3220 2277 3317 2331 aevi
3351 2275 3554 2330 Grzccis

1983 2372 2269 2427 formatum
2320 2372 2582 2426 videatur.
2636 2370 2797 2443 [Vide
2846 2370 2922 2424 Du
2986 2369 3245 2437 Caugium
3282 2369 3348 2420 ad
3380 2367 3551 2418 Annae

1982 2480 2036 2534 p.
2067 2464 2211 2536 153.]

2051 2554 2519 2623 Μουλσούμανοι
2573 2554 2653 2609 vel
2689 2554 2867 2622 potius
2899 2554 3388 2620 Μουσοὰἳμανοι.
3432 2549 3555 2603 Lib.

1985 2662 2036 2700 tv
2065 2665 2077 2698 :
2123 2644 2436 2716 Ὀμολογῶν
2467 2645 2585 2715 ἅμα
2622 2650 2684 2698 ἐκ
2716 2645 2912 2697 πολλοῦ
2965 2645 3063 2714 τὴν
3097 2640 3408 2712 ἀναμεταξὺ
3443 2637 3557 2690 τῶν

1980 2736 2424 2805 Μου).σουμάνων
2474 2737 2567 2789 καὶ
2599 2736 2705 2788 τῶν
2770 2735 3057 2804 Ῥωμαίων
3106 2734 3327 2802 εἰρήνην
3361 2733 3558 2783 ἐπιπο-

1981 2829 2098 2882 θεῖν
2148 2828 2468 2882 θεάσασθαι.
2540 2827 2896 2880 Musulmanni
2946 2825 3409 2880 Multamtnedante
3459 2836 3553 2872 sua

1981 2920 2312 2988 perstitiouis
2360 2922 2596 2974 cultores
2636 2920 2791 2987 primi
2824 2918 2993 2971 vocati
3045 2925 3207 2977 sunt,
3238 2914 3382 2982 quod
3434 2928 3557 2967 cum

1984 3011 2381 3065 lilobammedes
2411 3014 2600 3077 dogma
2636 3025 2789 3061 suum
2830 3017 3037 3061 armata
3065 3016 3117 3060 et
3149 3005 3376 3058 violenta
3403 3019 3559 3073 gras-

1983 3104 2194 3157 satione
2229 3111 2569 3170 propagaret,
2605 3116 2696 3155 eos
2728 3115 2915 3152 omnes
2957 3098 3284 3152 interficiens
3311 3096 3397 3160 qui
3428 3110 3554 3149 sus-

1980 3196 2160 3262 cipere
2188 3194 2316 3247 illud
2349 3193 2569 3251 nollent,
2618 3191 2707 3258 qui
2737 3190 3099 3257 suspiciebant
3130 3171 3421 3273 "VmJ'NDD,
3453 3185 3556 3238 huc

1983 3294 2066 3341 est
2108 3283 2306 3338 servati
2341 3292 2395 3336 et
2422 3282 2553 3335 salvi
2588 3282 2734 3344 facti,
2765 3282 2961 3348 quippe
2993 3293 3023 3332 a
3076 3287 3250 3333 morte
3296 3276 3506 3329 liberati
3540 3312 3557 3332 .

1984 3373 2321 3429 dicebantur.
2359 3372 2434 3425 Ex
2485 3373 2586 3425 hac
2629 3371 2836 3437 origine
2885 3370 3108 3422 invaluit
3162 3367 3213 3421 id
3267 3381 3459 3420 nomen
3495 3368 3561 3416 ad

1987 3465 2197 3520 Turcos
2242 3476 2295 3519 et
2343 3465 2644 3519 Saracenos
2677 3461 3066 3514 Muhatnmedis
3112 3459 3345 3513 cultores
3398 3458 3559 3510 desi—

1985 3558 2250 3627 guandos;
2275 3557 2396 3625 quia
2429 3566 2608 3608 tamen
2643 3570 2703 3607 ea
2737 3569 2839 3606 non
2888 3551 3063 3620 gentis
3108 3549 3392 3618 appellatio
3414 3586 3429 3612 ,
3462 3550 3558 3602 Sed

1986 3649 2284 3720 θρησκείας
2319 3646 2802 3710 est,Musnlmanui
2854 3660 2958 3697 non
3005 3644 3262 3697 dicuntur
3311 3643 3412 3695 nisi
3462 3643 3552 3709 q-ei

1987 3742 2295 3797 circumcisi
2327 3750 2473 3802 sunt,
2512 3741 2557 3793 si
2606 3754 2782 3791 mares
2834 3738 2980 3799 sint;
3011 3736 3055 3789 si
3101 3744 3281 3787 autem
3338 3731 3553 3785 femina:

1988 3837 2090 3890 nisi
2130 3833 2514 3903 professionem
2549 3829 3013 3883 Mnhauuuedistni
3045 3826 3271 3883 solemni
3328 3823 3552 3877 formttl-i

1989 3928 2235 3981 fecerint.
2281 3923 2633 3979 Transferunt
2674 3931 2849 3976 autem
2904 3920 3263 3989 significatum
3321 3918 3554 3983 primum

1987 4000 2175 4072 salutis
2205 4029 2475 4081 corporea:
2496 4022 2548 4066 et
2578 4011 3012 4082 przeservatiouis
3043 4024 3071 4062 a
3109 4016 3282 4061 morte
3313 4008 3376 4058 ad
3410 4006 3560 4058 salu-

1989 4117 2093 4162 tem
2125 4122 2284 4177 quam
2316 4122 2346 4159 a
2378 4105 2753 4159 Muhanuncde
2791 4103 2972 4156 miseri
3006 4113 3249 4168 sperant;
3282 4110 3334 4151 ut
3360 4097 3564 4151 Musul~

1989 4198 2169 4251 manui
2211 4197 2319 4250 sint
2345 4196 2538 4265 quibus
2576 4194 3007 4251 lilnhanimedani
3050 4192 3287 4263 paradisi
3321 4188 3553 4244 felicitas

1986 4298 2135 4342 certo
2170 4287 2435 4355 promissa
2462 4295 2567 4340 est.

2727 4342 2901 4472 No.

2057 4556 2370 4624 Ναῦραῖοι.
2409 4555 2527 4610 Lib.
2559 4571 2646 4616 xv,
2682 4563 2801 4621 post
2836 4551 3066 4607 turdium
3103 4571 3114 4605 :
3164 4552 3284 4605 ’Erc".
3320 4548 3413 4602 τοῦ
3459 4548 3558 4615 βαι-

1988 4648 2195 4702 σι).ικοῦ
2229 4647 2408 4699 τοίνυν
2439 4648 2501 4714 τῇ
2539 4646 2655 4713 μετ’
2692 4644 2863 4713 αὐτὴν
2898 4644 3142 4711 καθῆστο
3172 4642 3389 4711 θρόνου.
3424 4642 3561 4692 [Ιολ-

1985 4745 2068 4795 λοὶ
2126 4741 2181 4795 δὲ
2234 4733 2538 4804 τηνικαῦτα
2574 4737 2833 4807 παρῆσαν
2880 4737 2981 4800 τῆς
3014 4753 3071 4787 τε
3119 4735 3428 4800 συγκλήτου
3466 4734 3562 4785 καὶ

1985 4836 2087 4905 τῆς
2111 4834 2262 4901 ἱερᾶς
2311 4831 2550 4891 συνόδου,
2589 4829 2678 4881 καὶ
2708 4827 2818 4881 τῶν
2842 4828 3158 4896 Ναζιραεων
3201 4826 3380 4879 αὑτῶν
3421 4828 3553 4879 ὑπό-ο

1990 4940 2073 4980 σοι
2149 4924 2307 4992 λόγον
2368 4924 2613 4991 μετεῖχον
2646 4920 2889 4987 λογάδες.
2932 4918 3220 4987 Religiosze
3264 4919 3395 4970 vita?
3434 4934 3560 4982 pro.

1990 5021 2220 5073 I'cssores
2269 5016 2469 5070 Gricis
2520 5013 2849 5067 Christianis
2897 5011 3024 5064 dicit
3081 5019 3207 5063 sunt
3259 5010 3552 5077 Ναζιραῗοι

1990 5109 2252 5164 translato
2288 5122 2317 5158 a
2362 5104 2635 5159 Nazaraeis
2680 5102 2953 5157 veteribus
3006 5103 3244 5157 nomine.
3299 5102 3354 5154 S.
3414 5101 3564 5155 Νἱιιις

1988 5202 2141 5271 cujus
2166 5197 2420 5269 epistolas
2449 5195 2680 5249 nondum
2712 5197 2884 5248 editas
2907 5193 3270 5247 describebam
3306 5210 3471 5261 ttttper
3494 5206 3562 5243 es

1988 5295 2188 5359 optimo
2219 5292 2407 5344 codice
2440 5288 2777 5341 bibliothecae
2820 5286 3102 5347 Medicam,
3132 5286 3357 5355 cpistola
3407 5284 3503 5334 Hii
3542 5300 3556 5333 ε

1990 5380 2146 5439 Οὗτοι
2184 5383 2384 5441 πάντες
2410 5380 2511 5433 κᾶν
2539 5396 2598 5430 τε
2650 5377 2904 5448 κληρικοὶ
2928 5378 3029 5430 κᾶν
3060 5392 3120 5429 τε
3157 5375 3421 5445 βιωτικοὶ,
3457 5372 3559 5423 κάν

1987 5496 2046 5531 τε
2076 5476 2360 5543 Ναζιραῖοι
2387 5474 2478 5524 καὶ
2510 5470 2947 5537 ἀποτεταγμένοι
2988 5468 3299 5536 ὑπάρχωσι,
3328 5471 3433 5512 etc.

2060 5567 2470 5636 Νουμίσματα.
2504 5561 2621 5616 Lib.
2655 5578 2739 5621 ιιι.
2781 5575 2897 5627 post
2932 5562 3166 5614 medium
3216 5542 3269 5608 itt
3318 5548 3554 5619 Epistula

1990 5661 2159 5713 Alcxii
2188 5662 2254 5711 ad
2285 5655 2593 5715 llenricum,
2639 5657 2863 5707 nummi.

2059 5750 2486 5816 Νωόενιίσιμος.
2521 5744 2636 5800 ιλιι).
2672 5760 2789 5806 xm,
2824 5745 2921 5795 sub
2950 5740 3174 5792 tttt‘ilittut
3202 5752 3217 5800 ;
3250 5735 3429 5787 titulus
3472 5735 3558 5783 alii

1992 5841 2212 5914 guitatis
2245 5841 2294 5897 iu
2320 5841 2436 5895 aula
2464 5839 2540 5894 vel
2567 5838 2745 5907 potius
2775 5835 3041 5909 republica
3074 5828 3378 5901 Byzantina:
3408 5826 3549 5883 (ξι-πο
