3986 6212
566 332 698 400 1231

565 448 685 509 ciae,
712 460 775 499 ex
812 442 1004 497 Latino
1036 442 1351 497 nobilissimi
1385 442 1548 496 verbo
1584 442 1635 496 in
1664 442 1909 497 Graaeum
1943 462 2132 497 snnum

570 535 819 592 inﬂexus.

1319 629 1356 663 τι·

1317 664 1381 683 α-ιο

635 742 1065 797 Ξυλοκλασίαι.
1106 743 1221 797 Lib.
1256 760 1374 802 xm.
1408 745 1507 798 sub
1544 742 1777 796 medium
1812 758 1826 794 :
1862 741 2047 794 Πᾶσὰν
2082 757 2140 792 τε

567 833 807 903 ἄτροπον
855 832 943 887 διὰ
981 835 1091 888 τῶν
1162 832 1513 903 καλουμένων
1562 832 2141 900 ξυλοκλασιῶνῖαὒῢις

568 927 682 987 τοῖς
739 925 965 989 Κελτοῖς
1011 925 1449 995 ἀπετάφρευσεν.
1505 926 1604 979 Διὰ
1640 927 1996 980 instrumento
2029 940 2143 978 ser-

575 1016 683 1081 vit;
721 1026 777 1070 ut
812 1015 939 1071 velit
976 1018 1199 1072 semitas
1230 1016 1613 1081 ξυλοκλασίαις
1663 1015 1864 1069 clusas.
1893 1015 2138 1066 Alterum

568 1109 798 1162 duorum
826 1122 956 1177 ergo
981 1117 1063 1163 est
1094 1107 1422 1174 ξυλοκλασια
1467 1125 1481 1161 :
1518 1106 1598 1159 vel
1627 1106 1867 1174 aggeslio
1912 1113 2142 1158 temera-

570 1198 650 1252 ria
676 1213 828 1255 caesae
854 1199 1023 1264 silvae,
1057 1198 1299 1270 (Tacitus
1328 1215 1511 1255 conca:
1533 1200 1609 1253 les
1643 1197 1868 1267 diceret)
1901 1198 1983 1251 vel
2012 1212 2141 1251 cau-

569 1287 806 1343 cellatim
847 1288 1073 1358 object-.e
1114 1298 1291 1345 crates
1325 1306 1339 1343 :
1377 1300 1671 1356 utrumque
1703 1299 1886 1357 aptum
1915 1289 1980 1340 ad
2011 1302 2137 1341 see-

573 1378 791 1431 tentiam
836 1377 960 1432 luci.

1320 1474 1385 1528 0.

647 1575 706 1628 '0
726 1576 826 1630 ἐπὶ
902 1578 1215 1647 τραπέζης.
1270 1579 1389 1636 Lib.
1438 1594 1553 1643 xm,
1595 1592 1715 1648 pag.
1746 1578 1850 1632 577
1902 1588 1958 1634 et
2001 1576 2135 1634 3'73.

570 1663 741 1721 Oliicii
775 1682 971 1722 nomen
1000 1679 1090 1722 aut
1123 1668 1408 1724 ministerii
1438 1710 1452 1735 ,
1482 1680 1539 1722 ut
1567 1679 1812 1739 apparet,
1849 1669 1900 1724 in
1935 1669 2139 1723 farnilia

570 1760 936 1828 imperatoris.
964 1760 1188 1817 Videtur
1221 1772 1402 1817 autem
1433 1777 1536 1817 non
1566 1779 1698 1833 pure
1730 1765 2022 1817 humanum
2050 1774 2139 1815 aut

568 1852 848 1921 politicum
875 1853 1045 1909 fuisse
1078 1855 1128 1908 id
1169 1870 1386 1921 munus,
1416 1856 1509 1909 sed
1563 1855 1910 1924 religiosum;
1942 1855 2140 1922 quippe

568 1959 677 2014 quo
701 1943 1018 2011 iniungeretur
1044 1946 1344 1999 monachus
1364 1945 1429 1998 ad
1460 1945 1801 2014 byrnnodiam
1820 1956 2137 1998 nocturnam

566 2035 723 2090 statis
747 2034 899 2090 horis
919 2037 1216 2090 excubans.
1250 2034 1412 2090 Forte
1438 2035 1597 2104 hujus
1620 2045 1740 2090 erat
1770 2036 1904 2089 bene
1929 2035 2138 2104 precari

567 2141 732 2196 super
783 2144 1023 2184 mensam
1059 2129 1194 2184 ribis
1233 2129 1445 2195 positis,
1488 2137 1544 2184 et
1592 2130 1930 2197 postmodum
1984 2142 2141 2183 cmna

569 2231 783 2290 peracta
816 2223 1008 2292 praeire
1043 2222 1285 2278 solemne
1314 2237 1532 2278 carmen
1564 2221 1859 2292 gratiarum
1886 2220 2138 2275 actionis.

566 2309 847 2370 Videndus
870 2314 1252 2382 Curopalates.

644 2405 984 2472 Οιηματίας.
1022 2404 1137 2458 Lib.
1164 2421 1279 2462 xm.
1316 2404 1508 2460 Suidas
1537 2404 1854 2475 οιηματίας,
1884 2404 2137 2473 ἐπηρμέ-

570 2512 681 2559 νος.
732 2494 1031 2563 Superbus,
1069 2496 1371 2566 prazlidens,
1414 2496 1496 2550 sui
1539 2497 1798 2565 opinione
1828 2496 2063 2549 tumidus
2088 2505 2141 2549 et

569 2605 682 2660 prae
710 2604 768 2645 se
798 2589 932 2643 alios
959 2604 1244 2658 spernens.

639 2680 974 2750 Ὀρυκτίόες
1015 2682 1293 2750 χελῶναι.
1341 2681 1463 2739 Lib.
1517 2696 1635 2744 xm,
1689 2691 1814 2736 ante
1863 2680 2138 2743 medium,

569 2775 866 2828 testudines
907 2783 1001 2825 aut
1041 2774 1206 2841 plutei
1241 2774 1486 2845 tegendis
1539 2774 1603 2828 iis
1642 2773 1731 2842 qui
1767 2788 1948 2826 muros
1978 2769 2140 2825 sntio-

568 2863 743 2927 diuut,
779 2872 872 2917 aut
894 2864 1277 2919 subterraneos
1300 2875 1507 2919 meatus
1539 2872 1676 2918 terra
1715 2861 1983 2916 molienda
2013 2876 2140 2929 ege-

568 2951 841 3021 rendaque
871 2963 1152 3010 excavaut.

639 3041 959 3107 Οὐέτωνες.
1022 3037 1140 3098 Lib.
1198 3059 1309 3109 xtv,
1360 3060 1484 3115 pag.
1535 3044 1664 3099 370.
1706 3043 1821 3098 Non
1868 3045 2051 3112 utique
2087 3042 2142 3098 lii

568 3143 695 3188 sunt
721 3132 958 3193 Vetones
988 3148 1127 3204 quos
1181 3145 1393 3190 veteres
1453 3135 1746 3205 geographi
1787 3136 1838 3188 in
1875 3133 2135 3204 Hispania

569 3225 859 3281 collocant.
899 3225 975 3281 De
1009 3227 1205 3296 quibus
1241 3227 1452 3282 erudite
1479 3242 1632 3282 more
1676 3241 1773 3281 suo
1806 3227 1970 3280 multa
2026 3226 2139 3280 col-

569 3319 688 3390 ligit
731 3319 977 3375 Andreas
1007 3318 1343 3382 Resendius;
1380 3318 1660 3374 manifeste
1718 3318 1984 3388 siquidem
2039 3319 2141 3371 hoc

568 3414 786 3470 nomine
818 3415 971 3467 Anna
1003 3412 1171 3468 Italici
1202 3413 1416 3484 generis
1445 3424 1657 3481 gentem
1712 3424 1883 3476 notat,
1929 3413 1980 3466 in
2030 3426 2141 3481 quo

566 3523 635 3563 an
668 3522 771 3563 non
822 3506 1157 3576 μνημονικὸν
1197 3506 1317 3573 ejus
1365 3505 1587 3575 σφάλμα
1641 3504 2036 3574 agnoscendum
2069 3505 2141 3557 sit

568 3600 708 3653 haud
731 3609 935 3654 temere
966 3599 1292 3653 deﬁnierim.
1358 3597 1526 3652 Libro
1551 3597 1818 3667 superiori
1850 3598 1901 3651 in
1934 3597 2137 3652 deacri-

564 3691 748 3759 ptioue
781 3689 1041 3744 Adriatici
1070 3690 1217 3745 sinus
1240 3689 1532 3742 Εὐετώνων
1563 3688 1729 3742 verbo
1768 3688 1978 3743 videtur
1998 3687 2139 3741 desi-

568 3797 763 3853 gnasse
792 3781 1050 3853 Venetos.
1082 3782 1346 3848 Quoniam
1400 3795 1527 3836 vero
1595 3796 1870 3848 nunquam
1928 3778 2139 3847 Veneti,

569 3874 709 3940 quod
752 3874 905 3927 Anna
954 3872 1284 3935 meminerit,
1338 3882 1527 3926 contra
1585 3871 1964 3941 imperatorem
2017 3870 2141 3924 Ale-

571 3966 719 4018 xium
769 3964 970 4019 classes
1016 3974 1317 4030 armarunt,
1355 3964 1564 4018 videtur
1616 3964 1717 4018 hoc
1766 3965 1884 4018 loco
1926 3964 2143 4017 Οὐετώ-

569 4072 676 4109 νων
706 4057 870 4113 verbo
900 4058 1082 4124 Italos,
1120 4068 1210 4111 aut
1243 4058 1406 4112 etiam
1428 4053 1804 4112 Occidentales
1832 4067 1884 4111 et
1911 4057 2141 4112 Latinos

570 4163 760 4202 omnes
791 4150 1084 4202 nnivcrsim
1144 4149 1494 4215 intellexisse,
1525 4149 1631 4203 nisi
1690 4150 1929 4220 pressius
1986 4150 2140 4205 lnesit

570 4242 628 4295 in
658 4240 887 4305 Pisanis,
918 4240 1317 4305 Genuensibus,
1351 4252 1405 4295 et
1433 4240 1696 4305 Calabris,
1716 4258 1943 4312 quorum
1977 4258 2140 4298 nava-

566 4332 647 4387 les
676 4335 729 4386 in
761 4338 968 4401 patrem
995 4346 1151 4385 suum
1180 4332 1556 4399 expeditiones
1596 4331 1905 4401 descripsit.
1936 4332 2137 4388 Verum

526 4458 535 4464 -
567 4427 636 4484 de
663 4423 746 4480 his
776 4439 997 4493 agemus
1024 4422 1232 4492 plenius
1263 4423 1313 4477 in
1348 4423 1507 4477 uotis.

1332 4536 1399 4589 Π.

641 4655 988 4725 Πάτροκλος
1036 4654 1356 4723 πρόφασις.
1417 4653 1571 4723 Saepe
1617 4653 1797 4717 Anna,
1838 4653 2137 4722 przescrtim

566 4747 662 4806 lib.
691 4763 753 4804 nr
785 4756 843 4802 et
872 4747 968 4801 lib.
1003 4762 1059 4814 x,
1089 4746 1196 4802 isto
1224 4745 1474 4816 loquendi
1512 4745 1670 4800 modo
1695 4745 1954 4814 exprimit
1989 4745 2139 4815 plau-

563 4841 777 4904 sibilem
800 4848 1150 4911 prmtextum.
1182 4838 1545 4895 Proverbialis
1578 4837 1779 4894 locutio
1804 4853 1869 4894 ex
1903 4837 2138 4894 Homero

568 4932 722 4988 Iliad.
757 4929 800 4986 τ’
830 4949 844 4986 :

574 5045 668 5115 Ὧς
695 5044 865 5113 ἔφατο
891 5046 1157 5108 κλαίουσ’,
1190 5044 1283 5098 ἐπὶ
1319 5046 1377 5099 δὲ
1409 5046 1731 5115 στενάχοντο
1759 5046 2016 5115 γυναῖκες

569 5113 879 5181 Πάτροκλον
904 5117 1194 5185 πρόφασιν,
1235 5116 1385 5185 σφῶν
1417 5115 1461 5169 δ’
1493 5113 1669 5168 αὐξῶν
1700 5113 1850 5186 κήδε’
1880 5116 2106 5185 ἑκάστη.

569 5204 650 5260 Ad
679 5218 838 5273 quem
887 5204 1060 5260 locum
1135 5208 1216 5262 sic
1275 5208 1497 5262 adnotat
1555 5207 1872 5262 Eustathius
1914 5220 1928 5263 :
1975 5206 2047 5259 Τὸ
2081 5207 2137 5260 δὲ

576 5297 884 5369 Πάτροκλον
938 5300 1210 5367 πρόφασιν
1261 5303 1356 5355 καὶ
1418 5304 1498 5366 εἰς
1549 5301 1848 5373 παροιμίαν
1909 5300 2138 5371 ὕστερον

567 5390 756 5455 ἔπεσε,
783 5389 851 5443 δι’
888 5389 955 5461 ἢν
995 5390 1108 5460 ἔχει
1139 5391 1412 5465 εὔρυθμον
1444 5395 1739 5467 συντομίαν
1784 5394 1875 5448 καὶ
1911 5393 2137 5446 πιθανό-

564 5500 708 5552 τητα
740 5499 755 5515 ·
796 5484 891 5537 καὶ
940 5484 1160 5553 λέγεται
1207 5486 1301 5540 ἐπὶ
1350 5488 1459 5541 τῶν
1510 5492 1996 5561 προσποιουμένων
2034 5494 2134 5563 μὲν

566 5577 747 5626 ποιεῖν
774 5591 828 5628 τι
861 5575 948 5629 διὰ
986 5576 1142 5647 τήνδε
1188 5578 1309 5631 τινὰ
1338 5578 1540 5645 αἰτίαν,
1583 5581 1661 5652 τῷ
1700 5582 1812 5637 ὄντι
1869 5584 1926 5638 δὲ
1959 5585 2132 5650 ἄλλως

562 5662 723 5719 τοῦτο
751 5666 1066 5724 ποιούντων.
1106 5670 1242 5725 Vide
1274 5681 1534 5741 praeterea
1563 5685 1719 5731 notas
1747 5675 2041 5734 llaescltclii
2082 5686 2130 5732 et

564 5755 887 5829 glossarium
928 5759 1187 5819 Meursii.

1713 335 2205 397 ΟιΟφΞᾹῘὶΙυΜ
2240 338 2393 398 ANN
2411 337 2611 400 .‘EUM.
3602 349 3697 416 lii!

2321 447 2765 514 Πελειγολίμην.
2802 446 2930 516 Pag.
2968 446 3084 503 106.
3122 447 3273 514 Quasi
3313 450 3495 509 diceres
3522 472 3535 508 :
3559 455 3697 519 Portus

2248 536 2297 589 in
2337 536 2514 590 medio
2540 538 2695 591 mari.
2733 536 3030 593 Peculiaris
3081 541 3189 595 lucc
3240 545 3461 611 quaedam
3505 544 3694 606 industria

2245 637 2361 679 erat
2391 626 2596 683 classes
2625 639 2864 684 armatas
2918 629 3200 685 multarum
3235 633 3431 687 navium
3480 650 3559 703 per
3596 649 3698 695 vasta

2245 719 2418 773 maria
2477 721 2837 785 duetantium,
2894 734 2951 774 ut
2999 722 3130 777 locis
3187 725 3498 793 importuosis
3546 744 3699 796 portum

2243 809 2529 878 quemdam
2562 808 2628 864 ad
2662 827 2816 865 usum
2857 829 3048 882 pugna!
3074 825 3163 867 aut
3184 818 3517 873 exsceusionis
3550 823 3592 876 in
3631 826 3702 879 ali-

2244 914 2407 967 quem
2463 901 2637 954 locum
2700 902 3011 972 improvisae
3066 904 3318 962 lacerent.
3368 909 3418 963 lil
3460 911 3568 978 Leo,
3595 913 3700 971 Tact.

2244 992 2429 1045 Const.
2464 993 2554 1054 9.0.
2580 995 2777 1047 citatus
2810 1012 2836 1047 a
2869 995 3094 1049 Meursin
3144 1001 3378 1053 ναυτικοῦ
3407 1005 3563 1060 στόλου
3590 1024 3702 1077 στρι-

2242 1084 2469 1154 τήγημα
2521 1096 2700 1141 vocat.
2752 1085 2857 1142 Ubi
2907 1098 2962 1141 et
3008 1104 3117 1143 rem
3152 1092 3312 1157 ipsam
3355 1093 3458 1148 fuse
3494 1100 3700 1155 describit.

2242 1173 2351 1231 Nos
2377 1177 2493 1243 ejus
2530 1180 2691 1233 verba
2728 1197 2850 1234 cum
2882 1183 3050 1237 Anna!
3086 1192 3280 1237 nostra:
3312 1186 3472 1241 verbis
3493 1189 3703 1260 diligenter

2244 1268 2588 1326 conferemus
2621 1272 2674 1326 in
2713 1270 2869 1328 Notis
2900 1286 2952 1328 et
2985 1286 3237 1331 accurate
3263 1277 3369 1333 Deo
3417 1279 3554 1337 dante
3590 1284 3703 1353 quid-

2243 1361 2371 1431 quid
2405 1361 2457 1417 id
2486 1374 2569 1418 est
2609 1364 3037 1422 declarabimus.

2314 1457 2671 1524 Πελετρῖνος
2702 1459 2782 1511 vel
2814 1460 3163 1531 Περεγρῖνος.
3190 1464 3619 1533 Peregrinationem
3643 1480 3703 1522 re-

2246 1544 2498 1615 ligiosam
2532 1548 2835 1618 suscipiens
2865 1552 2929 1605 ad
2950 1552 3155 1608 Christi
3183 1555 3487 1623 sepulcrum.
3513 1536 3523 1553 ’

2318 1639 2667 1708 Πιγκέρνης.
2699 1640 2990 1699 Pincerna.
3045 1642 3182 1701 Vide
3208 1645 3477 1703 Meursium
3502 1656 3547 1705 et
3584 1648 3708 1705 Caro-

2245 1730 2499 1797 palaletn.

2316 1821 2699 1892 Πραιτώριον.
2749 1827 2866 1885 Lib.
2911 1844 3005 1884 xrn
3043 1846 3057 1881 :
3116 1831 3361 1901 ’ἀντικρὺ
3399 1833 3486 1902 τῆς
3517 1832 3706 1904 δονκιιιῆς

2242 1913 2510 1982 καθέδρας
2540 1916 2676 1987 ὅπερ
2707 1918 3052 1989 Πραιτώριον
3090 1923 3500 1993 προσωνόμαστο.

2317 2003 2663 2072 Πρεϐέντζη.
2726 2008 3032 2069 Provincia.
3090 2013 3177 2068 Sic
3223 2014 3420 2083 proprie
3467 2013 3583 2069 dicta
3620 2028 3706 2083 part

2246 2095 2458 2162 Galliae,
2513 2100 2803 2154 comitatus
2860 2100 3095 2156 celebris
3138 2106 3289 2174 cujus
3334 2118 3494 2160 comes
3516 2104 3570 2159 ab
3592 2105 3703 2158 Anna

2246 2202 2468 2242 meatur
2503 2193 2694 2263 Κύμης
2726 2195 3099 2267 Πρεϐἐντζης,
3140 2214 3256 2269 pag.
3282 2198 3399 2254 289.

2318 2280 2674 2351 Προὰλματιι
2706 2285 2815 2338 τῶν
2851 2286 3111 2354 πεδὶλων,
3147 2290 3236 2342 lib.
3266 2304 3315 2356 ν,
3372 2288 3492 2344 ultra
3521 2286 3705 2348 medium.

2240 2387 2360 2438 qmc
2387 2390 2649 2429 excussos
2687 2378 2839 2443 cquis
2876 2376 3066 2433 Gallos
3096 2396 3125 2432 a
3151 2388 3289 2433 statu
3316 2388 3365 2433 et
3394 2377 3708 2444 iucessuimpe-

2242 2464 2391 2516 diant
2420 2481 2434 2518 :
2471 2466 2597 2532 quid
2628 2467 2737 2520 sint
2765 2482 2973 2536 quiem,
3008 2470 3357 2525 calcariane?
3384 2485 3442 2524 an
3481 2468 3564 2522 alia
3590 2479 3706 2535 eque-

2244 2554 2371 2607 stris
2400 2566 2687 2610 armaturze
2742 2573 2869 2627 pars
2936 2558 3052 2615 illis
3107 2562 3419 2631 temporibus
3448 2560 3704 2624 usitatam

2242 2645 2442 2713 aliquid
2471 2647 2742 2704 hodierna:
2765 2664 2978 2720 quoque
3009 2651 3443 2707 consuetudinis?

2311 2736 2664 2803 Πρόσωπον.
2699 2738 2900 2793 Praner
2929 2743 3210 2796 notionem
3247 2742 3486 2810 vulgatam
3506 2739 3608 2794 artis
3643 2751 3707 2791 vo-

2242 2827 2493 2882 cabulum
2525 2839 2605 2884 est
2642 2830 2696 2884 in
2725 2832 2978 2887 civilibus
3027 2836 3455 2889 convcntionibus
3498 2845 3616 2886 usum
3639 2828 3709 2883 ba-

2241 2917 2396 2982 bens,
2433 2929 2492 2974 ut
2526 2922 2576 2975 in
2612 2923 3003 2992 paciﬁcationis
3059 2926 3409 2981 lustrumeuto
3437 2919 3707 2977 Alexiuminc

2244 3020 2329 3065 ter
2354 3020 2407 3065 et
2437 3011 2796 3068 Baimundum
2838 3026 3128 3073 transacto
3157 3019 3332 3073 videre
3360 3027 3446 3080 est,
3467 3016 3542 3069 lib.
3560 3027 3654 3066 snt.

2311 3104 2649 3172 Πολλαχός.
2686 3104 2805 3160 Lib.
2839 3122 2929 3172 xv,
2962 3110 3270 3177 oppositum
3318 3104 3506 3179 μοναχῷ
3543 3099 3707 3174 plurifa-

2243 3193 2383 3249 rium
2415 3196 2682 3253 solitario.

2314 3287 2537 3355 Πόρτη.
2575 3290 2759 3346 l‘orta.
2792 3289 2927 3346 Vide
2963 3292 3282 3348 Meursium.

2988 3386 3073 3438 P.

2322 3472 2720 3526 'Ps6en-mdr.
2787 3473 2906 3529 Lib.
2974 3491 3032 3542 ν,
3111 3473 3404 3549 ρεδεννικδν
3461 3464 3705 3540 περικόψαι

2249 3559 2472 3616 Videtur
2517 3565 2827 3633 ρεϐεννικδν
2871 3581 2993 3621 esse
3022 3570 3169 3637 quod
3209 3567 3398 3623 Gallice
3428 3562 3614 3620 dicimus
3649 3569 3708 3608 η·

2243 3653 2401 3717 vrlin,
2429 3656 2669 3711 barriére
2702 3668 2798 3712 aut
2827 3659 2958 3729 quid
2988 3662 3195 3716 simile.

2321 3746 2550 3815 Ῥητός.
2589 3749 2704 3805 Lib.
2746 3768 2802 3815 x,
2833 3754 2975 3807 circa
3022 3755 3257 3809 medium
3305 3748 3443 3825 ῥητοὶ
3474 3745 3564 3816 γὰρ
3593 3736 3707 3809 ἦσαν·

2241 3839 2321 3892 Αη
2354 3840 2517 3909 ρητδς
2549 3842 2769 3899 notione
2795 3846 3021 3898 barbara
3061 3862 3160 3913 pro
3184 3861 3331 3900 rarus
3359 3833 3589 3911 positum?
3610 3832 3669 3883 Au
3687 3841 3706 3875 ι

2241 3929 2441 3986 Graecae
2470 3934 2694 4002 originis
2745 3938 3083 4004 proprietate
3115 3954 3220 3994 non
3272 3925 3566 3991 discessum!
3608 3926 3709 3977 ωηο

2243 4024 2381 4078 ratio
2401 4028 2682 4080 sententiae
2706 4027 2869 4098 exigit
2895 4040 2951 4082 ut
2979 4029 3148 4084 isthic
3173 4029 3322 4100 ῥητοὶ
3350 4021 3488 4097 pauci
3506 4020 3708 4074 dicantur.

2240 4112 2337 4169 Est
2362 4129 2423 4169 ea
2478 4115 2663 4171 Grieca
2724 4133 2827 4172 vox
2871 4134 2899 4173 a
2944 4118 3160 4175 dicendi
3221 4117 3396 4174 verbo.
3433 4106 3588 4182 Ῥητοὶ
3620 4113 3711 4170 crto

2242 4205 2401 4270 forte.
2431 4222 2567 4277 quos
2598 4208 2756 4264 facile
2789 4210 2911 4278 quis
2958 4211 3190 4266 dicendo
3242 4221 3294 4266 et
3333 4198 3615 4263 numerando
3629 4204 3712 4264 μετ’

2242 4299 2546 4364 censuerit;
2572 4300 2769 4370 quippe
2811 4317 2917 4355 non
2972 4303 3197 4364 multos,
3241 4303 3330 4356 sed
3383 4302 3515 4354 certe
3550 4301 3628 4345 nec
3664 4293 3710 4336 εο

2245 4405 2437 4460 magno
2464 4395 2887 4461 comprehensos
2926 4410 3180 4448 numero.

2321 4482 2515 4550 Ῥόγα.
2542 4481 2658 4537 Lib.
2694 4500 2773 4542 nt,
2810 4494 2924 4552 post
2956 4488 3189 4539 medium
3222 4501 3237 4540 :
3285 4482 3433 4552 Ῥόγσ.
3462 4478 3555 4532 τῶν
3581 4465 3708 4526 δοθέν·

2241 4589 2348 4626 των
2401 4575 2576 4627 σῐκοσι
2642 4574 2998 4645 ἀξιωμάτων.
3058 4576 3386 4646 Stipendium
3443 4560 3709 4635 dignitatibus

2242 4666 2480 4720 debitum
2508 4666 2893 4736 ἀξιωματικὸν
2925 4670 3153 4724 dictum.
3189 4669 3319 4724 Vide
3345 4661 3613 4720 Meursium.

2322 4758 2655 4828 Ῥομφαῖαι.
2690 4759 2806 4815 Lib.
2834 4775 2869 4815 ι.
2915 4760 3092 4816 Gladii
3123 4759 3339 4831 quidam
3369 4758 3499 4811 circa
3542 4751 3713 4813 ium'

2243 4860 2415 4906 torem
2454 4853 2653 4921 gestari
2720 4868 2748 4906 κ
2799 4855 2965 4909 certis
3009 4854 3127 4924 ejus
3174 4848 3503 4920 stipatoribus
3524 4834 3712 4899 soliti."

2240 4944 2365 4997 olim
2404 4959 2433 4997 a
2476 4944 2757 4999 lictoribus
2803 4944 2983 5002 fasces
3033 4955 3088 5000 et
3118 4957 3331 5000 secures
3370 4949 3485 4994 ante
3510 4925 3710 4988 consan-

2321 5035 2723 5105 Ῥωμανάτον.
2780 5034 2899 5091 Lib.
2945 5053 3024 5102 ut,
3071 5052 3193 5105 pag.
3236 5033 3304 5088 94
3349 5047 3364 5085 :
3413 5016 3710 5105 Elp‘tﬂ0i‘“l°“

2244 5103 2503 5201 ἀργυρέου
2536 5130 2632 5183 καὶ
2669 5130 3022 5200 Ῥωμανάτου
3049 5103 3284 5188 vicinia;
3325 5123 3592 5188 ποιότητος.
3634 5103 3711 5161 νεα

2245 5221 2468 5276 risimile
2522 5222 2757 5275 arbitror
2819 5221 3046 5276 indicari
3093 5221 3194 5275 hoc
3227 5216 3386 5272 verbo
3432 5207 3711 5299 certum

2242 5321 2375 5367 uela:
2429 5328 2598 5380 genus
2651 5327 2836 5367 cusum
2881 5311 3056 5379 jussu,
3108 5318 3203 5366 aut
3238 5310 3533 5376 impressum
3585 5289 3712 5380 εῧξίθ

2242 5377 2464 5458 Romani
2518 5405 2766 5474 Diogenis
2800 5377 3045 5474 Augusti.
3085 5400 3214 5458 Vide
3239 5397 3468 5469 superius
3489 5377 3712 5444 verbal!-

2238 5495 2527 5567 χαηλάτος.

2985 5587 3048 5647 Σ.

2309 5679 2655 5748 ratas-aii}.
2717 5679 2837 5738 Lib.
2892 5697 2986 5752 xv,
3043 5687 3166 5753 post
3204 5674 3447 5739 medium,
3489 5647 3707 5735 pas-‘39-

2246 5767 2497 5839 Satanas,
2532 5770 2803 5829 Diabolus.
