3986 6212
306 265 442 333 3233

373 380 653 450 Σέκρετα.
685 380 800 442 Etsi
825 400 930 442 vox
960 384 1154 442 Latina
1203 394 1310 452 est,
1356 393 1535 444 tamen
1589 404 1786 443 novam
1820 397 1875 440 et

303 474 582 530 veteribus
611 476 754 531 haud
787 486 970 532 notam
1001 460 1208 550 accepit
1245 494 1273 533 a
1301 479 1506 535 Graecis
1557 481 1876 536 recentiori.

303 566 411 622 bus
444 568 738 622 notionem.
786 568 1066 640 Signiﬁcat
1095 573 1266 638 enim,
1299 573 1350 626 ni
1385 573 1563 639 fallor,
1590 572 1873 634 tabularia,

306 658 422 713 sive
453 674 574 728 quae
617 660 859 715 archivia
897 662 1055 730 vulgo
1083 661 1359 726 dicimus;
1399 664 1599 718 scrinia
1637 672 1691 716 et
1726 663 1876 717 locu-

307 749 389 802 los
419 749 625 804 chartis
653 752 987 805 authenticis
1042 761 1158 806 tuto
1206 755 1580 809 custodiendis
1632 763 1874 824 paratos.

307 838 444 894 Tum
478 841 639 895 etiam
698 857 988 899 consessus
1041 845 1302 900 lectorum
1352 847 1628 901 hominum
1683 849 1879 914 quibus

309 932 548 1000 cognitio
579 933 644 988 de
679 935 841 989 rebus
890 951 957 990 eo
1003 937 1356 992 attinentibus
1409 938 1732 993 demandata
1775 949 1877 992 est.

309 1019 387 1076 Ita
418 1035 733 1090 usurpatur,
771 1027 815 1080 si
850 1035 996 1082 recte
1027 1038 1270 1094 autumo,
1306 1029 1401 1083 lib.
1442 1044 1526 1094 ut,
1554 1045 1679 1099 pag.
1718 1030 1803 1084 84.

383 1115 753 1184 Σεργέντιος.
815 1117 936 1172 Lib.
988 1135 1111 1184 xm,
1157 1131 1410 1190 tergent;
1461 1135 1559 1175 vox
1613 1121 1815 1174 Gallica
1853 1134 1883 1172 e

315 1207 504 1262 Latino
529 1211 776 1269 serviens.
810 1219 864 1263 ut
893 1211 1109 1279 quidam
1140 1213 1346 1278 volunt,
1393 1228 1514 1266 cum
1543 1212 1610 1264 ali
1646 1228 1674 1265 a
1708 1213 1884 1266 (Σινδο-

313 1300 485 1355 riauis
516 1301 804 1357 deducant.

385 1392 712 1461 Σέρμωνες.
743 1392 946 1464 Navigii
979 1411 1172 1462 genus,
1198 1396 1288 1448 lib.
1331 1411 1417 1460 ιιι,
1442 1396 1582 1448 infra
1613 1394 1884 1459 medium;

314 1483 453 1539 forte
487 1499 515 1537 a
551 1484 716 1554 σείρω
746 1485 923 1551 traho,
951 1488 1094 1554 quod
1124 1488 1370 1542 remulco
1396 1488 1704 1542 trahantur.

383 1574 621 1640 Σιὰους.
657 1575 775 1632 Lib.
813 1591 886 1639 vr,
944 1591 1068 1645 pag.
1120 1577 1246 1641 170,
1300 1579 1525 1632 nuntius
1553 1579 1635 1633 vel
1671 1579 1880 1646 legatus

315 1665 579 1722 Sullanis.
607 1666 724 1721 Vox
756 1668 979 1722 Turcica
1014 1668 1278 1735 hodieque
1343 1670 1562 1724 usitata.
1611 1669 1700 1723 Sic
1744 1670 1888 1723 enim

315 1761 514 1828 passim
541 1759 699 1828 legati
728 1772 993 1815 vocantur
1017 1775 1152 1836 quos
1174 1761 1476 1816 Turcorum
1499 1763 1793 1832 imperator
1824 1763 1890 1816 ad

314 1851 450 1904 alios
481 1852 753 1919 principes
789 1853 977 1907 mittit.

388 1943 595 2012 Σίγνα.
632 1946 803 2000 Certae
836 1945 1018 2013 figura!
1049 1947 1212 2001 ductu
1246 1947 1442 2001 calami
1499 1947 1798 2014 designatae
1833 1947 1886 2000 iu

315 2035 524 2091 chartis
547 2039 992 2103 conventiouum,
1045 2040 1112 2094 ab
1145 2039 1214 2093 iis
1263 2037 1598 2101 hominibus,
1640 2040 1731 2106 qui
1767 2053 1890 2091 cum

316 2128 557 2184 scrlbere
581 2129 856 2184 nescirent
881 2129 1148 2198 ejusmodi
1177 2130 1334 2195 signa
1380 2129 1498 2184 loco
1535 2127 1896 2198 subscriptio-I

319 2220 405 2274 nis
436 2220 729 2289 ponebant.
793 2219 885 2275 Sic
944 2231 1238 2292 usurpatur
1293 2221 1408 2275 haec
1451 2235 1553 2273 vox
1614 2219 1710 2274 lib.
1772 2235 1890 2286 xm,

319 2325 441 2380 pag.
475 2310 600 2364 416.

391 2402 636 2457 Excidat.
675 2402 794 2458 Lib.
830 2420 905 2458 vt.
945 2403 1110 2459 Certa
1159 2405 1276 2459 loca
1311 2405 1464 2460 urbis
1511 2405 1898 2459 Constantino-

321 2495 595 2564 politanae.
629 2493 759 2550 Vide
788 2495 1104 2551 Meursium.

419 2589 881 2642 Σουλτανίκιον.
913 2587 1044 2656 Pag.
1076 2587 1144 2642 95
1204 2598 1256 2643 et
1281 2589 1434 2644 alibi.
1465 2590 1593 2643 Hcce
1623 2603 1724 2642 vox
1755 2587 1895 2658 apud

323 2677 535 2733 Annam
566 2680 672 2734 duo
697 2680 986 2749 signiﬁcat,
1024 2682 1201 2735 locum
1235 2683 1352 2735 sive
1378 2681 1640 2748 palatium
1699 2689 1753 2735 et
1799 2695 1878 2733 au.

325 2768 432 2824 iam
462 2771 690 2827 sultanis
726 2773 922 2826 summi
958 2771 1262 2827 Tureorum
1299 2773 1586 2842 principis,
1630 2782 1684 2826 et
1716 2770 1896 2838 digni—

328 2865 497 2910 tatem
536 2859 680 2912 illam
715 2861 904 2928 ipsam.
940 2861 1095 2915 Patet
1123 2877 1186 2914 ex
1222 2862 1408 2918 multis
1437 2861 1569 2916 locis
1596 2876 1712 2930 qua:
1735 2861 1902 2916 lector

327 2943 380 2998 in
408 2946 520 3014 ipsa
552 2947 788 3002 lectione
814 2948 972 3003 facile
1001 2952 1234 3006 notabit.

399 3041 798 3110 Σπούὸερτος.
856 3041 976 3098 Lib.
1011 3057 1101 3107 xv,
1153 3052 1276 3111 post
1302 3043 1566 3108 medium,
1625 3041 1904 3112 eleganter

329 3141 526 3186 novata
583 3147 682 3187 vox
737 3132 802 3186 ad
882 3132 1296 3203 signiﬁcandum
1347 3148 1580 3203 gnavum
1636 3141 1692 3188 et
1757 3142 1901 3188 stre-

331 3238 524 3279 nurum.

401 3318 731 3386 Στρατηγίς
761 3327 964 3371 certam
990 3317 1307 3385 qualitatem
1337 3327 1431 3370 aut
1459 3317 1552 3384 jus
1601 3319 1755 3372 urbis
1808 3317 1905 3371 de-

336 3420 486 3465 notat
521 3412 604 3465 eui
642 3413 748 3466 tale
781 3412 1093 3481 adjunctum
1124 3411 1431 3481 apponitur,
1467 3421 1521 3464 ιιι
1545 3421 1689 3478 patet
1734 3426 1765 3465 e
1810 3410 1904 3463 lib.

331 3517 430 3558 ιιιι
466 3513 735 3559 extremo.
761 3503 1020 3558 Similiter
1663 3563 1676 3570 ί

405 3595 844 3663 Στρατηγάτον.
888 3596 960 3648 De
987 3604 1169 3649 castro
1196 3593 1447 3647 videlicet
1477 3593 1676 3646 dictum
1705 3589 1792 3660 jus
1811 3589 1910 3643 ali-

336 3688 479 3754 quod
510 3685 745 3755 praesidii
779 3695 872 3741 aut
910 3686 1248 3754 privilegium
1299 3684 1497 3748 iuuuit,
1548 3682 1686 3737 forte
1747 3680 1911 3751 quale

339 3778 552 3832 urbium
583 3793 770 3832 earum
801 3778 854 3832 in
887 3776 1059 3831 Gallia
1100 3787 1154 3830 et
1198 3776 1381 3846 Belgio
1425 3790 1544 3844 qua:
1573 3774 1912 3830 Castellauite

343 3879 631 3929 vocantur.

410 3961 967 4030 Στρατοπεδάρχης.
1022 3959 1249 4014 Videtur
1323 3959 1613 4028 peculiaris
1667 3958 1909 4026 qumdam

341 4052 612 4120 dignitas;
667 4051 760 4105 lib.
818 4067 916 4115 xu,
981 4051 1050 4105 de
1096 4052 1305 4120 aspiete
1355 4069 1369 4106 :
1421 4050 1916 4121 Στρατοπεδάρχην

336 4144 692 4212 τετιμηκώςς
739 4144 860 4197 item
894 4144 1052 4212 paulo
1086 4145 1333 4213 superius
1383 4160 1396 4195 :
1450 4143 1911 4215 Σρατοπεδάρχην

338 4235 502 4290 αὑτὸν
534 4233 758 4301 ἦξιὼκει
788 4234 968 4302 πάσης
1012 4233 1325 4302 Ἀνατολῆς,
1354 4246 1460 4288 etc.

412 4325 751 4392 Συνήθειιιι.
796 4323 914 4378 Lib.
955 4339 1034 4388 ιιι,
1075 4325 1125 4376 in
1160 4324 1307 4376 Bulla
1346 4327 1518 4379 Aurea
1551 4340 1718 4393 genus
1749 4326 1917 4380 vecti-

343 4417 482 4486 galis
510 4416 590 4470 sic
618 4417 841 4470 dietmu.
881 4416 1203 4470 Guillolmus
1234 4417 1451 4486 Tyrios,
1511 4419 1604 4472 lib.
1663 4435 1720 4472 ιιι
1757 4435 1770 4471 :
1830 4418 1915 4472 Ita

346 4515 402 4560 ut
433 4521 460 4560 e
510 4516 785 4574 conspectu
822 4505 1425 4574 Constantinopolimin
1477 4508 1724 4570 civitatis,
1787 4523 1915 4575 pro-

343 4607 613 4654 curatore:
669 4614 790 4652 suos
841 4599 1047 4652 haberet
1098 4601 1187 4666 qni
1208 4600 1610 4652 consuetudines
1649 4616 1678 4651 a
1725 4609 1914 4651 trans-

344 4691 587 4745 euntibus
675 4691 962 4755 exigerent.
1050 4687 1185 4743 Vide
1270 4688 1546 4742 Novellam
1631 4689 1916 4744 Iustiniani

341 4798 532 4846 cur",
587 4783 672 4834 ubi
702 4782 834 4850 Περὶ
882 4780 1204 4850 κουφισμῶν
1251 4778 1562 4848 συνηθείας.
1618 4779 1751 4833 Sunt
1781 4780 1914 4833 alic-

343 4876 435 4929 ubi
475 4875 742 4942 hodieque
800 4875 848 4926 iu
888 4874 1064 4927 Gallia
1090 4873 1333 4942 quaedam
1366 4872 1602 4939 portoria
1636 4888 1753 4940 qua:
1785 4887 1917 4924 con-

343 4965 659 5020 suetudiues
687 4974 966 5017 vocantur.

418 5056 810 5125 Συμπιίθειαι.
843 5055 963 5108 Lib.
996 5070 1078 5116 ιιι,
1107 5063 1162 5107 et
1193 5053 1287 5106 lib.
1325 5068 1398 5118 rx,
1456 5052 1739 5104 ruanilcste
1792 5060 1918 5104 sunt

349 5149 704 5204 remissiones
763 5163 934 5216 pinna:
981 5161 1115 5214 quas
1171 5143 1374 5198 Gallice
1431 5144 1612 5212 φάσθε
1664 5143 1917 5204 dicimus,

348 5240 570 5311 quando
611 5239 842 5293 convicti
903 5237 1149 5292 criminis
1195 5234 1517 5302 Supplicium
1579 5235 1732 5300 plena
1769 5241 1922 5300 pote-

347 5343 488 5387 state
519 5332 781 5401 principis
837 5331 1194 5384 coudonatur.
1245 5325 1435 5389 Venia,
1479 5323 1748 5388 remissio,
1807 5324 1922 5378 sive

352 5426 577 5480 retnissa
619 5435 675 5478 ut
713 5423 950 5492 loquitur
991 5427 1174 5473 auctor
1204 5417 1571 5472 commentarii
1603 5415 1653 5468 in
1695 5415 1920 5468 Paulum

347 5517 637 5571 Ambrosio
671 5515 856 5569 tributi
891 5515 956 5566 ad
991 5513 1146 5564 Rern.
1185 5525 1262 5574 vt,
1304 5509 1390 5562 H.
1425 5508 1705 5575 Signiﬁcat
1733 5507 1918 5560 eadem

351 5623 454 5663 vox
489 5607 627 5678 apud
663 5607 871 5660 Annam
931 5619 1036 5658 nou
1096 5619 1216 5656 raro
1276 5601 1602 5655 tributorum
1647 5600 1953 5652 condono--

360 5699 534 5757 tiones
602 5708 696 5756 aut
768 5696 1124 5753 rclaxationes
1180 5694 1502 5760 debitorum,
1579 5690 1914 5760 συμπάθειαι

1434 275 1928 338 GLOSSARIUM
1974 277 2333 336 ANNJEUM'

3423 271 3557 335 1234

1972 388 2326 457 δημοσιακῶν
2355 386 2687 459 ὀφλημάτων
2723 401 2734 436 :
2775 385 2901 439 item
2931 383 3270 454 συμπάθειαι
3311 385 3422 439 τῶν
3467 392 3555 442 λε·

1979 482 2232 551 γομένων
2283 480 2599 550 συνηθειῶν.

2047 572 2419 642 Συμφωνεῖν.
2467 569 2730 625 Peculiari
2778 569 2996 623 notione
3040 568 3348 622 fidelitatem
3399 569 3558 624 alicui

1982 665 2224 733 profiteri
2259 674 2314 718 et
2360 662 2477 732 ejus
2539 661 2824 732 ἄνθρωπον
2866 659 3033 724 λίζιον
3079 660 3216 714 ﬁeri.
3258 661 3316 712 lu
3360 661 3562 730 scripto

1978 759 2298 815 Concordiae
2324 757 2606 812 Baimuudi
2642 757 2742 812 sub
2776 756 2957 816 linem.
2994 755 3086 810 lib.
3124 772 3242 810 xm.

2040 867 2392 938 Σφαιρίζειν.
2419 866 2535 920 Lib.
2558 882 2633 926 Ix.
2653 877 2772 934 post
2791 865 3024 918 medium
3050 882 3065 918 :
3093 865 3152 917 Et
3175 865 3230 918 δὲ
3251 866 3564 934 σφαιρίζον-

1977 975 2045 1010 cat
2066 958 2254 1010 τοῦτον
2271 953 2378 1009 εἷδέ
2396 955 2640 1021 τις.ρυίε
2661 955 2873 1008 dubitet
2892 954 2978 1006 hic
3004 954 3315 1024 σφαιρίζειν
3334 971 3453 1009 esse
3473 957 3558 1025 pi—

1985 1051 2035 1105 la
2068 1049 2294 1103 ludere?
2341 1049 2524 1119 Pergit
2559 1065 2572 1104 ε
2599 1049 2662 1102 El
2691 1047 2748 1100 δὲ
2793 1047 3185 1116 ῐππαζόμενον,
3230 1051 3278 1101 εί
3305 1050 3362 1103 δὲ
3390 1051 3560 1103 ἱππα-

1985 1143 2106 1203 υίας
2148 1137 2491 1209 ποιούμενον.
2516 1139 2655 1208 Ergo
2677 1137 2941 1192 distincta:
2965 1139 3383 1194 exercitationes
3405 1158 3564 1210 σφαι-

1987 1233 2158 1303 ρίζειν
2178 1243 2225 1286 et
2256 1232 2536 1296 ἱππάζειν.
2565 1231 2726 1299 Atqui
2763 1230 2919 1300 paulo
2945 1239 3063 1300 post
3085 1229 3164 1285 sic
3186 1231 3345 1285 habet
3370 1232 3522 1286 Anna
3548 1251 3562 1286 :

1983 1324 2334 1393 Σφαιρίζοντι
2367 1323 2475 1393 γάρ
2521 1339 2654 1374 ποτε
2687 1321 2764 1391 τῷ
2805 1322 3171 1392 αὐτοκράτορι
3216 1322 3358 1374 κατὰ
3399 1323 3457 1376 τὸ
3510 1325 3568 1378 ὲν

1985 1416 2206 1485 μεγάλῳ
2229 1415 2475 1484 παλατίῳ
2508 1412 2836 1483 ίππηλάσιον
2868 1411 3364 1481 ((ιιιίιίἰππηλάσιον
3395 1415 3458 1466 atl
3487 1414 3572 1483 pi-

1984 1507 2086 1559 lam
2103 1507 2180 1574 i).
2203 1506 2416 1576 Pergit:
2456 1507 2622 1576 ’Δνὴρ
2642 1521 2723 1567 τις
2748 1503 3021 1574 βάρϐαρος
3045 1503 3103 1567 ἐξ
3131 1504 3443 1573 ’Λρμενίων
3474 1507 3570 1558 καὶ

1985 1599 2245 1670 Τούρκων
2281 1601 2422 1667 φὺς,
2465 1598 2617 1666 ξίφος
2664 1596 2867 1650 ἔσωθεν
2909 1595 3020 1648 τῶν
3076 1595 3300 1663 ἁμερίων
3355 1598 3566 1666 φέρων,

1986 1691 2125 1743 ἐπὰν
2158 1692 2250 1743 τὸν
2282 1691 2660 1760 αὐτοκράτορα
2693 1688 2803 1741 τῶν
2837 1689 3307 1756 συσφαιριζόντων
3341 1689 3568 1742 ἀνασει-

1989 1782 2232 1852 ρᾶισαντα
2260 1783 2352 1835 τὸν
2377 1781 2596 1850 χαλινὸν
2641 1777 3056 1845 ἀπολειφθέντα
3099 1777 3384 1844 ἐθεάσατο,
3417 1778 3502 1848 ἐφ’

1988 1873 2365 1926 πνευστιῶντα
2410 1872 2501 1924 τὸν
2551 1873 2719 1924 ἵππον
2774 1868 3072 1938 αναψύξιι,
3123 1879 3229 1922 etc.
3280 1870 3352 1922 Eu
3404 1884 3572 1938 eque-

1989 1967 2118 2020 stris
2150 1966 2298 2018 lusus
2335 1965 2474 2033 pilze.
2511 1965 2740 2031 Quinam
2793 1963 2838 2015 is
2871 1976 3000 2015 vero
3033 1961 3155 2014 est?
3191 1959 3357 2014 Video
3398 1967 3575 2016 simu-

1989 2057 2140 2111 lacra
2189 2056 2305 2110 belli
2353 2057 2520 2109 armis
2554 2055 2780 2109 decursa
2825 2055 3245 2124 σφαιρομαχίας
3295 2053 3572 2107 veteribus

1995 2147 2188 2202 dictas.
2236 2147 2371 2200 Nam
2432 2161 2496 2201 ex
2533 2145 2776 2207 Polluce,
2830 2145 2922 2200 lib.
2958 2161 3017 2199 ιιι
3063 2163 3076 2198 :
3134 2143 3246 2196 Καὶ
3310 2143 3380 2196 τὰ
3431 2143 3574 2196 ὅπλα

1993 2239 2221 2307 σφαῖραι
2240 2253 2254 2269 ο
2287 2237 2380 2306 ἀφ’
2405 2232 2480 2288 ὧν
2503 2236 2596 2290 καὶ
2627 2235 2688 2290 τὸ
2722 2232 3126 2307 σφαιρομαχεῖν
3153 2234 3247 2288 καὶ
3269 2249 3580 2306 σφαιρομαο

1992 2330 2106 2398 χία.
2155 2325 2269 2380 Νοιι
2333 2328 2544 2380 videtur
2599 2339 2728 2394 ergo
2794 2343 2915 2381 esse
2959 2342 3118 2394 pnsse
3167 2326 3384 2380 dubium
3444 2328 3572 2395 quin

1995 2420 2311 2490 σφαιρίζειν
2369 2419 2444 2474 sit
2486 2420 2753 2471 interdum
2789 2418 2926 2488 apud
2977 2419 3209 2480 Annam,
3243 2432 3438 2485 equum
3470 2414 3573 2470 do-

1997 2518 2191 2567 ruitare
2246 2522 2408 2579 atque
2461 2510 2514 2564 in
2564 2511 2749 2565 orbem
2787 2525 2968 2580 agere,
3019 2520 3109 2562 aut
3139 2518 3392 2580 equestre
3429 2509 3575 2564 ludi-

1993 2617 2144 2658 crum
2180 2605 2492 2657 decurrere.

2069 2697 2419 2766 Σχιδευμός.
2446 2695 2564 2749 Lib.
2599 2711 2678 2757 ιιι,
2718 2695 2769 2748 in
2811 2693 2962 2749 Culla
3003 2709 3204 2748 aurea:
3243 2693 3578 2764 Σχιδευμοὺς

1997 2790 2091 2843 καὶ
2126 2787 2568 2857 ἁποσχιδευμοὺς
2602 2794 2828 2840 autumo
2871 2784 3166 2838 scissioues
3207 2792 3260 2839 et
3300 2784 3579 2837 rescissio-

1996 2894 2093 2934 nes
2139 2894 2314 2933 rerum
2361 2879 2763 2948 judicatarum',
2806 2877 2890 2930 vel
2935 2887 3382 2938 contractarum,
3431 2888 3580 2944 posr-a

1998 2984 2160 3039 quam
2217 2970 2554 3024 solemnibus
2614 2969 2754 3038 juris
2815 2967 3060 3021 formulis
3108 2967 3332 3021 firmata:
3403 2977 3526 3021 sunt
3561 2984 3586 3020 :-

1997 3076 2160 3130 quam
2192 3070 2512 3130 potestatem
2556 3061 2748 3115 summi
2785 3060 3121 3127 principatus
3156 3059 3426 3128 prejiriam
3477 3060 3578 3111 im-

1998 3159 2218 3222 perator
2250 3151 2360 3205 illic
2389 3151 2547 3205 tuatri
2585 3151 2976 3205 communicat.

2070 3241 2202 3297 Σώα
2247 3243 2474 3308 πίστις.
2530 3241 2770 3308 Videtur,
2818 3242 2911 3296 lib.
2962 3257 3072 3309 xiv,
3125 3255 3246 3296 esse
3305 3241 3437 3295 lldes
3491 3239 3582 3292 illa

2001 3351 2161 3401 quam
2213 3335 2508 3389 solemnem
2557 3333 2869 3402 imperatori
2925 3343 3017 3388 aut
3064 3333 3173 3403 regi
3222 3331 3584 3402 jurejurando

2004 3425 2323 3494 interposito
2357 3424 2680 3492 profitentur
2701 3425 2790 3493 qui
2834 3440 3021 3477 eorum
3048 3423 3157 3491 juri
3185 3437 3244 3476 se
3285 3421 3580 3489 subjiciunt

2005 3528 2059 3569 et
2085 3530 2272 3571 eorum
2304 3515 2551 3569 homines
2581 3518 2733 3568 liunt.

2758 3645 2820 3699 Τ.

2085 3766 2300 3834 Τέμπη.
2334 3763 2563 3832 Τέμπης
2597 3761 2854 3831 singulari
2885 3774 3118 3813 numero
3145 3759 3298 3812 vallis
3338 3757 3406 3810 ab
3433 3757 3594 3809 Annal

2009 3858 2229 3922 dicitur,
2264 3853 2633 3925 singulariter,
2679 3861 2736 3905 ut
2793 3852 3025 3904 videtur.
3089 3849 3222 3902 Aliis
3271 3849 3416 3902 enim
3471 3846 3585 3900 fere

2011 3945 2204 4014 plurali
2239 3960 2366 3998 voce
2388 3943 2456 3996 τὰ
2475 3943 2672 4012 Τέμπη
2706 3941 2981 3995 dicuntur.
3019 3937 3194 3992 Locus
3219 3946 3300 3990 est
3333 3935 3424 3989 lib.
3461 3951 3579 3995 xm,

2012 4046 2132 4106 post
2195 4034 2430 4090 medium
2475 4052 2512 4102 τ,
2547 4033 2670 4086 ὅθεν
2724 4033 2772 4085 oi
2825 4031 3021 4084 Κελτοὶ
3073 4031 3152 4089 εἰς
3204 4029 3298 4098 τὴν
3355 4027 3582 4096 Τέμπην

2013 4129 2367 4200 ἐμπεσόντες.

2089 4223 2274 4275 Tata.
2308 4219 2428 4274 Lib.
2462 4233 2559 4271 xm
2589 4233 2603 4271 :
2643 4217 2748 4268 Σὺν
2793 4208 2874 4276 οἷς
2912 4212 3011 4266 καὶ
3045 4212 3174 4282 τρία
3208 4209 3373 4263 τίλια.
3427 4209 3599 4264 Certa.

2012 4323 2191 4367 castra
2223 4322 2318 4365 aut
2347 4311 2462 4364 lora
2498 4309 2577 4362 sic
2605 4307 2769 4362 dieta.

2091 4401 2527 4471 Τοποτηρητής.
2583 4398 2701 4453 Lib.
2762 4413 2842 4464 ut,
2913 4406 3033 4466 post
3107 4396 3366 4459 medium,
3431 4394 3584 4446 aliter

2013 4506 2308 4568 usurpatur
2339 4509 2501 4565 quam
2539 4502 2596 4544 ut
2642 4490 2802 4560 vulgo
2837 4489 2972 4542 solet
3014 4503 3108 4557 pro
3142 4487 3348 4540 vicario
3405 4495 3589 4554 partes

2013 4591 2240 4660 alicujus
2279 4603 2341 4640 ac
2367 4587 2540 4639 locum
2564 4583 2847 4635 subeunte.
2887 4579 2958 4630 lbi
2998 4578 3138 4631 enim
3183 4574 3469 4630 manifeste
3497 4589 3589 4628 so-

2014 4693 2107 4738 nat
2131 4681 2440 4748 priefectum
2472 4678 2588 4730 urbi
2623 4675 2782 4728 alicui
2818 4673 3057 4725 munitae.

2091 4773 2314 4840 Τυλςεία.
2354 4769 2470 4822 Lib.
2511 4783 2586 4829 ιιι,
2628 4781 2746 4834 pag.
2775 4763 2870 4817 95!
2907 4782 2920 4815 :
2961 4760 3199 4828 Ἀγνοῶν
3242 4757 3341 4828 τὴν
3370 4756 3464 4810 τοῦ
3491 4758 3588 4809 αὑ-

2014 4865 2346 4935 τοκρᾶτορος
2385 4859 2508 4913 κατ’
2537 4857 2702 4911 αὖτοῦ
2762 4851 3305 4908 κατασκευασθεῖσαν
3344 4850 3583 4920 τυρείαν.

2017 4957 2220 5026 Τυρεία
2252 4962 2429 5007 astuta
2475 4962 2527 5004 et
2558 4950 2705 5001 vafra
2753 4947 3102 5001 machinatio.
3158 4943 3472 4998 Eustathius
3519 4942 3584 4994 ad

2019 5048 2177 5102 Iliad.
2209 5043 2287 5100 a':
2323 5045 2394 5096 Τὸ
2433 5043 2488 5094 δὲ
2513 5040 2758 5112 τυρεύειν
2791 5039 2883 5090 καὶ
2910 5039 2938 5106 ἡ
2975 5035 3164 5105 τυρεία
3219 5033 3465 5105 μοναχῶς
3496 5031 3588 5086 ἐπὶ

2016 5139 2355 5212 φαυλότητος
2390 5134 2618 5187 τίθεται.

2096 5228 2465 5296 Τυροςράγος.
2497 5226 2626 5293 Pag.
2663 5225 2721 5277 51
2761 5242 2774 5275 :
2808 5220 3109 5275 llebdomas
3135 5220 3185 5272 in
3214 5235 3274 5271 ea
3309 5215 3584 5272 Domirira

2019 5321 2272 5376 desinens
2307 5330 2467 5386 quam
2501 5331 2597 5368 nos
2645 5313 3150 5382 Quinquagesimam
3206 5323 3479 5363 vocamus.
3523 5319 3582 5357 ea

2022 5412 2318 5467 hebdomas
2347 5405 2659 5476 τυροφαγος
2705 5404 2902 5458 dicitur
2952 5402 3093 5472 quod
3147 5416 3240 5470 per
3283 5413 3400 5451 eam
3445 5393 3588 5446 vesci

2021 5505 2194 5558 adhuc
2223 5515 2384 5555 caseo
2409 5500 2615 5552 liceret.
2647 5496 2857 5550 Etenim
2882 5496 3260 5550 abstinentiam
3291 5489 3586 5541 solemnem

2021 5594 2168 5651 verni
2191 5592 2380 5662 jejunii
2419 5590 2591 5645 Graeci
2626 5589 2814 5643 diebus
2842 5589 3088 5641 undecim
3121 5578 3387 5635 maturius
3421 5591 3582 5646 quant

2022 5705 2120 5746 nos
2147 5687 2421 5743 iuchoant.
2456 5684 2558 5739 Sed
2595 5685 2644 5738 iu
2685 5700 2748 5739 eo
2780 5680 3098 5754 quibusdam
3138 5673 3390 5744 gradibus
3420 5681 3584 5722 utun-
