3986 6212
389 287 491 356 1Ξ4

1412 303 1671 370 SERMO
1707 307 1804 365 DE
1845 305 2041 366 ZONA
2074 307 2155 366 SS
2210 310 2592 372 DEIi’AR/E.

3497 309 3631 376 1946

384 388 473 431 ιιιι·
506 378 771 447 potentias
809 379 1042 446 Domini,
1075 385 1286 440 auditas
1340 389 1498 445 faciet
1543 408 1730 446 omnes
1783 395 1966 444 latida-
1997 395 2039 447 A
2070 393 2208 448 liter.
2243 395 2421 464 Diligit
2443 414 2566 452 vero
2593 398 2756 452 etiam
2785 397 3182 453 sanctissimum
3211 407 3261 452 et
3293 396 3629 454 Paracletum

381 471 556 526 tiones
584 473 700 539 ejus
719 475 734 505 ¹
761 475 783 528 ?
808 494 824 526 ι
865 488 956 530 aut
979 483 1246 548 quomodo
1270 499 1478 550 possem
1507 501 1604 554 ego
1635 487 1734 541 hoc
1765 490 1960 557 duplici

384 563 506 616 luce
535 566 879 634 resplendens
907 570 1121 632 festum,
1145 576 1322 626 verbis
1364 591 1629 631 exornare
1647 580 1959 644 splendidis,

384 653 620 720 primum
675 661 888 724 quidem
940 673 997 712 ut
1057 663 1161 716 [leo
1191 665 1425 728 placeam
1455 707 1468 727 ,
1503 679 1553 720 et
1584 670 1630 721 ei
1653 711 1666 729 ,
1693 687 1810 737 qua:
1839 687 1960 722 eum

386 747 595 811 peperit
627 749 742 802 sine.
767 753 993 815 Semine,
1028 763 1080 804 et
1132 756 1288 822 plane
1338 759 1683 813 incﬂ‘abiliter
1720 779 1732 813 :
1774 764 1963 816 deinde

379 835 564 899 etiam,
600 845 654 888 ιιι
693 841 889 903 prosim
932 843 994 897 iis
1031 883 1043 903 ,
1086 847 1174 915 qui
1217 861 1585 902 convenerunt
1633 862 1684 904 et
1723 851 1963 920 jucunde

378 929 697 983 exsultant?

455 1020 538 1072 ΙΙΙ.
567 1025 723 1086 Atqui
770 1027 876 1081 vita
911 1030 1128 1096 quidem
1162 1034 1375 1085 excelsa
1407 1052 1617 1103 carens,
1643 1056 1800 1107 quam
1835 1056 1959 1094 conv

377 1115 740 1170 venitliabere
771 1136 884 1180 eos,
948 1125 1036 1190 qui
1085 1126 1269 1178 volunt
1300 1129 1536 1181 scribere
1574 1149 1588 1183 :
1629 1151 1644 1182 ι
1689 1135 1958 1200 (primum

381 1205 522 1257 enim
553 1213 712 1274 coepit
764 1210 921 1265 Jesus
966 1213 1158 1277 facere,
1216 1220 1407 1273 deinde
1441 1221 1716 1288 docere”)
1757 1245 1775 1278 ι
1803 1229 1961 1295 quin-

386 1298 550 1350 eliam
604 1303 833 1368 spiritali
894 1322 1057 1373 egens
1104 1312 1386 1376 oratione,
1415 1313 1663 1383 (oportet
1690 1319 1831 1371 enim
1867 1320 1964 1372 lin-

2068 488 2351 555 Spiritum,
2377 499 2432 541 nt
2456 492 2658 543 honore
2676 492 2955 558 :equalem,
2975 501 3028 547 et
3047 507 3418 548 consessorem
3464 493 3640 548 Patris

2065 589 2112 631 el
2153 578 2294 642 Filii,
2329 591 2379 631 et
2417 583 2592 649 utqui
2627 597 2690 634 ex
2725 581 2884 634 Patre
2938 582 3153 649 quidem
3205 582 3447 650 procedit
3480 622 3495 645 ,
3540 597 3637 649 per

2064 667 2258 721 Filium
2296 683 2474 723 autem
2511 674 2574 724 ad
2607 688 2817 725 omnem
2850 673 2991 739 pium
3030 673 3280 726 mittitur.
3334 672 3516 739 Diligit
3543 687 3637 724 au-

2068 769 2173 812 tem
2205 763 2360 813 simul
2389 769 2442 830 (o
2463 764 2811 816 excellentem
2837 765 2923 818 Dei
2950 763 3331 829 oeconomiam)
3354 777 3494 826 eam,
3516 778 3634 830 qua!

2067 854 2322 908 ineffabili
2365 866 2418 909 et
2445 857 2708 923 stupenda
2744 858 2953 910 ratione
2979 858 3028 908 in
3055 856 3262 909 ultimis
3299 855 3632 923 temporibus

2066 948 2329 1000 continuit
2361 949 2693 1018 unigenitum
2722 948 2954 1000 Verbum
2984 947 3159 1002 Patris
3185 987 3198 1011 ,
3227 953 3279 1000 et
3321 944 3460 1015 quod
3511 960 3632 1000 cum

2067 1056 2131 1093 eo
2165 1051 2247 1093 est
2283 1056 2477 1108 expers
2509 1042 2775 1109 principii.

2137 1131 2226 1184 Vl.
2254 1130 2451 1186 Habuit
2484 1135 2648 1196 enim,
2684 1134 2867 1186 habuit
2914 1133 2966 1186 in
3006 1144 3157 1185 utero
3212 1132 3532 1185 intemerata
3582 1137 3637 1183 et

2065 1226 2343 1292 impolluta
2404 1223 2634 1278 Verbum
2693 1224 2842 1285 illud,
2902 1225 3044 1292 quod
3108 1223 3274 1276 cmlos
3328 1222 3636 1277 constituit.

2066 1314 2254 1367 llabuit
2287 1315 2338 1367 in
2374 1322 2525 1367 utero
2547 1330 2690 1374 eum,
2721 1315 2808 1379 qui
2843 1331 3018 1384 pugno
3045 1315 3223 1367 omnia
3270 1314 3550 1376 continet,
3584 1322 3638 1367 et

382 1405 542 1456 gnam
581 1395 779 1449 habere
814 1400 1169 1468 theologicam
1197 1443 1211 1464 ,
1241 1415 1299 1457 ιιι
1338 1423 1441 1459 non
1467 1424 1598 1476 opus
1629 1410 1824 1465 haheat
1856 1414 1960 1467 alio
2017 1407 2119 1476 κ(ο
2143 1407 2521 1472 castissimam,
2561 1417 2614 1459 et
2654 1407 2780 1460 nulli
2813 1407 2979 1475 culpae
3024 1407 3230 1460 aliincm
3260 1448 3274 1472 ,
3307 1423 3464 1475 quam
3494 1407 3634 1460 exti-

381 1483 698 1537 convcrlere
729 1491 935 1551 oculos,
966 1508 1125 1559 quam
1162 1497 1226 1547 ad
1261 1498 1406 1551 viros
1442 1500 1676 1566 divinos,
1707 1504 1797 1572 qui
1829 1506 1955 1558 olim

381 1573 543 1627 locuti
579 1589 700 1629 sunt.
734 1581 957 1642 pulchre
983 1595 1034 1637 et
1067 1590 1428 1658 panegyrice)
1481 1595 1610 1648 nihil
1653 1597 1794 1650 aliud
1851 1600 1960 1653 elli-

2065 1507 2312 1553 niescunt
2338 1498 2698 1564 intelligentes
2724 1513 2914 1551 omnes
2945 1497 3287 1567 hierarchiaa)
3325 1497 3554 1566 gestavit
3581 1497 3631 1548 in

2065 1599 2219 1642 utero
2247 1589 2503 1658 eum,qui
2547 1605 2644 1643 nec
2674 1591 2962 1653 contineri,
3002 1606 3101 1644 nec
3147 1589 3281 1643 adiri
3337 1598 3514 1657 potest
3569 1589 3636 1640 ab

379 1665 517 1719 ciam
551 1671 830 1738 oratione,
877 1691 1038 1741 quam
1097 1683 1337 1734 molestia
1395 1683 1621 1739 afficiam
1668 1704 1760 1743 eos
1787 1732 1801 1756 ,
1865 1696 1955 1759 qui
1993 1723 2034 1777 Β
2065 1681 2319 1735 universa
2356 1690 2625 1744 creatura,
2660 1681 2824 1733 Deum
2855 1681 3152 1750 perfectum
3182 1692 3234 1734 et
3261 1679 3474 1749 (verum
3504 1679 3632 1748 quid

377 1772 764 1830 convenerunt,
797 1767 1047 1822 indecora
1085 1775 1372 1827 verborum
1407 1778 1686 1834 humiliale
1713 1821 1726 1843 ,
1768 1794 1820 1836 et
1860 1786 1955 1837 ob-

379 1863 560 1912 scura,
585 1868 649 1906 ac
703 1855 949 1912 inornata
974 1861 1226 1917 dictione.
1263 1865 1366 1919 Sed
1405 1879 1582 1923 tamen
1615 1872 1716 1925 viri
1756 1873 1956 1928 ﬁdelis-

375 1941 498 1994 simi
528 1942 809 2012 in‘tplentes
846 1949 1230 2016 obedientiam,
1265 1967 1317 2010 et
1352 1959 1487 2026 ejus,
1519 1963 1608 2030 qui
1650 1974 1728 2017 est
1766 1965 1958 2021 divinis

374 2031 629 2099 repletus,
659 2051 844 2090 eamus
872 2041 982 2108 jam
1049 2043 1240 2112 duplex
1301 2049 1364 2100 ad
1426 2048 1616 2103 festum
1680 2052 1958 2112 laudandae

375 2136 590 2192 semper
637 2136 690 2179 et
747 2131 918 2185 beatae
977 2134 1232 2203 Virginis.
1272 2157 1288 2188 ι
1323 2139 1477 2192 Dabit
1508 2142 1650 2194 enim
1687 2144 1908 2197 verbum
1939 2189 1953 2208 ,

373 2213 568 2280 inquit,
632 2217 887 2273 Dominus
932 2229 1425 2292 evangelizantiluts
1465 2232 1661 2287 virtute
1701 2237 1888 2292 multa.
1930 2258 1948 2290 ι

443 2307 532 2362 I'V.
562 2312 673 2376 Age
701 2329 828 2366 vero
868 2315 996 2371 huic
1037 2319 1237 2380 divino,
1290 2323 1573 2377 excellenti
1624 2334 1676 2379 et
1717 2326 1955 2392 iucundo

373 2395 480 2448 diei
506 2412 700 2451 novum
727 2401 938 2470 aliquod
959 2406 1112 2473 prius
1139 2423 1512 2480 comparemus
1536 2421 1585 2466 et
1613 2429 1956 2485 exatquemus

373 2491 850 2558 spectaculum,et
901 2496 969 2548 ita
1020 2499 1177 2554 nobis
1213 2503 1511 2557 orationem
1562 2520 1957 2576 consequenter

374 2582 755 2647 Suppeditante
792 2603 872 2646 ea.
911 2605 1028 2658 quae
1063 2594 1179 2644 sine
1208 2594 1329 2646 uilis
1361 2596 1464 2650 loci
1511 2601 1770 2668 angustiis
1790 2603 1952 2669 cepit,

373 2685 436 2722 ac
471 2675 738 2728 continuit
765 2681 1069 2735 emisistens
1103 2682 1332 2737 Vt‘lllll'll
1361 2685 1538 2742 Patris
1563 2730 1577 2754 ,
1636 2693 1954 2760 adjiciamus

372 2780 608 2818 coronas
642 2773 1008 2825 eneomiorum
1046 2776 1143 2835 bis.
1176 2779 1377 2845 quibus
1405 2790 1486 2833 est
1517 2793 1726 2849 gratum
1757 2784 1951 2840 festum

369 2861 424 2906 et
463 2857 744 2910 amborum
781 2860 917 2914 festo
953 2864 1238 2920 afTeramus
1262 2884 1345 2930 ea,
1379 2886 1496 2937 qua:
1538 2884 1617 2925 est
1650 2887 1952 2930 Consenta-

370 2959 551 3000 neum.
589 2947 868 3012 Quomodo
897 2958 1036 3006 enim
1065 2960 1349 3025 propositis
1382 2964 1612 3028 geminis
1636 3006 1649 3026 ,
1682 2967 1772 3034 qui
1824 2985 1954 3038 gau-

369 3037 510 3091 dium
547 3041 777 3095 aﬂ'erunt
809 3047 1000 3106 oculis.
1040 3049 1150 3101 sole
1178 3091 1192 3114 ,
1227 3052 1444 3120 inquam
1473 3095 1486 3118 ,
1527 3037 1938 3125 resplendente,
1973 3058 2017 3118 C

367 3139 421 3187 et
451 3132 710 3186 orientem
746 3135 1071 3199 illustrante,
1103 3151 1156 3193 et
1182 3140 1304 3194 luna
1332 3159 1452 3197 eum
1488 3147 1783 3214 splendidis
1812 3153 1948 3206 stel-

369 3222 434 3275 lis
474 3234 683 3277 noetem
713 3226 996 3281 obscuram
1027 3229 1364 3287 illuminante
1387 3277 1401 3298 ,
1427 3247 1517 3291 aut
1548 3241 1708 3293 etiam
1739 3241 1950 3297 duobus

371 3316 575 3369 solibus
607 3319 910 3374 orientibus
945 3331 1074 3374 nutu
1098 3333 1149 3374 et
1184 3326 1514 3390 providentia
1571 3329 1771 3392 divina,
1811 3341 1866 3384 et
1919 3349 1948 3388 a

370 3408 527 3464 Patre
562 3425 701 3465 mota
763 3413 1052 3478 voluntate,
1081 3424 1162 3469 est
1207 3418 1524 3475 admirabile
1575 3429 1628 3474 et
1685 3423 1952 3479 ineli‘abile

374 3503 459 3563 iis,
492 3505 582 3573 qui
622 3505 709 3558 hic
754 3507 970 3566 adsunt,
1039 3509 1403 3574 spectaculum
1440 3528 1453 3565 :
1489 3512 1557 3566 ita
1592 3515 1751 3567 etiam
1783 3555 1798 3580 ,
1835 3534 1952 3584 qute

371 3613 512 3650 nunc
569 3599 720 3651 adest
753 3599 1028 3666 Splendida
1061 3608 1111 3654 et
1143 3617 1352 3657 summa
1377 3603 1660 3661 celebritas
1687 3649 1699 3669 ,
1736 3608 1788 3662 in
1855 3627 1950 3664 nos

367 3691 570 3749 emittit
607 3694 880 3746 radiorum
919 3696 1175 3748 micantia
1216 3694 1444 3766 fulgura,
1482 3710 1533 3754 et
1561 3700 1715 3768 hujus
1750 3703 1950 3757 ﬁdelis-

371 3785 495 3838 simi
547 3787 725 3852 populi
786 3789 1256 3857 congregationem
1301 3832 1315 3854 ,
1371 3800 1624 3862 tanquam
1679 3805 1946 3849 astrorum

366 3877 767 3945 multitudinem
803 3880 1400 3946 peneinnumerabilem
1432 3922 1448 3946 ,
1500 3884 1663 3936 mittit
1702 3886 1767 3937 ad
1816 3895 1950 3938 teut-

369 3969 517 4036 plum
547 3969 684 4038 ejus,
718 3985 838 4036 quae
868 3979 950 4023 est
977 3986 1100 4025 vere
1137 3981 1188 4026 et
1228 3976 1443 4042 proprie
1499 3976 1724 4044 Dcipara
1759 3993 1772 4028 :
1813 3977 1949 4029 divi-

371 4074 578 4126 nosque
611 4061 809 4125 radios,
845 4061 1169 4129 odoresque,
1199 4063 1517 4117 suavissime
1566 4066 1833 4132 spirantes
1866 4065 1947 4119 ef-

367 4145 541 4206 fundit
603 4149 1060 4209 innumerabiles.
1115 4160 1167 4203 et
1237 4155 1521 4220 persuadet
1565 4155 1728 4208 Deum
1770 4171 1949 4222 prom.

367 4242 613 4310 ptissimo
637 4241 943 4308 glorificare
966 4242 1147 4295 animo
1176 4281 1189 4305 ,
1223 4244 1492 4313 quomodo
1540 4260 1602 4298 ex
1662 4247 1946 4317 terrigenis

365 4347 526 4385 nemo
558 4331 717 4386 fuerit
774 4333 1040 4388 elocutus.
1099 4333 1212 4386 Non
1256 4343 1434 4404 potest
1479 4336 1622 4388 enim
1668 4339 1942 4392 exhauriri

2065 1772 2157 1825 tibi
2185 1771 2284 1836 rei,
2318 1788 2350 1825 ο
2388 1771 2613 1841 benigne
2642 1781 2695 1826 et
2725 1773 2983 1835 clemens,
3017 1787 3140 1826 cum
3172 1771 3431 1826 mendicis
3460 1780 3513 1826 et
3543 1770 3636 1824 ab-

2057 1863 2218 1932 jeetis
2239 1864 2299 1930 ?)
2329 1863 2598 1917 hominem
2635 1863 2952 1931 perfectum,
2990 1864 3257 1933 duplicem
3288 1872 3501 1927 natura,
3530 1878 3632 1916 una

2061 1966 2240 2009 autem
2275 1957 2664 2009 consistentem
2726 1970 2980 2024 persona.
3030 1954 3146 2008 Non
3206 1954 3350 2008 enim
3406 1953 3635 2007 dicimus

2062 2047 2331 2100 hominem
2379 2047 2690 2101 deificatum
2728 2056 2980 2114 tanquam
3009 2047 3060 2099 in
3105 2046 3310 2099 visione
3363 2061 3426 2098 ac
3465 2044 3636 2114 phan-

2064 2138 2196 2190 tasia
2227 2154 2242 2192 :
2271 2138 2410 2190 absit
2446 2155 2461 2192 :
2501 2139 2591 2191 sed
2632 2137 2799 2191 Deum
2854 2139 3193 2191 ineat-natum
3226 2177 3240 2200 ,
3279 2147 3330 2189 et
3361 2135 3631 2196 hominem

2059 2227 2287 2292 factum,
2322 2230 2412 2298 qui
2450 2239 2617 2282 totum
2648 2229 2776 2282 ilhtd
2800 2271 2815 2293 ,
2848 2233 2988 2296 quod
3023 2237 3266 2280 nostrum
3298 2234 3381 2280 est
3405 2267 3420 2292 ,
3453 2239 3636 2280 susce-

2059 2333 2156 2387 pn,
2189 2323 2436 2387 dogmate
2466 2331 2654 2376 nostro
2678 2331 2947 2375 tenemus.
2982 2338 3001 2370 ι
3041 2317 3276 2374 Verbum
3329 2319 3475 2372 enim
3506 2318 3632 2388 (in-

2060 2416 2175 2480 quit
2233 2414 2451 2467 tonitrui
2483 2412 2661 2483 filius)
2695 2428 2823 2466 caro
2851 2414 3049 2466 factum
3082 2422 3164 2467 est
3193 2411 3234 2465 ⁸.
3280 2431 3298 2463 ι
3337 2411 3456 2465 Νοιι
3489 2411 3632 2478 quod

2059 2522 2376 2560 conversum
2407 2522 2468 2560 ac
2489 2516 2752 2560 mutatum
2779 2508 2846 2560 sit
2870 2523 2932 2561 ex
2957 2522 3042 2571 eo,
3067 2507 3208 2576 quod
3229 2518 3342 2559 erat
3372 2504 3631 2572 Verbum,

2058 2598 2150 2652 scd
2182 2600 2318 2666 quod
2361 2610 2620 2671 praeterea
2657 2599 2966 2667 acceperit,
3002 2608 3062 2653 ut
3107 2614 3235 2652 caro
3295 2600 3488 2653 fieret:
3526 2612 3631 2651 non

2061 2701 2260 2742 mutata
2289 2691 2570 2744 divinitate
2597 2693 2647 2744 in
2677 2692 3087 2752 humanitatem,
3130 2691 3220 2744 sed
3260 2706 3380 2743 cum
3417 2689 3632 2758 propria

2059 2799 2170 2836 smn
2225 2784 2522 2838 divinituis
2583 2787 2839 2847 essentia,
2906 2785 2956 2836 in
3010 2783 3223 2851 propria
3279 2797 3508 2852 persona
3539 2782 3631 2838 Dei

2058 2875 2218 2929 Verbi
2253 2885 2304 2929 et
2333 2877 2680 2930 consistentis
2706 2917 2720 2938 ,
2779 2874 3247 2944 comprehenderis
3296 2874 3459 2928 etiam
3509 2889 3630 2930 esse

2060 2965 2356 3019 hominem.

2126 3056 2238 3108 ΥΠ.
2271 3055 2550 3108 Hominem
2584 3065 2765 3110 autem
2799 3047 2923 3110 dico
2976 3055 3233 3124 perfecte.
3288 3053 3632 3124 Quaecunque

2055 3150 2193 3202 enim
2239 3148 2416 3208 homo,
2447 3156 2500 3200 et
2525 3147 2699 3215 qualia
2729 3147 2909 3210 homo,
2945 3157 2998 3200 et
3030 3147 3072 3200 si
3115 3147 3242 3215 quid
3289 3157 3372 3200 est
3425 3147 3586 3201 homo
3612 3186 3627 3206 .

2055 3240 2264 3306 accepit
2302 3237 2643 3305 Unigcnitus,
2684 3247 2741 3290 ut
2771 3238 2821 3291 in
2861 3237 3102 3306 perfecto
3136 3253 3237 3291 Suo
3268 3238 3484 3292 homine
3511 3238 3631 3291 titti-

2054 3344 2264 3382 versain
2298 3330 2546 3391 salutem,
2575 3345 2695 3381 cum
2719 3329 2860 3385 Deus
2884 3342 3052 3394 esset,
3083 3331 3319 3385 efﬁceret
3345 3370 3359 3395 ,
3397 3330 3630 3384 hominis

2057 3419 2188 3471 nihil
2234 3420 2542 3487 relinquens
2577 3437 2589 3472 :
2625 3435 2691 3472 ne
2723 3436 2846 3486 pars
2879 3421 3065 3474 relicta
3095 3437 3280 3475 rurSns
3317 3423 3466 3476 fieret
3506 3435 3630 3475 esca

2055 3510 2277 3564 diaboli.
2312 3510 2422 3564 Non
2454 3513 2595 3564 enim
2640 3511 2805 3574 venit,
2837 3521 2891 3566 nt
2921 3522 3151 3566 mutaret
3179 3522 3447 3573 naturam,
3469 3529 3636 3568 carne

2058 3603 2291 3666 indutus,
2319 3604 2692 3657 universorum
2729 3602 2870 3657 Deus
2924 3621 2936 3657 :
2977 3603 3070 3658 sed
3105 3613 3160 3657 ιιι
3193 3618 3313 3657 eam
3368 3602 3635 3657 reforma-

2053 3706 2154 3757 ret,
2188 3703 2242 3747 et
2262 3694 2494 3749 ediceret
2515 3712 2701 3763 puram
2735 3712 2762 3749 a
2795 3697 3109 3761 mutatione,
3146 3705 3207 3750 ut
3235 3697 3402 3749 etiam
3425 3694 3622 3749 factum

2052 3797 2155 3842 eSI.
2184 3787 2333 3852 Quod
2363 3789 2506 3841 enim
2540 3787 2760 3851 fuimus,
2795 3789 2999 3842 erimus
3032 3831 3046 3851 ,
3073 3798 3293 3858 propter
3315 3789 3631 3858 mysterium

2051 3878 2166 3946 ejus
2199 3879 2584 3932 incarnationis
2619 3895 2758 3942 eam,
2803 3895 2921 3946 qua:
2949 3878 3015 3931 ab
3063 3880 3214 3932 initio
3250 3890 3402 3941 erat,
3437 3877 3636 3930 immu-

2051 3973 2372 4026 tabilitatem
2408 3974 2703 4040 accepturi,
2729 3985 2891 4041 quam
2930 3972 3059 4023 mihi
3103 3980 3159 4024 et
3191 3971 3348 4023 bonis
3373 3971 3629 4024 omnibus

2050 4066 2294 4133 perfecit,
2321 4080 2373 4119 et
2407 4077 2810 4134 corpusuatura
2840 4066 3098 4143 mundum
3149 4065 3380 4118 reddens
3431 4081 3460 4117 a
3506 4078 3635 4132 pec.

2051 4171 2194 4222 cato,
2221 4171 2273 4213 et
2314 4160 2702 4226 intelligenteut
2757 4161 3014 4226 animam,
3050 4160 3378 4213 voluntatem
3431 4156 3632 4210 haben~

2055 4263 2157 4306 tem
2199 4252 2608 4305 immutabilem.

2125 4344 2257 4397 V'lll.
2293 4343 2413 4398 Uno
2445 4353 2625 4398 autem
2661 4343 2829 4398 verbo
2876 4344 3189 4398 universum
3246 4343 3374 4397 dico
3426 4353 3632 4411 myste-

364 4425 480 4488 ejus
510 4425 772 4477 bonorum
805 4425 1096 4495 scaturigo.
1120 4426 1211 4480 Est
1240 4428 1800 4495 perennisthcsnurus
1830 4431 1944 4496 ejus
1979 4410 2022 4465 Ι)
2053 4437 2211 4488 rium.
2237 4433 2421 4503 Neque
2455 4436 2619 4489 Deum
2652 4436 2849 4489 nudum
2887 4450 3138 4503 corpore,
3162 4442 3216 4489 et
3249 4435 3334 4496 iis,
3369 4448 3487 4498 qua;
3507 4441 3633 4485 sunt

364 4517 768 4572 miraculorum.

441 4607 502 4662 V.
536 4610 592 4664 Si
625 4612 790 4674 enim,
819 4618 877 4664 ut
908 4611 1164 4674 diximus,
1191 4624 1271 4666 est
1310 4613 1482 4668 dulcis
1509 4623 1562 4667 et
1617 4614 1948 4668 desiderabi-

365 4700 430 4754 lis
460 4712 513 4753 et
547 4703 798 4759 eximius.
825 4713 878 4754 et
913 4703 1030 4756 laeta
1058 4703 1220 4756 cfiicit
1244 4707 1404 4757 corda
1445 4707 1627 4759 oriens
1685 4708 1773 4760 hic,
1822 4709 1901 4760 sol
1929 4748 1943 4772 ,

365 4796 456 4873 qui
491 4805 571 4847 e-t
603 4795 666 4847 ad
698 4806 926 4860 tempus,
955 4806 1000 4847 et
1045 4805 1126 4847 est
1155 4796 1492 4858 interiturus,
1551 4799 1763 4849 etiamsi
1799 4799 1945 4852 solus

368 4887 537 4938 fuerit
565 4887 744 4940 lucens
772 4898 822 4937 et
869 4887 1175 4940 illuminans
1211 4906 1223 4939 :
1257 4899 1458 4954 quanto
1501 4890 1671 4956 magis
1697 4930 1709 4951 ,
1749 4899 1904 4954 putas
1931 4931 1945 4954 ,

363 4979 612 5029 Clll'lrlllS
677 4978 754 5030 sol
812 4977 1034 5045 iustitia:
1086 4993 1181 5030 nos
1244 4978 1507 5032 illuminat
1551 4979 1942 5046 jucundissiuta

369 5069 486 5134 eius
515 5070 714 5134 Specie.
743 5078 794 5120 et
831 5067 1226 5135 pulchritudine
1261 5070 1515 5129 fruentes.
1555 5086 1648 5135 per
1692 5071 1943 5124 immate-

374 5162 557 5224 rialcs,
588 5162 827 5228 inquam,
861 5161 1240 5224 glorificantes,
1272 5169 1324 5213 ct
1360 5161 1944 5232 purissimaspreces?

369 5271 387 5302 ι
443 5253 554 5323 Ego
582 5258 719 5306 enim
749 5255 763 5319 (
791 5254 960 5320 inquit
997 5253 1307 5320 Sapientia)
1335 5269 1426 5306 eos
1457 5294 1470 5316 ,
1500 5255 1585 5322 qui
1615 5270 1697 5307 me
1723 5263 1945 5320 amant,

363 5347 532 5418 diligo
560 5347 600 5400 ³.
641 5365 658 5396 ι
689 5346 787 5412 Qui
822 5357 1001 5410 autem
1037 5344 1442 5414 diligitFiliunt,
1479 5357 1534 5399 et
1562 5347 1724 5399 Deum
1758 5357 1811 5399 et
1844 5348 1941 5400 bo-

367 5439 569 5501 mincm
599 5437 896 5502 Christum,
930 5438 1103 5505 diligit
1155 5454 1274 5492 eum
1326 5453 1540 5506 quoque
1567 5481 1580 5502 ,
1619 5439 1709 5508 qui
1765 5439 1936 5505 ipsum

365 5533 553 5600 genuit
581 5533 696 5584 sine
737 5542 994 5598 tempore,
1027 5539 1150 5582 ante
1177 5531 1360 5584 omnia
1385 5531 1598 5590 sarcula,
1626 5538 1678 5584 cl
1703 5530 1946 5584 ineffabi-

474 5715 490 5748 ¹
548 5713 694 5773 Psal.
728 5731 814 5781 cv,
846 5717 900 5770 ‘2.
961 5717 980 5747 ³
1012 5715 1134 5770 Act.
1167 5730 1202 5780 ι,
1235 5717 1283 5769 l.
1377 5720 1397 5752 ³
1427 5716 1592 5772 Prov.
1616 5729 1735 5780 vni,
1765 5715 1852 5768 l7.

2051 4527 2316 4592 corporis,
2349 4526 2621 4580 Christum
2652 4541 2771 4580 esse
2817 4525 3104 4577 credamus
3137 4564 3151 4588 ,
3203 4539 3375 4591 neque
3429 4523 3628 4575 nudum

2049 4619 2318 4672 hominem
2359 4619 2565 4684 absque
2593 4633 2715 4670 vera
2751 4616 3030 4670 divinitate
3061 4655 3074 4680 ,
3123 4624 3177 4670 et
3223 4615 3287 4668 iis
3332 4629 3454 4683 quae
3505 4623 3632 4667 sunt

2045 4706 2340 4759 divinitatis
2379 4706 2750 4772 :(utrumqne
2781 4706 2924 4758 enim
2967 4713 3152 4772 aperte
3195 4703 3483 4756 ostendunt
3535 4702 3632 4755 do-

2045 4798 2269 4849 ctrinam
2297 4794 2530 4863 diaboli)
2559 4795 2649 4845 sed
2677 4793 2838 4846 Deum
2862 4803 3054 4856 totum,
3074 4800 3127 4845 et
3150 4807 3272 4844 eum
3296 4793 3468 4859 ipsum
3497 4790 3629 4844 abs-

2053 4885 2156 4953 que
2204 4887 2556 4940 conversione
2579 4886 2739 4938 totius
2775 4885 3004 4937 hominis
3027 4885 3297 4951 accepisse
3313 4883 3628 4946 essentiam,

2051 4979 2212 5032 corde
2239 4994 2371 5044 puro
2399 4980 2684 5031 credamus
2716 4977 2780 5028 ad
2816 4976 3105 5042 justitiam,
3133 4985 3186 5026 et
3213 4989 3307 5026 ore
3337 4974 3631 5042 apostolico

2050 5082 2101 5123 et
2125 5080 2349 5138 paterno
2379 5069 2731 5121 confiteantur
2755 5064 2820 5117 ad
2851 5065 3104 5118 salutem.
3147 5061 3300 5115 llunc
3325 5077 3453 5132 ergo
3502 5074 3629 5116 ante

2049 5160 2244 5214 smelila
2282 5159 2595 5224 Denm,qui
2654 5155 3037 5225 comprehendi
3097 5171 3203 5209 non
3263 5165 3477 5224 potest,
3533 5154 3623 5222 qui

2050 5254 2258 5309 refulsit
2289 5252 2340 5305 in
2376 5253 2586 5306 duabus
2623 5250 2871 5306 essentiis
2920 5260 2972 5303 et
3018 5248 3468 5318 operationibus,
3521 5247 3625 5300 una

2049 5356 2248 5408 autem,
2280 5354 2335 5397 ut
2361 5343 2614 5405 diximus,
2654 5355 2919 5409 persona,
2964 5349 3020 5393 et
3077 5339 3231 5394 nobis
3274 5340 3324 5392 in
3379 5335 3630 5390 omnibus

2049 5439 2147 5492 fuit
2173 5438 2506 5492 assimilatns
2541 5446 2737 5505 pratter
2773 5445 3074 5504 peccatum,
3108 5433 3317 5502 peperit
3371 5444 3490 5498 qua:
3549 5431 3625 5486 cs!

2049 5545 2236 5584 verum
2268 5527 2631 5600 patrocinium
2655 5525 3089 5582 Christianorum
3112 5564 3127 5588 ,
3180 5530 3234 5579 et
3267 5520 3485 5593 pmprie
3534 5533 3619 5574 vet

1967 5711 1989 5744 ⁸
2032 5709 2197 5768 Joau.
2233 5725 2274 5778 ι,
2310 5710 2396 5766 Η.
