  <div class='ocr_page' id='page_1' title='image "/cluster/home/n/w/nwhite01/storage/ocr_20150623/131/hvd.32044073502379/645.png"; bbox 0 0 3986 6212; ppageno 0'>
   <div class='ocr_carea' id='block_1_1' title="bbox 448 280 585 348">
    <p class='ocr_par' dir='ltr' id='par_1_1' title="bbox 448 280 585 348">
     <span class='ocr_line' id='line_1_1' title="bbox 448 280 585 348; baseline -0.007 -1"><span class='ocrx_word' id='word_1_1' title='bbox 448 280 585 348; x_wconf 70' lang='grc' dir='ltr'><strong>ῙΞΠ</strong></span> 
     </span>
    </p>
   </div>
   <div class='ocr_carea' id='block_1_2' title="bbox 1508 282 2541 348">
    <p class='ocr_par' dir='ltr' id='par_1_2' title="bbox 1508 282 2541 348">
     <span class='ocr_line' id='line_1_2' title="bbox 1508 282 2541 348; baseline 0.001 -3"><span class='ocrx_word' id='word_1_2' title='bbox 1508 284 1871 347; x_wconf 74' lang='grc' dir='ltr'><strong>ΑΠΟΕΝΒΑ</strong></span> <span class='ocrx_word' id='word_1_3' title='bbox 1908 284 2012 344; x_wconf 83' lang='lat' dir='ltr'><strong>AD</strong></span> <span class='ocrx_word' id='word_1_4' title='bbox 2042 282 2541 348; x_wconf 78' lang='lat' dir='ltr'><strong>EUTllYMIUM.</strong></span> 
     </span>
    </p>
   </div>
   <div class='ocr_carea' id='block_1_3' title="bbox 3516 287 3635 352">
    <p class='ocr_par' dir='ltr' id='par_1_3' title="bbox 3516 287 3635 352">
     <span class='ocr_line' id='line_1_3' title="bbox 3516 287 3635 352; baseline -0.034 0"><span class='ocrx_word' id='word_1_5' title='bbox 3516 287 3635 352; x_wconf 60' lang='grc' dir='ltr'><strong>ιω</strong></span> 
     </span>
    </p>
   </div>
   <div class='ocr_carea' id='block_1_4' title="bbox 449 388 3631 465">
    <p class='ocr_par' dir='ltr' id='par_1_4' title="bbox 449 388 3631 465">
     <span class='ocr_line' id='line_1_4' title="bbox 449 388 3631 465; baseline 0 -19"><span class='ocrx_word' id='word_1_6' title='bbox 449 407 617 461; x_wconf 88' lang='lat' dir='ltr'><strong>reque</strong></span> <span class='ocrx_word' id='word_1_7' title='bbox 646 401 730 447; x_wconf 85' lang='lat' dir='ltr'><strong>est</strong></span> <span class='ocrx_word' id='word_1_8' title='bbox 767 391 991 463; x_wconf 88' lang='lat' dir='ltr'><strong>Deipara</strong></span> <span class='ocrx_word' id='word_1_9' title='bbox 1017 410 1031 448; x_wconf 88' lang='lat'><strong>:</strong></span> <span class='ocrx_word' id='word_1_10' title='bbox 1062 408 1182 463; x_wconf 69' lang='lat' dir='ltr'><strong>qua:</strong></span> <span class='ocrx_word' id='word_1_11' title='bbox 1206 400 1289 448; x_wconf 91' lang='lat' dir='ltr'><strong>est</strong></span> <span class='ocrx_word' id='word_1_12' title='bbox 1305 392 1464 447; x_wconf 90' lang='lat' dir='ltr'><strong>altior</strong></span> <span class='ocrx_word' id='word_1_13' title='bbox 1485 402 1539 448; x_wconf 90' lang='lat' dir='ltr'><strong>et</strong></span> <span class='ocrx_word' id='word_1_14' title='bbox 1566 391 1815 461; x_wconf 83' lang='lat' dir='ltr'><strong>superior</strong></span> <span class='ocrx_word' id='word_1_15' title='bbox 1836 388 2026 460; x_wconf 75' lang='lat' dir='ltr'><strong>quavis</strong></span> <span class='ocrx_word' id='word_1_16' title='bbox 2053 392 2100 449; x_wconf 77' lang='grc' dir='ltr'>Α</span> <span class='ocrx_word' id='word_1_17' title='bbox 2131 392 2197 445; x_wconf 88' lang='lat' dir='ltr'><strong>ad</strong></span> <span class='ocrx_word' id='word_1_18' title='bbox 2222 391 2432 446; x_wconf 82' lang='lat' dir='ltr'><strong>iatttlettt</strong></span> <span class='ocrx_word' id='word_1_19' title='bbox 2465 403 2520 448; x_wconf 88' lang='lat' dir='ltr'><strong>et</strong></span> <span class='ocrx_word' id='word_1_20' title='bbox 2553 395 2813 449; x_wconf 90' lang='lat' dir='ltr'><strong>honorem</strong></span> <span class='ocrx_word' id='word_1_21' title='bbox 2855 409 3068 465; x_wconf 86' lang='lat' dir='ltr'><strong>semper</strong></span> <span class='ocrx_word' id='word_1_22' title='bbox 3103 392 3333 465; x_wconf 77' lang='lat' dir='ltr'><strong>Virginis</strong></span> <span class='ocrx_word' id='word_1_23' title='bbox 3354 404 3403 448; x_wconf 88' lang='lat' dir='ltr'><strong>et</strong></span> <span class='ocrx_word' id='word_1_24' title='bbox 3432 394 3631 462; x_wconf 77' lang='lat' dir='ltr'><strong>Deipane</strong></span> 
     </span>
    </p>
   </div>
   <div class='ocr_carea' id='block_1_5' title="bbox 452 482 2021 554">
    <p class='ocr_par' dir='ltr' id='par_1_5' title="bbox 452 482 2021 554">
     <span class='ocr_line' id='line_1_5' title="bbox 452 482 2021 554; baseline -0.004 -15"><span class='ocrx_word' id='word_1_25' title='bbox 452 500 512 539; x_wconf 88' lang='lat' dir='ltr'><strong>re</strong></span> <span class='ocrx_word' id='word_1_26' title='bbox 547 494 752 549; x_wconf 87' lang='lat' dir='ltr'><strong>creata,</strong></span> <span class='ocrx_word' id='word_1_27' title='bbox 788 496 894 539; x_wconf 88' lang='lat' dir='ltr'><strong>tam</strong></span> <span class='ocrx_word' id='word_1_28' title='bbox 929 500 1050 554; x_wconf 65' lang='lat' dir='ltr'><strong>qua:</strong></span> <span class='ocrx_word' id='word_1_29' title='bbox 1077 485 1175 539; x_wconf 87' lang='lat' dir='ltr'><strong>sub</strong></span> <span class='ocrx_word' id='word_1_30' title='bbox 1205 494 1479 553; x_wconf 91' lang='lat' dir='ltr'><strong>aspectum</strong></span> <span class='ocrx_word' id='word_1_31' title='bbox 1507 482 1672 547; x_wconf 91' lang='lat' dir='ltr'><strong>cadit,</strong></span> <span class='ocrx_word' id='word_1_32' title='bbox 1703 497 1861 551; x_wconf 89' lang='lat' dir='ltr'><strong>quam</strong></span> <span class='ocrx_word' id='word_1_33' title='bbox 1901 493 2021 550; x_wconf 84' lang='lat' dir='ltr'><strong>quae</strong></span> 
     </span>
    </p>
   </div>
   <div class='ocr_carea' id='block_1_6' title="bbox 455 572 2019 647">
    <p class='ocr_par' dir='ltr' id='par_1_6' title="bbox 455 572 2019 647">
     <span class='ocr_line' id='line_1_6' title="bbox 455 572 2019 647; baseline -0.004 -18"><span class='ocrx_word' id='word_1_34' title='bbox 455 592 560 631; x_wconf 88' lang='lat' dir='ltr'><strong>non</strong></span> <span class='ocrx_word' id='word_1_35' title='bbox 592 579 754 639; x_wconf 78' lang='lat' dir='ltr'><strong>cadit,</strong></span> <span class='ocrx_word' id='word_1_36' title='bbox 783 593 903 647; x_wconf 60' lang='lat' dir='ltr'><strong>quae</strong></span> <span class='ocrx_word' id='word_1_37' title='bbox 926 590 1011 632; x_wconf 88' lang='lat' dir='ltr'><strong>est</strong></span> <span class='ocrx_word' id='word_1_38' title='bbox 1040 592 1199 645; x_wconf 90' lang='lat' dir='ltr'><strong>pura,</strong></span> <span class='ocrx_word' id='word_1_39' title='bbox 1230 578 1506 644; x_wconf 88' lang='lat' dir='ltr'><strong>impolluta</strong></span> <span class='ocrx_word' id='word_1_40' title='bbox 1531 618 1546 642; x_wconf 95' lang='lat'><strong>,</strong></span> <span class='ocrx_word' id='word_1_41' title='bbox 1581 574 1775 628; x_wconf 90' lang='lat' dir='ltr'><strong>intacta</strong></span> <span class='ocrx_word' id='word_1_42' title='bbox 1805 572 1979 626; x_wconf 85' lang='lat' dir='ltr'><strong>Patris</strong></span> <span class='ocrx_word' id='word_1_43' title='bbox 2002 609 2019 634; x_wconf 91' lang='lat'><strong>,</strong></span> 
     </span>
    </p>
   </div>
   <div class='ocr_carea' id='block_1_7' title="bbox 449 662 2018 738">
    <p class='ocr_par' dir='ltr' id='par_1_7' title="bbox 449 662 2018 738">
     <span class='ocr_line' id='line_1_7' title="bbox 449 662 2018 738; baseline -0.006 -14"><span class='ocrx_word' id='word_1_44' title='bbox 449 672 540 737; x_wconf 88' lang='lat' dir='ltr'><strong>qui</strong></span> <span class='ocrx_word' id='word_1_45' title='bbox 576 685 672 724; x_wconf 89' lang='lat' dir='ltr'><strong>nec</strong></span> <span class='ocrx_word' id='word_1_46' title='bbox 696 669 862 723; x_wconf 84' lang='lat' dir='ltr'><strong>videri</strong></span> <span class='ocrx_word' id='word_1_47' title='bbox 897 708 909 732; x_wconf 86' lang='lat'><strong>,</strong></span> <span class='ocrx_word' id='word_1_48' title='bbox 947 686 1045 723; x_wconf 87' lang='lat' dir='ltr'><strong>nec</strong></span> <span class='ocrx_word' id='word_1_49' title='bbox 1074 669 1455 737; x_wconf 80' lang='lat' dir='ltr'><strong>co:nprehendi</strong></span> <span class='ocrx_word' id='word_1_50' title='bbox 1509 675 1727 738; x_wconf 90' lang='lat' dir='ltr'><strong>potest,</strong></span> <span class='ocrx_word' id='word_1_51' title='bbox 1774 666 1841 720; x_wconf 91' lang='lat' dir='ltr'><strong>ab</strong></span> <span class='ocrx_word' id='word_1_52' title='bbox 1871 662 2018 719; x_wconf 91' lang='lat' dir='ltr'><strong>omni</strong></span> 
     </span>
    </p>
   </div>
   <div class='ocr_carea' id='block_1_8' title="bbox 452 761 2021 831">
    <p class='ocr_par' dir='ltr' id='par_1_8' title="bbox 452 761 2021 831">
     <span class='ocr_line' id='line_1_8' title="bbox 452 761 2021 831; baseline -0.003 -18"><span class='ocrx_word' id='word_1_53' title='bbox 452 761 871 829; x_wconf 85' lang='lat' dir='ltr'><strong>reprehensione</strong></span> <span class='ocrx_word' id='word_1_54' title='bbox 912 761 1108 826; x_wconf 84' lang='lat' dir='ltr'><strong>aliena,</strong></span> <span class='ocrx_word' id='word_1_55' title='bbox 1148 771 1203 816; x_wconf 90' lang='lat' dir='ltr'><strong>et</strong></span> <span class='ocrx_word' id='word_1_56' title='bbox 1239 761 1600 831; x_wconf 89' lang='lat' dir='ltr'><strong>pulcherrima</strong></span> <span class='ocrx_word' id='word_1_57' title='bbox 1623 773 1819 825; x_wconf 79' lang='lat' dir='ltr'><strong>sponsa</strong></span> <span class='ocrx_word' id='word_1_58' title='bbox 1856 772 1871 811; x_wconf 89' lang='lat'>:</span> <span class='ocrx_word' id='word_1_59' title='bbox 1902 769 2021 824; x_wconf 60' lang='lat' dir='ltr'><strong>qua;</strong></span> 
     </span>
    </p>
   </div>
   <div class='ocr_carea' id='block_1_9' title="bbox 447 848 2021 919">
    <p class='ocr_par' dir='ltr' id='par_1_9' title="bbox 447 848 2021 919">
     <span class='ocr_line' id='line_1_9' title="bbox 447 848 2021 919; baseline -0.003 -14"><span class='ocrx_word' id='word_1_60' title='bbox 447 852 608 906; x_wconf 85' lang='lat' dir='ltr'><strong>estin</strong></span> <span class='ocrx_word' id='word_1_61' title='bbox 631 852 879 906; x_wconf 73' lang='lat' dir='ltr'><strong>omnibus</strong></span> <span class='ocrx_word' id='word_1_62' title='bbox 905 852 1136 919; x_wconf 72' lang='lat' dir='ltr'><strong>gloriosa</strong></span> <span class='ocrx_word' id='word_1_63' title='bbox 1168 864 1221 907; x_wconf 91' lang='lat' dir='ltr'><strong>et</strong></span> <span class='ocrx_word' id='word_1_64' title='bbox 1247 853 1551 915; x_wconf 85' lang='lat' dir='ltr'><strong>benedicta,</strong></span> <span class='ocrx_word' id='word_1_65' title='bbox 1592 859 1647 903; x_wconf 92' lang='lat' dir='ltr'><strong>et</strong></span> <span class='ocrx_word' id='word_1_66' title='bbox 1695 851 1746 903; x_wconf 93' lang='lat' dir='ltr'><strong>in</strong></span> <span class='ocrx_word' id='word_1_67' title='bbox 1781 848 2021 902; x_wconf 75' lang='lat' dir='ltr'><strong>bonitate</strong></span> 
     </span>
    </p>
   </div>
   <div class='ocr_carea' id='block_1_10' title="bbox 448 935 2019 1011">
    <p class='ocr_par' dir='ltr' id='par_1_10' title="bbox 448 935 2019 1011">
     <span class='ocr_line' id='line_1_10' title="bbox 448 935 2019 1011; baseline -0.002 -18"><span class='ocrx_word' id='word_1_68' title='bbox 448 951 503 995; x_wconf 89' lang='lat' dir='ltr'><strong>et</strong></span> <span class='ocrx_word' id='word_1_69' title='bbox 542 941 864 1010; x_wconf 87' lang='lat' dir='ltr'><strong>benignitate</strong></span> <span class='ocrx_word' id='word_1_70' title='bbox 884 951 968 996; x_wconf 72' lang='lat' dir='ltr'><strong>est</strong></span> <span class='ocrx_word' id='word_1_71' title='bbox 1002 943 1461 1011; x_wconf 82' lang='lat' dir='ltr'><strong>incomparabiiis,</strong></span> <span class='ocrx_word' id='word_1_72' title='bbox 1511 941 1893 995; x_wconf 67' lang='lat' dir='ltr'><strong>convenienter</strong></span> <span class='ocrx_word' id='word_1_73' title='bbox 1921 935 1970 991; x_wconf 91' lang='lat' dir='ltr'><strong>ci</strong></span> <span class='ocrx_word' id='word_1_74' title='bbox 2004 976 2019 999; x_wconf 86' lang='lat'><em>.</em></span> 
     </span>
    </p>
   </div>
   <div class='ocr_carea' id='block_1_11' title="bbox 449 1026 2024 1096">
    <p class='ocr_par' dir='ltr' id='par_1_11' title="bbox 449 1026 2024 1096">
     <span class='ocr_line' id='line_1_11' title="bbox 449 1026 2024 1096; baseline 0.001 -18"><span class='ocrx_word' id='word_1_75' title='bbox 449 1030 538 1096; x_wconf 85' lang='lat' dir='ltr'><strong>qui</strong></span> <span class='ocrx_word' id='word_1_76' title='bbox 565 1046 631 1083; x_wconf 82' lang='lat' dir='ltr'><strong>ex</strong></span> <span class='ocrx_word' id='word_1_77' title='bbox 656 1044 717 1083; x_wconf 87' lang='lat' dir='ltr'><strong>ea</strong></span> <span class='ocrx_word' id='word_1_78' title='bbox 744 1043 902 1085; x_wconf 86' lang='lat' dir='ltr'><strong>natus</strong></span> <span class='ocrx_word' id='word_1_79' title='bbox 941 1042 1022 1086; x_wconf 87' lang='lat' dir='ltr'><strong>est</strong></span> <span class='ocrx_word' id='word_1_80' title='bbox 1054 1030 1195 1086; x_wconf 84' lang='lat' dir='ltr'><strong>Deus</strong></span> <span class='ocrx_word' id='word_1_81' title='bbox 1225 1042 1278 1087; x_wconf 87' lang='lat' dir='ltr'><strong>et</strong></span> <span class='ocrx_word' id='word_1_82' title='bbox 1314 1033 1474 1086; x_wconf 92' lang='lat' dir='ltr'><strong>homo</strong></span> <span class='ocrx_word' id='word_1_83' title='bbox 1499 1070 1515 1095; x_wconf 96' lang='lat'><strong>,</strong></span> <span class='ocrx_word' id='word_1_84' title='bbox 1550 1041 1604 1085; x_wconf 88' lang='lat' dir='ltr'><strong>et</strong></span> <span class='ocrx_word' id='word_1_85' title='bbox 1633 1028 1789 1085; x_wconf 88' lang='lat' dir='ltr'><strong>nobis</strong></span> <span class='ocrx_word' id='word_1_86' title='bbox 1829 1026 1893 1082; x_wconf 91' lang='lat' dir='ltr'><strong>ad</strong></span> <span class='ocrx_word' id='word_1_87' title='bbox 1944 1028 2024 1081; x_wconf 86' lang='lat' dir='ltr'><strong>in-</strong></span> 
     </span>
    </p>
   </div>
   <div class='ocr_carea' id='block_1_12' title="bbox 448 1120 1644 1191">
    <p class='ocr_par' dir='ltr' id='par_1_12' title="bbox 448 1120 1644 1191">
     <span class='ocr_line' id='line_1_12' title="bbox 448 1120 1644 1191; baseline -0.001 -17"><span class='ocrx_word' id='word_1_88' title='bbox 448 1120 782 1174; x_wconf 73' lang='lat' dir='ltr'><strong>deﬂt-ientem</strong></span> <span class='ocrx_word' id='word_1_89' title='bbox 815 1123 1088 1191; x_wconf 83' lang='lat' dir='ltr'><strong>proposita</strong></span> <span class='ocrx_word' id='word_1_90' title='bbox 1119 1138 1273 1191; x_wconf 87' lang='lat' dir='ltr'><strong>opem</strong></span> <span class='ocrx_word' id='word_1_91' title='bbox 1302 1134 1353 1176; x_wconf 86' lang='lat' dir='ltr'><strong>et</strong></span> <span class='ocrx_word' id='word_1_92' title='bbox 1388 1121 1644 1179; x_wconf 80' lang='lat' dir='ltr'><strong>salutem.</strong></span> 
     </span>
    </p>
   </div>
   <div class='ocr_carea' id='block_1_13' title="bbox 522 1200 1997 1283">
    <p class='ocr_par' dir='ltr' id='par_1_13' title="bbox 522 1200 1997 1283">
     <span class='ocr_line' id='line_1_13' title="bbox 522 1200 1997 1283; baseline 0.001 -19"><span class='ocrx_word' id='word_1_93' title='bbox 522 1210 612 1266; x_wconf 79' lang='lat' dir='ltr'><strong>1x.</strong></span> <span class='ocrx_word' id='word_1_94' title='bbox 641 1211 706 1266; x_wconf 85' lang='lat' dir='ltr'><strong>Et</strong></span> <span class='ocrx_word' id='word_1_95' title='bbox 728 1214 853 1281; x_wconf 85' lang='lat' dir='ltr'><strong>quis</strong></span> <span class='ocrx_word' id='word_1_96' title='bbox 882 1230 990 1269; x_wconf 93' lang='lat' dir='ltr'><strong>non</strong></span> <span class='ocrx_word' id='word_1_97' title='bbox 1027 1215 1184 1269; x_wconf 88' lang='lat' dir='ltr'><strong>hodie</strong></span> <span class='ocrx_word' id='word_1_98' title='bbox 1214 1214 1314 1282; x_wconf 93' lang='lat' dir='ltr'><strong>(ut</strong></span> <span class='ocrx_word' id='word_1_99' title='bbox 1340 1200 1590 1282; x_wconf 75' lang='lat' dir='ltr'><strong>superius</strong></span> <span class='ocrx_word' id='word_1_100' title='bbox 1625 1210 1893 1283; x_wconf 78' lang='lat' dir='ltr'><strong>diximus)</strong></span> <span class='ocrx_word' id='word_1_101' title='bbox 1934 1227 1997 1266; x_wconf 85' lang='lat' dir='ltr'><strong>ac</strong></span> 
     </span>
    </p>
   </div>
   <div class='ocr_carea' id='block_1_14' title="bbox 450 1303 2025 1375">
    <p class='ocr_par' dir='ltr' id='par_1_14' title="bbox 450 1303 2025 1375">
     <span class='ocr_line' id='line_1_14' title="bbox 450 1303 2025 1375; baseline -0.001 -19"><span class='ocrx_word' id='word_1_102' title='bbox 450 1303 619 1356; x_wconf 91' lang='lat' dir='ltr'><strong>currit</strong></span> <span class='ocrx_word' id='word_1_103' title='bbox 649 1303 717 1357; x_wconf 91' lang='lat' dir='ltr'><strong>ad</strong></span> <span class='ocrx_word' id='word_1_104' title='bbox 744 1304 1106 1360; x_wconf 80' lang='lat' dir='ltr'><strong>venerabilem</strong></span> <span class='ocrx_word' id='word_1_105' title='bbox 1139 1321 1449 1375; x_wconf 70' lang='lat' dir='ltr'><strong>zonte,qna:</strong></span> <span class='ocrx_word' id='word_1_106' title='bbox 1475 1320 1688 1375; x_wconf 84' lang='lat' dir='ltr'><strong>semper</strong></span> <span class='ocrx_word' id='word_1_107' title='bbox 1748 1306 1924 1365; x_wconf 89' lang='lat' dir='ltr'><strong>lucet.</strong></span> <span class='ocrx_word' id='word_1_108' title='bbox 1972 1313 2025 1355; x_wconf 88' lang='lat' dir='ltr'><strong>et</strong></span> 
     </span>
    </p>
   </div>
   <div class='ocr_carea' id='block_1_15' title="bbox 450 1394 2025 1465">
    <p class='ocr_par' dir='ltr' id='par_1_15' title="bbox 450 1394 2025 1465">
     <span class='ocr_line' id='line_1_15' title="bbox 450 1394 2025 1465; baseline -0.001 -17"><span class='ocrx_word' id='word_1_109' title='bbox 450 1394 596 1448; x_wconf 90' lang='lat' dir='ltr'><strong>omni</strong></span> <span class='ocrx_word' id='word_1_110' title='bbox 622 1410 685 1448; x_wconf 85' lang='lat' dir='ltr'><strong>ex</strong></span> <span class='ocrx_word' id='word_1_111' title='bbox 711 1402 866 1464; x_wconf 88' lang='lat' dir='ltr'><strong>parte</strong></span> <span class='ocrx_word' id='word_1_112' title='bbox 894 1397 1219 1465; x_wconf 78' lang='lat' dir='ltr'><strong>resplendet,</strong></span> <span class='ocrx_word' id='word_1_113' title='bbox 1254 1399 1680 1460; x_wconf 75' lang='lat' dir='ltr'><strong>venerationem,</strong></span> <span class='ocrx_word' id='word_1_114' title='bbox 1713 1408 1765 1450; x_wconf 90' lang='lat' dir='ltr'><strong>et</strong></span> <span class='ocrx_word' id='word_1_115' title='bbox 1791 1396 1855 1450; x_wconf 87' lang='lat' dir='ltr'><strong>ad</strong></span> <span class='ocrx_word' id='word_1_116' title='bbox 1884 1396 2025 1449; x_wconf 88' lang='lat' dir='ltr'><strong>hanc</strong></span> 
     </span>
    </p>
   </div>
   <div class='ocr_carea' id='block_1_16' title="bbox 452 1484 2022 1556">
    <p class='ocr_par' dir='ltr' id='par_1_16' title="bbox 452 1484 2022 1556">
     <span class='ocr_line' id='line_1_16' title="bbox 452 1484 2022 1556; baseline -0.001 -15"><span class='ocrx_word' id='word_1_117' title='bbox 452 1484 612 1554; x_wconf 85' lang='lat' dir='ltr'><strong>longe</strong></span> <span class='ocrx_word' id='word_1_118' title='bbox 639 1487 997 1542; x_wconf 82' lang='lat' dir='ltr'><strong>clarissimam</strong></span> <span class='ocrx_word' id='word_1_119' title='bbox 1023 1500 1077 1543; x_wconf 88' lang='lat' dir='ltr'><strong>et</strong></span> <span class='ocrx_word' id='word_1_120' title='bbox 1106 1489 1523 1543; x_wconf 88' lang='lat' dir='ltr'><strong>illustrissimam</strong></span> <span class='ocrx_word' id='word_1_121' title='bbox 1550 1487 1665 1556; x_wconf 86' lang='lat' dir='ltr'><strong>ejus</strong></span> <span class='ocrx_word' id='word_1_122' title='bbox 1693 1485 2022 1542; x_wconf 85' lang='lat' dir='ltr'><strong>ornatissimi</strong></span> 
     </span>
    </p>
   </div>
   <div class='ocr_carea' id='block_1_17' title="bbox 450 1578 2021 1650">
    <p class='ocr_par' dir='ltr' id='par_1_17' title="bbox 450 1578 2021 1650">
     <span class='ocr_line' id='line_1_17' title="bbox 450 1578 2021 1650; baseline -0.001 -16"><span class='ocrx_word' id='word_1_123' title='bbox 450 1589 505 1634; x_wconf 91' lang='lat' dir='ltr'><strong>et</strong></span> <span class='ocrx_word' id='word_1_124' title='bbox 532 1594 564 1633; x_wconf 83' lang='lat' dir='ltr'><strong>a</strong></span> <span class='ocrx_word' id='word_1_125' title='bbox 595 1579 703 1633; x_wconf 89' lang='lat' dir='ltr'><strong>Deo</strong></span> <span class='ocrx_word' id='word_1_126' title='bbox 737 1580 937 1634; x_wconf 88' lang='lat' dir='ltr'><strong>conditi</strong></span> <span class='ocrx_word' id='word_1_127' title='bbox 971 1578 1153 1650; x_wconf 87' lang='lat' dir='ltr'><strong>templi</strong></span> <span class='ocrx_word' id='word_1_128' title='bbox 1190 1580 1618 1635; x_wconf 81' lang='lat' dir='ltr'><strong>dedicationem?</strong></span> <span class='ocrx_word' id='word_1_129' title='bbox 1666 1579 1834 1635; x_wconf 84' lang='lat' dir='ltr'><strong>llodie</strong></span> <span class='ocrx_word' id='word_1_130' title='bbox 1877 1580 2021 1633; x_wconf 88' lang='lat' dir='ltr'><strong>enim</strong></span> 
     </span>
    </p>
   </div>
   <div class='ocr_carea' id='block_1_18' title="bbox 451 1671 2021 1742">
    <p class='ocr_par' dir='ltr' id='par_1_18' title="bbox 451 1671 2021 1742">
     <span class='ocr_line' id='line_1_18' title="bbox 451 1671 2021 1742; baseline 0 -19"><span class='ocrx_word' id='word_1_131' title='bbox 451 1671 845 1726; x_wconf 88' lang='lat' dir='ltr'><strong>admirabiliter</strong></span> <span class='ocrx_word' id='word_1_132' title='bbox 860 1673 1016 1725; x_wconf 90' lang='lat' dir='ltr'><strong>ambo</strong></span> <span class='ocrx_word' id='word_1_133' title='bbox 1047 1671 1206 1727; x_wconf 88' lang='lat' dir='ltr'><strong>simul</strong></span> <span class='ocrx_word' id='word_1_134' title='bbox 1230 1674 1646 1742; x_wconf 86' lang='lat' dir='ltr'><strong>suntproposita</strong></span> <span class='ocrx_word' id='word_1_135' title='bbox 1681 1675 1746 1725; x_wconf 88' lang='lat' dir='ltr'><strong>ad</strong></span> <span class='ocrx_word' id='word_1_136' title='bbox 1784 1671 2021 1726; x_wconf 74' lang='lat' dir='ltr'><strong>lzetitiam</strong></span> 
     </span>
    </p>
   </div>
   <div class='ocr_carea' id='block_1_19' title="bbox 452 1763 2023 1833">
    <p class='ocr_par' dir='ltr' id='par_1_19' title="bbox 452 1763 2023 1833">
     <span class='ocr_line' id='line_1_19' title="bbox 452 1763 2023 1833; baseline -0.001 -16"><span class='ocrx_word' id='word_1_137' title='bbox 452 1763 717 1823; x_wconf 85' lang='lat' dir='ltr'><strong>ﬁdelibus,</strong></span> <span class='ocrx_word' id='word_1_138' title='bbox 746 1764 836 1832; x_wconf 89' lang='lat' dir='ltr'><strong>qui</strong></span> <span class='ocrx_word' id='word_1_139' title='bbox 863 1770 1007 1817; x_wconf 82' lang='lat' dir='ltr'><strong>ret-te</strong></span> <span class='ocrx_word' id='word_1_140' title='bbox 1036 1764 1300 1830; x_wconf 84' lang='lat' dir='ltr'><strong>sentiunt,</strong></span> <span class='ocrx_word' id='word_1_141' title='bbox 1330 1775 1383 1817; x_wconf 90' lang='lat' dir='ltr'><strong>et</strong></span> <span class='ocrx_word' id='word_1_142' title='bbox 1416 1764 1505 1833; x_wconf 86' lang='lat' dir='ltr'><strong>qui</strong></span> <span class='ocrx_word' id='word_1_143' title='bbox 1553 1780 1679 1818; x_wconf 86' lang='lat' dir='ltr'><strong>vere</strong></span> <span class='ocrx_word' id='word_1_144' title='bbox 1719 1779 1837 1818; x_wconf 90' lang='lat' dir='ltr'><strong>eam</strong></span> <span class='ocrx_word' id='word_1_145' title='bbox 1890 1780 2023 1818; x_wconf 86' lang='lat' dir='ltr'><strong>con-</strong></span> 
     </span>
    </p>
   </div>
   <div class='ocr_carea' id='block_1_20' title="bbox 453 1853 2024 1924">
    <p class='ocr_par' dir='ltr' id='par_1_20' title="bbox 453 1853 2024 1924">
     <span class='ocr_line' id='line_1_20' title="bbox 453 1853 2024 1924; baseline -0.001 -17"><span class='ocrx_word' id='word_1_146' title='bbox 453 1853 697 1918; x_wconf 84' lang='lat' dir='ltr'><strong>ﬁtentur,</strong></span> <span class='ocrx_word' id='word_1_147' title='bbox 725 1862 780 1908; x_wconf 90' lang='lat' dir='ltr'><strong>et</strong></span> <span class='ocrx_word' id='word_1_148' title='bbox 804 1855 1027 1908; x_wconf 82' lang='lat' dir='ltr'><strong>adorant</strong></span> <span class='ocrx_word' id='word_1_149' title='bbox 1060 1869 1242 1908; x_wconf 87' lang='lat' dir='ltr'><strong>veram</strong></span> <span class='ocrx_word' id='word_1_150' title='bbox 1276 1855 1582 1924; x_wconf 87' lang='lat' dir='ltr'><strong>Dciparam,</strong></span> <span class='ocrx_word' id='word_1_151' title='bbox 1608 1864 1664 1907; x_wconf 91' lang='lat' dir='ltr'><strong>ut</strong></span> <span class='ocrx_word' id='word_1_152' title='bbox 1701 1868 1818 1923; x_wconf 71' lang='lat' dir='ltr'><strong>qua:</strong></span> <span class='ocrx_word' id='word_1_153' title='bbox 1867 1870 2024 1923; x_wconf 72' lang='lat' dir='ltr'><strong>pepe-</strong></span> 
     </span>
    </p>
   </div>
   <div class='ocr_carea' id='block_1_21' title="bbox 451 1945 2026 2015">
    <p class='ocr_par' dir='ltr' id='par_1_21' title="bbox 451 1945 2026 2015">
     <span class='ocr_line' id='line_1_21' title="bbox 451 1945 2026 2015; baseline -0.001 -15"><span class='ocrx_word' id='word_1_154' title='bbox 451 1947 525 2001; x_wconf 89' lang='lat' dir='ltr'><strong>rit</strong></span> <span class='ocrx_word' id='word_1_155' title='bbox 550 1962 711 2013; x_wconf 82' lang='lat' dir='ltr'><strong>super</strong></span> <span class='ocrx_word' id='word_1_156' title='bbox 737 1945 1021 2000; x_wconf 84' lang='lat' dir='ltr'><strong>essentiale</strong></span> <span class='ocrx_word' id='word_1_157' title='bbox 1048 1945 1283 2000; x_wconf 79' lang='lat' dir='ltr'><strong>Verbum</strong></span> <span class='ocrx_word' id='word_1_158' title='bbox 1334 1946 1424 2001; x_wconf 87' lang='lat' dir='ltr'><strong>Dei</strong></span> <span class='ocrx_word' id='word_1_159' title='bbox 1464 1946 1641 1999; x_wconf 85' lang='lat' dir='ltr'><strong>Patris</strong></span> <span class='ocrx_word' id='word_1_160' title='bbox 1664 1985 1679 2009; x_wconf 95' lang='lat'><strong>,</strong></span> <span class='ocrx_word' id='word_1_161' title='bbox 1712 1945 1802 2014; x_wconf 90' lang='lat' dir='ltr'><strong>qui</strong></span> <span class='ocrx_word' id='word_1_162' title='bbox 1841 1947 2026 2015; x_wconf 85' lang='lat' dir='ltr'><strong>nequit</strong></span> 
     </span>
    </p>
   </div>
   <div class='ocr_carea' id='block_1_22' title="bbox 450 2034 2023 2105">
    <p class='ocr_par' dir='ltr' id='par_1_22' title="bbox 450 2034 2023 2105">
     <span class='ocr_line' id='line_1_22' title="bbox 450 2034 2023 2105; baseline -0.001 -15"><span class='ocrx_word' id='word_1_163' title='bbox 450 2035 860 2105; x_wconf 79' lang='lat' dir='ltr'><strong>comprehendi.</strong></span> <span class='ocrx_word' id='word_1_164' title='bbox 893 2035 956 2091; x_wconf 83' lang='lat' dir='ltr'><strong>Et</strong></span> <span class='ocrx_word' id='word_1_165' title='bbox 992 2036 1083 2105; x_wconf 88' lang='lat' dir='ltr'><strong>qui</strong></span> <span class='ocrx_word' id='word_1_166' title='bbox 1125 2051 1235 2092; x_wconf 86' lang='lat' dir='ltr'><strong>non</strong></span> <span class='ocrx_word' id='word_1_167' title='bbox 1264 2047 1348 2091; x_wconf 89' lang='lat' dir='ltr'><strong>est</strong></span> <span class='ocrx_word' id='word_1_168' title='bbox 1371 2038 1443 2090; x_wconf 87' lang='lat' dir='ltr'><strong>ita</strong></span> <span class='ocrx_word' id='word_1_169' title='bbox 1466 2034 1715 2101; x_wconf 80' lang='lat' dir='ltr'><strong>aii‘ectus,</strong></span> <span class='ocrx_word' id='word_1_170' title='bbox 1739 2044 1794 2089; x_wconf 85' lang='lat' dir='ltr'><strong>et</strong></span> <span class='ocrx_word' id='word_1_171' title='bbox 1816 2051 1922 2091; x_wconf 91' lang='lat' dir='ltr'><strong>non</strong></span> <span class='ocrx_word' id='word_1_172' title='bbox 1952 2038 2023 2090; x_wconf 90' lang='lat' dir='ltr'><strong>ita</strong></span> 
     </span>
    </p>
   </div>
   <div class='ocr_carea' id='block_1_23' title="bbox 449 2131 2028 2201">
    <p class='ocr_par' dir='ltr' id='par_1_23' title="bbox 449 2131 2028 2201">
     <span class='ocr_line' id='line_1_23' title="bbox 449 2131 2028 2201; baseline -0.003 -13"><span class='ocrx_word' id='word_1_173' title='bbox 449 2133 722 2200; x_wconf 84' lang='lat' dir='ltr'><strong>opinatur,</strong></span> <span class='ocrx_word' id='word_1_174' title='bbox 745 2142 802 2186; x_wconf 92' lang='lat' dir='ltr'><strong>ut</strong></span> <span class='ocrx_word' id='word_1_175' title='bbox 828 2133 984 2201; x_wconf 90' lang='lat' dir='ltr'><strong>paulo</strong></span> <span class='ocrx_word' id='word_1_176' title='bbox 1006 2142 1132 2187; x_wconf 85' lang='lat' dir='ltr'><strong>ante</strong></span> <span class='ocrx_word' id='word_1_177' title='bbox 1155 2131 1497 2198; x_wconf 88' lang='lat' dir='ltr'><strong>scripsimus,</strong></span> <span class='ocrx_word' id='word_1_178' title='bbox 1526 2145 1687 2184; x_wconf 84' lang='lat' dir='ltr'><strong>voces</strong></span> <span class='ocrx_word' id='word_1_179' title='bbox 1717 2138 2028 2183; x_wconf 84' lang='lat' dir='ltr'><strong>mutuantes</strong></span> 
     </span>
    </p>
   </div>
   <div class='ocr_carea' id='block_1_24' title="bbox 450 2224 1568 2295">
    <p class='ocr_par' dir='ltr' id='par_1_24' title="bbox 450 2224 1568 2295">
     <span class='ocr_line' id='line_1_24' title="bbox 450 2224 1568 2295; baseline -0.006 -14"><span class='ocrx_word' id='word_1_180' title='bbox 450 2240 515 2281; x_wconf 80' lang='lat' dir='ltr'><strong>ex</strong></span> <span class='ocrx_word' id='word_1_181' title='bbox 550 2225 787 2295; x_wconf 81' lang='lat' dir='ltr'><strong>paternis</strong></span> <span class='ocrx_word' id='word_1_182' title='bbox 818 2224 1125 2294; x_wconf 53' lang='lat' dir='ltr'><strong>praeceptis,</strong></span> <span class='ocrx_word' id='word_1_183' title='bbox 1152 2224 1224 2278; x_wconf 80' lang='lat' dir='ltr'><strong>sit</strong></span> <span class='ocrx_word' id='word_1_184' title='bbox 1253 2224 1568 2277; x_wconf 87' lang='lat' dir='ltr'><strong>anathema.</strong></span> 
     </span>
    </p>
   </div>
   <div class='ocr_carea' id='block_1_25' title="bbox 520 2311 2027 2385">
    <p class='ocr_par' dir='ltr' id='par_1_25' title="bbox 520 2311 2027 2385">
     <span class='ocr_line' id='line_1_25' title="bbox 520 2311 2027 2385; baseline -0.004 -15"><span class='ocrx_word' id='word_1_185' title='bbox 520 2314 594 2371; x_wconf 78' lang='grc' dir='ltr'><strong>Χ.</strong></span> <span class='ocrx_word' id='word_1_186' title='bbox 634 2315 803 2371; x_wconf 78' lang='lat' dir='ltr'><strong>Hodie</strong></span> <span class='ocrx_word' id='word_1_187' title='bbox 860 2316 1110 2370; x_wconf 66' lang='lat' dir='ltr'><strong>laetantur</strong></span> <span class='ocrx_word' id='word_1_188' title='bbox 1171 2315 1387 2385; x_wconf 81' lang='lat' dir='ltr'><strong>angeli,</strong></span> <span class='ocrx_word' id='word_1_189' title='bbox 1449 2314 1683 2384; x_wconf 78' lang='lat' dir='ltr'><strong>gaudent</strong></span> <span class='ocrx_word' id='word_1_190' title='bbox 1730 2311 2027 2379; x_wconf 79' lang='lat' dir='ltr'><strong>Cherubin,</strong></span> 
     </span>
    </p>
   </div>
   <div class='ocr_carea' id='block_1_26' title="bbox 452 2402 2030 2477">
    <p class='ocr_par' dir='ltr' id='par_1_26' title="bbox 452 2402 2030 2477">
     <span class='ocr_line' id='line_1_26' title="bbox 452 2402 2030 2477; baseline -0.001 -20"><span class='ocrx_word' id='word_1_191' title='bbox 452 2402 646 2477; x_wconf 83' lang='lat' dir='ltr'><strong>gaudio</strong></span> <span class='ocrx_word' id='word_1_192' title='bbox 675 2404 977 2460; x_wconf 68' lang='lat' dir='ltr'><strong>adiciuntur</strong></span> <span class='ocrx_word' id='word_1_193' title='bbox 1007 2404 1294 2468; x_wconf 73' lang='lat' dir='ltr'><strong>Seraphin,</strong></span> <span class='ocrx_word' id='word_1_194' title='bbox 1314 2403 1518 2458; x_wconf 70' lang='grc' dir='ltr'><strong>’Πιτοηὶ</strong></span> <span class='ocrx_word' id='word_1_195' title='bbox 1538 2414 1589 2458; x_wconf 90' lang='lat' dir='ltr'><strong>et</strong></span> <span class='ocrx_word' id='word_1_196' title='bbox 1621 2402 2030 2457; x_wconf 71' lang='lat' dir='ltr'><strong>nominationes</strong></span> 
     </span>
    </p>
   </div>
   <div class='ocr_carea' id='block_1_27' title="bbox 452 2491 2027 2562">
    <p class='ocr_par' dir='ltr' id='par_1_27' title="bbox 452 2491 2027 2562">
     <span class='ocr_line' id='line_1_27' title="bbox 452 2491 2027 2562; baseline -0.005 -10"><span class='ocrx_word' id='word_1_197' title='bbox 452 2506 633 2553; x_wconf 87' lang='lat' dir='ltr'><strong>mente</strong></span> <span class='ocrx_word' id='word_1_198' title='bbox 675 2496 955 2551; x_wconf 90' lang='lat' dir='ltr'><strong>nobiscum</strong></span> <span class='ocrx_word' id='word_1_199' title='bbox 1006 2495 1300 2550; x_wconf 76' lang='lat' dir='ltr'><strong>exsultant.</strong></span> <span class='ocrx_word' id='word_1_200' title='bbox 1341 2491 1662 2558; x_wconf 87' lang='lat' dir='ltr'><strong>Transilias,</strong></span> <span class='ocrx_word' id='word_1_201' title='bbox 1715 2508 1747 2547; x_wconf 91' lang='grc' dir='ltr'><strong>ο</strong></span> <span class='ocrx_word' id='word_1_202' title='bbox 1783 2504 1860 2557; x_wconf 91' lang='lat' dir='ltr'><strong>tu,</strong></span> <span class='ocrx_word' id='word_1_203' title='bbox 1895 2507 2027 2562; x_wconf 89' lang='lat' dir='ltr'><strong>pura</strong></span> 
     </span>
    </p>
   </div>
   <div class='ocr_carea' id='block_1_28' title="bbox 452 2585 2030 2654">
    <p class='ocr_par' dir='ltr' id='par_1_28' title="bbox 452 2585 2030 2654">
     <span class='ocr_line' id='line_1_28' title="bbox 452 2585 2030 2654; baseline -0.002 -12"><span class='ocrx_word' id='word_1_204' title='bbox 452 2596 632 2642; x_wconf 86' lang='lat' dir='ltr'><strong>mente</strong></span> <span class='ocrx_word' id='word_1_205' title='bbox 658 2587 857 2642; x_wconf 66' lang='lat' dir='ltr'><strong>mthera</strong></span> <span class='ocrx_word' id='word_1_206' title='bbox 886 2596 939 2641; x_wconf 92' lang='lat' dir='ltr'><strong>et</strong></span> <span class='ocrx_word' id='word_1_207' title='bbox 962 2586 1180 2651; x_wconf 65' lang='lat' dir='ltr'><strong>caelum,</strong></span> <span class='ocrx_word' id='word_1_208' title='bbox 1199 2587 1338 2654; x_wconf 91' lang='lat' dir='ltr'><strong>quod</strong></span> <span class='ocrx_word' id='word_1_209' title='bbox 1369 2585 1515 2639; x_wconf 88' lang='lat' dir='ltr'><strong>illum</strong></span> <span class='ocrx_word' id='word_1_210' title='bbox 1548 2586 1957 2654; x_wconf 79' lang='lat' dir='ltr'><strong>supcrat,puris</strong></span> <span class='ocrx_word' id='word_1_211' title='bbox 1975 2593 2030 2639; x_wconf 91' lang='lat' dir='ltr'><strong>et</strong></span> 
     </span>
    </p>
   </div>
   <div class='ocr_carea' id='block_1_29' title="bbox 450 2678 2024 2747">
    <p class='ocr_par' dir='ltr' id='par_1_29' title="bbox 450 2678 2024 2747">
     <span class='ocr_line' id='line_1_29' title="bbox 450 2678 2024 2747; baseline -0.003 -12"><span class='ocrx_word' id='word_1_212' title='bbox 450 2683 617 2737; x_wconf 82' lang='lat' dir='ltr'><strong>castis</strong></span> <span class='ocrx_word' id='word_1_213' title='bbox 646 2680 835 2743; x_wconf 91' lang='lat' dir='ltr'><strong>oculis,</strong></span> <span class='ocrx_word' id='word_1_214' title='bbox 865 2688 919 2734; x_wconf 89' lang='lat' dir='ltr'><strong>et</strong></span> <span class='ocrx_word' id='word_1_215' title='bbox 947 2678 1154 2732; x_wconf 58' lang='lat' dir='ltr'><strong>videbis</strong></span> <span class='ocrx_word' id='word_1_216' title='bbox 1205 2678 1310 2732; x_wconf 86' lang='lat' dir='ltr'><strong>vim</strong></span> <span class='ocrx_word' id='word_1_217' title='bbox 1344 2693 1532 2732; x_wconf 91' lang='lat' dir='ltr'><strong>eorum</strong></span> <span class='ocrx_word' id='word_1_218' title='bbox 1555 2718 1570 2742; x_wconf 91' lang='lat'><strong>,</strong></span> <span class='ocrx_word' id='word_1_219' title='bbox 1598 2693 1719 2747; x_wconf 63' lang='lat' dir='ltr'><strong>qua:</strong></span> <span class='ocrx_word' id='word_1_220' title='bbox 1752 2678 2024 2733; x_wconf 90' lang='lat' dir='ltr'><strong>dicuntur.</strong></span> 
     </span>
    </p>
   </div>
   <div class='ocr_carea' id='block_1_30' title="bbox 451 2766 2026 2836">
    <p class='ocr_par' dir='ltr' id='par_1_30' title="bbox 451 2766 2026 2836">
     <span class='ocr_line' id='line_1_30' title="bbox 451 2766 2026 2836; baseline -0.004 -10"><span class='ocrx_word' id='word_1_221' title='bbox 451 2771 560 2826; x_wconf 88' lang='lat' dir='ltr'><strong>Nec</strong></span> <span class='ocrx_word' id='word_1_222' title='bbox 591 2770 827 2825; x_wconf 88' lang='lat' dir='ltr'><strong>mireris.</strong></span> <span class='ocrx_word' id='word_1_223' title='bbox 864 2767 996 2822; x_wconf 86' lang='lat' dir='ltr'><strong>Nam</strong></span> <span class='ocrx_word' id='word_1_224' title='bbox 1047 2769 1088 2823; x_wconf 89' lang='lat' dir='ltr'><strong>si</strong></span> <span class='ocrx_word' id='word_1_225' title='bbox 1127 2767 1307 2821; x_wconf 90' lang='lat' dir='ltr'><strong>studio</strong></span> <span class='ocrx_word' id='word_1_226' title='bbox 1351 2777 1404 2822; x_wconf 91' lang='lat' dir='ltr'><strong>et</strong></span> <span class='ocrx_word' id='word_1_227' title='bbox 1437 2766 1713 2836; x_wconf 88' lang='lat' dir='ltr'><strong>diligentia</strong></span> <span class='ocrx_word' id='word_1_228' title='bbox 1769 2766 1931 2821; x_wconf 84' lang='lat' dir='ltr'><strong>bOmo</strong></span> <span class='ocrx_word' id='word_1_229' title='bbox 1967 2766 2026 2821; x_wconf 84' lang='lat' dir='ltr'><strong>lit</strong></span> 
     </span>
    </p>
   </div>
   <div class='ocr_carea' id='block_1_31' title="bbox 452 2856 2023 2932">
    <p class='ocr_par' dir='ltr' id='par_1_31' title="bbox 452 2856 2023 2932">
     <span class='ocr_line' id='line_1_31' title="bbox 452 2856 2023 2932; baseline -0.004 -15"><span class='ocrx_word' id='word_1_230' title='bbox 452 2863 620 2929; x_wconf 86' lang='lat' dir='ltr'><strong>Deus,</strong></span> <span class='ocrx_word' id='word_1_231' title='bbox 658 2858 1079 2932; x_wconf 88' lang='lat' dir='ltr'><strong>(inquitenim:</strong></span> <span class='ocrx_word' id='word_1_232' title='bbox 1117 2877 1135 2911; x_wconf 84' lang='lat' dir='ltr'><strong>t</strong></span> <span class='ocrx_word' id='word_1_233' title='bbox 1196 2856 1304 2926; x_wconf 83' lang='lat' dir='ltr'><strong>Ego</strong></span> <span class='ocrx_word' id='word_1_234' title='bbox 1336 2857 1471 2920; x_wconf 79' lang='lat' dir='ltr'><strong>dixi,</strong></span> <span class='ocrx_word' id='word_1_235' title='bbox 1507 2856 1587 2911; x_wconf 90' lang='lat' dir='ltr'><strong>Dii</strong></span> <span class='ocrx_word' id='word_1_236' title='bbox 1640 2857 1792 2922; x_wconf 90' lang='lat' dir='ltr'><strong>estis,</strong></span> <span class='ocrx_word' id='word_1_237' title='bbox 1844 2866 1898 2910; x_wconf 89' lang='lat' dir='ltr'><strong>et</strong></span> <span class='ocrx_word' id='word_1_238' title='bbox 1932 2856 2023 2910; x_wconf 87' lang='lat' dir='ltr'><strong>lilii</strong></span> 
     </span>
    </p>
   </div>
   <div class='ocr_carea' id='block_1_32' title="bbox 451 2949 2021 3021">
    <p class='ocr_par' dir='ltr' id='par_1_32' title="bbox 451 2949 2021 3021">
     <span class='ocr_line' id='line_1_32' title="bbox 451 2949 2021 3021; baseline -0.006 -11"><span class='ocrx_word' id='word_1_239' title='bbox 451 2954 650 3010; x_wconf 72' lang='lat' dir='ltr'><strong>excelsi</strong></span> <span class='ocrx_word' id='word_1_240' title='bbox 674 2951 898 3009; x_wconf 82' lang='lat' dir='ltr'><strong>outttes&#39;</strong></span> <span class='ocrx_word' id='word_1_241' title='bbox 925 2956 972 3021; x_wconf 70' lang='grc' dir='ltr'>ι)</span> <span class='ocrx_word' id='word_1_242' title='bbox 1005 2951 1132 3021; x_wconf 90' lang='lat' dir='ltr'><strong>quid</strong></span> <span class='ocrx_word' id='word_1_243' title='bbox 1164 2961 1246 3005; x_wconf 86' lang='lat' dir='ltr'><strong>est</strong></span> <span class='ocrx_word' id='word_1_244' title='bbox 1274 2949 1611 3012; x_wconf 85' lang='lat' dir='ltr'><strong>ittCredibiie,</strong></span> <span class='ocrx_word' id='word_1_245' title='bbox 1639 2960 1725 3003; x_wconf 88' lang='lat' dir='ltr'><strong>aut</strong></span> <span class='ocrx_word' id='word_1_246' title='bbox 1748 2965 2021 3018; x_wconf 79' lang='lat' dir='ltr'><strong>magnum,</strong></span> 
     </span>
    </p>
   </div>
   <div class='ocr_carea' id='block_1_33' title="bbox 2128 484 3632 554">
    <p class='ocr_par' dir='ltr' id='par_1_33' title="bbox 2128 484 3632 554">
     <span class='ocr_line' id='line_1_33' title="bbox 2128 484 3632 554; baseline 0 -16"><span class='ocrx_word' id='word_1_247' title='bbox 2128 484 2332 541; x_wconf 68' lang='lat' dir='ltr'><strong>Marire.</strong></span> <span class='ocrx_word' id='word_1_248' title='bbox 2391 486 2631 541; x_wconf 81' lang='lat' dir='ltr'><strong>Laetatur</strong></span> <span class='ocrx_word' id='word_1_249' title='bbox 2664 488 2833 553; x_wconf 88' lang='lat' dir='ltr'><strong>enim,</strong></span> <span class='ocrx_word' id='word_1_250' title='bbox 2869 502 2992 542; x_wconf 91' lang='lat' dir='ltr'><strong>cum</strong></span> <span class='ocrx_word' id='word_1_251' title='bbox 3028 502 3125 542; x_wconf 89' lang='lat' dir='ltr'><strong>nos</strong></span> <span class='ocrx_word' id='word_1_252' title='bbox 3180 485 3233 539; x_wconf 91' lang='lat' dir='ltr'><strong>in</strong></span> <span class='ocrx_word' id='word_1_253' title='bbox 3273 485 3351 540; x_wconf 88' lang='lat' dir='ltr'><strong>his</strong></span> <span class='ocrx_word' id='word_1_254' title='bbox 3374 484 3543 554; x_wconf 90' lang='lat' dir='ltr'><strong>aspicit</strong></span> <span class='ocrx_word' id='word_1_255' title='bbox 3564 500 3632 539; x_wconf 81' lang='lat' dir='ltr'><strong>ca-</strong></span> 
     </span>
    </p>
   </div>
   <div class='ocr_carea' id='block_1_34' title="bbox 2127 573 3634 637">
    <p class='ocr_par' dir='ltr' id='par_1_34' title="bbox 2127 573 3634 637">
     <span class='ocr_line' id='line_1_34' title="bbox 2127 573 3634 637; baseline -0.003 -7"><span class='ocrx_word' id='word_1_256' title='bbox 2127 575 2365 630; x_wconf 86' lang='lat' dir='ltr'><strong>stissima</strong></span> <span class='ocrx_word' id='word_1_257' title='bbox 2401 576 2648 630; x_wconf 87' lang='lat' dir='ltr'><strong>Domina.</strong></span> <span class='ocrx_word' id='word_1_258' title='bbox 2703 576 2776 632; x_wconf 88' lang='lat' dir='ltr'><strong>Se</strong></span> <span class='ocrx_word' id='word_1_259' title='bbox 2827 576 2974 631; x_wconf 91' lang='lat' dir='ltr'><strong>enim</strong></span> <span class='ocrx_word' id='word_1_260' title='bbox 3022 591 3084 631; x_wconf 89' lang='lat' dir='ltr'><strong>ea</strong></span> <span class='ocrx_word' id='word_1_261' title='bbox 3146 589 3327 630; x_wconf 85' lang='lat' dir='ltr'><strong>revera</strong></span> <span class='ocrx_word' id='word_1_262' title='bbox 3380 573 3543 637; x_wconf 79' lang='lat' dir='ltr'><strong>cinxit,</strong></span> <span class='ocrx_word' id='word_1_263' title='bbox 3586 582 3634 627; x_wconf 85' lang='lat' dir='ltr'><strong>ut</strong></span> 
     </span>
    </p>
   </div>
   <div class='ocr_carea' id='block_1_35' title="bbox 2128 666 3635 731">
    <p class='ocr_par' dir='ltr' id='par_1_35' title="bbox 2128 666 3635 731">
     <span class='ocr_line' id='line_1_35' title="bbox 2128 666 3635 731; baseline -0.002 -7"><span class='ocrx_word' id='word_1_264' title='bbox 2128 669 2449 724; x_wconf 83' lang='lat' dir='ltr'><strong>credimus:</strong></span> <span class='ocrx_word' id='word_1_265' title='bbox 2495 678 2552 724; x_wconf 80' lang='lat' dir='ltr'><strong>et</strong></span> <span class='ocrx_word' id='word_1_266' title='bbox 2584 685 2708 725; x_wconf 83' lang='lat' dir='ltr'><strong>aras</strong></span> <span class='ocrx_word' id='word_1_267' title='bbox 2735 670 2991 725; x_wconf 84' lang='lat' dir='ltr'><strong>contrivit</strong></span> <span class='ocrx_word' id='word_1_268' title='bbox 3040 669 3321 731; x_wconf 88' lang='lat' dir='ltr'><strong>idolorum,</strong></span> <span class='ocrx_word' id='word_1_269' title='bbox 3360 677 3409 721; x_wconf 92' lang='lat' dir='ltr'><strong>et</strong></span> <span class='ocrx_word' id='word_1_270' title='bbox 3448 666 3635 721; x_wconf 75' lang='lat' dir='ltr'><strong>delubra</strong></span> 
     </span>
    </p>
   </div>
   <div class='ocr_carea' id='block_1_36' title="bbox 2128 755 3633 831">
    <p class='ocr_par' dir='ltr' id='par_1_36' title="bbox 2128 755 3633 831">
     <span class='ocr_line' id='line_1_36' title="bbox 2128 755 3633 831; baseline -0.003 -18"><span class='ocrx_word' id='word_1_271' title='bbox 2128 760 2376 831; x_wconf 74' lang='lat' dir='ltr'><strong>gentium</strong></span> <span class='ocrx_word' id='word_1_272' title='bbox 2443 761 2679 829; x_wconf 86' lang='lat' dir='ltr'><strong>perdidit</strong></span> <span class='ocrx_word' id='word_1_273' title='bbox 2728 772 2782 817; x_wconf 90' lang='lat' dir='ltr'><strong>et</strong></span> <span class='ocrx_word' id='word_1_274' title='bbox 2827 758 3171 826; x_wconf 88' lang='lat' dir='ltr'><strong>comminuit,</strong></span> <span class='ocrx_word' id='word_1_275' title='bbox 3204 769 3255 812; x_wconf 90' lang='lat' dir='ltr'><strong>et</strong></span> <span class='ocrx_word' id='word_1_276' title='bbox 3289 772 3487 813; x_wconf 87' lang='lat' dir='ltr'><strong>cessare</strong></span> <span class='ocrx_word' id='word_1_277' title='bbox 3534 755 3633 810; x_wconf 76' lang='lat' dir='ltr'><strong>fecit</strong></span> 
     </span>
    </p>
   </div>
   <div class='ocr_carea' id='block_1_37' title="bbox 2129 848 3639 922">
    <p class='ocr_par' dir='ltr' id='par_1_37' title="bbox 2129 848 3639 922">
     <span class='ocr_line' id='line_1_37' title="bbox 2129 848 3639 922; baseline -0.005 -16"><span class='ocrx_word' id='word_1_278' title='bbox 2129 852 2473 906; x_wconf 90' lang='lat' dir='ltr'><strong>immoderati</strong></span> <span class='ocrx_word' id='word_1_279' title='bbox 2509 851 2796 922; x_wconf 79' lang='lat' dir='ltr'><strong>sanguinis</strong></span> <span class='ocrx_word' id='word_1_280' title='bbox 2833 850 3177 905; x_wconf 73' lang='lat' dir='ltr'><strong>eﬁusionem.</strong></span> <span class='ocrx_word' id='word_1_281' title='bbox 3204 848 3363 903; x_wconf 80' lang='lat' dir='ltr'><strong>limiie</strong></span> <span class='ocrx_word' id='word_1_282' title='bbox 3396 862 3513 901; x_wconf 82' lang='lat' dir='ltr'><strong>zona</strong></span> <span class='ocrx_word' id='word_1_283' title='bbox 3541 863 3639 902; x_wconf 74' lang='lat' dir='ltr'><strong>nta-</strong></span> 
     </span>
    </p>
   </div>
   <div class='ocr_carea' id='block_1_38' title="bbox 2128 938 3641 1014">
    <p class='ocr_par' dir='ltr' id='par_1_38' title="bbox 2128 938 3641 1014">
     <span class='ocr_line' id='line_1_38' title="bbox 2128 938 3641 1014; baseline -0.003 -18"><span class='ocrx_word' id='word_1_284' title='bbox 2128 944 2438 1014; x_wconf 85' lang='lat' dir='ltr'><strong>guiticetur,</strong></span> <span class='ocrx_word' id='word_1_285' title='bbox 2488 958 2588 1013; x_wconf 89' lang='lat' dir='ltr'><strong>per</strong></span> <span class='ocrx_word' id='word_1_286' title='bbox 2611 958 2775 1014; x_wconf 87' lang='lat' dir='ltr'><strong>quam</strong></span> <span class='ocrx_word' id='word_1_287' title='bbox 2817 957 2913 996; x_wconf 89' lang='lat' dir='ltr'><strong>aer</strong></span> <span class='ocrx_word' id='word_1_288' title='bbox 2968 942 3066 996; x_wconf 78' lang='lat' dir='ltr'><strong>fuit</strong></span> <span class='ocrx_word' id='word_1_289' title='bbox 3115 938 3641 998; x_wconf 62' lang='lat' dir='ltr'><strong>sanctiﬁcatusmmli</strong></span> 
     </span>
    </p>
   </div>
   <div class='ocr_carea' id='block_1_39' title="bbox 2129 1034 3641 1103">
    <p class='ocr_par' dir='ltr' id='par_1_39' title="bbox 2129 1034 3641 1103">
     <span class='ocr_line' id='line_1_39' title="bbox 2129 1034 3641 1103; baseline -0.006 -12"><span class='ocrx_word' id='word_1_290' title='bbox 2129 1051 2341 1091; x_wconf 82' lang='lat' dir='ltr'><strong>smnme</strong></span> <span class='ocrx_word' id='word_1_291' title='bbox 2373 1035 2642 1103; x_wconf 75' lang='lat' dir='ltr'><strong>refulgent</strong></span> <span class='ocrx_word' id='word_1_292' title='bbox 2677 1052 2693 1090; x_wconf 94' lang='lat'><strong>:</strong></span> <span class='ocrx_word' id='word_1_293' title='bbox 2721 1034 2802 1090; x_wconf 92' lang='lat' dir='ltr'><strong>soi</strong></span> <span class='ocrx_word' id='word_1_294' title='bbox 2838 1044 2891 1089; x_wconf 93' lang='lat' dir='ltr'><strong>et</strong></span> <span class='ocrx_word' id='word_1_295' title='bbox 2919 1034 3044 1087; x_wconf 89' lang='lat' dir='ltr'><strong>luna</strong></span> <span class='ocrx_word' id='word_1_296' title='bbox 3079 1046 3240 1101; x_wconf 88' lang='lat' dir='ltr'><strong>supra</strong></span> <span class='ocrx_word' id='word_1_297' title='bbox 3268 1043 3492 1085; x_wconf 82' lang='lat' dir='ltr'><strong>naturam</strong></span> <span class='ocrx_word' id='word_1_298' title='bbox 3514 1044 3641 1086; x_wconf 21' lang='lat' dir='ltr'><strong>suam.</strong></span> 
     </span>
    </p>
   </div>
   <div class='ocr_carea' id='block_1_40' title="bbox 2130 1122 3638 1197">
    <p class='ocr_par' dir='ltr' id='par_1_40' title="bbox 2130 1122 3638 1197">
     <span class='ocr_line' id='line_1_40' title="bbox 2130 1122 3638 1197; baseline -0.007 -16"><span class='ocrx_word' id='word_1_299' title='bbox 2130 1143 2275 1182; x_wconf 91' lang='lat' dir='ltr'><strong>nunc</strong></span> <span class='ocrx_word' id='word_1_300' title='bbox 2322 1127 2598 1197; x_wconf 85' lang='lat' dir='ltr'><strong>splendide</strong></span> <span class='ocrx_word' id='word_1_301' title='bbox 2652 1126 2833 1181; x_wconf 87' lang='lat' dir='ltr'><strong>radios</strong></span> <span class='ocrx_word' id='word_1_302' title='bbox 2897 1134 2953 1179; x_wconf 89' lang='lat' dir='ltr'><strong>et</strong></span> <span class='ocrx_word' id='word_1_303' title='bbox 3010 1124 3238 1194; x_wconf 76' lang='lat' dir='ltr'><strong>mystice</strong></span> <span class='ocrx_word' id='word_1_304' title='bbox 3287 1122 3638 1175; x_wconf 77' lang='lat' dir='ltr'><strong>emittuntzct</strong></span> 
     </span>
    </p>
   </div>
   <div class='ocr_carea' id='block_1_41' title="bbox 2131 1210 3638 1287">
    <p class='ocr_par' dir='ltr' id='par_1_41' title="bbox 2131 1210 3638 1287">
     <span class='ocr_line' id='line_1_41' title="bbox 2131 1210 3638 1287; baseline -0.006 -16"><span class='ocrx_word' id='word_1_305' title='bbox 2131 1220 2421 1273; x_wconf 86' lang='lat' dir='ltr'><strong>universus</strong></span> <span class='ocrx_word' id='word_1_306' title='bbox 2467 1219 2725 1282; x_wconf 83' lang='lat' dir='ltr'><strong>mundus,</strong></span> <span class='ocrx_word' id='word_1_307' title='bbox 2759 1216 2851 1287; x_wconf 89' lang='lat' dir='ltr'><strong>qui</strong></span> <span class='ocrx_word' id='word_1_308' title='bbox 2882 1226 3115 1287; x_wconf 88' lang='lat' dir='ltr'><strong>quatuor</strong></span> <span class='ocrx_word' id='word_1_309' title='bbox 3144 1214 3442 1270; x_wconf 89' lang='lat' dir='ltr'><strong>continetur</strong></span> <span class='ocrx_word' id='word_1_310' title='bbox 3462 1210 3638 1273; x_wconf 81' lang='lat' dir='ltr'><strong>ﬁnibus,</strong></span> 
     </span>
    </p>
   </div>
   <div class='ocr_carea' id='block_1_42' title="bbox 2133 1304 3647 1378">
    <p class='ocr_par' dir='ltr' id='par_1_42' title="bbox 2133 1304 3647 1378">
     <span class='ocr_line' id='line_1_42' title="bbox 2133 1304 3647 1378; baseline -0.006 -11"><span class='ocrx_word' id='word_1_311' title='bbox 2133 1325 2429 1367; x_wconf 84' lang='lat' dir='ltr'><strong>renovatur</strong></span> <span class='ocrx_word' id='word_1_312' title='bbox 2450 1320 2502 1367; x_wconf 90' lang='lat' dir='ltr'><strong>et</strong></span> <span class='ocrx_word' id='word_1_313' title='bbox 2539 1311 2865 1367; x_wconf 87' lang='lat' dir='ltr'><strong>illustratur.</strong></span> <span class='ocrx_word' id='word_1_314' title='bbox 2922 1309 2985 1364; x_wconf 86' lang='lat' dir='ltr'><strong>Et</strong></span> <span class='ocrx_word' id='word_1_315' title='bbox 3039 1307 3210 1378; x_wconf 81' lang='lat' dir='ltr'><strong>gloria</strong></span> <span class='ocrx_word' id='word_1_316' title='bbox 3256 1308 3326 1360; x_wconf 90' lang='lat' dir='ltr'><strong>sit</strong></span> <span class='ocrx_word' id='word_1_317' title='bbox 3357 1307 3423 1367; x_wconf 91' lang='lat' dir='ltr'><strong>ei,</strong></span> <span class='ocrx_word' id='word_1_318' title='bbox 3459 1304 3647 1375; x_wconf 86' lang='lat' dir='ltr'><strong>quinos</strong></span> 
     </span>
    </p>
   </div>
   <div class='ocr_carea' id='block_1_43' title="bbox 2131 1396 3620 1473">
    <p class='ocr_par' dir='ltr' id='par_1_43' title="bbox 2131 1396 3620 1473">
     <span class='ocr_line' id='line_1_43' title="bbox 2131 1396 3620 1473; baseline -0.005 -14"><span class='ocrx_word' id='word_1_319' title='bbox 2131 1404 2321 1473; x_wconf 84' lang='lat' dir='ltr'><strong>implet</strong></span> <span class='ocrx_word' id='word_1_320' title='bbox 2374 1403 2427 1458; x_wconf 94' lang='lat' dir='ltr'><strong>in</strong></span> <span class='ocrx_word' id='word_1_321' title='bbox 2491 1403 2652 1460; x_wconf 87' lang='lat' dir='ltr'><strong>bonis</strong></span> <span class='ocrx_word' id='word_1_322' title='bbox 2676 1403 2957 1470; x_wconf 89' lang='lat' dir='ltr'><strong>omnibus,</strong></span> <span class='ocrx_word' id='word_1_323' title='bbox 2985 1401 3052 1456; x_wconf 90' lang='lat' dir='ltr'><strong>ad</strong></span> <span class='ocrx_word' id='word_1_324' title='bbox 3105 1399 3328 1470; x_wconf 77' lang='lat' dir='ltr'><strong>gloriam</strong></span> <span class='ocrx_word' id='word_1_325' title='bbox 3370 1412 3471 1453; x_wconf 65' lang='lat' dir='ltr'><strong>sua:</strong></span> <span class='ocrx_word' id='word_1_326' title='bbox 3518 1396 3620 1452; x_wconf 87' lang='lat' dir='ltr'><strong>boni</strong></span> 
     </span>
    </p>
   </div>
   <div class='ocr_carea' id='block_1_44' title="bbox 2134 1495 2279 1548">
    <p class='ocr_par' dir='ltr' id='par_1_44' title="bbox 2134 1495 2279 1548">
     <span class='ocr_line' id='line_1_44' title="bbox 2134 1495 2279 1548; baseline 0 0"><span class='ocrx_word' id='word_1_327' title='bbox 2134 1495 2279 1548; x_wconf 88' lang='lat' dir='ltr'><strong>tatis.</strong></span> 
     </span>
    </p>
   </div>
   <div class='ocr_carea' id='block_1_45' title="bbox 2204 1585 3638 1657">
    <p class='ocr_par' dir='ltr' id='par_1_45' title="bbox 2204 1585 3638 1657">
     <span class='ocr_line' id='line_1_45' title="bbox 2204 1585 3638 1657; baseline -0.003 -17"><span class='ocrx_word' id='word_1_328' title='bbox 2204 1585 2348 1641; x_wconf 62' lang='grc' dir='ltr'>λιιι.</span> <span class='ocrx_word' id='word_1_329' title='bbox 2382 1585 2552 1643; x_wconf 84' lang='lat' dir='ltr'><strong>Hodie</strong></span> <span class='ocrx_word' id='word_1_330' title='bbox 2575 1586 2910 1657; x_wconf 81' lang='lat' dir='ltr'><strong>gioriiicetur</strong></span> <span class='ocrx_word' id='word_1_331' title='bbox 2964 1601 3124 1644; x_wconf 84' lang='lat' dir='ltr'><strong>zona.</strong></span> <span class='ocrx_word' id='word_1_332' title='bbox 3163 1602 3255 1656; x_wconf 87' lang='lat' dir='ltr'><strong>per</strong></span> <span class='ocrx_word' id='word_1_333' title='bbox 3284 1600 3434 1655; x_wconf 89' lang='lat' dir='ltr'><strong>quam</strong></span> <span class='ocrx_word' id='word_1_334' title='bbox 3467 1590 3638 1635; x_wconf 85' lang='lat' dir='ltr'><strong>montes</strong></span> 
     </span>
    </p>
   </div>
   <div class='ocr_carea' id='block_1_46' title="bbox 2133 1673 3645 1747">
    <p class='ocr_par' dir='ltr' id='par_1_46' title="bbox 2133 1673 3645 1747">
     <span class='ocr_line' id='line_1_46' title="bbox 2133 1673 3645 1747; baseline -0.007 -14"><span class='ocrx_word' id='word_1_335' title='bbox 2133 1680 2415 1746; x_wconf 81' lang='lat' dir='ltr'><strong>exsiliunt,</strong></span> <span class='ocrx_word' id='word_1_336' title='bbox 2471 1690 2529 1735; x_wconf 89' lang='lat' dir='ltr'><strong>et</strong></span> <span class='ocrx_word' id='word_1_337' title='bbox 2585 1679 2936 1747; x_wconf 87' lang='lat' dir='ltr'><strong>tranquillum</strong></span> <span class='ocrx_word' id='word_1_338' title='bbox 2975 1693 3125 1732; x_wconf 90' lang='lat' dir='ltr'><strong>mare</strong></span> <span class='ocrx_word' id='word_1_339' title='bbox 3160 1678 3395 1732; x_wconf 84' lang='lat' dir='ltr'><strong>subridet</strong></span> <span class='ocrx_word' id='word_1_340' title='bbox 3448 1673 3645 1743; x_wconf 80' lang='lat' dir='ltr'><strong>placide,</strong></span> 
     </span>
    </p>
   </div>
   <div class='ocr_carea' id='block_1_47' title="bbox 2129 1754 3637 1840">
    <p class='ocr_par' dir='ltr' id='par_1_47' title="bbox 2129 1754 3637 1840">
     <span class='ocr_line' id='line_1_47' title="bbox 2129 1754 3637 1840; baseline -0.008 -14"><span class='ocrx_word' id='word_1_341' title='bbox 2129 1785 2428 1840; x_wconf 84' lang='lat' dir='ltr'><strong>omnesque</strong></span> <span class='ocrx_word' id='word_1_342' title='bbox 2465 1769 2956 1834; x_wconf 88' lang='lat' dir='ltr'><strong>summeditantur,</strong></span> <span class='ocrx_word' id='word_1_343' title='bbox 2992 1777 3049 1824; x_wconf 92' lang='lat' dir='ltr'><strong>et</strong></span> <span class='ocrx_word' id='word_1_344' title='bbox 3073 1767 3253 1822; x_wconf 70' lang='lat' dir='ltr'><strong>laetitia</strong></span> <span class='ocrx_word' id='word_1_345' title='bbox 3275 1754 3565 1826; x_wconf 73' lang='lat' dir='ltr'><strong>adiciuntur,</strong></span> <span class='ocrx_word' id='word_1_346' title='bbox 3588 1761 3637 1814; x_wconf 84' lang='lat' dir='ltr'><strong>ad</strong></span> 
     </span>
    </p>
   </div>
   <div class='ocr_carea' id='block_1_48' title="bbox 2130 1855 3637 1932">
    <p class='ocr_par' dir='ltr' id='par_1_48' title="bbox 2130 1855 3637 1932">
     <span class='ocr_line' id='line_1_48' title="bbox 2130 1855 3637 1932; baseline -0.008 -18"><span class='ocrx_word' id='word_1_347' title='bbox 2130 1864 2355 1932; x_wconf 82' lang='lat' dir='ltr'><strong>gloriam</strong></span> <span class='ocrx_word' id='word_1_348' title='bbox 2382 1863 2523 1929; x_wconf 82' lang='lat' dir='ltr'><strong>ejus,</strong></span> <span class='ocrx_word' id='word_1_349' title='bbox 2556 1877 2678 1932; x_wconf 67' lang='lat' dir='ltr'><strong>qum</strong></span> <span class='ocrx_word' id='word_1_350' title='bbox 2712 1872 2795 1915; x_wconf 90' lang='lat' dir='ltr'><strong>est</strong></span> <span class='ocrx_word' id='word_1_351' title='bbox 2825 1874 3049 1930; x_wconf 87' lang='lat' dir='ltr'><strong>semper</strong></span> <span class='ocrx_word' id='word_1_352' title='bbox 3089 1858 3262 1927; x_wconf 77' lang='lat' dir='ltr'><strong>virgo,</strong></span> <span class='ocrx_word' id='word_1_353' title='bbox 3296 1866 3348 1911; x_wconf 89' lang='lat' dir='ltr'><strong>et</strong></span> <span class='ocrx_word' id='word_1_354' title='bbox 3373 1855 3457 1910; x_wconf 88' lang='lat' dir='ltr'><strong>Dei</strong></span> <span class='ocrx_word' id='word_1_355' title='bbox 3486 1860 3637 1907; x_wconf 78' lang='lat' dir='ltr'><strong>mater.</strong></span> 
     </span>
    </p>
   </div>
   <div class='ocr_carea' id='block_1_49' title="bbox 2131 1946 3640 2023">
    <p class='ocr_par' dir='ltr' id='par_1_49' title="bbox 2131 1946 3640 2023">
     <span class='ocr_line' id='line_1_49' title="bbox 2131 1946 3640 2023; baseline -0.01 -15"><span class='ocrx_word' id='word_1_356' title='bbox 2131 1954 2304 2009; x_wconf 81' lang='lat' dir='ltr'><strong>Hodie</strong></span> <span class='ocrx_word' id='word_1_357' title='bbox 2332 1969 2467 2008; x_wconf 80' lang='lat' dir='ltr'><strong>zona</strong></span> <span class='ocrx_word' id='word_1_358' title='bbox 2512 1952 2869 2023; x_wconf 80' lang='lat' dir='ltr'><strong>gloriﬁcetur,</strong></span> <span class='ocrx_word' id='word_1_359' title='bbox 2902 1967 2998 2022; x_wconf 85' lang='lat' dir='ltr'><strong>per</strong></span> <span class='ocrx_word' id='word_1_360' title='bbox 3026 1967 3190 2021; x_wconf 86' lang='lat' dir='ltr'><strong>quam</strong></span> <span class='ocrx_word' id='word_1_361' title='bbox 3222 1950 3421 2020; x_wconf 85' lang='lat' dir='ltr'><strong>pulchri</strong></span> <span class='ocrx_word' id='word_1_362' title='bbox 3454 1946 3640 2000; x_wconf 81' lang='lat' dir='ltr'><strong>evadunt</strong></span> 
     </span>
    </p>
   </div>
   <div class='ocr_carea' id='block_1_50' title="bbox 2130 2035 3648 2110">
    <p class='ocr_par' dir='ltr' id='par_1_50' title="bbox 2130 2035 3648 2110">
     <span class='ocr_line' id='line_1_50' title="bbox 2130 2035 3648 2110; baseline -0.009 -11"><span class='ocrx_word' id='word_1_363' title='bbox 2130 2044 2302 2105; x_wconf 79' lang='lat' dir='ltr'><strong>ﬂuvii,</strong></span> <span class='ocrx_word' id='word_1_364' title='bbox 2338 2055 2394 2099; x_wconf 92' lang='lat' dir='ltr'><strong>et</strong></span> <span class='ocrx_word' id='word_1_365' title='bbox 2424 2042 2527 2099; x_wconf 91' lang='lat' dir='ltr'><strong>soli</strong></span> <span class='ocrx_word' id='word_1_366' title='bbox 2577 2041 2876 2110; x_wconf 70' lang='lat' dir='ltr'><strong>subiectam</strong></span> <span class='ocrx_word' id='word_1_367' title='bbox 2909 2052 3118 2096; x_wconf 89' lang='lat' dir='ltr'><strong>terram</strong></span> <span class='ocrx_word' id='word_1_368' title='bbox 3164 2044 3356 2108; x_wconf 82' lang='lat' dir='ltr'><strong>rigant,</strong></span> <span class='ocrx_word' id='word_1_369' title='bbox 3380 2050 3429 2093; x_wconf 88' lang='lat' dir='ltr'><strong>et</strong></span> <span class='ocrx_word' id='word_1_370' title='bbox 3456 2035 3648 2091; x_wconf 76' lang='lat' dir='ltr'><strong>iertilenr</strong></span> 
     </span>
    </p>
   </div>
   <div class='ocr_carea' id='block_1_51' title="bbox 2130 2124 3637 2205">
    <p class='ocr_par' dir='ltr' id='par_1_51' title="bbox 2130 2124 3637 2205">
     <span class='ocr_line' id='line_1_51' title="bbox 2130 2124 3637 2205; baseline -0.01 -14"><span class='ocrx_word' id='word_1_371' title='bbox 2130 2137 2370 2191; x_wconf 86' lang='lat' dir='ltr'><strong>ciliciunt</strong></span> <span class='ocrx_word' id='word_1_372' title='bbox 2402 2152 2419 2191; x_wconf 87' lang='lat'><strong>:</strong></span> <span class='ocrx_word' id='word_1_373' title='bbox 2462 2146 2518 2190; x_wconf 90' lang='lat' dir='ltr'><strong>et</strong></span> <span class='ocrx_word' id='word_1_374' title='bbox 2579 2134 2751 2205; x_wconf 85' lang='lat' dir='ltr'><strong>gloria</strong></span> <span class='ocrx_word' id='word_1_375' title='bbox 2785 2135 2859 2189; x_wconf 89' lang='lat' dir='ltr'><strong>sit</strong></span> <span class='ocrx_word' id='word_1_376' title='bbox 2884 2134 2958 2200; x_wconf 88' lang='lat' dir='ltr'><strong>ei,</strong></span> <span class='ocrx_word' id='word_1_377' title='bbox 2991 2135 3088 2201; x_wconf 80' lang='lat' dir='ltr'><strong>qui</strong></span> <span class='ocrx_word' id='word_1_378' title='bbox 3121 2147 3215 2188; x_wconf 85' lang='lat' dir='ltr'><strong>eos</strong></span> <span class='ocrx_word' id='word_1_379' title='bbox 3240 2132 3375 2201; x_wconf 88' lang='lat' dir='ltr'><strong>regit</strong></span> <span class='ocrx_word' id='word_1_380' title='bbox 3402 2139 3451 2184; x_wconf 89' lang='lat' dir='ltr'><strong>et</strong></span> <span class='ocrx_word' id='word_1_381' title='bbox 3494 2141 3572 2182; x_wconf 90' lang='lat' dir='ltr'><strong>nos</strong></span> <span class='ocrx_word' id='word_1_382' title='bbox 3597 2124 3637 2176; x_wconf 91' lang='lat' dir='ltr'><strong>in</strong></span> 
     </span>
    </p>
   </div>
   <div class='ocr_carea' id='block_1_52' title="bbox 2130 2215 3640 2293">
    <p class='ocr_par' dir='ltr' id='par_1_52' title="bbox 2130 2215 3640 2293">
     <span class='ocr_line' id='line_1_52' title="bbox 2130 2215 3640 2293; baseline -0.005 -12"><span class='ocrx_word' id='word_1_383' title='bbox 2130 2228 2381 2281; x_wconf 79' lang='lat' dir='ltr'><strong>(ttltliiililS</strong></span> <span class='ocrx_word' id='word_1_384' title='bbox 2405 2226 2665 2291; x_wconf 65' lang='lat' dir='ltr'><strong>laetiﬁcat,</strong></span> <span class='ocrx_word' id='word_1_385' title='bbox 2691 2236 2746 2280; x_wconf 88' lang='lat' dir='ltr'><strong>et</strong></span> <span class='ocrx_word' id='word_1_386' title='bbox 2769 2227 2987 2293; x_wconf 84' lang='lat' dir='ltr'><strong>cupiose</strong></span> <span class='ocrx_word' id='word_1_387' title='bbox 3018 2223 3136 2279; x_wconf 89' lang='lat' dir='ltr'><strong>alit.</strong></span> <span class='ocrx_word' id='word_1_388' title='bbox 3157 2215 3321 2278; x_wconf 83' lang='lat' dir='ltr'><strong>Hodie</strong></span> <span class='ocrx_word' id='word_1_389' title='bbox 3345 2227 3640 2288; x_wconf 64' lang='lat' dir='ltr'><strong>proponatur.</strong></span> 
     </span>
    </p>
   </div>
   <div class='ocr_carea' id='block_1_53' title="bbox 2132 2309 3641 2382">
    <p class='ocr_par' dir='ltr' id='par_1_53' title="bbox 2132 2309 3641 2382">
     <span class='ocr_line' id='line_1_53' title="bbox 2132 2309 3641 2382; baseline -0.01 -11"><span class='ocrx_word' id='word_1_390' title='bbox 2132 2319 2428 2372; x_wconf 86' lang='lat' dir='ltr'><strong>lmnoretur</strong></span> <span class='ocrx_word' id='word_1_391' title='bbox 2480 2325 2536 2371; x_wconf 90' lang='lat' dir='ltr'><strong>et</strong></span> <span class='ocrx_word' id='word_1_392' title='bbox 2587 2315 2847 2371; x_wconf 90' lang='lat' dir='ltr'><strong>adoretur</strong></span> <span class='ocrx_word' id='word_1_393' title='bbox 2888 2330 3054 2380; x_wconf 83' lang='lat' dir='ltr'><strong>zona,</strong></span> <span class='ocrx_word' id='word_1_394' title='bbox 3100 2330 3217 2382; x_wconf 86' lang='lat' dir='ltr'><strong>quae</strong></span> <span class='ocrx_word' id='word_1_395' title='bbox 3270 2314 3433 2367; x_wconf 82' lang='lat' dir='ltr'><strong>divina</strong></span> <span class='ocrx_word' id='word_1_396' title='bbox 3483 2309 3641 2362; x_wconf 79' lang='lat' dir='ltr'><strong>virtute</strong></span> 
     </span>
    </p>
   </div>
   <div class='ocr_carea' id='block_1_54' title="bbox 2130 2396 3638 2477">
    <p class='ocr_par' dir='ltr' id='par_1_54' title="bbox 2130 2396 3638 2477">
     <span class='ocr_line' id='line_1_54' title="bbox 2130 2396 3638 2477; baseline -0.009 -14"><span class='ocrx_word' id='word_1_397' title='bbox 2130 2409 2299 2465; x_wconf 65' lang='lat' dir='ltr'><strong>caelos</strong></span> <span class='ocrx_word' id='word_1_398' title='bbox 2328 2415 2571 2477; x_wconf 87' lang='lat' dir='ltr'><strong>supcrat,</strong></span> <span class='ocrx_word' id='word_1_399' title='bbox 2604 2412 2655 2461; x_wconf 90' lang='lat' dir='ltr'><strong>et</strong></span> <span class='ocrx_word' id='word_1_400' title='bbox 2695 2405 3011 2475; x_wconf 89' lang='lat' dir='ltr'><strong>resplendet</strong></span> <span class='ocrx_word' id='word_1_401' title='bbox 3050 2405 3330 2475; x_wconf 77' lang='lat' dir='ltr'><strong>plusquam</strong></span> <span class='ocrx_word' id='word_1_402' title='bbox 3382 2399 3497 2454; x_wconf 84' lang='lat' dir='ltr'><strong>radii</strong></span> <span class='ocrx_word' id='word_1_403' title='bbox 3527 2396 3638 2453; x_wconf 77' lang='lat' dir='ltr'><strong>sola-</strong></span> 
     </span>
    </p>
   </div>
   <div class='ocr_carea' id='block_1_55' title="bbox 2132 2495 3638 2568">
    <p class='ocr_par' dir='ltr' id='par_1_55' title="bbox 2132 2495 3638 2568">
     <span class='ocr_line' id='line_1_55' title="bbox 2132 2495 3638 2568; baseline -0.012 -13"><span class='ocrx_word' id='word_1_404' title='bbox 2132 2516 2241 2566; x_wconf 84' lang='lat' dir='ltr'><strong>rcs,</strong></span> <span class='ocrx_word' id='word_1_405' title='bbox 2273 2509 2569 2568; x_wconf 86' lang='lat' dir='ltr'><strong>manetque</strong></span> <span class='ocrx_word' id='word_1_406' title='bbox 2601 2497 2816 2567; x_wconf 89' lang='lat' dir='ltr'><strong>integra</strong></span> <span class='ocrx_word' id='word_1_407' title='bbox 2837 2506 2891 2552; x_wconf 86' lang='lat' dir='ltr'><strong>et</strong></span> <span class='ocrx_word' id='word_1_408' title='bbox 2916 2498 3129 2550; x_wconf 85' lang='lat' dir='ltr'><strong>intacta</strong></span> <span class='ocrx_word' id='word_1_409' title='bbox 3162 2495 3492 2566; x_wconf 84' lang='lat' dir='ltr'><strong>plurimorum</strong></span> <span class='ocrx_word' id='word_1_410' title='bbox 3514 2501 3638 2541; x_wconf 83' lang='lat' dir='ltr'><strong>anno-</strong></span> 
     </span>
    </p>
   </div>
   <div class='ocr_carea' id='block_1_56' title="bbox 2134 2586 3647 2657">
    <p class='ocr_par' dir='ltr' id='par_1_56' title="bbox 2134 2586 3647 2657">
     <span class='ocr_line' id='line_1_56' title="bbox 2134 2586 3647 2657; baseline -0.009 -14"><span class='ocrx_word' id='word_1_411' title='bbox 2134 2605 2248 2643; x_wconf 90' lang='lat' dir='ltr'><strong>rum</strong></span> <span class='ocrx_word' id='word_1_412' title='bbox 2274 2586 2586 2654; x_wconf 89' lang='lat' dir='ltr'><strong>cnrricuiis,</strong></span> <span class='ocrx_word' id='word_1_413' title='bbox 2638 2588 3131 2657; x_wconf 78' lang='lat' dir='ltr'><strong>noningentorum,</strong></span> <span class='ocrx_word' id='word_1_414' title='bbox 3171 2591 3399 2657; x_wconf 83' lang='lat' dir='ltr'><strong>inquam,</strong></span> <span class='ocrx_word' id='word_1_415' title='bbox 3433 2593 3513 2636; x_wconf 79' lang='lat' dir='ltr'><strong>aut</strong></span> <span class='ocrx_word' id='word_1_416' title='bbox 3550 2593 3647 2632; x_wconf 78' lang='lat' dir='ltr'><strong>atu-</strong></span> 
     </span>
    </p>
   </div>
   <div class='ocr_carea' id='block_1_57' title="bbox 2205 2758 3640 2836">
    <p class='ocr_par' dir='ltr' id='par_1_57' title="bbox 2205 2758 3640 2836">
     <span class='ocr_line' id='line_1_57' title="bbox 2205 2758 3640 2836; baseline -0.008 -14"><span class='ocrx_word' id='word_1_417' title='bbox 2205 2767 2344 2822; x_wconf 81' lang='lat' dir='ltr'><strong>XIV.</strong></span> <span class='ocrx_word' id='word_1_418' title='bbox 2380 2766 2425 2821; x_wconf 91' lang='grc' dir='ltr'><strong>Ο</strong></span> <span class='ocrx_word' id='word_1_419' title='bbox 2487 2764 2581 2819; x_wconf 86' lang='lat' dir='ltr'><strong>Dei</strong></span> <span class='ocrx_word' id='word_1_420' title='bbox 2658 2765 2940 2836; x_wconf 84' lang='lat' dir='ltr'><strong>mysteria,</strong></span> <span class='ocrx_word' id='word_1_421' title='bbox 3004 2782 3136 2834; x_wconf 62' lang='lat' dir='ltr'><strong>quae</strong></span> <span class='ocrx_word' id='word_1_422' title='bbox 3194 2758 3533 2832; x_wconf 85' lang='lat' dir='ltr'><strong>comprehendi</strong></span> <span class='ocrx_word' id='word_1_423' title='bbox 3572 2772 3640 2811; x_wconf 59' lang='lat' dir='ltr'><strong>ne</strong></span> 
     </span>
    </p>
   </div>
   <div class='ocr_carea' id='block_1_58' title="bbox 2130 2847 3637 2930">
    <p class='ocr_par' dir='ltr' id='par_1_58' title="bbox 2130 2847 3637 2930">
     <span class='ocr_line' id='line_1_58' title="bbox 2130 2847 3637 2930; baseline -0.01 -14"><span class='ocrx_word' id='word_1_424' title='bbox 2130 2873 2336 2930; x_wconf 88' lang='lat' dir='ltr'><strong>queunt</strong></span> <span class='ocrx_word' id='word_1_425' title='bbox 2365 2881 2378 2917; x_wconf 88' lang='lat'><strong>:</strong></span> <span class='ocrx_word' id='word_1_426' title='bbox 2405 2878 2438 2916; x_wconf 94' lang='lat' dir='ltr'><strong>o</strong></span> <span class='ocrx_word' id='word_1_427' title='bbox 2466 2861 2604 2915; x_wconf 88' lang='lat' dir='ltr'><strong>dona</strong></span> <span class='ocrx_word' id='word_1_428' title='bbox 2637 2858 2775 2930; x_wconf 86' lang='lat' dir='ltr'><strong>ejus,</strong></span> <span class='ocrx_word' id='word_1_429' title='bbox 2805 2874 2924 2928; x_wconf 75' lang='lat' dir='ltr'><strong>qua:</strong></span> <span class='ocrx_word' id='word_1_430' title='bbox 2956 2874 3060 2912; x_wconf 91' lang='lat' dir='ltr'><strong>non</strong></span> <span class='ocrx_word' id='word_1_431' title='bbox 3106 2865 3323 2930; x_wconf 85' lang='lat' dir='ltr'><strong>possunt</strong></span> <span class='ocrx_word' id='word_1_432' title='bbox 3344 2847 3637 2922; x_wconf 68' lang='lat' dir='ltr'><strong>investigarit</strong></span> 
     </span>
    </p>
   </div>
   <div class='ocr_carea' id='block_1_59' title="bbox 2130 2946 3642 3022">
    <p class='ocr_par' dir='ltr' id='par_1_59' title="bbox 2130 2946 3642 3022">
     <span class='ocr_line' id='line_1_59' title="bbox 2130 2946 3642 3022; baseline -0.011 -15"><span class='ocrx_word' id='word_1_433' title='bbox 2130 2952 2293 3022; x_wconf 74' lang='lat' dir='ltr'><strong>Papm</strong></span> <span class='ocrx_word' id='word_1_434' title='bbox 2327 2964 2498 3017; x_wconf 88' lang='lat' dir='ltr'><strong>tuam,</strong></span> <span class='ocrx_word' id='word_1_435' title='bbox 2536 2966 2566 3004; x_wconf 94' lang='grc' dir='ltr'>ο</span> <span class='ocrx_word' id='word_1_436' title='bbox 2609 2952 2951 3014; x_wconf 79' lang='lat' dir='ltr'><strong>intemerata,</strong></span> <span class='ocrx_word' id='word_1_437' title='bbox 2998 2948 3343 3016; x_wconf 60' lang='lat' dir='ltr'><strong>posentiam!</strong></span> <span class='ocrx_word' id='word_1_438' title='bbox 3375 2946 3499 3014; x_wconf 78' lang='lat' dir='ltr'><strong>Papa:</strong></span> <span class='ocrx_word' id='word_1_439' title='bbox 3523 2951 3642 2995; x_wconf 81' lang='lat' dir='ltr'><strong>tuam-</strong></span> 
     </span>
    </p>
   </div>
   <div class='ocr_carea' id='block_1_60' title="bbox 450 3028 3642 3123">
    <p class='ocr_par' dir='ltr' id='par_1_60' title="bbox 450 3028 3642 3123">
     <span class='ocr_line' id='line_1_60' title="bbox 450 3028 3642 3123; baseline -0.002 -24"><span class='ocrx_word' id='word_1_440' title='bbox 450 3046 594 3115; x_wconf 88' lang='lat' dir='ltr'><strong>quod</strong></span> <span class='ocrx_word' id='word_1_441' title='bbox 619 3044 740 3113; x_wconf 85' lang='lat' dir='ltr'><strong>quis</strong></span> <span class='ocrx_word' id='word_1_442' title='bbox 768 3053 1013 3099; x_wconf 83' lang='lat' dir='ltr'><strong>versatus</strong></span> <span class='ocrx_word' id='word_1_443' title='bbox 1035 3059 1155 3097; x_wconf 89' lang='lat' dir='ltr'><strong>cum</strong></span> <span class='ocrx_word' id='word_1_444' title='bbox 1183 3041 1407 3112; x_wconf 83' lang='lat' dir='ltr'><strong>angelis,</strong></span> <span class='ocrx_word' id='word_1_445' title='bbox 1429 3057 1547 3111; x_wconf 67' lang='lat' dir='ltr'><strong>qnze</strong></span> <span class='ocrx_word' id='word_1_446' title='bbox 1578 3042 1687 3094; x_wconf 88' lang='lat' dir='ltr'><strong>illic</strong></span> <span class='ocrx_word' id='word_1_447' title='bbox 1714 3050 1840 3094; x_wconf 88' lang='lat' dir='ltr'><strong>sunt</strong></span> <span class='ocrx_word' id='word_1_448' title='bbox 1862 3041 2024 3109; x_wconf 80' lang='lat' dir='ltr'><strong>bona,</strong></span> <span class='ocrx_word' id='word_1_449' title='bbox 2058 3066 2100 3123; x_wconf 71' lang='grc' dir='ltr'>ο</span> <span class='ocrx_word' id='word_1_450' title='bbox 2134 3044 2199 3096; x_wconf 89' lang='lat' dir='ltr'><strong>ad</strong></span> <span class='ocrx_word' id='word_1_451' title='bbox 2229 3042 2420 3097; x_wconf 82' lang='lat' dir='ltr'><strong>Filium</strong></span> <span class='ocrx_word' id='word_1_452' title='bbox 2456 3050 2608 3095; x_wconf 85' lang='lat' dir='ltr'><strong>tuum</strong></span> <span class='ocrx_word' id='word_1_453' title='bbox 2644 3044 2848 3108; x_wconf 77' lang='lat' dir='ltr'><strong>absque</strong></span> <span class='ocrx_word' id='word_1_454' title='bbox 2880 3039 2987 3093; x_wconf 90' lang='lat' dir='ltr'><strong>ullo</strong></span> <span class='ocrx_word' id='word_1_455' title='bbox 3019 3039 3385 3095; x_wconf 72' lang='lat' dir='ltr'><strong>intercessore</strong></span> <span class='ocrx_word' id='word_1_456' title='bbox 3413 3028 3642 3089; x_wconf 52' lang='lat' dir='ltr'><strong>ﬁduciam?</strong></span> 
     </span>
    </p>
   </div>
   <div class='ocr_carea' id='block_1_61' title="bbox 450 3135 2030 3206">
    <p class='ocr_par' dir='ltr' id='par_1_61' title="bbox 450 3135 2030 3206">
     <span class='ocr_line' id='line_1_61' title="bbox 450 3135 2030 3206; baseline -0.002 -16"><span class='ocrx_word' id='word_1_457' title='bbox 450 3138 629 3191; x_wconf 84' lang='lat' dir='ltr'><strong>videat</strong></span> <span class='ocrx_word' id='word_1_458' title='bbox 658 3137 1032 3206; x_wconf 85' lang='lat' dir='ltr'><strong>intelligentia,</strong></span> <span class='ocrx_word' id='word_1_459' title='bbox 1063 3146 1119 3190; x_wconf 92' lang='lat' dir='ltr'><strong>et</strong></span> <span class='ocrx_word' id='word_1_460' title='bbox 1146 3136 1197 3189; x_wconf 89' lang='lat' dir='ltr'><strong>in</strong></span> <span class='ocrx_word' id='word_1_461' title='bbox 1246 3137 1310 3189; x_wconf 89' lang='lat' dir='ltr'><strong>iis</strong></span> <span class='ocrx_word' id='word_1_462' title='bbox 1342 3151 1403 3190; x_wconf 88' lang='lat' dir='ltr'><strong>se</strong></span> <span class='ocrx_word' id='word_1_463' title='bbox 1434 3135 1658 3188; x_wconf 89' lang='lat' dir='ltr'><strong>omnino</strong></span> <span class='ocrx_word' id='word_1_464' title='bbox 1690 3136 1942 3187; x_wconf 80' lang='lat' dir='ltr'><strong>extendat</strong></span> <span class='ocrx_word' id='word_1_465' title='bbox 1974 3144 2030 3187; x_wconf 88' lang='lat' dir='ltr'><strong>et</strong></span> 
     </span>
    </p>
   </div>
   <div class='ocr_carea' id='block_1_62' title="bbox 451 3227 2027 3297">
    <p class='ocr_par' dir='ltr' id='par_1_62' title="bbox 451 3227 2027 3297">
     <span class='ocr_line' id='line_1_62' title="bbox 451 3227 2027 3297; baseline -0.006 -10"><span class='ocrx_word' id='word_1_466' title='bbox 451 3229 727 3287; x_wconf 70' lang='lat' dir='ltr'><strong>oblectet?</strong></span> <span class='ocrx_word' id='word_1_467' title='bbox 755 3230 983 3285; x_wconf 87' lang='lat' dir='ltr'><strong>Abunde</strong></span> <span class='ocrx_word' id='word_1_468' title='bbox 1016 3230 1158 3282; x_wconf 86' lang='lat' dir='ltr'><strong>enim</strong></span> <span class='ocrx_word' id='word_1_469' title='bbox 1190 3229 1369 3283; x_wconf 85' lang='lat' dir='ltr'><strong>divina</strong></span> <span class='ocrx_word' id='word_1_470' title='bbox 1419 3228 1592 3297; x_wconf 80' lang='lat' dir='ltr'><strong>gratia</strong></span> <span class='ocrx_word' id='word_1_471' title='bbox 1644 3227 2027 3297; x_wconf 67' lang='lat' dir='ltr'><strong>benignitatem</strong></span> 
     </span>
    </p>
   </div>
   <div class='ocr_carea' id='block_1_63' title="bbox 453 3320 2028 3391">
    <p class='ocr_par' dir='ltr' id='par_1_63' title="bbox 453 3320 2028 3391">
     <span class='ocr_line' id='line_1_63' title="bbox 453 3320 2028 3391; baseline -0.005 -11"><span class='ocrx_word' id='word_1_472' title='bbox 453 3338 608 3380; x_wconf 90' lang='lat' dir='ltr'><strong>suam</strong></span> <span class='ocrx_word' id='word_1_473' title='bbox 639 3321 840 3391; x_wconf 79' lang='lat' dir='ltr'><strong>iugiter</strong></span> <span class='ocrx_word' id='word_1_474' title='bbox 866 3320 1086 3376; x_wconf 80' lang='lat' dir='ltr'><strong>eﬂimdit</strong></span> <span class='ocrx_word' id='word_1_475' title='bbox 1119 3323 1207 3384; x_wconf 90' lang='lat' dir='ltr'><strong>iis,</strong></span> <span class='ocrx_word' id='word_1_476' title='bbox 1254 3322 1342 3390; x_wconf 90' lang='lat' dir='ltr'><strong>qui</strong></span> <span class='ocrx_word' id='word_1_477' title='bbox 1380 3335 1511 3390; x_wconf 89' lang='lat' dir='ltr'><strong>pure</strong></span> <span class='ocrx_word' id='word_1_478' title='bbox 1560 3321 1746 3373; x_wconf 84' lang='lat' dir='ltr'><strong>vivunt</strong></span> <span class='ocrx_word' id='word_1_479' title='bbox 1775 3331 1830 3373; x_wconf 88' lang='lat' dir='ltr'><strong>et</strong></span> <span class='ocrx_word' id='word_1_480' title='bbox 1861 3334 2028 3374; x_wconf 82' lang='lat' dir='ltr'><strong>cvan-</strong></span> 
     </span>
    </p>
   </div>
   <div class='ocr_carea' id='block_1_64' title="bbox 452 3411 2031 3487">
    <p class='ocr_par' dir='ltr' id='par_1_64' title="bbox 452 3411 2031 3487">
     <span class='ocr_line' id='line_1_64' title="bbox 452 3411 2031 3487; baseline -0.003 -17"><span class='ocrx_word' id='word_1_481' title='bbox 452 3416 646 3485; x_wconf 71' lang='lat' dir='ltr'><strong>geiice.</strong></span> <span class='ocrx_word' id='word_1_482' title='bbox 682 3414 793 3487; x_wconf 87' lang='lat' dir='ltr'><strong>Ego</strong></span> <span class='ocrx_word' id='word_1_483' title='bbox 822 3415 967 3469; x_wconf 88' lang='lat' dir='ltr'><strong>enim</strong></span> <span class='ocrx_word' id='word_1_484' title='bbox 1001 3414 1211 3486; x_wconf 75' lang='lat' dir='ltr'><strong>(inquit</strong></span> <span class='ocrx_word' id='word_1_485' title='bbox 1256 3430 1406 3469; x_wconf 89' lang='lat' dir='ltr'><strong>mens</strong></span> <span class='ocrx_word' id='word_1_486' title='bbox 1435 3411 1628 3478; x_wconf 84' lang='lat' dir='ltr'><strong>Jesns)</strong></span> <span class='ocrx_word' id='word_1_487' title='bbox 1665 3422 1720 3466; x_wconf 93' lang='lat' dir='ltr'><strong>et</strong></span> <span class='ocrx_word' id='word_1_488' title='bbox 1747 3413 1912 3467; x_wconf 89' lang='lat' dir='ltr'><strong>Pater</strong></span> <span class='ocrx_word' id='word_1_489' title='bbox 1938 3427 2031 3466; x_wconf 84' lang='lat' dir='ltr'><strong>ve-</strong></span> 
     </span>
    </p>
   </div>
   <div class='ocr_carea' id='block_1_65' title="bbox 452 3503 2030 3577">
    <p class='ocr_par' dir='ltr' id='par_1_65' title="bbox 452 3503 2030 3577">
     <span class='ocr_line' id='line_1_65' title="bbox 452 3503 2030 3577; baseline -0.001 -14"><span class='ocrx_word' id='word_1_490' title='bbox 452 3509 683 3574; x_wconf 79' lang='lat' dir='ltr'><strong>nicums,</strong></span> <span class='ocrx_word' id='word_1_491' title='bbox 728 3518 783 3564; x_wconf 86' lang='lat' dir='ltr'><strong>et</strong></span> <span class='ocrx_word' id='word_1_492' title='bbox 836 3508 1172 3564; x_wconf 89' lang='lat' dir='ltr'><strong>mansionem</strong></span> <span class='ocrx_word' id='word_1_493' title='bbox 1218 3508 1359 3577; x_wconf 88' lang='lat' dir='ltr'><strong>apud</strong></span> <span class='ocrx_word' id='word_1_494' title='bbox 1385 3521 1508 3561; x_wconf 90' lang='lat' dir='ltr'><strong>cum</strong></span> <span class='ocrx_word' id='word_1_495' title='bbox 1564 3503 1846 3560; x_wconf 79' lang='lat' dir='ltr'><strong>faciemus.</strong></span> <span class='ocrx_word' id='word_1_496' title='bbox 1899 3503 2030 3561; x_wconf 85' lang='lat' dir='ltr'><strong>Vide</strong></span> 
     </span>
    </p>
   </div>
   <div class='ocr_carea' id='block_1_66' title="bbox 452 3595 2029 3672">
    <p class='ocr_par' dir='ltr' id='par_1_66' title="bbox 452 3595 2029 3672">
     <span class='ocr_line' id='line_1_66' title="bbox 452 3595 2029 3672; baseline -0.004 -16"><span class='ocrx_word' id='word_1_497' title='bbox 452 3614 608 3672; x_wconf 86' lang='lat' dir='ltr'><strong>ergo,</strong></span> <span class='ocrx_word' id='word_1_498' title='bbox 637 3601 759 3655; x_wconf 89' lang='lat' dir='ltr'><strong>vide</strong></span> <span class='ocrx_word' id='word_1_499' title='bbox 812 3600 1265 3668; x_wconf 84' lang='lat' dir='ltr'><strong>quemadmodum</strong></span> <span class='ocrx_word' id='word_1_500' title='bbox 1300 3598 1625 3653; x_wconf 87' lang='lat' dir='ltr'><strong>inhabitatio</strong></span> <span class='ocrx_word' id='word_1_501' title='bbox 1658 3595 1942 3652; x_wconf 87' lang='lat' dir='ltr'><strong>Trinitatis</strong></span> <span class='ocrx_word' id='word_1_502' title='bbox 1974 3597 2029 3650; x_wconf 91' lang='lat' dir='ltr'><strong>in</strong></span> 
     </span>
    </p>
   </div>
   <div class='ocr_carea' id='block_1_67' title="bbox 456 3685 2031 3762">
    <p class='ocr_par' dir='ltr' id='par_1_67' title="bbox 456 3685 2031 3762">
     <span class='ocr_line' id='line_1_67' title="bbox 456 3685 2031 3762; baseline -0.004 -16"><span class='ocrx_word' id='word_1_503' title='bbox 456 3691 765 3749; x_wconf 88' lang='lat' dir='ltr'><strong>hominibus</strong></span> <span class='ocrx_word' id='word_1_504' title='bbox 823 3690 996 3762; x_wconf 84' lang='lat' dir='ltr'><strong>major</strong></span> <span class='ocrx_word' id='word_1_505' title='bbox 1052 3689 1165 3756; x_wconf 83' lang='lat' dir='ltr'><strong>ﬂat,</strong></span> <span class='ocrx_word' id='word_1_506' title='bbox 1227 3704 1388 3761; x_wconf 87' lang='lat' dir='ltr'><strong>quam</strong></span> <span class='ocrx_word' id='word_1_507' title='bbox 1448 3687 1798 3758; x_wconf 88' lang='lat' dir='ltr'><strong>contemplari</strong></span> <span class='ocrx_word' id='word_1_508' title='bbox 1851 3685 2031 3755; x_wconf 87' lang='lat' dir='ltr'><strong>possi-</strong></span> 
     </span>
    </p>
   </div>
   <div class='ocr_carea' id='block_1_68' title="bbox 451 3798 590 3839">
    <p class='ocr_par' dir='ltr' id='par_1_68' title="bbox 451 3798 590 3839">
     <span class='ocr_line' id='line_1_68' title="bbox 451 3798 590 3839; baseline -0.014 0"><span class='ocrx_word' id='word_1_509' title='bbox 451 3798 590 3839; x_wconf 73' lang='lat' dir='ltr'>&quot;HIS.</span> 
     </span>
    </p>
   </div>
   <div class='ocr_carea' id='block_1_69' title="bbox 521 3870 2027 3942">
    <p class='ocr_par' dir='ltr' id='par_1_69' title="bbox 521 3870 2027 3942">
     <span class='ocr_line' id='line_1_69' title="bbox 521 3870 2027 3942; baseline -0.003 -14"><span class='ocrx_word' id='word_1_510' title='bbox 521 3873 616 3929; x_wconf 84' lang='lat' dir='ltr'><strong>XI.</strong></span> <span class='ocrx_word' id='word_1_511' title='bbox 648 3871 818 3928; x_wconf 77' lang='lat' dir='ltr'><strong>Hodie</strong></span> <span class='ocrx_word' id='word_1_512' title='bbox 844 3887 974 3942; x_wconf 85' lang='lat' dir='ltr'><strong>ergo</strong></span> <span class='ocrx_word' id='word_1_513' title='bbox 1001 3887 1029 3926; x_wconf 81' lang='grc' dir='ltr'><strong>ιι</strong></span> <span class='ocrx_word' id='word_1_514' title='bbox 1058 3870 1213 3927; x_wconf 84' lang='lat' dir='ltr'><strong>nobis</strong></span> <span class='ocrx_word' id='word_1_515' title='bbox 1267 3884 1481 3940; x_wconf 87' lang='lat' dir='ltr'><strong>quoque</strong></span> <span class='ocrx_word' id='word_1_516' title='bbox 1526 3871 1823 3925; x_wconf 89' lang='lat' dir='ltr'><strong>honoretur</strong></span> <span class='ocrx_word' id='word_1_517' title='bbox 1870 3883 2027 3934; x_wconf 84' lang='lat' dir='ltr'><strong>zona,</strong></span> 
     </span>
    </p>
   </div>
   <div class='ocr_carea' id='block_1_70' title="bbox 452 3961 2030 4038">
    <p class='ocr_par' dir='ltr' id='par_1_70' title="bbox 452 3961 2030 4038">
     <span class='ocr_line' id='line_1_70' title="bbox 452 3961 2030 4038; baseline -0.002 -19"><span class='ocrx_word' id='word_1_518' title='bbox 452 3982 573 4038; x_wconf 68' lang='lat' dir='ltr'><strong>qua:</strong></span> <span class='ocrx_word' id='word_1_519' title='bbox 600 3976 680 4022; x_wconf 87' lang='lat' dir='ltr'><strong>est</strong></span> <span class='ocrx_word' id='word_1_520' title='bbox 707 3966 928 4020; x_wconf 84' lang='lat' dir='ltr'><strong>omnino</strong></span> <span class='ocrx_word' id='word_1_521' title='bbox 956 3979 985 4018; x_wconf 92' lang='lat' dir='ltr'><strong>a</strong></span> <span class='ocrx_word' id='word_1_522' title='bbox 1016 3963 1126 4019; x_wconf 92' lang='lat' dir='ltr'><strong>Deo</strong></span> <span class='ocrx_word' id='word_1_523' title='bbox 1170 3962 1402 4018; x_wconf 80' lang='lat' dir='ltr'><strong>maxime</strong></span> <span class='ocrx_word' id='word_1_524' title='bbox 1434 3961 1794 4028; x_wconf 89' lang='lat' dir='ltr'><strong>iiiustrata,et</strong></span> <span class='ocrx_word' id='word_1_525' title='bbox 1819 3975 2030 4017; x_wconf 87' lang='lat' dir='ltr'><strong>summe</strong></span> 
     </span>
    </p>
   </div>
   <div class='ocr_carea' id='block_1_71' title="bbox 454 4053 2033 4124">
    <p class='ocr_par' dir='ltr' id='par_1_71' title="bbox 454 4053 2033 4124">
     <span class='ocr_line' id='line_1_71' title="bbox 454 4053 2033 4124; baseline -0.002 -13"><span class='ocrx_word' id='word_1_526' title='bbox 454 4056 883 4124; x_wconf 86' lang='lat' dir='ltr'><strong>admirabilis,et</strong></span> <span class='ocrx_word' id='word_1_527' title='bbox 934 4054 1090 4110; x_wconf 84' lang='lat' dir='ltr'><strong>valde</strong></span> <span class='ocrx_word' id='word_1_528' title='bbox 1132 4056 1457 4111; x_wconf 90' lang='lat' dir='ltr'><strong>veneranda.</strong></span> <span class='ocrx_word' id='word_1_529' title='bbox 1511 4053 1680 4109; x_wconf 86' lang='lat' dir='ltr'><strong>liodie</strong></span> <span class='ocrx_word' id='word_1_530' title='bbox 1735 4054 2033 4109; x_wconf 84' lang='lat' dir='ltr'><strong>honoretur</strong></span> 
     </span>
    </p>
   </div>
   <div class='ocr_carea' id='block_1_72' title="bbox 453 4144 2029 4216">
    <p class='ocr_par' dir='ltr' id='par_1_72' title="bbox 453 4144 2029 4216">
     <span class='ocr_line' id='line_1_72' title="bbox 453 4144 2029 4216; baseline -0.001 -14"><span class='ocrx_word' id='word_1_531' title='bbox 453 4162 615 4212; x_wconf 78' lang='lat' dir='ltr'><strong>zona,</strong></span> <span class='ocrx_word' id='word_1_532' title='bbox 649 4161 754 4216; x_wconf 89' lang='lat' dir='ltr'><strong>qua</strong></span> <span class='ocrx_word' id='word_1_533' title='bbox 814 4146 1084 4201; x_wconf 77' lang='lat' dir='ltr'><strong>succincta</strong></span> <span class='ocrx_word' id='word_1_534' title='bbox 1122 4144 1224 4199; x_wconf 81' lang='lat' dir='ltr'><strong>fuit</strong></span> <span class='ocrx_word' id='word_1_535' title='bbox 1271 4146 1645 4216; x_wconf 66' lang='lat' dir='ltr'><strong>laudatisquta</strong></span> <span class='ocrx_word' id='word_1_536' title='bbox 1697 4144 1944 4214; x_wconf 88' lang='lat' dir='ltr'><strong>Deipara,</strong></span> <span class='ocrx_word' id='word_1_537' title='bbox 1976 4154 2029 4201; x_wconf 91' lang='lat' dir='ltr'><strong>et</strong></span> 
     </span>
    </p>
   </div>
   <div class='ocr_carea' id='block_1_73' title="bbox 452 4236 2030 4305">
    <p class='ocr_par' dir='ltr' id='par_1_73' title="bbox 452 4236 2030 4305">
     <span class='ocr_line' id='line_1_73' title="bbox 452 4236 2030 4305; baseline -0.001 -10"><span class='ocrx_word' id='word_1_538' title='bbox 452 4237 1007 4295; x_wconf 77' lang='lat' dir='ltr'><strong>fraudulentissimum</strong></span> <span class='ocrx_word' id='word_1_539' title='bbox 1062 4237 1348 4291; x_wconf 88' lang='lat' dir='ltr'><strong>draconem</strong></span> <span class='ocrx_word' id='word_1_540' title='bbox 1400 4251 1620 4305; x_wconf 87' lang='lat' dir='ltr'><strong>peream</strong></span> <span class='ocrx_word' id='word_1_541' title='bbox 1649 4236 2030 4304; x_wconf 81' lang='lat' dir='ltr'><strong>suﬂ‘ocavit,et</strong></span> 
     </span>
    </p>
   </div>
   <div class='ocr_carea' id='block_1_74' title="bbox 455 4327 2029 4398">
    <p class='ocr_par' dir='ltr' id='par_1_74' title="bbox 455 4327 2029 4398">
     <span class='ocr_line' id='line_1_74' title="bbox 455 4327 2029 4398; baseline -0.001 -12"><span class='ocrx_word' id='word_1_542' title='bbox 455 4329 623 4386; x_wconf 86' lang='lat' dir='ltr'><strong>nostri</strong></span> <span class='ocrx_word' id='word_1_543' title='bbox 650 4328 862 4398; x_wconf 81' lang='lat' dir='ltr'><strong>generis</strong></span> <span class='ocrx_word' id='word_1_544' title='bbox 886 4335 1134 4381; x_wconf 87' lang='lat' dir='ltr'><strong>auctores</strong></span> <span class='ocrx_word' id='word_1_545' title='bbox 1158 4342 1185 4378; x_wconf 91' lang='lat' dir='ltr'><strong>a</strong></span> <span class='ocrx_word' id='word_1_546' title='bbox 1215 4327 1359 4396; x_wconf 86' lang='lat' dir='ltr'><strong>gravi</strong></span> <span class='ocrx_word' id='word_1_547' title='bbox 1384 4328 1655 4381; x_wconf 82' lang='lat' dir='ltr'><strong>revocavit</strong></span> <span class='ocrx_word' id='word_1_548' title='bbox 1684 4329 1893 4385; x_wconf 73' lang='lat' dir='ltr'><strong>exsilio.</strong></span> <span class='ocrx_word' id='word_1_549' title='bbox 1922 4330 2029 4385; x_wconf 87' lang='lat' dir='ltr'><strong>Ho-</strong></span> 
     </span>
    </p>
   </div>
   <div class='ocr_carea' id='block_1_75' title="bbox 2138 3125 3643 3203">
    <p class='ocr_par' dir='ltr' id='par_1_75' title="bbox 2138 3125 3643 3203">
     <span class='ocr_line' id='line_1_75' title="bbox 2138 3125 3643 3203; baseline -0.01 -17"><span class='ocrx_word' id='word_1_550' title='bbox 2138 3132 2206 3187; x_wconf 86' lang='lat' dir='ltr'><strong>Et</strong></span> <span class='ocrx_word' id='word_1_551' title='bbox 2237 3133 2383 3203; x_wconf 87' lang='lat' dir='ltr'><strong>quis,</strong></span> <span class='ocrx_word' id='word_1_552' title='bbox 2441 3148 2472 3185; x_wconf 92' lang='grc' dir='ltr'><strong>ο</strong></span> <span class='ocrx_word' id='word_1_553' title='bbox 2524 3131 2775 3197; x_wconf 89' lang='lat' dir='ltr'><strong>Domina,</strong></span> <span class='ocrx_word' id='word_1_554' title='bbox 2820 3130 3057 3201; x_wconf 85' lang='lat' dir='ltr'><strong>potuerit</strong></span> <span class='ocrx_word' id='word_1_555' title='bbox 3126 3132 3257 3185; x_wconf 87' lang='lat' dir='ltr'><strong>satis</strong></span> <span class='ocrx_word' id='word_1_556' title='bbox 3302 3127 3378 3182; x_wconf 79' lang='lat' dir='ltr'><strong>vel</strong></span> <span class='ocrx_word' id='word_1_557' title='bbox 3424 3125 3567 3193; x_wconf 83' lang='lat' dir='ltr'><strong>aliqua</strong></span> <span class='ocrx_word' id='word_1_558' title='bbox 3587 3134 3643 3173; x_wconf 68' lang='lat' dir='ltr'><strong>ex</strong></span> 
     </span>
    </p>
   </div>
   <div class='ocr_carea' id='block_1_76' title="bbox 2133 3224 3646 3301">
    <p class='ocr_par' dir='ltr' id='par_1_76' title="bbox 2133 3224 3646 3301">
     <span class='ocr_line' id='line_1_76' title="bbox 2133 3224 3646 3301; baseline -0.008 -20"><span class='ocrx_word' id='word_1_559' title='bbox 2133 3239 2288 3301; x_wconf 82' lang='lat' dir='ltr'><strong>parte</strong></span> <span class='ocrx_word' id='word_1_560' title='bbox 2329 3227 2549 3281; x_wconf 87' lang='lat' dir='ltr'><strong>laudare</strong></span> <span class='ocrx_word' id='word_1_561' title='bbox 2604 3225 2747 3281; x_wconf 88' lang='lat' dir='ltr'><strong>hanc</strong></span> <span class='ocrx_word' id='word_1_562' title='bbox 2792 3224 3120 3295; x_wconf 67' lang='lat' dir='ltr'><strong>praeclaram</strong></span> <span class='ocrx_word' id='word_1_563' title='bbox 3147 3265 3162 3289; x_wconf 94' lang='lat'><strong>,</strong></span> <span class='ocrx_word' id='word_1_564' title='bbox 3207 3233 3259 3279; x_wconf 89' lang='lat' dir='ltr'><strong>et</strong></span> <span class='ocrx_word' id='word_1_565' title='bbox 3314 3237 3431 3277; x_wconf 80' lang='lat' dir='ltr'><strong>vere</strong></span> <span class='ocrx_word' id='word_1_566' title='bbox 3472 3225 3646 3283; x_wconf 79' lang='lat' dir='ltr'><strong>semper</strong></span> 
     </span>
    </p>
   </div>
   <div class='ocr_carea' id='block_1_77' title="bbox 2136 3316 3638 3386">
    <p class='ocr_par' dir='ltr' id='par_1_77' title="bbox 2136 3316 3638 3386">
     <span class='ocr_line' id='line_1_77' title="bbox 2136 3316 3638 3386; baseline -0.011 -12"><span class='ocrx_word' id='word_1_567' title='bbox 2136 3322 2416 3376; x_wconf 87' lang='lat' dir='ltr'><strong>colendam</strong></span> <span class='ocrx_word' id='word_1_568' title='bbox 2444 3318 2814 3373; x_wconf 76' lang='lat' dir='ltr'><strong>celebritatem</strong></span> <span class='ocrx_word' id='word_1_569' title='bbox 2845 3318 2869 3370; x_wconf 68' lang='grc' dir='ltr'><strong>’ἒ</strong></span> <span class='ocrx_word' id='word_1_570' title='bbox 2898 3316 2959 3370; x_wconf 86' lang='grc' dir='ltr'>Ει</span> <span class='ocrx_word' id='word_1_571' title='bbox 2988 3319 3238 3386; x_wconf 71' lang='lat' dir='ltr'><strong>prtebcle</strong></span> <span class='ocrx_word' id='word_1_572' title='bbox 3261 3316 3454 3386; x_wconf 86' lang='lat' dir='ltr'><strong>quidem</strong></span> <span class='ocrx_word' id='word_1_573' title='bbox 3479 3320 3638 3364; x_wconf 82' lang='lat' dir='ltr'><strong>aures:</strong></span> 
     </span>
    </p>
   </div>
   <div class='ocr_carea' id='block_1_78' title="bbox 2133 3403 3640 3469">
    <p class='ocr_par' dir='ltr' id='par_1_78' title="bbox 2133 3403 3640 3469">
     <span class='ocr_line' id='line_1_78' title="bbox 2133 3403 3640 3469; baseline -0.012 -1"><span class='ocrx_word' id='word_1_574' title='bbox 2133 3430 2252 3469; x_wconf 91' lang='lat' dir='ltr'><strong>sum</strong></span> <span class='ocrx_word' id='word_1_575' title='bbox 2276 3413 2420 3466; x_wconf 89' lang='lat' dir='ltr'><strong>enim</strong></span> <span class='ocrx_word' id='word_1_576' title='bbox 2463 3409 2801 3464; x_wconf 85' lang='lat' dir='ltr'><strong>admirabilia</strong></span> <span class='ocrx_word' id='word_1_577' title='bbox 2832 3409 3121 3464; x_wconf 79' lang='lat' dir='ltr'><strong>dicturus.</strong></span> <span class='ocrx_word' id='word_1_578' title='bbox 3172 3407 3323 3468; x_wconf 82' lang='lat' dir='ltr'><strong>Nam.</strong></span> <span class='ocrx_word' id='word_1_579' title='bbox 3358 3418 3409 3459; x_wconf 90' lang='lat' dir='ltr'><strong>ut</strong></span> <span class='ocrx_word' id='word_1_580' title='bbox 3433 3403 3640 3469; x_wconf 85' lang='lat' dir='ltr'><strong>scriptum</strong></span> 
     </span>
    </p>
   </div>
   <div class='ocr_carea' id='block_1_79' title="bbox 2136 3492 3643 3570">
    <p class='ocr_par' dir='ltr' id='par_1_79' title="bbox 2136 3492 3643 3570">
     <span class='ocr_line' id='line_1_79' title="bbox 2136 3492 3643 3570; baseline -0.011 -10"><span class='ocrx_word' id='word_1_581' title='bbox 2136 3505 2465 3569; x_wconf 83' lang='lat' dir='ltr'><strong>invenimus,</strong></span> <span class='ocrx_word' id='word_1_582' title='bbox 2519 3503 2573 3557; x_wconf 85' lang='lat' dir='ltr'><strong>in</strong></span> <span class='ocrx_word' id='word_1_583' title='bbox 2621 3502 2943 3556; x_wconf 86' lang='lat' dir='ltr'><strong>admiranda</strong></span> <span class='ocrx_word' id='word_1_584' title='bbox 2975 3509 3031 3555; x_wconf 88' lang='lat' dir='ltr'><strong>et</strong></span> <span class='ocrx_word' id='word_1_585' title='bbox 3057 3516 3284 3570; x_wconf 77' lang='lat' dir='ltr'><strong>semper</strong></span> <span class='ocrx_word' id='word_1_586' title='bbox 3337 3492 3643 3565; x_wconf 79' lang='lat' dir='ltr'><strong>resplendenle</strong></span> 
     </span>
    </p>
   </div>
   <div class='ocr_carea' id='block_1_80' title="bbox 2134 3585 3641 3665">
    <p class='ocr_par' dir='ltr' id='par_1_80' title="bbox 2134 3585 3641 3665">
     <span class='ocr_line' id='line_1_80' title="bbox 2134 3585 3641 3665; baseline -0.011 -14"><span class='ocrx_word' id='word_1_587' title='bbox 2134 3612 2283 3658; x_wconf 88' lang='lat' dir='ltr'><strong>arca,</strong></span> <span class='ocrx_word' id='word_1_588' title='bbox 2319 3596 2372 3649; x_wconf 91' lang='lat' dir='ltr'><strong>in</strong></span> <span class='ocrx_word' id='word_1_589' title='bbox 2409 3612 2513 3664; x_wconf 88' lang='lat' dir='ltr'><strong>qua</strong></span> <span class='ocrx_word' id='word_1_590' title='bbox 2546 3606 2629 3649; x_wconf 89' lang='lat' dir='ltr'><strong>est</strong></span> <span class='ocrx_word' id='word_1_591' title='bbox 2670 3594 2909 3665; x_wconf 87' lang='lat' dir='ltr'><strong>pretiosa</strong></span> <span class='ocrx_word' id='word_1_592' title='bbox 2964 3595 3078 3648; x_wconf 70' lang='lat' dir='ltr'><strong>iure</strong></span> <span class='ocrx_word' id='word_1_593' title='bbox 3149 3606 3279 3647; x_wconf 81' lang='lat' dir='ltr'><strong>zona</strong></span> <span class='ocrx_word' id='word_1_594' title='bbox 3337 3585 3589 3644; x_wconf 83' lang='lat' dir='ltr'><strong>recondita,</strong></span> <span class='ocrx_word' id='word_1_595' title='bbox 3620 3594 3641 3630; x_wconf 83' lang='lat' dir='ltr'><strong>a</strong></span> 
     </span>
    </p>
   </div>
   <div class='ocr_carea' id='block_1_81' title="bbox 2136 3677 3649 3758">
    <p class='ocr_par' dir='ltr' id='par_1_81' title="bbox 2136 3677 3649 3758">
     <span class='ocr_line' id='line_1_81' title="bbox 2136 3677 3649 3758; baseline -0.015 -14"><span class='ocrx_word' id='word_1_596' title='bbox 2136 3700 2379 3758; x_wconf 86' lang='lat' dir='ltr'><strong>tempore</strong></span> <span class='ocrx_word' id='word_1_597' title='bbox 2407 3685 2690 3752; x_wconf 79' lang='lat' dir='ltr'><strong>Archadii,</strong></span> <span class='ocrx_word' id='word_1_598' title='bbox 2731 3687 2823 3756; x_wconf 87' lang='lat' dir='ltr'><strong>qui</strong></span> <span class='ocrx_word' id='word_1_599' title='bbox 2856 3686 2982 3740; x_wconf 92' lang='lat' dir='ltr'><strong>olim</strong></span> <span class='ocrx_word' id='word_1_600' title='bbox 3021 3683 3316 3756; x_wconf 77' lang='lat' dir='ltr'><strong>imperavit</strong></span> <span class='ocrx_word' id='word_1_601' title='bbox 3347 3680 3396 3733; x_wconf 89' lang='lat' dir='ltr'><strong>in</strong></span> <span class='ocrx_word' id='word_1_602' title='bbox 3422 3677 3508 3731; x_wconf 88' lang='lat' dir='ltr'><strong>iide</strong></span> <span class='ocrx_word' id='word_1_603' title='bbox 3531 3680 3649 3726; x_wconf 77' lang='lat' dir='ltr'><strong>recte</strong></span> 
     </span>
    </p>
   </div>
   <div class='ocr_carea' id='block_1_82' title="bbox 2133 3761 3645 3848">
    <p class='ocr_par' dir='ltr' id='par_1_82' title="bbox 2133 3761 3645 3848">
     <span class='ocr_line' id='line_1_82' title="bbox 2133 3761 3645 3848; baseline -0.015 -12"><span class='ocrx_word' id='word_1_604' title='bbox 2133 3778 2622 3848; x_wconf 89' lang='lat' dir='ltr'><strong>scntieus,quique</strong></span> <span class='ocrx_word' id='word_1_605' title='bbox 2661 3777 2761 3832; x_wconf 81' lang='lat' dir='ltr'><strong>iuit</strong></span> <span class='ocrx_word' id='word_1_606' title='bbox 2797 3777 2937 3832; x_wconf 80' lang='lat' dir='ltr'><strong>filius</strong></span> <span class='ocrx_word' id='word_1_607' title='bbox 2972 3777 3166 3845; x_wconf 77' lang='lat' dir='ltr'><strong>magni</strong></span> <span class='ocrx_word' id='word_1_608' title='bbox 3194 3774 3350 3835; x_wconf 89' lang='lat' dir='ltr'><strong>illius,</strong></span> <span class='ocrx_word' id='word_1_609' title='bbox 3378 3781 3425 3824; x_wconf 88' lang='lat' dir='ltr'><strong>et</strong></span> <span class='ocrx_word' id='word_1_610' title='bbox 3452 3765 3527 3837; x_wconf 85' lang='lat' dir='ltr'><strong>qui</strong></span> <span class='ocrx_word' id='word_1_611' title='bbox 3559 3761 3645 3814; x_wconf 81' lang='lat' dir='ltr'><strong>vir-</strong></span> 
     </span>
    </p>
   </div>
   <div class='ocr_carea' id='block_1_83' title="bbox 2135 3855 3645 3935">
    <p class='ocr_par' dir='ltr' id='par_1_83' title="bbox 2135 3855 3645 3935">
     <span class='ocr_line' id='line_1_83' title="bbox 2135 3855 3645 3935; baseline -0.015 -9"><span class='ocrx_word' id='word_1_612' title='bbox 2135 3873 2341 3927; x_wconf 85' lang='lat' dir='ltr'><strong>tutibus</strong></span> <span class='ocrx_word' id='word_1_613' title='bbox 2398 3870 2635 3933; x_wconf 74' lang='lat' dir='ltr'><strong>refulsit,</strong></span> <span class='ocrx_word' id='word_1_614' title='bbox 2667 3869 2986 3935; x_wconf 80' lang='lat' dir='ltr'><strong>Theodosii,</strong></span> <span class='ocrx_word' id='word_1_615' title='bbox 3022 3870 3121 3924; x_wconf 87' lang='lat' dir='ltr'><strong>hic</strong></span> <span class='ocrx_word' id='word_1_616' title='bbox 3154 3866 3249 3922; x_wconf 82' lang='lat' dir='ltr'><strong>fuit</strong></span> <span class='ocrx_word' id='word_1_617' title='bbox 3280 3863 3489 3934; x_wconf 79' lang='lat' dir='ltr'><strong>reposita</strong></span> <span class='ocrx_word' id='word_1_618' title='bbox 3515 3855 3645 3909; x_wconf 77' lang='lat' dir='ltr'><strong>trice-</strong></span> 
     </span>
    </p>
   </div>
   <div class='ocr_carea' id='block_1_84' title="bbox 2133 3949 3644 4033">
    <p class='ocr_par' dir='ltr' id='par_1_84' title="bbox 2133 3949 3644 4033">
     <span class='ocr_line' id='line_1_84' title="bbox 2133 3949 3644 4033; baseline -0.011 -14"><span class='ocrx_word' id='word_1_619' title='bbox 2133 3965 2272 4019; x_wconf 90' lang='lat' dir='ltr'><strong>simn</strong></span> <span class='ocrx_word' id='word_1_620' title='bbox 2300 3962 2476 4033; x_wconf 90' lang='lat' dir='ltr'><strong>primo</strong></span> <span class='ocrx_word' id='word_1_621' title='bbox 2524 3960 2699 4016; x_wconf 91' lang='lat' dir='ltr'><strong>ultimi</strong></span> <span class='ocrx_word' id='word_1_622' title='bbox 2731 3959 2891 4026; x_wconf 79' lang='lat' dir='ltr'><strong>huius</strong></span> <span class='ocrx_word' id='word_1_623' title='bbox 2948 3960 3182 4022; x_wconf 88' lang='lat' dir='ltr'><strong>mensis,</strong></span> <span class='ocrx_word' id='word_1_624' title='bbox 3230 3958 3469 4024; x_wconf 82' lang='lat' dir='ltr'><strong>salvaque</strong></span> <span class='ocrx_word' id='word_1_625' title='bbox 3512 3949 3644 4004; x_wconf 62' lang='lat' dir='ltr'><strong>illaesa</strong></span> 
     </span>
    </p>
   </div>
   <div class='ocr_carea' id='block_1_85' title="bbox 2135 4036 3644 4125">
    <p class='ocr_par' dir='ltr' id='par_1_85' title="bbox 2135 4036 3644 4125">
     <span class='ocr_line' id='line_1_85' title="bbox 2135 4036 3644 4125; baseline -0.017 -14"><span class='ocrx_word' id='word_1_626' title='bbox 2135 4052 2437 4125; x_wconf 91' lang='lat' dir='ltr'><strong>impolluta,</strong></span> <span class='ocrx_word' id='word_1_627' title='bbox 2471 4063 2533 4108; x_wconf 86' lang='lat' dir='ltr'><strong>ut</strong></span> <span class='ocrx_word' id='word_1_628' title='bbox 2574 4051 2804 4119; x_wconf 86' lang='lat' dir='ltr'><strong>videtis,</strong></span> <span class='ocrx_word' id='word_1_629' title='bbox 2834 4053 3138 4122; x_wconf 82' lang='lat' dir='ltr'><strong>penna-usit</strong></span> <span class='ocrx_word' id='word_1_630' title='bbox 3172 4062 3337 4120; x_wconf 87' lang='lat' dir='ltr'><strong>usque</strong></span> <span class='ocrx_word' id='word_1_631' title='bbox 3368 4047 3418 4099; x_wconf 91' lang='lat' dir='ltr'><strong>in</strong></span> <span class='ocrx_word' id='word_1_632' title='bbox 3468 4036 3644 4095; x_wconf 86' lang='lat' dir='ltr'><strong>hodier-</strong></span> 
     </span>
    </p>
   </div>
   <div class='ocr_carea' id='block_1_86' title="bbox 2135 4132 3644 4211">
    <p class='ocr_par' dir='ltr' id='par_1_86' title="bbox 2135 4132 3644 4211">
     <span class='ocr_line' id='line_1_86' title="bbox 2135 4132 3644 4211; baseline -0.017 -9"><span class='ocrx_word' id='word_1_633' title='bbox 2135 4164 2262 4202; x_wconf 91' lang='lat' dir='ltr'><strong>num</strong></span> <span class='ocrx_word' id='word_1_634' title='bbox 2290 4145 2455 4211; x_wconf 89' lang='lat' dir='ltr'><strong>diem,</strong></span> <span class='ocrx_word' id='word_1_635' title='bbox 2496 4143 2643 4198; x_wconf 89' lang='lat' dir='ltr'><strong>nullo</strong></span> <span class='ocrx_word' id='word_1_636' title='bbox 2683 4144 2846 4197; x_wconf 91' lang='lat' dir='ltr'><strong>modo</strong></span> <span class='ocrx_word' id='word_1_637' title='bbox 2902 4141 3132 4207; x_wconf 74' lang='lat' dir='ltr'><strong>fmdata,</strong></span> <span class='ocrx_word' id='word_1_638' title='bbox 3172 4151 3263 4196; x_wconf 87' lang='lat' dir='ltr'><strong>aut</strong></span> <span class='ocrx_word' id='word_1_639' title='bbox 3300 4135 3548 4194; x_wconf 76' lang='lat' dir='ltr'><strong>oﬂ‘uscata,</strong></span> <span class='ocrx_word' id='word_1_640' title='bbox 3572 4132 3644 4178; x_wconf 80' lang='lat' dir='ltr'><strong>aut</strong></span> 
     </span>
    </p>
   </div>
   <div class='ocr_carea' id='block_1_87' title="bbox 2132 4218 3645 4309">
    <p class='ocr_par' dir='ltr' id='par_1_87' title="bbox 2132 4218 3645 4309">
     <span class='ocr_line' id='line_1_87' title="bbox 2132 4218 3645 4309; baseline -0.013 -14"><span class='ocrx_word' id='word_1_641' title='bbox 2132 4239 2249 4309; x_wconf 80' lang='lat' dir='ltr'><strong>ejus</strong></span> <span class='ocrx_word' id='word_1_642' title='bbox 2298 4237 2478 4292; x_wconf 88' lang='lat' dir='ltr'><strong>colore</strong></span> <span class='ocrx_word' id='word_1_643' title='bbox 2531 4236 2641 4289; x_wconf 85' lang='lat' dir='ltr'><strong>ullo</strong></span> <span class='ocrx_word' id='word_1_644' title='bbox 2711 4233 2869 4290; x_wconf 88' lang='lat' dir='ltr'><strong>modo</strong></span> <span class='ocrx_word' id='word_1_645' title='bbox 2927 4243 3162 4298; x_wconf 89' lang='lat' dir='ltr'><strong>mutato,</strong></span> <span class='ocrx_word' id='word_1_646' title='bbox 3191 4233 3282 4286; x_wconf 91' lang='lat' dir='ltr'><strong>sed</strong></span> <span class='ocrx_word' id='word_1_647' title='bbox 3341 4218 3645 4295; x_wconf 55' lang='lat' dir='ltr'><strong>resplendens</strong></span> 
     </span>
    </p>
   </div>
   <div class='ocr_carea' id='block_1_88' title="bbox 2136 4310 3643 4402">
    <p class='ocr_par' dir='ltr' id='par_1_88' title="bbox 2136 4310 3643 4402">
     <span class='ocr_line' id='line_1_88' title="bbox 2136 4310 3643 4402; baseline -0.013 -16"><span class='ocrx_word' id='word_1_648' title='bbox 2136 4347 2298 4402; x_wconf 87' lang='lat' dir='ltr'><strong>supra</strong></span> <span class='ocrx_word' id='word_1_649' title='bbox 2350 4330 2553 4395; x_wconf 88' lang='lat' dir='ltr'><strong>nivem,</strong></span> <span class='ocrx_word' id='word_1_650' title='bbox 2604 4338 2660 4382; x_wconf 87' lang='lat' dir='ltr'><strong>et</strong></span> <span class='ocrx_word' id='word_1_651' title='bbox 2688 4336 2945 4396; x_wconf 90' lang='lat' dir='ltr'><strong>tanquam</strong></span> <span class='ocrx_word' id='word_1_652' title='bbox 2978 4326 3142 4381; x_wconf 87' lang='lat' dir='ltr'><strong>modo</strong></span> <span class='ocrx_word' id='word_1_653' title='bbox 3174 4340 3240 4379; x_wconf 78' lang='lat' dir='ltr'><strong>ex</strong></span> <span class='ocrx_word' id='word_1_654' title='bbox 3293 4320 3495 4377; x_wconf 83' lang='lat' dir='ltr'><strong>coccino</strong></span> <span class='ocrx_word' id='word_1_655' title='bbox 3526 4310 3643 4402; x_wconf 33' lang='lat' dir='ltr'><strong>inito:</strong></span> 
     </span>
    </p>
   </div>
   <div class='ocr_carea' id='block_1_89' title="bbox 452 4399 3645 4489">
    <p class='ocr_par' dir='ltr' id='par_1_89' title="bbox 452 4399 3645 4489">
     <span class='ocr_line' id='line_1_89' title="bbox 452 4399 3645 4489; baseline -0.008 -11"><span class='ocrx_word' id='word_1_656' title='bbox 452 4421 544 4478; x_wconf 89' lang='lat' dir='ltr'><strong>die</strong></span> <span class='ocrx_word' id='word_1_657' title='bbox 579 4420 872 4475; x_wconf 87' lang='lat' dir='ltr'><strong>honoretur</strong></span> <span class='ocrx_word' id='word_1_658' title='bbox 898 4433 1033 4472; x_wconf 86' lang='lat' dir='ltr'><strong>zona</strong></span> <span class='ocrx_word' id='word_1_659' title='bbox 1065 4432 1224 4485; x_wconf 81' lang='lat' dir='ltr'><strong>quam</strong></span> <span class='ocrx_word' id='word_1_660' title='bbox 1252 4416 1429 4486; x_wconf 88' lang='lat' dir='ltr'><strong>ipsum</strong></span> <span class='ocrx_word' id='word_1_661' title='bbox 1455 4432 1667 4487; x_wconf 89' lang='lat' dir='ltr'><strong>quoque</strong></span> <span class='ocrx_word' id='word_1_662' title='bbox 1691 4419 2021 4489; x_wconf 87' lang='lat' dir='ltr'><strong>unigenitum</strong></span> <span class='ocrx_word' id='word_1_663' title='bbox 2060 4421 2102 4475; x_wconf 91' lang='lat' dir='ltr'><strong>D</strong></span> <span class='ocrx_word' id='word_1_664' title='bbox 2136 4399 2275 4485; x_wconf 76' lang='lat' dir='ltr'><strong>rata,</strong></span> <span class='ocrx_word' id='word_1_665' title='bbox 2311 4421 2390 4474; x_wconf 89' lang='lat' dir='ltr'><strong>sic</strong></span> <span class='ocrx_word' id='word_1_666' title='bbox 2425 4428 2511 4473; x_wconf 90' lang='lat' dir='ltr'><strong>est</strong></span> <span class='ocrx_word' id='word_1_667' title='bbox 2544 4418 2844 4489; x_wconf 83' lang='lat' dir='ltr'><strong>preposita,</strong></span> <span class='ocrx_word' id='word_1_668' title='bbox 2877 4417 3083 4471; x_wconf 86' lang='lat' dir='ltr'><strong>virtute</strong></span> <span class='ocrx_word' id='word_1_669' title='bbox 3134 4414 3303 4472; x_wconf 87' lang='lat' dir='ltr'><strong>sancti</strong></span> <span class='ocrx_word' id='word_1_670' title='bbox 3330 4421 3381 4467; x_wconf 92' lang='lat' dir='ltr'><strong>et</strong></span> <span class='ocrx_word' id='word_1_671' title='bbox 3412 4399 3645 4461; x_wconf 68' lang='lat' dir='ltr'><strong>viviﬁciei</strong></span> 
     </span>
    </p>
   </div>
   <div class='ocr_carea' id='block_1_90' title="bbox 454 4505 2015 4575">
    <p class='ocr_par' dir='ltr' id='par_1_90' title="bbox 454 4505 2015 4575">
     <span class='ocr_line' id='line_1_90' title="bbox 454 4505 2015 4575; baseline -0.003 -10"><span class='ocrx_word' id='word_1_672' title='bbox 454 4511 546 4567; x_wconf 90' lang='lat' dir='ltr'><strong>Dei</strong></span> <span class='ocrx_word' id='word_1_673' title='bbox 600 4507 839 4564; x_wconf 78' lang='lat' dir='ltr'><strong>Verbum</strong></span> <span class='ocrx_word' id='word_1_674' title='bbox 896 4505 1242 4562; x_wconf 70' lang='lat' dir='ltr'><strong>inell‘abiiiter</strong></span> <span class='ocrx_word' id='word_1_675' title='bbox 1283 4521 1349 4560; x_wconf 82' lang='lat' dir='ltr'><strong>ex</strong></span> <span class='ocrx_word' id='word_1_676' title='bbox 1411 4506 1524 4575; x_wconf 85' lang='lat' dir='ltr'><strong>ipsa</strong></span> <span class='ocrx_word' id='word_1_677' title='bbox 1577 4521 1744 4560; x_wconf 89' lang='lat' dir='ltr'><strong>carne</strong></span> <span class='ocrx_word' id='word_1_678' title='bbox 1785 4517 2015 4572; x_wconf 91' lang='lat' dir='ltr'><strong>tectum,</strong></span> 
     </span>
    </p>
   </div>
   <div class='ocr_carea' id='block_1_91' title="bbox 452 4598 2019 4674">
    <p class='ocr_par' dir='ltr' id='par_1_91' title="bbox 452 4598 2019 4674">
     <span class='ocr_line' id='line_1_91' title="bbox 452 4598 2019 4674; baseline -0.003 -17"><span class='ocrx_word' id='word_1_679' title='bbox 452 4603 722 4674; x_wconf 90' lang='lat' dir='ltr'><strong>quomodo</strong></span> <span class='ocrx_word' id='word_1_680' title='bbox 755 4601 873 4672; x_wconf 90' lang='lat' dir='ltr'><strong>ipse</strong></span> <span class='ocrx_word' id='word_1_681' title='bbox 901 4599 1048 4654; x_wconf 85' lang='lat' dir='ltr'><strong>solus</strong></span> <span class='ocrx_word' id='word_1_682' title='bbox 1079 4598 1252 4664; x_wconf 79' lang='lat' dir='ltr'><strong>norit,</strong></span> <span class='ocrx_word' id='word_1_683' title='bbox 1282 4598 1476 4663; x_wconf 88' lang='lat' dir='ltr'><strong>tenuit,</strong></span> <span class='ocrx_word' id='word_1_684' title='bbox 1498 4608 1551 4651; x_wconf 91' lang='lat' dir='ltr'><strong>et</strong></span> <span class='ocrx_word' id='word_1_685' title='bbox 1579 4608 1661 4651; x_wconf 72' lang='lat' dir='ltr'><strong>est</strong></span> <span class='ocrx_word' id='word_1_686' title='bbox 1682 4599 2019 4668; x_wconf 82' lang='lat' dir='ltr'><strong>complexus,</strong></span> 
     </span>
    </p>
   </div>
   <div class='ocr_carea' id='block_1_92' title="bbox 454 4693 2022 4765">
    <p class='ocr_par' dir='ltr' id='par_1_92' title="bbox 454 4693 2022 4765">
     <span class='ocr_line' id='line_1_92' title="bbox 454 4693 2022 4765; baseline -0.001 -16"><span class='ocrx_word' id='word_1_687' title='bbox 454 4696 630 4750; x_wconf 87' lang='lat' dir='ltr'><strong>adlmc</strong></span> <span class='ocrx_word' id='word_1_688' title='bbox 684 4693 1042 4765; x_wconf 89' lang='lat' dir='ltr'><strong>corporaliter</strong></span> <span class='ocrx_word' id='word_1_689' title='bbox 1091 4704 1314 4764; x_wconf 88' lang='lat' dir='ltr'><strong>propter</strong></span> <span class='ocrx_word' id='word_1_690' title='bbox 1346 4704 1561 4748; x_wconf 64' lang='lat' dir='ltr'><strong>aetatem</strong></span> <span class='ocrx_word' id='word_1_691' title='bbox 1584 4708 1644 4746; x_wconf 92' lang='lat' dir='ltr'><strong>se</strong></span> <span class='ocrx_word' id='word_1_692' title='bbox 1675 4708 1870 4762; x_wconf 88' lang='lat' dir='ltr'><strong>gerens</strong></span> <span class='ocrx_word' id='word_1_693' title='bbox 1895 4709 2022 4763; x_wconf 83' lang='lat' dir='ltr'><strong>pue-</strong></span> 
     </span>
    </p>
   </div>
   <div class='ocr_carea' id='block_1_93' title="bbox 458 4782 2019 4855">
    <p class='ocr_par' dir='ltr' id='par_1_93' title="bbox 458 4782 2019 4855">
     <span class='ocr_line' id='line_1_93' title="bbox 458 4782 2019 4855; baseline -0.001 -14"><span class='ocrx_word' id='word_1_694' title='bbox 458 4788 655 4852; x_wconf 88' lang='lat' dir='ltr'><strong>riliter,</strong></span> <span class='ocrx_word' id='word_1_695' title='bbox 702 4795 840 4851; x_wconf 81' lang='lat' dir='ltr'><strong>etut</strong></span> <span class='ocrx_word' id='word_1_696' title='bbox 894 4799 1026 4855; x_wconf 89' lang='lat' dir='ltr'><strong>puer</strong></span> <span class='ocrx_word' id='word_1_697' title='bbox 1061 4784 1198 4837; x_wconf 89' lang='lat' dir='ltr'><strong>solet</strong></span> <span class='ocrx_word' id='word_1_698' title='bbox 1250 4782 1455 4848; x_wconf 80' lang='lat' dir='ltr'><strong>facere,</strong></span> <span class='ocrx_word' id='word_1_699' title='bbox 1514 4784 1841 4849; x_wconf 89' lang='lat' dir='ltr'><strong>balbutiens,</strong></span> <span class='ocrx_word' id='word_1_700' title='bbox 1878 4794 1932 4839; x_wconf 90' lang='lat' dir='ltr'><strong>et</strong></span> <span class='ocrx_word' id='word_1_701' title='bbox 1966 4785 2019 4840; x_wconf 93' lang='lat' dir='ltr'><strong>in</strong></span> 
     </span>
    </p>
   </div>
   <div class='ocr_carea' id='block_1_94' title="bbox 453 4874 1717 4947">
    <p class='ocr_par' dir='ltr' id='par_1_94' title="bbox 453 4874 1717 4947">
     <span class='ocr_line' id='line_1_94' title="bbox 453 4874 1717 4947; baseline -0.003 -14"><span class='ocrx_word' id='word_1_702' title='bbox 453 4887 700 4933; x_wconf 84' lang='lat' dir='ltr'><strong>materno</strong></span> <span class='ocrx_word' id='word_1_703' title='bbox 730 4878 937 4947; x_wconf 88' lang='lat' dir='ltr'><strong>gremio</strong></span> <span class='ocrx_word' id='word_1_704' title='bbox 965 4876 1322 4946; x_wconf 84' lang='lat' dir='ltr'><strong>requiescens</strong></span> <span class='ocrx_word' id='word_1_705' title='bbox 1352 4884 1405 4928; x_wconf 91' lang='lat' dir='ltr'><strong>et</strong></span> <span class='ocrx_word' id='word_1_706' title='bbox 1436 4874 1717 4930; x_wconf 82' lang='lat' dir='ltr'><strong>exsiliens.</strong></span> 
     </span>
    </p>
   </div>
   <div class='ocr_carea' id='block_1_95' title="bbox 528 4965 2022 5038">
    <p class='ocr_par' dir='ltr' id='par_1_95' title="bbox 528 4965 2022 5038">
     <span class='ocr_line' id='line_1_95' title="bbox 528 4965 2022 5038; baseline 0.003 -18"><span class='ocrx_word' id='word_1_707' title='bbox 528 4966 646 5023; x_wconf 70' lang='grc' dir='ltr'>χιι.</span> <span class='ocrx_word' id='word_1_708' title='bbox 690 4965 865 5022; x_wconf 80' lang='lat' dir='ltr'><strong>Hodie</strong></span> <span class='ocrx_word' id='word_1_709' title='bbox 901 4968 1001 5038; x_wconf 89' lang='lat' dir='ltr'><strong>ipsi</strong></span> <span class='ocrx_word' id='word_1_710' title='bbox 1034 4980 1271 5037; x_wconf 88' lang='lat' dir='ltr'><strong>quoque,</strong></span> <span class='ocrx_word' id='word_1_711' title='bbox 1302 4965 1547 5035; x_wconf 86' lang='lat' dir='ltr'><strong>inquam,</strong></span> <span class='ocrx_word' id='word_1_712' title='bbox 1580 4967 1743 5036; x_wconf 83' lang='lat' dir='ltr'><strong>primi</strong></span> <span class='ocrx_word' id='word_1_713' title='bbox 1774 4967 1868 5024; x_wconf 92' lang='lat' dir='ltr'><strong>Dei</strong></span> <span class='ocrx_word' id='word_1_714' title='bbox 1916 4969 2022 5024; x_wconf 89' lang='lat' dir='ltr'><strong>mi-</strong></span> 
     </span>
    </p>
   </div>
   <div class='ocr_carea' id='block_1_96' title="bbox 455 5054 2017 5124">
    <p class='ocr_par' dir='ltr' id='par_1_96' title="bbox 455 5054 2017 5124">
     <span class='ocr_line' id='line_1_96' title="bbox 455 5054 2017 5124; baseline 0.001 -12"><span class='ocrx_word' id='word_1_715' title='bbox 455 5056 642 5118; x_wconf 89' lang='lat' dir='ltr'><strong>nistri,</strong></span> <span class='ocrx_word' id='word_1_716' title='bbox 674 5054 801 5112; x_wconf 91' lang='lat' dir='ltr'><strong>licet</strong></span> <span class='ocrx_word' id='word_1_717' title='bbox 823 5072 929 5112; x_wconf 94' lang='lat' dir='ltr'><strong>non</strong></span> <span class='ocrx_word' id='word_1_718' title='bbox 954 5057 1260 5122; x_wconf 89' lang='lat' dir='ltr'><strong>videantur,</strong></span> <span class='ocrx_word' id='word_1_719' title='bbox 1284 5071 1404 5110; x_wconf 90' lang='lat' dir='ltr'><strong>eam</strong></span> <span class='ocrx_word' id='word_1_720' title='bbox 1438 5056 1690 5124; x_wconf 89' lang='lat' dir='ltr'><strong>adorant,</strong></span> <span class='ocrx_word' id='word_1_721' title='bbox 1714 5069 1769 5113; x_wconf 90' lang='lat' dir='ltr'><strong>et</strong></span> <span class='ocrx_word' id='word_1_722' title='bbox 1790 5064 2017 5117; x_wconf 82' lang='lat' dir='ltr'><strong>maxima</strong></span> 
     </span>
    </p>
   </div>
   <div class='ocr_carea' id='block_1_97' title="bbox 459 5149 2025 5209">
    <p class='ocr_par' dir='ltr' id='par_1_97' title="bbox 459 5149 2025 5209">
     <span class='ocr_line' id='line_1_97' title="bbox 459 5149 2025 5209; baseline 0.002 -4"><span class='ocrx_word' id='word_1_723' title='bbox 459 5150 651 5205; x_wconf 80' lang='lat' dir='ltr'><strong>cpiunt</strong></span> <span class='ocrx_word' id='word_1_724' title='bbox 687 5150 1041 5203; x_wconf 88' lang='lat' dir='ltr'><strong>veneratione</strong></span> <span class='ocrx_word' id='word_1_725' title='bbox 1078 5158 1131 5203; x_wconf 89' lang='lat' dir='ltr'><strong>et</strong></span> <span class='ocrx_word' id='word_1_726' title='bbox 1159 5164 1355 5202; x_wconf 90' lang='lat' dir='ltr'><strong>arcane</strong></span> <span class='ocrx_word' id='word_1_727' title='bbox 1384 5164 1490 5202; x_wconf 88' lang='lat' dir='ltr'><strong>una</strong></span> <span class='ocrx_word' id='word_1_728' title='bbox 1521 5149 1802 5207; x_wconf 90' lang='lat' dir='ltr'><strong>nobiscum</strong></span> <span class='ocrx_word' id='word_1_729' title='bbox 1836 5153 2025 5209; x_wconf 78' lang='lat' dir='ltr'><strong>laetan-</strong></span> 
     </span>
    </p>
   </div>
   <div class='ocr_carea' id='block_1_98' title="bbox 457 5236 2023 5307">
    <p class='ocr_par' dir='ltr' id='par_1_98' title="bbox 457 5236 2023 5307">
     <span class='ocr_line' id='line_1_98' title="bbox 457 5236 2023 5307; baseline 0.002 -11"><span class='ocrx_word' id='word_1_730' title='bbox 457 5248 568 5296; x_wconf 88' lang='lat' dir='ltr'><strong>tur.</strong></span> <span class='ocrx_word' id='word_1_731' title='bbox 599 5236 773 5294; x_wconf 88' lang='lat' dir='ltr'><strong>llodie</strong></span> <span class='ocrx_word' id='word_1_732' title='bbox 799 5252 828 5291; x_wconf 92' lang='lat' dir='ltr'><strong>a</strong></span> <span class='ocrx_word' id='word_1_733' title='bbox 864 5238 1019 5292; x_wconf 86' lang='lat' dir='ltr'><strong>nobis</strong></span> <span class='ocrx_word' id='word_1_734' title='bbox 1056 5236 1221 5293; x_wconf 89' lang='lat' dir='ltr'><strong>etiam</strong></span> <span class='ocrx_word' id='word_1_735' title='bbox 1252 5238 1485 5293; x_wconf 88' lang='lat' dir='ltr'><strong>terrenis</strong></span> <span class='ocrx_word' id='word_1_736' title='bbox 1507 5238 1786 5307; x_wconf 86' lang='lat' dir='ltr'><strong>adoretur,</strong></span> <span class='ocrx_word' id='word_1_737' title='bbox 1821 5254 1876 5297; x_wconf 92' lang='lat' dir='ltr'><strong>et</strong></span> <span class='ocrx_word' id='word_1_738' title='bbox 1907 5261 2023 5300; x_wconf 86' lang='lat' dir='ltr'><strong>ma—</strong></span> 
     </span>
    </p>
   </div>
   <div class='ocr_carea' id='block_1_99' title="bbox 456 5328 2020 5405">
    <p class='ocr_par' dir='ltr' id='par_1_99' title="bbox 456 5328 2020 5405">
     <span class='ocr_line' id='line_1_99' title="bbox 456 5328 2020 5405; baseline -0.001 -17"><span class='ocrx_word' id='word_1_739' title='bbox 456 5332 745 5405; x_wconf 79' lang='lat' dir='ltr'><strong>gniﬁcetur</strong></span> <span class='ocrx_word' id='word_1_740' title='bbox 785 5329 902 5385; x_wconf 61' lang='lat' dir='ltr'><strong>haec</strong></span> <span class='ocrx_word' id='word_1_741' title='bbox 958 5343 1093 5383; x_wconf 84' lang='lat' dir='ltr'><strong>zona</strong></span> <span class='ocrx_word' id='word_1_742' title='bbox 1161 5330 1227 5385; x_wconf 92' lang='lat' dir='ltr'><strong>ad</strong></span> <span class='ocrx_word' id='word_1_743' title='bbox 1259 5328 1483 5400; x_wconf 89' lang='lat' dir='ltr'><strong>gloriam</strong></span> <span class='ocrx_word' id='word_1_744' title='bbox 1536 5330 1676 5401; x_wconf 85' lang='lat' dir='ltr'><strong>ejus,</strong></span> <span class='ocrx_word' id='word_1_745' title='bbox 1730 5334 1820 5402; x_wconf 93' lang='lat' dir='ltr'><strong>qui</strong></span> <span class='ocrx_word' id='word_1_746' title='bbox 1860 5351 2020 5405; x_wconf 81' lang='lat' dir='ltr'><strong>supra</strong></span> 
     </span>
    </p>
   </div>
   <div class='ocr_carea' id='block_1_100' title="bbox 456 5419 2023 5497">
    <p class='ocr_par' dir='ltr' id='par_1_100' title="bbox 456 5419 2023 5497">
     <span class='ocr_line' id='line_1_100' title="bbox 456 5419 2023 5497; baseline 0.002 -18"><span class='ocrx_word' id='word_1_747' title='bbox 456 5423 723 5480; x_wconf 90' lang='lat' dir='ltr'><strong>rationem</strong></span> <span class='ocrx_word' id='word_1_748' title='bbox 758 5420 861 5476; x_wconf 79' lang='lat' dir='ltr'><strong>fuit</strong></span> <span class='ocrx_word' id='word_1_749' title='bbox 902 5432 1069 5473; x_wconf 88' lang='lat' dir='ltr'><strong>carne</strong></span> <span class='ocrx_word' id='word_1_750' title='bbox 1120 5419 1382 5476; x_wconf 88' lang='lat' dir='ltr'><strong>indutus:</strong></span> <span class='ocrx_word' id='word_1_751' title='bbox 1415 5429 1471 5475; x_wconf 89' lang='lat' dir='ltr'><strong>et</strong></span> <span class='ocrx_word' id='word_1_752' title='bbox 1493 5423 1548 5492; x_wconf 86' lang='grc' dir='ltr'><strong>(ο</strong></span> <span class='ocrx_word' id='word_1_753' title='bbox 1581 5425 1862 5495; x_wconf 85' lang='lat' dir='ltr'><strong>mysteria,</strong></span> <span class='ocrx_word' id='word_1_754' title='bbox 1904 5443 2023 5497; x_wconf 82' lang='lat' dir='ltr'><strong>quae</strong></span> 
     </span>
    </p>
   </div>
   <div class='ocr_carea' id='block_1_101' title="bbox 452 5512 2019 5585">
    <p class='ocr_par' dir='ltr' id='par_1_101' title="bbox 452 5512 2019 5585">
     <span class='ocr_line' id='line_1_101' title="bbox 452 5512 2019 5585; baseline 0.004 -15"><span class='ocrx_word' id='word_1_755' title='bbox 452 5514 836 5585; x_wconf 81' lang='lat' dir='ltr'><strong>comprehendi</strong></span> <span class='ocrx_word' id='word_1_756' title='bbox 898 5514 1196 5583; x_wconf 87' lang='lat' dir='ltr'><strong>nequeunt)</strong></span> <span class='ocrx_word' id='word_1_757' title='bbox 1242 5512 1404 5567; x_wconf 88' lang='lat' dir='ltr'><strong>hodie</strong></span> <span class='ocrx_word' id='word_1_758' title='bbox 1436 5515 1819 5585; x_wconf 78' lang='lat' dir='ltr'><strong>uraguilicetur</strong></span> <span class='ocrx_word' id='word_1_759' title='bbox 1884 5536 2019 5576; x_wconf 87' lang='lat' dir='ltr'><strong>zona</strong></span> 
     </span>
    </p>
   </div>
   <div class='ocr_carea' id='block_1_102' title="bbox 562 5698 1665 5768">
    <p class='ocr_par' dir='ltr' id='par_1_102' title="bbox 562 5698 1665 5768">
     <span class='ocr_line' id='line_1_102' title="bbox 562 5698 1665 5768; baseline 0.002 -14"><span class='ocrx_word' id='word_1_760' title='bbox 562 5700 585 5733; x_wconf 86' lang='grc'><strong><em>⁸</em></strong></span> <span class='ocrx_word' id='word_1_761' title='bbox 612 5699 750 5757; x_wconf 81' lang='lat' dir='ltr'><strong>l‘sul.</strong></span> <span class='ocrx_word' id='word_1_762' title='bbox 777 5717 966 5767; x_wconf 77' lang='lat' dir='ltr'><strong>um,</strong></span> <span class='ocrx_word' id='word_1_763' title='bbox 999 5699 1051 5755; x_wconf 88' lang='lat'><strong>6.</strong></span> <span class='ocrx_word' id='word_1_764' title='bbox 1166 5699 1187 5732; x_wconf 81' lang='lat'><strong><em>‘</em></strong></span> <span class='ocrx_word' id='word_1_765' title='bbox 1221 5698 1366 5757; x_wconf 82' lang='lat' dir='ltr'><strong>Psai.</strong></span> <span class='ocrx_word' id='word_1_766' title='bbox 1402 5715 1544 5768; x_wconf 79' lang='lat' dir='ltr'><strong>xuv,</strong></span> <span class='ocrx_word' id='word_1_767' title='bbox 1582 5702 1665 5758; x_wconf 86' lang='lat' dir='ltr'><strong>ll.</strong></span> 
     </span>
    </p>
   </div>
   <div class='ocr_carea' id='block_1_103' title="bbox 2127 4510 2678 4582">
    <p class='ocr_par' dir='ltr' id='par_1_103' title="bbox 2127 4510 2678 4582">
     <span class='ocr_line' id='line_1_103' title="bbox 2127 4510 2678 4582; baseline -0.005 -15"><span class='ocrx_word' id='word_1_768' title='bbox 2127 4514 2388 4569; x_wconf 87' lang='lat' dir='ltr'><strong>adorandi</strong></span> <span class='ocrx_word' id='word_1_769' title='bbox 2421 4510 2678 4582; x_wconf 88' lang='lat' dir='ltr'><strong>Spiritus.</strong></span> 
     </span>
    </p>
   </div>
   <div class='ocr_carea' id='block_1_104' title="bbox 2196 4588 3643 4671">
    <p class='ocr_par' dir='ltr' id='par_1_104' title="bbox 2196 4588 3643 4671">
     <span class='ocr_line' id='line_1_104' title="bbox 2196 4588 3643 4671; baseline -0.017 -14"><span class='ocrx_word' id='word_1_770' title='bbox 2196 4601 2312 4658; x_wconf 74' lang='lat' dir='ltr'><strong>XV.</strong></span> <span class='ocrx_word' id='word_1_771' title='bbox 2346 4602 2404 4656; x_wconf 83' lang='lat' dir='ltr'><strong>Ei</strong></span> <span class='ocrx_word' id='word_1_772' title='bbox 2434 4612 2613 4656; x_wconf 84' lang='lat' dir='ltr'><strong>autem</strong></span> <span class='ocrx_word' id='word_1_773' title='bbox 2641 4610 2892 4671; x_wconf 85' lang='lat' dir='ltr'><strong>prompto</strong></span> <span class='ocrx_word' id='word_1_774' title='bbox 2924 4611 2981 4657; x_wconf 84' lang='lat' dir='ltr'><strong>et</strong></span> <span class='ocrx_word' id='word_1_775' title='bbox 3012 4601 3181 4657; x_wconf 79' lang='lat' dir='ltr'><strong>alacri</strong></span> <span class='ocrx_word' id='word_1_776' title='bbox 3212 4597 3388 4653; x_wconf 78' lang='lat' dir='ltr'><strong>animo</strong></span> <span class='ocrx_word' id='word_1_777' title='bbox 3408 4588 3643 4643; x_wconf 77' lang='lat' dir='ltr'><strong>ﬂectamus</strong></span> 
     </span>
    </p>
   </div>
   <div class='ocr_carea' id='block_1_105' title="bbox 2125 4682 3632 4766">
    <p class='ocr_par' dir='ltr' id='par_1_105' title="bbox 2125 4682 3632 4766">
     <span class='ocr_line' id='line_1_105' title="bbox 2125 4682 3632 4766; baseline -0.014 -17"><span class='ocrx_word' id='word_1_778' title='bbox 2125 4711 2319 4766; x_wconf 76' lang='lat' dir='ltr'><strong>genua,</strong></span> <span class='ocrx_word' id='word_1_779' title='bbox 2371 4692 2641 4764; x_wconf 87' lang='lat' dir='ltr'><strong>lacrymas</strong></span> <span class='ocrx_word' id='word_1_780' title='bbox 2696 4693 2985 4747; x_wconf 79' lang='lat' dir='ltr'><strong>fundamus</strong></span> <span class='ocrx_word' id='word_1_781' title='bbox 3006 4708 3115 4763; x_wconf 87' lang='lat' dir='ltr'><strong>prae</strong></span> <span class='ocrx_word' id='word_1_782' title='bbox 3161 4688 3363 4751; x_wconf 76' lang='lat' dir='ltr'><strong>lmtitia,</strong></span> <span class='ocrx_word' id='word_1_783' title='bbox 3392 4688 3508 4735; x_wconf 87' lang='lat' dir='ltr'><strong>ante</strong></span> <span class='ocrx_word' id='word_1_784' title='bbox 3535 4682 3632 4766; x_wconf 58' lang='lat' dir='ltr'><strong>etilli</strong></span> 
     </span>
    </p>
   </div>
   <div class='ocr_carea' id='block_1_106' title="bbox 2128 4762 3646 4852">
    <p class='ocr_par' dir='ltr' id='par_1_106' title="bbox 2128 4762 3646 4852">
     <span class='ocr_line' id='line_1_106' title="bbox 2128 4762 3646 4852; baseline -0.015 -7"><span class='ocrx_word' id='word_1_785' title='bbox 2128 4800 2355 4852; x_wconf 86' lang='lat' dir='ltr'><strong>stemus,</strong></span> <span class='ocrx_word' id='word_1_786' title='bbox 2387 4796 2441 4840; x_wconf 91' lang='lat' dir='ltr'><strong>et</strong></span> <span class='ocrx_word' id='word_1_787' title='bbox 2497 4785 2729 4839; x_wconf 87' lang='lat' dir='ltr'><strong>tideliter</strong></span> <span class='ocrx_word' id='word_1_788' title='bbox 2789 4800 2983 4839; x_wconf 74' lang='lat' dir='ltr'><strong>Omnes</strong></span> <span class='ocrx_word' id='word_1_789' title='bbox 3043 4781 3443 4839; x_wconf 82' lang='lat' dir='ltr'><strong>sanetilicemur</strong></span> <span class='ocrx_word' id='word_1_790' title='bbox 3483 4762 3646 4824; x_wconf 57' lang='lat' dir='ltr'><strong>oculi!»</strong></span> 
     </span>
    </p>
   </div>
   <div class='ocr_carea' id='block_1_107' title="bbox 2130 4868 3647 4946">
    <p class='ocr_par' dir='ltr' id='par_1_107' title="bbox 2130 4868 3647 4946">
     <span class='ocr_line' id='line_1_107' title="bbox 2130 4868 3647 4946; baseline -0.013 -12"><span class='ocrx_word' id='word_1_791' title='bbox 2130 4880 2319 4945; x_wconf 83' lang='lat' dir='ltr'><strong>labris,</strong></span> <span class='ocrx_word' id='word_1_792' title='bbox 2380 4878 2679 4945; x_wconf 84' lang='lat' dir='ltr'><strong>frontibus,</strong></span> <span class='ocrx_word' id='word_1_793' title='bbox 2729 4879 3003 4946; x_wconf 83' lang='lat' dir='ltr'><strong>manibus,</strong></span> <span class='ocrx_word' id='word_1_794' title='bbox 3038 4893 3156 4933; x_wconf 90' lang='lat' dir='ltr'><strong>eam</strong></span> <span class='ocrx_word' id='word_1_795' title='bbox 3209 4887 3330 4929; x_wconf 89' lang='lat' dir='ltr'><strong>cum</strong></span> <span class='ocrx_word' id='word_1_796' title='bbox 3383 4876 3516 4922; x_wconf 89' lang='lat' dir='ltr'><strong>metu</strong></span> <span class='ocrx_word' id='word_1_797' title='bbox 3554 4868 3647 4912; x_wconf 63' lang='grc' dir='ltr'>ιλιι·</span> 
     </span>
    </p>
   </div>
   <div class='ocr_carea' id='block_1_108' title="bbox 2129 4958 3641 5041">
    <p class='ocr_par' dir='ltr' id='par_1_108' title="bbox 2129 4958 3641 5041">
     <span class='ocr_line' id='line_1_108' title="bbox 2129 4958 3641 5041; baseline -0.013 -16"><span class='ocrx_word' id='word_1_798' title='bbox 2129 4983 2336 5041; x_wconf 80' lang='lat' dir='ltr'><strong>gentes,</strong></span> <span class='ocrx_word' id='word_1_799' title='bbox 2392 4979 2447 5024; x_wconf 85' lang='lat' dir='ltr'><strong>et</strong></span> <span class='ocrx_word' id='word_1_800' title='bbox 2487 4970 2539 5023; x_wconf 93' lang='lat' dir='ltr'><strong>in</strong></span> <span class='ocrx_word' id='word_1_801' title='bbox 2582 4969 2749 5023; x_wconf 89' lang='lat' dir='ltr'><strong>altum</strong></span> <span class='ocrx_word' id='word_1_802' title='bbox 2806 4969 3149 5033; x_wconf 80' lang='lat' dir='ltr'><strong>extollentes,</strong></span> <span class='ocrx_word' id='word_1_803' title='bbox 3204 4974 3258 5019; x_wconf 88' lang='lat' dir='ltr'><strong>et</strong></span> <span class='ocrx_word' id='word_1_804' title='bbox 3285 4963 3360 5018; x_wconf 90' lang='lat' dir='ltr'><strong>sic</strong></span> <span class='ocrx_word' id='word_1_805' title='bbox 3393 4958 3641 5012; x_wconf 69' lang='lat' dir='ltr'><strong>dicentes:</strong></span> 
     </span>
    </p>
   </div>
   <div class='ocr_carea' id='block_1_109' title="bbox 2142 5041 3637 5130">
    <p class='ocr_par' dir='ltr' id='par_1_109' title="bbox 2142 5041 3637 5130">
     <span class='ocr_line' id='line_1_109' title="bbox 2142 5041 3637 5130; baseline -0.01 -16"><span class='ocrx_word' id='word_1_806' title='bbox 2142 5082 2160 5114; x_wconf 82' lang='grc' dir='ltr'><strong>ι</strong></span> <span class='ocrx_word' id='word_1_807' title='bbox 2199 5063 2358 5130; x_wconf 82' lang='lat' dir='ltr'><strong>Audi,</strong></span> <span class='ocrx_word' id='word_1_808' title='bbox 2412 5060 2540 5126; x_wconf 78' lang='lat' dir='ltr'><strong>(ilia,</strong></span> <span class='ocrx_word' id='word_1_809' title='bbox 2566 5071 2621 5114; x_wconf 85' lang='lat' dir='ltr'><strong>et</strong></span> <span class='ocrx_word' id='word_1_810' title='bbox 2651 5051 2792 5126; x_wconf 85' lang='lat' dir='ltr'><strong>vidé,</strong></span> <span class='ocrx_word' id='word_1_811' title='bbox 2834 5068 2890 5115; x_wconf 86' lang='lat' dir='ltr'><strong>et</strong></span> <span class='ocrx_word' id='word_1_812' title='bbox 2947 5060 3143 5114; x_wconf 88' lang='lat' dir='ltr'><strong>inclina</strong></span> <span class='ocrx_word' id='word_1_813' title='bbox 3194 5066 3373 5109; x_wconf 89' lang='lat' dir='ltr'><strong>aurem</strong></span> <span class='ocrx_word' id='word_1_814' title='bbox 3407 5058 3537 5104; x_wconf 85' lang='lat' dir='ltr'><strong>tuam</strong></span> <span class='ocrx_word' id='word_1_815' title='bbox 3555 5041 3590 5093; x_wconf 77' lang='grc'><strong>⁸.</strong></span> <span class='ocrx_word' id='word_1_816' title='bbox 3618 5054 3637 5086; x_wconf 69' lang='grc' dir='ltr'><strong>ι</strong></span> 
     </span>
    </p>
   </div>
   <div class='ocr_carea' id='block_1_110' title="bbox 2133 5140 3644 5220">
    <p class='ocr_par' dir='ltr' id='par_1_110' title="bbox 2133 5140 3644 5220">
     <span class='ocr_line' id='line_1_110' title="bbox 2133 5140 3644 5220; baseline -0.012 -13"><span class='ocrx_word' id='word_1_817' title='bbox 2133 5152 2296 5207; x_wconf 81' lang='lat' dir='ltr'><strong>Vides</strong></span> <span class='ocrx_word' id='word_1_818' title='bbox 2350 5151 2521 5213; x_wconf 90' lang='lat' dir='ltr'><strong>enim,</strong></span> <span class='ocrx_word' id='word_1_819' title='bbox 2582 5151 2730 5205; x_wconf 84' lang='lat' dir='ltr'><strong>vides</strong></span> <span class='ocrx_word' id='word_1_820' title='bbox 2783 5162 2910 5204; x_wconf 89' lang='lat' dir='ltr'><strong>ante</strong></span> <span class='ocrx_word' id='word_1_821' title='bbox 2964 5149 3127 5220; x_wconf 85' lang='lat' dir='ltr'><strong>pedes</strong></span> <span class='ocrx_word' id='word_1_822' title='bbox 3174 5140 3644 5215; x_wconf 53' lang='lat' dir='ltr'><strong>pulcherrimae!“</strong></span> 
     </span>
    </p>
   </div>
   <div class='ocr_carea' id='block_1_111' title="bbox 2128 5230 3642 5313">
    <p class='ocr_par' dir='ltr' id='par_1_111' title="bbox 2128 5230 3642 5313">
     <span class='ocr_line' id='line_1_111' title="bbox 2128 5230 3642 5313; baseline -0.009 -16"><span class='ocrx_word' id='word_1_823' title='bbox 2128 5259 2302 5313; x_wconf 73' lang='lat' dir='ltr'><strong>capsa:</strong></span> <span class='ocrx_word' id='word_1_824' title='bbox 2332 5258 2430 5297; x_wconf 86' lang='lat' dir='ltr'><strong>nos</strong></span> <span class='ocrx_word' id='word_1_825' title='bbox 2455 5257 2646 5296; x_wconf 90' lang='lat' dir='ltr'><strong>omnes</strong></span> <span class='ocrx_word' id='word_1_826' title='bbox 2678 5243 2933 5298; x_wconf 86' lang='lat' dir='ltr'><strong>ardenter</strong></span> <span class='ocrx_word' id='word_1_827' title='bbox 2957 5241 3204 5304; x_wconf 89' lang='lat' dir='ltr'><strong>volutari,</strong></span> <span class='ocrx_word' id='word_1_828' title='bbox 3238 5245 3292 5292; x_wconf 88' lang='lat' dir='ltr'><strong>et</strong></span> <span class='ocrx_word' id='word_1_829' title='bbox 3318 5243 3457 5288; x_wconf 87' lang='lat' dir='ltr'><strong>tuum</strong></span> <span class='ocrx_word' id='word_1_830' title='bbox 3491 5230 3642 5295; x_wconf 74' lang='lat' dir='ltr'><strong>poslu&#39;</strong></span> 
     </span>
    </p>
   </div>
   <div class='ocr_carea' id='block_1_112' title="bbox 2128 5318 3639 5402">
    <p class='ocr_par' dir='ltr' id='par_1_112' title="bbox 2128 5318 3639 5402">
     <span class='ocr_line' id='line_1_112' title="bbox 2128 5318 3639 5402; baseline -0.011 -13"><span class='ocrx_word' id='word_1_831' title='bbox 2128 5338 2243 5390; x_wconf 85' lang='lat' dir='ltr'><strong>lare</strong></span> <span class='ocrx_word' id='word_1_832' title='bbox 2293 5334 2575 5398; x_wconf 78' lang='lat' dir='ltr'><strong>auxilium,</strong></span> <span class='ocrx_word' id='word_1_833' title='bbox 2648 5343 3032 5402; x_wconf 79' lang='lat' dir='ltr'><strong>exspectantes</strong></span> <span class='ocrx_word' id='word_1_834' title='bbox 3085 5343 3227 5385; x_wconf 80' lang='lat' dir='ltr'><strong>luant</strong></span> <span class='ocrx_word' id='word_1_835' title='bbox 3287 5318 3639 5381; x_wconf 70' lang='lat' dir='ltr'><strong>defensionva</strong></span> 
     </span>
    </p>
   </div>
   <div class='ocr_carea' id='block_1_113' title="bbox 2130 5411 3638 5498">
    <p class='ocr_par' dir='ltr' id='par_1_113' title="bbox 2130 5411 3638 5498">
     <span class='ocr_line' id='line_1_113' title="bbox 2130 5411 3638 5498; baseline -0.008 -12"><span class='ocrx_word' id='word_1_836' title='bbox 2130 5442 2280 5486; x_wconf 88' lang='lat' dir='ltr'><strong>tuum</strong></span> <span class='ocrx_word' id='word_1_837' title='bbox 2317 5430 2370 5484; x_wconf 94' lang='lat' dir='ltr'><strong>in</strong></span> <span class='ocrx_word' id='word_1_838' title='bbox 2412 5428 2665 5484; x_wconf 89' lang='lat' dir='ltr'><strong>onmibus</strong></span> <span class='ocrx_word' id='word_1_839' title='bbox 2706 5430 3025 5485; x_wconf 84' lang='lat' dir='ltr'><strong>invocantes</strong></span> <span class='ocrx_word' id='word_1_840' title='bbox 3070 5421 3437 5498; x_wconf 85' lang='lat' dir='ltr'><strong>patrocinium.</strong></span> <span class='ocrx_word' id='word_1_841' title='bbox 3483 5411 3638 5474; x_wconf 75' lang='grc' dir='ltr'>ιωίιιιο</span> 
     </span>
    </p>
   </div>
   <div class='ocr_carea' id='block_1_114' title="bbox 2130 5506 3639 5595">
    <p class='ocr_par' dir='ltr' id='par_1_114' title="bbox 2130 5506 3639 5595">
     <span class='ocr_line' id='line_1_114' title="bbox 2130 5506 3639 5595; baseline -0.008 -19"><span class='ocrx_word' id='word_1_842' title='bbox 2130 5531 2207 5591; x_wconf 83' lang='grc' dir='ltr'>ιιι,</span> <span class='ocrx_word' id='word_1_843' title='bbox 2245 5521 2371 5577; x_wconf 90' lang='lat' dir='ltr'><strong>dum</strong></span> <span class='ocrx_word' id='word_1_844' title='bbox 2418 5521 2506 5578; x_wconf 92' lang='lat' dir='ltr'><strong>hic</strong></span> <span class='ocrx_word' id='word_1_845' title='bbox 2533 5523 2753 5595; x_wconf 89' lang='lat' dir='ltr'><strong>quidem</strong></span> <span class='ocrx_word' id='word_1_846' title='bbox 2782 5536 3083 5590; x_wconf 87' lang='lat' dir='ltr'><strong>manemus,</strong></span> <span class='ocrx_word' id='word_1_847' title='bbox 3119 5533 3214 5574; x_wconf 87' lang='lat' dir='ltr'><strong>nos</strong></span> <span class='ocrx_word' id='word_1_848' title='bbox 3247 5520 3502 5587; x_wconf 70' lang='lat' dir='ltr'><strong>protegas.</strong></span> <span class='ocrx_word' id='word_1_849' title='bbox 3533 5506 3639 5564; x_wconf 64' lang='lat' dir='ltr'><strong>sui&quot;</strong></span> 
     </span>
    </p>
   </div>
  </div>
