3986 6212
404 273 540 335 i‘l-i’l

1397 287 1656 347 SERMO
1696 291 1790 349 DE
1815 292 2004 351 ΖΟΝΑ
2051 292 2157 356 SS.
2204 297 2580 360 DEIPARE.

3507 304 3644 374 1250

399 385 663 454 lJlicnmus
699 404 712 439 τ
757 401 944 442 rursus
986 400 1190 458 “limi”:
1232 406 1309 455 "is
1341 415 1462 450 “"1"
1525 405 1875 468 excedemus.
1918 405 1970 458 Ῐιι
2005 413 2043 465 Α
2077 429 2202 479 gito,
2257 418 2359 470 t-tit
2420 429 2674 488 tanquant
2731 434 2791 475 os
2842 435 3019 476 meum
3039 421 3081 477 ⁷.
3142 421 3313 479 Hodie
3358 423 3642 479 dedicatur

395 477 603 530 aedibus
626 491 846 548 semper
878 481 1189 540 viventibus
1215 498 1268 540 et
1305 489 1594 547 luminosis
1637 496 1968 562 habitemns,

394 568 770 627 obsecramus.
803 570 1005 627 Contra
1026 588 1204 631 autem
1243 581 1400 634 nobis
1432 599 1611 649 parcat
1645 596 1776 642 tuus
1805 589 1969 640 Filius

396 667 453 714 et
481 659 642 728 Deus,
676 665 1008 732 perennibus
1055 670 1160 723 luis
1209 673 1579 731 orationibus.
1638 678 1782 732 Nihil
1827 681 1969 732 enim

393 761 503 813 (εει,
540 753 680 820 quod
713 753 805 808 libi
830 755 898 810 sit
920 757 1328 828 impedimento,
1355 780 1385 818 ο
1411 768 1690 836 impolluta
1726 772 1970 829 Domina.

398 840 538 894 Ecce
571 843 718 897 enim
771 857 892 915 post
924 856 1075 904 tuum
1123 853 1317 907 festum
1344 861 1598 924 pretiosae
1631 872 1732 914 tua:
1755 874 1805 914 et
1841 864 1971 915 ado-

401 933 582 986 randae
613 951 780 1000 zonte,
818 938 976 1007 hujus
1005 956 1218 1011 quoque
1248 947 1320 998 tui
1358 949 1540 1018 templi
1571 951 1970 1007 dedicationem

399 1028 746 1082 concorditer
775 1033 1107 1102 peragintus,
1155 1039 1323 1108 utqui
1347 1039 1521 1096 simus
1555 1045 1695 1097 servi
1725 1055 1782 1100 et
1814 1045 1966 1100 debi-

403 1125 574 1182 tores,
609 1134 642 1172 o
681 1123 905 1188 optima.
941 1122 1171 1195 Respice
1221 1144 1411 1186 servos
1447 1140 1593 1196 tuos,
1644 1137 1877 1204 respice.
1909 1136 1967 1190 In

399 1219 451 1264 te
495 1212 641 1265 enim
672 1228 860 1269 omnes
897 1232 1045 1286 Spt’m
1100 1234 1342 1277 nostrain
1385 1227 1796 1293 eollocavimns,
1832 1240 1885 1284 et
1915 1230 1967 1284 in

401 1309 450 1352 te
483 1300 731 1366 vivimus,
764 1314 817 1358 et
854 1305 1172 1374 gloriamur,
1216 1321 1270 1366 et
1300 1329 1512 1369 sumus.
1545 1315 1764 1372 Scimus
1800 1320 1968 1381 enim,

397 1391 602 1446 scimus
655 1393 792 1460 fore,
818 1404 876 1448 ut
914 1413 1016 1451 non
1061 1400 1161 1456 hac
1198 1415 1385 1458 nostra
1427 1405 1749 1462 frnstremnr
1780 1425 1972 1480 exspe-

389 1485 657 1551 ctatione,
721 1498 814 1540 aut
857 1487 1130 1554 fallantur.
1158 1502 1212 1547 et
1263 1497 1599 1554 excidemus.
1660 1500 1772 1554 'I'na
1826 1505 1969 1558 enim

391 1591 584 1631 sumus
619 1577 932 1646 luereditas,
966 1597 997 1635 o
1040 1583 1346 1653 impolluta,
1393 1600 1450 1644 et
1485 1593 1550 1644 ad
1576 1602 1626 1646 te
1667 1609 1825 1650 mane
1853 1611 1971 1648 sur-

393 1683 522 1739 gere
547 1679 600 1722 el
632 1669 948 1741 confugere,
982 1691 1255 1744 nunquam
1301 1696 1398 1735 nos
1433 1683 1684 1752 pigucrit.

465 1757 605 1813 XVI.
633 1760 876 1829 Agedum
904 1779 1055 1828 vero,
1092 1769 1284 1835 popnle
1328 1771 1518 1835 elccte,
1557 1783 1612 1829 et
1652 1776 1762 1831 Deo
1793 1789 1965 1848 grate,
2004 1760 2042 1812 Β

393 1861 683 1921 postquam
766 1853 833 1907 de
886 1858 1194 1911 veneranda
1268 1868 1322 1913 et
1375 1864 1773 1931 pretiosissima
1833 1884 1967 1922 zona

397 1956 570 2011 pauca
601 1943 858 2009 diximus,
914 1961 1012 2014 pro
1042 1961 1229 2003 nostra
1270 1966 1491 2020 qunque
1521 1955 1734 2010 dicendi
1794 1959 1967 2013 facul-

394 2039 530 2094 tate,
560 2032 820 2087 nonnulla
849 2034 1094 2092 dicamus
1123 2038 1192 2092 de
1234 2041 1597 2109 dedicatione,
1645 2046 1781 2101 sicut
1815 2051 1968 2103 vobis

395 2133 520 2177 ante
553 2140 743 2178 sumus
771 2124 1021 2194 polliciti.
1045 2127 1336 2184 Dedicatnr
1367 2149 1496 2201 ergo
1525 2133 1682 2190 hodie
1709 2139 1963 2208 templum

397 2216 488 2268 Dei
512 2214 721 2281 Matris,
759 2218 903 2287 quod
937 2231 1019 2273 est
1044 2219 1473 2289 pulcherrimum
1503 2234 1559 2279 et
1597 2226 1968 2282 ltttninosissi-

391 2323 564 2370 mum,
589 2315 644 2363 et
671 2307 812 2364 caelo
844 2319 1025 2379 potest
1069 2313 1419 2382 acquiparari.
1476 2315 1650 2372 llodie
1679 2319 1968 2376 dedicatur

392 2401 650 2469 templum
688 2405 926 2458 maxime
953 2405 1258 2460 benedicta:
1296 2406 1392 2462 Dei
1452 2409 1598 2474 ﬁliae,
1633 2409 1686 2464 in
1726 2425 1836 2480 quo
1865 2427 1965 2465 an-

395 2493 636 2560 gelorum
688 2499 962 2554 exercitus
1015 2502 1235 2556 assidue
1295 2503 1638 2571 ministrant,
1696 2515 1750 2560 et
1819 2507 1964 2562 circa

399 2600 615 2653 semper
640 2586 1010 2657 splendentem
1066 2607 1284 2659 capsam
1307 2609 1431 2648 cum
1461 2596 1652 2650 timore
1681 2597 1965 2665 assistunt,

394 2678 534 2747 quod
565 2687 617 2732 et
651 2679 830 2734 fascia.-
853 2681 1056 2738 Christi
1091 2685 1140 2736 in
1177 2699 1238 2739 ea
1272 2695 1397 2737 sunt
1430 2689 1742 2752 reconditte,
1771 2701 1826 2744 et
1851 2690 1966 2744 haec

395 2782 422 2818 a
454 2766 564 2821 Deo
596 2778 844 2823 contexta
865 2787 999 2826 zona
1035 2775 1173 2844 ejus,
1206 2791 1327 2845 quae
1350 2779 1559 2846 peperit
1588 2778 1958 2835 ineffabiliter.

387 2855 572 2911 Gloria
603 2858 674 2912 sit
701 2859 773 2924 ei,
807 2861 897 2930 qui
936 2879 1031 2918 IIOS
1066 2865 1118 2917 in
1150 2866 1235 2920 his
1281 2867 1486 2921 aﬂ‘atim
1520 2869 1676 2936 ditat,
1721 2880 1776 2924 et
1807 2871 1967 2925 refri-

391 2961 566 3020 gerat,
598 2961 652 3006 ct
708 2968 736 3006 a
778 2953 962 3008 ntultis
1003 2956 1157 3010 malis
1189 2957 1403 3022 liberat,
1439 2975 1633 3028 nempe
1678 2971 1732 3018 et
1781 2977 1845 3016 ex
1882 2962 1966 3016 in-

2077 507 2335 576 templnm
2371 526 2561 579 purum
2600 520 2654 564 et
2704 511 2970 583 integrum
2997 515 3244 585 gloriosae
3283 516 3372 570 Dei
3405 516 3548 580 ﬁliae,
3583 517 3635 570 in

2075 599 2217 665 quod
2249 605 2412 655 etiam
2455 604 2514 668 ii,
2564 604 2654 670 qui
2701 615 2826 659 sunt
2853 605 2905 658 in
2938 607 3210 662 montibus
3247 620 3298 659 et
3346 608 3642 676 speluncis,

2075 706 2236 745 cursu
2269 694 2570 757 venientes,
2606 712 2671 751 ex
2698 698 2836 752 bona
2881 700 3019 753 fama
3054 716 3176 754 ossa
3231 701 3312 768 (nt
3343 700 3640 753 dicitScriv

2077 782 2251 852 plura)
2295 785 2724 854 pingucfaciente
2747 789 2789 854 ⁸,
2824 805 3006 843 amore
3066 805 3302 843 amorem
3336 798 3640 852 assumunt,

2076 883 2130 925 et
2162 873 2264 928 la'ti
2328 875 2548 930 domum
2601 880 2823 943 vadunt,
2883 896 3097 950 semper
3168 880 3402 948 Virginis
3462 879 3645 934 Maria:

2077 980 2348 1019 summum
2410 970 2664 1036 templum
2729 971 3084 1024 honorantes.
3161 971 3328 1025 Ilndie
3387 973 3640 1038 templum

2075 1057 2352 1112 dedicatur
2392 1061 2534 1114 illius
2568 1064 2909 1128 castissimat,
2947 1065 3158 1132 templis
3208 1064 3460 1118 Omnibus
3489 1077 3649 1130 supc-

2073 1149 2206 1211 rius,
2244 1150 2294 1202 in
2329 1168 2432 1218 quo
2462 1153 2677 1218 plurimi
2706 1170 2766 1208 ex
2805 1157 2889 1219 iis,
2920 1157 3010 1224 qui
3043 1168 3166 1211 sunt
3197 1155 3380 1226 polluti
3412 1155 3648 1223 peccatis

2075 1241 2433 1309 gravissimis,
2469 1248 2693 1299 redeunt
2729 1249 2792 1298 ad
2821 1249 3074 1316 pietatem
3110 1258 3164 1302 (ιι
3199 1265 3462 1302 summam
3495 1249 3647 1317 puri-

2073 1340 2264 1396 tatem,
2309 1344 2362 1387 et
2426 1336 2560 1390 ﬁunt
2593 1339 2826 1406 aequales
2875 1341 3100 1408 angelis.
3150 1340 3321 1395 llodie
3366 1341 3648 1395 dedicatur

2076 1427 2331 1494 templum
2393 1429 2680 1496 patrocinii
2718 1440 2771 1483 et
2807 1429 3140 1486 defensionis
3170 1433 3640 1494 Christianorum,

2075 1518 2128 1571 in
2162 1534 2269 1586 quo
2303 1519 2336 1572 ii
2367 1522 2553 1585 etiam,
2593 1522 2681 1590 qui
2712 1522 2914 1592 optime
2953 1523 3162 1588 vivunt,
3199 1525 3502 1579 redduntur
3530 1527 3643 1581 for-

2076 1611 2358 1674 mosiores,
2395 1619 2448 1664 et
2495 1612 2613 1665 luce
2665 1613 2837 1666 lucem
2898 1616 3194 1684 accipiunt,
3251 1617 3498 1671 exornati
3540 1617 3646 1670 hu-

2077 1702 2320 1762 militate,
2355 1701 2442 1772 qui
2478 1701 2754 1757 Christum
2805 1705 3110 1760 imitantur.
3175 1705 3348 1761 Hodie
3388 1707 3644 1777 templum

2082 1795 2364 1846 dedicatur
2418 1795 2822 1860 laudatissinue,
2878 1805 2931 1850 et
2979 1799 3046 1850 ab
3103 1799 3250 1852 omni
3307 1799 3430 1853 labe
3460 1799 3650 1854 alienae

2074 1885 2282 1953 puellm,
2320 1885 2371 1937 in
2420 1887 2563 1953 quod
2593 1886 2904 1956 quicunque
2953 1888 3253 1955 ingreditur
3285 1899 3340 1942 et
3379 1889 3650 1944 desiderio

2073 1989 2127 2031 et
2153 1977 2275 2041 ﬁde,
2309 1988 2361 2030 et
2389 1992 2452 2030 ea
2489 1981 2754 2039 enuntiat,
2786 1991 2905 2046 quae
2952 1978 3017 2031 ab
3049 1993 3112 2032 eo
3145 1978 3282 2033 facta
3313 1989 3438 2033 sunt
3467 1981 3651 2049 gravi-

2078 2079 2179 2130 ter,
2239 2078 2289 2122 et
2357 2069 2648 2122 conﬁtetur
2708 2084 2768 2124 se
2811 2080 3216 2139 amputaturum
3274 2087 3337 2126 ea
3369 2088 3490 2142 qua:
3523 2080 3650 2126 sunt

2081 2161 2326 2224 molesta,
2359 2159 2538 2212 statim
2569 2158 2620 2228 (ο
2646 2161 3030 2228 miraculum!)
3063 2161 3264 2215 invenit
3297 2161 3646 2226 solutionem,

2076 2261 2128 2305 et
2159 2252 2338 2306 cordis
2363 2252 2806 2305 exsultatiOnem.
2837 2252 2980 2306 Dixit
3007 2253 3174 2316 enim,
3207 2253 3405 2320 inquit,
3436 2253 3651 2306 «Eunu-

2074 2343 2219 2396 tlaho
2248 2354 2438 2396 contra
2493 2358 2577 2397 me
2633 2342 2973 2411 iniquitatem
3023 2359 3196 2398 meant
3238 2343 3465 2400 Domino
3511 2354 3564 2399 et
3591 2353 3646 2400 tu

2073 2434 2329 2488 remisisti
2359 2433 2692 2502 impietatem
2729 2435 2912 2489 cordis
2947 2436 3120 2490 mei’.
3156 2454 3174 2486 ι

2145 2529 2311 2584 Hodie
2361 2531 2620 2600 templum
2660 2532 2804 2585 omni
2835 2547 2900 2584 ex
2935 2539 3088 2600 parte
3147 2532 3445 2587 benedicta:
3473 2539 3527 2586 et
3556 2546 3651 2586 ve-

2073 2623 2324 2676 neranda:
2358 2623 2802 2690 adolescentulaa,
2835 2635 2888 2678 et
2916 2626 3306 2694 prophetarum
3345 2624 3644 2685 eorunidis,

2071 2724 2154 2768 est
2216 2714 2569 2772 dedicatum:
2626 2715 2676 2769 in
2713 2731 2820 2783 quo
2866 2717 3150 2783 eriguntur
3202 2716 3507 2786 paralytiei,
3551 2715 3644 2785 qui

2071 2820 2176 2859 non
2204 2804 2406 2871 vident,
2440 2807 2612 2860 visum
2644 2808 2931 2876 recipiunt,
2956 2818 3008 2863 et
3035 2809 3123 2878 qui
3155 2810 3382 2863 horrore
3412 2823 3474 2862 ac
3503 2807 3642 2864 febri

2071 2899 2342 2962 laborant,
2391 2909 2669 2954 curantur.
2738 2901 2831 2955 Est
2883 2903 3028 2955 enim
3115 2916 3331 2969 semper
3386 2899 3640 2970 perennis

2073 2992 2350 3058 scaturigo
2413 2992 2528 3059 ejus
2595 2992 3002 3047 miraculorum.
3067 2993 3236 3049 Ilodie
3271 3008 3370 3048 nos
3401 3007 3642 3063 quoque,

525 3041 538 3054 .
1564 3051 1575 3061 ,
2082 3041 2161 3044 νεή
2213 3041 2342 3058 “⁷“ῠ“
2419 3041 2457 3059 -σ
2503 3041 2525 3045 ν
2652 3041 3002 3047 -τ-τ-τνν---ντ-
3068 3041 3235 3049 -τν---ν
3272 3041 3368 3048 --ν-
3403 3041 3642 3063 Ί-*Ί“-“1

393 3056 646 3149 Curium"
701 3043 1064 3100 Barbammm
1094 3057 1145 3102 ei
1177 3050 1434 3120 graVibus
1489 3051 1608 3104 "ms
1641 3052 1960 3122 quibus‘la'“
1993 3087 2035 3143 C
2073 3081 2164 3149 qui
2237 3083 2340 3135 hnc
2386 3083 2745 3147 accnrrimus,
2779 3083 2845 3136 ah
2899 3084 3409 3148 iunnn‘terabilibus,
3448 3093 3502 3137 et
3541 3084 3644 3139 sibi

391 3135 626 3190 casibus.

467 3227 628 3284 XVII.
662 3229 828 3285 llodie
878 3230 1223 3284 celebrantur
1275 3237 1515 3287 encmnia
1587 3245 1786 3289 nostra:
1822 3236 1965 3290 inte-

395 3332 636 3376 merata»
682 3323 749 3375 Et
779 3323 899 3389 quis
952 3337 1020 3375 ex
1084 3323 1214 3376 viris
1266 3325 1575 3392 terrigenis,
1626 3335 1679 3380 et
1729 3342 1813 3390 ea,
1850 3340 1968 3394 qua:

388 3424 518 3468 sunt
552 3413 666 3478 Dei,
699 3413 1017 3476 scientibus,
1047 3430 1150 3468 non
1172 3415 1460 3480 exsilierit,
1493 3425 1544 3471 et
1576 3432 1677 3472 non
1707 3417 1966 3485 prteclare

388 3519 552 3572 supra
592 3505 767 3558 nivem
803 3504 1088 3560 dealbatus
1122 3506 1310 3571 fuerit,
1342 3516 1396 3562 et
1428 3507 1610 3563 animo
1638 3517 1693 3563 et
1725 3509 1965 3563 moribus

391 3597 674 3652 mutatus?
705 3597 781 3650 Ita
815 3598 959 3651 enim
995 3599 1044 3653 in
1084 3599 1190 3666 [his
1221 3601 1425 3657 erimus
1460 3601 1578 3657 sine
1619 3603 1879 3672 periculo,
1919 3601 1963 3656 si

395 3691 635 3743 maxime
676 3705 797 3743 cum
834 3699 979 3745 metu
1015 3699 1070 3744 et
1100 3699 1335 3747 tremore
1365 3699 1418 3746 et
1465 3692 1692 3760 spiritali
1727 3693 1964 3753 exsulta-

397 3779 541 3833 tione
605 3779 657 3832 in
709 3779 759 3832 id
790 3779 1183 3847 ingrediantur.
1221 3778 1389 3833 IIodie
1409 3779 1664 3846 templum
1687 3779 1968 3832 dedicatur

393 3873 556 3941 hujus
587 3871 832 3943 gloriosa:
886 3872 977 3926 Dei
1034 3871 1223 3926 Matris
1255 3872 1308 3925 itt
1344 3873 1485 3940 quod
1527 3871 1595 3925 ab
1647 3872 1870 3926 Oriente
1913 3881 1966 3924 et

392 3961 702 4027 Occidente,
739 3979 766 4016 a
807 3962 1188 4030 Septentrione
1215 3971 1268 4016 ct
1291 3963 1450 4026 mari,
1487 3977 1674 4016 onmes
1711 3963 1965 4016 ardenter

391 4067 446 4109 ει
473 4056 700 4110 ﬁdeliter
725 4055 1002 4109 conﬂuunt
1028 4065 1084 4109 et
1118 4055 1391 4123 spiritales
1412 4055 1593 4109 cultus
1620 4065 1738 4108 cuin
1772 4055 1965 4108 timore

393 4158 679 4220 peragunt,
704 4157 756 4202 ct
792 4149 959 4202 Deum
987 4163 1052 4203 ex
1083 4149 1245 4202 corde
1280 4163 1386 4202 non
1421 4156 1638 4202 cessant
1661 4147 1964 4218 gloriﬁcare

391 4257 422 4294 a
462 4241 634 4293 media
687 4250 862 4302 nocte,
904 4247 1069 4308 atque
1120 4240 1258 4294 adeo
1311 4249 1571 4308 perpetuo
1621 4249 1871 4308 prompto
1911 4249 1966 4293 et

389 4331 560 4386 alacri
616 4331 838 4395 animo,
889 4330 1179 4384 assimilari
1211 4315 1439 4398 °angelis
1495 4336 1549 4382 et
1601 4328 1958 4396 archangelis.

390 4422 565 4478 IIodie
615 4421 898 4476 dedicatur
929 4422 1186 4490 templum
1236 4422 1396 4491 [legis
1428 4421 1631 4476 Christi
1664 4420 1868 4485 Matris,
1907 4421 1956 4473 in
1993 4417 2037 4472 D

387 4531 500 4586 quo
526 4515 701 4570 omnis
731 4513 1011 4584 Scriptura
1036 4529 1062 4567 a
1093 4513 1202 4569 Deo
1231 4514 1495 4583 inspirata
1522 4522 1575 4567 et
1597 4512 1743 4567 utilis
1765 4513 1960 4581 legitur

391 4607 459 4664 ad
495 4607 784 4662 utilitatem
835 4608 1136 4662 animarum
1184 4606 1682 4662 innumerabilium.
1742 4604 1956 4660 Etenim

388 4717 453 4756 ex
487 4698 679 4770 quovis
703 4698 1172 4754 Christianissimo
1202 4697 1395 4753 ordine
1452 4699 1504 4751 in
1541 4697 1591 4751 id
1627 4712 1818 4766 magno
1845 4709 1960 4752 stn-

388 4792 481 4846 dio
518 4791 804 4846 conﬂuunt
856 4791 1140 4860 pontifices
1171 4799 1224 4844 et
1255 4804 1429 4860 reges,
1463 4789 1736 4858 principes
1760 4798 1812 4842 et
1847 4805 1959 4840 tua-

383 4883 668 4954 giStratus,
710 4881 905 4935 divites
953 4891 1009 4934 et
1057 4896 1346 4950 pauperes,
1373 4881 1663 4935 innnatnra
1707 4893 1862 4948 artas,
1899 4889 1954 4935 et

386 4976 602 5046 piarum
636 4972 960 5028 feminarum
986 4983 1224 5026 caterva.

456 5066 644 5121 XVIII.
675 5065 780 5120 Sed
821 5065 944 5132 quis
969 5073 1072 5118 tuze
1106 5064 1289 5134 gloriae
1321 5064 1569 5133 loquetur
1604 5064 1894 5133 magnalia,
1927 5078 1959 5117 0

388 5158 755 5213 intemerata?
785 5157 955 5212 IIodie
1012 5156 1292 5211 dedicatur
1320 5156 1576 5225 templum
1631 5171 1838 5226 sponsa:
1866 5171 1960 5208 ex-

385 5249 557 5316 pertis
615 5249 923 5318 nuptiarum
979 5245 1181 5311 Patris,
1214 5247 1304 5315 qui
1359 5263 1462 5300 non
1501 5255 1679 5315 potest
1712 5261 1959 5314 compre-

387 5341 575 5404 hendi,
614 5340 666 5393 in
719 5353 825 5408 quo
856 5339 1008 5392 chori
1047 5337 1258 5406 piorum
1314 5348 1369 5390 et
1404 5338 1682 5391 doctorum
1714 5338 1954 5390 virorum

384 5434 438 5486 in
466 5431 656 5486 ordine
704 5430 1028 5485 assiSIentes
1054 5436 1110 5482 ct
1161 5427 1396 5484 indoctis
1430 5443 1535 5483 non
1569 5445 1790 5496 parvam
1816 5445 1953 5499 prae-

379 5524 574 5579 bentes
608 5521 894 5574 utilitatem
931 5534 1197 5574 summam
1254 5519 1530 5588 accipiunt
1566 5521 1955 5574 remuneratio-

381 5627 526 5670 nem.
559 5611 659 5676 Qui
692 5611 834 5664 enim
869 5610 1125 5673 abducit,
1193 5609 1386 5680 inquit,
1433 5607 1652 5678 dignum
1682 5609 1748 5661 ab
1804 5609 1945 5662 indi-

491 5721 510 5752 ⁷
547 5719 748 5775 Jerem.
775 5737 863 5784 xv,
893 5722 974 5776 l9.
1056 5723 1076 5753 "
1104 5722 1262 5780 Prov.
1296 5740 1383 5788 XV,
1410 5722 1496 5778 '50.

1591 5724 1612 5754 °
1645 5720 1792 5775 Psal.
1821 5738 1967 5786 xxxi,
2003 5723 2036 5776 5

2074 3171 2303 3225 invicem
2335 3173 2754 3227 succedentibus
2777 3173 3159 3229 afﬂictionibus
3189 3217 3203 3240 ,
3239 3185 3291 3229 et
3316 3173 3649 3244 turpissimis

2073 3260 2442 3330 improborum
2481 3263 2759 3319 hominum
2796 3266 3102 3321 maledictis
3162 3267 3394 3328 liberati,
3431 3283 3479 3322 et
3517 3267 3645 3322 tet-ti

2071 3355 2174 3408 sub
2204 3353 2304 3406 alis
2327 3355 2440 3423 ejus
2469 3357 2895 3419 intercessionis,
2920 3359 3314 3425 suppeditatant
3352 3360 3642 3422 rationem.

2070 3454 2124 3498 et
2162 3446 2438 3511 sapientiae
2472 3450 2834 3514 cognitionem
2869 3450 3098 3519 desuper
3121 3466 3149 3503 a
3177 3451 3285 3506 ﬁlio
3309 3466 3370 3504 ex
3410 3464 3642 3516 cauato,

2071 3551 2168 3604 per
2203 3537 2371 3605 ipsam
2401 3538 2770 3602 admittentes,
2809 3555 2930 3593 eum
2982 3541 3124 3610 loqui
3178 3542 3317 3610 jnssi
3359 3543 3642 3610 fuerimus,

2069 3629 2186 3683 sine
2217 3631 2597 3697 impedimento
2629 3632 2927 3688 clamemns
2958 3649 3023 3687 ex
3055 3636 3239 3700 corde,
3296 3635 3596 3691 elamemns
3625 3653 3642 3691 :
3687 3672 3704 3684 υ

2069 3720 2144 3773 Ne
2175 3720 2428 3775 assiduas
2468 3732 2683 3777 nostras
2731 3738 2922 3790 preces
2956 3727 3229 3792 repudies,
3264 3743 3332 3782 ne
3364 3731 3643 3797 repudies,

2069 3828 2100 3867 0
2127 3814 2472 3866 intemerata.
2534 3811 2768 3868 Defende
2819 3831 2916 3869 nos
2945 3816 3245 3871 secundum
3286 3835 3534 3888 magnam
3588 3829 3644 3876 et

2068 3905 2342 3972 copiosam
2398 3906 2830 3959 misericordiam
2863 3918 3033 3972 tuam,
3066 3925 3099 3964 o
3151 3909 3399 3967 Domina.
3434 3911 3643 3978 Frange

2068 3997 2381 4052 schedulatn
2435 3998 2824 4052 immensorum
2865 4010 3174 4056 nostrorum
3208 4002 3474 4056 malorum
3513 4006 3639 4068 luis,

2067 4104 2185 4156 qua:
2217 4105 2490 4158 nunquaru
2525 4090 2824 4156 dormiunt,
2883 4092 3387 4160 intercessionibus,
3418 4111 3452 4149 o
3507 4097 3643 4162 Opti-

2069 4195 2176 4233 ma.
2208 4177 2315 4232 Nos
2344 4188 2470 4234 ante
2501 4179 2662 4234 ﬁnem
2708 4183 2938 4236 concilia
2970 4191 3059 4238 tuo
3089 4184 3424 4239 misericordi
3467 4193 3519 4239 et
3545 4185 3631 4251 ju-

2068 4270 2362 4338 stojudici,
2411 4269 2551 4324 Filio
2581 4279 2634 4324 et
2667 4271 2794 4326 Deo.
2853 4273 3054 4327 Sumus
3101 4275 3244 4328 enim
3303 4275 3462 4342 plane
3491 4276 3638 4329 omni

2068 4355 2314 4410 destituti
2344 4357 2537 4411 ﬁducia
2569 4369 2618 4413 et
2645 4361 2893 4427 audacia,
2925 4372 3147 4432 propter
3181 4363 3557 4434 negligentiam
3585 4373 3641 4418 et

2071 4449 2465 4503 multitudinem
2517 4463 2886 4519 peccatorum.
2943 4452 3048 4506 Sed
3085 4470 3336 4524 magnam
3393 4456 3501 4509 vim
3538 4457 3637 4516 ha-

2070 4541 2182 4606 bet,
2209 4555 2240 4594 ο
2269 4541 2669 4606 laudatissima,
2703 4544 2946 4611 precatio
2990 4543 3175 4598 Matris
3207 4546 3273 4600 ad
3307 4544 3425 4599 Filii
3458 4546 3641 4601 conci—

2066 4629 2302 4684 liandam
2368 4631 2824 4697 benevolentiam,
2885 4643 2942 4686 ιιι
2998 4634 3297 4689 credimus.
3333 4635 3469 4690 Cum
3507 4651 3638 4706 ergo

2069 4721 2271 4776 habeas
2306 4731 2606 4777 maternam
2639 4733 2688 4776 et
2724 4724 2995 4778 inﬁnitam
3056 4728 3122 4779 ad
3178 4742 3302 4781 eum
3353 4727 3636 4795 ﬁduciam,

2065 4811 2156 4882 qni
2187 4828 2252 4866 ex
2292 4822 2341 4867 te
2397 4812 2515 4867 sine
2543 4813 2780 4868 ﬂnxione
2829 4815 3174 4872 ineli'abiliter
3206 4831 3358 4872 ortus
3390 4829 3500 4882 est,
3539 4837 3640 4877 nos

2063 4919 2278 4974 quoque
2319 4903 2406 4958 fac
2456 4905 2724 4960 bonorum
2760 4917 3088 4960 aeternorum
3147 4909 3455 4979 participes,
3484 4921 3538 4965 et
3567 4915 3638 4969 ab

2064 4995 2206 5050 otnni
2265 4995 2415 5063 gravi
2481 4996 2570 5050 hic
2635 5006 2689 5049 et
2749 4997 2860 5052 illic
2915 4998 3087 5052 libera
3120 4999 3437 5057 afﬂictione.
3471 5003 3634 5060 Potes

2059 5088 2204 5142 enim
2231 5089 2412 5143 omnia
2449 5097 2526 5156 tu,
2560 5103 2678 5157 quae
2712 5103 2770 5142 es
2794 5088 3080 5158 plusquam
3113 5091 3395 5149 benedicta
3433 5088 3492 5149 ef
3513 5095 3632 5164 glo-

2064 5181 2235 5246 riosa,
2271 5191 2382 5235 uta
2427 5189 2478 5234 te
2512 5181 2791 5248 custoditi,
2819 5191 2873 5236 et
2920 5185 2985 5238 de
3015 5193 3066 5238 te
3105 5185 3421 5255 gloriantes,
3465 5189 3634 5240 emit-

2064 5281 2241 5325 tamus
2276 5271 2501 5341 gloriam
2527 5281 2582 5326 et
2609 5273 2908 5340 gratiarum
2941 5277 3208 5330 actionem
3254 5278 3306 5331 in
3347 5278 3447 5332 hoc
3476 5293 3635 5332 vene-

2064 5365 2234 5416 rando
2266 5363 2486 5430 templo,
2524 5374 2576 5418 et
2604 5363 2912 5435 ubicunque
2955 5370 3148 5434 simus,
3180 5370 3343 5434 l’atri,
3386 5377 3438 5422 et
3466 5367 3631 5437 Filio,

2063 5464 2117 5508 et
2147 5463 2337 5509 sancto
2393 5453 2642 5524 Spiritui,
2698 5472 2842 5512 nunc
2889 5468 2942 5512 et
2974 5475 3189 5528 semper
3214 5468 3268 5513 et
3319 5459 3372 5511 in
3405 5457 3624 5513 saecula.

2063 5544 2253 5600 Amen.
