4068 6264
341 322 3551 384 W

340 378 470 389 ιη..-
503 375 1157 385 —.———.——-—_—a——————
1211 371 2229 387 “*m
2412 368 2755 381 '——_——-———-
2802 373 2862 381 ..-
2986 369 3539 380 σ--ᾲ--σ--υ-ν

791 593 1883 771 EUTHYMII

2074 583 3105 761 ZIGABENI
3244 513 3253 519 ’

1209 987 1965 1105 EXPOSITIO
2052 985 2720 1097 SYMBOLI.
2802 1023 2810 1029 ·

459 1258 549 1315 (Ex
583 1257 814 1310 editione
843 1257 1017 1309 Christ.
1066 1254 1304 1305 Friderici
1341 1256 1552 1304 Matthaei
1579 1253 1628 1302 in
1672 1247 2387 1372 lectilqgltugdtqsquensibus,
2432 1252 2649 1312 repetita
2678 1252 2725 1299 in
2750 1250 3061 1301 Bibliotheca
3106 1253 3439 1313 Gallandiana,

676 1693 780 1757 ΕἸς
806 1691 872 1744 τὸ
901 1689 975 1762 (1)
1000 1688 1169 1755 ἅγιον
1191 1687 1523 1755 σύμϐολον.

400 1784 457 1837 Τί
482 1785 598 1836 ἐστι
637 1781 853 1845 πίστιςς
885 1781 1093 1842 Πιστις
1125 1777 1298 1831 ἐστὶν
1330 1773 1727 1841 ἐλπιζομένων
1753 1771 1899 1825 ὑπό-

331 1890 558 1939 στασις,
580 1870 940 1940 πραγμάτων
992 1868 1242 1937 ἔλεγχος
1280 1867 1352 1918 οὐ
1387 1860 1800 1931 βλεπομένων.
1829 1858 1896 1912 Ἢ

332 1964 889 2034 ἁπολυπραγμόνητος
922 1958 1339 2027 συγκατάθεσις,
1366 1957 1398 2026 ἢ
1424 1953 1669 2016 ἑκούσιος
1693 1967 1898 2019 συγκα-

328 2057 565 2118 τάθεσις.
611 2057 644 2127 ἢ
676 2054 747 2114 ὡς
782 2054 810 2104 ὁ
843 2051 1016 2121 μέγας
1065 2049 1168 2119 ἔφη
1218 2047 1519 2111 Βασίλειος,
1559 2044 1747 2105 Πίστις
1780 2042 1895 2094 ἐστὶ

333 2146 727 2219 συγκατάθεσις
769 2144 1081 2211 ἀδιάκριτος
1113 2139 1223 2192 τῶν
1257 2135 1652 2199 ἀκουσθέντων,
1674 2134 1732 2185 ὲν
1759 2131 1896 2202 πλη-

332 2237 555 2308 ροφορίᾳ
590 2236 688 2305 τῆς
716 2233 971 2302 ἀληθείας
993 2231 1101 2283 τῶν
1130 2227 1510 2299 κηρυχθέντων
1530 2224 1665 2276 Θεοῦ
1690 2222 1891 2292 χάριτι.

398 2416 707 2485 Σύμϐολον
742 2411 1090 2483 ὀνομάζεται,
1127 2408 1202 2471 ὡς
1253 2406 1475 2476 σημεῖον
1524 2405 1620 2474 τῆς
1662 2404 1718 2456 ἐν
1747 2403 1892 2473 ψυχῇ

324 2510 582 2571 πίστεως.
615 2506 836 2575 Ἐπειδὴ
892 2504 1000 2573 γὰρ
1056 2500 1346 2569 ἀσώματον
1406 2496 1637 2568 πρᾶγμά
1680 2496 1891 2565 ἐστινὴ

324 2598 489 2669 ψυχὴ,
514 2599 609 2652 καὶ
635 2598 701 2650 τὰ
737 2598 794 2649 ὲν
824 2595 960 2663 αὐτῇ
994 2593 1235 2662 δόγματα
1265 2590 1443 2660 ἀφανῆ
1473 2605 1530 2641 τε
1572 2589 1666 2641 καὶ
1699 2586 1890 2657 ἄδηλα,

322 2692 514 2743 τούτου
544 2690 705 2758 χάριν
735 2689 831 2757 τῆς
850 2683 1135 2754 ὁμολογίας
1161 2680 1361 2750 ταύτης
1390 2681 1605 2751 ἐδέησεν
1627 2679 1785 2748 αὐτῇ,
1805 2678 1891 2730 ἵνα

320 2782 410 2835 διὰ
461 2780 727 2849 ταύτηςή
773 2777 1074 2839 ἐνδιάθετος
1128 2773 1297 2843 αὐτῆς
1330 2771 1513 2834 πίστις
1545 2770 1889 2839 ὲκφαίνηται,

323 2875 415 2927 καὶ
448 2872 524 2944 μὴ
556 2870 984 2941 ἀμφιὸἀλληται.

390 2960 678 3014 Πιστεύω.
720 2958 1007 3011 Τουτέστιν
1047 2952 1625 3025 ἀπολυπραγμονήτως
1657 2953 1751 3005 ἐπὶ
1779 2954 1890 3015 τοῖς

322 3049 725 3121 ῥηθησομένοις
759 3050 997 3119 δόγμασι
1034 3046 1519 3117 συγκατατίθεμαι.
1567 3046 1676 3098 Καὶ
1712 3043 1817 3116 μὴν
1844 3044 1891 3097 οἱ

321 3142 560 3212 πατέρες
584 3141 949 3209 Πιστεύομεν
973 3135 1128 3192 εἷπον
1155 3136 1553 3208 πληθυντικῶς.
1580 3137 1675 3198 Εἰς
1697 3133 1893 3188 ταυτὸν

316 3231 361 3282 δ’
386 3230 515 3298 ἄγει
539 3230 843 3299 ἀμφότερα.
867 3228 1252 3298 Πληθυντικῶς
1289 3226 1385 3297 μὲν
1409 3225 1516 3295 γὰρ
1546 3224 1728 3293 ἔλεγον
1749 3226 1892 3277 ἐκεῖ·

318 3338 419 3389 νοι,
448 3322 553 3388 τὴν
581 3320 765 3387 κοινὴν
819 3319 967 3388 σφῶν
1002 3320 1179 3371 αὐτῶν
1215 3319 1340 3386 περὶ
1388 3318 1621 3379 πίστεως
1665 3315 1892 3385 γνώμην

317 3416 409 3466 καὶ
443 3415 550 3483 τὴν
582 3411 715 3464 ἰδίαν
744 3413 980 3466 ἑκάστου
1035 3410 1410 3480 παριστῶντες
1433 3426 1444 3439 ·
1493 3410 1653 3477 ἡμεῖς
1688 3408 1732 3460 δ’
1762 3406 1885 3460 ἀνά-

316 3505 511 3567 παλιν,
538 3506 607 3573 τῇ
643 3503 761 3566 ἑνὸς
796 3503 1026 3555 ἑκάστου
1081 3502 1318 3563 πίστεως
1356 3500 1615 3570 ὁμολογίᾳ
1665 3499 1765 3569 τὴν
1798 3498 1889 3551 τοῦ

316 3592 524 3653 παντὸς
549 3591 659 3644 τῶν
687 3590 895 3643 πιστῶν
917 3589 1283 3658 ἀθροίσματος
1316 3588 1748 3652 συνεισάγοντες.

386 3685 665 3739 Πιστεύω
687 3686 774 3749 είς
811 3682 919 3735 ἕνα
957 3682 1103 3735 Θεὸν
1146 3679 1377 3745 Πατέρα
1417 3676 1889 3746 παντοκράτορα.

312 3778 489 3830 Τοῦτο
520 3774 672 3829 ἄλλοι
701 3774 799 3844 μὲν
821 3773 993 3837 ἄλλως
1017 3771 1307 3835 στίζουσιν.
1327 3770 1389 3822 Οἱ
1410 3770 1506 3839 μὲν
1527 3770 1605 3831 είς
1634 3768 1693 3821 τὸ
1722 3769 1890 3827 Θεὸν.

312 3868 385 3932 ὡς
414 3870 488 3922 ἂν
521 3866 664 3920 κατὰ
715 3866 897 3918 κοινοῦ
953 3863 1062 3918 τῶν
1101 3863 1268 3934 τριῶν
1320 3859 1670 3915 ὑποστάσεων
1714 3876 1889 3929 παρα-

308 3957 664 4028 ὴμὸἀνηται
685 3955 747 4006 τὸ
772 3954 916 4018 Θεὸς
937 3951 1285 4022 δνομα,ἆλλοι
1308 3951 1363 4003 δὲ
1387 3947 1891 4002 συνάπτουσιν.”1πο

311 4065 425 4100 πων
455 4047 540 4116 (2)
571 4048 666 4098 καὶ
704 4044 1026 4112 Ἐπίκουρος
1048 4044 1074 4094 ὁ
1103 4042 1383 4112 φιλήδονος
1426 4038 1557 4090 Θεὸν
1615 4033 1893 4097 παντελῶς

309 4138 617 4208 ὴγνόησαν,
642 4133 729 4185 διὰ
754 4131 849 4183 τοῦ
897 4128 1304 4199 αὐτοματισμοῦ
1336 4126 1434 4197 τὴν
1496 4121 1724 4187 ἀταξίαν
1775 4123 1890 4170 εἱσ-

308 4229 542 4297 ἀγοντες
572 4242 586 4254 ·
638 4221 714 4278 ὧν
751 4226 778 4276 ό
814 4222 912 4293 μὲν
964 4221 1025 4273 τὸ
1063 4219 1206 4289 ὓδωρ
1240 4215 1411 4287 ἀρχὴν
1442 4213 1760 4284 ἐφληνάφει,
1782 4213 1809 4264 ό
1836 4211 1890 4263 δὲ

306 4323 576 4392 ἀπείρους
632 4316 891 4384 ἀτόμους.
919 4313 1141 4368 Πλάτων
1198 4311 1335 4364 ἰδέαν
1390 4307 1481 4404 καὶ
1539 4306 1672 4404 ὓλην
1733 4304 1883 4404 ἔλεγε
1913 4347 1956 4404 c

306 4412 462 4477 Θεὸν,
491 4410 571 4471 ὡς
625 4406 723 4459 τοῦ
754 4406 892 4458 Θεοῦ
930 4402 1003 4474 μὴ
1032 4401 1327 4470 δυναμένου
1378 4398 1516 4469 μήτε
1565 4396 1696 4465 ὓλην
1751 4396 1887 4465 μήτε

305 4502 769 4574 παραδείγματος
812 4497 982 4566 χωρὶς
1018 4496 1107 4547 τὸν
1138 4494 1340 4562 κόσμον
1374 4487 1773 4558 συστήσασθαι,
1794 4488 1893 4540 καὶ

304 4593 481 4657 οὕτως
530 4589 678 4645 εἶναι
716 4605 839 4641 τινα
889 4586 1137 4639 συναῖδια
1188 4583 1363 4652 τούτῳ
1406 4580 1502 4634 καὶ
1561 4579 1891 4649 συνάναρχα.

304 4687 675 4746 Οὐαλεντῖνος
704 4680 748 4734 λ’
786 4682 942 4743 θεοὺς
970 4679 1156 4746 ἔλεγεν
1184 4673 1325 4729 εἶναι
1348 4691 1361 4705 ·
1390 4676 1439 4727 οἱ
1476 4673 1583 4726 ἀπὸ
1625 4672 1891 4743 Μαρκίω-

303 4794 392 4838 νος
427 4779 587 4849 τρεῖς
622 4773 798 4843 ἀρχάς
823 4787 838 4802 ·
869 4772 919 4823 οἱ
955 4770 1061 4822 ἀπὸ
1088 4766 1367 4837 Κέρδωνος
1418 4764 1511 4817 δύο
1541 4759 1679 4816 εἶναι
1733 4760 1889 4823 θεοὺς

300 4868 705 4937 ἐδογμάτισαν,
738 4864 832 4917 καὶ
859 4862 908 4914 οἱ
947 4862 1055 4914 ἀπὸ
1093 4860 1366 4918 Μὰνεντος
1407 4854 1449 4925 β’
1473 4857 1666 4926 ἀρχάς.

369 4960 659 5014 Πιστεύω
694 4958 782 5021 εὶς
803 4953 915 5008 ἕνα
938 4950 1252 5006 Θεόγ.Ἕνα
1283 4948 1503 5015 λέγεται
1554 4946 1761 5015 Θεὸν,ἧ
1796 4944 1889 4998 τὸν

300 5054 534 5121 Πατέρα
568 5048 773 5118 φαμὲν,
800 5047 833 5118 ἢ
861 5046 952 5097 τὸν
984 5045 1130 5105 Υἱὸν,
1158 5042 1191 5113 ἦ
1218 5040 1276 5093 τὸ
1324 5038 1566 5108 Πνεῦμα,
1591 5039 1682 5090 καὶ
1726 5037 1889 5090 πάλιν

297 5145 438 5216 όμοῦ
470 5144 547 5197 τά
573 5147 647 5211 γ’,
671 5140 760 5193 τὸν
786 5137 1007 5209 Πατέρα
1040 5136 1134 5190 καὶ
1163 5133 1255 5188 τὸν
1274 5132 1401 5187 Υἱδν
1436 5132 1529 5184 καὶ
1552 5129 1612 5182 τὸ
1640 5127 1885 5199 Πνεῦμα,

408 5287 425 5317 ⁸
469 5282 649 5338 Hebr.
687 5295 765 5346 xu,
798 5276 853 5331 1.

367 5443 447 5513 (l)
492 5432 1291 5513 [tegiturhaecninterpretatio
1314 5429 1578 5513 ,Symbo‘li_
1613 5429 1670 5482 in
1693 5424 1881 5513 eodem

296 5498 492 5568 codice
518 5498 653 5571 553,
688 5510 784 5561 fol.
814 5506 918 5559 175
969 5498 1117 5625 seqq.
1142 5503 1301 5556 Forte
1323 5498 1450 5572 ergo
1480 5509 1535 5581 et
1565 5498 1680 5552 haec
1698 5504 1887 5551 aucto-

300 5597 418 5625 mn
455 5582 634 5625 haliel
660 5574 1017 5625 Euthvmium
1059 5575 1071 5591 '
1104 5574 1410 5625 icahenum.
1446 5570 1619 5622 Aliam
1669 5578 1887 5625 quoque

300 5597 418 5639 rem
455 5582 634 5634 habet
660 5574 1017 5646 Euthymium
1046 5570 1410 5646 'Zigahenum'.
1446 5570 1889 5646 Aliam__quoqne

298 5638 352 5707 in
395 5652 514 5705 alio
573 5650 767 5703 codice
812 5638 1330 5714 interpretationem
1378 5640 1557 5710 reperi
1613 5638 1891 5693 Simeonis

295 5717 840 5779 Thessalonicensis.

638 5812 912 5871 PATROL.
955 5809 1066 5869 Gn.
1100 5807 1370 5870 CXXXI.

1566 6116 1583 6135 ι
1614 6108 1735 6169 1'55

2467 1672 2532 1726 In
2549 1684 2785 1728 sanctum
2809 1675 3118 1746 symbolum.

2075 1765 2214 1830 Quid
2246 1774 2329 1820 est
2378 1766 2549 1820 ﬁdes?
2582 1765 2740 1820 Fides
2765 1775 2838 1819 est
2887 1765 3183 1820 substantia
3232 1782 3408 1820 rerum
3451 1785 3568 1839 qua:

1998 1866 2296 1924 sperantur,
2330 1865 2697 1926 argumentum
2737 1873 2912 1909 rerum
2938 1871 3053 1925 qua:
3080 1873 3182 1909 non
3209 1870 3494 1913 cernuntur
3524 1860 3562 1913 ⁸.

2000 1946 2115 2009 Vel,
2177 1957 2261 2001 est
2291 1962 2591 2002 consensus
2634 1946 2856 2000 minime
2883 1946 3154 2013 curiosus,
3187 1948 3272 2000 vel
3311 1950 3566 2003 volunta-

1998 2040 2112 2093 rius
2137 2053 2438 2093 consensus
2464 2056 2477 2088 :
2501 2039 2583 2092 vel
2608 2038 2772 2093 etiam
2795 2047 2855 2092 ut
2871 2053 3100 2109 magnus
3121 2039 3258 2093 dixit
3286 2039 3521 2096 Basilius
3551 2060 3564 2095 :

1998 2129 2155 2183 Fides
2177 2140 2260 2184 est
2291 2144 2589 2185 consensus
2618 2128 2951 2184 indiscussus
2981 2145 3167 2185 eorum
3207 2147 3326 2200 quae
3384 2134 3566 2188 audita

1997 2225 2142 2282 sunt,
2187 2217 2241 2270 in
2292 2226 2436 2271 certa
2469 2217 2821 2285 persuasione
2850 2219 3093 2273 veritatis
3128 2234 3319 2275 earum
3375 2237 3561 2277 rerum

1997 2323 2115 2376 quae
2144 2322 2211 2361 ex
2256 2305 2352 2361 Dei
2408 2308 2576 2377 gratia
2614 2309 2914 2378 praedicata:
2952 2318 3098 2364 sunt.

2068 2397 2731 2468 Symbolumtnominatur,
2766 2408 3023 2470 tanquam
3053 2402 3264 2472 signum
3294 2403 3417 2458 ﬁdei
3448 2421 3568 2475 qua:

1996 2496 2080 2544 est
2114 2492 2165 2543 in
2199 2490 2399 2545 anima.
2436 2490 2573 2545 Cum
2609 2493 2755 2545 enim
2787 2493 3112 2562 incorporea
3141 2509 3226 2549 res
3261 2496 3331 2550 sit
3360 2497 3564 2560 anima,

1994 2583 2219 2652 ejusque
2256 2582 2505 2654 dogmata
2546 2582 2835 2638 invisibilia
2882 2592 3042 2653 atque
3071 2585 3320 2652 obscura,
3367 2587 3566 2643 idcirco

1994 2690 2055 2728 ea
2084 2690 2220 2745 opus
2247 2676 2436 2730 habuit
2465 2676 2777 2745 hujusmodi
2805 2675 3173 2743 confessione,
3203 2690 3263 2734 ut
3292 2695 3391 2750 per
3418 2681 3563 2736 illam

1995 2765 2205 2821 interna
2231 2768 2347 2837 ejus
2375 2768 2508 2823 ﬁdes
2531 2768 2822 2822 manifesta
2863 2768 2974 2835 ﬁat,
3000 2785 3102 2825 nec
3129 2771 3269 2827 ullus
3290 2773 3559 2842 relinqua-

1998 2870 2084 2913 tur
2111 2860 2421 2932 ambigendi
2454 2861 2628 2915 locus.

2067 2949 2253 3005 Credo.
2309 2952 2366 3006 ld
2402 2961 2489 3007 est
2522 2952 2643 3006 sine
2691 2952 3007 3007 curiositate
3057 2953 3305 3009 dicendis
3345 2956 3561 3028 dogma-

1998 3044 2139 3099 tibus
2174 3045 2461 3100 assentior.
2500 3045 2766 3115 Equidem
2808 3046 3038 3114 majores
3070 3048 3241 3102 nostri
3291 3048 3559 3105 Credimus

1993 3136 2270 3201 dicebant,
2320 3151 2416 3204 per
2469 3134 2800 3205 plurativum
2859 3152 3169 3193 numerum.
3217 3138 3285 3190 At
3337 3148 3561 3209 utraque

1996 3242 2093 3281 vox
2128 3227 2356 3296 perinde
2381 3228 2544 3282 valet.
2588 3226 2863 3281 Plurative
2894 3228 3039 3279 enim
3074 3228 3436 3284 enuntiabant
3463 3231 3557 3297 illi,

1995 3333 2337 3372 communem
2370 3333 2521 3371 suam
2551 3319 2795 3386 ipsorum
2839 3318 2907 3371 de
2964 3317 3070 3372 ﬁde
3116 3322 3443 3376 sententiam
3501 3339 3560 3379 ac

1996 3409 2259 3479 privatam
2304 3410 2571 3479 cujusque
2625 3409 2971 3465 exhibentes.
3010 3410 3119 3465 Nos
3179 3421 3391 3478 contra,
3452 3414 3559 3468 sin-

1995 3501 2195 3570 gularis
2241 3501 2510 3570 cujusque
2555 3501 2679 3556 ﬁdei
2717 3503 3064 3558 confessione
3108 3503 3274 3560 totius
3326 3505 3562 3560 ﬁdelium

1994 3602 2173 3648 cretus
2206 3593 2365 3648 ﬁdem
2403 3594 2804 3649 concludimus.

2065 3680 2229 3738 Credo
2268 3684 2322 3736 in
2348 3700 2513 3737 unum
2539 3682 2703 3736 Deum
2740 3683 2958 3738 Patrem
2999 3686 3423 3755 omnipotentem.
3453 3686 3564 3741 Hoc

1994 3774 2087 3826 alii
2141 3774 2301 3827 aliter
2352 3774 2765 3843 interpungunt.
2802 3775 2905 3827 Alii
2964 3786 3145 3828 notam
3199 3776 3558 3833 distinctionis

1998 3872 2211 3932 ponunt
2243 3871 2366 3931 post
2403 3863 2608 3926 Deum;
2654 3879 2762 3930 quo
2804 3864 3054 3918 videlicet
3089 3868 3452 3923 communiter
3497 3869 3563 3923 de

1999 3955 2175 4008 tribus
2211 3953 2464 4022 personis
2505 3953 2811 4021 accipiatur
2850 3970 3047 4009 nomen
3093 3956 3253 4022 Deus,
3293 3960 3384 4012 alii
3429 3975 3565 4014 con-

1998 4050 2100 4104 tra,
2129 4049 2489 4097 connectunt.
2543 4041 2753 4112 Hippon
2787 4051 2842 4096 et
2895 4042 3160 4113 Epicurus
3210 4048 3564 4117 voluptuosus

1995 4133 2165 4187 Deum
2216 4150 2444 4204 prorsus
2472 4134 2817 4205 ignorarunt,
2857 4150 2954 4205 per
3008 4136 3352 4190 temerarium
3406 4154 3563 4196 casus

1997 4232 2251 4277 eventum
2276 4222 2661 4277 confusionem
2687 4223 3033 4291 inducentes,
3058 4224 3185 4278 dum
3212 4227 3346 4280 alter
3367 4242 3561 4297 aquam

1994 4331 2095 4386 pro
2121 4315 2390 4385 principio
2440 4325 2672 4386 nugatus
2717 4326 2821 4381 est,
2857 4317 2993 4371 alter
3041 4317 3278 4373 inﬁnitas
3331 4328 3562 4378 atomos.

1992 4406 2142 4461 Plato
2166 4406 2341 4461 ideam
2360 4414 2415 4460 et
2432 4406 2713 4461 materiam
2732 4406 2899 4461 Deum
2914 4408 3065 4474 dixit,
3086 4412 3238 4479 quasi
3256 4427 3363 4466 non
3383 4426 3561 4482 posset

1996 4497 2139 4552 Deus
2172 4513 2272 4552 nec
2308 4498 2615 4562 materiam,
2667 4514 2767 4553 nec
2808 4500 2925 4555 sine
2955 4503 3253 4572 exemplari
3301 4505 3562 4558 mundum

2003 4590 2268 4656 condere;
2297 4599 2459 4659 atque
2489 4590 2567 4644 sic
2590 4606 2712 4646 esse
2732 4592 2978 4661 quzedam
3010 4605 3282 4651 coaeterna
3313 4597 3385 4649 illi
3415 4597 3559 4666 pari-

1996 4690 2190 4748 terque
2219 4679 2493 4750 principio
2524 4682 2787 4735 carentia.
2825 4680 3136 4738 Valentinus
3166 4701 3270 4739 xxx
3294 4686 3424 4741 deos
3445 4703 3564 4742 esse

1998 4768 2248 4834 dicebat;
2286 4767 2490 4824 Marcio
2540 4771 2638 4824 tria
2696 4772 2985 4843 principia.
3018 4774 3194 4831 Cerdo
3246 4778 3383 4832 duos
3442 4794 3561 4833 esse

2000 4859 2132 4912 deos
2169 4859 2370 4913 docuit.
2408 4859 2690 4915 Manichaﬁ
2746 4865 2854 4917 duo
2893 4866 3165 4934 principia
3219 4860 3575 4921 asserebant.'

2067 4950 2232 5005 Credo
2258 4953 2312 5004 in
2336 4969 2495 5006 unum
2519 4953 2706 5009 Deum.
2732 4954 2939 5010 Dicitur
2965 4958 3018 5010 in
3040 4975 3202 5012 unum
3232 4962 3419 5023 Deum,
3447 4960 3571 5014 sive

1995 5042 2211 5096 Patrem
2268 5044 2629 5114 appellemus,
2683 5046 2797 5100 sive
2848 5047 3064 5113 Filium,
3107 5050 3220 5104 sive
3271 5040 3573 5120 Spiritum,’

1996 5143 2089 5187 aut
2123 5135 2283 5188 etiam
2314 5136 2412 5189 tria
2444 5135 2559 5190 haec
2587 5136 2766 5202 simul,
2794 5137 3007 5191 Patrem
3040 5146 3093 5192 et
3122 5138 3314 5192 Filium
3353 5148 3407 5192 et
3435 5138 3576 5214 Spi-l

2066 5427 2143 5498 (2)
2173 5430 2316 5501 Puto
2344 5427 2415 5501 de
2450 5426 2985 5501 ﬂip00n_e_hoc_loco
3008 5426 3151 5501 loqui
3184 5429 3558 5501 interpretem,

1992 5496 2084 5553 de'
2118 5496 2229 5566 quo
2272 5499 2392 5552 vide
2450 5499 2607 5551 Fabr.
2643 5497 2782 5550 Bibl.
2820 5496 2911 5551 Gr.
2944 5496 3050 5550 vol.
3084 5498 3123 5561 Ι,
3153 5513 3208 5567 p.
3243 5496 3365 5555 8l9.
3400 5501 3562 5553 Certe

1992 5569 2067 5623 ibi
2099 5570 2154 5621 in
2183 5568 2329 5647 notis
2355 5567 2592 5647 traditur
2627 5568 2784 5621 istum
2827 5581 3017 5635 aquam
3051 5577 3097 5620 et
3144 5569 3313 5638 ignem
3343 5579 3574 5637 putasse-

1992 5654 2168 5692 νει-ωτι
2200 5650 2477 5704 principia.

3210 5797 3241 5860 1

1856 6100 2007 6123 L—w'I‘I

2034 6098 2101 6135 5'2!

1566 6124 1909 6169 Hunis»
1970 6124 2097 6145 λλ

1566 6138 2103 6201 eu-ptr-)x)\)
