4068 6264
395 309 468 370 ‘H
1633 316 2011 377 EUTH'YMII
2053 319 2414 382 ZIGABENI
3587 322 3654 387 12

409 422 608 486 ritum;
643 421 940 491 aliquando
987 423 1204 491 quidem
1246 423 1538 495 unicuique
1567 426 1732 480 trium
1790 441 1957 495 persor

2081 427 2208 480 ποτὲ
2246 429 2344 498 μὲν
2375 429 2581 503 ἑκάστῃ
2603 429 2712 484 τῶν
2735 430 2902 502 τριῶν
2927 430 3276 486 ὐποστάσεων
3305 431 3461 487 τοῦτο
3489 443 3650 504 προσ·-

407 529 602 568 narum
645 514 752 570 hoc
785 515 1110 580 tribuentes,
1157 516 1448 585 aliquando
1487 533 1616 572 vero
1664 518 1755 572 uni
1809 519 1967 572 trium

403 605 676 660 essentiae.
704 604 760 658 Si
785 605 948 677 igitur
973 621 1072 661 con
1084 613 1361 663 nectentes
1391 609 1628 679 legamus
1653 626 1667 662 :
1699 609 1971 664 Credimus

400 698 456 748 in
501 713 662 750 unum
693 695 862 750 Deum
889 697 1128 764 Patrem,
1157 713 1401 768 personae
1425 699 1592 769 patris
1621 700 1972 771 signiﬁcatio-

401 803 526 840 nem
556 789 706 842 vocis
759 789 921 845 Unius
966 791 1465 844 accommodamus.
1523 791 1594 845 At
1631 791 1676 845 si
1723 791 1970 847 dicamus

407 878 466 931 In
517 896 679 932 unum
737 879 923 946 Deum,
973 889 1135 949 atque
1186 881 1276 935 hic
1325 881 1791 952 interpungamus,
1845 899 1971 938 mox

403 971 822 1041 subjungentes,
865 970 1126 1035 Patrem;
1164 973 1652 1042 unamtdivinitatis
1678 973 1967 1029 essentiam

389 1063 791 1130 signiﬁcantes,
833 1063 899 1117 ad
933 1061 1260 1118 Trinitatem
1299 1063 1522 1134 gradum
1571 1063 1802 1118 facimus
1839 1079 1968 1135 per-

375 1195 379 1199 -
397 1168 650 1208 sonarnm
663 1195 674 1207 .
975 1225 978 1230 Ι

448 1244 636 1298 Credo
657 1247 709 1298 in
749 1261 913 1298 unum
949 1243 1136 1298 Deum.
1169 1245 1288 1299 Non
1319 1246 1576 1300 essentia:
1605 1245 1964 1317 signiﬁcativa

373 1353 500 1390 ’νοτ
535 1345 617 1390 est
650 1336 805 1402 Deus,
838 1352 1015 1406 neque
1047 1337 1242 1390 divinm
1269 1347 1480 1392 natura:
1509 1353 1730 1393 nomen.
1763 1342 1966 1404 Quem-

393 1427 684 1481 admodum
723 1428 866 1482 enim
906 1443 1122 1482 onmem
1161 1429 1569 1499 supergreditur
1604 1430 1962 1496 intellectum,

391 1519 472 1571 sic
502 1519 664 1571 etiam
714 1531 876 1572 omne
929 1517 1373 1587 praetergreditur
1421 1534 1641 1572 nomen.
1691 1519 1786 1572 Est
1833 1534 1965 1590 ergo

393 1608 699 1678 symbolum
778 1607 999 1660 virtutis
1062 1610 1317 1662 essentia:
1377 1609 1592 1662 divinae.
1661 1609 1774 1664 Nec
1814 1609 1962 1664 enim

389 1700 630 1756 divinam
657 1699 895 1754 insinuat
923 1699 1317 1765 exsistentiam,
1349 1700 1442 1754 sed
1478 1715 1596 1754 eam
1620 1716 1740 1770 quae
1772 1716 1837 1755 ex
1872 1702 1962 1756 illo

2075 520 2352 588 νέμοντες,
2410 523 2538 575 ποτὲ
2568 524 2624 577 δὲ
2657 527 2722 594 τῇ
2759 525 2858 594 μιᾷ
2888 524 2996 576 τῶν
3022 523 3070 591 γ’
3104 525 3282 594 οὐσίᾳ.
3335 526 3395 578 Et
3432 527 3530 594 μὲν
3556 523 3650 579 οὖν

2075 609 2434 674 συνάπτοντες
2462 612 2804 684 ἁναγνῶμεν,
2831 614 3199 682 Πιστεύομεν
3234 616 3322 679 είς
3350 613 3458 667 ἕνα
3505 613 3653 666 Θεὸν

2072 701 2324 770 Πατέρα,
2374 705 2442 774 τῇ
2479 703 2778 758 ὑποστάσει
2829 705 2926 758 τοῦ
2955 708 3164 777 Πατρὺς
3191 707 3288 775 τὴν
3345 706 3437 759 τοῦ
3481 706 3650 770 Ἐνιῖς

2074 793 2352 862 σημασίαν
2387 794 2701 865 ἀρμόζομεν
2722 812 2736 827 ·
2778 799 2825 850 εί
2859 797 2912 849 δὲ
2943 796 3196 866 λέγοιμεν
3220 799 3322 862 Είς
3344 797 3452 850 ἕνα
3479 799 3644 860 Θεὸν,

2070 883 2305 936 ἐνταῦθα
2336 885 2631 951 στίζοντες,
2648 883 2766 940 εἶτα
2787 889 3091 956 ὲπὰγοιμεν
3121 889 3371 955 Πατέρα,
3394 889 3489 958 τὴν
3515 889 3647 958 μίαν

2067 973 2170 1043 τῆς
2202 975 2452 1046 θεότητος
2489 977 2682 1030 οὐσίαν
2707 979 3073 1048 σημάναντες,
3108 980 3202 1031 ἐπὶ
3251 981 3310 1032 τὸ
3369 981 3647 1049 aptata.be

2069 1067 2354 1138 χωροῦμεν
2383 1068 2490 1121 τῶν
2527 1069 2900 1124 ὕποστάσεων.

2139 1242 2406 1294 Πιστεύω
2436 1243 2522 1309 είς
2551 1242 2662 1297 ἕνα
2687 1245 2854 1297 Θεόν.
2895 1245 3008 1298 Οὐκ
3065 1244 3254 1307 οὐσίας
3312 1245 3645 1314 σημαντικόν

2069 1331 2185 1384 ἐστι
2218 1336 2278 1386 τὸ
2311 1333 2455 1398 Θεὸς
2483 1334 2602 1388 οὐδὲ
2649 1335 2749 1403 τῆς
2777 1335 2924 1398 θείας
2961 1334 3176 1400 φύσεως
3211 1334 3401 1404 ὄνομα.
3427 1335 3641 1403 Ὥσπερ

2070 1420 2180 1492 γὰρ
2238 1421 2376 1493 ὑπὲρ
2431 1422 2580 1477 ἅπαν
2619 1424 2928 1492 καθέστηκε
2981 1426 3184 1496 νόημα,
3234 1425 3376 1477 οὕτω
3410 1427 3506 1476 καὶ
3531 1427 3639 1477 πᾶν

2069 1512 2240 1582 ὄνομα.
2284 1513 2671 1582 διαπέφευγεν.
2710 1515 2850 1569 Ἀλλ’
2885 1515 2999 1567 ἔστι
3040 1515 3140 1585 μὲν
3171 1516 3454 1584 ἐνεργείας
3490 1516 3640 1578 θείας

2066 1603 2254 1664 οὐσίας
2284 1603 2360 1674 (4)
2393 1605 2678 1673 σύμϐολον.
2706 1607 2780 1659 Οὐ
2809 1607 2916 1676 γὰρ
2939 1607 2996 1659 τὸ
3029 1604 3170 1660 εἶναι
3193 1607 3286 1659 τοῦ
3325 1608 3464 1659 Θεοῦ
3495 1625 3636 1677 παρ-

2069 1690 2301 1764 ίστησιν,
2353 1693 2490 1746 ἀλλὰ
2530 1694 2627 1765 τὴν
2657 1697 2736 1759 είς
2769 1697 2916 1766 ἡμᾶς
2950 1698 3007 1762 ἐξ
3040 1697 3204 1749 αὐτοῦ
3227 1697 3523 1765 προϊοῦσαν
3551 1701 3642 1749 ὲκ-

394 1792 448 1846 in
480 1807 580 1846 nos
606 1791 848 1861 procedit
871 1791 1259 1845 divinizantem
1284 1790 1540 1844 virtutem
1565 1802 1619 1842 et
1640 1787 1956 1844 eliicaciam.

2065 1782 2328 1854 θεωτικὴν
2353 1783 2585 1856 δύναμιν
2611 1788 2707 1839 καὶ
2737 1787 3042 1858 ἐνέργειαν.

464 1885 630 1938 Credo
655 1884 706 1936 in
736 1900 901 1936 unum
927 1883 1092 1934 Deum
1113 1883 1538 1950 omnipotentem.
1566 1881 1781 1934 Patrem
1821 1881 1964 1949 cogi-

393 1985 570 2029 tamus
603 1973 904 2026 secundum
956 1971 1008 2025 in
1047 1971 1248 2025 divinis
1293 1971 1642 2040 principium,
1673 1973 1828 2040 cujus
1872 1986 1966 2026 ve-

391 2067 487 2119 luti
542 2062 793 2133 quaedam
826 2063 1074 2130 germina
1121 2061 1389 2116 divinitus
1433 2071 1616 2128 enata,
1657 2061 1962 2118 secundum

387 2155 848 2226 sapientissimum
882 2153 1260 2224 Art30pagitam
1317 2152 1650 2224 Dionysium,
1705 2169 1964 2226 recogno-

389 2259 613 2304 senatur
640 2248 810 2302 Filius
837 2257 892 2302 et
921 2247 1174 2315 Spiritus.
1205 2245 1319 2300 Non
1343 2247 1491 2301 enim
1526 2261 1592 2300 ex
1617 2257 1843 2317 paterna
1875 2262 1962 2302 re—

387 2338 592 2392 latione
617 2354 736 2408 qua:
766 2337 1043 2390 invenitur
1069 2336 1125 2389 in
1157 2337 1358 2389 creatis
1403 2352 1433 2390 a
1465 2337 1575 2390 Deo
1616 2337 1800 2400 rebus,
1845 2337 1962 2394 sive

385 2429 550 2484 etiam
583 2429 937 2495 fecunditate,
986 2427 1228 2482 derivata
1275 2436 1358 2482 est
1409 2428 1590 2482 divina
1625 2431 1960 2498 paternitas;

385 2521 481 2576 sed
516 2537 579 2576 ex
625 2531 918 2591 superante
952 2535 1169 2576 omnem
1213 2530 1464 2575 naturam
1511 2520 1840 2576 fecunditate
1873 2539 1965 2578 su-

385 2612 858 2680 persubstantialis
887 2611 1212 2672 divinitatis,
1250 2611 1306 2663 in
1334 2611 1534 2666 creatis
1574 2613 1764 2678 rebus,
1801 2626 1857 2667 ut
1891 2615 1964 2668 ita

386 2717 598 2772 ioquar,
656 2711 864 2756 naturae
903 2703 1153 2772 genitura
1189 2701 1465 2756 derivatur
1502 2719 1515 2755 :
1554 2702 1810 2773 illamque
1849 2704 1965 2760 haec

387 2795 651 2858 imitatur,
698 2805 754 2850 at
804 2813 913 2850 non
957 2805 1166 2852 contra.
1227 2795 1468 2850 Primum
1528 2807 1708 2852 autem
1749 2797 1964 2853 Patrem

387 2885 631 2938 divinum
685 2885 998 2957 Symbolum
1047 2887 1367 2955 assumpsit,
1417 2903 1525 2940 non
1573 2887 1715 2956 quod
1757 2889 1966 2958 primus

385 2977 772 3046 sit‘v-elmajor
812 2978 887 3048 (3)
915 3018 931 3042 ,
989 2976 1084 3030 sed
1129 2977 1254 3044 quia
1295 2975 1618 3046 principium
1655 2987 1740 3031 est
1761 2976 1876 3030 Filii
1908 2988 1964 3034 et

381 3069 642 3138 Spiritus.
683 3070 729 3122 Α
759 3069 1034 3138 principio
1077 3077 1204 3122 sunt
1241 3070 1384 3122 enim
1419 3069 1502 3122 lue
1534 3085 1802 3138 personae,
1848 3087 1958 3124 non

381 3161 512 3232 ipsa:
545 3161 835 3232 principia.
869 3160 1038 3216 Autsi
1083 3159 1369 3230 principia,
1395 3175 1504 3213 non
1546 3169 1724 3214 tamen
1759 3160 1953 3226 Patris,

383 3255 478 3308 sed
507 3271 631 3308 cum
681 3253 865 3320 Patre,
913 3253 1213 3308 secundum
1262 3267 1604 3306 communem
1657 3253 1958 3309 divinitatis

385 3347 780 3411 causalitalem,
817 3353 872 3400 et
896 3347 1138 3400 omnium
1181 3345 1320 3400 infra
1345 3345 1512 3400 Deum
1547 3355 1956 3412 creaturarum;

385 3441 781 3510 tanquarrﬁcurn
815 3437 973 3491 Patre
991 3447 1363 3506 cooperantes,
1382 3447 1434 3491 et
1454 3447 1826 3504 concreantcs,
1849 3455 1956 3494 non

377 3531 602 3602 quidem
636 3541 889 3599 tanquam
922 3529 1228 3597 indigentes
1255 3530 1660 3598 cooperationis
1695 3531 1842 3584 inter
1872 3546 1954 3599 se,

383 3639 580 3694 apage;
601 3622 842 3692 perfecta
861 3621 1006 3674 enim
1027 3627 1082 3674 et
1103 3621 1310 3691 integra
1331 3630 1412 3674 est
1430 3621 1689 3676 divinitas
1707 3623 1762 3675 in
1781 3625 1955 3692 quali-

381 3717 472 3769 bet
490 3717 846 3786 ltypostaseon
867 3731 878 3766 :
905 3715 999 3769 sed
1015 3718 1215 3784 quippe
1231 3729 1334 3766 una
1354 3713 1622 3768 existente
1639 3715 1954 3785 operatione

385 3805 584 3858 virtute
614 3813 669 3859 et
701 3806 980 3860 voluntate
1015 3803 1212 3856 horum
1245 3801 1429 3854 trium.

461 3901 674 3953 Putrem
749 3897 1156 3964 omnipotentem
1208 3893 1461 3964 faetorem
1513 3891 1627 3944 cazli
1685 3900 1731 3944 et
1778 3899 1948 3944 terrm.

366 3988 622 4044 'Primum
665 3985 883 4056 quidem
937 3985 1176 4053 positum
1222 3991 1305 4035 est
1346 3995 1542 4034 nomen
1575 3981 1717 4033 Deus
1745 4019 1759 4046 ,
1808 3981 1952 4049 quod

382 4091 630 4136 naturam
685 4077 1064 4139 commendat;
1099 4074 1314 4128 tametsi
1362 4073 1569 4124 nullum
1614 4071 1732 4141 ejus
1776 4083 1952 4126 exstet

388 4189 610 4234 nomen,
654 4180 714 4224 ut
745 4168 1118 4238 praediximus.
1155 4164 1360 4216 Deinde
1393 4162 1572 4222 Pater,
1606 4163 1750 4230 quod
1789 4161 1949 4215 ﬁdem

380 4262 749 4317 commendat.
788 4261 904 4312 Hoc
927 4267 1108 4309 autem
1155 4269 1354 4307 nomen
1389 4254 1478 4306 hic
1516 4252 1798 4321 proprium
1837 4268 1948 4307 non

361 4361 463 4406 est
495 4349 707 4410 Patris;
743 4347 1047 4418 procedens
1077 4343 1223 4397 enim
1271 4341 1446 4397 oratio
1482 4339 1778 4395 declarabit
1818 4341 1950 4396 illud

2137 1872 2403 1926 Πιστεύω
2434 1875 2522 1940 εις
2567 1875 2675 1928 ἕνα
2714 1876 2863 1929 Θεὸν
2918 1879 3387 1945 παντοκράτορα.
3421 1879 3639 1949 Πατέρα

2065 1962 2294 2033 νοοῦμεν
2341 1963 2440 2036 τὴν
2467 1965 2714 2034 θεογόνον
2744 1968 2946 2030 αἰτίαν,
2977 1965 3038 2040 ἦς
3079 1969 3268 2038 ὥσπερ
3315 1971 3462 2032 τινὲς
3511 1972 3638 2038 βλα-

2068 2056 2182 2107 στοὶ
2207 2055 2484 2125 θεόφυτοι,
2513 2057 2654 2111 κατά
2685 2058 2775 2110 τὸν
2803 2057 2862 2124 ἐξ
2905 2059 3117 2128 Ἀρείου
3155 2062 3332 2128 πάγου
3384 2060 3636 2128 σοφώτα-

2064 2161 2156 2198 τον
2185 2145 2482 2226 Διονύσιον,
2507 2147 2632 2212 Υἱὸς
2660 2151 2753 2202 καὶ
2777 2149 2999 2221 Πνεῦμα
3023 2153 3400 2223 γνωρίζονται.
3425 2155 3498 2206 Οὐ
3530 2161 3589 2222 γὲ
3606 2172 3638 2226 ρ

2065 2238 2130 2289 ἐκ
2161 2223 2256 2306 τῆς
2307 2239 2365 2290 ὲν
2394 2241 2506 2301 τοῖς
2553 2239 3004 2312 δημιουργήμασι
3067 2245 3342 2315 πατρικῆς
3403 2223 3640 2317 σχέσεως

2065 2327 2174 2378 εἴτε
2204 2329 2298 2380 καὶ
2330 2331 2682 2399 γονιμότητος
2714 2333 2746 2402 ἡ
2779 2333 2836 2384 ὲν
2867 2333 2987 2404 Θεῷ
3013 2337 3292 2406 πατρότης
3316 2337 3488 2402 ἐστὶν,
3519 2338 3636 2390 ἀλλ’

2066 2420 2128 2471 ἐκ
2160 2419 2257 2489 τῆς
2288 2421 2602 2492 ὑπερφυοῦς
2625 2427 2984 2497 γονιμότητος
3015 2429 3116 2499 τῆς
3147 2432 3474 2501 ὐπερουσξου
3517 2432 3635 2484 θεό-

2065 2526 2226 2580 τητος
2252 2513 2310 2564 ἐν
2332 2515 2444 2574 τοῖς
2470 2515 2954 2588 δημιουργήμασιν
3003 2515 3113 2573 οἷον
3150 2525 3324 2576 εἰπεῖν
3375 2539 3637 2591 φυσιογο-

2066 2603 2184 2657 νίαν
2219 2606 2549 2676 παράγεται.
2587 2609 2696 2663 Καὶ
2729 2611 2944 2682 ἐκείνην
2971 2611 3110 2680 αὕτη
3139 2615 3414 2682 μιμεῖται,
3437 2611 3632 2666 ἀλλὀὐ

2064 2694 2124 2747 τὸ
2163 2695 2418 2766 ἔμπαλιν.
2443 2700 2668 2769 Πρῶτον
2695 2700 2753 2753 δὲ
2785 2702 2875 2754 τὸν
2911 2704 3130 2772 Πατέρα
3161 2703 3222 2756 τὸ
3249 2703 3391 2758 θεῖον
3439 2703 3636 2774 παρεί-
3683 2699 3686 2703 ί

2065 2785 2202 2856 ληφε
2243 2787 2318 2860 (5)
2351 2789 2638 2860 σύμϐολον,
2669 2792 2768 2862 οὐχ
2797 2793 2880 2846 ὅτι
2915 2794 3129 2864 πρῶτός
3159 2799 3306 2848 ἐστιν
3335 2795 3366 2866 ἢ
3412 2796 3634 2866 μείζων,

2065 2877 2180 2932 ἀλλ’
2213 2879 2294 2932 ὅτι
2323 2881 2495 2945 αἴτιός
2529 2884 2645 2936 ἐστι
2706 2883 2801 2936 τοῦ
2839 2885 2970 2937 Υίοῦ
3001 2887 3096 2938 καὶ
3145 2888 3237 2939 τοῦ
3293 2888 3632 2956 Πνεύματος.

2064 2971 2296 3024 Δίτιατὰ
2318 2971 2376 3024 δὲ
2403 2973 2596 3037 ταῦτα,
2619 2976 2679 3026 οὐ
2713 2976 2788 3046 μὴ
2811 2977 2980 3032 αἴτια.
3007 2979 3067 3030 Ei
3101 2977 3158 3032 δὲ
3205 2979 3299 3030 καὶ
3322 2977 3491 3040 αἴτια,
3517 2977 3634 3029 ἀλλ’

2066 3062 2128 3114 οὐ
2151 3061 2246 3114 τοῦ
2267 3063 2507 3134 Πατρὸς,
2528 3065 2664 3118 ἀλλὰ
2697 3069 2836 3136 μετὰ
2862 3066 2958 3120 τοῦ
2988 3070 3220 3139 Πατρὸς,
3251 3071 3392 3122 κατὰ
3409 3069 3507 3140 τὴν
3525 3087 3633 3120 κοι-

2059 3155 2156 3226 νὴν
2183 3157 2280 3226 τῆς
2314 3157 2564 3226 θεότητος
2617 3161 2974 3229 αἰτιολογίαν,
3025 3165 3119 3215 καὶ
3172 3163 3279 3215 τῶν
3317 3167 3454 3232 μετὰ
3503 3163 3633 3214 Θεὸν

2057 3245 2314 3300 ἁπάντων
2346 3250 2682 3318 κτισμάτων,
2707 3251 2782 3313 ὡς
2805 3255 3042 3324 συνεργὰ
3069 3253 3147 3324 τῷ
3178 3256 3351 3326 Harp).
3379 3258 3474 3307 καὶ
3509 3273 3636 3306 συν-

2056 3337 2392 3408 δημιουργα,
2419 3342 2519 3412 οὐχ
2551 3341 2625 3405 ὡς
2645 3342 2877 3412 δεόμενα
2903 3343 3002 3413 τῆς
3039 3347 3359 3417 συνεργείας
3400 3349 3632 3408 τούτων,

2055 3430 2240 3500 ἄπαγε
2260 3447 2272 3461 ·
2307 3433 2484 3486 τελεία
2509 3436 2617 3505 γὰρ
2645 3437 2738 3487 καὶ
2763 3436 3060 3508 ὁλόκληρος
3101 3440 3134 3509 ἡ
3162 3440 3351 3508 θεότης
3397 3447 3456 3491 έν
3502 3440 3633 3492 ἑκά-

2057 3539 2158 3594 στῃ
2193 3523 2302 3577 τῶν
2328 3525 2702 3579 ὐποστὰσεων·
2725 3527 2842 3580 ἀλλ’
2868 3529 2942 3592 ὡς
2968 3531 3096 3598 μιᾶς
3133 3529 3307 3601 οὔσης
3341 3530 3438 3583 καὶ
3473 3533 3630 3601 ἐνερ-

2053 3616 2203 3684 γείας
2241 3617 2334 3670 καὶ
2366 3616 2648 3688 δυνάμεως
2675 3621 2766 3673 καὶ
2792 3619 3098 3692 βουλήσεως
3124 3623 3232 3675 τῶν
3265 3625 3450 3694 τριῶν.

2126 3887 2352 3958 Πατέρα
2411 3889 2878 3960 παντοκράτορα,
2908 3893 3165 3962 ποιητὴν
3215 3894 3472 3962 οὐρανοῦ
3528 3895 3627 3950 καὶ

2052 3977 2186 4049 τῆς.
2219 3979 2444 4052 Πρῶτον
2473 3979 2575 4052 μὲν
2604 3981 2665 4036 τὸ
2689 3981 2792 4052 τῆς
2821 3983 3038 4052 φύσεως
3073 3988 3478 4056 παραστατικὸν
3507 3987 3624 4042 ὅνο-

2055 4090 2132 4139 μα
2167 4073 2403 4126 τέθειται
2429 4077 2489 4127 τὸ
2521 4075 2688 4141 Θεὸς,
2712 4077 2761 4129 εί
2797 4077 2892 4130 καὶ
2935 4077 3124 4148 μηδὲν,
3146 4077 3221 4140 ὡς
3251 4079 3497 4150 εἴπομεν,
3530 4081 3628 4132 αὐ-

2052 4161 2150 4230 τῆς
2182 4163 2327 4214 ἐστιν
2365 4163 2573 4233 ὄνομαο
2611 4163 2730 4218 εἶτα
2771 4168 2832 4218 τὸ
2879 4168 2980 4236 τῆς
3033 4170 3264 4231 πίστεως
3295 4172 3354 4222 τὸ
3399 4171 3623 4238 Πατήρ.

2052 4251 2166 4302 Οὐκ
2189 4252 2320 4304 [διον
2347 4253 2404 4306 δὲ
2433 4255 2591 4307 τοῦτο
2613 4256 2704 4307 τοῦ
2730 4258 2942 4328 Πατρός
2973 4275 2986 4289 ·
3035 4263 3155 4312 ἐπεὶ
3185 4263 3390 4331 προῖὼν
3416 4267 3443 4316 ὁ
3469 4267 3626 4332 λόγος

2051 4340 2285 4412 δηλώσει
2315 4344 2475 4396 τοῦτο
2501 4347 2593 4398 καὶ
2619 4345 2694 4416 τῷ
2721 4348 2832 4417 Υἱῴ
2860 4352 2952 4401 και
2983 4351 3058 4422 τῷ
3093 4352 3388 4422 Πνεύματι.
3411 4356 3516 4408 Καὶ
3539 4358 3626 4422 είς

376 4457 436 4500 et
486 4443 620 4498 Filio
674 4449 730 4494 et
779 4439 1004 4508 Spiritui
1057 4443 1390 4505 competere.
1429 4434 1520 4488 Ait
1561 4434 1704 4487 enim
1737 4450 1749 4484 :
1786 4433 1853 4486 Et
1895 4435 1950 4486 in

2060 4431 2164 4484 ἕνα
2200 4435 2326 4504 γὰρ,
2362 4435 2514 4503 φησὶ,
2535 4435 2753 4502 Κύριον
2791 4439 3034 4505 Ἰησοῦν
3060 4441 3392 4530 Χριστὸν..³
3421 4444 3518 4498 καὶ
3539 4449 3627 4510 εις

379 4552 540 4590 πιηηηι
575 4533 851 4586 Dominum
895 4530 1072 4582 Iesum
1112 4527 1447 4582 Christum...
1504 4533 1552 4578 et
1585 4526 1639 4578 in
1687 4524 1944 4594 Spiritum

380 4637 622 4681 sanctum
659 4624 958 4676 hominum.
992 4619 1230 4672 Dicimus
1258 4625 1462 4678 autem,
1498 4615 1939 4684 Omnipotentem,

379 4719 777 4788 dis-tinguentes
817 4729 917 4767 nos
949 4712 1016 4766 ab
1051 4710 1302 4764 haeretica
1337 4707 1566 4762 stultitia
1615 4705 1946 4786 Manieltzeo-

381 4826 523 4871 rum,
580 4807 1026 4860 Simonianorum
1073 4813 1128 4856 et
1163 4800 1655 4866 Marcionistarum,
1691 4798 1784 4868 qui
1837 4815 1946 4852 non

381 4900 766 4955 universorum
792 4894 1082 4948 arlitrium
1111 4893 1203 4948 uni
1237 4907 1298 4945 ac
1323 4891 1424 4944 soli
1454 4891 1561 4944 Deo
1592 4889 1896 4944 attribuunt
1931 4907 1944 4943 :

381 4993 473 5048 sed
507 4990 735 5046 diversis
773 4987 1057 5058 principiis
1088 4993 1415 5058 potestatem
1448 5003 1630 5042 rerum
1663 4987 1940 5040 allricant.

380 5085 557 5151 Quare
587 5083 1019 5152 omnipotentem
1068 5081 1285 5134 Patrem
1323 5079 1590 5142 dicentes,
1623 5081 1784 5132 etiam
1819 5093 1939 5132 cau-

379 5191 494 5229 sam
531 5175 652 5244 ejus
684 5171 1098 5240 omnipotentiae
1126 5169 1470 5232 adducimus,
1512 5168 1774 5222 factorem
1820 5185 1945 5223 cum
1977 5212 1980 5214 .

378 5271 498 5324 creti
525 5279 580 5324 et
610 5280 764 5324 terra:
790 5265 1036 5320 dicentes
1067 5283 1079 5317 :
1103 5280 1230 5316 nam
1259 5263 1516 5316 extremis
1543 5262 1756 5332 positis,
1781 5263 1944 5317 etiam

377 5375 496 5427 quae
525 5359 576 5410 in
608 5359 784 5411 medio
819 5365 949 5410 sunt
977 5354 1309 5408 innuuntur.

374 5537 1554 5684 ρυξ3)εζὲίᾷῖέι,ί¹ἶῖἔῗηεέῗῗςΕἷζὲξιὶίὲῗεμῗᾴὃέξξ.
1583 5553 1940 5610 ⁸⁹³⁸⁰⁴¹¹¹“⁰““³

452 5681 533 5746 (al)
560 5679 778 5732 Planius
802 5681 1093 5747 ἐνεργειῶν
1124 5681 1273 5740 θείας
1303 5680 1511 5742 οὐσίας.

439 5751 522 5821 t5)
543 5751 607 5803 In
631 5749 762 5802 Cod.
803 5751 988 5804 vitiose
1015 5749 1337 5818 παρήλειφε.

2047 4525 2114 4580 τὸ
2151 4525 2387 4594 Πνεῦμα
2415 4525 2480 4578 τὸ
2510 4526 2697 4596 ἅγιον,
2730 4529 2794 4581 τὸ
2821 4531 3062 4598 Κύριον.
3085 4525 3540 4607 Παντοπρᾶτορα
3569 4539 3619 4590 δὲ

2048 4617 2278 4686 λέγομεν
2331 4617 2846 4684 ἀπιδιαστέλλοντες
2901 4624 3132 4688 ἑαυτοὺς
3181 4625 3280 4694 τῆς
3342 4629 3622 4696 αἰρετικῆς

2047 4707 2358 4780 ἀξροσύνης
2389 4709 2497 4762 τῶν
2524 4711 2632 4764 ἀπὸ
2661 4714 2941 4780 Μάνεντος
2971 4719 3326 4786 καὶΣίμωνος
3357 4723 3450 4773 καὶ
3468 4721 3620 4788 Μαρ-

2049 4798 2265 4862 κίωνος,
2314 4799 2364 4854 οἳ
2399 4801 2474 4870 μὴ
2535 4803 2750 4858 πάντων
2809 4807 2906 4877 τὴν
2941 4810 3265 4862 δεσποτείαν
3297 4812 3374 4882 τῷ
3415 4815 3494 4864 ἐνὶ
3530 4816 3619 4866 καὶ

2052 4892 2196 4963 μόνῳ
2223 4891 2338 4962 Θεῷ
2364 4895 2618 4960 διδόασιν,
2637 4896 2774 4951 ἀλλὰ
2808 4898 3088 4971 διαφόροις
3105 4905 3302 4972 ἀρχαῖς
3331 4907 3430 4975 τὴν
3463 4905 3616 4968 ἐξου-

2051 4983 2172 5036 σίαν
2198 4983 2304 5038 τῶν
2333 4984 2499 5038 ὄντων
2525 4988 2948 5058 ἀπομερίζουσι.
2971 4993 3062 5045 Διὸ
3079 4999 3501 5070 παντοκράτορα
3528 4998 3616 5050 τὸν

2053 5075 2272 5146 Πατέρα
2297 5077 2537 5142 τιθέντες
2573 5080 2668 5132 καὶ
2711 5081 2808 5152 τὴν
2839 5084 3019 5137 αἰτίαν
3063 5086 3163 5156 τῆς
3209 5088 3378 5141 αὐτοῦ
3419 5107 3614 5143 παντο-

2053 5169 2348 5237 κρσιτορίας
2391 5171 2692 5240 ὲπάγομεν,
2725 5175 2957 5245 ποιητὴν
2993 5179 3223 5248 οὐρανοῦ
3252 5183 3346 5234 καί
3367 5183 3471 5249 γῆς
3498 5185 3610 5234 τοῦ·

2048 5276 2140 5312 τον
2168 5259 2440 5327 λέγοντες,
2483 5261 2558 5324 ὼς
2589 5265 2774 5334 ἄκρων
2828 5268 2936 5337 γὰρ
2989 5267 3158 5323 ὄντων
3195 5271 3273 5344 (6)
3309 5273 3403 5325 καὶ
3448 5273 3518 5327 τὰ
3561 5275 3619 5328 ὲν

2052 5350 2202 5420 μέσῳ
2225 5367 2290 5420 ση
2300 5353 2626 5422 μαινόμενα.

2123 5537 2198 5617 (εἰ)
2232 5539 2332 5617 Hic
2377 5540 2526 5594 locus
2553 5541 2741 5617 leviter
2777 5555 3068 5617 corruptus
3103 5557 3206 5604 est.
3265 5545 3442 5600 Malim
3489 5563 3612 5617 ergo

2049 5622 2102 5682 in
2128 5607 2242 5682 line
2269 5609 2446 5682 legere
2473 5613 2870 5682 σημαινόμεθα.
2909 5607 3074 5674 Paulo
3114 5627 3241 5673 ante
3277 5627 3404 5671 nota
3453 5607 3614 5672 voca.

2049 5675 2234 5729 bulum
2287 5675 2700 5750 αὐτοκρατορία.
