4068 6264
318 312 384 376 i3

1497 292 1502 295 ’
1575 309 1932 374 ΕΧΡΟΞΙΤΙ

2041 309 2169 368 ΞῩΜ
2179 309 2372 370 BOLI.
3528 311 3594 378 1-5

411 430 695 501 Ὀρατῶν
721 446 784 484 τε
812 429 1050 485 πάντων
1073 428 1172 484 uai
1214 430 1501 499 ἀοράτων.
1526 429 1598 483 Οὐ
1624 428 1735 498 γὰρ
1765 425 1921 488 ἄλλος

2099 424 2488 495 Visibiliumque
2519 427 2754 482 omnium
2776 437 2826 483 et
2883 429 3244 487 ineisibilium.
3295 431 3412 486 Non
3444 432 3592 486 enim

338 527 442 594 μὲν
474 525 580 593 τῆς
617 522 791 575 ἀΰλου
847 523 939 574 καὶ
978 521 1273 592 ἀσωμάτου
1325 523 1514 585 οὐσίας
1565 520 1920 592 δημιουργὸς,

339 618 500 682 ἀλλος
541 618 600 669 δὲ
632 617 735 684 τῆς
787 615 968 669 ἐνύλου
999 617 1200 686 ταύτης
1247 618 1336 668 καὶ
1386 614 1754 684 φαινομένηςο
1805 610 1926 664 οὐδὲ

347 710 597 778 ἀγγέλων
625 708 730 778 μὲν
759 708 1086 780 δημιουργὸς
1110 712 1137 762 ὁ
1167 709 1323 773 Θεὸς,
1359 707 1580 775 ἄγγελοι
1605 705 1661 758 δὲ
1693 704 1798 758 τῶν
1827 704 1922 758 ἄλ-

354 803 459 854 λων
484 801 837 870 δημιουργοί.
879 800 978 852 Διὰ
1006 800 1102 869 τῆς
1133 798 1375 853 πάντων
1403 800 1460 852 δὲ
1488 797 1804 869 προσθήκης
1832 794 1924 846 οὐ·

353 894 442 947 ὁὲν
475 895 583 945 τῶν
617 893 790 945 ὄντων
819 892 998 961 ἐῶμεν
1023 895 1118 963 τῆς
1150 893 1257 945 ὑπὸ
1283 891 1416 945 Θεοῦ
1441 891 1805 961 δημιουργίας
1843 890 1922 959 (7)

356 986 571 1039 πίπτειν
598 986 780 1048 ἐκτός.
915 1021 925 1052 ι

425 1077 535 1132 Καὶ
564 1081 652 1143 εὶς
678 1079 788 1132 ἕνα
819 1080 1037 1146 Κύριον
1077 1079 1320 1146 Ἰησοῦν
1351 1079 1626 1146 Χριστόν.
1658 1078 1746 1130 Ἐν
1797 1077 1922 1131 τού-

353 1171 430 1241 τῷ
458 1170 792 1241 ἀναιροῦμεν
822 1170 918 1239 τὴν
975 1170 1271 1241 Ἰουδαῖκὴν
1302 1171 1482 1237 δόξαν,
1528 1169 1609 1224 ἑνὶ
1641 1171 1920 1240 προσώπῳ

352 1263 413 1314 τὸ
440 1262 536 1330 τῆς
563 1260 864 1331 μοναρχίας
884 1259 1255 1331 ἀφορίζονται·
1303 1263 1524 1333 κράτος,
1559 1265 1652 1315 καὶ
1689 1262 1782 1315 τὸν
1810 1263 1928 1316 ἀνό-

354 1371 598 1424 mou...“
643 1351 722 1422 (8)
772 1355 872 1422 τῆς
927 1353 1254 1422 Ἐκκλησίας
1297 1354 1778 1425 ὁιτιοδιίστησι,κοιλ⁵
1832 1356 1923 1408 τὸν

357 1447 524 1500 Λίϐυν
570 1446 863 1500 Σαῦέλλιον
904 1445 1001 1498 καὶ
1057 1447 1150 1498 τὸν
1189 1447 1514 1513 Σαμοσατέα
1562 1449 1776 1500 Παῦλον
1831 1449 1926 1500 καὶ

361 1539 700 1609 Μάρκελλον,
759 1539 855 1592 καὶ
915 1539 1076 1591 αὺτὶν
1133 1539 1538 1604 σαϐελλίζοντα.
1595 1534 1755 1594 Οὗτοι
1817 1541 1926 1610 γὰρ

363 1632 593 1694 ἅπαντες
624 1631 876 1702 ἀφρόνως
910 1631 1039 1702 μίαν
1071 1632 1368 1686 ὑπόστασιν
1401 1635 1499 1703 τῆς
1527 1633 1782 1704 θεότητος
1840 1633 1925 1698 ἐξ·

367 1741 396 1792 η
407 1740 458 1794 ρε
468 1723 678 1787 ύξαντο.

432 1814 543 1869 Καὶ
570 1820 658 1881 είς
688 1815 796 1869 ἕνα
823 1819 1042 1885 Κύριον
1080 1816 1324 1886 Ἰησοῦν
1370 1819 1652 1887 Χριστόν.
1682 1819 1827 1884 Ὅτι,
1879 1820 1928 1870 ει

363 1911 457 1964 καὶ
509 1909 852 1980 προσέλαϐεν
887 1915 915 1963 ὁ
947 1911 1072 1974 Υἱὸς
1124 1912 1218 1964 τοῦ
1288 1911 1422 1965 Θεοῦ
1466 1913 1530 1966 τὸ
1567 1911 1929 1982 ἀνθρώπινον,

363 2002 498 2055 ἀλλὰ
539 2003 632 2054 καὶ
671 2003 848 2066 οὕτως
904 2003 1001 2074 μία
1041 2005 1190 2057 ἐστὶν
1244 2005 1548 2068 ὑπόστασις
1596 2005 1929 2075 ἀδιαίρετος,

367 2097 461 2147 καὶ
482 2093 540 2146 ἓν
565 2095 861 2163 πρόσωπον
881 2097 943 2147 ἐκ
972 2094 1066 2148 δύο
1089 2097 1307 2164 φύσεων
1339 2098 1434 2150 καὶ
1454 2100 1510 2150 ὲν
1533 2097 1653 2150 δυσὶ
1680 2098 1928 2166 φύσεσιν.

365 2186 814 2256 Δίσχυνὲσθωσαν
867 2187 976 2258 γὰρ
1039 2188 1246 2258 ὁμοίως
1286 2189 1379 2243 καὶ
1405 2191 1433 2242 ὁ
1461 2188 1931 2261 ἁνθρωπολάτρης

371 2279 671 2350 Νεστόριος
750 2280 850 2333 καὶ
930 2282 1216 2352 Διόδωρος,
1275 2282 1367 2336 δύο
1420 2282 1518 2346 τὰς
1605 2284 1934 2346 ὑποστάσεις

366 2370 563 2439 ὁμοίως
615 2375 739 2435 ταῖς
806 2371 1004 2440 φύσεσι
1041 2373 1316 2442 λέγοντες,
1372 2374 1667 2445 Διόσκορός
1721 2393 1781 2428 τε
1837 2380 1934 2428 καὶ

368 2463 603 2531 Σεδῆρος
650 2465 748 2517 καί
781 2467 809 2518 ὁ
842 2464 1267 2536 δυστυχέστατος
1314 2467 1580 2538 Εὐτυχὴς,
1615 2468 1816 2538 ὁμοίως
1865 2471 1931 2538 τῇ

370 2557 662 2611 ὑποστάσει
692 2557 824 2624 μίαν
855 2559 951 2610 καὶ
978 2559 1076 2628 τὴν
1102 2557 1266 2626 φύσιν
1301 2559 1666 2623 διδάσκοντες.
1715 2559 1936 2629 Κύριον

370 2651 489 2718 μὲν,
511 2650 602 2702 διὰ
634 2651 733 2718 τὴν
764 2649 931 2704 αὐτοῦ
977 2651 1208 2721 θεότητα
1249 2652 1342 2705 καὶ
1370 2651 1466 2723 τὴν
1493 2654 1591 2722 τῆς
1637 2653 1788 2716 θείας
1827 2653 1934 2722 φύ-

370 2759 505 2804 σεως
535 2742 855 2811 κυριότηταο
897 2742 1140 2809 Ἰησοῦν
1177 2743 1257 2808 δὲ,
1277 2743 1366 2795 διὰ.
1395 2743 1491 2814 τὴν
1531 2744 1630 2814 τῆς
1660 2745 1934 2815 ἀνθρωπί-

370 2849 470 2903 νης
494 2833 710 2902 φύσεως
741 2834 1081 2904 πρόσληψιν·
1115 2834 1323 2906 Ἰησοῦς
1353 2836 1462 2905 γὰρ
1487 2836 1688 2904 Σωτὴρ
1724 2835 1935 2890 Ἐλλάδι

373 2931 522 2997 φωνῇ
538 2927 932 2996 ἑρμηνεύεται.
949 2928 1206 2995 Χριστὸν
1226 2927 1304 2990 δὲ,
1324 2929 1411 2981 διὰ
1427 2929 1486 2980 τὸ
1506 2929 1934 3000 συναμφότερον.

439 3019 578 3071 Υιὸν
605 3017 713 3071 τοῦ
745 3017 894 3070 Θεοῦ
931 3017 1038 3070 τὸν
1080 3017 1403 3088 μονογενῆ.
1438 3019 1504 3071 Ἢ
1557 3021 1670 3073 τῶν
1716 3022 1937 3091 ἄρθρων

2027 517 2169 572 alius
2185 528 2269 573 est
2285 520 2661 575 immaterialis
2676 530 2732 576 et
2752 523 3090 592 incorporea:
3109 526 3362 581 essentiae
3383 525 3590 595 epifex,

2029 607 2168 662 alius
2193 626 2324 666 vero
2363 612 2662 667 materialis
2695 613 2860 683 hujus
2895 623 2949 669 et
2977 616 3333 684 apparentis:
3368 632 3470 672 nec
3495 634 3595 672 an-

2029 699 2272 770 gelorum
2299 702 2519 771 quidem
2559 712 2750 758 auctor
2781 705 2942 770 Deus,
2973 707 3147 777 angeli
3191 723 3321 761 vero
3353 709 3592 778 reliquo-

2030 807 2149 844 rum
2169 793 2408 862 Opiﬁces.
2428 794 2530 848 Per
2547 795 2976 850 additamentum
2996 813 3159 867 porro
3177 798 3324 852 vocis
3335 800 3592 862 omnium,

2027 884 2233 939 nullum
2257 886 2462 940 entium
2490 897 2642 942 extra
2661 887 2748 942 Dei
2778 889 3054 958 opiﬁcium
3082 892 3277 944 cadere
3302 891 3591 945 sentimus.

2103 1087 2171 1140 Et
2203 1088 2257 1140 in
2281 1104 2442 1141 unum
2474 1088 2754 1144 Dominum
2796 1090 2977 1144 Iesum
3021 1091 3306 1147 Christum.
3350 1091 3454 1147 Per
3492 1094 3596 1148 hoc

2025 1176 2334 1246 jugulamus
2363 1176 2640 1233 Iudaicam
2676 1181 3028 1244 sententiam,
3071 1183 3162 1234 uni
3209 1197 3456 1252 personae
3492 1186 3590 1238 tri-

2034 1271 2294 1324 buentem
2342 1272 2634 1342 singularis
2680 1273 2905 1326 dominii
2953 1274 3260 1344 imperium.
3326 1276 3594 1331 Stolidum

2032 1359 2233 1414 item'A
2247 1361 2382 1414 rium
2411 1362 2478 1415 ab
2505 1362 2750 1417 Ecclesia
2783 1373 2998 1432 separat
3021 1380 3084 1418 ea
3111 1381 3229 1430 vox,
3262 1376 3315 1420 et
3341 1357 3596 1435 Libycum

2032 1451 2348 1518 Saliellium,
2373 1462 2429 1508 et
2453 1455 2869 1509 Samosateuum
2908 1456 3157 1523 Paulum,
3177 1470 3235 1513 et
3257 1459 3595 1526 Marcellum,

2032 1543 2124 1612 qui
2158 1553 2214 1597 et
2248 1544 2366 1612 ipse
2389 1559 2509 1597 cum
2537 1545 2774 1601 Sabellio
2804 1549 3094 1604 sentiebat.
3124 1548 3186 1602 lli
3221 1551 3366 1605 enim
3405 1567 3596 1607 omnes

2033 1635 2232 1689 stolide
2287 1650 2450 1689 unam
2493 1638 2798 1692 divinitatis
2843 1655 3131 1708 personam
3183 1651 3593 1699 eruetavcrunt.

2101 1814 2180 1869 Et
2217 1816 2272 1868 in
2318 1832 2480 1870 unum
2542 1816 2827 1872 Dominum
2881 1819 3065 1874 Iesum
3118 1819 3398 1879 Christum.
3463 1825 3600 1890 Quia

2039 1909 2294 1978 quamvis
2332 1911 2626 1980 assumpsit
2662 1911 2830 1964 Filius
2876 1911 2966 1966 Dei
3015 1913 3428 1976 humanitatem,
3461 1926 3603 1968 attap

2042 2015 2167 2053 men
2201 1999 2282 2054 vel
2322 1999 2400 2054 sic
2430 2017 2536 2055 una
2587 2010 2670 2055 est
2707 2001 3010 2072 hypestasis
3042 2002 3342 2065 individua,
3395 2013 3447 2057 et
3492 2021 3597 2058 una

2035 2106 2266 2162 persona
2293 2107 2356 2146 ev
2398 2092 2611 2146 duabus
2638 2094 2870 2147 naturis.
2899 2093 3105 2148 Pudeat
3129 2111 3256 2164 ergo
3291 2097 3516 2164 perinde
3548 2105 3603 2151 et

2036 2181 2416 2236 hominicolaln
2439 2182 2746 2238 Nestorium
2767 2202 2828 2239 ac
2846 2187 3158 2247 Diodorum.
3177 2190 3266 2258 qui
3285 2190 3416 2243 duas
3431 2191 3602 2260 hypo-

2036 2280 2209 2327 stases
2237 2288 2387 2342 aeque
2413 2283 2573 2343 atque
2603 2283 2828 2330 naturas
2849 2276 3039 2331 dicunt
3063 2294 3078 2341 ;
3114 2277 3430 2332 Dioscorum
3471 2279 3598 2334 item

2034 2374 2090 2419 et
2147 2363 2432 2428 Severum,
2505 2376 2561 2420 et
2611 2366 3038 2422 infelicissimum
3102 2370 3451 2440 Eutychetcm
3501 2372 3601 2440 (Ω),

2039 2457 2134 2526 qui
2157 2458 2310 2527 juxta
2341 2468 2506 2527 atque
2539 2475 2701 2514 unam
2735 2460 3081 2531 hypostasin,
3117 2465 3196 2517 sic
3235 2464 3399 2517 etiam
3439 2479 3601 2517 uuam

2036 2552 2304 2605 edocuere
2345 2561 2618 2608 naturam.
2667 2553 2972 2620 Dominum,
3007 2564 3232 2625 propter
3274 2555 3396 2623 ejus
3428 2556 3605 2610 deita-

2039 2648 2169 2706 tem,
2193 2650 2249 2695 ct
2265 2641 2466 2697 divinae
2483 2651 2689 2697 natura
2709 2645 3100 2712 proprietatem
3121 2663 3135 2710 ;
3155 2647 3356 2707 Jetunt,
3379 2657 3606 2717 propter

2038 2729 2292 2786 humana:
2344 2743 2554 2787 natum
2605 2737 3075 2804 assumptionem;
3107 2737 3270 2792 Jesus
3301 2739 3447 2792 enim
3479 2737 3608 2793 Sai-

2038 2837 2188 2882 vator
2217 2843 2387 2898 graeca
2412 2843 2542 2884 voce
2559 2831 2827 2896 redditur;
2854 2833 3139 2901 Christum,
3162 2845 3380 2905 propter
3399 2844 3605 2889 utram-

2043 2933 2149 2988 que
2179 2934 2421 2975 causam.

2118 3012 2306 3066 Filium
2346 3013 2490 3067 illius
2528 3012 2621 3068 Dei
2659 3014 2807 3068 illum
2846 3016 3193 3086 unigenitum.
3239 3017 3603 3071 Articulorum

373 3103 661 3173 προσθήκη
701 3104 761 3155 τὸ
799 3102 897 3155 ἕνα
926 3102 1018 3155 τὸν
1054 3104 1184 3155 Υἱὸν
1226 3100 1368 3156 εἷν..ι
1398 3104 1714 3176 παρίστησι,
1737 3107 1827 3158 τὸν
1871 3109 1935 3160 ἐκ

2047 3105 2285 3174 adjectio
2316 3122 2484 3161 unum
2511 3106 2714 3160 Filium
2745 3124 2864 3162 esse
2894 3109 3239 3163 commendat
3267 3126 3330 3163 ex
3380 3121 3604 3180 paterna

368 3197 466 3264 τῆς
492 3195 586 3248 τοῦ
617 3196 831 3265 Harpe;
855 3196 1045 3257 οὐσίας
1075 3195 1429 3264 γεννηθέντα.
1459 3198 1520 3250 Εἰ
1556 3199 1662 3268 γὰρ
1692 3201 1785 3252 καὶ
1810 3201 1936 3252 πολ-

368 3289 450 3341 λοὶ
473 3287 600 3351 υἱοὶ,
624 3288 763 3340 ἀλλὰ
792 3289 934 3340 κατὰ
967 3289 1130 3357 χάριν
1177 3288 1364 3358 έχουσι
1385 3289 1485 3362 τὴν
1535 3290 1836 3346 υἱοθεσίαν.
1873 3294 1935 3346 Ὃ

370 3379 422 3432 at
455 3379 548 3432 τοῦ
578 3378 714 3432 Θεοῦ
745 3379 871 3442 Υἱὸς
907 3379 1066 3448 φύσει
1116 3381 1241 3444 Υἱός
1273 3385 1421 3435 ἐστιν
1475 3384 1662 3448 αὐτοῦ,
1713 3388 1808 3437 καὶ
1839 3387 1938 3439 of»:

370 3473 538 3540 ἄλλης
568 3473 777 3536 οὐσίας,
803 3473 939 3526 ἀλλὰ
970 3473 1072 3541 τῆς
1098 3475 1289 3546 αὐτῆς.
1321 3477 1440 3529 Ἵνα
1464 3476 1520 3529 δὲ
1555 3478 1628 3547 μή
1689 3495 1773 3543 τις
1807 3478 1936 3549 εἴπῃ

373 3567 456 3618 ὅτι
484 3561 554 3635 ἦν
595 3583 724 3619 ποτε
755 3567 845 3619 ὅτε
884 3566 983 3620 οὐκ
1018 3563 1104 3638 ἧν,
1136 3569 1230 3621 καὶ
1265 3569 1408 3622 κατὰ
1433 3570 1592 3623 τοῦτο
1621 3570 1940 3626 ἐλαττοῦται

371 3662 463 3714 τοῦ
497 3663 726 3730 Πατρὸς.
746 3664 996 3732 ἐπιφέρει
1019 3665 1078 3717 τδ
1114 3664 1242 3734 ἑξῆς
1268 3679 1284 3695 ’

449 3754 652 3807 Τὸνέκ
703 3753 812 3807 τοῦ
870 3753 1100 3823 Πατρός
1145 3755 1506 3824 γεννηθέντα
1541 3758 1654 3826 πρὸ
1704 3758 1944 3812 πάντων

373 3843 490 3898 τῶν
514 3845 764 3901 αίώνων.
807 3846 866 3899 ’0
919 3849 1027 3916 γὰρ
1078 3848 1288 3901 αἰώνων
1321 3851 1415 3902 καὶ
1475 3849 1692 3902 πάντων
1753 3849 1942 3915 ἁπλῶς

369 3941 705 4010 δημιουργὸς
747 3941 866 4004 πῶς
899 3943 1036 4010 μετὰ
1069 3940 1196 4005 τοὺς
1227 3943 1434 4006 αἰῶνας
1463 3943 1617 3996 ἔσται
1645 3959 1657 4006 ;
1695 3943 1856 3996 Ὥστε
1881 3947 1944 3996 ὲκ

376 4033 564 4085 τούτου
603 4034 665 4085 τὸ
702 4031 973 4085 συναῗδιον
1033 4033 1331 4098 δείκνυται,
1373 4037 1468 4085 καὶ
1526 4034 1744 4104 ’Ἄρειος
1777 4051 1944 4088 κατα-

374 4126 630 4179 ϐάλλεται
660 4126 758 4180 καὶ
793 4125 1075 4194 Εὐνόμιος.
1107 4146 1121 4155 ·

445 4221 576 4284 Φῶς
601 4219 670 4272 ἐκ
703 4219 922 4288 ςρωτὺς,
954 4219 1101 4272 θεὸν
1126 4219 1422 4285 ἀληθινὸν
1445 4219 1512 4271 ἐκ
1551 4218 1699 4272 Θεοῦ
1733 4219 1943 4284 ἀληθι-

376 4312 632 4366 milia!
660 4311 838 4364 ταῦτα
867 4311 926 4362 τὸ
953 4311 1234 4381 ὁμοούσιον
1260 4313 1588 4381 συνίστησιν.

2046 3198 2281 3252 essentia
2306 3206 2513 3254 natum.
2541 3199 2654 3254 Etsi
2679 3217 2915 3271 namque
2941 3204 3051 3255 sint
3075 3202 3170 3254 ﬁlii
3199 3202 3310 3265 alii,
3337 3211 3389 3256 at
3414 3218 3610 3257 secun-

2040 3291 2169 3345 dum
2221 3294 2449 3363 gratiam
2481 3293 2684 3347 habent
2712 3295 3064 3364 adoptionem
3097 3313 3111 3349 :
3140 3296 3243 3349 iste
3275 3311 3405 3349 vero
3441 3289 3613 3351 Filius

2040 3384 2157 3449 Dei,
2195 3393 2384 3439 natura
2417 3384 2585 3439 Filius
2615 3397 2698 3440 est
2726 3386 2866 3455 ejus,
2905 3396 2957 3441 et
2991 3404 3101 3441 non
3145 3389 3381 3463 alterius_
3411 3405 3603 3443 essen-

2046 3476 2151 3538 tiae,
2182 3477 2276 3530 sed
2305 3475 2573 3546 ejusdem.
2598 3477 2674 3532 Ae
2697 3493 2765 3532 ne
2789 3480 2911 3548 quis
2934 3478 3099 3543 dicat,
3124 3479 3289 3534 fuisse
3317 3481 3610 3547 aliquando

2045 3581 2169 3623 cum
2210 3583 2320 3622 non
2366 3578 2506 3633 erat,
2558 3578 2612 3623 et
2651 3571 2883 3640 proinde
2937 3571 3204 3626 minorem
3257 3587 3378 3626 esse
3427 3570 3610 3635 Patre,

2047 3659 2323 3714 subinl'crt
2353 3660 2497 3728 quod
2529 3662 2779 3729 sequitur
2814 3676 2830 3714 :

2113 3751 2196 3805 Ea:
2250 3751 2416 3805 Patre
2455 3763 2640 3805 natum
2681 3762 2801 3805 ante
2831 3754 3007 3806 omnia
3036 3753 3247 3806 sarcula.
3303 3751 3402 3816 Qui
3461 3753 3608 3806 enim

2046 3840 2391 3905 saeculorum,
2445 3850 2502 3894 et
2549 3842 2768 3909 quidem
2819 3843 3065 3894 omnium
3133 3843 3378 3896 absolute
3429 3843 3608 3912 opifex

2049 3944 2166 3996 est;
2198 3931 2322 4001 quei
2381 3940 2503 4002 post
2547 3934 2742 3986 saecula
2785 3948 2906 3987 esse
2951 3933 3158 4002 possit?
3204 3933 3318 3998 Qua
3375 3950 3434 3987 re
3490 3937 3618 3988 hinc

2048 4024 2392 4079 coaeternitas
2424 4025 2540 4093 ejus
2562 4025 2986 4088 demonstratur,
3029 4035 3085 4080 et
3107 4026 3268 4080 Arius
3305 4027 3624 4096 proﬂigatur

2053 4125 2216 4186 atque
2247 4117 2574 4172 Eunomius.

2122 4211 2320 4266 Lumm
2349 4211 2410 4263 de
2445 4210 2660 4272 lumine,
2703 4211 2865 4264 Deum
2888 4227 3063 4265 verum
3081 4211 3143 4263 de
3178 4210 3284 4263 Deo
3307 4226 3447 4266 vero.
3494 4209 3617 4263 llaec

2049 4320 2266 4376 quoque
2300 4305 2828 4358 consubstantialem
2862 4303 3147 4358 evincunt.

445 4403 850 4471 Γεννηθέντα,
901 4407 972 4456 οὺ
1028 4403 1368 4471 ποιηθέντα.
1435 4405 1683 4474 Γέννημα
1736 4404 1865 4476 γὰρ,
1885 4405 1935 4458 οἱ

2123 4399 2344 4461 Natum,
2393 4415 2493 4450 non
2545 4399 2763 4468 factum.
2801 4398 3068 4451 Genimen
3109 4397 3317 4451 ctenim
3357 4406 3461 4462 est,
3514 4415 3623 4454 non

377 4499 578 4569 κτίσμα
599 4499 723 4551 οὐδὲ
756 4496 992 4565 ποίημα.

457 4593 818 4662 Ὂμοοῠσιον
846 4589 927 4654 τῷ
957 4591 1157 4657 Πατρὶ,
1185 4593 1258 4643 δι’
1275 4586 1346 4645 οὗ
1373 4590 1444 4643 τὰ
1466 4589 1664 4644 πάντα
1691 4590 1950 4660 ἐγένετο.

375 4688 487 4758 Τὴν
521 4687 801 4752 ἰσοτιμίαν
841 4685 910 4754 ἥν
959 4683 1072 4753 ἔχει
1125 4684 1256 4754 πρὸς
1295 4683 1387 4735 τὸν
1413 4685 1630 4753 Πατέρα
1664 4682 1945 4753 ἐμφαίνει.

380 4782 591 4848 Ὠσπερ
642 4780 753 4847 γὰρ
786 4778 993 4837 ἐκεῖνος
1035 4775 1433 4845 παντοκράτωρ
1476 4775 1571 4828 καὶ
1615 4775 1947 4844 δημιουργὸς

377 4873 598 4939 ἐλέγετο
646 4871 886 4930 πάντων,
929 4866 1073 4920 οὕτω
1130 4869 1224 4921 καὶ
1261 4867 1290 4918 ὁ
1320 4866 1466 4929 Υἱός.
1535 4865 1850 4936 Ὀμοούσιον
1893 4865 1950 4916 δέ

377 4969 498 5018 ἐστι
545 4965 609 5016 τὸ
638 4961 1076 5032 ἀπαραλλάκτως
1125 4961 1394 5029 τυγχάνον
1428 4959 1526 5029 τῆς
1559 4958 1726 5010 αὑτοῦ
1765 4957 1956 5019 οὐσίας

375 5061 469 5111 καί
503 5057 744 5125 φύσεως.

451 5154 567 5209 Τὸν
593 5153 672 5206 δι’
694 5152 848 5222 ἡμᾶς
870 5151 1012 5217 τοὺς
1044 5151 1394 5220 ἀνθρώπους
1433 5146 1528 5200 καὶ
1561 5146 1658 5201 διὰ
1679 5146 1792 5213 τὴν
1816 5147 1956 5215 ἠμε-

378 5249 560 5318 τέραν
619 5248 922 5314 σωτηρίαν
974 5245 1342 5299 κατελθόντα
1395 5242 1463 5295 ἐκ
1517 5242 1637 5295 τῶν
1682 5238 1954 5307 οὐρανῶν

379 5344 475 5398 καί
508 5339 894 5411 σαρκωθέντα
945 5339 1015 5392 ἐκ
1069 5339 1412 5405 Πνεύματος
1458 5335 1632 5402 ἁγίου
1671 5333 1770 5388 καὶ
1826 5337 1951 5388 Ma-

370 5439 517 5505 ριάς
621 5433 736 5500 τῆς
831 5431 1145 5500 Παρθένου
1213 5427 1311 5482 καὶ
1379 5427 1950 5494 ἐνονθρωπήσαντίι.

388 5532 556 5603 Ὁρᾷς
623 5530 741 5591 πῶς
788 5528 911 5596 οὐχὶ
965 5526 1122 5579 ἄλλον
1167 5525 1268 5595 μὲν
1315 5522 1409 5575 τὶν
1459 5521 1582 5574 Υίὸν
1638 5519 1732 5572 τοῦ
1790 5519 1950 5582 Θεοῦ,

451 5759 528 5822 t7)
561 5754 661 5810 Pro
695 5756 794 5824 τῆς
825 5747 967 5824 Θεοῦ
999 5744 1413 5824 δημιρυργίαςο,

448 5816 669 5896 (Bqust
702 5816 1030 5882 vocabulum
1052 5818 1277 5886 ἀνόητον
1303 5820 1420 5869 erat
1455 5816 1688 5877 spatium
1719 5817 1950 5861 vacuum

2057 4500 2308 4544 creatura
2341 4490 2421 4543 vel
2454 4505 2612 4558 opus.

2126 4576 2644 4631 Consubstantialem
2683 4577 2857 4640 Patri,
2885 4593 2978 4646 per
2999 4594 3152 4648 quem
3180 4579 3360 4632 omnia
3391 4581 3619 4649 fuerunt.

2053 4669 2306 4725 Ostendit
2323 4668 2691 4737 aequalitatem
2709 4668 2952 4732 honoris,
2970 4683 3072 4736 qua
3089 4684 3211 4721 cum
3229 4669 3386 4722 Patre
3404 4669 3603 4723 fruitur

2055 4763 2209 4816 Sicut
2246 4762 2389 4816 enim
2424 4761 2511 4815 ille
2542 4759 2890 4828 omnipotens
2935 4769 2991 4814 et
3029 4761 3286 4814 conditor
3325 4762 3502 4816 dictus
3541 4770 3619 4816 est

2056 4858 2460 4914 universorum,
2519 4854 2589 4908 ita
2637 4863 2691 4908 et
2723 4853 2911 4907 Filius.
2944 4853 3421 4912 Consubstantialc
3463 4869 3626 4921 porro

2055 4956 2158 5008 est,
2197 4945 2343 5015 quod
2394 4945 2512 4997 sine
2566 4944 2673 4996 ulla
2728 4942 3050 4995 diversitate
3097 4941 3346 5010 ejusdem
3396 4955 3626 5010 compos

2055 5051 2140 5093 est
2168 5037 2415 5092 essentne
2439 5045 2495 5089 et
2522 5046 2752 5088 naturae.

2129 5131 2232 5197 Qui
2261 5139 2472 5199 propter
2497 5143 2586 5180 nos
2615 5126 2866 5186 homines,
2891 5133 2938 5178 et
2963 5133 3177 5193 propter
3198 5133 3432 5176 nostram
3471 5119 3623 5172 salu-

2063 5237 2165 5281 tem
2193 5226 2459 5278 descendit
2506 5223 2570 5276 de
2609 5222 2768 5283 artis,
2799 5231 2849 5273 et
2887 5222 3196 5272 incarnatus
3222 5227 3295 5270 est
3327 5231 3390 5268 ex
3421 5212 3626 5279 Spiritu

2062 5327 2246 5373 sancto
2280 5325 2328 5369 et
2358 5313 2538 5368 Maria
2574 5313 2799 5383 Virgine,
2821 5324 2866 5363 et
2887 5311 3037 5362 homo
3065 5307 3246 5360 evasit.
3269 5304 3459 5358 Viden‘
3483 5319 3624 5372 quo-

2067 5411 2230 5464 modo
2258 5423 2368 5463 non
2409 5407 2577 5461 alium
2609 5405 2828 5475 quidem
2877 5401 3073 5453 Filium
3115 5395 3234 5461 Dei,
3279 5395 3447 5450 alium
3499 5410 3631 5448 vero

2032 5505 2276 5575 Virginis
2335 5503 2500 5556 docet
2563 5506 2820 5552 sanctum
2886 5489 3235 5562 Symbolum,
3296 5487 3390 5542 sed
3458 5502 3628 5538 unum

2063 5724 2226 5779 unius
2252 5714 2519 5771 vocabuli.
2543 5713 2676 5766 Puto
2694 5718 2872 5761 autem
2898 5705 3160 5760 excidisse
3181 5715 3367 5756 vocem
3394 5698 3630 5764 Ἄρειον.

2055 5779 2066 5788 ’
2136 5794 2212 5863 (9)
2248 5789 2437 5843 Latine
2469 5787 2870 5838 Bonavcntura.
