4068 6264
446 311 512 373 P5
1659 307 2011 370 E'U'THYMI

2117 310 2448 374 :IGAuENI
2543 273 2548 276 ’
3624 311 3688 377 ιδ

442 419 844 488 eum-demque?
892 419 993 475 Per
1026 419 1130 476 hoc
1159 417 1302 475 enim
1332 418 1647 476 et-Paulum
1707 419 2013 476 Samosate-

2117 421 2273 477 ἄλλον
2310 423 2367 478 δὲ
2395 425 2487 478 τὸν
2511 423 2612 495 τῆς
2663 423 2942 495 Παρθένου
2977 425 3220 480 διδάσκει
3258 426 3318 480 τὸ
3349 427 3506 498 άγιον
3531 416 3681 500 25p.-

439 528 572 568 num
647 523 702 566 ct
767 512 1075 568 Nestorium
1153 513 1463 578 submovet,
1521 512 1616 583 qui
1691 512 2012 584 blaspheme

440 614 666 659 tuentur
694 605 873 658 illud:
924 603 1136 659 Novum
1187 619 1432 674 prorsus,
1483 614 1540 659 et
1584 622 1614 658 a
1661 602 1828 658 Maria
1873 603 2013 658 inci-

437 695 678 764 pientem
725 694 1023 748 Christum.
1084 695 1226 760 Quin
1270 704 1327 750 et
1388 709 1579 750 amens
1638 695 2013 765 Apollinarius

437 803 537 856 per
569 788 684 840 ha'c
719 789 786 839 ab
837 785 1085 840 Ecclesia
1125 795 1368 850 arcetur,
1429 787 1520 855 qui
1571 787 1788 842 diversa
1841 790 1943 844 fuit
1981 805 2012 842 a

437 880 814 950 superioribus
845 879 1037 948 pestis.
1077 879 1155 933 llli
1200 879 1348 934 enim
1395 895 1424 933 a
1458 879 1624 934 Maria
1661 897 1909 950 prorsus,
1953 891 2014 936 ut

437 972 508 1026 ita
540 972 748 1041 loquar,
777 971 1047 1040 incepisse
1095 969 1374 1026 Christum
1417 972 1674 1026 dixerunt
1704 991 1716 1026 :
1747 984 1800 1028 at
1845 975 2012 1043 Apol-

438 1065 690 1128 linarius,
744 1063 1012 1133 quidquid
1060 1063 1152 1118 ille
1198 1071 1283 1117 est
1316 1064 1385 1117 ab
1427 1073 1635 1119 αξιοι·ηο
1689 1065 1913 1129 habere,
1959 1077 2015 1124 et

434 1156 665 1210 nihilex
707 1155 929 1223 Virgine
949 1155 1354 1224 assumpsisse;
1407 1135 1546 1224 quin
1587 1165 1642 1210 et
1689 1172 1910 1212 carnem
1947 1158 2016 1213 de

434 1249 694 1319 supernis
727 1248 1010 1313 detulisse,
1054 1255 1111 1300 et
1143 1261 1321 1316 neque
1373 1246 1680 1316 perlectum
1733 1248 2011 1304 hominem

436 1357 576 1396 esse.
625 1341 866 1394 Delicere
915 1339 1061 1393 enim
1113 1338 1186 1391 illi
1237 1347 1512 1404 mentem;
1579 1353 1642 1393 ac
1672 1354 1772 1408 pro
1829 1351 2012 1397 mente

434 1432 637 1486 habere
678 1431 828 1485 illum
889 1429 1253 1484 divinitatem.
1303 1429 1438 1483 Vide
1480 1445 1670 1500 porro,
1737 1433 2012 1499 qnnmodo

434 1524 587 1591 prius
614 1522 812 1576 dixerit
841 1519 1191 1576 descendisse
1221 1521 1288 1574 de
1319 1522 1476 1586 cado,
1517 1521 1718 1576 deinde
1758 1523 2013 1578 incarna-

435 1625 575 1669 tum.
647 1614 897 1684 Pugnant
971 1610 1086 1682 (10)
1156 1627 1392 1682 namque
1464 1613 1752 1669 manifeste
1817 1625 2007 1670 contra

451 1705 775 1775 Apollinarii
807 1705 1021 1774 dogma.
1053 1706 1282 1758 Attende
1318 1704 1504 1769 etiam,
1532 1705 1805 1776 quomodo
1835 1706 2010 1760 incar-

436 1810 627 1852 natum
663 1797 903 1852 dicimus
938 1797 1190 1862 veritate,
1237 1812 1347 1850 non
1385 1797 1628 1851 illusoria
1659 1799 1862 1867 specie.
1899 1798 2014 1853 Nec

421 1893 583 1945 «enim
636 1891 877 1944 dicimus
937 1888 1214 1941 incarnari
1256 1889 1457 1951 visum,
1513 1896 1573 1942 ut
1612 1887 1798 1942 Matres
1835 1887 2014 1943 aiebat

421 1995 486 2037 et
517 1983 696 2037 Cerdo
724 1992 778 2036 et
811 1981 1031 2035 Marcio.

506 2074 588 2128 Ea:
620 2073 820 2142 Spiritu
845 2084 1028 2125 sancto
1050 2082 1098 2124 et
1125 2070 1302 2124 Maria
1341 2070 1570 2141 Virgine.
1603 2072 1719 2126 Non
1743 2070 1888 2126 enim
1915 2086 2012 2141 per

433 2166 660 2220 Mariam
696 2163 998 2234 Virginem,
1050 2169 1110 2216 ut
1135 2161 1510 2232 Apollinarius
1551 2162 1792 2229 dicebat,
1832 2178 2011 2233 neque

434 2258 579 2312 sicut
630 2272 727 2326 per
784 2255 1030 2309 canalem
1088 2253 1382 2324 quemdam
1437 2254 1762 2326 virginalem
1810 2275 2010 2331 nempe

430 2351 640 2413 alvum,
695 2347 787 2402 Dei
846 2345 1023 2400 Filius
1071 2345 1218 2400 inter
1276 2360 1378 2400 nos
1426 2347 1595 2412 venit,
1651 2347 1717 2402 de
1758 2352 2011 2420 supernis

432 2455 655 2496 carnem
722 2437 1003 2502 deferens,
1069 2447 1327 2506 tanquam
1368 2451 1588 2506 semper
1644 2441 2012 2497 essentialiter

431 2533 532 2588 sibi
587 2531 923 2600 adiunctam,
965 2538 1023 2583 ut
1080 2528 1403 2584 Valentinus
1453 2529 1743 2598 deliravit;
1795 2534 1890 2588 sed
1944 2551 2011 2589 ea:

429 2625 634 2696 Spiritu
657 2634 838 2680 sancto
861 2632 909 2678 et
942 2623 1120 2677 Maria
1156 2621 1392 2692 Virgine.

505 2718 588 2772 Ex.
628 2716 833 2786 Spiritu
859 2724 1062 2770 sancto.
1109 2713 1246 2780 Quia
1273 2713 1414 2768 Deus
1458 2721 1600 2781 erat,
1624 2714 1716 2784 qui
1747 2715 1802 2769 in
1850 2725 2008 2774 utero

427 2809 679 2878 virginali
720 2807 983 2862 formatus
1014 2813 1098 2860 est
1138 2804 1338 2858 infans.
1385 2803 1470 2857 Ea:
1518 2807 1696 2858 Maria
1755 2803 2008 2876 Virgine,

430 2901 557 2971 quia
588 2901 654 2954 de
688 2901 926 2954 essentia
960 2898 1082 2968 ejus
1109 2905 1229 2951 erat
1252 2895 1398 2964 quod
1435 2895 1503 2950 ab
1547 2910 1614 2950 eo
1662 2907 2004 2968 assumptum

433 3002 567 3050 est:
617 3005 735 3060 quae
776 2991 955 3057 reipsa
1004 2987 1156 3058 virgo
1201 2985 1325 3052 fuit,
1373 2987 1576 3056 quippe
1626 3002 1749 3056 quae
1799 2989 2010 3044 scilicet

2118 513 2444 576 σολον,άλλά
2469 517 2561 568 τὶν
2594 516 2787 581 αὐτόνς
2815 515 2916 570 Διὰ
2971 516 3129 570 τοῦτο
3166 517 3275 586 γὰρ
3333 520 3426 572 καὶ
3475 520 3693 575 Παῦλον

2115 605 2204 657 τὸν
2241 606 2558 674 Σαμοσατὲα
2585 607 2680 659 καὶ
2717 608 3013 676 Νεστόριον
3047 607 3446 673 ἀποδάλλεται,
3469 611 3598 674 τοὺς
3633 611 3695 663 τὸ

2117 699 2236 752 ὅλον
2296 701 2606 768 πρόσφατον
2669 704 2764 756 καὶ
2822 702 2930 756 ἀπὸ
2979 702 3202 772 Μαρίας
3242 704 3552 773 ἀρξάμενον
3600 704 3695 757 τὸν

2117 793 2350 863 Χριστὸν
2392 793 2870 864 βλασφημοῦντας.
2912 794 3075 846 Ἀλλά
3110 795 3173 865 δὴ
3221 796 3315 848 καὶ
3349 798 3378 848 ὁ
3404 797 3565 858 ἄνους
3605 797 3696 850 Ἀ-

2116 884 2458 954 πολλινάριος
2484 886 2572 939 διὰ
2598 885 2804 939 τούτων
2846 886 2944 956 τῆς
2977 886 3304 955 Ἐκκλησίας
3341 887 3689 959 ἀφορίζεται,

2117 974 2246 1028 ἄλλο
2270 976 2441 1029 κακὸν
2473 977 2714 1031 ἐναντίον
2744 978 3014 1047 τυγχάνον
3035 980 3144 1040 τοῖς
3170 985 3479 1050 προτέροις.
3521 981 3696 1033 Ἐκεῖ-

2115 1082 2196 1118 νοι
2226 1065 2333 1138 γὰρ
2358 1070 2421 1120 ὲκ
2447 1066 2666 1138 Μαρίας
2695 1067 2758 1120 τὸ
2785 1066 2924 1131 ὅλον,
2952 1067 3030 1130 ὠς
3057 1069 3250 1134 είπεῖν,
3308 1070 3575 1140 ἄρξασθαι
3600 1074 3694 1124 τὸν

2115 1156 2353 1224 Χριστὸν
2380 1156 2608 1222 ἐφασαψ
2641 1157 2692 1209 οἱ
2713 1157 2768 1210 δὲ
2802 1157 2929 1226 περὶ
2965 1157 3392 1226 Ἀπολλινάριον,
3416 1163 3477 1211 τὸ
3497 1161 3606 1212 πᾶν
3633 1161 3697 1214 ά·

2116 1243 2286 1296 νωθεν
2317 1245 2482 1314 ἔχειν,
2511 1246 2604 1296 καὶ
2628 1243 2795 1314 μηδὲν
2823 1246 2885 1297 ἐκ
2903 1245 2997 1314 τῆς
3023 1246 3299 1314 Παρθένου
3321 1245 3691 1316 ἀνειληφέναι,

2115 1333 2250 1386 ἀλλά
2269 1335 2361 1387 καὶ
2380 1335 2478 1405 τὴν
2496 1335 2674 1406 σάρκα
2699 1337 2762 1389 ὲκ
2793 1336 2900 1390 τῶν
2917 1335 3026 1390 ἄνω
3057 1343 3415 1407 καταγαγεῖν,
3438 1342 3529 1392 καὶ
3559 1340 3695 1411 μηδὲ

2115 1424 2322 1477 τέλειον
2353 1426 2642 1497 ἄνθρωπον
2668 1427 2830 1481 εἶναι.
2860 1428 3087 1481 Λείπειν
3112 1430 3222 1499 γὰρ
3255 1431 3402 1500 αὐτῷ
3423 1431 3515 1485 τὸν
3545 1433 3693 1497 νοῦν,

2116 1516 2210 1566 καὶ
2228 1517 2355 1570 ἀντὶ
2370 1517 2462 1571 τοῦ
2482 1518 2574 1572 νοῦ
2598 1521 2889 1588 τυγχάνειν
2918 1521 3068 1590 αὑτῷ
3085 1521 3180 1590 τὴν
3200 1521 3452 1592 θεότητα.
3476 1525 3616 1596 Ὀρα
3632 1525 3690 1578 δὲ

2117 1604 2233 1666 πῶς
2264 1605 2478 1676 πρῶτον
2497 1607 2825 1663 κατελθόντα
2847 1605 3002 1662 εἶπεν
3027 1613 3091 1662 ὲκ
3123 1612 3232 1663 τῶν
3260 1612 3530 1681 οὐρανῶν,
3574 1614 3693 1668 εἶτα

2119 1694 2493 1762 σαρκωθέντα.
2530 1697 2674 1766 Πρὸς
2698 1698 2808 1769 γάρ
2838 1699 2898 1751 τὸ
2924 1699 3016 1751 τοῦ
3061 1699 3470 1772 ’Δπολλιναρίου
3505 1707 3692 1772 σαφῶς

2047 1761 2088 1816 Β
2115 1761 2720 1858 ἀπομάχονταιδόγμαξ
2747 1761 2891 1860 ’δρα
2911 1790 2968 1843 δὲ
3001 1791 3115 1854 πῶς
3136 1761 3488 1862 σαρκωθεντα
3511 1761 3691 1865 φαμὲν

2114 1875 2367 1948 ἀληθείᾳ,
2410 1881 2472 1933 οὐ
2497 1882 2787 1953 φαντασία.
2812 1883 2888 1935 Οὐ
2927 1883 3035 1952 γάρ
3066 1883 3416 1956 σαρκωθῆναι
3436 1887 3688 1955 δόξαντα,

2116 1965 2306 2037 ὥσπερ
2330 1969 2507 2033 Μάνις
2537 1970 2654 2041 (Η)
2679 1971 2830 2041 ἔλεγε
2859 1975 2952 2026 καὶ
2969 1974 3190 2043 Κέρδων
3217 1977 3310 2028 καὶ
3334 1978 3624 2047 Μαρκίων.

2200 2059 2296 2113 Ἕκ
2327 2063 2677 2131 Πνεύματος
2699 2067 2876 2133 ἁγίου
2908 2068 3007 2120 καί
3053 2068 3282 2138 Μαρίας
3321 2069 3430 2139 τῆς
3473 2071 3695 2140 Παρθέ-

2115 2167 2248 2205 νου.
2272 2152 2345 2205 Οὐ
2381 2153 2488 2223 γὰρ
2519 2153 2604 2208 διὰ
2638 2156 2859 2226 Μαρίας
2894 2161 2992 2228 τῆς
3023 2160 3415 2229 Παρθένου,ὼς
3447 2163 3697 2219 ’Δπολλι-

2116 2243 2302 2314 νάριος
2360 2245 2536 2314 ἔλεγε,
2589 2248 2698 2300 οὐδ’
2747 2248 2938 2320 ὥσπερ
2976 2251 3064 2303 διὰ
3116 2253 3357 2324 σωλῆνός
3393 2273 3537 2320 τινος
3592 2257 3694 2327 τῆς

2115 2337 2450 2409 παρθενικῆς
2503 2340 2738 2411 μήτρας,
2773 2343 2800 2393 ό
2828 2341 2954 2406 Υἱὸς
3007 2343 3104 2397 τοῦ
3151 2345 3284 2398 Θεοῦ
3327 2349 3692 2420 ἐπεδήμησεν,

2113 2426 2322 2482 ἀνωθεν
2354 2430 2454 2498 τὴν
2493 2431 2671 2499 σάρκα
2703 2433 2958 2502 κατάγων
2997 2435 3073 2498 ὡς
3114 2437 3200 2489 ἀεὶ
3249 2442 3688 2510 συνουσιωμένην

2111 2520 2281 2592 αὐτῷ,
2310 2522 2562 2593 καθάπερ
2585 2524 2936 2590 Οὑαλεντίνος
2969 2528 3258 2599 ἐλήρησεν,
3286 2531 3400 2583 ἀλλ’
3420 2532 3487 2584 ἐκ
3503 2535 3694 2587 Πνεύ-

2104 2627 2292 2680 ματος
2309 2611 2483 2681 ἁγίου
2509 2613 2606 2666 καί
2627 2616 2856 2684 Μαρίας
2876 2617 2986 2686 τῆς
3010 2617 3339 2685 Παρθένου.

2195 2704 2289 2756 Ἐκ
2339 2705 2688 2774 Πνεύματος
2759 2709 2952 2776 ἁγίου.
2998 2709 3121 2762 Ὀτι
3173 2709 3307 2772 Θεὸς
3357 2706 3428 2781 ἦν
3466 2711 3494 2762 δ
3535 2713 3592 2764 ἐν
3623 2716 3689 2783 τῇ

2110 2795 2414 2868 παρθενικῇ
2444 2797 2948 2870 βρεφουργούμενος
2986 2803 3203 2874 μήτρᾳο
3229 2804 3460 2870 Μαρίας
3493 2804 3548 2857 δὲ
3580 2802 3693 2872 τῆς

2111 2891 2444 2958 Παρθένου,
2469 2892 2550 2944 ὅτι
2565 2893 2628 2944 ὲκ
2643 2893 2742 2962 τῆς
2763 2895 2946 2958 οὐσίας
2964 2895 3135 2964 αὐτῆς
3152 2892 3220 2967 ἦν
3243 2897 3304 2950 τὸ
3327 2897 3689 2968 πρόσλημμα,

2111 2981 2216 3051 τῆς
2243 2981 2410 3047 ὅντως
2441 2985 2738 3055 παρθένου,
2769 2987 2864 3040 ἆτε
2902 2987 2965 3058 δὴ
2995 2990 3088 3040 καὶ
3134 2990 3520 3060 άειπαρθένου.
3547 2990 3686 3045 Οὔτε

428 3087 592 3140 etiam
645 3096 859 3151 semper
907 3081 1079 3149 virgo.
1137 3076 1326 3148 Neque
1383 3079 1529 3131 enim
1573 3087 1868 3148 antequam
1920 3081 2008 3135 ille

2117 3073 2220 3144 γὰρ
2251 3074 2357 3144 πρὸ
2415 3078 2514 3146 τῆς
2541 3079 2846 3147 γεννήσεως
2880 3079 3126 3150 ἐγνώσθη
3158 3079 3334 3150 ἀνδρὶ,
3357 3080 3429 3143 ὡς
3463 3082 3691 3150 Καρπο-

431 3184 770 3238 nasceretur,
821 3189 848 3226 a
885 3175 1003 3226 viro
1047 3171 1268 3238 cognita
1305 3170 1503 3234 fuerat,
1551 3183 1612 3225 ut
1649 3171 2008 3240 Carpocrates

430 3270 647 3324 dicebat
701 3268 864 3335 eique
913 3263 1223 3319 concordes
1267 3261 1576 3316 Massaliani
1607 3305 1621 3327 ,
1658 3278 1837 3333 neque
1885 3277 2008 3334 post

432 3363 797 3416 nativitatem.
850 3357 952 3411 Per
1016 3357 1132 3410 haec
1158 3355 1377 3422 Apelles
1427 3371 1644 3426 quoque
1699 3358 2008 3412 extruditur

433 3455 502 3509 de
527 3468 657 3508 vero
696 3467 858 3522 grege
907 3449 1136 3514 Christi,
1169 3449 1259 3517 qui
1285 3463 1411 3502 eum
1448 3464 1555 3501 non
1589 3464 1657 3503 ex
1690 3448 1856 3504 Maria
1881 3451 2008 3506 Vir-

435 3546 559 3616 gine
589 3545 793 3602 aiebat.
830 3541 926 3596 sed
950 3557 1021 3595 ex
1049 3548 1284 3609 quatuor
1311 3540 1601 3594 elementis
1634 3540 1740 3596 sibi
1783 3557 2005 3597 carnem

439 3637 818 3708 eompegisse;
851 3635 902 3686 in
932 3648 1053 3703 qua:
1091 3633 1256 3686 etiam
1285 3640 1472 3702 postea
1521 3632 1789 3687 dissoluta
1817 3631 2006 3700 fuerit,

436 3729 654 3801 quando
684 3727 740 3781 in
760 3726 976 3780 coelum
1008 3723 1188 3778 rediit.

513 3821 616 3887 Qui
676 3817 958 3872 descendit.
1048 3817 1384 3870 Descensum
1463 3816 1702 3888 cogitare
1769 3828 2008 3888 oportet,

436 3927 548 3966 non
587 3910 654 3964 de
684 3909 803 3962 loco
851 3909 1233 3964 translatitiam
1283 3910 1662 3973 nmtationem,
1718 3910 1812 3964 sed
1877 3926 2011 3966 con-

438 4004 857 4060 descensionem
898 4001 966 4055 ad
999 4016 1124 4054 nos.

512 4094 830 4149 lncarnatus
863 4101 938 4144 est
973 4102 1019 4144 et
1061 4090 1214 4142 homo
1247 4090 1440 4156 factus.
1471 4089 1525 4143 ld
1549 4099 1653 4157 est,
1700 4109 1810 4147 non
1837 4095 2014 4150 solum

442 4202 686 4251 carnem,
724 4183 820 4240 sed
877 4191 932 4236 et
985 4181 1223 4234 animam
1285 4188 1342 4234 et
1381 4190 1621 4236 mentem
1685 4190 1742 4236 et
1795 4199 2014 4238 omnem

442 4280 672 4332 omnino
751 4275 1030 4329 hominem
1110 4271 1428 4341 assumpsit,
1507 4287 1626 4326 non
1707 4276 2014 4330 secundum

441 4363 866 4436 Apollinarium.

2114 3169 2320 3239 κράτης
2349 3167 2501 3236 ἔλεγε
2529 3169 2624 3221 καὶ
2657 3169 2707 3221 οι
2725 3170 2917 3222 τούτου
2946 3171 3249 3240 ὁμόφρονες
3281 3173 3683 3238 Μασσαλιανοὶ,

2114 3257 2236 3312 οὔτε
2276 3260 2415 3330 μετὰ
2440 3259 2542 3330 τὴν
2601 3260 2882 3331 γέννησιν.
2914 3262 3016 3314 Διά
3053 3261 3255 3316 τούτων
3287 3263 3382 3316 καὶ
3424 3264 3692 3336 Ἀπελλῆς

2114 3350 2480 3404 ἀπελαύνεται
2519 3353 2616 3422 τῆς
2647 3353 2912 3423 ἀληθινῆς
2948 3355 3186 3426 ποίμνης
3206 3357 3464 3426 Χριστοῦ,
3492 3361 3592 3412 οὐκ
3626 3361 3691 3412 ὲκ

2115 3442 2338 3512 Μαρίας
2376 3443 2474 3513 τῆς
2522 3443 2801 3513 Παρθένου
2854 3445 3082 3514 φάσκων
3147 3447 3333 3514 αὐτὸν,
3392 3451 3458 3502 ὲκ
3482 3449 3540 3502 δὲ
3583 3449 3694 3504 τῶν

2113 3536 2395 3606 τεσσάρων
2413 3538 2694 3606 στοιχείων
2723 3537 2821 3607 τὴν
2838 3537 3033 3591 ἑαυτοῦ
3069 3538 3247 3609 σάρκα
3278 3541 3692 3611 συμπήξασθαι,

2117 3627 2197 3690 είς
2221 3625 2257 3678 ὃ.
2294 3627 2387 3678 καὶ
2413 3625 2643 3697 ὕστερον
2673 3629 3027 3718 ἀναλυθῆναι,
3056 3631 3146 3685 ὅτε
3177 3632 3258 3695 είς
3281 3631 3546 3704 οὐρανοὺς
3599 3636 3696 3688 ἀν-

2117 3717 2386 3788 εληλύθει.

2191 3811 2600 3865 Κατελθόντα.
2627 3809 2871 3866 Κάθοδον
2931 3813 3150 3883 νοητέον
3198 3813 3259 3868 οὐ
3304 3814 3403 3885 τὴν
3439 3815 3503 3868 ἐκ
3529 3814 3694 3870 τόπου

2125 3901 2496 3974 μεταϐατικὴν
2525 3904 2880 3972 μετάστασιν,
2904 3904 3042 3957 ἀλλὰ
3073 3908 3170 3976 τὴν
3197 3907 3334 3978 πρὸς
3368 3908 3514 3977 ἡμᾶς
3557 3923 3695 3978 συγ·

2124 3993 2446 4048 κατάϐασιν.

2194 4090 2580 4157 Σαρκωθέντα
2622 4089 2722 4144 καί
2741 4090 3306 4161 ὲνανθρωπήσαντα.
3332 4093 3617 4148 Τουτέστιν
3637 4094 3699 4147 οὐ

2131 4180 2290 4249 μόνον
2329 4183 2532 4251 σάρκα,
2563 4183 2702 4237 ἀλλὰ
2761 4185 2857 4236 καὶ
2901 4183 3082 4252 ψυχὴν
3132 4184 3228 4236 καὶ
3283 4185 3406 4238 νοῦν
3433 4192 3528 4239 καὶ
3565 4187 3702 4250 ὅλως

2125 4272 2244 4324 ὅλον
2264 4271 2590 4343 ἀνειληφότα
2614 4271 2707 4324 τὸν
2733 4271 3045 4341 ἄνθρωπον,
3069 4271 3192 4340 οὐχὶ
3219 4273 3360 4326 κατὰ
3381 4275 3472 4328 τὸν
3508 4275 3705 4329 Ἀπολ-

2127 4365 2402 4436 λινάριον.

515 4457 911 4524 Cruci/imusque
959 4468 1052 4521 pro
1089 4451 1235 4505 nobis
1264 4451 1357 4504 sub
1393 4449 1579 4504 Pontio
1627 4453 1830 4510 Pilato.
1881 4454 2013 4511 Ecce

2199 4455 2621 4524 Σταυρωθέντα
2653 4471 2718 4510 τε
2746 4455 2897 4524 ὑπὲρ
2917 4453 3087 4524 ἡμῶν
3109 4455 3206 4510 ἐπὶ
3239 4456 3493 4511 Ποντίου
3525 4457 3706 4512 Πιλά-

447 4549 708 4604 Basilides
741 4561 955 4616 quoque
1006 4561 1103 4615 per
1149 4545 1253 4599 hoc
1291 4544 1570 4614 .rejicitur,
1611 4547 1704 4614 qui
1739 4546 1814 4600 ait
1845 4546 2027 4603 Simo-

429 4659 571 4696 «ncm
608 4641 817 4710 Magum
866 4637 1032 4692 fuisse
1062 4651 1304 4706 passum,
1338 4637 1431 4706 qui
1462 4637 1714 4691 Christus
1744 4647 2026 4708 reputatus

447 4731 633 4785 fuerit.
670 4730 820 4782 Sicut
849 4727 1012 4781 etiam
1051 4726 1359 4790 Ismaelitaa,
1399 4725 1491 4793 qui
1536 4725 1869 4781 arbitrantur
1896 4742 2022 4782 eum

449 4821 767 4892 prophetam
803 4834 866 4873 ac
912 4817 1022 4871 Deo
1045 4815 1305 4871 dilectum
1342 4825 1800 4886 assumptumque
1831 4818 1885 4872 in
1914 4833 2027 4874 cm-

450 4914 584 4976 lum,
619 4925 840 4981 passum
863 4909 1083 4980 quidem
1133 4908 1302 4963 fuisse
1348 4909 1523 4972 aiunt,
1571 4911 1668 4964 sed
1703 4910 2022 4964 cruciﬁxam

453 5007 572 5075 ejus
599 5006 872 5059 umbram.
920 5003 1026 5060 Sub
1059 5002 1248 5055 Pontio
1279 5001 1474 5055 Pilato.
1507 5002 1572 5056 Et
1605 5003 1732 5068 hoc,
1760 5013 1820 5056 ut
1842 5018 1910 5058 ex
1946 5003 2027 5056 hi-

455 5081 624 5152 storia
659 5111 782 5165 qua:
835 5104 1054 5164 tempus
1111 5093 1400 5162 diligenter
1453 5092 1634 5156 docet,
1687 5093 1780 5161 qui
1833 5092 2028 5148 dicunt

454 5189 732 5243 Christum
762 5197 948 5243 natum
979 5185 1145 5240 fuisse
1167 5200 1229 5240 ex
1257 5183 1424 5238 Maria
1456 5199 1647 5241 sorore
1668 5186 2031 5256 Moysis,con-

454 5284 782 5340 tutarentur.

689 5375 760 5430 Et
788 5391 975 5446 primo;
1005 5382 1054 5428 et
1085 5371 1320 5442 sepultus
1370 5379 1468 5437 est,
1517 5380 1567 5425 et
1600 5371 1882 5426 resurrexit
1922 5379 2032 5425 ter.

533 5579 643 5644 (l0)
663 5578 902 5647 Symboli
933 5588 1209 5636 auctores.

531 5651 643 5719 (ll)
670 5649 759 5721 _S_ic
791 5648 922 5721 h_._l.
963 5651 1140 5721 reperi
1161 5664 1277 5721 _pro
1319 5648 1534 5721 Μάνης.

514 5717 643 5792 (l2)
672 5719 770 5776 Hic
790 5717 1290 5794 videturexcidisso
1341 5717 1593 5790 verbum,
1623 5735 1748 5779 mc.
1777 5717 2026 5781 uaricem

2135 4565 2263 4602 του.
2310 4547 2441 4600 Ἰδοὺ
2473 4547 2566 4600 καὶ
2611 4546 2936 4613 Βασιλείδης
2973 4548 3063 4600 διὰ
3115 4549 3306 4600 τούτου
3353 4548 3700 4615 ἐκϐάλλεται,

2128 4639 2348 4707 Σίμωνα
2377 4638 2571 4691 παθεῖν
2594 4637 2688 4690 τὸν
2717 4638 2909 4705 Μάγον
2940 4637 3136 4705 λέγων,
3177 4639 3512 4710 νομισθέντα
3547 4637 3696 4695 εἶναι.

2129 4731 2364 4799 Χριστόν
2385 4747 2399 4762 ο
2442 4729 2632 4800 ὥσπερ
2662 4730 2758 4782 καί⁸
2783 4730 2832 4782 οἱ
2873 4727 3214 4798 Ἰσμαηλῖται
3244 4731 3409 4785 αὑτὸν
3441 4732 3542 4801 μὲν
3570 4749 3703 4803 προ-

2131 4821 2311 4891 φήτην
2340 4819 2482 4874 εἶναι
2502 4820 2738 4889 οἰόμενοι
2764 4821 2855 4873 καὶ
2885 4821 3172 4890 ἀγαπητὸν
3196 4822 3275 4894 τῷ
3296 4823 3415 4894 Θεῷ
3447 4826 3542 4877 καὶ
3568 4827 3702 4878 ἀνα-

2131 4913 2402 4983 ληφθῆναι
2440 4914 2520 4976 είς
2551 4913 2840 4981 οὐρανοὺς,
2875 4912 3121 4967 παθόντα
3154 4915 3274 4982 μὲν,
3311 4917 3696 4986 σταυρωθῆναι

2130 5005 2186 5057 δὲ
2219 5003 2384 5057 αὐτοῦ
2411 5004 2511 5073 τὴν
2567 5003 2750 5058 σκιάν.
2790 5004 2920 5058 Ἐπί
2979 5007 3236 5060 Ποντίου
3271 5007 3554 5064 Πιλάτου.
3598 5012 3706 5062 Καὶ

2139 5092 2320 5164 τοῦτο,
2351 5093 2438 5146 ἴνα
2469 5091 2531 5156 ἐξ
2567 5093 2835 5164 ἱστορίας,
2886 5095 2979 5146 τὸν
3037 5095 3231 5165 χρόνον
3259 5097 3503 5167 ἀκριϐῶς
3529 5117 3706 5171 παρα.

2141 5183 2413 5253 διδούσης,
2449 5184 2500 5236 οἱ
2531 5184 2640 5237 ἀπὸ
2668 5185 2887 5255 Μαρίας
2907 5187 3006 5256 τῆς
3033 5187 3270 5258 ἀδελφῆς
3309 5192 3588 5256 Μωῦσέως
3615 5195 3706 5248 τὸν

2142 5274 2380 5342 Χριστὸν
2419 5276 2786 5346 γεγεννῆσθαι
2817 5279 3119 5346 φάσκοντες
3159 5281 3291 5352 (12).

2220 5404 2234 5419 .
2274 5405 2289 5422 .
2326 5405 2341 5421 .
2375 5405 2390 5420 .
2427 5407 2444 5424 .
2477 5406 2494 5422 .
2531 5406 2545 5420 .
2577 5407 2591 5423 .
2629 5407 2644 5423 .
2684 5409 2698 5424 .
2733 5371 2846 5440 (l3)
2871 5371 2980 5425 Kal
3013 5373 3279 5427 παθόντα
3307 5376 3402 5430 καί
3428 5378 3710 5447 ταφέντα,

2144 5578 2549 5656 ταιᾲληροῦντες
2580 5594 2677 5656 aut
2705 5584 2848 5640 aliud
2872 5587 3001 5656 quid
3041 5586 3166 5641 tale.

2187 5653 2308 5725 (l3)
2333 5653 2476 5708 Ante
2508 5654 2601 5709 καὶ
2627 5656 2681 5709 in
2727 5653 2916 5712 codice
2933 5667 3017 5714 est
3040 5656 3273 5728 spatium
3309 5673 3568 5718 vacuum.
