4068 6264
317 434 374 495 Π
1498 438 1846 499 EXPOSlTl

1951 437 2299 499 SYMBO‘LI.
3457 442 3519 505 18

312 545 394 597 καὶ
416 543 748 598 ἀναστάντα
778 546 849 611 τῇ
886 542 1049 613 τρίτῃ
1072 545 1257 614 ἡμέρᾳ
1284 544 1435 599 κατὰ
1461 547 1567 613 τὰς
1590 548 1846 615 I‘pagcdc.

1956 544 2029 596 tia
2064 546 2148 597 die
2203 543 2485 597 secundum
2531 543 2850 616 Scripturas.
2903 545 3128 601 Passum
3160 556 3214 601 et
3246 548 3518 617 sepultum

311 634 532 689 Ιιαθόντα
558 637 650 688 καὶ
684 635 922 703 ταφέντα
946 639 1132 707 φησὶν,
1167 638 1225 690 οὑ
1260 637 1454 691 παθεῖν
1479 640 1572 692 καὶ
1605 640 1847 708 ταφῆναι

310 726 528 793 δόξαντα,
568 727 690 782 ἀλλ’
720 728 953 799 ἀληθείᾳ
982 729 1078 782 καὶ
1106 730 1279 793 πάθος
1313 731 1407 783 καὶ
1456 731 1690 784 θάνατον
1717 732 1849 783 ὐπο-

312 818 544 884 μεῐναντα
572 819 670 871 καὶ
700 820 899 891 ταφήν.

367 909 461 961 Καὶ
492 910 836 964 ἀναστάντα
857 910 931 979 τῇ
965 913 1126 980 τρίτῃ
1153 911 1341 981 ἡμέρᾳ
1382 912 1531 966 κατὰ
1568 914 1672 978 τὰς
1696 915 1850 979 Γρα-

302 1000 423 1066 φὰς.
453 1002 554 1063 Τὰς
581 1002 846 1066 παλαιάς.
888 1003 1186 1057 Ἐτυποῦτο
1213 1005 1321 1075 γὰρ
1357 1005 1443 1058 διὰ
1464 1006 1573 1058 τῶν
1596 1006 1847 1060 Παλαιῶν

307 1091 386 1141 καὶ
418 1095 852 1165 προεσημαίνετο
877 1095 966 1149 διὰ
1011 1096 1120 1148 τῶν
1171 1097 1521 1167 προφητειῶν
1545 1099 1845 1169 τριήμερος

302 1183 329 1249 ἡ
357 1182 440 1236 τοῦ
465 1186 720 1258 Σωτῆρος
748 1188 1075 1248 ἀνάστασις.
1117 1188 1273 1258 Τάχα
1307 1189 1363 1242 δὲ
1400 1190 1463 1242 οὐ
1510 1189 1710 1252 ταύτας
1746 1192 1844 1261 μό-

301 1290 393 1337 νον,
417 1276 543 1331 ἀλλὰ
573 1278 669 1330 καὶ
700 1281 802 1342 τὰς
830 1280 925 1333 τοῦ
952 1281 1318 1348 Εὐαγγελίου,
1356 1283 1416 1335 ἐν
1444 1279 1533 1348 αἷς
1569 1283 1783 1354 τρανῶς
1810 1284 1844 1353 ἢ

300 1364 570 1429 ἀνάστασις
598 1368 692 1420 τοῦ
734 1369 942 1440 Κυρίου
973 1373 1326 1443 κηρύττεται.

359 1459 455 1510 Kal
494 1459 835 1514 ἀνελθόντα
892 1462 978 1527 εις
1008 1464 1151 1529 τοὺς
1179 1466 1497 1532 οὐρανούς.
1532 1467 1672 1531 Τοὺς
1702 1466 1844 1522 οὕτω

298 1545 603 1617 λεγομένους
638 1550 1014 1620 Χριστο).ύτας
1042 1553 1360 1625 αἱρετικοὺς
1386 1556 1549 1609 τοῦτο
1592 1558 1846 1612 ἐκϐάλλει

299 1640 387 1708 τῆς
420 1642 768 1714 Ἕκκλησίας,
803 1643 856 1697 οἳ
890 1648 1072 1716 γυμνῇ
1114 1663 1248 1715 φασι
1279 1650 1341 1717 τῇ
1385 1648 1623 1719 θεότητι,
1649 1650 1743 1702 καὶ
1781 1651 1843 1703 οὐ

306 1733 421 1801 μετὰ
444 1735 691 1805 σώματος
719 1738 802 1799 είς
826 1737 1095 1807 οὐρανοὺς
1120 1738 1390 1794 ἀνελθεῖν.
1440 1741 1531 1803 '0;
1563 1742 1674 1813 γὰρ
1742 1744 1843 1797 ἀν·-

301 1823 411 1892 ἐστη
444 1827 581 1892 μετὰ
611 1824 887 1896 σώματος,
908 1826 1082 1893 οὕτως
1107 1830 1307 1901 ἀνῆλθε
1337 1832 1477 1901 μετὰ
1495 1832 1772 1904 σώματος.

355 1917 449 1969 Kal
471 1917 866 1986 καθεζόμενον
886 1920 953 1974 ἐκ
980 1920 1196 1987 δεξιῶν
1223 1925 1328 1979 τοῦ
1355 1930 1603 1995 Πατρός.
1629 1929 1841 2002 Ὠσπερ

294 2006 407 2059 ὅταν
429 2007 679 2079 λέγωμεν
711 2011 1019 2081 κατελθεῖν,
1051 2016 1101 2066 εί
1133 2016 1328 2087 καὶμὴ
1356 2018 1456 2087 τὴν
1489 2019 1668 2090 σάρκα
1697 2022 1841 2076 ἐκεῖ·

294 2093 370 2147 θεν
397 2093 563 2167 εἶχεν,
605 2100 720 2153 ἀλλ’
748 2101 842 2155 οῦν
870 2105 929 2158 ἐν
962 2103 1177 2175 σώματι
1213 2109 1469 2175 γενέσθαι
1505 2114 1705 2180 φαμὲν,
1745 2115 1843 2167 καὶ

291 2186 368 2240 διὰ
391 2191 640 2262 σώματος
672 2196 808 2265 ἡμῖν
837 2195 1121 2268 ὁμιλῆσαι,
1154 2199 1275 2269 οὐχὶ
1297 2204 1478 2273 γυμνῇ
1511 2206 1576 2273 τῇ
1603 2205 1841 2275 θεότητιο

290 2278 419 2333 οὕτω
448 2284 546 2336 καὶ
573 2284 960 2355 ἀνεληλυθέναι
994 2289 1227 2360 νοοῦμεν
1275 2293 1415 2361 μετὰ
1458 2294 1733 2365 σώματος.
1778 2298 1843 2350 Τί

288 2376 338 2430 δέ
362 2380 470 2434 ἐστι
500 2383 567 2435 τὸ
602 2384 833 2439 καθίσαι
858 2389 920 2441 ἐκ
949 2387 1143 2452 δεξιῶν
1172 2405 1187 2453 ;
1244 2391 1367 2443 Ὀτι
1418 2392 1517 2444 οὐκ
1550 2392 1791 2447 ἐλάττων
1817 2394 1844 2447 ὁ

292 2470 404 2536 m;
422 2476 511 2528 τοῦ
531 2478 767 2548 Πατρδς,
788 2481 909 2534 οὐδὲ
928 2484 1009 2535 ὅτι
1032 2483 1319 2552 ἄνθρωπος
1343 2485 1556 2554 γέγονε,
1576 2486 1662 2543 διὰ
1686 2485 1845 2541 τοῦτο

288 2565 603 2631 ἠλάττωται.
649 2571 937 2641 Ἐμφαίνει
962 2574 1018 2626 δὲ
1049 2574 1213 2628 αὐτοῦ
1247 2576 1280 2645 ἡ
1310 2577 1550 2647 καθέδρα
1589 2595 1681 2632 τον
1718 2618 1733 2634 .
1772 2620 1787 2635 .
1827 2619 1844 2636 .

293 2688 308 2706 .
338 2692 351 2705 .
384 2694 399 2710 .
448 2658 564 2730 (Η)
589 2659 757 2714 αὑτοῦ
784 2663 879 2716 καὶ
904 2664 1248 2719 δεσποτείαν.
1283 2667 1357 2720 Οὐ
1384 2667 1489 2738 γὰρ
1518 2668 1704 2722 δούλου
1730 2671 1847 2724 ἐστὶ

286 2745 338 2796 τὸ
366 2749 657 2819 καθῆσθαι.

350 2836 453 2893 Kal
491 2842 680 2896 πάλιν
706 2843 1039 2915 ἐρχόμενον
1062 2847 1214 2916 μετὰ
1248 2848 1454 2917 δόξης.
1496 2851 1845 2924 Ἐρχόμενον,

285 2929 310 2980 ὃ
329 2931 648 2997 δεσποτείας
678 2937 797 2989 ἐστὶ
830 2938 926 2990 καὶ
957 2938 1057 3009 τῆς
1079 2940 1694 3015 ἀληθοῦςσκυριότητος.

346 3024 551 3089 Κρῖναι
578 3023 801 3091 ζῶντας
831 3030 926 3081 καὶ
950 3032 1222 3097 νεκρούς.
1269 3032 1467 3101 Κρῖναί
1518 3035 1717 3088 ἔστιτὸ
1777 3036 1850 3090 δι-

285 3108 414 3164 ελεῖν
443 3116 543 3167 κα)⁵
575 3116 874 3172 ἀποδοῦναι
930 3119 1145 3190 ἑκάστῳ
1196 3122 1317 3174 κατ’
1348 3123 1507 3188 ἀξίαν
1533 3125 1653 3177 τῶν
1670 3124 1850 3196 ἔργων

1952 633 2119 688 fuisse
2154 635 2247 699 ait,
2289 649 2395 687 non
2447 636 2552 704 pati
2590 652 2651 690 ac
2702 637 2917 706 sepeliri
2977 637 3198 701 visum;
3250 638 3343 690 sed
3394 652 3519 691 vere

1956 726 2265 795 passionem
2298 742 2361 782 ac
2392 736 2621 783 mortem
2652 736 2707 782 et
2734 727 3067 783 sepulturam
3101 726 3353 781 subiisse.

2028 906 2091 958 Et
2121 909 2401 961 resurrexit
2431 909 2585 962 tertia
2617 908 2701 961 die
2747 909 3032 961 secundum
3060 905 3384 976 Scripturas.
3422 906 3524 959 Ve-

1952 1006 2097 1053 teres
2120 1013 2336 1068 nempe.
2363 998 2719 1069 Figurabatur
2745 1015 2982 1068 namque
3015 1015 3109 1069 per
3138 1008 3347 1053 veteres
3374 997 3525 1052 Scri-

1950 1101 2161 1159 pturas.
2187 1100 2242 1144 et
2272 1090 2599 1144 innuebatur
2625 1105 2724 1158 per
2776 1089 3096 1159 prophetias
3124 1088 3375 1143 triduana
3406 1087 3525 1142 Sat-

1950 1181 2153 1236 vatoris
2200 1180 2381 1236 futura
2435 1182 2785 1236 resurrectio.
2823 1180 2986 1235 Forte
3035 1181 3201 1234 etiam
3256 1196 3364 1234 non
3426 1180 3523 1233 has

1947 1276 2209 1330 duntaxat
2255 1276 2588 1345 intelligunt,
2619 1275 2713 1330 sed
2754 1284 2808 1330 et
2856 1273 3165 1344 Scripturas
3214 1273 3519 1343 Evangelii,

1951 1365 2231 1435 inquibus
2280 1366 2488 1435 liquido
2519 1366 2855 1421 resurrectio
2904 1364 3120 1419 Domini
3178 1364 3519 1434 praedicatur.

2018 1457 2086 1511 Et
2116 1457 2345 1511 ascendit
2371 1458 2424 1509 in
2447 1459 2615 1510 castos.
2644 1458 2761 1511 Hoc
2787 1456 3012 1522 expellit
3033 1456 3099 1511 de
3129 1453 3373 1510 Ecclesia
3408 1455 3522 1510 ha:-

1955 1548 2178 1611 reticos,
2212 1548 2304 1618 qui
2332 1548 2593 1602 dicuntur
2632 1547 2984 1617 Christolyti:
3018 1545 3107 1617 qui
3143 1546 3287 1600 nuda
3329 1546 3530 1601 divini-

1949 1648 2057 1695 tate
2080 1640 2255 1704 aiunt,
2278 1647 2461 1694 etnon
2490 1654 2613 1694 cum
2643 1654 2874 1708 corpore
2905 1654 3028 1693 eum
3055 1639 3108 1691 in
3143 1638 3310 1692 coelos
3339 1652 3526 1693 rever-

1947 1746 2088 1787 sum.
2117 1730 2271 1787 Sicut
2315 1731 2461 1785 enim
2515 1732 2754 1785 surrexit
2802 1746 2926 1785 cum
2980 1744 3230 1800 corpore,
3276 1730 3348 1784 ita
3402 1745 3525 1785 cum

1877 1862 1919 1918 Β
1946 1837 2173 1893 corpore
2203 1826 2467 1879 ascendit.

2011 1928 2082 1982 Et
2110 1930 2250 1983 sedet
2285 1929 2355 1982 ad
2398 1928 2676 1982 dexteram
2714 1927 2918 1980 Patris.
2976 1925 3131 1980 Sicut
3183 1926 3402 1994 quando
3431 1926 3526 1979 de-

1942 2022 2219 2077 scendisse
2255 2022 2510 2087 dicimus,
2537 2020 2641 2076 etsi
2692 2036 2911 2075 carnem
2944 2019 3069 2073 inde
3119 2034 3228 2074 non
3274 2018 3525 2082 habebat,

1943 2114 2303 2169 nihilominus
2327 2115 2382 2168 in
2413 2129 2638 2183 corpore
2684 2113 2851 2166 fuisse
2884 2111 3150 2176 dicimus,
3187 2119 3243 2164 et
3271 2125 3365 2180 per
3398 2125 3521 2164 cor—

1949 2220 2052 2275 pus
2075 2206 2357 2260 nobiscum
2388 2205 2555 2259 fuisse
2588 2212 2992 2266 eonversatum,
3018 2218 3126 2256 non
3156 2202 3299 2256 nuda
3332 2202 3529 2255 divini-

1944 2297 2196 2353 tate:ita
2247 2307 2302 2352 et
2336 2297 2647 2352 ascendisse
2700 2297 3001 2366 cogitamus
3078 2311 3201 2349 cum
3262 2309 3525 2365 corpore.

1945 2388 2087 2455 Quid
2117 2397 2298 2443 autem
2322 2388 2423 2443 sibi
2455 2388 2571 2442 vult
2595 2387 2785 2441 sedere
2810 2386 2875 2439 ad
2902 2386 3174 2439 dexteram
3196 2383 3219 2435 ?
3240 2382 3393 2448 Quod
3419 2398 3534 2436 non

1945 2482 2126 2535 minor
2157 2480 2230 2535 sit
2261 2479 2432 2534 Filius
2470 2480 2646 2545 Patre,
2674 2493 2797 2543 nec,
2824 2476 2949 2546 quia
2996 2475 3157 2529 homo
3204 2474 3379 2528 factus
3422 2484 3527 2538 est,

1945 2583 2228 2644 propterea
2254 2573 2571 2627 imminutus
2597 2580 2698 2626 est.
2732 2569 2981 2625 Ostendit
3014 2576 3195 2621 autem
3224 2567 3381 2621 sedes
3409 2566 3528 2635 ejus

1947 2665 2309 2735 a’quatitatem
2346 2664 2491 2718 illius
2518 2673 2679 2732 atque
2709 2661 3031 2717 dominium.
3065 2656 3189 2711 Non
3220 2657 3367 2713 enim
3402 2674 3527 2727 pro-

1948 2758 2130 2830 prium
2164 2765 2247 2812 est
2279 2757 2419 2811 servi
2458 2756 2671 2811 sedere.

2027 2860 2088 2915 Et
2119 2862 2308 2916 iterum
2334 2870 2580 2916 venturus
2611 2868 2683 2914 est
2714 2877 2831 2914 cum
2863 2860 3053 2931 gloria.
3074 2857 3541 2925 chturus,quod’

1952 2952 2179 3007 dominii
2209 2963 2294 3007 est
2324 2968 2574 3022 verazque
2605 2952 2968 3006 auctoritatis.

2017 3042 2264 3097 Judicare
2312 3043 2449 3096 vivos
2481 3050 2529 3095 et
2564 3050 2827 3094 mortuos.
2869 3040 3142 3104 Judicare,
3168 3049 3250 3094 est
3280 3039 3525 3093 dividere

1958 3141 2013 3187 et
2049 3132 2293 3187 tribuere
2342 3131 2543 3201 cuique
2574 3132 2728 3204 juxta
2794 3132 3052 3185 meritum
3109 3146 3336 3199 cperunt
3385 3130 3529 3194 ejus.

286 3204 462 3261 αὑτοῦ.
503 3208 722 3272 Ζῶντας
758 3210 986 3280 νοοῦμεν
1012 3213 1139 3276 τοὺς
1174 3214 1575 3280 πιστεύσαντας
1599 3219 1681 3280 εἰς
1708 3218 1846 3288 Χρι-

1956 3223 2122 3278 Vivos
2185 3223 2539 3294 intelligimus
2594 3238 2689 3277 eos
2740 3221 2832 3290 qui
2888 3222 3238 3276 crediderunt
3269 3221 3320 3273 in
3364 3220 3529 3275 Chri-

286 3297 417 3362 atlw,
449 3302 551 3354 καὶ
583 3301 681 3370 τὴν
705 3302 891 3356 πίστιν
913 3306 1093 3374 ἔργοις
1120 3306 1346 3374 ἀγαθοῖς
1398 3307 1808 3377 βεϐαιώσαντας
1831 3327 1847 3343 ο

286 3393 503 3459 νεκροὺς
529 3391 585 3444 δὲ
612 3395 737 3456 τοὺς
764 3396 839 3464 μή
866 3396 1285 3464 πιστεύσαντας,
1310 3398 1605 3464 δοκοῦντας
1636 3400 1692 3454 δὲ
1714 3399 1851 3471 ἔργα

284 3476 419 3545 ειειν
458 3483 697 3551 χρηστὰ,
743 3485 839 3536 καὶ
876 3485 1060 3539 πίστιν
1110 3487 1208 3557 μὲν
1241 3488 1486 3557 ἔχοντας,
1551 3490 1613 3543 οὐ
1656 3491 1763 3562 μὴν
1794 3490 1850 3543 δὲ

287 3572 367 3621 καὶ
393 3572 480 3625 διὰ
515 3573 623 3626 τῶν
647 3574 824 3643 ἔργων
854 3577 1350 3648 λαμπρυνομένους
1386 3581 1485 3652 τῆς
1516 3582 1776 3647 πίστεως.

351 3659 429 3719 Οὖ
465 3663 579 3732 τῆς
602 3669 932 3735 βασιλείας
975 3672 1085 3723 οὐκ
1109 3672 1282 3724 ἐσται
1310 3669 1505 3737 τέλος.
1552 3673 1848 3729 ’Δθανάτου

284 3754 383 3825 γὰρ
413 3758 561 3820 Euro;
593 3760 786 3826 αὑτοῦ,
818 3761 1175 3834 ἀτελεύτητος
1203 3762 1359 3817 ἔσται
1385 3767 1478 3818 καὶ
1521 3767 1553 3837 ή
1594 3767 1848 3838 βασιλεία

286 3848 462 3903 αὑτοῦ.

351 3939 458 3993 Kal
503 3943 586 4007 εις
635 3942 701 3994 τὸ
736 3943 980 4012 Πνεῦμα
1025 3945 1091 3998 τὸ
1146 3946 1337 4015 ἅγιον,
1388 3947 1456 4001 τὸ
1501 3950 1741 4017 Κύριον,
1781 3949 1849 4002 τὸ

290 4023 577 4085 ζωοποιόν.
617 4031 802 4085 Ταῦτα
829 4036 927 4104 τὴν
960 4035 1121 4104 φύσιν
1162 4037 1421 4107 σημαίνει
1452 4037 1547 4090 τοῦ
1591 4038 1848 4108 Πνεῦμα-

287 4134 371 4182 τος
408 4124 500 4176 καὶ
542 4124 644 4195 τὴν
683 4125 873 4195 σχέσιν
904 4127 1091 4194 αὑτοῦ,
1123 4130 1222 4199 τὴν
1264 4128 1401 4199 πρὸς
1455 4128 1547 4183 τὸν
1598 4130 1843 4201 Πατέρα,

289 4211 377 4261 xz‘t
406 4210 462 4264 τὸ
497 4215 870 4267 ὲνυπόστατον
905 4217 1035 4270 αὐτὸ
1082 4214 1223 4272 εἷναι
1254 4218 1366 4290 (Ιὸ)
1405 4258 1420 4272 .
1463 4257 1480 4275 .
1519 4258 1537 4277 .
1590 4259 1605 4274 .
1640 4258 1656 4276 .
1692 4258 1706 4274 .
1747 4260 1763 4276 .
1785 4223 1848 4276 τὸ

292 4300 499 4375 Πνεῦμα
522 4306 668 4368 ἰδίως
704 4307 939 4361 ἐνταῦθα
970 4312 1261 4377 λεγόμενον
1287 4312 1377 4363 ἐπὶ
1407 4310 1506 4381 τῆς
1540 4310 1634 4364 τοῦ
1678 4314 1848 4366 ἐκπο-

291 4399 471 4462 ρευτοῦ
505 4402 886 4466 ὖποστάσεως.
919 4404 1190 4457 Ζωοποιὺν
1234 4404 1314 4470 δὲ,
1349 4405 1537 4474 ἐπειδὴ
1566 4406 1660 4460 καὶ
1707 4404 1843 4476 ζωή.

293 4488 356 4541 ’0
379 4492 479 4563 γὰρ
511 4492 645 4565 ἔχει,
680 4493 844 4547 τοῦτο
871 4495 966 4547 καὶ
996 4494 1203 4563 ἑτέροις
1236 4493 1541 4565 χαρίζεται.

258 4582 269 4659 l
362 4584 427 4635 Τὸ
486 4586 554 4639 ἐκ
592 4586 703 4641 τοῦ
748 4588 976 4654 Πατρός
1009 4586 1517 4656 ἐκπορευόμενον.·
1547 4587 1724 4642 Τοῦτο
1752 4606 1851 4659 χα-

294 4680 706 4750 ρακτηριστικόν
735 4682 854 4732 ὲστι
890 4681 988 4749 τῆς
1014 4680 1106 4732 τοῦ
1130 4681 1449 4750 Πνεῦματος
1473 4681 1847 4744 ὑποστάσεως.

292 4767 400 4837 Τὴν
426 4772 555 4840 πρὸς
582 4772 679 4825 τὸν
707 4771 932 4841 Πατέρα
967 4772 1022 4825 δὲ
1047 4772 1234 4841 σχέσιν
1261 4772 1545 4841 ἐμφαίνει.

370 4862 429 4916 τὸ
490 4865 611 4918 σὺν
662 4864 845 4931 Πατρὶ
885 4863 984 4917 καὶ
1034 4863 1143 4929 Υἱῴ
1189 4866 1855 4936 συμπροσκυνούμενον

294 4951 389 5004 καὶ
424 4955 967 5025 συνδοξαζὶζιιενον.
998 4955 1166 5008 Τοῦτο
1200 4956 1297 5025 τὴν
1319 4958 1611 5026 δμοτιμίαν
1650 4957 1746 5012 καὶ
1790 4959 1854 5012 τὸ

293 5038 494 5109 ἀξίωμα
514 5046 777 5113 παριστᾷ.
802 5044 919 5098 Μία
941 5045 1050 5113 γὰρ
1083 5042 1303 5109 ἐξουσία
1337 5044 1431 5097 καὶ
1464 5044 1563 5116 μία
1587 5046 1717 5110 δόξα
1745 5046 1857 5100 τῶν

294 5130 465 5199 τριῶν.

367 5221 433 5277 Τὸ
463 5228 749 5297 ,καὶῆσαν
778 5229 880 5283 διὰ
948 5228 1068 5282 τῶν
1117 5228 1462 5298 προφητῶν.
1539 5229 1861 5300 Ἐνὲργειανν

295 5312 443 5369 τοῦτο
460 5321 708 5390 σημαίνει
734 5321 832 5375 τοῦ
862 5322 1203 5391 Πνεῦματος,
1233 5321 1291 5387 ἐξ
1320 5317 1385 5392 ἧς
1408 5322 1521 5391 (16)
1560 5362 1575 5377 .
1613 5363 1629 5379 .
1674 5360 1691 5376 .
1730 5364 1744 5379 .
1787 5362 1802 5377 .
1837 5358 1854 5375 .

300 5404 391 5459 οὐκ
414 5409 651 5481 ἐνέργειά
688 5416 827 5467 ὲστι.
866 5412 941 5467 Τὸ
982 5412 1089 5483 γὰρ
1143 5412 1343 5469 λαλοῦν
1371 5415 1629 5486 ἐνεργοῦν
1679 5416 1849 5478 ἐστιν,

300 5496 392 5552 οὐκ
415 5503 672 5575 ἐνέργεια.

370 5593 460 5660 Εἷς
480 5598 618 5665 μίαν
632 5600 811 5671 ἁγίαν
831 5599 1168 5669 καθολικὴν
1179 5599 1277 5654 καὶ
1308 5596 1726 5667 ἀποστολικὴν
1744 5596 1857 5649 Ἐκ-

379 5800 476 5872 lg”)
526 5807 619 5867 Hic
646 5820 775 5867 ante
840 5805 1013 5862 αὐτοῦ
1044 5807 1321 5863 exciderat
1369 5807 1420 5862 in
1463 5806 1652 5862 codice
1701 5820 1860 5860 voea~

316 5866 500 5929 bulum.

1954 3327 2133 3382 stum,
2190 3317 2462 3383 iidemque
2508 3312 2664 3367 bonis
2717 3313 2976 3381 operibus
3023 3310 3524 3366 conﬁrmaverunt:

1952 3418 2201 3465 mortuos
2223 3415 2409 3463 contra
2436 3450 2450 3474 ,
2480 3422 2575 3462 eos
2606 3408 2696 3476 qui
2727 3421 2835 3459 non
2866 3406 3241 3470 crediderunt,
3265 3415 3316 3459 ct
3341 3405 3529 3460 viden-

1954 3511 2043 3557 tur
2073 3517 2237 3571 opera
2286 3501 2486 3555 liabcre
2514 3499 2695 3562 bona;
2734 3498 2826 3568 qui
2861 3507 2912 3552 et
2939 3514 3031 3553 eos
3062 3513 3187 3552 cum
3221 3497 3383 3552 [idem
3434 3497 3527 3549 ιω.

1951 3589 2133 3652 beant,
2163 3604 2270 3642 non
2302 3600 2481 3642 tamen
2510 3602 2607 3656 per
2633 3601 2797 3655 opera
2832 3584 2951 3639 ﬁdei
2986 3585 3346 3639 illustrantur.

2020 3680 2181 3749 Cujus
2213 3681 2358 3750 regni
2389 3695 2492 3731 non
2518 3679 2614 3730 erit
2660 3677 2798 3745 ﬁnis.
2861 3674 2998 3731 Cum
3034 3677 3177 3730 enim
3208 3675 3544 3729 immortalis

1952 3772 2023 3827 sit
2062 3773 2200 3841 ipse,
2224 3781 2494 3825 aeternum
2530 3769 2635 3823 erit
2666 3783 2892 3839 regnum
2927 3767 3094 3820 illius.

2023 3951 2087 4005 Et
2114 3952 2170 4005 in
2206 3950 2464 4019 Spiritum
2490 3957 2754 4010 sanctum,
2812 3945 3089 4000 Dominum
3140 3946 3525 4014 viviﬁcantem.

1952 4045 2081 4101 llmc
2118 4052 2372 4099 naturam
2417 4042 2634 4113 signant
2669 4039 2909 4110 Spiritus
2931 4079 2945 4103 ,
2977 4047 3031 4093 et
3058 4038 3377 4093 relationem
3411 4040 3531 4107 ejus

1950 4140 2015 4195 ad
2045 4137 2262 4192 Patrem
2283 4178 2298 4202 ,
2318 4142 2374 4190 et
2398 4134 2542 4203 quod
2574 4148 2808 4203 persona
2834 4130 3354 4185 subsistensrsit...“
3387 4129 3521 4198 8νὲ-

1956 4234 2099 4288 ritus
2125 4228 2345 4302 proprie
2393 4225 2483 4281 hic
2512 4226 2691 4280 dictus
2721 4225 2777 4279 in
2808 4222 3161 4294 procedentis
3213 4222 3489 4291 hypostasi
3511 4271 3525 4285 ,

1947 4326 2246 4382 Viviﬁcans
2296 4335 2446 4382 vero,
2497 4317 2624 4388 quia
2658 4317 2821 4372 etiam
2873 4316 2981 4370 vita
3030 4323 3135 4370 est.
3188 4313 3346 4380 Quod
3381 4315 3528 4368 enim

1948 4415 2210 4483 habet,id
2238 4423 2295 4468 et
2320 4410 2545 4480 reliquis
2578 4408 2824 4481 largitur.

2030 4596 2131 4662 Qui
2160 4611 2222 4649 ex
2249 4595 2415 4647 Patre
2451 4592 2704 4660 procedit.
2748 4588 2861 4644 Hoc
2893 4596 2977 4643 est
3025 4586 3527 4643 characteristicum

1960 4701 2203 4759 personae
2231 4684 2487 4754 Spiritus.
2520 4679 2769 4736 Ostendit
2820 4677 3135 4732 relationem
3168 4675 3236 4728 ad
3276 4673 3516 4727 Patrem.

2032 4862 2132 4929 Qui
2160 4876 2277 4915 cum
2311 4857 2473 4912 Patre
2506 4865 2553 4910 et
2587 4855 2723 4910 Filio
2753 4854 3070 4906 coadoratur
3095 4862 3141 4905 et
3174 4850 3534 4920 rong!oriﬁc.¢—

1965 4965 2070 5010 tur.
2122 4953 2237 5009 Hoc
2286 4944 2648 5020 aequalitatem
2703 4947 2929 5001 honoris
2969 4956 3023 5000 et
3080 4945 3397 5016 dignitatem
3446 4943 3537 4994 dc-

1961 5056 2250 5105 monstrat.
2301 5046 2419 5103 Una
2475 5055 2562 5101 est
2614 5043 2763 5099 enim
2819 5048 3059 5111 potestas
3106 5047 3162 5091 et
3209 5052 3314 5090 una
3364 5033 3533 5103 gloria

1961 5140 2147 5197 trium.

2032 5231 2134 5296 Qui
2172 5231 2375 5285 locutus
2429 5240 2501 5284 est
2531 5246 2624 5298 per
2655 5228 2955 5298 prophetas.
2992 5223 3261 5276 Virtutem
3299 5216 3403 5267 hoc
3452 5212 3539 5264 in-

1962 5321 2081 5376 nuit
2117 5320 2378 5389 Spiritus,
2417 5334 2481 5373 ex
2529 5333 2771 5388 qua
2823 5330 2931 5370 non
2983 5305 3228 5378 operatio
3275 5309 3379 5356 est.
3435 5299 3545 5366 Qui

1959 5413 2104 5467 enim
2130 5411 2369 5482 loquitur
2397 5426 2631 5480 operans
2658 5417 2762 5469 est.
2785 5422 2893 5459 non
2923 5400 3188 5471 Operatio.

2038 5590 2105 5645 [η
2142 5605 2303 5642 unam
2336 5595 2569 5641 sanctam
2613 5580 2925 5636 catholicam
2975 5589 3021 5633 et
3057 5579 3397 5648 apostolicam
3440 5575 3542 5627 Ec-

2076 5800 2155 5863 Ifi)
2210 5799 2310 5854 llic
2368 5814 2555 5851 rursus
2590 5796 2824 5865 spatium
2868 5795 3031 5847 unius
3060 5790 3306 5844 voeabuu
3333 5804 3384 5839 In
3412 5786 3532 5838 (‘06:

2076 5802 2155 5863 I5)
2210 5802 2310 5854 llic
2368 5814 2555 5851 rursus
2590 5802 2824 5865 spatium
2868 5802 3031 5847 unius
3060 5809 3117 5844 ve

2045 5802 2159 5941 ξω)
2199 5869 2356 5926 Forte
2383 5870 2469 5924 hic
2504 5869 2699 5923 excidit
2726 5866 2987 5935 φανερὸν,
