4068 6264
324 412 385 473 fl
1539 423 1998 484 DiSPUTATIO
2041 429 2135 488 DE
2176 432 2377 491 FIDE.
3172 476 3177 485 α
3489 438 3555 500 29

324 526 477 579 πάλιν
500 524 687 592 λέγετε
726 525 945 596 Πατέρα
981 528 1073 581 καὶ
1115 528 1240 582 Υἰὸν
1274 529 1366 583 καὶ
1418 530 1572 599 ἅγιον
1605 532 1828 603 Πνεῦμα
1859 550 1870 597 ;

1979 551 2084 605 que
2114 555 2177 592 ac
2210 540 2402 593 Filium
2443 549 2497 594 et
2546 551 2795 596 sanctum
2856 544 3118 613 Spiritum
3152 547 3381 605 dicitis?
3434 549 3553 604 llaec

320 618 522 681 Δείξατε
553 619 683 687 ἡμῖν
712 620 897 674 ταῦτα.
932 621 1097 687 Λέγει
1133 624 1159 675 6
1190 623 1493 696 Εὐθύμιος’
1542 626 1736 697 Ἡμεῖς
1773 624 1872 679 ἕνα

319 709 443 760 Θεὸν
471 708 794 778 πιστεύομεν
819 711 1097 778 ἄκτιστον,
1127 716 1382 786 ἄναρχον,
1434 719 1871 790 ἀπερίγραπτον,

323 801 712 869 ἀκατάληπτον,
752 803 1183 873 ἀνεξιχνίαστον,
1214 808 1273 861 ὃν
1295 809 1473 873 οὐδεὶς
1514 812 1727 879 ἑώρακε
1761 811 1874 864 πώ-

320 911 433 944 ποτε
455 910 469 925 ο
504 895 734 965 λέγομεν
766 898 825 950 δὲ
853 899 933 952 ὅτι
968 900 1140 968 Λόγος
1165 903 1262 956 καὶ
1307 903 1534 973 Πνεῦμα
1565 905 1593 956 6
1622 905 1774 971 Θεὸς,
1810 904 1868 958 ού

320 988 415 1052 μὴν
444 987 655 1049 κτιστὰ,
686 988 824 1041 ἀλλὰ
873 990 974 1057 τῆς
1026 992 1192 1045 αὑτοῦ
1232 994 1421 1058 οὐσίας
1472 997 1567 1048 καὶ
1622 998 1870 1064 φύσεωςο

316 1077 513 1147 ὁρῶμεν
550 1078 603 1131 δὲ
646 1080 737 1132 τὸν
765 1083 1019 1151 οὐρανὸν,
1048 1085 1144 1137 καὶ
1176 1086 1276 1155 τὴν
1299 1088 1425 1158 γῆν,
1478 1089 1633 1160 ἥλιόν
1668 1106 1728 1142 τε
1777 1089 1875 1143 καὶ

324 1174 554 1240 σελήνην,
582 1176 777 1243 ἄστρα,
811 1177 1016 1242 λίθους,
1052 1181 1331 1246 καὶξύλα,
1380 1182 1563 1253 ἄψυχα
1598 1178 1737 1235 εἶναι
1772 1183 1866 1236 καὶ

319 1262 501 1329 ἄλογαο
539 1266 645 1318 ἔδει
677 1266 772 1320 οὖν
801 1263 948 1321 εἶναι
976 1270 1069 1322 τὸν
1103 1273 1348 1344 κτίστην
1379 1276 1586 1327 τούτων
1642 1275 1865 1339 ζωοπά-

316 1372 490 1425 ροχονο
519 1356 656 1409 διότι
691 1359 958 1413 ἀδύνατον
1006 1357 1146 1417 εἶναι
1182 1366 1273 1417 τὸν
1310 1366 1551 1437 Κτίστην
1583 1368 1771 1436 ὅμοιον
1794 1367 1871 1436 τῷ

312 1449 551 1515 κτίσματι
585 1451 791 1518 ἄλογον
828 1454 924 1505 καὶ
952 1455 1182 1510 ἄπνουν.
1223 1457 1472 1527 Ὀρῶμεν
1501 1459 1557 1511 δὲ
1583 1461 1737 1528 παρὰ
1769 1460 1872 1512 πᾶ-

278 1534 282 1559 ⁷
316 1556 403 1592 σαν
434 1542 603 1595 κτίσιν
643 1545 936 1599 κάλλιστον
980 1548 1188 1616 κτίσμα
1226 1546 1370 1603 εἶναι
1420 1552 1514 1605 τὸν
1544 1551 1832 1621 ἄνθρωπον
1856 1568 1871 1584 ο

320 1635 405 1684 καὶ
427 1636 469 1687 εί
495 1637 788 1705 ἄνθρωπος
826 1640 1042 1710 μετέχει
1067 1640 1224 1707 λόγου
1257 1642 1352 1694 καὶ
1386 1643 1719 1713 πνεύματος,
1756 1643 1843 1696 πῶ

316 1725 408 1777 ἔδει
440 1726 523 1779 τὸν
554 1728 807 1799 κτίστην
838 1726 981 1781 εἶναι
1009 1731 1278 1801 ἀμέτοχον
1312 1732 1474 1801 λόγου
1502 1736 1597 1788 καὶ
1620 1735 1756 1788 πνεύ
1767 1753 1842 1804 μα

315 1833 421 1881 τος;
452 1819 552 1872 Καὶ
579 1820 633 1872 εἰ
668 1822 934 1890 ἀμέτοχος
965 1819 1051 1893 ἦν,
1083 1825 1184 1877 οὐκ
1205 1821 1273 1895 ἦν
1298 1825 1470 1889 αἴτιος
1497 1828 1604 1881 τῶν
1639 1827 1874 1896 κτισμά-

310 1925 432 1960 των·
463 1910 519 1963 τὸ
545 1913 665 1982 γὰρ
689 1913 762 1983 μὴ
794 1914 918 1983 ἔχον
949 1914 1106 1984 λόγον
1135 1916 1168 1989 ἢ
1217 1918 1437 1987 πνεῦμα
1476 1918 1629 1973 οὐδὲν
1685 1920 1875 1991 ἕτερον

307 1996 366 2070 ἦν
399 2004 443 2054 εξ
513 2004 587 2073 μὴ
621 2005 782 2069 ξύλον
809 2006 843 2075 ἢ
887 2006 1032 2071 λίθος
1059 2023 1075 2039 ⁸
1133 2011 1227 2063 καὶ
1257 2011 1368 2082 γὰρ
1416 2011 1468 2063 οἱ
1527 2010 1875 2065 θεόπνευστος

309 2098 642 2167 προφητικῆς
674 2098 934 2165 γνώσεως
960 2101 1111 2164 θείας
1142 2103 1597 2173 ὲμπνευσθὲντες,
1620 2105 1716 2158 ἕνα
1742 2106 1877 2159 Θεὸν

306 2190 624 2259 κηρύττουσι
680 2193 820 2261 μετὰ
888 2194 1048 2262 λόγου
1118 2196 1210 2249 καὶ
1267 2197 1597 2267 πνεύματος.
1660 2198 1720 2251 Ὀ
1778 2198 1877 2268 μὲν

302 2279 450 2334 Δαυῒδ
494 2282 631 2336 τάδε
692 2285 880 2355 φησίνο
930 2285 1013 2351 Τῷ
1032 2288 1194 2356 λόγῳ
1239 2289 1460 2356 Κυρίου
1508 2292 1561 2345 οι
1635 2289 1879 2358 οὐρανοὶ

301 2373 764 2442 ἐστερεώθησαν,
793 2378 892 2432 καὶ
922 2377 999 2443 τῷ
1023 2380 1314 2448 πνεύματι
1340 2382 1446 2435 τοῦ
1468 2384 1767 2452 στόματος
1782 2384 1879 2436 αὑ-

302 2464 396 2518 τοῦ
426 2464 599 2520 πᾶσα
628 2468 667 2532 ἡ
695 2466 951 2535 δύναμις
977 2468 1177 2522 αὐτῶν
1199 2487 1212 2501 ·
1250 2473 1342 2524 καὶ
1384 2474 1433 2524 οἱ
1461 2474 1683 2542 ἄγγελοι
1712 2476 1772 2525 ὲν
1801 2473 1878 2544 τῷ

305 2560 543 2630 πιναγίῳ
592 2558 749 2630 ὕμνῳ
795 2560 923 2614 τάδε
965 2560 1320 2628 δοξάζουσιν·
1382 2564 1609 2634 Ἀγιος,
1651 2568 1877 2635 Ἀγιος,

304 2647 518 2716 ’Λγιοςο
550 2651 796 2718 πλήρης
822 2652 854 2703 ὁ
888 2652 1146 2719 οὐρανὸς
1176 2654 1273 2707 καὶ
1319 2655 1358 2722 ἡ
1405 2654 1481 2724 γῆ
1532 2656 1642 2723 τῆς
1694 2656 1880 2724 δόξης

301 2742 487 2795 αὑτοῦ.
518 2744 638 2796 Καὶ
667 2744 769 2795 οὐκ
795 2744 961 2803 αὐτὸς
989 2746 1122 2817 ὁρᾷς
1158 2746 1275 2809 πῶς
1315 2747 1412 2819 τὴν
1467 2749 1630 2817 ἁγίαν
1667 2751 1876 2821 Τριάδα

299 2830 572 2898 δοξάζουσι
603 2835 697 2887 καὶ
728 2834 778 2887 oi
824 2835 1041 2903 ἄγγελοι
1077 2855 1091 2903 ;

361 3010 419 3079 β’.
473 3014 638 3066 Εἴπω
684 3013 743 3066 δὲ
785 3012 882 3066 καὶ
917 3013 1045 3066 ἄλλο
1095 3016 1369 3087 ὁμοίωμα.
1417 3020 1477 3071 ’0
1531 3020 1878 3092 ἀνθρώπινος

302 3101 415 3164 νοῦς
460 3103 720 3173 ἡγεμὼν.
774 3105 1097 3177 προσολεὺς,
1149 3108 1241 3160 καὶ
1280 3110 1457 3173 αἴτιος
1492 3106 1561 3183 ἦν
1604 3113 1699 3166 τοῦ
1734 3116 1875 3184 ήμε-

1987 630 2145 684 nobis
2171 631 2562 687 demonstrate.
2600 633 2736 689 Dicit
2796 637 3118 708 Euthymius
3156 656 3169 692 :
3243 638 3352 693 Nos
3386 656 3555 694 unum

1988 719 2155 773 Deum
2197 722 2471 776 credimus
2507 722 2830 790 increatum,
2864 727 2983 780 sine
3023 727 3199 791 initio,
3252 728 3554 782 incircum.

1985 812 2266 881 scriptum,
2296 815 2924 885 incnmprchensibilem,
2946 819 3374 883 inscrutabilem,
3394 836 3555 889 quem

1983 920 2145 960 nemo
2173 906 2308 960 vidit
2350 923 2611 977 unquam.
2640 909 2884 965 Dicimus
2915 920 3094 966 autem
3127 911 3321 965 Filium
3356 921 3410 967 et
3433 912 3554 979 Spi-

1984 997 2147 1050 ritum
2166 1012 2286 1051 esse
2304 997 2491 1063 Deum,
2519 1001 2660 1055 haud
2674 1002 2925 1070 equidem
2938 1013 3169 1067 creatos,
3189 1005 3281 1058 sed
3306 1005 3550 1059 eamdem

1982 1087 2159 1143 Patris
2218 1090 2577 1146 substantiam
2626 1102 2987 1164 naturamque
3039 1095 3321 1151 habentes.
3385 1098 3553 1152 Porro

1983 1182 2231 1237 videmus
2263 1184 2460 1239 cmlum
2515 1194 2571 1239 et
2618 1195 2836 1251 terram,
2919 1189 3196 1258 solemque
3241 1204 3304 1244 ac
3349 1190 3554 1251 lunam,

1985 1274 2444 1343 sidera,lapides,
2472 1276 2642 1346 ligna.
2701 1277 2997 1333 inanimata
3054 1289 3111 1334 et
3168 1281 3553 1337 irrationalia:

1987 1365 2232 1431 oportuit
2291 1365 2474 1434 itaque
2522 1366 2715 1421 borum
2761 1367 3099 1435 Creatorem,
3170 1369 3295 1423 vita:
3339 1385 3558 1439 quoque

1982 1470 2107 1510 esse
2140 1456 2485 1526 praebitorem
2523 1459 2761 1512 :etenim
2784 1458 2899 1513 ﬁeri
2958 1459 3168 1529 nequit.
3222 1458 3555 1525 utCrcator,

1957 1596 1963 1604 .
1988 1562 2141 1615 teque
2173 1562 2236 1600 ac
2263 1547 2368 1601 illae
2401 1559 2685 1615 creaturae,
2707 1549 3031 1603 irrationalis
3060 1551 3131 1604 sit
3158 1557 3212 1603 et
3242 1550 3435 1619 spiritu
3465 1567 3558 1602 va-

1957 1620 2141 1693 ὀιιιιε.
2166 1637 2461 1693 Cernimus
2485 1649 2666 1693 autem
2694 1656 2803 1708 prae
2838 1641 3093 1694 omnibus
3127 1642 3325 1696 creatis
3392 1641 3558 1695 rebus

1960 1728 2415 1800 s-puleherrimam
2449 1739 2757 1784 creaturam
2794 1731 3097 1786 hominem.
3127 1731 3283 1797 Quod
3314 1731 3356 1785 si
3386 1732 3569 1785 homo-

1983 1822 2256 1893 particeps
2287 1824 2435 1879 verbi
2466 1833 2550 1878 est
2588 1831 2749 1892 atque
2803 1823 3051 1892 spiritus,
3099 1825 3375 1893 quomodo
3399 1839 3559 1893 opor-

1981 1915 2176 1970 tuisset
2211 1915 2529 1971 Creatorem
2564 1931 2750 1969 carere
2783 1915 2952 1969 verbo
2989 1930 3055 1970 ac
3094 1916 3292 1985 spiritu
3334 1916 3356 1968 ?
3419 1917 3556 1970 Nam

1978 2006 2024 2061 si
2050 2006 2187 2061 forte
2204 2008 2492 2063 caruisset.
2511 2017 2700 2063 auctor
2718 2015 3091 2062 creaturarum
3112 2024 3221 2062 non
3234 2009 3556 2064 exstitisset.

1980 2100 2116 2154 Nam
2155 2100 2300 2169 quod
2329 2115 2506 2166 neque
2535 2100 2802 2155 rationem
2829 2115 3010 2169 neque
3069 2100 3322 2169 spiritum
3368 2100 3555 2163 habet.

1980 2191 2120 2245 nihil
2153 2192 2298 2245 aliud
2348 2202 2435 2246 est
2476 2208 2638 2261 quam
2677 2192 2879 2261 lignum
2935 2200 3031 2245 aut
3080 2191 3243 2260 lapis.
3305 2192 3560 2246 Proiecto

1979 2282 2295 2353 prephetica
2325 2282 2553 2337 scientia
2590 2281 2852 2337 divinitus
2881 2281 3090 2350 praediti
3116 2281 3365 2336 homines
3381 2295 3557 2336 unum

1983 2378 2150 2432 Deum
2213 2375 2534 2445 praedicant,
2601 2375 2815 2429 ratione
2870 2374 3176 2443 spirituque
3230 2373 3554 2443 pollentem.

1982 2469 2151 2523 David
2178 2468 2400 2538 quidem
2439 2467 2517 2522 sic
2548 2467 2623 2521 ait
2658 2484 2671 2520 :
2709 2467 2870 2521 Verbo
2908 2467 3119 2518 Domini
3180 2466 3295 2519 caeli
3354 2466 3562 2535 ﬁrmati

1978 2569 2124 2623 sunt,
2165 2570 2213 2613 et
2276 2559 2467 2629 spiritu
2527 2558 2633 2611 oris
2689 2557 2806 2626 ejus
2863 2558 3033 2609 omnis
3091 2557 3256 2609 virtus
3307 2572 3484 2611 eorum
3519 2558 3556 2609 '.

1981 2653 2171 2723 Angeli
2204 2666 2421 2721 quoque
2454 2651 2506 2705 in
2532 2649 2881 2705 sanctissimo
2900 2650 3105 2720 hymno
3157 2649 3227 2702 ita
3284 2649 3514 2703 laudant
3544 2668 3557 2703 :

1980 2744 2227 2805 Sanctus,
2255 2754 2488 2808 sanctus,
2532 2752 2772 2806 sanctus,
2815 2741 3028 2811 plenum
3079 2740 3267 2794 caelum
3309 2758 3370 2795 ac
3418 2750 3559 2794 terra

1979 2838 2144 2908 gloria
2175 2838 2310 2907 ejus.
2334 2836 2525 2891 Nonne
2548 2845 2605 2890 tu
2630 2835 2800 2898 vides,
2826 2834 3104 2904 quomodo
3131 2842 3375 2888 sanetam
3398 2866 3404 2873 -
3429 2831 3559 2887 Tri-

1986 2930 2213 2984 nitatem
2251 2929 2473 2984 laudant
2502 2928 2601 2998 ipsi
2631 2926 2853 2997 angeli?

2049 3023 2105 3077 2.
2139 3023 2324 3078 Dicam
2358 3022 2519 3076 aliam
2546 3035 2764 3091 quoque
2813 3019 3251 3074 similitudinem.
3306 3018 3555 3071 Humana

1980 3127 2160 3176 mens,
2192 3112 2321 3174 dux,
2354 3113 2585 3176 auctrix,
2615 3125 2885 3180 causaque
2928 3120 3010 3165 est
3063 3108 3213 3164 verbi
3264 3106 3435 3162 nostri
3493 3120 3558 3160 ac

304 3193 452 3261 τέρου
487 3194 657 3260 λόγου
712 3196 807 3247 καὶ
851 3195 1200 3266 πνεύματοςο
1232 3200 1327 3253 καὶ
1368 3200 1433 3254 ἂν
1476 3203 1723 3272 εἴπωμεν
1785 3206 1870 3259 τὸν

1978 3204 2221 3274 spiritus.
2281 3201 2399 3255 Jam
2457 3202 2499 3257 si
2551 3201 2853 3255 dixerimus
2904 3208 3144 3253 mentem
3210 3198 3381 3266 ipsam
3437 3211 3561 3251 esse

294 3279 404 3333 νοῦν
437 3282 689 3349 πνεῦμα,
734 3282 810 3344 ὼς
858 3283 1014 3335 κενὸν
1074 3285 1167 3336 τὸν
1215 3286 1374 3353 λόγον
1417 3287 1700 3357 ποιοῦμεν,
1762 3293 1859 3344 καὶ

296 3372 747 3442 ἀπαλλοτριοῦται
774 3375 803 3427 6
831 3374 990 3442 λόγος
1030 3375 1123 3429 τοῦ
1152 3376 1265 3439 νοὸς
1296 3378 1397 3449 τὴν
1430 3379 1621 3447 φύσινς
1649 3382 1812 3450 Λέγει
1837 3384 1865 3436 6

296 3464 628 3535 Σαρακηνόςο
658 3465 815 3535 Οὐχί.
847 3467 995 3538 Ἔφη
1021 3470 1048 3521 6
1100 3469 1373 3539 Εὐθύμιος
1396 3489 1411 3503 ·
1448 3472 1637 3526 Ἔστιν
1675 3477 1703 3526 6
1743 3476 1865 3539 νοῦς

296 3556 471 3625 πατὴρ
508 3557 602 3609 τοῦ
633 3558 819 3625 λόγου,
855 3558 887 3627 ἥ
936 3557 1027 3625 ob;
1064 3560 1228 3630 Λέγει
1267 3564 1295 3615 6
1328 3564 1679 3633 Σαρακηνός’
1733 3567 1863 3624 Ναί.

300 3646 428 3717 Ἐξη
462 3651 492 3700 6
517 3648 797 3718 Εὑθύμιος
823 3666 837 3679 ·
890 3650 1112 3717 Ἔδειξᾶ
1171 3669 1255 3705 σοι
1300 3653 1398 3718 τὴν
1427 3654 1742 3724 πατρὸτητα
1773 3657 1868 3709 ἐπὶ

296 3737 443 3792 Θεοῦ.
489 3741 653 3807 Λέγει
709 3741 737 3791 6
792 3741 1108 3811 Σαρακηνός
1138 3759 1151 3774 '
1182 3745 1291 3796 Καὶ
1341 3744 1456 3807 πῶς
1510 3748 1868 3817 συνηνωμένα

295 3826 391 3899 ip;
424 3832 541 3894 πῶς
560 3832 754 3902 λέγετε
778 3834 1012 3899 ὅτιθεὸς
1042 3835 1334 3908 ἐσαρκὼθη
1365 3854 1378 3900 ;
1409 3839 1502 3891 καὶ
1535 3841 1867 3909 σαρκωθιὶς,

296 3922 367 3983 τίς
396 3917 461 3991 ἦν
492 3923 549 3974 ἐν
608 3923 689 3990 τῷ
718 3924 978 3994 οὐρανῷς
1020 3928 1116 3980 καὶ
1155 3928 1239 3989 τίς
1288 3928 1443 3997 διῆγε
1502 3931 1594 3982 τὸν
1631 3933 1864 4001 κόσμονς

302 4013 432 4083 Ἕρη
466 4015 494 4065 6
526 4014 832 4085 Εύθύμιος·
883 4015 947 4071 Ὀ
968 4019 1120 4087 ἣλιος
1147 4020 1510 4091 αὐτολαμπὴς
1541 4018 1609 4093 ἦν
1642 4027 1739 4075 καὶ
1767 4042 1867 4093 μο-

300 4109 653 4171 νῡπὸστατος
681 4150 696 4171 ,
729 4109 761 4178 ἢ
812 4110 1030 4179 μετέχει
1070 4113 1167 4166 καὶ
1211 4113 1412 4183 ἑτέρας
1470 4114 1867 4183 ὑποστάσεως;

300 4200 448 4267 Λέγει
477 4203 506 4253 6
538 4204 864 4272 Σαρακηνὸς
892 4219 905 4234 ⁶
944 4205 1034 4257 Ἐν
1061 4206 1139 4274 τῷ
1168 4207 1305 4277 ἡλίῳ
1349 4208 1501 4275 τρεῖς
1533 4208 1869 4273 ὑποστάσεις

301 4293 426 4343 εἰσίν
448 4311 466 4325 ο
490 4294 550 4345 τὸ
577 4295 828 4362 ἀγγεῖον,
874 4294 933 4347 τὸ
984 4298 1119 4364 φῶς,
1150 4299 1244 4350 καὶ
1297 4299 1353 4349 ai
1389 4300 1626 4362 ἀκτῖνες.
1660 4303 1803 4371 Ἔφη
1845 4304 1873 4355 6

302 4380 581 4453 Εὐθύμιος·
604 4386 712 4438 Καὶ
731 4386 1033 4438 διοικοῦσαι
1063 4387 1162 4458 τὴν
1190 4387 1489 4456 σύμπασαν
1510 4392 1613 4461 γῆν
1640 4392 1699 4443 αἱ
1725 4394 1877 4445 ἀκτῖ-

298 4490 375 4533 νες
404 4477 495 4528 τοῦ
528 4476 706 4547 ⁴ἡλίου,
734 4477 871 4530 ἀλλὰ
902 4480 995 4530 καὶ
1028 4482 1107 4542 εἰς
1136 4481 1315 4550 φρέαρ
1345 4481 1648 4551 βαθύτατον
1676 4502 1873 4555 κατερ-

1972 3295 2242 3365 spiritum,
2278 3294 2579 3347 verbnmne
2616 3305 2843 3345 vacuum
2892 3290 3172 3343 reddimus
3203 3328 3217 3351 ,
3255 3296 3308 3342 et
3343 3303 3371 3341 a
3405 3303 3560 3341 men-

1968 3386 2038 3439 tis
2072 3393 2263 3437 natura
2302 3382 2531 3437 verbum
2591 3380 2966 3434 abalienatur?
3005 3378 3144 3433 Dicit
3189 3377 3556 3433 Sarrareuus:

1966 3475 2338 3545 Nequaquam.
2364 3472 2795 3543 AitEuthymius
2830 3489 2841 3523 :
2887 3470 3054 3525 Estne
3101 3486 3256 3524 mens
3281 3470 3426 3523 vcrbi
3464 3484 3557 3538 pa-

1968 3582 2119 3628 rcns,
2159 3582 2227 3620 an
2262 3580 2419 3619 secus
2447 3564 2627 3618 ‘iDicit
2655 3563 2968 3618 Saracenus
3000 3581 3012 3615 :
3046 3562 3294 3616 Maxime.
3325 3562 3415 3614 Ait
3450 3562 3557 3613 Eu-

1971 3660 2247 3729 thymius:
2290 3656 2664 3711 Demonstravi
2719 3654 2810 3709 tibi
2848 3655 2943 3709 Dei
2988 3653 3391 3723 paternitatem.
3422 3651 3559 3705 Dicit

1972 3752 2272 3806 Saracenus
2301 3766 2314 3802 :
2342 3749 2622 3814 Quomodo
2653 3749 2766 3801 hinc
2795 3748 3044 3816 copulata
3079 3747 3193 3799 sint
3217 3745 3240 3796 ?
3285 3742 3575 3812 quomoda

1970 3837 2148 3892 dicitis
2181 3836 2348 3888 Deum
2391 3851 2514 3887 esse
2572 3836 2914 3887 inrarnatum
2946 3834 2967 3885 ?
2995 3832 3130 3885 Tum
3152 3833 3194 3885 si
3248 3832 3559 3885 incarnatus

1972 3929 2095 3990 fuit,
2127 3926 2247 3993 quis
2276 3926 2331 3978 in
2359 3926 2497 3979 coelo
2528 3924 2861 3988 remanebat,
2887 3925 3085 3992 quisve
3117 3924 3373 3977 niundum
3404 3939 3557 3993 rcge-

1972 4016 2103 4071 bat?
2144 4015 2232 4067 Ait
2267 4013 2630 4085 Euthymius:
2682 4013 2844 4067 Estne
2879 4013 2958 4066 sol
2990 4020 3182 4080 suapte
3212 4011 3555 4080 splendidus,

1973 4116 2028 4162 et
2073 4106 2236 4160 unius
2268 4104 2658 4165 SUbSiSlCDliiB,
2686 4119 2755 4157 an
2812 4101 3036 4156 alterius
3067 4114 3282 4169 quoque
3335 4097 3557 4167 particiv

1974 4202 2116 4272 pat?
2149 4199 2288 4255 Dicit
2318 4198 2671 4253 Saracenus:
2721 4196 2777 4249 In
2837 4194 2951 4249 sole
3007 4204 3114 4248 tres
3184 4189 3554 4245 subsistentia:

1976 4302 2125 4353 sunt,
2158 4288 2587 4359 receptaculum,
2621 4289 2712 4340 lux
2762 4293 2818 4340 et
2849 4284 3006 4339 radii.
3055 4284 3141 4336 Ait
3187 4280 3552 4351 Euthymius:

1977 4382 2119 4436 Solis
2153 4381 2284 4435 radii
2320 4380 2632 4434 universam
2686 4386 2882 4431 terram
2937 4375 3250 4434 lustrantes.
3323 4373 3366 4426 si
3410 4370 3552 4426 forte

1980 4473 2033 4525 in
2066 4469 2549 4541 profundissimum
2585 4479 2806 4534 puteum
2844 4466 3108 4528 incidant,
3174 4479 3303 4516 num
3342 4462 3550 4517 idcirco

301 4567 491 4635 χομένη
519 4536 562 4635 ἡ.
586 4536 749 4630 ani;
779 4568 877 4619 τοῦ
917 4536 1105 4637 ἡλίου,⁷
1144 4536 1605 4641 ασταλλοτριοῦται
1638 4575 1671 4645 ἡ
1714 4536 1870 4637 dmi;

1980 4536 2113 4612 radii
2147 4575 2175 4612 a
2200 4559 2312 4612 sole
2338 4566 2432 4610 aut
2459 4557 2579 4609 luce
2609 4554 2994 4608 abalienantur
3019 4553 3040 4605 ?
3065 4551 3203 4605 Dicit
3217 4552 3552 4604 Saracenus:

302 4658 383 4708 τοῦ
418 4660 645 4730 ήλίου,ἢ
672 4659 767 4712 τοῦ
804 4660 983 4728 φωτός
1006 4678 1019 4724 ;
1045 4661 1212 4729 Λέγει
1258 4664 1288 4715 6
1328 4666 1678 4735 Σαρακηνόςο
1716 4667 1870 4738 Οὐχὶ,

303 4748 423 4801 ἀλλὰ
452 4750 509 4802 τὸ
537 4752 717 4820 παρὸν
747 4753 814 4820 τῇ
842 4752 911 4818 γῇ
941 4751 1080 4818 φῶς,
1119 4752 1253 4806 αὐτὸ
1283 4749 1350 4823 ἦν
1380 4756 1473 4807 καὶ
1500 4755 1635 4810 ἄνω.
1675 4758 1817 4827 Ἔφη
1844 4760 1871 4810 6

306 4838 566 4907 Εὐθύμιος
590 4858 605 4874 ο
651 4844 761 4894 Καὶ
791 4844 889 4895 ἐὰν
915 4846 940 4894 6
970 4843 1119 4914 ἥλιος
1151 4843 1178 4896 6
1218 4845 1440 4908 κτιστὸς
1471 4847 1568 4898 καὶ
1625 4847 1867 4918 φθαρτὸς

306 4937 387 4987 καὶ
414 4936 527 4989 ἄνω
559 4938 785 5004 φωτίζει
820 4939 915 4989 καὶ
950 4942 1122 5003 κάτω,
1158 4942 1311 5010 πόσῳ
1340 4958 1402 5008 γε
1435 4942 1636 5007 μᾶλλον
1675 4946 1703 4996 6
1742 4945 1871 4997 Κτί-

307 5042 423 5095 ετης
452 5030 695 5090 πάντων,
728 5030 758 5081 6
793 5027 990 5099 παρὼν
1025 5033 1082 5083 ἐν
1113 5034 1179 5103 τῇ
1220 5034 1407 5103 μήτρᾳ
1435 5036 1502 5104 τῇ
1536 5034 1870 5107 παρθενικῇ,

307 5119 453 5178 αὐτὸς
482 5116 550 5189 ἦν
616 5121 711 5173 καὶ
752 5122 811 5174 ἐν
874 5120 953 5190 τῷ
992 5123 1208 5194 οὐρανῷ
1254 5126 1350 5177 καὶ
1390 5126 1484 5176 ἐπὶ
1533 5127 1719 5177 πᾶσαν
1774 5132 1873 5197 τὴν

302 5210 464 5261 hic»
485 5227 499 5272 ;

364 5301 430 5367 τ’.
456 5303 619 5371 Λέγει
654 5308 682 5357 ὁ
706 5306 1063 5375 Σαρακηνός·
1103 5308 1211 5361 Καὶ
1260 5309 1571 5376 σχρκωθεὶς
1606 5312 1696 5363 καὶ
1742 5329 1870 5379 γενε-

302 5393 473 5460 νηθεὶς
509 5398 573 5448 ὲκ
608 5398 710 5467 τῆς
742 5400 993 5467 Μαρίας,
1015 5400 1133 5463 πῶς
1166 5401 1329 5453 πάλιν
1354 5402 1573 5469 λέγεται
1608 5404 1691 5456 ὅτι
1725 5422 1870 5474 παρα

304 5482 441 5549 θένος
462 5484 528 5561 ἦν
566 5491 597 5559 ἡ
630 5492 858 5561 Μαρίας
900 5490 962 5541 '0
996 5492 1148 5559 ἅγιος
1182 5493 1457 5564 Εὐθύμιος
1486 5494 1591 5565 ἔφη
1613 5512 1627 5526 ·
1674 5495 1733 5549 '0
1755 5497 1872 5549 δια-

309 5576 521 5647 φθείρας
593 5584 907 5655 παρθενίαν
964 5585 1056 5639 ἐπὶ
1116 5588 1378 5658 συνουσίᾳ
1435 5587 1529 5639 δύο
1599 5589 1871 5659 σωμάτων

306 5667 522 5735 γίνεται,
551 5676 1003 5746 ἀποτελουμένης
1032 5679 1329 5751 ἁμαρτίας.
1375 5679 1497 5732 Ἐπὶ
1534 5680 1589 5732 δὲ
1620 5679 1696 5748 τῷ
1728 5698 1865 5733 παν-

436 5853 454 5885 ¹
482 5856 613 5915 Psal.
641 5875 818 5925 XXXII,
848 5858 902 5911 ϐ.

1976 4652 2326 4722 Nequaquam
2358 4668 2373 4715 ;
2398 4651 2493 4705 sed
2523 4664 2643 4718 quae
2665 4657 2889 4719 apparet
2915 4647 2967 4699 iu
2995 4656 3136 4701 terra
3164 4644 3252 4698 lux
3286 4644 3474 4698 eadem
3501 4653 3556 4697 et

1976 4760 2213 4815 superne
2252 4752 2355 4799 est.
2382 4744 2471 4796 Ait
2501 4742 2822 4811 Entbymius
2858 4756 2872 4794 :
2924 4740 2979 4793 Si
3009 4754 3140 4809 ergo
3200 4737 3301 4798 sol,
3370 4745 3553 4791 creata

1978 4854 2066 4892 res
2097 4847 2150 4891 et
2178 4836 2575 4905 corruptibilis,
2619 4847 2729 4890 tum
2757 4849 2996 4903 superne
3031 4830 3303 4886 illuminat
3331 4839 3441 4883 tum
3470 4829 3556 4882 in-

1977 4930 2148 4993 ferne,
2204 4938 2411 4999 quanto
2485 4927 2655 4993 magis
2722 4941 2900 4980 rerum
2972 4924 3219 4981 omnium
3298 4922 3549 4980 Creator.

1977 5022 2077 5075 etsi
2104 5022 2158 5075 in
2186 5031 2341 5075 utero
2374 5020 2896 5090 virginaliprzescns.
2922 5018 3063 5073 idem
3102 5015 3157 5069 in
3181 5014 3320 5069 c0310
3337 5026 3553 5081 quoque

1980 5121 2119 5177 erat,
2156 5121 2210 5168 ct
2240 5128 2404 5182 supra
2435 5112 2733 5182 quamlibet
2765 5120 3074 5165 creaturam
3108 5109 3129 5159 ?

2050 5317 2101 5367 5.
2140 5314 2278 5367 Dicit
2302 5312 2607 5366 Saraccnus
2636 5328 2647 5363 :
2681 5308 2737 5362 Si
2783 5307 3021 5363 Verbum
3073 5304 3414 5356 iucarnatum
3468 5308 3549 5352 rst

1977 5421 2040 5461 ac
2066 5416 2249 5458 natum
2273 5404 2341 5457 de
2364 5403 2549 5467 Maria,
2585 5400 2858 5469 quomodo
2883 5400 2990 5463 jam
3018 5394 3217 5448 dicitur
3260 5392 3409 5460 virgo
3439 5391 3550 5444 Ma-

1978 5504 2054 5552 ria
2079 5498 2102 5549 ?
2133 5497 2366 5550 Sanctus
2398 5494 2717 5563 Euthymius
2740 5491 2851 5543 ait:
2880 5483 3221 5555 Virginitatis
3244 5484 3464 5538 violatio
3492 5487 3550 5536 tit

1978 5592 2210 5643 duorum
2247 5600 2536 5655 corporum
2558 5582 2770 5650 copula,
2796 5581 2924 5634 dum
2958 5586 3243 5648 peccatum
3274 5582 3544 5646 patratur.

1978 5680 2083 5733 Sed
2112 5688 2289 5733 tamen
2326 5675 2671 5743 omni-potens
2691 5670 2832 5726 Deus
2849 5670 3001 5724 aliter
3030 5668 3155 5738 agit,
3176 5668 3265 5736 qui
3287 5664 3550 5735 quidquid
