4068 6264
429 421 499 484 E3
1655 401 2034 466 EUTllYMIl
2071 396 2428 459 ZIGABENI
3611 376 3682 440 24

435 529 566 584 vult
601 531 798 597 potest.
851 523 945 576 Vis
994 520 1244 591 superior
1297 517 1531 573 faciendi
1574 515 1797 585 aliquid,
1845 512 2043 570 vincit.

2149 507 2405 576 οδυνάμῳ
2433 504 2553 575 Θεῷ
2614 501 2712 573 οὐχ
2763 497 2958 566 οὕτως,
3025 494 3160 551 ἀλλὰ
3203 495 3312 550 πᾶν
3338 491 3512 565 ίσχῦει
3548 493 3684 544 ὅπου

434 631 645 675 naturae
674 613 1154 672 consuetudinem.
1186 611 1323 665 Dicit
1352 611 1693 664 Saracenus:
1729 605 1839 662 Cur
1871 619 2012 673 opus

2147 595 2352 667 ηυληθῇ
2375 612 2390 627 ·
2425 595 2460 665 ἡ
2495 592 2646 663 ἰσχὺς
2687 588 2912 659 ποιῆσαί
2949 604 3002 640 τι
3042 586 3172 656 νικᾷ
3203 584 3265 637 τὸ
3303 583 3535 653 σύνηθες
3585 583 3684 675 τῆς

431 721 551 765 erat
583 711 674 765 tali
705 705 983 777 mysterio.
1044 718 1243 773 nempe
1270 711 1326 756 ut
1388 701 1533 756 Deus
1591 699 1756 754 homo
1811 696 2015 751 ﬁeret?

2147 684 2353 748 ώσεως.
2385 684 2551 751 Λέγει
2601 683 2629 734 6
2674 677 2994 749 Σαρακηνός
3019 691 3032 706 ·
3067 675 3178 727 Καὶ
3213 673 3297 736 τίς
3323 672 3357 742 ή
3395 669 3556 740 χρεία
3587 667 3683 722 τοῦ

427 803 520 862 Ait
545 800 864 870 Euthymius
893 817 906 854 :
934 796 1002 850 Ut
1022 794 1386 850 adversarium
1401 790 2011 853 diabolumlcontereret.

438 908 495 954 et
518 894 796 950 hominem
832 890 1088 945 salvaret.
1117 887 1260 942 Dicit
1315 885 1668 939 Saracenos:
1727 879 1901 935 Etiam
1956 878 2013 932 in

433 989 574 1047 caelo
599 988 740 1041 Deus
764 1000 1012 1049 manens,
1043 997 1225 1038 nonne
1257 989 1469 1051 poterat
1504 977 1755 1049 angelum
1780 976 2016 1038 mittere,

435 1091 490 1136 et
521 1081 602 1135 vel
625 1094 735 1133 uno
763 1077 908 1132 dicto
930 1076 1205 1130 diabolum
1248 1072 1540 1132 debellare.
1598 1070 1731 1140 quin
1783 1069 1853 1123 ob
1898 1081 2019 1123 eam

435 1188 655 1227 causam
685 1172 852 1224 homo
881 1167 1084 1222 ﬁeret?
1125 1167 1396 1220 Praeterea
1420 1165 1513 1232 qui
1545 1163 1659 1217 ﬁeri
1708 1161 1904 1231 potuit,
1960 1169 2021 1214 ut

436 1264 601 1318 homo
630 1277 752 1316 cum
785 1260 1003 1315 diabolo
1039 1273 1276 1328 pugnam
1309 1262 1624 1310 consereret
1653 1255 1790 1309 ?Ait
1812 1252 2021 1323 Euthy-

439 1354 620 1407 mius:
654 1350 711 1404 Si
742 1351 885 1404 Deus
914 1365 1040 1404 cum
1081 1347 1294 1403 diabolo
1322 1346 1565 1416 prmlium
1612 1344 1878 1410 inivisset,
1911 1343 2026 1396 lau-

442 1445 496 1498 di
529 1460 591 1500 ac
615 1443 812 1515 gaudio
852 1443 904 1498 id
961 1441 1067 1496 sibi
1143 1440 1393 1496 diabolus
1443 1436 1844 1506 adscripsisset.
1886 1434 2022 1490 Nam

447 1537 696 1591 diabolus
750 1552 848 1606 spe
906 1533 1209 1590 divinitatis
1267 1532 1690 1602 consequentiae,
1757 1531 1873 1584 loco
1928 1544 2027 1582 suo

443 1627 633 1697 pulsus
665 1625 784 1681 fuit.
816 1626 974 1681 Nunc
1001 1641 1132 1679 vero
1161 1625 1305 1678 haud
1337 1624 1559 1683 mirum,
1591 1622 1635 1676 si
1665 1619 1873 1676 diceret
1901 1640 1912 1674 :
1945 1619 2031 1675 Vi‘

443 1725 566 1772 ctus
597 1717 672 1771 fui
714 1735 728 1784 ;
763 1717 855 1772 sed
885 1725 1065 1769 tamen
1097 1714 1312 1769 nonnisi
1342 1729 1506 1768 carne
1527 1720 1817 1782 conspecta
1834 1711 2030 1780 decep-

448 1819 533 1864 tus
561 1825 679 1863 sum
710 1825 724 1863 :
767 1808 934 1863 veluti
974 1810 1214 1878 piscator
1238 1807 1402 1860 hamo
1434 1805 1666 1875 imponit
1692 1805 2025 1860 inescantem

445 1916 690 1965 carnem,
731 1910 790 1956 ut
852 1901 1059 1971 piscem
1113 1900 1400 1968 decipiat:
1473 1912 1710 1966 namque
1769 1912 1832 1952 ea
1883 1895 2022 1961 visa,

447 1992 615 2062 piscis
647 1992 950 2062 ingreditur
982 2006 1238 2061 sagenam
1267 2000 1324 2044 et
1349 1990 1582 2059 capitur,
1639 1988 1785 2043 haud
1845 1989 2028 2043 sciens

450 2087 593 2138 intra
655 2084 1125 2152 carnemllatere
1202 2080 1628 2149 validam_lerri
1705 2081 1835 2137 vim.
1935 2081 2029 2134 Sic

451 2188 508 2232 tu
549 2177 681 2230 mihi
713 2176 779 2230 de
803 2173 916 2230 Deo
946 2175 1141 2245 mgita,
1175 2173 1266 2244 qui
1299 2189 1422 2228 cum
1443 2188 1661 2227 carnem
1694 2172 1797 2227 sibi
1825 2171 2028 2226 induis-

451 2277 554 2329 set,
589 2276 644 2321 et
668 2267 902 2322 daemoni
936 2265 1249 2333 objecisset,
1278 2265 1546 2319 accedens
1594 2277 1747 2318 more
1785 2266 1884 2317 suo
1911 2263 2032 2318 dia-

452 2357 608 2412 bolus
639 2357 706 2411 ad
739 2371 958 2412 carnem
996 2354 1436 2425 oppugnandam,
1466 2370 1495 2408 a
1527 2353 1728 2407 latente
1757 2351 1900 2407 intra
1921 2366 2034 2406 car-

453 2465 580 2504 nem
612 2449 896 2504 divinitate
930 2450 1226 2517 superatds
1248 2445 1372 2501 fuit.

524 2541 579 2595 4.
637 2539 779 2594 Dicit
809 2539 1153 2594 Saracenus:
1199 2537 1303 2593 Vos
1345 2536 1768 2592 nudiustertiani
1802 2552 1924 2591 cum
1954 2537 2032 2592 si-

460 2630 551 2693 tis,
583 2632 856 2700 quomodo
885 2645 1006 2699 quae
1045 2637 1171 2682 ante
1211 2627 1406 2683 sarcula
1461 2627 1686 2681 fuerunt
1717 2626 1869 2681 scitis
1895 2625 1918 2680 Ἰ
1949 2627 2038 2681 Ait

2117 781 2364 833 τοιοῦτον
2409 773 2736 846 μυστηρίου,
2769 773 2853 825 ἵνα
2892 768 3026 830 θεὸς
3081 765 3371 847 ἄνθρωπος
3417 762 3687 829 γένηται;

2123 869 2270 939 Ἔφη
2295 868 2324 920 6
2353 863 2622 933 Εὑθύμιος
2645 877 2660 894 ⁸
2694 861 2812 912 Ἵνα
2843 858 2936 910 τὸν
2965 853 3239 907 ἀντίδικον
3270 848 3522 901 διάϐολον
3563 862 3690 898 συν-

2120 937 2312 1032 τρίψη,
2337 957 2434 1010 καὶ
2457 957 2548 1009 τὸν
2577 953 2864 1021 ἄνθρωπον
2896 947 3066 1017 σώσῃ.
3091 945 3256 1011 Λέγει
3282 937 3687 1032 όγΣαρακηνός·

2125 1027 2237 1107 Καὶ.
2264 1027 2326 1105 έν
2347 1049 2424 1119 τῷ
2459 1044 2675 1118 οὐρανῷ
2703 1043 2832 1104 Θεὸς
2881 1041 2981 1093 οὐκ
3023 1037 3256 1106 ἠδύνατο
3286 1031 3346 1097 ἐξ
3386 1027 3694 1119 ἀποστολῆς

2125 1141 2450 1214 ἀγγέλου,ἢ
2482 1139 2586 1192 ὑπὸ
2605 1137 2765 1203 λόγου
2786 1129 3096 1186 καταλῦσαι
3124 1127 3216 1180 τὸν
3239 1121 3515 1214 διάϐολον,
3541 1119 3589 1172 εί
3615 1118 3692 1187 μὴ

2125 1212 2258 1301 Θεδς
2285 1235 2574 1306 ἄνθρωπος
2607 1229 2925 1298 γενόμενος;
2954 1223 3065 1276 Καὶ
3094 1220 3212 1280 πῶς
3243 1214 3309 1288 ἦν
3341 1213 3565 1306 δυνατὸς
3601 1212 3694 1266 ἆν-

2125 1331 2342 1401 θρωπος
2379 1305 2687 1395 ⁶ιὲολεμῆσαι
2712 1319 2804 1372 τὸν
2838 1315 3088 1371 διάϐολον
3117 1329 3132 1378 ;
3167 1311 3312 1379 Ἔφη
3341 1308 3369 1360 6
3401 1305 3697 1374 Εὑθύμιοςο

2137 1398 2264 1476 Ἐὰν
2293 1422 2320 1474 6
2365 1418 2498 1480 Θεδς
2533 1413 2847 1482 ἐπολέμησε
2901 1409 2993 1460 τὸν
3051 1402 3324 1466 διάϐολον,
3358 1401 3437 1463 είς
3474 1398 3698 1450 ἔπαινον

2126 1515 2190 1569 ἂν
2221 1513 2313 1567 καὶ
2339 1510 2600 1578 καύχημα
2626 1499 2739 1574 εἶχε
2781 1499 2942 1554 τοῦτο
2978 1498 3007 1549 6
3040 1494 3287 1556 διάϐολος
3309 1509 3325 1526 ο
3359 1493 3568 1552 ἐκεῖνος
3589 1487 3698 1556 γὰρ

2127 1609 2193 1678 τῇ
2234 1602 2410 1656 ἐλπίδι
2434 1599 2534 1669 τῆς
2563 1596 2818 1664 θεότητος
2852 1588 3155 1660 ἀπερρίφη.
3189 1584 3302 1640 Καὶ
3345 1583 3405 1678 o6
3441 1580 3700 1678 (inﬁrm-ei

2130 1671 2283 1752 είετεν
2313 1692 2626 1762 Ἐνικήθην,
2671 1687 2788 1742 ἀλλ’
2822 1681 3155 1750 ὲδελεὰσθην
3185 1678 3292 1730 ὑπὸ
3337 1675 3437 1745 τῆς
3469 1671 3697 1762 σαρκός*

2132 1790 2321 1857 ὥσπερ
2355 1787 2383 1838 6
2435 1760 2620 1842 ἁλιεὺς
2658 1776 2860 1832 ὲνδύων
2905 1774 2964 1827 τὸ
3005 1773 3302 1839 ἄγκιστρον
3337 1763 3508 1857 κρέας
3551 1760 3702 1813 δελεο

2060 1861 2102 1914 Β
2131 1853 2398 1951 άσματος,
2431 1877 2520 1928 ἶνα
2548 1874 2637 1928 τὸν
2673 1870 2825 1941 ίχθὺν
2851 1865 3098 1920 δελεὰσοι
3125 1877 3140 1892 °
3187 1861 3282 1914 καὶ
3311 1856 3456 1927 ὁρῶν
3488 1855 3515 1906 6
3547 1853 3700 1951 ἰχθὺς

2129 1945 2402 2045 τδνκρέας
2459 1967 2775 2036 εἰσέρχεται
2825 1959 2921 2013 καὶ
2975 1957 3296 2024 ζωγρεῖται,
3336 1950 3413 2021 μὴ
3442 1947 3580 2045 νοών
3615 1945 3700 1997 ὅτι

2132 2041 2286 2130 ἐντὸς
2317 2063 2411 2118 τοῦ
2443 2061 2675 2133 κρέατος
2707 2052 2907 2125 ἰσχυρὰ
2929 2051 3162 2118 δύναμις
3195 2046 3415 2116 σιδήρου
3441 2041 3700 2110 ὑπάρχειο

2134 2160 2279 2215 οὕτω
2312 2158 2408 2212 καὶ
2448 2155 2543 2206 ἐπὶ
2578 2147 2718 2204 Θεοῦ
2750 2148 2859 2201 νόει
2894 2161 3015 2215 μοι·
3054 2139 3296 2200 ὲνδυθεὶς
3349 2134 3451 2205 τὴν
3486 2133 3689 2200 σάρκα,

2133 2253 2226 2307 καὶ
2258 2245 2581 2321 προσϐαλὼν
2601 2243 2678 2313 τῷ
2707 2239 2951 2310 δαίμονι,
2985 2235 3079 2289 καὶ
3111 2227 3429 2303 προσελθὼν
3461 2229 3488 2279 6
3519 2223 3703 2278 διάϐο-

2133 2349 2223 2411 λος
2256 2317 2396 2400 κατὰ
2425 2344 2484 2396 τὸ
2523 2337 2754 2408 σύνηθες
2780 2327 3211 2402 πολεμῆσαιτὴν
3246 2327 3450 2394 σάρκα,
3489 2317 3700 2392 ήττήθη

2136 2442 2291 2511 παρὰ
2321 2438 2420 2506 τῆς
2449 2434 2598 2497 ἐντὸς
2625 2433 2722 2498 τῆς
2763 2425 2964 2498 σαρκὸς
3011 2419 3402 2511 κεκρυμμένης
3425 2414 3701 2511 θεότητος.

2206 2504 2268 2588 δ’.
2301 2504 2468 2600 Λέγει
2511 2530 2539 2580 6
2590 2521 2940 2597 Σαρακηνόςο
2997 2516 3213 2586 Ὑμεῖς,
3262 2507 3497 2600 χθεσινοὶ
3534 2504 3712 2600 liv-sse,

2140 2626 2256 2688 πῶς
2285 2593 2462 2678 οἴδατε
2491 2619 2560 2673 τὰ
2592 2593 2698 2683 πρδ
2730 2613 2939 2668 αἰώνων
2971 2626 2987 2676 ;
3026 2607 3175 2676 Ἔφη
3195 2605 3222 2657 6
3244 2598 3510 2668 Εὑθύμιος
3530 2593 3713 2688 οΑιξτι-

458 2721 821 2792 Euthymius:
852 2719 1114 2774 Creatura
1141 2719 1392 2773 minorne
1422 2724 1505 2771 est
1535 2716 1816 2774 Creatore.
1851 2732 1918 2770 an
1951 2731 2038 2771 se-

2147 2685 2255 2791 σμα
2281 2717 2500 2769 ἔλαττον
2532 2708 2599 2781 ἦν
2634 2707 2731 2760 τοῦ
2764 2703 3086 2763 Κτίσαντος,
3133 2697 3168 2767 ἢ
3205 2693 3264 2748 οὗ
3292 2710 3306 2758 ;
3330 2691 3515 2792 ’Λέγει
3548 2685 3577 2736 6
3605 2685 3714 2792 2‘4.-

460 2825 560 2864 cus
581 2776 775 2866 {Dicit
802 2810 1142 2865 Saracenus:
1179 2809 1320 2864 Vero
1345 2848 1359 2862 .
1393 2807 1480 2861 Ait
1517 2806 1877 2877 Euthymius:
1918 2805 2040 2862 C03-

2147 2776 2378 2882 ρακηνός
2402 2776 2580 2869 ’,Ναίι
2615 2801 2761 2867 Ἔφη
2789 2797 2817 2848 6
2854 2791 3155 2862 Εὑθύμιος·
3202 2787 3259 2840 Ὀ
3293 2781 3518 2882 οὐρανὸς
3555 2777 3649 2882 καὶ
3679 2776 3712 2846 ἡ

462 2899 574 2952 lum
641 2907 696 2954 et
747 2907 888 2952 terra
939 2909 1102 2968 atque
1155 2897 1412 2952 universa
1451 2896 1518 2950 ab
1563 2871 1815 2964 aliq'uone
1862 2905 2040 2950 creata

2147 2871 2216 2973 γῆ
2243 2871 2338 2955 καὶ
2365 2897 2434 2952 τὰ
2462 2896 2642 2949 πάντα
2675 2891 2779 2945 ὑπὸ
2803 2887 2950 2948 τινὸς
2987 2880 3318 2949 ἐκτίσθησαν
3342 2914 3357 2938 ,
3392 2875 3426 2944 ἢ
3460 2871 3716 2973 αὑτόκτιῗ

465 2990 708 3054 fuerunt,
751 3006 820 3044 an
852 2991 1052 3045 secus?
1082 2988 1223 3044 Dicit
1255 2987 1597 3043 Saracenos:
1636 2987 1796 3041 Certe
1829 2988 1896 3042 ab
1943 2987 2043 3042 ali-

461 3097 591 3149 quo.
626 3083 717 3136 Ait
773 3081 1095 3153 Euthymius
1139 3098 1154 3134 :
1203 3078 1320 3134 Jam
1369 3088 1516 3150 patet
1581 3077 1894 3135 Creatorem
1944 3080 2042 3133 ha-

463 3173 644 3227 buisse
678 3173 788 3228 vim
841 3173 1166 3228 efficientem
1209 3173 1372 3226 etiam
1423 3180 1549 3226 ante
1595 3172 1818 3227 saecula.
1868 3170 2042 3227 Porro

465 3280 531 3318 ex
563 3266 957 3334 apparentibus
997 3264 1288 3328 creaturis,
1321 3265 1486 3319 etiam
1517 3281 1581 3318 ea
1621 3280 1741 3334 qua:
1789 3273 1916 3318 ante
1944 3280 2044 3318 saa-

465 3355 587 3409 cuia
641 3357 969 3410 exstiterunt
1023 3357 1427 3427 cognoscimus.
1486 3355 1627 3410 Dicit
1686 3356 2039 3410 Saracenus:

467 3449 755 3513 Quomodo
801 3464 898 3504 vos
941 3450 1146 3512 dicitis,
1189 3451 1334 3520 quod
1382 3459 1542 3504 natus
1593 3449 1763 3503 Filius
1815 3464 1924 3503 non
1980 3449 2052 3504 sit

467 3551 706 3607 creatus,
737 3543 830 3598 sed
864 3552 1168 3598 coaeternus
1191 3559 1314 3598 cum
1345 3542 1504 3598 Patre
1533 3544 1558 3596 ?
1583 3543 1672 3596 Ait
1693 3541 2012 3613 Euthymius
2037 3558 2052 3596 :

470 3639 528 3691 lu
581 3645 735 3707 parte
783 3635 1003 3707 quilem
1056 3645 1238 3692 creata
1268 3635 1628 3704 ,corruptelaa
1677 3643 1731 3690 et
1769 3634 2052 3689 mutationi

468 3725 576 3782 fuit
623 3725 935 3791 obnoxius;
984 3725 1037 3778 in
1070 3733 1224 3795 parte
1255 3734 1437 3779 autem
1483 3724 1664 3778 divina
1684 3733 1736 3778 et
1762 3722 2056 3778 incircum-

480 3818 684 3887 scripta
719 3855 735 3881 ,
789 3818 1080 3888 oportebat
1132 3825 1378 3871 naturam
1429 3816 1548 3886 ejus
1595 3817 1888 3871 increatam
1932 3831 2055 3871 esse

474 3920 638 3980 atque
681 3921 1007 3966 cozrternam
1029 3949 1041 3964 .
1080 3909 1543 3964 DicitSaracenus
1574 3927 1588 3963 :
1621 3909 1907 3974 Quomodo
1949 3909 2056 3963 Pa-

473 4015 612 4057 trem
652 4011 706 4057 et
739 4001 932 4056 Filium
980 4012 1036 4056 et
1081 4000 1342 4070 Spiritum
1385 4011 1634 4055 sanctum
1710 4000 1942 4055 dicitis?
1994 4001 2058 4054 Et

475 4095 733 4164 quoniam
787 4103 897 4149 tres
955 4093 1137 4147 dicitis
1188 4095 1231 4154 ',
1273 4091 1550 4160 quomodo
1607 4106 1713 4143 una
1754 4091 2056 4145 substantia

475 4196 532 4242 et
577 4186 822 4258 potentia
877 4185 1052 4239 sunt?
1094 4197 1278 4236 nonne
1330 4181 1527 4251 singuli
1587 4181 1862 4251 propriam
1899 4189 2060 4233 natu-

479 4296 592 4333 ram
615 4279 916 4349 agendique
937 4278 1042 4332 vim
1075 4274 1378 4329 habebunt?
1398 4275 1487 4328 Ait
1505 4272 1826 4344 Euthymius
1853 4291 1864 4326 :
1888 4273 2060 4338 Mens,

479 4364 621 4431 regis
649 4377 805 4417 mens
849 4372 953 4421 eat.
999 4359 1220 4414 necne?
1271 4358 1410 4413 Dicit
1449 4357 1793 4412 Saracenus:
1842 4355 2060 4424 Utique.

484 4453 806 4525 Euthymins
863 4465 877 4508 :
944 4450 1180 4506 Verbum
1235 4449 1354 4514 ejus
1414 4458 1469 4503 et
1529 4447 1778 4517 spiritus,
1849 4447 2062 4517 regisne

2146 2962 2246 3051 στά
2272 2990 2381 3066 ἦνς
2414 2990 2578 3056 Λέγει
2620 2987 2648 3039 6
2697 2977 3013 3052 Σαρακηνός
3035 2993 3048 3010 ο
3089 2974 3230 3028 ’Υπδ
3281 2969 3469 3066 τινός..
3507 2965 3650 3066 Ἐἱρη
3685 2962 3714 3014 6

2147 3056 2455 3155 E606ptog'
2495 3077 2664 3148 Δῆλον
2687 3076 2771 3128 ὅτι
2813 3075 2841 3126 6
2876 3068 3117 3139 Κτίστης
3159 3059 3519 3134 ὲνεργητικὴν
3559 3056 3717 3155 δόνα-

2153 3198 2244 3252 μιν
2277 3150 2390 3248 εῖχε
2439 3172 2536 3227 καὶ
2583 3168 2691 3239 πρὸ
2721 3165 2934 3220 αίώνων
2959 3177 2974 3192 ·
3010 3159 3107 3213 καὶ
3138 3159 3201 3210 ὲκ
3224 3150 3716 3252 τῶνφαινομένων

2152 3240 2471 3339 κτισμᾶτων
2503 3261 2847 3331 γινώσκομεν
2897 3251 2994 3306 καὶ
3018 3251 3084 3304 τὰ
3117 3247 3222 3318 πρὸ
3266 3243 3480 3299 αἰώνων
3501 3279 3518 3294 .
3553 3240 3718 3339 Λέγει

2151 3368 2178 3418 6
2208 3332 2518 3433 Σαρακηνός
2541 3367 2559 3384 ⁹
2606 3352 2728 3413 Πῶς
2767 3348 2924 3418 ὑμεῖς
2963 3342 3118 3412 φατὲ,
3151 3342 3243 3433 *ὅτι
3275 3341 3301 3392 6
3322 3332 3720 3433 rays-.vv'npévo;

2167 3418 2312 3514 ’Υἱὸς
2340 3418 2440 3504 οὐκ
2589 3437 2825 3503 κτιστδς,
2858 3433 2994 3487 ἀλλὰ
3037 3430 3371 3497 σννάναρχος
3397 3422 3475 3494 τῷ
3504 3418 3678 3514 Harp!

2158 3509 2309 3615 Ἔφη
2339 3545 2367 3594 6
2400 3509 2706 3607 Εὑθύμιοςο
2753 3530 2842 3583 Ἐν
2884 3527 2982 3597 μὲν
3036 3522 3111 3593 τῷ
3153 3516 3358 3585 κτιστῷ
3403 3514 3497 3615 καί.
3538 3509 3722 3615 ιρθορξῖ.

2157 3600 2445 3692 ὑπόκειται
2475 3600 2572 3682 και
2603 3619 2910 3684 ἀλλοιώσει,
2941 3615 3036 3669 ἐπὶ
3064 3613 3121 3667 δὲ
3149 3611 3206 3664 τδ
3232 3610 3375 3662 θεῖον
3404 3605 3498 3659 καὶ
3528 3600 3723 3692 ἀπεριέ

2157 3742 2402 3801 γραπτον
2444 3721 2551 3774 ἔδει
2600 3716 2661 3769 τὸ
2731 3713 2831 3781 τῆς
2887 3707 3094 3769 οἰκείας
3169 3701 3383 3772 φύσεως
3439 3693 3577 3749 εἷναι
3629 3691 3724 3746 xui.

2156 3786 2411 3879 6.;morov
2437 3814 2532 3868 καὶ
2570 3807 2929 3876 συνὰναρχον.
2963 3801 3128 3867 Λέγει
3157 3797 3185 3850 6
3209 3791 3527 3864 Σαρακηνός
3553 3805 3566 3820 ·
3599 3786 3724 3879 Πῶς

2161 3877 2379 3983 ίΙατέρα
2431 3905 2523 3961 καὶ
2571 3901 2699 3956 Υίὸν
2748 3897 2846 3952 καὶ
2894 3894 3048 3962 ἅγιον
3082 3889 3306 3958 Πνεῦμα
3332 3885 3566 3983 ’λέγετε;
3614 3877 3725 3983 καὶ

2161 3972 2486 4070 ἐπεὶ-τρεῖς
2539 3993 2728 4061 λέγετε
2748 3990 2793 4056 ⁸,
2851 3986 2968 4049 πῶς
3021 3982 3232 4050 πέφυκε
3286 3977 3357 4030 τὰ
3408 3975 3536 4046 τρία
3597 3972 3726 4070 μιῆς

2162 4065 2520 4153 ὑποστάσεως
2575 4088 2672 4141 καὶ
2725 4079 2971 4149 ἐξουσίας
3021 4073 3195 4142 εἷναι;
3231 4070 3472 4141 δηλονότι
3517 4067 3640 4121 καθ’
3671 4065 3729 4117 ἒν

2169 4192 2306 4244 ἰδίαν
2331 4186 2492 4254 φύσιν
2519 4181 2614 4234 καὶ
2664 4178 2946 4247 ἐνέργειαν
2979 4171 3113 4240 ἔχοι.
3160 4168 3306 4233 Ἔφη
3345 4164 3373 4214 6
3405 4160 3688 4254 VEGODP'B;
3708 4171 3725 4186 ο

2161 4281 2304 4343 Νοῦς
2342 4250 2436 4331 τοῦ
2472 4272 2736 4346 βασιλέως
2780 4265 2904 4328 νοῦς
2939 4267 3112 4325 ἐστιν,
3147 4259 3180 4328 ἦ
3219 4255 3313 4346 ob;
3343 4253 3506 4346 Λέγει
3559 4251 3588 4301 6
3610 4250 3732 4346 ΔΣαζ

2167 4339 2423 4444 ρακηνός·
2461 4339 2593 4421 Ναί.
2632 4364 2776 4430 Ἔφη
2807 4361 2834 4411 ὁ
2873 4351 3176 4421 Εὑθύμιοςο
3222 4345 3329 4444 lini.
3369 4343 3526 4444 λόγος
3563 4339 3730 4444 (εὐ-τοῦ

2163 4433 2258 4520 καὶ
2282 4433 2345 4517 τὸ
2375 4459 2594 4528 πνεῦμα
2641 4451 2906 4524 βασιλέως
2951 4445 3108 4504 εἰσὶν,
3145 4443 3178 4510 ἢ
3214 4436 3316 4502 ob;
3375 4435 3595 4528 Aget-6
3625 4433 3733 4484 Σα-

479 4551 608 4597 sunt
639 4583 651 4604 ,
681 4557 748 4596 an
779 4539 979 4596 secus?
1008 4539 1149 4593 Dicit
1179 4537 1484 4592 Saracenos
1511 4555 1524 4590 :
1556 4535 1698 4590 Sane
1724 4537 1866 4608 regis
1909 4546 2038 4590 sunt

2169 4553 2424 4628 ρακηνόςο
2472 4525 2579 4605 Ναὶ
2626 4541 2890 4617 βασιλέως
2932 4535 3104 4590 εἰσίν.
3156 4533 3305 4628 Ἔφη
3347 4530 3376 4581 ὁ
3423 4525 3730 4628 εὐθύμιῗῗ.

479 4637 570 4690 Ait
598 4631 1134 4704 EuthymiuszEcce,
1187 4631 1374 4693 utais,
1414 4630 1468 4684 in
1503 4643 1628 4697 rege
1683 4637 1792 4682 tres
1848 4634 2060 4682 naturae

481 4738 612 4784 sunt
633 4734 689 4780 et
723 4735 830 4780 tres
856 4725 1044 4795 agendi
1067 4724 1252 4779 vires?
1274 4720 1764 4777 DicitSaracenus:
1793 4719 2060 4786 Equidem

483 4823 538 4876 in
571 4835 696 4890 rege
720 4828 832 4874 tres
854 4829 985 4873 sunt
1008 4816 1206 4889 agendi
1234 4816 1400 4882 vires,
1431 4816 1525 4870 sed
1552 4828 1691 4867 unus
1715 4827 1831 4866 rex.
1852 4811 1938 4864 Ait
1959 4809 2063 4864 Eu-

485 4912 767 4983 thymius:
799 4911 891 4966 Sic
925 4926 1053 4982 ergo
1087 4918 1142 4965 et
1170 4924 1271 4980 ego
1300 4907 1444 4963 haud
1477 4905 1661 4961 divido
1689 4919 1857 4958 unum
1893 4901 2063 4957 Deum

483 5011 540 5061 in
559 5005 944 5072 trcsdeos,sed
966 5018 1134 5058 unum
1151 5001 1320 5056 Deum
1349 5000 1472 5056 dico
1495 5013 1619 5055 cum
1648 4997 1827 5051 Verbo
1857 5005 1910 5051 et
1941 4995 2064 5065 Spi-

485 5112 594 5155 l‘llll
624 5141 637 5152 .

557 5213 591 5266 5
618 5251 632 5264 .
666 5210 810 5266 Dicit
841 5209 1147 5264 Saracenos
1183 5223 1197 5260 :
1227 5204 1512 5272 Quomodo
1539 5201 1723 5256 dicitis
1754 5199 1924 5254 Deum
1974 5215 2069 5253 co-

492 5302 735 5371 pulatum
770 5298 1121 5363 humanitati,
1153 5305 1207 5350 et
1245 5295 1390 5366 quod
1432 5294 1546 5364 ipse
1578 5294 1743 5346 horno
1768 5288 2072 5360 appellatus

493 5394 564 5447 sit
597 5392 784 5449 Deus?
816 5391 1089 5462 quomodo
1116 5389 1304 5444 divina
1337 5394 1531 5441 natura
1576 5381 1820 5437 terrestri
1861 5388 2073 5433 natura:

493 5485 645 5548 unita
675 5484 797 5539 est?
827 5483 1110 5538 Undenam
1143 5481 1247 5536 hoc
1279 5475 1609 5534 ostenditis?
1638 5473 1834 5542 quibus
1867 5485 1931 5524 ex
1965 5469 2066 5523 mi-

493 5575 714 5638 raculis,
753 5584 848 5628 aut
872 5572 1247 5628 tertimoniis?
1275 5572 1366 5626 Ait
1396 5565 1721 5638 Euthymius
1753 5579 1767 5617 :
1794 5561 1935 5628 Quid
1970 5558 2066 5614 tibi

494 5667 710 5724 videtur
738 5665 807 5722 de
840 5665 1021 5736 Moyse
1071 5674 1234 5733 atque
1304 5661 1486 5718 lsaia?
1528 5667 1768 5714 testesne
1820 5658 2071 5720 accepta-

612 5848 634 5879 ³
682 5846 898 5911 Sur.1v,
933 5841 1032 5900 169

2179 4614 2332 4711 ζΙδοίί,
2358 4614 2434 4707 ώς
2477 4614 2676 4708 λέγεις,
2729 4635 2785 4687 ὲν
2818 4630 2897 4700 τῷ
2945 4625 3155 4698 βασιλεῖ
3187 4622 3334 4693 τρεῖς
3374 4617 3564 4711 φύσεις
3601 4614 3732 4711 εἰσι,

2168 4738 2262 4791 καὶ
2289 4705 2439 4804 τρεῖς
2494 4705 2788 4798 ἐνέργειαι.
2844 4719 3006 4786 Λέγει
3055 4715 3083 4767 6
3118 4707 3431 4804 Σαρακηνός
3461 4721 3475 4735 ⁶
3675 4705 3734 4804 ἰν

2171 4786 2504 4893 έᾶᾅιλέιδιν
2556 4786 2730 4879 τοότῳ
2780 4808 2912 4876 γοῦν
2957 4804 3106 4873 τρεῖς
3143 4802 3439 4868 ἐνέργειαι,
3490 4793 3625 4846 ἀλλὰ
3657 4786 3736 4893 είς

2173 4883 2447 4984 θασιλεύς.
2506 4907 2564 4958 '0
2590 4899 2862 4969 Εὐθύμιος
2892 4891 3198 4984 ἔφηορὺδὲ
3383 4887 3601 4984 χωρίζω
3644 4883 3736 4984 τὸν

2171 4971 2266 5058 ένα
2292 4971 2423 5055 Θεὸν
2454 4998 2534 5058 είς
2561 4994 2707 5062 τρεῖς
2761 4989 2939 5052 θεοὺς,
2976 4981 3091 5036 ἀλλ’
3121 4981 3217 5034 ἕνα
3241 4979 3372 5031 Θεὸν
3404 4977 3547 5044 λέγω
3600 4971 3738 5044 μετὰ

2167 5097 2342 5163 Λόγου
2379 5090 2474 5144 xui.
2510 5084 2851 5153 Πνεύματος.

2239 5157 2300 5240 ἐ.
2350 5183 2511 5250 Λέγει
2545 5180 2574 5231 6
2627 5170 2986 5244 Σαρακηνός·
3051 5165 3173 5228 Πῶς
3222 5163 3410 5230 λέγετε
3463 5161 3545 5213 ὅτι
3603 5157 3739 5222 θεὸς

2169 5276 2350 5348 ἡνώθη
2405 5276 2472 5344 τῇ
2532 5265 2935 5339 ἁνθρωπότητι,
2991 5262 3088 5314 καὶ
3140 5257 3304 5319 αὐτὸς
3363 5258 3391 5309 6
3451 5253 3741 5348 ἄνθρωπος

2171 5343 2376 5438 έκλήθη
2405 5343 2538 5426 Θεός
2569 5378 2584 5426 ;
2611 5354 2847 5419 καὶπῶς
2881 5351 3065 5424 ήνώθη
3102 5352 3134 5420 ἠ
3173 5345 3460 5438 οὐσίαὴτῆς
3489 5343 3742 5438 θεότητος

2171 5463 2238 5531 τῇ
2267 5433 2426 5528 γοῖκῇ
2456 5452 2617 5521 οὐσίᾳ
2641 5467 2656 5516 ;
2686 5446 2859 5503 Πόθεν
2889 5444 3040 5516 ἔχετε
3067 5440 3236 5505 δεῖξαι
3265 5436 3451 5500 τοῦτο;
3486 5438 3550 5488 ὲκ
3573 5433 3742 5486 ποίων

2179 5525 2422 5622 σημείων
2457 5545 2552 5599 καὶ
2599 5545 2664 5595 ἐκ
2715 5538 2885 5592 ποίων
2941 5533 3296 5607 μαρτυριῶν;
3333 5529 3540 5622 Ἔφη-’δ
3573 5525 3747 5622 E606-

2183 5618 2333 5716 μίοςο
2353 5640 2418 5694 Τί
2445 5655 2526 5691 σοι
2554 5635 2698 5690 δοκεῖ
2731 5634 2759 5686 6
2785 5629 3068 5703 προφήτης
3089 5623 3330 5692 Μωῦσῆς
3351 5621 3446 5674 καὶ
3477 5618 3744 5687 Ἠσαῖαςς
