4068 6264
298 366 367 427 25
1502 371 1965 435 DISPUTATIO
2012 374 2108 434 DE
2149 371 2344 435 FIDE.
3475 365 3548 428 26

294 481 467 535 δεκτοὶ
516 479 802 550 μάρτυρές
833 484 994 549 εἰσιν,
1032 482 1065 556 ἢ
1100 482 1161 538 οὔ
1191 500 1205 549 ;
1234 482 1401 551 Λέγει
1457 484 1485 537 6
1517 485 1861 557 Σιρακηνόςο

1975 486 2108 541 biles
2143 494 2292 548 sunt,
2338 482 2559 538 necne?
2590 482 2729 539 Dicit
2780 482 3085 537 Saracenus
3132 494 3147 536 :

295 571 419 625 Nai.
462 571 606 641 Ἔιρη
648 572 960 642 Εὑθύμιος·
1010 575 1136 628 Ἐὰν
1176 575 1338 643 ἡμεῖς
1390 576 1541 645 μόνοι
1575 578 1675 648 τὴν
1728 580 1865 647 ἡμε-

295 664 457 734 τέραν
485 664 524 715 Γ
528 666 712 734 ραφὴν
741 665 1187 735 μαρτυρήσωμεν
1226 666 1399 737 ἀληθῆ
1456 662 1619 731 εἶναι,
1678 669 1865 738 φαινόο

301 756 435 828 μεθα
460 757 729 824 ψεῦσται*
782 756 900 810 ἔστι
954 757 1062 827 γὰρ
1088 759 1116 811 6
1149 760 1443 829 μαρτυρῶν
1495 760 1629 824 Θεὸς
1661 762 1724 814 ἐκ
1757 762 1865 815 τῶν

302 847 533 916 ἀπείρων
574 847 873 916 θαυμάτων
906 847 1016 900 τῶν
1048 850 1107 901 ἐν
1138 852 1257 912 ταῖς
1299 850 1649 919 Ἑκκλησίαις
1697 852 1856 922 ἡμῶν

298 938 596 1007 γενομένων
621 956 636 969 υ
669 940 818 1008 ὅμως
852 937 996 993 είπω
1035 955 1117 993 σοι
1151 942 1241 993 καὶ
1269 941 1336 993 δι’
1372 942 1438 1011 ἢν
1472 943 1653 996 αἰτίαν
1677 942 1866 1012 ὁμολοο

300 1032 580 1099 γεῖταιὸτι
628 1032 658 1083 6
707 1031 955 1092 διάϐολος
1010 1032 1241 1099 ἄγγελος
1285 1028 1352 1103 ἦν
1407 1033 1634 1103 πρώτως
1688 1032 1859 1086 Θεοῦ⁸

298 1124 384 1175 aut
426 1123 651 1186 ἐξέπεσε
684 1124 803 1183 ναὶ,
854 1123 887 1193 ἢ
922 1121 1019 1189 ob;
1074 1123 1241 1191 Λέγει
1273 1125 1300 1176 6
1354 1122 1689 1191 Σαρακηνός·
1729 1121 1857 1175 Ναί.

302 1214 434 1283 Ἔφη
488 1214 516 1265 6
572 1212 890 1283 Εὑθὺμιος⁸
947 1214 1061 1268 Καὶ
1115 1213 1299 1267 πεσὼν
1345 1215 1373 1265 6
1427 1212 1691 1275 διάϐολος,
1740 1213 1861 1265 τίνα

298 1305 556 1371 ᾳθονήσας
610 1303 897 1373 ἐνίκησεν;
937 1304 1099 1370 Λέγει
1139 1304 1166 1355 6
1200 1301 1515 1371 Σαρακηνός
1542 1317 1555 1331 ·
1608 1302 1713 1354 Τὸν
1765 1302 1861 1356 ἄν·

298 1395 522 1464 θρωπον.
580 1395 734 1465 Ἔφη
782 1395 809 1445 6
840 1393 1113 1463 Εὑθύμιος
1134 1410 1150 1426 ο
1194 1392 1503 1464 Κηδόμενος
1535 1394 1563 1446 6
1592 1392 1724 1457 Θεὸς
1762 1393 1862 1462 τὴν

302 1486 451 1555 φύσιν
477 1486 587 1539 τῶν
622 1485 954 1556 ἀνθρώπων,
992 1488 1093 1539 οὐκ
1120 1485 1305 1541 εἴασεν
1360 1485 1533 1555 αὐτὴν
1564 1501 1862 1553 τυραννου-

302 1578 454 1646 μένην
481 1578 585 1629 ὑπὸ
615 1576 715 1629 τοῦ
748 1577 985 1643 Σατανᾶ,
1028 1576 1166 1631 ἀλλὰ
1215 1575 1551 1647 σωτηριώδει
1580 1576 1863 1646 οίκονομίςξι¹

303 1667 463 1737 ήνὼθη
492 1671 556 1739 τῇ
607 1666 1021 1738 ἀνθρωπότητι,
1073 1668 1253 1731 καθὼς
1306 1667 1575 1737 ἀριδήλως
1620 1669 1668 1719 oi
1716 1667 1861 1733 ἅγιοι

301 1760 555 1827 προφῆται
584 1761 746 1829 ἡμᾶς
773 1759 1137 1813 διδάσκουσιν.
1172 1760 1373 1813 ’Δκουε
1404 1758 1498 1811 τοῦ
1532 1758 1856 1825 μεγαλοφω-

298 1852 502 1903 νοτάτου
532 1827 772 1904 Ἥσαῖου
784 1851 1035 1919 λέγοντος
1049 1853 1089 1881 ³’
1111 1851 1356 1905 Παιδίον
1380 1849 1672 1920 ἐγεννήθη
1692 1848 1857 1917 ἡμῖν,
1890 1827 1933 1884 Β

296 1944 413 2008 υίὸς
440 1944 532 1996 καὶ
562 1943 753 2012 ἐδόθη
789 1943 952 2012 ἡμῖν,
978 1944 1077 1997 καὶ
1107 1943 1376 1997 καλεῖται
1414 1943 1480 1996 τὸ
1510 1942 1698 2011 ὄνομα
1751 1943 1855 1995 αὐ-

296 2034 391 2087 τοῦ
419 2035 695 2103 μεγάλης
740 2033 982 2101 ,βουλῆς
1012 2034 1319 2104 Ἄγγελος,
1381 2033 1525 2099 Θεὸς
1584 2032 1855 2101 ἰσχυρὸς,

295 2123 719 2193 ἐξουσιαστὴς,
741 2126 943 2194 ἅρχων
957 2126 1224 2194 ειρήνης,
1253 2126 1457 2192 Πατὴρ
1475 2124 1581 2178 τοῦ
1604 2124 1862 2194 μέλλον-

297 2234 390 2283 τος
412 2218 651 2285 αἰῶνος.
700 2220 871 2290 Ὀρᾷς
894 2217 1016 2282 πῶς
1040 2220 1068 2271 6
1089 2219 1378 2288 προφήτης
1409 2216 1503 2270 καὶ
1526 2215 1737 2268 παιδίον
1766 2215 1861 2267 καὶ

297 2308 418 2362 Θεὸν
448 2312 745 2377 hanc“;
775 2311 886 2364 Καὶ
912 2312 940 2364 6
970 2310 1239 2378 Μωῦσῆς,
1276 2306 1734 2379 θεασάμενοςιτὴν
1770 2304 1866 2375 βά-

3206 480 3423 552 Utique.
3457 482 3550 537 Ait

1967 576 2292 648 Euthymius
2323 593 2334 630 :
2365 576 2423 630 Si
2456 590 2557 631 nos
2590 576 2689 631 soli
2723 574 3059 644 Scripturam
3093 584 3333 629 nostram
3367 588 3547 629 veram

1967 685 2089 729 esse
2124 678 2407 733 testemur,
2436 668 2727 723 mendaces
2775 667 3097 721 videbimur.
3134 665 3345 721 Etenim
3403 664 3547 721 Deus

1969 762 2338 818 testimonium
2378 762 2585 831 praebet
2620 776 2717 830 per
2746 758 3007 814 miracula
3040 759 3322 812 innumera
3353 758 3409 811 in
3440 757 3546 811 Ec-

1966 854 2147 909 clesiis
2184 852 2388 907 nostris
2416 860 2645 921 patrata.
2682 851 2962 920 Simulque
2994 851 3081 904 aio
3109 849 3229 915 tibi,
3262 864 3424 919 quam
3475 848 3547 903 ob

1964 961 2185 1001 causam
2218 942 2539 1005 aﬂirmetur,
2577 942 2851 997 diabolum
2909 950 3066 995 antea
3099 941 3265 995 fuisse
3294 941 3545 1010 angelum

1968 1037 2082 1091 Dei.
2143 1035 2243 1090 Hic
2305 1035 2588 1090 exciditue
2666 1033 2785 1087 loco
2842 1047 2964 1096 suo,
3018 1048 3086 1086 an
3151 1032 3361 1087 secus?
3410 1028 3549 1085 Dicit

1967 1127 2307 1182 Saraccnus:
2340 1126 2547 1180 Excidit
2580 1163 2594 1178 .
2629 1124 2719 1178 Ait
2748 1123 3111 1193 Euthymius:
3141 1120 3259 1175 1am
3292 1119 3540 1173 diabolus

1964 1221 2085 1273 loco
2116 1233 2216 1273 suo
2247 1226 2449 1281 motus,
2477 1231 2770 1286 quemnam
2808 1214 3012 1269 invidia
3043 1212 3283 1283 percitus
3319 1224 3550 1278 supera-

1965 1312 2061 1365 vit.
2122 1310 2259 1365 Dicit
2286 1309 2591 1365 Saracenus
2620 1327 2635 1361 :
2671 1307 2957 1362 Hominem
2983 1345 2997 1359 .
3032 1305 3121 1358 Ait
3166 1301 3493 1372 Euthymius
3526 1318 3541 1355 :

1961 1401 2074 1472 Age
2106 1416 2235 1454 vero
2269 1401 2408 1454 Deus
2439 1410 2648 1454 natura:
2671 1400 2921 1452 humana:
2942 1412 3127 1451 curam
3157 1408 3374 1465 gerens,
3401 1392 3544 1446 haud

1964 1491 2091 1544 sivit
2118 1506 2237 1544 eam
2266 1492 2544 1562 tyrannico
2567 1491 2694 1561 jugo
2720 1505 2749 1543 a
2779 1489 2979 1543 Satana
3026 1485 3329 1557 premi,sed
3346 1484 3552 1538 saluta-

1965 1584 2013 1637 ri
2043 1584 2347 1638 (economia
2378 1584 2554 1637 univit
2581 1598 2640 1637 se
2678 1580 3022 1644 humanitati,
3057 1586 3200 1633 sicut
3234 1592 3335 1632 nos
3366 1575 3547 1630 mani-

1964 1673 2105 1728 feste
2138 1676 2426 1743 prophetae
2470 1674 2644 1728 sancti
2689 1674 2890 1727 docent
2921 1711 2935 1725 .
2972 1673 3109 1727 Audi
3140 1672 3549 1726 vocalissimum

1966 1764 2157 1821 Isaiam
2205 1764 2522 1817 dicentem:
2572 1761 2835 1815 Parvulas
2891 1773 3047 1813 natus
3093 1770 3167 1813 est
3198 1760 3368 1823 nobis,
3408 1758 3553 1826 ﬁlius

1962 1856 2119 1909 datus
2143 1864 2217 1909 est
2250 1856 2392 1908 nobis
2416 1872 2434 1919 ;
2460 1864 2508 1908 et
2534 1863 2749 1907 vocatur
2775 1870 2958 1906 nomen
2985 1852 3098 1921 ejus
3131 1851 3309 1919 magni
3336 1847 3549 1901 consilii

1959 1946 2215 2016 Angelus,
2248 1946 2390 1999 Deus
2439 1946 2623 2017 (ortis,
2658 1954 2861 2015 potens,
2896 1943 3151 2011 Princeps
3182 1941 3353 2010 pacis,
3390 1936 3556 1991 Pater

1964 2029 2129 2098 futuri
2186 2038 2427 2092 sawuli‘.
2497 2034 2679 2091 Viden’
2713 2044 2773 2088 ut
2798 2034 3065 2104 Propheta
3097 2040 3152 2086 et
3186 2029 3473 2084 Parvulum
3503 2035 3558 2080 et

1966 2128 2134 2181 Deum
2192 2128 2447 2182 vocavit?
2480 2128 2608 2181 Item
2643 2126 2710 2180 de
2737 2124 2917 2193 Moyse
2936 2124 3127 2177 rubum
3156 2122 3435 2177 ardentem
3459 2133 3559 2172 nec

1970 2228 2154 2273 tamen
2182 2217 2526 2272 combustum
2559 2225 2861 2285 spectante,
2890 2214 3019 2283 quid
3049 2213 3142 2267 tibi
3177 2208 3433 2265 videtur?
3463 2207 3558 2262 Di-

1971 2322 2213 2377 gnumne
2254 2306 2390 2361 satis
2426 2307 2533 2361 tale
2563 2306 2886 2360 miraculum
2907 2303 3193 2359 divinitate
3210 2308 3317 2367 est,
3344 2298 3561 2355 necne?

297 2418 382 2454 τον
410 2402 716 2472 καιομένην
771 2400 867 2455 καὶ
900 2401 976 2473 μὴ
1032 2399 1539 2470 καταφλεγομένην,
1592 2397 1646 2451 τί
1710 2414 1794 2450 σοι
1844 2395 2027 2464 δοκεῖς
2080 2396 2263 2461 ’Λξιόν
2322 2398 2439 2451 ἐστι
2475 2398 2536 2450 τὸ
2590 2397 2802 2451 τοιοῦτο
2865 2394 3049 2465 θαῦμα
3090 2394 3409 2465 πρεπόντως
3460 2387 3563 2465 τῆς

304 2490 574 2560 θεότητος,
612 2492 645 2562 ἢ
673 2488 736 2543 οὔ
765 2508 780 2556 ;

362 2581 430 2648 ς’.
462 2585 638 2652 Λέγει
670 2585 698 2635 6
734 2582 1054 2654 Σαρακηνός
1078 2597 1093 2612 ⁶
1123 2582 1235 2636 Καὶ
1264 2582 1382 2646 πῶς
1407 2579 1475 2654 ἦν
1498 2582 1724 2637 δυνατὸν
1752 2580 1864 2651 ψη-

300 2673 522 2744 λαφητδν
561 2673 818 2743 γενέσθαι
845 2675 935 2727 τὸν
962 2674 1093 2727 Θεὸν
1126 2678 1185 2729 ἐν
1214 2674 1292 2745 τῷ
1319 2671 1593 2743 ἀνθρώπῳ
1622 2688 1638 2705 ⁸
1662 2674 1759 2726 καὶ
1789 2673 1865 2743 μὴ

302 2762 692 2834 ἀλλοιωθῆναις
743 2766 887 2834 Ἔφη
916 2768 943 2817 6
968 2765 1239 2836 Εὺθύμιος
1265 2781 1279 2794 ·
1320 2765 1534 2834 Ὥσπερ
1574 2764 1683 2833 γὰρ
1715 2763 1867 2817 ἐνοῦ-

303 2858 384 2908 tat
417 2857 490 2926 τῷ
523 2857 738 2926 σιδήρῳ
768 2856 829 2909 τὸ
861 2855 973 2926 πῦρ
995 2873 1009 2886 ·
1042 2858 1136 2911 καὶ
1188 2858 1281 2910 ποῖ
1313 2857 1412 2927 μὲν
1439 2858 1656 2926 ἐνεργεῖ
1687 2859 1719 2924 ὴ
1768 2853 1868 2923 φύ-

306 2965 381 3010 σις
408 2949 474 3001 τὰ
516 2947 620 3001 τοῦ
655 2948 849 3019 πυρὸς,
885 2951 973 3001 ποῖ
1016 2948 1073 3001 δὲ
1094 2951 1122 3001 6
1152 2949 1368 3020 σίδηρος
1401 2949 1469 3003 τὰ
1490 2950 1684 3012 οἰκεῖα,
1717 2946 1865 2999 οὕτω

310 3040 396 3092 καὶ
426 3042 457 3110 ὴ
487 3038 642 3108 ψυχὴ
671 3039 738 3092 τὰ
769 3038 909 3103 θεῖα,
943 3040 1036 3092 καὶ
1069 3039 1136 3104 δὴ
1164 3040 1224 3091 τὸ
1254 3040 1413 3109 σῶμα
1438 3039 1508 3091 τὰ
1557 3037 1652 3092 τοῦ
1684 3038 1868 3108 σώμα-

2041 2581 2075 2635 6
2103 2621 2117 2635 .
2154 2579 2295 2634 Dicit
2354 2579 2664 2634 Saracenus
2694 2594 2708 2632 :
2743 2576 3028 2643 Quomodo
3053 2574 3198 2630 Deus
3232 2575 3346 2629 ﬁeri
3386 2576 3562 2645 potuit

1969 2673 2252 2745 palpabilis
2283 2674 2334 2726 in
2363 2672 2603 2736 homine,
2634 2685 2736 2725 nec
2759 2679 2940 2725 tamen
2978 2666 3298 2723 immutari?
3326 2665 3416 2719 Ait
3451 2665 3563 2721 Eu-

1972 2765 2222 2837 thymius
2256 2780 2270 2817 :
2302 2764 2455 2818 Sicut
2492 2763 2684 2817 unilur
2735 2762 2879 2816 ferro
2911 2762 3097 2831 ignis:
3151 2770 3205 2815 ct
3253 2761 3393 2832 ignis
3438 2760 3562 2829 qui-

1975 2860 2099 2915 dem
2130 2873 2251 2927 quze
2296 2866 2424 2911 sunt
2470 2856 2612 2927 ignis
2665 2865 2944 2925 operatur,
3003 2853 3208 2909 ferrum
3262 2855 3390 2908 item
3444 2868 3563 2922 qua:

1973 2950 2091 3019 ejus
2122 2958 2250 3005 sunt
2284 2948 2510 3018 propria
2538 2966 2554 3012 ;
2608 2956 2663 3001 et
2739 2948 2883 3001 sicut
2915 2946 3094 3001 anima
3128 2946 3410 3016 spiritalia,
3444 2961 3566 2998 cor-

1977 3058 2081 3113 pus
2136 3058 2256 3112 quze
2309 3050 2441 3096 sunt
2488 3040 2705 3110 corpori
2756 3055 3041 3108 congrua;
3095 3039 3165 3092 ita
3222 3039 3276 3092 in
3343 3037 3564 3092 Christo

305 3146 419 3192 τοςο
449 3131 600 3183 οὓτω
661 3130 727 3202 δὴ
777 3133 873 3184 καὶ
906 3132 999 3183 ἐπὶ
1048 3130 1141 3185 τοῦ
1200 3130 1442 3201 Χριστοῦ
1496 3131 1757 3199 γέγονεν’
1792 3131 1866 3194 ὡς

1975 3134 2368 3197 usuveuiebat,
2414 3142 2472 3187 ut
2517 3132 2655 3187 Deus
2728 3132 2944 3198 divina,
2980 3139 3041 3184 ut
3097 3130 3258 3183 homo
3330 3129 3563 3182 humana

305 3220 428 3286 Θεὸς
460 3225 692 3295 ἐνήργει
725 3224 794 3276 τὰ
848 3223 989 3286 θεῖα,
1038 3224 1133 3279 καὶ
1184 3224 1260 3286 ὡς
1307 3223 1593 3292 ἄνθρωπος
1647 3224 1866 3294 ἐνήργει

305 3316 368 3366 τὰ
438 3314 802 3385 ἀνθρώπιναο
878 3316 974 3368 καὶ
1046 3317 1372 3385 συνετήρουν
1454 3316 1523 3376 τὰ
1584 3316 1870 3385 ἀμφότερα

310 3402 589 3474 ἰδιώματα.
646 3406 811 3472 Λέγει
839 3406 1240 3476 όΣαρακηνός·
1289 3407 1453 3476 Τρεῖς
1506 3404 1697 3471 εἰπὼν,
1746 3407 1870 3459 δυν-

306 3497 403 3568 ήσῃ
457 3499 641 3551 εἰπεῖν
710 3498 807 3551 καὶ
861 3495 1137 3567 τέσσαρας
1211 3498 1305 3551 καὶ
1370 3497 1555 3555 πέντε.
1630 3498 1775 3568 Ἔφη
1843 3500 1871 3552 6

309 3588 576 3659 Εὐθὺμιος
599 3604 615 3620 ο
692 3587 782 3641 Ἐν
839 3588 919 3658 τῷ
983 3588 1256 3659 ἀνθρώπῳ
1318 3588 1486 3641 εἰπὼν
1560 3589 1716 3658 λόγον
1779 3592 1873 3643 καὶ

308 3681 542 3750 πνεῦμα,
609 3680 813 3751 δυνήσῃ
872 3680 969 3733 καὶ
1018 3679 1206 3751 ἕτερον
1266 3682 1594 3751 προσθεῖναί,
1625 3698 1718 3747 τις
1765 3683 1868 3735 Λέ-

310 3787 388 3839 γει
414 3773 441 3825 6
470 3771 816 3841 Σαρακηνός·
878 3770 1037 3839 Οὐχί.
1108 3769 1276 3826 Εἶπεν
1307 3775 1334 3825 6
1394 3773 1698 3842 Εὑθύμιος·
1738 3773 1873 3826 Οὐδὲ

312 3863 414 3930 ἐγὼ
438 3863 636 3933 τίθημι
662 3862 983 3933 προσθήκην
1017 3865 1074 3915 ἐν
1098 3866 1163 3933 τῇ
1195 3864 1328 3934 ἁγίᾳ
1366 3865 1576 3935 Τριάδι.
1629 3865 1794 3932 Λέγει
1844 3865 1873 3916 6

316 3956 623 4027 Σαρακηνός
649 3972 663 3985 ·
691 3956 799 4010 Kal.
824 3955 914 4009 διὰ
967 3956 1020 4008 τί
1054 3956 1268 4024 γλυπτὰ
1327 3955 1458 4019 ξύλα
1494 3958 1873 4024 προσκυνεῖτε,

316 4050 403 4100 καὶ
435 4049 654 4110 εἰκόνας
720 4048 1079 4118 προσκυνεῖτε
1136 4045 1495 4115 θεοπρεπῶς;
1537 4046 1681 4112 Ἔφη
1714 4047 1741 4097 6
1778 4045 1879 4097 Εὑ-

319 4136 535 4207 θύμιοςο
606 4137 668 4190 ’0
710 4137 803 4189 τὸν
857 4137 1182 4206 χαρακτῆρα
1219 4136 1321 4205 τῆς
1353 4134 1562 4196 εἰκόνος
1597 4133 1690 4186 τοῦ
1723 4134 1877 4205 βασι-

316 4226 442 4289 λέως
474 4226 653 4296 τιμῶν
713 4225 808 4281 καὶ
856 4224 1177 4296 προσκυνῶν
1227 4225 1307 4288 εἰς
1351 4224 1521 4295 τιμὴν
1567 4223 1663 4276 τοῦ
1721 4223 1877 4294 βασι-

318 4317 443 4379 λέως
474 4320 623 4370 ποιεῖ
660 4317 694 4388 ἢ
722 4318 800 4379 είς
831 4317 1093 4386 ἀτιμίανς
1124 4315 1289 4383 Λέγει
1316 4318 1344 4369 6
1378 4316 1697 4387 Σαρακηνός
1717 4333 1730 4345 ·
1786 4316 1879 4377 Ei;

1970 3225 2200 3292 agebat;
2238 3238 2293 3278 et
2322 3225 2491 3277 ambae
2538 3232 2750 3276 naturae
2786 3221 3147 3291 proprietates
3177 3234 3304 3273 suas
3355 3219 3564 3271 retine-

1970 3315 2118 3369 bant.
2158 3314 2299 3368 Dicit
2351 3310 2998 3376 SaracenuszQuouiam
3058 3318 3169 3363 tres
3222 3308 3380 3372 dicis,
3431 3322 3566 3377 qua-

1975 3418 2096 3462 tuor
2146 3406 2308 3460 etiam
2366 3405 2549 3460 dicere
2605 3404 2808 3474 poteris
2868 3412 2922 3458 et
2976 3404 3105 3457 item
3158 3402 3418 3473 quinque.
3474 3402 3566 3455 Ait

1975 3498 2332 3571 Euthymius:
2364 3497 2419 3551 In
2448 3497 2665 3552 homine
2709 3510 2833 3549 cum
2866 3495 3070 3550 dixeris
3094 3495 3319 3549 verbum
3374 3503 3428 3547 et
3456 3495 3565 3562 spi-

1976 3593 2159 3656 ritum,
2189 3589 2465 3660 poterisne
2511 3598 2566 3643 et
2621 3586 2767 3642 aliud
2790 3587 3084 3656 quidquam
3116 3585 3349 3653 adjicere
3375 3584 3398 3636 ?
3425 3582 3566 3635 Dicit

1976 3683 2318 3740 Saracenus:
2368 3681 2742 3751 Nequaquam.
2787 3682 2879 3733 Ait
2929 3678 3255 3747 Euthymius
3290 3695 3303 3728 :
3340 3675 3419 3728 Ne
3462 3690 3561 3743 ego

1980 3776 2204 3839 quidem
2235 3775 2402 3829 ullum
2428 3774 2567 3828 facio
2596 3772 3025 3826 additamentum
3054 3776 3253 3821 sanctae
3280 3764 3557 3819 Trinitati.

1978 3865 2119 3919 Dicit
2168 3863 2473 3917 Saracenus
2498 3863 2563 3916 δε
2597 3862 2708 3917 Cur
2751 3863 2893 3930 ligna
2938 3860 3147 3928 sculpta
3199 3857 3468 3920 adoratis,
3505 3864 3563 3911 et

1982 3968 2171 4024 parem
2219 3951 2333 4007 Deo
2363 3952 2567 4006 cultum
2622 3950 2949 4021 imaginibus
2997 3949 3285 4003 tribuitis?
3329 3949 3417 4001 Ait
3458 3947 3566 4000 Eu-

1981 4047 2218 4117 thymius
2242 4064 2254 4100 :
2283 4044 2385 4111 Qui
2417 4045 2556 4116 regis
2583 4044 2871 4114 imaginem
2901 4042 3130 4095 honorat
3155 4055 3219 4093 ac
3247 4048 3559 4099 veneratur,

1981 4139 2086 4195 hoc
2118 4138 2232 4209 agit
2302 4153 2371 4191 ne
2406 4147 2466 4191 ut
2518 4151 2699 4207 regem
2759 4134 2991 4189 honoret
3033 4149 3099 4187 an
3139 4141 3197 4185 ut
3233 4130 3564 4185 dedecoret?

1986 4232 2122 4287 Dicit
2151 4232 2493 4285 Saracenus:
2522 4228 2592 4284 Ut
2624 4230 2874 4282 honoret.
2924 4227 3009 4281 Ait
3062 4224 3384 4295 Euthymius
3412 4238 3424 4273 :
3454 4220 3563 4276 Nos

1982 4337 2198 4393 quoque
2223 4331 2438 4377 sanctas
2470 4321 2731 4391 imagines
2744 4320 2965 4374 honoris
2993 4333 3154 4373 causa
3206 4330 3563 4374 veneramur;

317 4410 497 4480 τιμήν.
555 4410 703 4477 Ἔφη
739 4410 767 4459 6
813 4409 1111 4477 Εὑθύμιοςο
1142 4409 1252 4462 Καὶ
1284 4410 1447 4476 ἡμεῖς
1470 4408 1548 4470 εἰς
1578 4407 1743 4477 τιμὴν
1770 4407 1871 4460 τῶν

1985 4430 2162 4482 neque
2194 4422 2374 4467 tamen
2413 4413 2547 4467 deos
2579 4428 2644 4465 ex
2681 4412 2764 4465 his
2800 4410 3049 4473 iacimus,
3110 4416 3168 4461 ut
3220 4422 3314 4461 vos
3356 4406 3559 4459 dicitis.

322 4477 481 4567 ἁγίῶν
511 4502 745 4555 εἰκόνων
797 4499 1214 4570 προσκυνοῦμεν
1255 4500 1446 4564 αὐτὰς,
1502 4500 1595 4553 καὶ
1647 4500 1707 4554 οὐ
1764 4500 1871 4553 θεο-

1992 4504 2131 4560 Dicit
2161 4504 2500 4560 Saracenus:
2531 4506 2640 4560 Cur
2676 4520 2869 4570 panem
2900 4506 3193 4570 vinumque
3228 4500 3477 4554 miscetis
3507 4508 3561 4553 ct

324 4594 616 4665 ποιούμεθα
640 4593 864 4656 ταύτας,
898 4591 975 4655 ὡς
1012 4592 1169 4661 ὑμεῖς
1213 4593 1422 4660 λέγετε.
1454 4594 1617 4660 Λέγει
1639 4596 1666 4646 6
1696 4594 1881 4663 Σαρα-

322 4688 495 4755 κηνός·
544 4687 648 4738 Διά
686 4684 741 4737 τί
776 4684 1004 4754 μίγνυτε
1036 4683 1128 4735 τὸν
1161 4684 1325 4753 ἄρτον
1353 4686 1447 4737 καὶ
1476 4686 1567 4738 τὸν
1598 4680 1761 4746 οἶνον.
1792 4687 1886 4738 καὶ

326 4777 669 4843 μεταδιδόατε
700 4777 812 4838 τοῖς
838 4773 1150 4843 ἀνθρώποις
1190 4775 1439 4842 λέγοντες
1466 4777 1550 4829 ὅτι
1580 4776 1740 4846 σῶμα
1792 4777 1887 4829 καὶ

323 4862 452 4937 αἷμά
484 4870 604 4921 ἐστι
640 4865 738 4919 τοῦ
782 4866 1025 4937 Χριστοῦ
1052 4882 1067 4931 ;
1101 4866 1223 4928 Πῶς
1252 4866 1477 4921 δυνατὸν
1509 4866 1766 4934 γενέσθαι
1795 4867 1885 4919 τόν

325 4960 478 5030 ἄρτον
510 4960 698 5030 σῶμα,
721 4960 815 5013 καὶ
848 4961 940 5012 τὸν
972 4955 1115 5012 οἶνον
1142 4954 1320 5029 αἷμας
1351 4961 1495 5029 Ἔφη
1521 4962 1548 5012 6
1579 4960 1849 5029 Εὑθύμιος
1869 4977 1886 4995 ο

330 5051 476 5123 Παρά
506 5053 617 5106 τῶν
670 5052 975 5123 ἀνθρώπων
1013 5050 1344 5121 βοσκόμενος
1382 5050 1545 5121 ἄρτος
1577 5051 1629 5104 τί
1679 5052 1889 5120 γίνεται

331 5143 472 5215 ἐντῷ
499 5143 813 5213 ἁνθρώπῳ;
868 5144 1054 5211 σῶμα,
1104 5142 1353 5213 ἢὲτερόν
1387 5159 1441 5195 τι
1467 5142 1578 5213 (2);
1637 5143 1804 5211 Λέγει
1862 5145 1889 5197 6

331 5234 652 5307 Σαρακηνός·
688 5236 1033 5305 Σῶμα.Ἒφη
1065 5235 1093 5285 6
1124 5235 1421 5304 Εὐθύμιοςο
1452 5237 1559 5289 Καὶ
1592 5236 1708 5299 πῶς
1728 5237 1891 5289 δυνα-

330 5327 405 5379 τόν
456 5330 600 5398 κρέα
643 5326 844 5381 ἐσθίειν
875 5327 971 5380 τὸν
1008 5325 1296 5395 ἄνθρωπον
1335 5327 1412 5397 (5)
1442 5343 1457 5391 ;
1497 5327 1580 5379 Τὰ
1610 5328 1719 5399 γὰρ
1747 5328 1890 5382 κατὰ

332 5418 479 5487 φύσιν
507 5420 786 5483 ἀδυνάτως
853 5419 1040 5489 έχουσι
1094 5418 1351 5485 γενέσθαι
1417 5418 1570 5489 παρὰ
1605 5419 1808 5487 φύσιν
1860 5423 1887 5474 6

395 5534 415 5565 ³
449 5536 548 5591 lsa.
581 5552 657 5602 ιι,
692 5537 743 5591 6.
856 5538 878 5567 ⁸
910 5534 1038 5589 Sur.
1074 5550 1123 5599 v,
1147 5532 1235 5588 99.

399 5676 469 5749 (f2)
496 5676 695 5733 Confer
714 5679 857 5749 apud
907 5676 1224 5749 Gretserum
1264 5680 1464 5749 _opp.t.
1513 5671 1623 5749 ΧΥ,
1659 5658 1878 5743 ρ.Ἀοό,

340 5743 470 5815 paria
498 5749 636 5803 dicta
667 5743 1029 5805 ab'Abucara
1061 5746 1114 5799 in
1166 5745 1386 5815 Dialogo
1407 5758 1530 5815 cum
1584 5743 1880 5815 Saraceno.

402 5816 471 5887 (5)
490 5816 682 5876 Confer
712 5820 914 5877 similia
936 5816 1209 5873 dicentem
1224 5811 1481 5887 Cyrillum
1500 5813 1553 5868 in
1569 5811 1876 5871 Comment.

1990 4600 2304 4655 hominibus
2333 4601 2664 4654 distribuitis
2703 4600 2950 4654 dicentes
2999 4611 3199 4665 corpus
3236 4611 3299 4649 ac
3348 4594 3567 4663 sangui-

1990 4706 2114 4745 nem
2145 4691 2347 4747 Christi
2376 4708 2497 4746 esse
2517 4691 2539 4743 ?
2563 4690 2843 4755 Quomodo
2870 4690 3022 4758 panis
3050 4700 3266 4754 corpus,
3302 4694 3356 4738 et
3382 4684 3565 4737 vinum

1993 4783 2215 4853 sanguis
2244 4782 2381 4836 elIici
2435 4782 2653 4852 potest?
2681 4781 2771 4835 Ait
2803 4780 3163 4851 Euthymius:
3206 4778 3288 4832 Ab
3331 4776 3567 4830 homini-

1991 4874 2094 4929 bus
2119 4877 2477 4930 manducatus
2505 4876 2679 4943 panis,
2709 4874 2836 4942 quid
2870 4874 2929 4926 ﬁt
2958 4873 3011 4926 in
3046 4870 3312 4926 homine?
3344 4882 3572 4937 corpus-

1996 4981 2092 5032 ne,
2122 4984 2191 5022 an
2219 4966 2364 5020 aliud
2393 4965 2595 5032 aliquid
2619 4966 2641 5017 ?
2674 4964 2810 5017 Dicit
2842 4962 3149 5017 Saracenus
3175 4978 3188 5015 :
3221 4960 3452 5025 Corpus.
3481 4957 3570 5008 Ait

2000 5060 2361 5133 Euthymius:
2410 5059 2475 5111 Et
2509 5057 2778 5126 quomodo
2811 5055 2925 5109 ﬁeri
2962 5062 3143 5122 posset
3172 5062 3231 5104 ut
3257 5050 3418 5102 homo
3448 5061 3569 5099 car-

1998 5165 2124 5203 nem
2153 5145 2377 5201 ederet?
2414 5144 2624 5197 Etcnim
2658 5158 2776 5211 quae
2806 5142 3104 5195 secundum
3136 5147 3385 5191 naturam
3415 5140 3565 5196 sunt,

1998 5259 2064 5297 ea
2090 5248 2283 5296 contra
2322 5245 2451 5291 natu
2464 5252 2577 5290 ram
2606 5235 2718 5288 ﬁeri
2746 5240 3047 5302 nequeunt.
3066 5230 3197 5283 Nam
3221 5224 3374 5294 panis
3404 5239 3566 5291 quem

2002 5350 2103 5390 nos
2151 5347 2275 5387 cum
2332 5328 2638 5384 reverentia
2688 5325 2985 5386 sumimus,
3037 5336 3135 5388 per
3214 5314 3449 5369 infusam
3511 5315 3563 5368 ei

1997 5427 2226 5497 gratiam
2260 5423 2318 5478 (it
2347 5423 2543 5477 anima:
2596 5418 2976 5473 indumentum
3008 5424 3063 5466 et
3093 5412 3185 5465 lux
3208 5450 3223 5465 .

1989 5674 2055 5729 ad
2116 5674 2246 5728 Luc.
2285 5689 2418 5733 χιιι.
2476 5674 2562 5735 l9,
2621 5670 2763 5740 apud
2798 5686 2896 5725 nos
2940 5670 2995 5723 in
3048 5670 3152 5724 alio
3178 5665 3453 5740 volumine
3498 5678 3556 5740 pr.

1986 5746 2111 5809 M7,
2142 5758 2339 5812 nempe
2370 5732 2513 5810 quod
2540 5732 2790 5796 Christus
2837 5740 3038 5812 idcirco
3056 5740 3169 5812 _suh
3188 5738 3313 5812 alia,
3377 5732 3428 5785 id
3459 5739 3549 5783 est

1985 5807 2165 5885 panis,
2202 5807 2803 5884 specie—Eucharistiam
2831 5809 2986 5866 nobis
3018 5807 3303 5863 obtulerit.
