4068 6264
463 411 530 472 9.7
1665 413 2048 476 EUTHYMII
2089 415 2452 476 ZlGABENl
3637 411 3709 472 28

460 529 568 598 γὰρ
597 529 868 600 ἄρτος,ὃν
896 526 1058 597 ἡμεῖς
1109 525 1600 596 μεταλαμϐάνομεν
1657 527 1794 595 μετὰ
1847 526 2150 592 “suam
2183 527 2280 597 τὴν
2319 524 2876 596 μεταλαμεανομένην
2945 525 3092 595 αὐτῷ
3149 525 3312 598 χάριν
3361 525 3570 595 γίνεται
3621 529 3710 580 έν-

459 627 602 694 δυμα
643 627 735 677 καὶ
761 624 878 690 φῶς
903 623 1156 692 ψυχικόν.

531 685 594 772 ἦ.
625 718 756 770 Dicit
773 685 1080 770 Saracenos
1106 733 1118 770 :
1163 716 1271 770 Cur
1291 716 1586 770 demissum
1611 717 1678 772 de
1695 718 1834 771 coelo
1855 718 2038 770 Evan-

2209 713 2276 776 ζ’.
2321 713 2488 780 Λέγει
2546 715 2573 766 6
2628 713 2947 780 Σαῖακηνός
2973 730 2986 744 ·
3021 712 3120 766 Διὰ
3147 685 3199 766 τί
3231 715 3292 766 τὸ
3339 717 3608 770 κατελθὸν
3647 720 3711 772 ἐκ

469 807 668 878 gelium
700 807 1086 873 abscondistis,
1115 823 1427 874 novumque
1455 809 1890 876 scripsistis?Ait
1921 811 2032 864 Eu-

2133 802 2230 854 τοῦ
2257 805 2486 872 οὐρανοῦ
2531 803 2864 869 Εὐαγγέλιον
2909 803 3209 872 ἐκρύψατε,
3241 807 3339 856 καὶ
3373 807 3492 858 νέον
3547 811 3712 878 ἐγρά-

473 898 746 964 thynnus:
807 893 938 958 Quis
985 897 1088 948 hoc
1143 896 1396 959 aﬂirmat,
1427 907 1480 949 et
1518 895 1792 948 undeuam
1843 897 2037 950 scitis?

2151 895 2317 962 pars;
2361 897 2504 962 Ἔφη
2541 898 2568 946 6
2621 895 2924 964 Εὑθύμιος·
2961 897 3056 956 Τίς
3105 896 3133 946 6
3177 898 3474 966 μαρτυρῶν
3531 901 3710 966 τοῦτο,

467 987 605 1038 Dicit
647 987 994 1039 Saracenus:
1051 987 1393 1040 Moliamedes
1448 989 1604 1040 docet
1653 989 1724 1050 id,
1747 989 1874 1042 dum
1919 989 2032 1042 ait:

460 1078 678 1131 Christo
710 1079 764 1130 in
793 1080 990 1132 cmlum
1034 1079 1267 1140 sublato,
1301 1079 1364 1134 ad
1395 1081 1562 1149 ipsius
1585 1080 1882 1150 discipulos
1909 1081 2035 1134 dor-

467 1172 698 1222 mientes
727 1169 1024 1222 demissum
1063 1169 1166 1222 fuit
1203 1171 1571 1238 Evangelium,
1611 1173 1702 1239 qui
1740 1183 2033 1240 surgentes

464 1261 618 1312 vobis
650 1261 780 1313 illud
809 1261 1188 1314 tradiderunt:
1221 1262 1274 1314 id
1306 1272 1486 1316 autem
1531 1279 1626 1316 vos
1655 1263 2036 1328 abscondistis,

468 1351 596 1415 quia
627 1348 698 1400 ibi
733 1350 996 1416 scriptum
1031 1358 1148 1401 erat
1177 1347 1518 1402 Mohamedis
1555 1365 1776 1403 nomen.
1811 1350 1899 1402 Ait
1929 1349 2038 1402 Eu-

464 1439 704 1508 thymius
731 1457 742 1490 :
779 1440 887 1492 Nos
915 1440 1306 1493 dormientium
1349 1440 1666 1509 Scripturas
1695 1456 1802 1494 non
1837 1440 2038 1508 recipi-

462 1545 618 1582 mus:
647 1543 807 1583 nemo
831 1531 1032 1598 quippe
1061 1535 1314 1585 cordatus
1339 1541 1395 1586 et
1417 1548 1528 1586 suae
1563 1533 1760 1586 mentis
1789 1548 2036 1600 compos.

463 1621 745 1676 oeulorum
795 1639 1018 1676 suorum
1071 1638 1294 1676 sensum
1347 1624 1702 1689 notitiamque
1755 1625 2038 1689 omittens,

467 1715 804 1768 somniorum
835 1717 1212 1783 phantasmata
1257 1718 1530 1771 admittit.
1560 1714 1676 1768 Non
1727 1719 1872 1770 enim
1921 1717 2044 1770 dor-

469 1807 755 1858 mienti-im
833 1807 1112 1860 hominum
1170 1807 1406 1876 exquirit
1463 1808 1605 1862 Deus
1662 1810 1914 1861 virtutem
1951 1818 2046 1860 aut

461 1897 746 1966 judicium.
775 1899 900 1966 quia
929 1915 1034 1951 non
1064 1909 1148 1952 est
1176 1901 1564 1954 dormientium
1603 1901 1766 1966 Deus,
1791 1900 1884 1953 sed
1911 1899 2043 1968 vigi-

467 1989 728 2042 lantium.
785 1989 922 2042 Dicit
971 1989 1314 2044 Saracenos:
1372 1990 1656 2056 Quomodo
1712 2007 1809 2044 vos
1861 1991 2044 2045 dicitis

473 2079 753 2130 Christum
789 2081 840 2130 in
877 2080 1046 2132 caelos
1079 2090 1448 2149 assumptum.
1497 2080 1761 2148 Spiritum
1791 2092 2038 2134 sanctum
2078 2065 2112 2116 Β

477 2168 544 2221 ad
573 2169 863 2232 discipulos
893 2169 1148 2222 misisse?
1177 2170 1286 2223 Cur
1315 2187 1554 2240 praesens
1579 2189 1684 2224 non
1723 2171 1828 2224 illis
1856 2171 2046 2226 dedit?

479 2260 646 2312 Vobis
672 2269 851 2312 autem
871 2261 1181 2316 dicentibus
1213 2279 1375 2316 unum
1391 2280 1512 2318 esse
1538 2263 1748 2318 Patrem
1769 2274 1824 2316 et
1851 2263 2042 2316 Filium

479 2359 532 2404 et
567 2350 870 2418 Spiritum;
913 2361 1154 2404 attamen
1205 2353 1448 2408 ascendit
1479 2355 1728 2410 Christus
1783 2371 2040 2423 superne,

469 2441 755 2494 descendit
805 2441 1064 2510 Spiritus,
1101 2453 1154 2497 et
1185 2444 1408 2498 alteram
1446 2447 1743 2500 doctrinam
1787 2447 2050 2515 praedica-

467 2533 544 2586 vit
570 2571 584 2584 .
609 2530 730 2584 Jam
760 2532 801 2584 si
839 2549 923 2586 res
955 2536 1026 2586 ita
1061 2551 1118 2588 se
1155 2535 1335 2592 habet.
1370 2537 1564 2590 divisio
1600 2539 1846 2605 quaedam
1917 2555 2046 2592 san-

467 2629 566 2674 ctze
611 2619 859 2674 Trinitati
899 2623 1119 2677 accidit.
1165 2627 1252 2678 Ait
1293 2625 1616 2697 Euthymius
1671 2647 1683 2680 :
1723 2625 2046 2682 Hominibus

468 2712 699 2766 iutirmis
725 2729 832 2766 non
865 2716 1002 2768 solet
1026 2718 1267 2771 medicus
1297 2721 1586 2787 pharmaca
1615 2721 1877 2774 salutaria
1941 2722 2046 2774 nii-

467 2816 650 2868 scere,
681 2805 960 2858 nisiantea
1000 2807 1146 2876 ipsos
1193 2813 1531 2880 purgaverit.
1584 2813 1716 2866 Post
1763 2814 2046 2882 μοι-διιιίοο

467 2909 591 2946 net
620 2904 822 2958 autem,
871 2906 984 2950 tum
1009 2899 1226 2952 demum
1251 2901 1535 2968 pharmaca
1563 2907 1792 2972 potanda
1819 2905 2044 2972 praebet.

471 2983 564 3039 Sic
603 2995 658 3038 tu
699 3001 910 3041 mecum
965 2989 1032 3042 de
1069 2991 1286 3044 Christo
1337 2994 1509 3061 cogita
1541 3035 1555 3058 ,
1607 3010 1676 3048 ne
1722 2997 2044 3064 quibusdam

469 3076 518 3128 is
551 3076 831 3130 videretur
887 3077 1140 3132 facultate
1170 3096 1266 3134 sua
1325 3087 1698 3139 tantummodo
1744 3088 1828 3140 vel
1885 3090 2045 3140 etiam

465 3167 754 3236 phantasia
783 3170 1003 3234 docere,
1037 3173 1122 3226 vel
1163 3182 1414 3242 tauquam
1451 3177 1611 3231 homo
1644 3187 1834 3231 etnon
1865 3181 2044 3245 Deus;

465 3259 645 3311 divina
681 3275 776 3313 eos
817 3261 1020 3316 virtute
1051 3273 1212 3318 antea
1255 3269 1508 3334 purgavit
1539 3271 1912 3324 malerialibus
1933 3286 2049 3338 pec-

469 3362 714 3403 catoruln
767 3355 1163 3420 passiouibus.
1205 3357 1410 3412 Deinde
1437 3369 1558 3428 post
1609 3363 2040 3430 assumptionem

463 3439 524 3492 in
555 3443 740 3505 caelus,
797 3455 1040 3498 sanctum
1093 3449 1358 3516 Spiritum
1409 3451 1589 3514 misit,
1639 3461 1697 3505 ut
1749 3453 2044 3521 perfectam

477 3531 816 3588 divinitatem
877 3539 1232 3603 ostenderet,
1267 3551 1322 3594 ct
1369 3543 1513 3609 quod
1567 3548 1683 3611 ipse
1737 3543 2048 3598 caelestibus

463 3640 692 3695 quoque
719 3627 852 3680 locis
887 3628 1178 3683 interesset
1201 3670 1216 3682 .

548 3911 603 3964 8.
641 3911 780 3966 Dicit
829 3913 1136 3970 Saracenus
1170 3937 1182 3970 :
1214 3919 1348 3972 Cum
1391 3917 1641 3975 Christus
1684 3921 2049 3977 circumcisus

467 4001 661 4062 fuerit,
699 4018 796 4055 cur
829 4020 926 4058 vos
957 4021 1062 4059 non
1101 4007 1550 4063 i-ircumcidimini
1595 4021 1649 4064 et
1687 4028 1826 4080 aqua
1875 4015 2048 4066 ablui—

473 4095 656 4148 mini?
695 4095 834 4150 sicut
869 4099 943 4152 ait
979 4099 1143 4152 Isaias
1185 4117 1198 4152 :
1229 4100 1532 4164 Luvamini,
1591 4107 1773 4156 mundi
1817 4117 1976 4159 estote
2008 4107 2049 4160 ⁸.

475 4185 587 4241 Vos
621 4199 800 4242 autem
852 4190 906 4242 in
939 4191 1196 4260 ecclesias
1233 4202 1439 4247 vestras
1485 4195 1626 4247 illoli
1679 4195 2049 4264 ingredimini.

474 4281 564 4334 Ait
623 4282 946 4351 Euthymius
992 4299 1004 4334 :
1077 4285 1445 4340 Circumcisio
1505 4287 1706 4341 Iudaeis
1761 4289 1883 4342 data
1932 4288 2050 4353 iuit,

475 4372 600 4438 quia
634 4373 686 4423 in
727 4373 904 4425 medio
956 4374 1195 4443 gentium
1245 4379 1601 4432 versabantur
1650 4379 1948 4434 infidelium
2001 4393 2056 4437 et

479 4463 970 4528 idololatricarum,
1025 4477 1278 4535 tanquam
1333 4471 1540 4524 notitia:
1591 4472 1680 4526 Dei
1729 4473 1963 4540 signum.
1999 4487 2056 4530 et

479 4557 652 4624 gregis
679 4557 859 4610 unius.
909 4558 1064 4624 Quod
1097 4577 1220 4612 vero
1251 4563 1531 4616 Lavamini
1563 4565 1732 4620 Isaias
1761 4567 1914 4631 dixit,
1947 4571 2051 4624 hoc

485 4647 658 4698 semel
702 4650 1048 4718 praescripsit,
1079 4653 1246 4706 divini
1278 4653 1618 4722 baptismatis
1655 4659 1880 4724 gratiam
1911 4677 2054 4729 pne-

2141 989 2235 1039 καὶ
2269 987 2434 1039 πόθεν
2465 988 2679 1053 οίδατε;
2714 988 2874 1053 Λέγει
2901 989 2928 1040 6
2961 989 3280 1056 Σαρακηνός
3301 1005 3315 1020 ·
3352 991 3596 1059 Μωάμεδ
3637 992 3715 1044 δι-

2137 1079 2323 1131 δάσκει
2352 1080 2525 1146 λέγων
2551 1097 2564 1109 ·
2617 1081 2960 1140 Ἀνελθόντος
2987 1079 3083 1132 τοῦ
3115 1081 3356 1150 Χριστοῦ
3394 1084 3451 1133 ὲν
3499 1083 3578 1152 τῷ
3617 1085 3704 1136 οὑν

2139 1171 2308 1239 ρανῷ,
2363 1173 2594 1226 καὶτῶν
2640 1173 2899 1242 μαθητῶν
2934 1173 3101 1224 αὐτοῦ
3139 1174 3470 1239 ὑπνοῦντων,
3509 1177 3712 1241 κατῆλ-

2141 1261 2234 1313 θεν
2275 1263 2362 1314 ἐπ’
2399 1263 2595 1323 αὐτοὺς
2627 1261 2686 1313 τὸ
2710 1262 3065 1328 Εὐαγγέλιον,
3097 1265 3192 1314 καὶ
3223 1265 3558 1326 ἀναστάντες
3589 1265 3716 1334 ὑμῖν

2141 1351 2467 1421 παρέδωκαν
2502 1351 2668 1402 αὺτὸ-
2707 1351 2866 1418 ὐμείς
2911 1350 2967 1403 δὲ
3015 1353 3294 1420 ἐκρύψατε
3340 1355 3472 1406 αὐτὸ
3525 1356 3612 1406 διὰ
3655 1355 3715 1407 τὸ

2139 1436 2280 1492 εἶναι
2307 1441 2698 1510 γεγραμμένον
2722 1441 2782 1492 τὸ
2811 1441 2982 1510 ἧνομα
3031 1442 3124 1492 τοῦ
3166 1444 3429 1512 Μωάμεδ.
3487 1447 3629 1514 Ἔφη
3687 1449 3715 1499 6

2139 1531 2407 1599 Εὑθύμιος
2429 1547 2444 1561 ·
2482 1534 2668 1599 Ἡμεῖς
2698 1533 3059 1600 κοιμωμένων
3082 1533 3306 1602 Γραφὰς
3329 1537 3390 1588 οὐ
3415 1535 3713 1604 δεχόμεθα·

2140 1623 2314 1682 οὐδεὶς
2335 1622 2443 1690 γὰρ
2462 1623 2570 1673 τῶν
2593 1617 2650 1674 εὖ
2687 1622 3032 1691 φρονούντων
3061 1625 3156 1676 καὶ
3185 1625 3374 1694 κύριος
3407 1626 3501 1678 τοῦ
3543 1626 3707 1679 αὑτοῦ

2141 1711 2399 1779 λογισμοῦ
2422 1714 2702 1782 ὑπάρχων,
2726 1715 2850 1776 τοὺς
2869 1714 3160 1782 αἰσθητοὺς
3179 1715 3490 1783 ὀφθαλμοὺς
3507 1719 3598 1768 καὶ
3617 1717 3716 1785 τὴν

2143 1804 2344 1870 γνῶσιν
2373 1805 2755 1872 παραϐλέψας,
2785 1807 3050 1858 ἐνυπνίων
3083 1805 3446 1874 φαντάσματα
3473 1807 3711 1874 δέχεται·

2145 1896 2208 1946 οὗ
2241 1895 2348 1963 γάρ
2382 1895 2804 1964 κεκοιμημένων
2831 1895 3135 1965 ἀνθρώπων
3157 1898 3379 1949 ἀπαιτεί
3395 1899 3422 1948 6
3437 1898 3568 1960 Θεὸς
3589 1899 3713 1969 ἀρε-

2143 1987 2242 2054 τὴν
2265 1986 2297 2051 ἢ
2320 1986 2502 2052 κρίσιν
2521 2002 2536 2015 ·
2569 1987 2596 2038 6
2625 1987 2730 2055 γὰρ
2751 1986 2882 2044 θεὸς
2911 1987 3010 2038 οὐκ
3037 1986 3186 2037 ἔστιν
3215 1986 3550 2051 ὑπιλούντων,
3575 1986 3714 2039 ἀλλὰ

2146 2074 2590 2144 γρηγορούντων.
2613 2075 2816 2140 Λέγειό
2841 2075 3180 2145 Σαρακηνός·
3205 2077 3327 2138 Πῶς
3351 2077 3508 2145 ὑμεῖς
3527 2077 3716 2144 λέγετε

2146 2168 2226 2219 ὅτι
2277 2166 2605 2234 ἀναληφθεὶς
2646 2169 2674 2218 6
2705 2168 2938 2236 Χριστὸς
2989 2169 3334 2233 ἐξαπέστειλε
3380 2171 3440 2220 τὸ
3489 2169 3714 2237 Πνεῦμα

2145 2260 2206 2313 τι.
2245 2262 2402 2327 ἅγιον
2433 2265 2546 2323 τοῖς
2595 2263 2788 2314 ἑαυτοῦ
2840 2265 3145 2333 μαθηταίςς
3211 2265 3334 2328 Πῶς
3384 2265 3575 2334 παρὼν
3613 2268 3718 2322 οὐκ

2147 2353 2312 2404 ἔδωκε
2346 2353 2592 2418 τούτοιςς
2635 2354 2820 2422 ’Υμῶν
2868 2354 2924 2406 δὲ
2974 2355 3242 2421 λεγόντων
3266 2357 3348 2410 ὅτι
3395 2357 3453 2412 ἓν
3499 2359 3640 2410 εἰσιν
3688 2360 3716 2412 6

2148 2443 2335 2514 Πατὴρ
2373 2446 2464 2496 καὶ
2491 2446 2518 2496 ὁ
2549 2445 2674 2506 Υἱὸς
2717 2444 2810 2496 καὶ
2838 2447 2897 2497 τὸ
2939 2444 3093 2512 ἅγιον
3127 2447 3372 2515 Πνεῦμα,
3405 2448 3519 2502 ἀλλ’
3549 2449 3714 2518 ἀνῆλ-

2151 2531 2242 2583 θεν
2279 2535 2305 2584 6
2341 2533 2576 2602 Χριστος
2607 2533 2739 2594 ἄνω,
2796 2533 2888 2584 καὶ
2943 2533 3180 2602 κατῆλθε
3228 2535 3288 2586 τὸ
3327 2533 3572 2603 Πνεῦμα,
3617 2535 3712 2588 καὶ

2152 2621 2317 2690 ἄλλην
2343 2623 2690 2675 διδασκαλίαν
2725 2623 3026 2690 ἐκήρυξεν·
3089 2625 3182 2676 καὶ
3235 2626 3284 2677 εί
3339 2623 3514 2684 οὕτως
3571 2623 3713 2692 ἔχει,

2147 2718 2506 2787 διαμερισμὸς
2529 2713 2594 2788 ἦν
2622 2721 2678 2770 ἐν
2699 2722 2764 2789 τῇ
2789 2720 2918 2788 ἁγίᾳ
2941 2719 3154 2788 Τριάδι.
3186 2720 3327 2788 Ἔφη
3353 2721 3380 2772 6
3403 2718 3672 2787 Εὐθύμιος
3693 2733 3708 2748 ·

2148 2809 2267 2861 Τῶν
2301 2811 2358 2862 ἐν
2397 2809 2654 2879 ἀσθενείᾳ.
2684 2811 2854 2864 ὄντων
2877 2809 3182 2876 ἀνθρώπων
3211 2812 3312 2862 οὐκ
3365 2811 3642 2879 ἐνδέχεται
3689 2811 3716 2862 6

2152 2901 2335 2967 ἰατρὸς
2367 2902 2878 2969 ἀποκαθαρτίςοντα
2933 2903 3202 2972 φάρμακα
3251 2901 3504 2964 κεράσαι,
3557 2901 3714 2970 είμή

2149 3009 2264 3055 πως
2293 2993 2640 3063 προκαθάραι
2668 2994 2914 3056 τούτους·
2953 2995 3090 3062 μετὰ
3113 2994 3169 3046 δὲ
3195 2995 3292 3061 τὴν
3316 2992 3715 3064 προκάθαρσιν,

2148 3088 2271 3138 τότε
2308 3086 2501 3138 καὶτὰ
2547 3087 2816 3156 φάρμακα
2865 3088 3078 3138 ποτιεί·
3131 3085 3310 3148 οὕτως
3357 3087 3452 3138 καὶ
3483 3087 3574 3136 ἐπὶ
3625 3084 3719 3139 τοῦ

2149 3177 2390 3247 Χριστοῦ
2427 3179 2537 3229 νόει
2571 3195 2661 3246 μοι
2685 3192 2698 3206 ·
2735 3178 2821 3230 ἵνα
2855 3177 2930 3248 μή
2967 3194 3074 3228 τισι
3107 3176 3230 3246 δόξῃ
3264 3177 3348 3228 ὅτι
3394 3175 3538 3228 κατά
3589 3175 3718 3240 ἀρε-

2149 3268 2248 3336 τὴν
2277 3270 2370 3322 καὶ
2394 3270 2580 3337 μόνην,
2609 3267 2640 3336 ἦ
2667 3268 2762 3320 ’καλ⁵
2786 3267 3090 3336 φαντασίαν
3137 3267 3400 3328 δ-.δάσκει,
3431 3263 3462 3334 ἦ
3513 3263 3586 3324 ὡς
3630 3263 3722 3316 ἄν·

2151 3360 2366 3429 θρωπος
2426 3362 2605 3429 μόνον,
2637 3361 2730 3412 καὶ
2754 3359 2852 3428 οὺχ
2895 3357 2968 3420 ὡς
2997 3358 3154 3418 Θεὸς·
3183 3356 3295 3408 ἀλλ’
3323 3357 3396 3417 ὼς
3427 3355 3557 3415 Θεδς
3589 3369 3723 3421 προ-

2151 3452 2422 3522 εκάθηρεν
2459 3452 2656 3513 αὐτοὺς
2691 3452 2753 3502 ὲκ
2785 3449 2894 3502 τῶν
2947 3448 3148 3501 ὑλικῶν
3183 3447 3366 3499 παθῶν
3392 3447 3500 3498 τῶν
3531 3445 3718 3514 ἁμαρ-

2149 3545 2279 3596 τιῶν
2322 3545 2501 3595 αὐτῶν
2547 3543 2736 3610 παρὼν
2785 3542 2979 3604 αὐτός·
3034 3541 3225 3592 ἔπειτα
3289 3540 3424 3609 μετὰ
3471 3539 3570 3607 τὴν
3637 3538 3720 3597 είς

2149 3637 2414 3702 οὐρανοὺς
2501 3636 2769 3703 ἀνάληψιν
2839 3632 3189 3698 ἐξαπέστειλε
3259 3632 3319 3682 τὸ
3378 3629 3604 3695 Πνεῦμα
3659 3627 3720 3678 τὸ

2151 3727 2327 3791 ἅγιον,
2355 3727 2619 3780 δεικνύων
2643 3729 2744 3797 τὴν
2771 3727 2984 3779 τελείαν
3015 3724 3265 3794 θεότητα,
3301 3723 3394 3776 καὶ
3423 3723 3504 3774 ὅτι
3535 3723 3723 3792 παρὼν

2153 3813 2221 3887 ἦν
2265 3820 2362 3871 καὶ
2393 3823 2504 3880 τοῖς
2531 3819 2663 3874 ἄνω.

2221 3911 2290 3983 η’.
2323 3914 2483 3979 Λέγει
2525 3916 2551 3965 6
2589 3911 2943 3981 Σαρακηνός·
2999 3909 3107 3964 Τοῦ
3155 3908 3396 3979 Χριστοῦ
3451 3925 3724 3977 περιτμη-

2155 4012 2360 4073 θέντος,
2393 4007 2508 4070 πῶς
2538 4007 2598 4060 οὐ
2659 4003 3080 4074 περιτέμνεσθε,
3133 4005 3224 4054 καὶ
3270 4000 3490 4054 λούεσθε
3539 4001 3597 4052 ὲν
3643 3997 3723 4066 τῷ

2157 4100 2344 4162 ὓδατι;
2387 4095 2568 4160 καθώς
2615 4111 2782 4164 φησιν
2837 4094 3062 4155 Ἡσαΐας
3089 4109 3104 4126 ·
3145 4094 3488 4152 Λούσασθε,
3545 4093 3724 4142 καθα-

2146 4191 2240 4258 ροὶ
2275 4191 2550 4258 γίνεσθε·
2612 4188 2704 4240 καὶ
2743 4187 2902 4254 ὑμεῖς
2933 4188 2989 4236 ὲν
3039 4187 3156 4246 ταῖς
3205 4182 3529 4249 ἐκκλησίαις
3573 4180 3725 4248 ὑμῶν

2153 4284 2382 4337 ἄπλυτοι
2429 4280 2760 4350 εἰσέρχεσθε.
2825 4277 2988 4342 Λέγει
3031 4276 3058 4325 ὁ
3113 4271 3412 4338 1-360-3pr-
3447 4271 3520 4320 Τὸ
3565 4285 3725 4336 περι-

2157 4373 2447 4442 τέμνεσθαι
2487 4372 2643 4440 ὲόόθη
2705 4370 2818 4430 τοῖς
2885 4365 3166 4425 Ἰουδαίοις
3227 4361 3316 4414 διὰ
3355 4361 3414 4412 ἐδ
3467 4362 3725 4430 παρεῖναι

2160 4466 2324 4536 μέσον
2355 4463 2464 4518 τῶν
2487 4463 2660 4516 ἐθνῶν
2683 4459 2928 4513 ἀπίστων
2979 4455 3076 4508 καὶ
3116 4451 3540 4520 είδωλολατρῶν,
3605 4451 3726 4504 θεο-

2155 4557 2390 4626 γνωσίας
2423 4557 2650 4624 σημεῖον
2677 4553 2770 4605 καὶ
2809 4552 2936 4620 μιᾶς
2973 4549 3234 4617 ποίμνης.
3279 4545 3351 4598 Τὸ
3375 4544 3432 4595 δὲ
3462 4545 3730 4598 Actiacas.

2167 4651 2389 4706 Ἡσαῖου
2423 4651 2750 4716 φάσκοντος,
2787 4643 2936 4706 ἅπαξ
2993 4639 3354 4709 ἐνομοθέτησε
3377 4678 3392 4701 ,
3437 4637 3720 4706 προλέγων

481 4737 672 4790 dicens
694 4778 706 4790 .
741 4739 860 4793 Non
893 4744 1036 4794 enim
1069 4743 1237 4807 dixit,
1283 4746 1558 4800 Lat'amini
1609 4752 1882 4816 quotidie,
1914 4724 2048 4818 sed,

2159 4745 2258 4812 τὴν
2298 4742 2458 4812 χάριν
2515 4737 2610 4791 τοῦ
2665 4737 2812 4789 θείου
2865 4735 3270 4804 βαπτίσματος·
3317 4731 3378 4782 οὐ
3429 4731 3536 4798 γὰρ
3603 4724 3723 4780 εἷπε

480 4827 765 4884 Lavamini
789 4835 976 4888 semel.
1003 4837 1137 4890 Nam
1174 4839 1488 4904 quotidiana
1513 4840 1642 4895 lotio
1667 4844 1724 4896 lit
1752 4844 1822 4896 ob
1847 4845 2055 4911 sordes,

483 4937 666 4989 neque
702 4933 808 4976 tam
863 4927 1210 4982 rationalium
1252 4931 1532 4986 hominum
1567 4949 1727 5002 quam
1767 4949 2056 5004 porcorum

481 5011 702 5079 propria
732 5022 851 5067 est.
895 5013 1106 5085 Quippe
1149 5019 1292 5074 Deus
1338 5021 1407 5075 ab
1451 5021 1769 5079 hominibus
1804 5040 1910 5078 non
1943 5025 2059 5078 exi-

479 5103 558 5170 git
612 5103 808 5158 cloacae
855 5109 1256 5175 purgationem,
1285 5113 1377 5166 sed
1436 5115 1700 5168 mundum
1751 5131 1866 5170 cor.
1923 5115 2059 5170 Dicit

481 5193 828 5250 Saracenos:
860 5197 970 5250 Cur
993 5217 1088 5254 vos
1133 5215 1348 5271 peccata
1378 5219 1558 5262 vestra
1607 5217 1822 5261 terreno
1849 5207 2054 5260 homini

483 5287 835 5354 confidentes,
905 5295 1112 5346 Veniam
1158 5297 1492 5364 petitis?Ait
1540 5300 1891 5369 Euthymius:
1927 5296 2066 5352 Deus

488 5378 678 5434 volens
705 5386 950 5437 omnium
983 5386 1235 5454 salutem,
1272 5390 1416 5446 haud
1467 5393 1591 5445 sivit
1622 5391 1900 5463 hominem
1941 5399 2064 5443 tur-

557 5519 578 5549 ⁵
611 5519 711 5572 lsa.
744 5536 782 5584 ι,
819 5523 907 5575 16.

559 5635 634 5705 (ι)
666 5633 798 5690 Nolo
827 5639 916 5692 hic
943 5639 1172 5692 reticere
1196 5641 1564 5694 testimoniqu
1593 5655 1688 5708 pro
1707 5637 2051 5708 confessione

487 5717 839 5777 peccatorum
901 5710 1170 5762 sacerdoti
1223 5711 1490 5772 iacienda,
1547 5707 1692 5777 quod
1742 5707 2053 5774 suppeditat

489 5775 648 5846 nobis
678 5775 1024 5846 Origencsin
1069 5778 1272 5832 inedita
1307 5780 1508 5832 Catena
1555 5775 1657 5834 ius.
1681 5783 1748 5832 ad
1804 5777 2052 5832 Salomo-

491 5850 574 5903 nis
603 5845 912 5902 Proverbia.
940 5845 1032 5902 Sic
1055 5849 1197 5902 enim
1235 5849 1304 5903 ibi
1323 5847 1586 5920 Origenes
1619 5848 1708 5904 :‘O
1736 5849 1802 5900 rit
1854 5850 2070 5900 ὲνςπει-

2161 4834 2396 4889 Λούεσθε
2450 4830 2569 4882 καθ’
2613 4828 2870 4896 ἑκάστην.
2925 4825 3060 4876 ἀλλὰ
3119 4822 3386 4875 Λούεσϐε
3443 4821 3621 4886 ἅπαξ·
3669 4819 3730 4870 τὸ

2163 4925 2270 4995 γὰρ
2317 4919 2574 4974 λούεσθαι
2619 4917 2742 4970 καθ’
2789 4916 3026 4978 ἑκάστην
3075 4912 3167 4964 καὶ
3220 4909 3494 4978 βορῦόρων
3561 4909 3728 4971 ἐστὶν,

2161 5019 2262 5070 οὐκ
2294 5011 2362 5084 ἦν
2391 5009 2622 5075 λογικῶν
2679 5005 2984 5074 ἀνθρώπων
3031 5003 3168 5056 6.1M.
3220 5002 3445 5070 χοίρων·
3501 4999 3562 5053 οὺ
3622 5000 3730 5068 γὰρ

2163 5107 2388 5159 άπαιτεῖ
2412 5107 2439 5156 6
2465 5103 2595 5162 Θεὸς
2629 5097 2934 5165 ἀνθρώπων
2967 5095 3234 5164 κάθαρσιν
3257 5094 3566 5162 ἀφεδρῶνος
3595 5092 3734 5144 ἀλλὰ

2166 5196 2393 5263 καρδίαν
2443 5189 2707 5259 καθαράν.
2757 5187 2919 5252 Λέγει
2952 5186 2980 5238 6
3016 5185 3360 5253 Σαρακηνός·
3419 5185 3528 5236 Καὶ
3579 5183 3734 5251 ὑμεῖς

2165 5290 2256 5343 διὰ
2283 5287 2359 5352 τί,
2386 5283 2484 5345 τὰς
2511 5279 2786 5349 ἁμαρτίας
2819 5278 2974 5346 ὑμῶν
3009 5277 3090 5338 εἰς
3125 5277 3308 5343 χοῖκῖιν
3338 5274 3620 5344 ἄνθρωπον
3649 5273 3738 5337 ἐξ·

2169 5375 2594 5450 ομολογοὺμενοι
2653 5369 2756 5440 (4),
2785 5368 3024 5422 αἰτεῖσθε
3082 5369 3468 5437 ceperimus;
3518 5367 3663 5434 Ἔφη
3709 5365 3736 5417 ὁ

2165 5635 2372 5704 ρὸμενα
2405 5635 2464 5686 ὲν
2497 5637 2562 5702 τῇ
2606 5633 2807 5704 καρδίᾳ
2839 5631 3004 5685 αὐτοῦ
3054 5629 3156 5704 ὑττὸ
3183 5629 3290 5704 τοῦ*
3305 5624 3544 5704 πονηροῦ
3567 5625 3739 5704 ’κοῖα

2165 5693 2245 5774 μὴ·
2275 5693 2612 5774 samem”
2639 5693 2793 5774 uixi;
2831 5705 3024 5771 Κυρίῳ
3060 5701 3137 5768 τῷ
3184 5699 3322 5774 Θεῷ.
3363 5693 3738 5774 honoratam

2175 5767 2529 5848 ‘A'DJBPQDQ,
2547 5773 2648 5848 οῦκ
2675 5767 3070 5848 εὐοδωθῆσεται
3094 5767 3159 5848 ,ἐν
3187 5767 3418 5848 vii-xerit
3440 5767 3531 5848 τοῦ
3565 5781 3738 5848 πονη-

2181 5843 2274 5916 ροῦ
2307 5833 2612 5916 νίκῃ·’ριιὶ
2649 5851 2766 5897 sata
2803 5845 2856 5897 in
2879 5833 3032 5896 corde
3057 5841 3168 5910 ejus
3224 5833 3287 5892 ob
3334 5835 3567 5906 improbo
3623 5833 3711 5886 εἶξα
