4068 6264
337 381 402 441 Ξῖ)
1524 396 1984 461 DISPUTATIO
2018 398 2113 461 DE
2154 402 2362 461 FlDE.
3489 404 3560 466 30

337 494 597 564 Εὑθύμιος
623 509 638 524 ⁶
681 495 809 559 θεὸς
840 497 948 567 γὰρ
975 501 1003 552 6
1049 499 1220 556 θέλων
1245 501 1352 555 τῶν
1384 504 1598 558 πάντων
1627 524 1728 575 την
1776 525 1884 560 σω·
1912 512 1943 570 Α

1991 511 2145 578 pibus
2179 512 2436 567 delectari
2482 512 2903 583 cogitationibus
2925 551 2939 576 ,
2990 512 3311 582 actibusque
3337 551 3352 577 ,
3383 519 3438 567 et
3468 511 3568 566 Sac

327 588 511 656 τηρίαν
570 588 672 642 οὒκ
702 589 850 642 εἴασε
899 591 989 642 τὸν
1023 592 1307 660 ἄνθρωπον
1353 596 1724 664 ὲμπαίξεσθαι
1765 603 1881 662 τοῖς

1988 603 2182 656 tanicis
2212 604 2469 672 operibus
2498 646 2511 667 ,
2549 605 2643 658 sed
2681 614 2943 674 prompte
2994 605 3359 660 confessionis
3402 617 3568 658 occat

327 680 560 748 αἰσχροῖς
587 681 872 760 loricae};
924 686 1020 736 καὶ
1063 686 1294 754 πράξεσι
1343 689 1436 740 καὶ
1487 692 1606 751 ταῖς
1661 691 1883 744 Σατανι-

1986 696 2140 750 sione
2179 696 2390 756 oblata,
2435 696 2643 750 ruinam
2705 697 2966 752 cohibere
2995 697 3242 760 curavit,
3275 705 3330 750 et
3362 713 3392 750 a
3419 696 3561 750 malo

327 775 440 832 καίς
469 773 770 842 ἐργασίαις,
795 752 936 828 Em
967 775 1056 829 διὰ
1084 752 1185 846 τῆς
1215 780 1502 850 παρούσης
1551 782 1882 851 ὲξομολογήι

1985 788 2397 839 conversionem
2435 787 2632 841 facere.
2689 787 2827 841 Dicit
2858 785 3162 841 Saracenus
3195 805 3210 842 :
3241 786 3352 839 Cui-
3375 786 3560 838 ohitus

327 879 451 924 σεως
480 865 708 917 κτᾶσθαι
736 868 831 919 κιιι)⁵
864 869 1257 924 συστέλλεσθαι
1295 873 1390 924 καὶ
1438 873 1613 948 ποιεῖν
1666 873 1882 944 ἀποχὴν

1987 884 2230 944 tempore
2265 880 2764 941 communicantes,
2803 879 2987 934 dicitis
3028 895 3122 933 vos
3176 878 3407 948 paradisi
3445 876 3559 931 ﬁeri

321 953 408 1006 τοῦ
441 955 629 1007 κακοῦ.
682 957 843 1020 Λέγει
877 959 905 1010 6
949 960 1274 1030 Σαρακηνός
1301 978 1314 992 ·
1357 961 1457 1013 Διὰ
1509 944 1560 1014 τί
1612 963 1671 1014 ὲν
1703 963 1882 1034 καιρῷ

1985 966 2325 1036 participes?
2379 969 2469 1024 Ait
2518 969 2873 1040 Euthymius:
2946 969 3118 1024 Nemo
3177 944 3360 1038 potest
3418 969 3559 1038 regis

321 1046 406 1098 τοῦ
441 1045 672 1100 θανάτου
725 1050 1243 1119 μεταλαμϐάνοντες
1303 1051 1489 1121 λέγετε
1527 1055 1608 1106 ὅτι
1650 1052 1878 1123 Μέτοχοί

1983 1055 2204 1110 domum
2239 1059 2444 1128 ingredi
2471 1099 2484 1121 ,
2517 1067 2574 1114 et
2604 1060 2714 1126 regi
2745 1059 2987 1113 assidere
3013 1074 3135 1112 cum
3167 1073 3339 1126 eoque
3372 1057 3559 1126 epula-

325 1139 478 1205 ἐσμεν
532 1139 628 1190 τοῦ
681 1142 1049 1210 παραδείσου;
1113 1143 1261 1211 Ἔφη
1321 1145 1348 1195 6
1408 1143 1716 1212 Εὑθύμιος·
1770 1144 1876 1195 06-

1980 1147 2061 1210 ri,
2096 1149 2200 1204 nisi
2245 1159 2444 1204 vestem
2491 1151 2691 1220 regiam
2759 1151 3080 1221 gestaverit,
3133 1150 3355 1218 ejusque
3398 1146 3557 1202 fami-

317 1228 414 1290 δείς
461 1230 681 1283 δύναται
721 1233 982 1286 εἰσελθεῖν
1030 1235 1088 1287 ὲν
1145 1238 1210 1303 τῇ
1259 1235 1404 1306 οἰκίᾳ
1449 1234 1542 1288 τοῦ
1600 1235 1870 1304 βασιλέως

1985 1238 2140 1294 liaris
2182 1242 2270 1296 sit.
2331 1242 2615 1295 Hominem
2674 1242 2873 1310 quippe
2935 1240 3213 1302 alienum,
3290 1254 3402 1293 non
3459 1253 3555 1292 rex

317 1321 400 1371 καὶ
431 1320 504 1388 τῷ
546 1321 762 1388 βασιλεί
822 1341 886 1375 συ
903 1323 1266 1395 γκαθευδῆσαι
1322 1325 1416 1378 καὶ
1463 1325 1866 1392 συνεστιᾶσθαι,

1685 1325 1866 1392 ἄσθαι,
1971 1331 2167 1393 solum,
2207 1348 2395 1387 verum
2430 1335 2592 1387 etiam
2625 1332 2807 1387 [annuli
2841 1331 2960 1402 ejus
2993 1331 3291 1400 expellunt.

317 1410 459 1479 εἱομὴ
493 1413 590 1479 τὴν
619 1412 832 1482 ἐσθῆτα
882 1415 976 1468 τοῦ
1009 1415 1274 1484 βασιλέως
1316 1417 1498 1487 φορῶν
1550 1417 1644 1471 καὶ
1667 1418 1865 1480 οἰκεῖος
1895 1417 2060 1472 αὐτοῦ
2096 1417 2200 1491 ἦν’
2261 1423 2352 1476 τὸν
2379 1423 2486 1495 γὰρ
2536 1423 2818 1494 ἀλλότριον
2853 1421 2925 1493 μὴ
2975 1421 3136 1492 μόνον
3192 1422 3218 1473 6
3273 1415 3557 1489 βασιλεὺς.

318 1502 438 1555 ἀλλὰ
467 1503 556 1554 καὶ
589 1505 637 1556 οἱ
677 1504 845 1557 αὐτοῦ
876 1505 1054 1559 δοῦλοι
1082 1506 1274 1560 τοῦτον
1306 1507 1726 1566 ἀποδιώκουσιν.

382 1593 437 1648 θ’.
469 1597 630 1664 Λέγει
669 1599 696 1650 6
731 1597 1084 1668 Σαρακηνός·
1139 1601 1236 1663 Τίς
1292 1603 1442 1654 ἔστιν
1495 1604 1523 1656 6
1584 1609 1878 1677 μαρτυρῶν

2053 1608 2087 1664 9
2111 1646 2123 1661 .
2162 1607 2300 1662 Dicit
2338 1605 2676 1660 Saracenus:
2738 1605 2912 1672 Quem
2945 1603 3157 1658 habetis
3196 1609 3387 1658 testem
3415 1599 3557 1669 quod

318 1689 386 1739 ὅτι
419 1689 444 1738 6
471 1688 599 1750 Θεὸς
639 1689 970 1760 ἐσαρκώθης
997 1693 1091 1744 καὶ
1137 1691 1231 1762 δι’,
1253 1693 1442 1764 ἥντινα
1475 1695 1692 1764 αὶτίαν;
1730 1700 1875 1768 Ἔφη

1985 1698 2126 1753 Deus
2171 1699 2240 1752 sit
2277 1699 2616 1764 incarnatus,
2651 1707 2705 1752 et
2729 1713 2890 1767 quam
2958 1698 3028 1750 ob
3054 1710 3273 1750 causam
3309 1695 3332 1747 ?
3362 1693 3555 1747 Testes

314 1780 336 1829 6
367 1777 624 1847 Εὑθύμιος
652 1796 667 1812 ο
706 1780 995 1833 Ἔστωσαν
1021 1783 1150 1852 παρ’
1179 1784 1336 1852 ἡμῶν
1364 1784 1426 1845 ἒξ
1458 1786 1739 1859 μάρτυρες
1783 1789 1868 1841 δε·
1905 1773 1920 1827 Ι

2005 1791 2078 1845 ide
2122 1790 2270 1861 digni
2330 1804 2422 1843 sex
2492 1789 2649 1844 nobis
2711 1797 2860 1852 sunt,
2928 1788 3303 1848 Abrahamus,
3368 1784 3556 1850 David,
3609 1827 3611 1830 .

315 1871 436 1936 acroi,
463 1871 489 1922 ὅ
515 1887 573 1922 τε
612 1870 894 1940 Ἀϐραὰμ,
926 1872 1108 1935 Δαυῒδ,
1155 1876 1404 1940 Ἠσ;ἲ;ς,
1452 1879 1739 1948 Ἱερεμίας.
1771 1883 1876 1932 Δα-

1975 1882 2174 1944 lsaias,
2235 1879 2537 1948 Jeremias,
2589 1881 2815 1945 Daniel,
2862 1879 3151 1932 Ezechiel.
3208 1877 3344 1930 Dicit
3392 1875 3555 1929 Sara-

312 1961 435 2029 νιὴλ,
504 1961 794 2032 Ἰεζεκιήλ⁸
849 1965 1012 2030 Λέγει
1064 1967 1090 2018 6
1141 1967 1490 2037 Σαρακηνός·
1547 1972 1653 2024 Καὶ
1731 1973 1874 2025 πάνυ

1973 1987 2176 2027 cenus:
2225 1972 2315 2026 lsti
2336 1982 2482 2026 certe
2507 1972 2710 2040 egregii
2742 1979 2867 2025 sunt
2903 1976 3065 2024 testes
3097 1983 3160 2020 ac
3187 1967 3466 2036 prophetae
3487 1966 3553 2020 δ’.

315 2052 569 2119 μάρτυρες
614 2053 714 2106 καὶ
761 2056 1060 2122 προφῆται.
1122 2059 1272 2125 Ἔφη
1328 2062 1356 2112 6
1410 2061 1682 2132 Εὐθύμιος
1718 2080 1733 2094 ·
1769 2063 1875 2116 Τοῦ

1975 2062 2067 2116 Ait
2107 2062 2476 2132 Euthymius:
2536 2059 2677 2115 Deus
2739 2061 3045 2113 Ahrahamo
3098 2057 3272 2110 dixit:
3309 2055 3553 2108 Statuam

311 2143 435 2195 Θεοῦ
466 2147 594 2215 πρὸς
638 2146 892 2216 Ἀϐραὰμ
949 2149 1194 2213 εἰπόντος
1244 2166 1258 2181 ο
1290 2152 1502 2220 Στήσω
1525 2154 1640 2221 τὴν
1669 2153 1872 2222 διαθή-

1974 2163 2182 2223 pactum
2239 2171 2410 2208 meum
2462 2155 2598 2207 inter
2633 2171 2714 2206 me
2760 2162 2806 2206 et
2834 2168 3005 2204 semen
3058 2161 3201 2202 tamn
3232 2151 3274 2200 ‘.
3343 2145 3555 2199 Videsis

311 2253 416 2302 κην
431 2256 544 2305 μου
564 2239 688 2293 ἀνὰ
711 2239 910 2308 μέσον
933 2242 1082 2310 ἐμοῦ
1111 2242 1211 2295 καὶ
1240 2243 1346 2296 τοῦ
1370 2244 1713 2314 σπέρματός
1734 2262 1872 2301 σοιν

1975 2247 2244 2302 sermonis
2283 2248 2432 2312 vim;
2477 2262 2601 2300 nam
2678 2257 2902 2315 pactum
2932 2283 2946 2306 ,
2993 2241 3258 2294 tremendi
3319 2236 3557 2307 mystcrii

315 2329 406 2398 ὅρα
434 2331 670 2400 δύναμιν
700 2332 862 2399 λόγου
889 2349 905 2363 ·
964 2335 996 2402 ἡ
1030 2335 1139 2404 γὰρ
1177 2335 1410 2406 διαθήκη
1447 2344 1751 2410 μυστηρίου
1782 2357 1878 2409 φο-

1974 2339 2234 2392 exhibitio
2262 2337 2381 2391 fuit.
2407 2337 2571 2391 David
2596 2337 2722 2391 item
2749 2336 2822 2388 ait
2853 2349 2867 2385 :
2899 2333 3035 2386 Dens
3065 2331 3338 2400 manifeste
3365 2330 3556 2390 veniet;

311 2419 455 2489 σεροῦ
480 2417 544 2492 ἦν
570 2422 837 2485 ὑπόθεσις
861 2440 876 2454 ο
911 2427 1005 2478 καὶ
1038 2427 1066 2478 6
1096 2428 1260 2480 Δαυΐδ
1311 2444 1325 2459 ο
1382 2430 1446 2483 '0
1481 2430 1628 2496 Θεὸς
1689 2433 1874 2501 ἐμφα-

1973 2431 2256 2485 inclinavit
2290 2430 2442 2484 ccelos
2469 2441 2518 2483 et
2565 2428 2824 2482 descendit
2858 2427 2900 2479 '.
2935 2425 3071 2480 Tum
3099 2422 3366 2476 Jeremias
3402 2437 3416 2473 :
3455 2419 3557 2472 llic

306 2509 415 2575 νὼς
461 2513 636 2578 ἣξει·
689 2515 784 2566 καὶ
811 2515 1058 2570 ἔκλινεν
1107 2519 1402 2586 οὐρανοὺς
1454 2522 1552 2574 καὶ
1595 2523 1808 2590 κατέϐη
1855 2519 1892 2556 ·’

1976 2524 2112 2577 Deus
2162 2531 2334 2577 noster
2363 2533 2481 2586 est;
2535 2537 2636 2575 non
2687 2518 3015 2588 reputabitur
3061 2516 3198 2568 alius
3253 2529 3362 2579 prw
3414 2514 3552 2581 ipso.

307 2604 439 2656 καὶὸ
478 2604 793 2674 ἰερεμὶας’
839 2602 1028 2672 Οὗτος
1062 2609 1094 2661 ὀ
1154 2610 1298 2676 Θεὸς
1362 2610 1549 2680 ἡμῶν,
1591 2615 1665 2666 οὐ
1713 2616 1877 2683 λογι-

1976 2614 2100 2668 Post
2139 2617 2250 2669 [nec
2278 2617 2331 2667 in
2362 2615 2513 2668 terris
2562 2615 2700 2666 visus
2733 2620 2829 2673 est,
2861 2619 2909 2664 et
2937 2625 3050 2662 cum
3097 2606 3386 2660 hominibus
3435 2619 3557 2655 con-

306 2695 590 2761 σθήσεται
618 2695 822 2763 ἕτερος
852 2699 992 2766 πρὸς
1061 2701 1266 2756 αὐτόν.
1328 2703 1490 2756 Μετὰ
1537 2704 1724 2757 ταῦτα
1774 2703 1874 2757 ἐπὶ

1973 2718 2206 2762 versatus
2239 2718 2310 2761 est
2336 2708 2376 2760 ⁸.
2425 2707 2489 2761 Et
2523 2721 2715 2760 rursus
2743 2724 2756 2760 :
2790 2703 2934 2757 Tunc
2970 2702 3054 2770 ﬁet
3097 2698 3352 2770 generalis
3380 2694 3554 2756 salus,

307 2779 405 2846 τὴς
452 2781 563 2850 γῆς
626 2784 817 2852 ὤφθη,
886 2787 984 2839 καὶ
1035 2788 1159 2853 τοῖς
1230 2791 1564 2858 ἀνθρώποις
1648 2809 1875 2847 συναν-

1973 2814 2091 2851 cum
2111 2800 2253 2868 virgo
2281 2799 2468 2867 pariet,
2497 2805 2544 2851 et
2572 2812 2746 2849 omnes
2772 2805 2947 2865 gentes
2973 2793 3170 2862 lignum
3193 2787 3491 2842 adorabunt
3511 2786 3552 2833 ⁹.

307 2875 563 2942 τετράφη
588 2890 601 2904 ·
641 2875 736 2926 καὶ
784 2875 945 2928 πάλιν
970 2893 983 2907 ·
1030 2878 1167 2932 Τότε
1202 2881 1513 2949 γενήσεται
1545 2882 1616 2935 τὰ
1643 2884 1871 2950 παγκά-

1972 2889 2103 2944 Item
2138 2889 2296 2943 Isaias
2328 2906 2340 2941 :
2377 2886 2508 2940 Ecce
2539 2888 2682 2954 virgo
2722 2887 2776 2939 in
2802 2894 2947 2936 utero
2999 2882 3222 2939 habebit.
3284 2889 3330 2932 et
3373 2876 3545 2947 pariet

307 2977 438 3028 σμιιι
495 2964 789 3031 σωτήρια,
847 2966 994 3020 ὅταν
1058 2969 1355 3036 παρθένος
1405 2973 1721 3040 γεννήσει·
1770 2976 1870 3027 καὶ

1971 2983 2157 3051 ﬁlium.
2193 2991 2240 3033 et
2283 2982 2552 3034 vocabitur
2591 2995 2773 3032 nomen
2805 2979 2918 3043 eius
2974 2971 3310 3036 Emmanuel,
3348 2971 3400 3023 id
3451 2976 3554 3030 est,

306 3053 486 3109 πάντα
521 3061 602 3110 τὰ
657 3057 804 3124 ἔθνη
846 3059 1040 3121 ξύλον
1095 3062 1644 3129 προσκυνήσουσι·
1700 3065 1795 3118 καὶ
1841 3068 1912 3139 ὁ(

1975 3074 2264 3128 Nobiscum
2300 3072 2436 3125 Deus
2471 3074 2534 3126 ¹⁰.
2575 3070 2825 3123 Ezechiel
2865 3083 3080 3137 quoque
3107 3066 3308 3119 Christi
3360 3062 3559 3115 nativi-

317 3145 532 3213 'llsatzt;
580 3165 595 3179 ο
662 3149 819 3204 Ἰδοὺ
876 3151 915 3218 ἡ
965 3155 1259 3220 παρθένος
1325 3155 1394 3208 ἐν
1424 3157 1637 3225 γαστρὶ
1683 3157 1874 3225 ,λήψε-

1980 3177 2144 3221 tatem
2231 3165 2548 3233 praedicens,
2630 3163 2699 3216 de
2751 3160 2966 3226 Virgine
3038 3158 3204 3210 Maria
3291 3157 3551 3214 loturam,

310 3257 413 3304 ται,
467 3243 576 3296 καὶ
626 3242 784 3307 τέξει
839 3245 995 3303 υἱὸν.
1051 3247 1147 3299 καὶ
1203 3247 1526 3300 καλέσετιιι
1567 3253 1634 3302 τὸ
1688 3249 1876 3320 ὄνομα

1977 3261 2156 3314 aiebat
2197 3276 2210 3312 :
2249 3258 2369 3311 Hcce
2405 3265 2556 3324 porta
2591 3254 2774 3307 clausa
2816 3253 2934 3310 erit,
2993 3265 3082 3302 nec
3138 3250 3415 3318 quisquam
3465 3261 3559 3312 per

305 3335 474 3388 αὑτοῦ
516 3337 928 3404 Ἐμμανουήλ,
962 3338 993 3389 ὅ
1039 3339 1169 3392 ἐστι
1215 3340 1354 3394 Μεθ’
1406 3339 1574 3408 ἡμῶν
1621 3345 1652 3395 ὁ
1706 3343 1871 3407 Θεός.

1977 3368 2091 3404 eam
2119 3349 2381 3411 transibit,
2416 3348 2518 3400 nisi
2544 3346 2679 3398 Deus
2709 3343 2930 3398 Israelis
2949 3343 3009 3395 ¹¹.
3031 3340 3170 3408 Quid
3201 3340 3292 3393 tibi
3310 3337 3558 3391 videtur?

305 3423 402 3476 Καὶ
426 3427 453 3477 6
495 3424 761 3492 Ἰεζεκιὴλ
789 3427 1076 3496 προλέγων
1104 3429 1199 3481 τοῦ
1252 3431 1488 3500 Χριστοῦ
1527 3432 1627 3500 τὴν
1683 3431 1874 3501 γέννη-

1977 3441 2364 3511 prophetarum
2398 3453 2680 3493 sermones
2716 3450 2959 3500 veraces,
2983 3449 3050 3486 ne
3082 3441 3227 3491 sunt.
3261 3446 3326 3483 an
3357 3427 3559 3483 secus?

308 3530 382 3566 σιν
407 3518 505 3585 τὴν
533 3517 602 3569 ἐκ
658 3517 755 3585 τῆς
785 3519 1000 3587 Μαρίας
1049 3523 1446 3590 γενησομένην,
1483 3521 1669 3590 ἔλεγεν
1731 3537 1748 3554 ⁶
1808 3523 1877 3577 Ἠ

1974 3531 2104 3593 Quis
2129 3530 2268 3583 enim
2299 3540 2492 3600 prmter
2514 3528 2680 3580 Deum
2695 3528 2896 3594 absque
2914 3525 3122 3578 semine
3155 3521 3302 3575 nasci
3335 3518 3510 3588 potuit
3533 3516 3555 3570 'l

303 3610 451 3675 πύλη
477 3609 638 3675 αὕτη
669 3611 1070 3679 κεκλασμένη
1103 3612 1296 3678 ἔσται,
1330 3614 1430 3667 καὶ
1452 3614 1653 3680 οὐδεὶς
1685 3617 1756 3669 οὐ
1784 3615 1870 3683 μὴ

1981 3621 2120 3674 Dicit
2167 3621 2516 3674 Saracenus:
2584 3618 2770 3670 Recita
2820 3614 2954 3669 mihi
3002 3611 3411 3666 similitudinem
3460 3608 3559 3660 ali-

304 3698 518 3754 διέλθοι
565 3700 638 3752 δι’
669 3701 860 3769 αὐτῆς
883 3704 936 3754 εὶ
960 3702 1044 3770 μὴ
1090 3706 1122 3756 ό
1155 3707 1300 3770 Θεὸς
1369 3706 1634 3774 Ἰσραήλ.
1687 3707 1753 3760 Τί
1789 3725 1870 3761 σοι

1982 3727 2142 3781 quam
2173 3709 2392 3764 deitatis
2447 3718 2501 3762 et
2550 3707 2931 3766 humanitatis,
2965 3713 3025 3757 ut
3057 3718 3172 3756 rem
3237 3700 3553 3769 intelligam.

302 3787 470 3855 δοκεῖς
514 3786 924 3859 ἀληθινοίεξσιν
955 3794 1177 3860 οξ·λόγοι
1218 3795 1328 3848 τῶν
1364 3799 1660 3868 προφητῶν
1699 3799 1857 3868 ἠοῦς

1972 3803 2062 3858 Ait
2091 3803 2413 3870 Euthymius
2453 3821 2465 3850 :
2502 3797 2777 3866 Margariti
2835 3807 3034 3848 natura
3101 3793 3374 3847 undenam
3423 3806 3558 3845 con-

311 3880 420 3944 Πῶς
447 3882 564 3934 ἔδει
590 3882 661 3952 [εἰ
684 3882 782 3954 μὴ]
807 3884 898 3935 τὸν
929 3883 1064 3937 Θεὸν
1091 3887 1219 3939 ἀνευ
1249 3890 1458 3953 σπορᾶς
1488 3887 1807 3959 [γεννᾶσθαι
1829 3890 1870 3960 ;]

1971 3896 2102 3949 stat?
2121 3894 2257 3946 Dicit
2289 3890 2598 3945 Saracenus
2632 3908 2644 3942 :
2677 3888 2747 3941 Ex
2781 3887 3010 3956 fulgore,
3041 3886 3154 3939 sole
3211 3894 3265 3938 et
3293 3883 3551 3937 ostracio.

309 3973 459 4039 Λέγει
490 3975 516 4026 6
548 3974 871 4046 Σαρακηνός
891 3991 905 4005 ·
946 3977 1077 4030 Εἰπὲ
1109 3981 1241 4048 ἡμῖν
1275 3980 1529 4046 ὁμοίωμα
1560 3984 1657 4049 τῆς
1687 3982 1874 4051 θεότη-

1974 3985 2112 4039 Dicit
2139 3983 2506 4052 Euthymius:
2543 3981 2788 4034 Mutatur
2821 3995 2890 4032 ne
2931 3977 3108 4045 lulgor
3167 3976 3404 4029 ostracio
3463 3987 3557 4025 co-

306 4079 386 4127 τος
413 4066 638 4135 καὶτῆς
669 4066 1114 4138 ἀνθρωπότητος,
1167 4072 1317 4132 ὅπως
1369 4069 1651 4141 γνώσομαι
1689 4073 1866 4128 τοῦτο.

1970 4079 2187 4148 pulatus
2213 4075 2237 4129 ?
2262 4073 2404 4127 Dixit
2452 4070 2759 4126 Saracenus
2811 4087 2825 4122 :
2866 4066 3239 4135 Nequaquam.
3273 4062 3412 4116 Dicit
3449 4059 3557 4112 Eu-

310 4158 444 4227 Ἐφη
478 4161 508 4211 6
531 4159 811 4229 Εὐθύμιος
836 4180 851 4192 ·
887 4162 1053 4224 Φύσις
1082 4163 1178 4216 τοῦ
1237 4164 1524 4234 μαργάρου
1565 4165 1732 4218 πόθεν
1758 4162 1866 4238 ἦν;

1974 4168 2229 4239 thymius:
2259 4167 2411 4220 Sicut
2434 4165 2609 4232 fulgor
2627 4160 2843 4216 ostracii
2861 4165 3131 4228 penetrat,
3147 4164 3201 4208 et
3217 4154 3333 4208 sine
3349 4167 3450 4205 con
3467 4150 3553 4203 lu-

307 4248 460 4316 Λέγει
497 4252 526 4302 6
563 4252 920 4323 Σαρακηνός⁶
977 4255 1065 4322 Ἐξ
1106 4257 1394 4326 ἀστραπῆς
1428 4257 1524 4310 καὶ
1576 4259 1728 4328 ἡλίου
1777 4262 1870 4313 καὶ

1971 4259 2474 4319 sioneincarnatur,
2500 4257 2665 4325 ﬁtque
2713 4251 3094 4322 margaritum;
3145 4255 3198 4301 et
3253 4243 3554 4298 claritatem

303 4339 590 4413 ὀστράκου.
647 4346 841 4415 Ἐιρηό
905 4346 1215 4417 Εὖθύμιος·
1281 4350 1391 4402 Καὶ
1466 4351 1772 4404 ἀλλοιοῦται
1835 4355 1868 4424 ὴ

1979 4351 2203 4421 quidem
2225 4350 2461 4403 dicimus
2477 4363 2599 4401 esse
2617 4355 2865 4400 naturam
2886 4341 3111 4413 fulgoris
3134 4357 3147 4403 ;
3165 4348 3218 4394 et
3244 4337 3561 4408 qualitatem

306 4435 552 4503 ἀστραπὴ
606 4439 872 4491 ὲνωθείσα
939 4438 1014 4506 τῷ
1070 4439 1360 4509 όστράκῳς
1397 4442 1561 4508 Λέγει
1611 4447 1639 4495 6
1689 4423 1912 4513 Σσιραέ1

1977 4443 2295 4515 palpabilem
2318 4443 2549 4496 dicimus
2568 4449 2816 4494 naturam
2849 4438 3029 4492 carnis
3042 4431 3285 4496 os-tracii;
3306 4429 3560 4484 sieetiam

311 4525 487 4588 κηνός⁹
515 4527 673 4596 Ούχί.
712 4527 858 4596 Ἔφη
888 4529 916 4579 6
947 4527 1219 4597 Εύθύμιος
1243 4545 1259 4560 ·
1301 4530 1514 4600 Ὠσπερ
1546 4533 1578 4601 ἡ
1609 4533 1869 4605 ἀστραπὴ

1976 4552 2038 4591 ex
2053 4537 2234 4591 divina
2250 4544 2443 4589 natura
2464 4533 2745 4587 incarnata
2767 4533 2941 4585 lactus
2959 4537 3044 4582 est
3065 4529 3206 4580 Deus
3223 4534 3276 4578 et
3303 4523 3489 4575 homo.

305 4615 604 4684 εἰσέρχεται
682 4619 764 4680 εις
844 4621 907 4670 τὸ
989 4620 1297 4690 ὄστρακον,
1388 4623 1483 4676 καὶ
1573 4625 1871 4693 σαρκοῦται
1935 4629 2273 4699 ἀσυγχύτως,
2339 4627 2437 4680 καὶ
2489 4625 2699 4692 γίνεται
2766 4623 3084 4692 μάργαρος⁶
3139 4618 3234 4669 καὶ
3297 4615 3395 4684 τὴν
3463 4613 3570 4683 μὲν

305 4704 658 4779 λαμπρότητα
713 4709 951 4778 λέγομεν
981 4708 1124 4765 εἴναι
1204 4715 1305 4784 τὴν
1358 4716 1523 4783 φύσιν
1576 4717 1679 4784 τῆς
1726 4720 2040 4790 ἀστραπῆς·
2102 4722 2198 4776 καὶ
2250 4720 2311 4772 τὸ
2367 4717 2689 4788 ψηλαφητδν
2758 4715 2992 4781 λέγομεν
3047 4706 3187 4763 εἶναι
3244 4706 3345 4777 τὴν
3400 4703 3569 4774 φύσιν·

302 4795 393 4862 τῆς
421 4799 626 4867 σαρκὸς
664 4799 761 4852 τοῦ
788 4800 1062 4868 ὀστράκου
1091 4817 1106 4830 ο
1137 4801 1286 4854 οὕτω
1333 4806 1430 4856 καὶ
1478 4807 1512 4874 ὴ
1549 4805 1671 4860 θεία
1709 4808 1869 4876 φύσις
1894 4811 2237 4881 σαρκωθείσα
2266 4809 2460 4876 γέγονε
2492 4807 2628 4871 Θεὸς
2659 4806 2749 4858 καὶ
2781 4804 3089 4873 ἄνθρωπος.

366 4897 416 4945 ι’.
455 4893 620 4958 Λέγει
642 4892 670 4942 6
701 4892 1010 4961 Σαρακηνός
1035 4907 1051 4922 ·
1082 4893 1142 4946 El
1168 4892 1340 4956 οὕτως
1371 4894 1504 4965 ἔχει,
1535 4897 1654 4962 πῶς
1681 4899 1866 4966 λέγετε

2046 4901 2130 4956 10.
2166 4900 2304 4954 Dicit
2345 4899 2696 4954 Saracenus:
2757 4895 2813 4949 Si
2857 4909 2942 4950 res
3003 4894 3076 4947 ita
3098 4907 3156 4946 se
3233 4889 3414 4950 habet,
3465 4900 3563 4942 cur

303 4981 375 5034 ἰτι
398 4984 628 5051 Χριστὸς
655 4983 684 5034 6
711 4983 884 5048 Λόγος
913 4983 1008 5036 τοῦ
1030 4983 1164 5038 Θεοῦ
1189 4986 1507 5056 ἐσταυρώθη
1541 4990 1633 5042 καὶ
1664 4990 1872 5042 ἀπέθα-

1976 4993 2156 5046 dicitis
2205 4991 2482 5046 Christum
2527 4989 2764 5044 Verbum
2813 4987 2903 5038 Dei
2955 4984 3269 5040 crucifixum
3315 4995 3378 5033 ac
3415 4993 3561 5031 mor-

305 5089 416 5139 vav;
445 5074 591 5142 Ἔφη
613 5074 643 5126 6
669 5074 939 5145 Εὖθύμιος
959 5091 974 5106 ·
998 5075 1096 5145 Μὴ
1127 5075 1335 5143 γένοιτο
1357 5078 1436 5130 ὅτι
1461 5080 1622 5147 ἡμεῖς
1645 5074 1872 5150 λέγομεν

1983 5083 2162 5140 tuum?
2185 5083 2273 5136 Ait
2299 5082 2620 5153 Euthymius
2644 5099 2655 5132 :
2683 5079 2834 5133 Absit
2852 5087 2911 5131 ut
2933 5093 3033 5131 nos
3051 5076 3296 5129 dicamus
3322 5069 3565 5122 Verbum

306 5168 423 5233 περὶ
444 5165 539 5218 τοῦ
566 5167 741 5234 Λόγου
769 5168 867 5220 τοῦ
898 5167 1036 5220 Θεοῦ
1069 5171 1150 5221 ὃτι
1185 5168 1504 5240 ἐσταυρώθη
1537 5173 1630 5224 καὶ
1664 5175 1873 5227 ἀπέθα-

1987 5175 2078 5228 Dei
2106 5174 2428 5228 cruciﬁxum
2457 5167 2520 5228 ac
2551 5183 2845 5226 mortuum.
2869 5169 3004 5223 Audi
3035 5162 3466 5220 similitudinem.
3496 5158 3566 5212 Si.

303 5273 401 5310 νεν.
459 5258 599 5311 ⁸Δλλ’
638 5259 777 5312 εἴπω
824 5259 910 5312 σοι
951 5275 1004 5311 τι
1053 5261 1476 5329 ὀμοίωμαοΤὸν
1524 5265 1873 5335 μαργαρίτην

1982 5267 2199 5336 quando
2253 5267 2602 5338 margaritum
2662 5264 2973 5325 terebrant,
3039 5270 3286 5327 quamam
3351 5261 3553 5305 natura

303 5347 419 5402 ὅταν
490 5352 653 5405 αὑτὸν
722 5353 999 5422 τρυπῶσι,
1057 5353 1186 5405 ποία
1248 5351 1411 5421 φύσις
1470 5354 1706 5424 πάσχεις
1771 5358 1873 5427 τῆς

1983 5358 2546 5430 patitur?l'ulgorisne
2593 5373 2663 5410 an
2696 5353 2913 5410 ostracii
2943 5353 2966 5403 Τ
3005 5349 3143 5401 Dicit
3195 5346 3498 5398 Saracenus
3535 5359 3562 5397 ι

365 5527 509 5598 "Cl.
547 5527 677 5583 Sur.
709 5546 784 5592 ιν,
817 5529 967 5591 162ς
1000 5544 1054 5590 v,
1095 5527 1180 5582 85.
1216 5542 1298 5595 sq.
1370 5595 1381 5598 _
1411 5529 1431 5560 '
1463 5529 1603 5584 Gen.
1628 5547 1762 5596 xvu,
1801 5534 1850 5588 7.
1963 5534 1982 5565 '
2014 5535 2154 5588 Psal.
2186 5551 2330 5598 nux,
2364 5537 2416 5590 5.
2527 5534 2548 5564 ⁸
2586 5529 2729 5585 Psal‘.
2784 5543 2914 5593 xvn,
2952 5526 3038 5580 18.
3161 5525 3182 5558 ⁹
3214 5521 3425 5576 BarlICh
3473 5535 3568 5584 Im

308 5590 385 5660 56,
418 5597 504 5654 58.
622 5601 666 5632 ¹⁰
700 5590 806 5656 lsa.
837 5590 1065 5665 vu,l4.
1154 5599 1191 5630 ι’
1230 5590 1427 5653 Ε’ῑεειι.
1462 5614 1604 5654 thv.

315 5747 413 5823 bolo
442 5756 578 5809 mala
627 5773 730 5810 non
755 5754 1048 5823 conﬁtetur
1099 5763 1190 5806 aut
1225 5754 1448 5810 Domino
1487 5754 1610 5821 Deo,
1672 5763 1767 5810 aut
1813 5753 1960 5808 Ι)Εο
2006 5751 2312 5810 DlLECTO
2349 5750 2641 5817 ΗΟΗΙΝΙ,
2681 5765 2934 5821 prospera
2977 5755 3226 5803 adversus
3269 5744 3569 5810 malignum

315 5817 488 5878 hostem
515 5830 729 5882 victoria
789 5817 895 5880 non
929 5824 1161 5892 fructm.

1169 5973 1200 5991 η
