4068 6264
390 355 456 423 31
1614 369 2000 430 EUTI-lYMIl
2047 372 2411 432 ZlGABENI
3563 371 3638 434 32

383 475 733 533 Ostracii.Ait
760 475 1080 549 Euthymius
1115 479 1245 536 :Sic
1277 480 1446 536 etiam
1476 482 1530 536 in
1579 484 1801 539 Christo
1832 501 1963 540 con-

2095 489 2357 557 [στρατιῆς
2390 487 2422 557 ἢ
2452 485 2546 540 τοῦ
2578 486 2847 558 ὀστράκου
2873 504 2888 552 ;
2919 487 3083 556 Λέγει
3108 487 3135 540 6
3167 488 3502 556 Σαρακη-ιοόςο
3538 484 3645 538 Τοῦ

377 569 530 640 tigit:
558 583 684 624 caro
718 569 831 623 sola
861 570 1120 625 cruciﬁxa
1151 571 1274 640 fuit,
1315 581 1370 626 et
1417 573 1571 628 obiit.
1595 573 1737 630 Dicit
1788 575 1954 630 Sara-

380 675 548 718 cenus
599 679 614 715 :
661 661 963 717 Moriente‘
1014 679 1220 728 carne,
1312 664 1634 720 discessitne
1702 682 1732 720 a
1786 683 1952 722 carne

381 755 634 809 divinitas
655 757 875 809 necne?
903 756 1363 826 ,AitEuthymius:
1392 757 1754 826 Separaturne
1795 761 1965 831 fulgo-

384 842 457 895 ris
476 853 691 904 natura,
714 857 836 896 cum
863 845 1062 911 patitur
1091 846 1383 898 ostracium
1407 845 1430 898 ?
1452 845 1589 898 Dicit
1617 846 1959 903 Saracenus:

383 929 756 1000 Nequaquam.
793 933 882 985 Ait
949 933 1323 988 Euthvmius:
1374 933 1432 988 Si
1494 943 1681 990 natura
1743 937 1968 1008 fulgoris

381 1024 518 1077 nihil
572 1026 790 1092 patitur,
815 1041 911 1079 cur
938 1025 1123 1081 divina
1177 1035 1368 1083 natura
1449 1029 1560 1098 pati
1613 1030 1804 1084 debuit
1841 1046 1966 1084 eum

381 1115 632 1182 corpore?
659 1114 794 1169 Dicit
827 1115 1129 1171 Saracenus
1157 1133 1171 1170 :
1196 1118 1307 1172 Cur
1341 1129 1493 1174 tanto
1520 1129 1737 1190 peracto
1764 1132 1970 1191 myste-

390 1206 494 1270 rio,
522 1205 738 1276 Deoque
778 1207 998 1263 homine
1022 1209 1186 1274 facto,
1219 1223 1280 1265 ut
1305 1211 1583 1266 hominem
1639 1223 1799 1280 prout
1836 1214 1971 1268 dici-

387 1298 457 1352 tis
524 1298 793 1364 salvaret,
838 1315 955 1363 cur,
1011 1302 1270 1370 inquam,
1319 1319 1428 1357 non
1474 1304 1674 1358 desinit
1727 1305 1974 1360 diabolus

387 1388 685 1442 humanum
726 1405 897 1457 genus
920 1403 1180 1460 perpetuo
1209 1394 1562 1463 oppugnare?
1588 1395 1676 1448 Ait
1759 1395 1974 1466 Euthy-

387 1481 528 1534 mius
549 1495 568 1532 :
593 1481 834 1537 Narrabo
859 1483 952 1537 tibi
979 1484 1402 1538 similitudinem.
1421 1485 1534 1540 Rex
1553 1487 1768 1554 quidam
1791 1487 1976 1542 habuit

389 1575 620 1628 amicum
647 1575 802 1643 plane
822 1575 1212 1630 ﬁdelissimum.
1232 1576 1484 1631 Inimicus
1498 1593 1626 1632 vero
1646 1579 1832 1634 nescio
1850 1580 1975 1648 quis

389 1663 580 1718 videns
601 1667 921 1720 immensam
950 1668 1363 1721 aestimationem
1389 1667 1844 1738 dilectionemque
1875 1684 1980 1738 qua

392 1745 544 1808 illum
586 1770 676 1809 rex
727 1757 1154 1826 prosequebatur
1182 1800 1198 1824 ,
1255 1757 1444 1813 dolosa
1473 1757 1616 1813 facta
1646 1759 1976 1823 incursione,

392 1847 532 1914 regis
562 1847 795 1900 amicum
828 1848 1169 1918 depraedatus
1195 1851 1531 1920 est,ejusque
1554 1853 1693 1905 bona
1721 1867 1976 1920 pessum-

396 1933 563 1988 dedit.
605 1934 669 1988 Et
690 1937 831 2006 regis
871 1938 1089 2004 quidem
1133 1937 1367 1992 amicum
1420 1947 1636 2008 captum
1683 1942 1981 1997 crudeliter

397 2027 727 2086 verberavit,
761 2029 1122 2098 gravibusque
1152 2030 1360 2084 catenis
1388 2030 1633 2085 vinciens
1665 2031 1720 2084 in
1747 2031 1978 2100 profun-

394 2117 678 2170 dissimum
713 2119 1171 2188 tenebrosutnque
1206 2105 1430 2189 puteum
1457 2123 1723 2191 proiecit:
1778 2138 1888 2192 quo
1924 2123 1979 2177 in

395 2206 517 2261 loco
561 2208 756 2261 misere
788 2208 1179 2279 desperateque
1219 2211 1454 2278 jacebat.
1513 2210 1620 2266 Sed
1656 2221 1836 2266 tamen
1883 2228 1980 2267 rex

397 2298 594 2366 prioris
647 2298 920 2355 felicitatis
966 2302 1125 2356 amici
1176 2302 1280 2365 sui,
1359 2317 1571 2356 necnon
1654 2302 1973 2372 posterioris

399 2391 733 2448 infelicitatis
764 2410 992 2457 memor,
1028 2411 1125 2464 per
1153 2397 1365 2450 viscera
1427 2397 1834 2456 misericordiae.
1865 2395 1980 2450 ἐε-

403 2480 587 2548 piente
605 2483 908 2552 excogitato
931 2483 1176 2547 consilio,
1208 2486 1430 2538 veniens
1459 2500 1582 2539 eum
1606 2485 1768 2554 regali
1787 2485 1985 2540 virtute

399 2573 659 2630 adversus
709 2575 943 2640 hostem,
995 2592 1104 2629 non
1145 2592 1239 2646 pro
1306 2579 1414 2631 alio
1466 2577 1705 2647 negotio,
1753 2577 1846 2632 sed
1884 2593 1986 2646 pro

400 2664 576 2718 amico
640 2680 822 2721 suoex
851 2669 1049 2722 acerbo
1079 2668 1336 2738 gravique
1393 2670 1639 2723 cruciatu
1707 2669 1988 2724 libet-ando

401 2751 717 2806 decertavit.
743 2753 897 2807 lllum
931 2763 1109 2808 autem
1132 2757 1284 2809 malis
1300 2756 1534 2825 gaudere
1563 2756 1780 2809 solitum
1809 2755 1991 2810 debel-

402 2843 521 2898 lans
561 2854 615 2899 et
674 2856 983 2908 conterens,
1027 2848 1328 2901 tortoribus
1362 2849 1620 2902 tradidit:
1667 2864 1982 2918 quanquam

401 2934 542 2988 idem
580 2949 650 2989 ne
678 2935 756 2989 sic
784 2935 1002 3004 quidem
1029 2955 1055 2989 ιι
1083 2939 1328 2991 vexando
1363 2939 1502 3006 regis
1523 2939 1700 2992 amico
1745 2939 1982 2993 destitit.

402 3025 522 3079 Pari
553 3026 758 3080 ratione
777 3027 946 3097 cogita
965 3044 1178 3082 mecum
1202 3030 1268 3082 de
1285 3029 1463 3084 divina
1482 3030 1945 3085 condescensione
1972 3049 1985 3084 :

406 3131 516 3170 non
554 3116 698 3170 enim
749 3121 1079 3173 necessitate
1127 3120 1304 3188 aliqua
1348 3132 1628 3189 premente
1655 3124 1720 3176 ad
1773 3124 1993 3192 suppri-

407 3209 600 3263 menda
633 3210 886 3264 scandala
941 3212 1110 3276 venit,
1148 3211 1243 3266 sed
1274 3224 1332 3268 ut
1385 3213 1661 3269 hominem
1709 3215 1986 3270 liberaret.

409 3299 580 3356 Porro
627 3311 685 3355 ιιι
734 3303 873 3356 male
902 3305 985 3357 vel
1019 3304 1155 3358 bene
1183 3321 1427 3375 agamus,
1471 3305 1521 3360 id
1557 3309 1732 3362 nostri
1780 3308 1986 3363 arbitrii

407 3397 493 3442 est
553 3397 713 3457 atque
768 3393 1150 3458 conscientiae;
1206 3395 1643 3464 quandoquidem
1701 3398 1988 3467 utriusque

409 3479 487 3534 rei
523 3479 676 3535 nobis
715 3481 995 3536 scientiam
1029 3484 1337 3553 impertitus
1361 3495 1470 3540 est.

2067 577 2357 644 ὀστράκου.
2408 576 2552 644 Ἔφη
2605 578 2630 628 6
2681 575 2984 644 Εὐθύμιος⁶
3033 575 3219 639 Οὕτως
3267 575 3359 627 καὶ
3406 577 3498 627 ἐπὶ
3549 574 3644 627 τοῦ

2069 665 2308 735 Χριστοῦ
2339 666 2562 734 γέγονεν
2589 684 2602 696 ο
2639 669 2670 736 ἡ
2707 667 2844 735 σὰρξ
2874 669 3008 737 μόνη
3039 667 3357 736 ἐσταυρώθη
3389 667 3484 718 καὶ
3537 668 3645 719 ἀπ-

2069 758 2282 810 έθανεν.
2318 757 2480 825 Λέγει
2515 761 2542 810 6
2567 759 2886 828 Σαρακηνός
2912 776 2928 792 ο
2961 760 3068 812 Καὶ
3097 759 3480 828 ἀποθανούσης
3512 775 3649 825 σαρ-

2069 848 2184 912 κὸς,
2235 849 2585 918 ἀπεχωρίσθη
2632 851 2662 919 ἡ
2712 849 2901 918 θεότης
2955 851 3018 902 ἐκ
3058 851 3155 918 τῆς
3209 849 3432 918 σαρκὸς,
3483 847 3646 918 ﬁcii;

2075 940 2218 1010 Ἔφη
2247 940 2274 990 6
2306 938 2606 1008 Εὑθύμιος’
2631 941 2990 1009 Χωρίζεταιὴ
3034 940 3195 1006 φύσι-ς
3234 941 3333 1008 τῆς
3362 939 3650 1008 ἀστραπῆς

2071 1033 2204 1084 ὅταν
2236 1031 2433 1100 πάσχει
2463 1031 2523 1083 τὸ
2551 1030 2851 1100 ὅστρακον;
2878 1032 3036 1099 Λέγει
3065 1034 3092 1083 6
3120 1031 3461 1100 Σαρακηνόςο
3493 1031 3650 1099 Οὐχί.

2075 1117 2239 1175 Εἶπεν
2264 1125 2292 1175 6
2325 1123 2598 1192 Εὐθύμιος
2622 1139 2634 1152 ·
2672 1125 2781 1176 Καὶ
2807 1123 2858 1175 εί
2888 1123 2919 1192 ἠ
2960 1123 3122 1190 φύσις
3145 1124 3242 1191 τῆς
3274 1123 3559 1192 ἀστραπῆς
3589 1122 3650 1174 οὐ

2076 1213 2294 1282 πάσχει,
2320 1212 2435 1274 πῶς
2475 1216 2508 1282 ἡ
2536 1211 2654 1264 θεία
2681 1212 2841 1281 φύσις
2865 1207 2979 1282 εἶχε
3017 1213 3409 1282 συμπασχῆσαι
3439 1211 3516 1282 τῷ
3545 1210 3652 1264 σώ-

2080 1320 2244 1372 ματι;
2293 1304 2452 1370 Λέγει
2480 1306 2508 1357 6
2541 1304 2854 1374 Σαρακηνός
2878 1319 2892 1334 ·
2944 1304 3066 1366 Πῶς
3097 1303 3250 1369 γοῦν,
3285 1303 3379 1356 τοῦ
3408 1304 3651 1356 τοιούτου

2083 1395 2386 1464 μυστηρίου
2427 1393 2734 1462 γεγονότος,
2769 1395 2864 1447 καὶ
2893 1394 3027 1447 Θεοῦ
3055 1396 3150 1447 καὶ
3175 1393 3466 1465 ἀνθρώπου
3499 1412 3656 1461 γενο⁸

2083 1485 2264 1552 μένου,
2320 1482 2406 1535 ἶνα
2449 1482 2596 1552 σώσῃ
2648 1482 2755 1552 τὸνε
2782 1483 3088 1553 ἄνθρωπον,
3148 1483 3222 1544 ὡς
3271 1481 3482 1550 λέγετε,
3538 1483 3656 1544 πῶς

2081 1577 2108 1628 6
2136 1574 2381 1637 διάὅολος
2410 1576 2470 1627 οὖ
2510 1574 2742 1628 παύεται
2773 1574 3013 1636 ἀεννάως
3049 1577 3111 1626 τὸ
3140 1575 3295 1642 γένος
3317 1573 3424 1626 τῶν
3448 1570 3660 1643 ἀνθρὼ-

2082 1684 2200 1720 πων
2224 1666 2505 1734 πολεμῶν;
2532 1665 2678 1735 Ἔφη
2707 1667 2735 1719 6
2759 1665 3031 1735 Εὑθύμιος
3048 1681 3066 1699 ο
3096 1665 3247 1718 Είπω
3267 1682 3347 1718 σοι
3372 1665 3623 1734 ὁμοίωμα
3645 1681 3659 1696 ο

2084 1758 2342 1822 Βασιλεύς
2373 1775 2456 1821 τις
2485 1753 2598 1828 εἶχε
2651 1756 2804 1827 φίλον
2831 1757 2973 1810 πάνυ
3010 1755 3401 1825 γνησιώτατον.
3434 1742 3658 1824 Ἐχθρὸς

2081 1849 2137 1902 δέ
2162 1866 2244 1911 τις
2271 1847 2483 1918 βλέπων
2505 1847 2603 1916 τὴν
2627 1847 2854 1916 ἄπειρον
2879 1847 3044 1915 τιμὴν
3067 1846 3160 1898 καὶ
3187 1845 3405 1914 ἀγάπην
3433 1843 3500 1915 ἢν
3521 1842 3662 1914 πρὸς

2087 1939 2248 1992 αὐτὸν
2281 1937 2543 2004 ἐκέκτητο
2573 1937 2602 1988 6
2627 1934 2879 2006 βασιλεύς
2898 1951 2912 1966 ο
2948 1933 3118 1987 ἐλθὼν
3150 1934 3205 1986 δέ
3228 1934 3256 1984 6
3279 1932 3471 2002 ἐχθρὸς
3506 1931 3645 2001 μετά

2081 2031 2232 2083 δόλου
2257 2027 2545 2082 ἐσκύλευσε
2599 2026 2687 2079 τὸν
2711 2026 2804 2080 τοῦ
2833 2025 3096 2096 βασιλέως
3117 2025 3266 2093 φίλον
3287 2027 3380 2078 καὶ
3409 2024 3664 2078 ἀπώλετο

2082 2120 2149 2174 τὰ
2197 2119 2509 2190 ὑπάρχοντα
2559 2117 2762 2170 αὐτοῦ·
2814 2118 2908 2170 καὶ
2943 2117 3034 2170 τὸν
3083 2117 3180 2186 μὲν
3221 2116 3375 2185 φίλον
3421 2113 3516 2166 τοῦ
3571 2112 3665 2183 βα-

2086 2212 2276 2274 σιλέως
2309 2208 2488 2263 λασὼν
2523 2211 2550 2261 6
2578 2209 2768 2278 ἐχθρὸς
2799 2209 2994 2278 ἔτυψεν
3030 2207 3300 2279 ἀνηλεῶς,
3340 2207 3436 2260 καὶ
3466 2206 3666 2266 κλοιοῖς

2088 2302 2278 2373 βαρέσι
2338 2302 2576 2370 πεδήσας
2622 2299 2810 2353 τοῦτον
2858 2302 2914 2352 ἐν
2947 2299 3231 2370 βαθυτάτῳ
3261 2301 3356 2353 καὶ
3403 2295 3662 2365 σκοτεινῷ

2087 2395 2284 2464 φρέατι
2314 2392 2576 2445 ἀπέθετο·
2604 2391 2699 2444 καὶ⁵
2737 2386 2804 2462 ἦν
2835 2391 3022 2460 μείνας
3058 2390 3306 2451 ἐλεεινῶς
3341 2391 3458 2442 ἐκεῖ
3491 2388 3661 2441 καθά-

2085 2502 2192 2554 περ
2235 2484 2677 2554 ἀπαρηγόρητος.
2726 2484 3003 2552 Μνησθεὶς
3049 2481 3144 2534 οὖν
3189 2484 3216 2534 6
3264 2481 3518 2549 βασιλεὺς
3562 2481 3662 2544 τῆς

2087 2577 2360 2647 προτέρας
2394 2577 2794 2647 μακαριότητος
2816 2573 2908 2627 τοῦ
2940 2574 3132 2626 ἑαυτοῦ
3161 2573 3336 2642 φίλου,
3367 2571 3461 2624 καὶ⁸
3496 2571 3666 2622 πάλιν

2087 2672 2186 2739 τῆς
2243 2668 2501 2738 δευτέρας
2571 2666 2734 2720 αὑτοῦ
2804 2665 3157 2736 ἀθλιότητος,
3232 2661 3507 2717 κατελθὼν
3576 2660 3664 2713 διὰ

2091 2761 2376 2830 σπλάγχνα
2419 2760 2599 2822 ἐλέους
2631 2758 2990 2828 οἰκονομικῶς
3035 2760 3092 2810 ἐν
3137 2755 3389 2827 βασιλικῇ
3439 2753 3668 2820 δυνάμει

2092 2854 2227 2922 πρὸς
2243 2851 2334 2904 τὸν
2352 2851 2443 2921 ἐχο
2453 2851 2564 2918 ρον,
2586 2853 2684 2903 οὐκ
2707 2849 3011 2918 ἠγωνίσατο
3029 2847 3278 2918 περὶτῶν
3297 2844 3666 2916 πραγμάτων,

2091 2945 2205 2997 ἀλλ’
2239 2943 2547 3012 ἠγωνίσατο
2575 2941 2668 2994 τοῦ
2705 2941 3070 3012 ἐλευθερῶσαι
3089 2939 3179 2993 τὸν
3204 2939 3398 2992 ἐαυτοῦ
3427 2937 3578 3007 φίλον
3603 2937 3667 2990 ἐκ

2093 3037 2192 3102 τῆς
2238 3035 2441 3104 πικρᾶς
2478 3034 2570 3087 καὶ
2618 3033 2795 3102 δεινῆς
2833 3033 3088 3102 βασάνου.
3122 3032 3225 3083 Τδν
3255 3031 3309 3082 δέ
3338 3029 3670 3100 χαιρέκακον

2095 3128 2300 3180 ἐκεῖνον
2347 3123 2659 3186 καταλύσας
2719 3127 2812 3176 καὶ
2883 3126 3178 3194 συντρίψας
3228 3124 3508 3193 παρέδωκε
3562 3121 3674 3194 τοῖς

2099 3219 2448 3288 βασανισταῖς
2470 3233 2484 3247 ο
2525 3217 2728 3277 ἐκεῖνος
2760 3216 2816 3268 δέ
2847 3193 3134 3270 πάλιννοῦκ
3166 3219 3346 3270 εἴασεν
3368 3255 3381 3275 ,
3418 3212 3534 3266 ἀλλ’
3564 3193 3674 3264 οὐδ⁹

2095 3309 2270 3371 οὕτως
2302 3308 2393 3361 τὸν
2419 3307 2571 3376 φίλον
2601 3307 2691 3359 τοῦ
2728 3307 3010 3377 βασιλέως.
3048 3309 3317 3370 Τοιούτως
3339 3308 3433 3360 ἐπὶ
3463 3307 3528 3375 τῇ
3553 3302 3677 3373 θείᾳ

2095 3399 2504 3470 συγκατασάσει
2547 3399 2658 3452 νόει
2696 3415 2817 3468 μοι’
2862 3400 2986 3454 οὐδέ
3019 3402 3126 3472 γὰρ
3165 3401 3222 3464 ἐξ
3283 3400 3527 3468 ἀνάγκης
3571 3389 3677 3467 ἧκε

2094 3494 2299 3546 παῦσαι
2340 3492 2406 3544 τά
2435 3491 2707 3544 σκάνδαλα
2736 3531 2748 3555 ,
2783 3492 2899 3544 ἀλλ’
2936 3492 3305 3562 ἐλευθερῶσαι
3335 3492 3423 3544 τὸν
3455 3490 3668 3556 ἀνθρω-

412 3591 534 3630 πον.
569 3576 642 3628 Τὸ
673 3578 730 3630 δὲ
759 3584 1019 3648 πράττειν
1074 3578 1307 3649 πονηρὸν
1371 3577 1480 3630 εἴτε
1547 3578 1750 3645 ἀγαθὸν
1810 3577 1909 3646 τῆς
1947 3580 2219 3652 ἡμετέρας
2261 3585 2379 3636 ἐστὶ⁸
2443 3584 2813 3652 προαιρέσεώς
2861 3601 2916 3636 τε
2969 3585 3065 3638 καὶ
3099 3584 3491 3653 συνειδήσεωςο
3557 3583 3680 3633 ἐπεὶ

412 3666 512 3736 τὴν
541 3667 651 3720 τῶν
681 3670 1005 3740 ἀμφοτέρων
1033 3668 1235 3737 γνῶσιν
1266 3672 1396 3740 ἡμῖν
1427 3671 1713 3740 ἀνέθηκεν.

489 3761 574 3816 ll.
601 3761 738 3816 Dicit
765 3763 1100 3817 Saracenus:
1131 3761 1267 3818 Cum
1295 3773 1507 3818 vosmet
1536 3763 1726 3818 dicatis
1763 3761 2002 3832 pretioso

418 3853 678 3922 sanguine
698 3863 930 3924 emptos,
957 3871 1052 3924 age
1075 3855 1162 3910 die
1193 3871 1223 3908 a
1245 3872 1480 3924 quonam
1511 3856 1713 3911 venditi
1738 3855 1961 3910 fueratis
1983 3884 1998 3909 ς

417 3954 472 3996 et
489 3957 584 4012 pro
601 3958 834 4012 quonam
859 3943 1106 4001 Christus
1129 3946 1448 4017 sanguinem
1479 3961 1635 3999 suum
1660 3944 2001 4013 profuderit?

419 4033 648 4102 Insuper
686 4036 988 4102 dieitis,vos
1056 4047 1217 4090 antea
1276 4037 1444 4090 fuisse
1479 4036 1680 4089 diaboli
1739 4035 1995 4099 famulos,

421 4124 698 4180 Christum
733 4143 860 4182 vero
914 4129 1296 4183 advenientem
1330 4142 1425 4180 vos
1461 4126 1778 4180 redemisse.
1827 4128 1993 4195 Atqui

422 4220 468 4273 si
491 4219 741 4274 Christus
770 4220 1084 4289 sanguinem
1112 4232 1271 4271 suum
1303 4217 1517 4271 diabolo
1594 4216 1808 4271 dedisse
1879 4234 2002 4286 pre-

426 4311 563 4364 tium
593 4311 822 4372 dicatur,
860 4324 1039 4363 nonne
1067 4309 1179 4364 baae
1237 4309 1461 4363 exitiosa
1516 4306 1852 4376 blasphemia
1909 4307 2008 4361 fit?

427 4402 516 4455 Ait
545 4386 898 4471 Enthymius:
929 4399 1352 4456 Misericordiam
1376 4401 1470 4455 Dei
1509 4399 1736 4468 ejusque
1765 4398 2009 4453 ineffabi-

2183 3768 2272 3815 ια’.
2295 3761 2457 3830 Λέγει
2487 3763 2515 3814 6
2548 3761 2884 3830 Σαρακηνός·
2928 3759 3113 3830 ’Υμῶν
3145 3761 3412 3826 λεγόντων
3450 3763 3530 3814 ὅτι
3550 3761 3683 3829 ἠγο-

2110 3854 2343 3926 ράσθητε
2377 3853 2454 3923 τῷ
2475 3855 2638 3924 τιμίῳ
2660 3854 2872 3922 αἵματι,
2906 3854 3056 3921 παρά
3085 3853 3229 3916 τίνος
3254 3853 3562 3922 ἐπράθητε;
3593 3852 3686 3905 καὶ

2107 3945 2246 4014 ὑπὲρ
2271 3945 2415 4007 τίνος
2441 3944 2636 3998 ἔδωκεν
2665 3944 2947 4014 ὁιΧριστὸς
2969 3942 3028 3994 τὸ
3055 3936 3194 4012 αἷμα
3221 3941 3382 3994 αὑτοῦ
3407 3959 3421 4004 ς
3451 3943 3558 3994 Καὶ
3583 3940 3692 3994 πά-

2103 4037 2188 4088 λιν
2220 4037 2408 4105 λέγετε
2440 4038 2520 4089 ὅτι
2549 4036 2727 4090 δοῦλοί
2760 4038 2882 4088 ἐστε
2924 4034 3116 4105 πρώην
3148 4034 3240 4086 τοῦ
3279 4033 3556 4097 διαὸόλου,
3590 4033 3688 4086 καὶ

2107 4127 2275 4180 ἐλθὼν
2297 4131 2324 4182 ὁ
2345 4129 2573 4200 Χριστὸς,
2603 4128 2746 4198 ὑμᾶς
2771 4127 3040 4195 ἠγόρασεν
3063 4143 3075 4155 ·
3108 4125 3199 4176 καὶ
3231 4125 3323 4174 ἐὰν
3350 4123 3424 4190 τῷ
3450 4123 3682 4192 διαϐόλῳ

2111 4220 2308 4272 ἔδωκεν
2339 4218 2502 4272 αὐτοῦ
2527 4218 2585 4270 τὸ
2607 4215 2746 4284 αἷμα
2903 4216 3135 4281 ἀρκέσει
3163 4212 3318 4264 τοῦτο
3346 4217 3421 4273 είς
3451 4213 3692 4280 βλασφη-

2118 4315 2246 4385 μίαν
2274 4312 2368 4366 καὶ
2405 4309 2701 4365 ἀπώλειαν.
2737 4309 2880 4377 Ἔφη
2910 4309 2936 4358 6
2971 4304 3239 4373 Εὑθύμιος
3265 4319 3278 4332 ’
3312 4303 3452 4364 Τοὺς
3484 4303 3694 4372 οίκτιρ⁴

2122 4407 2253 4476 μοὺς
2284 4404 2378 4457 τοῦ
2407 4401 2674 4467 Θεοῦ,καὶ
2705 4399 2804 4471 τὴν
2839 4399 3044 4465 ἄφατον
3082 4395 3243 4448 αὑτοῦ
3283 4393 3693 4464 εὐσπλαγχνίαν

429 4494 592 4548 bilem
660 4492 1081 4562 benignitatem,
1133 4508 1390 4546 vocamus
1460 4508 1562 4547 nos
1633 4491 1988 4546 venditionem

2107 4495 2380 4565 καλοῦμεν
2421 4495 2628 4564 πρᾶσιν
2664 4491 2756 4544 καὶ
2802 4489 3040 4557 ἀγοράν·
3079 4487 3278 4555 πρᾶσιν
3315 4484 3411 4554 μὲν
3445 4485 3525 4536 ὅτι
3572 4483 3688 4536 κλίο

430 4592 590 4652 atque
615 4583 989 4652 emptionem:
1042 4583 1409 4638 venditionem
1455 4582 1699 4652 quidem,
1753 4582 1877 4651 quia
1912 4598 2012 4637 nos

432 4674 487 4728 in
517 4673 798 4728 adversam
859 4683 1062 4743 partem
1139 4674 1499 4738 declinantes,
1557 4673 1752 4742 abiecti
1815 4689 1846 4726 a
1900 4673 2011 4726 Deo

435 4765 658 4827 fuimus,
707 4766 774 4819 ab
833 4781 1006 4835 eoque
1063 4765 1787 4833 reccssimus.Emptionem
1836 4773 2015 4818 autem

435 4857 664 4912 dicimus
705 4857 1027 4912 immensam
1052 4857 1296 4926 ejusdem
1351 4856 1739 4928 benignitatem
1772 4865 1825 4909 et
1883 4870 2019 4909 con-

437 4950 867 5006 descensionem.
908 4950 1188 5006 Proferam
1229 4950 1323 5004 tibi
1379 4947 1710 5017 exemplum,
1751 4946 2008 5014 quoniam

439 5038 490 5092 id
530 5040 844 5107 mysterium
887 5055 994 5093 non
1030 5040 1221 5109 capis;
1254 5039 1347 5093 sed
1402 5038 1499 5091 hac
1553 5037 1777 5089 recitata
1829 5034 2016 5087 simili-

441 5131 644 5195 tudine,
697 5132 748 5186 id
805 5133 1023 5186 demum
1080 5131 1544 5200 comprehendere
1597 5125 1820 5194 poteris.
1895 5123 2010 5177 Rex

441 5222 653 5290 quidam
689 5224 960 5289 regionem
1002 5223 1268 5292 egregiam
1302 5221 1608 5289 possidebat
1642 5231 1705 5272 ac
1742 5230 2013 5284 magnam.

448 5314 641 5371 Verum
683 5318 806 5372 illuc
848 5315 1114 5388 [morbus]
1139 5316 1384 5384 irrepens
1412 5315 1660 5368 funditus
1693 5326 1812 5366 eam
1856 5309 2016 5364 deso-

447 5407 1010 5479 iabat.Dolens'itaque
1036 5425 1151 5472 rex,
1184 5410 1498 5463 convocatis
1525 5405 1744 5474 optimis
1768 5399 2016 5460 medicis.

2115 4605 2304 4650 ναντες
2352 4587 2431 4648 εἰς
2469 4586 2539 4636 τά
2587 4583 2806 4636 ἐναντία
2843 4579 3232 4649 ἀπερρίφημεν
3285 4575 3392 4629 ἀπὸ
3429 4575 3564 4628 Θεοῦ
3601 4579 3695 4629 καὶ

2116 4680 2436 4748 ἀπέστημεν
2456 4693 2471 4708 ’
2507 4676 2714 4745 ἀγορὰν
2754 4672 2934 4741 δὲτὴν
2963 4669 3128 4724 αὑτοῦ
3161 4669 3386 4736 ἀπειρον
3419 4668 3693 4735 εὑσπλιιγ⁶

2117 4772 2272 4843 χνίαν
2303 4770 2396 4822 καὶ
2433 4766 2866 4828 συγκατάθασιν.
2900 4763 3056 4815 Εἴπω
3097 4778 3178 4813 σοι
3208 4761 3264 4812 δὲ
3296 4761 3390 4812 καὶ
3416 4759 3690 4827 ὁμοίωμα,

2119 4862 2290 4917 ὅτιτὸ
2326 4859 2622 4930 μυστήριον
2648 4855 2806 4908 τοῦτο
2858 4854 2958 4906 οὐκ
2997 4851 3276 4920 ἐχώρησε,
3334 4851 3430 4903 καὶ
3486 4851 3549 4902 ἐκ
3592 4849 3687 4901 τοῦ

2118 4957 2146 5008 6
2158 4953 2468 5023 μοιώματος
2499 4949 2716 5016 δυνήσει
2748 4944 3076 4999 καταλαϐεῖν
3107 4941 3286 4995 τοῦτο.
3322 4941 3583 5003 Βασιλεύς
3613 4959 3693 5004 τις

2120 5040 2233 5112 εἶχε
2283 5039 2466 5109 χώραν
2505 5036 2706 5106 πολλὴν
2751 5035 2842 5088 καὶ
2876 5033 3139 5101 μεγάλην.
3191 5031 3305 5083 Καὶ
3341 5031 3588 5101 εἰσῆλθεν
3617 5033 3698 5093 είς

2121 5134 2221 5201 τὴν
2253 5128 2448 5182 ἐαυτοῦ
2479 5125 2664 5196 χώραν
2689 5121 2892 5195 [νόσος]
2922 5121 3062 5175 ὥστε
3093 5120 3373 5182 παντελῶς
3399 5119 3695 5188 ἀφανισθῆ-

2123 5240 2233 5277 ναι.
2259 5221 2562 5291 Περίλυπος
2591 5213 2685 5270 οὖν
2714 5215 3005 5284 γενόμενος
3029 5215 3056 5264 6
3089 5211 3366 5282 βασιλεὺς,
3391 5211 3699 5281 προσκαλε-

2129 5314 2362 5383 σάμενος
2399 5311 2524 5372 τοὺς
2571 5307 2830 5379 ἀρίστους
2874 5302 3038 5359 αὑτοῦ
3084 5301 3322 5372 ἰατροὺς.
3365 5301 3702 5355 ἐπυνθάνετο

2131 5406 2258 5473 παρ’
2291 5402 2470 5456 αὐτῶν
2491 5439 2505 5463 ,
2535 5399 2630 5452 καὶ
2659 5396 2887 5457 πολλοὺς
2912 5394 3020 5446 τῶν
3055 5391 3252 5460 ἰατρῶν
3281 5392 3663 5456 ἐξαποστείλας
3684 5434 3700 5459 ,

452 5500 775 5553 sententiam
799 5501 1011 5554 illorum
1043 5502 1270 5570 rogavit,
1305 5497 1603 5566 multisque
1649 5494 1851 5556 missis,
1880 5506 1988 5544 mor

2134 5499 2236 5552 οὐκ
2274 5495 2618 5566 ἠδυνήθησαν
2664 5490 3020 5561 θεραπεῦσαι.
3073 5490 3350 5560 Ύπῆρχον
3390 5488 3447 5540 δέ
3485 5489 3565 5549 είς
3603 5488 3702 5554 τὴν

457 5591 562 5646 bus
593 5601 773 5646 tamen
827 5593 1003 5646 sanari
1035 5607 1144 5646 non
1182 5591 1380 5660 potuit.
1431 5590 1599 5644 Erant
1655 5594 1836 5641 autem
1872 5584 1924 5637 in
1952 5598 2018 5638 ea

2132 5586 2316 5659 χώραν
2351 5583 2445 5637 τοῦ
2479 5580 2737 5654 βασι“ιέως
2778 5580 3098 5650 χαιρὲκακοι
3128 5578 3404 5648 ἄνθρωποι
3434 5575 3529 5628 καὶ⁵
3571 5576 3703 5644 γόη-

537 5745 616 5811 (5)
655 5745 1022 5810 ρεισιεῑίοηειη
1047 5745 1187 5798 hanc
1224 5741 1460 5815 appellat
1510 5751 1752 5815 veterem
1804 5736 2036 5794 Photins
2145 5735 2416 5815 edidimus
2449 5733 2646 5815 script.
2684 5741 2782 5788 ret.
2816 5741 2963 5789 l0lll0
3003 5733 3221 5804 prime),
3253 5746 3307 5786 et
3338 5731 3492 5787 docte
3525 5730 3699 5786 soler-

466 5806 1025 5889 in'Amphiloehiana
1083 5806 1471 5870 dissertatione
1523 5826 1652 5868 xxxv
1707 5810 1892 5881 (quam
1935 5824 2035 5864 nos
2144 5817 2328 5878 terque
2351 5806 2621 5864 dissolvit.
