4068 6264
293 338 350 403 33
1520 346 1986 410 DISPUTATIO
2027 347 2126 408 DE
2165 348 2369 411 FIDE.
3514 362 3581 424 3:

302 474 400 521 τες.
432 456 504 512 Τί
534 455 639 513 οὖν
675 458 830 513 ποιεί
857 459 885 513 6
915 457 1197 529 βασιλεύς;
1240 461 1377 515 Ἕνα
1409 461 1523 515 υἱὸν
1564 463 1705 535 ἔχων
1741 477 1904 532 μονο-

2014 462 2154 532 regis
2183 462 2459 532 provincia
2492 465 2710 535 maligni
2747 464 2997 521 homines
3029 474 3083 520 et
3136 465 3385 522 malelici.
3440 468 3581 535 Quid

311 553 453 619 γενῆ,
514 550 793 621 ἀνέδησεν
848 549 999 620 αὐτῷ
1047 551 1322 621 προϐάτου
1409 552 1597 624 δορὰν,
1651 552 1747 605 καὶ
1807 552 1897 616 ἐξ·

315 643 620 697 απέστειλεν
655 645 742 705 είς
775 642 876 710 τὴν
911 642 1108 695 ἑαυτοῦ
1142 643 1584 713 χώραν.Ίδόντες
1614 643 1671 696 δὲ
1708 643 1897 697 τοῦτον

316 737 359 787 οἱ
393 736 724 803 χαιρέκακοι
760 734 951 796 παῖδες
989 734 1088 802 τῆς
1124 733 1304 804 χώρας
1341 736 1558 803 ἐκείνης
1584 774 1599 799 ,
1639 735 1897 799 λαϐόντες

316 823 489 877 τοῦτον
533 824 889 876 ἀπέκτειναν.
938 823 1045 876 Καὶ
1096 823 1273 877 λαϐὼν
1323 825 1350 875 ὁ
1393 824 1644 893 βασιλεὺς
1676 826 1731 878 ἐν
1774 828 1895 889 ταῖς

316 912 461 981 χερσὶ
496 914 614 971 ταῖς
648 910 810 972 ἰδίαις
845 912 904 962 τὸ
960 911 1051 963 τοῦ
1086 912 1202 964 υίοῦ
1234 913 1399 966 αὑτοῦ
1430 908 1588 982 αἷμα,
1619 915 1712 966 καὶ
1743 914 1897 967 ποτί-

315 1020 407 1066 σας
425 1006 516 1055 τὸν
542 1002 669 1056 λαὸν
694 1042 710 1067 ,
761 1002 1129 1071 ὲζωοποίησεν
1159 1006 1223 1057 ἐκ
1254 1006 1345 1058 τοῦ
1378 1006 1604 1059 θανάτου
1636 1006 1735 1077 τὴν
1767 1008 1894 1059 ἐαυ-

312 1094 402 1146 τοῦ
446 1099 654 1163 χώραν.
689 1095 824 1148 Νόει
858 1111 945 1161 μοι
991 1096 1085 1147 καὶ
1119 1096 1214 1146 ἐπὶ
1245 1095 1338 1149 τοῦ
1375 1097 1605 1167 φοϐεροῦ
1642 1097 1894 1167 σώματος

312 1185 402 1237 καὶ
440 1183 674 1252 αἵματος
722 1182 818 1235 τοῦ
866 1185 1103 1253 Χριστοῦ
1158 1188 1240 1239 ὅτι
1310 1185 1430 1239 οὔτε
1485 1187 1713 1254 ἄγγελος
1769 1187 1894 1240 οὔτε

314 1278 599 1344 προφήτης
623 1271 691 1344 ἦν
718 1274 944 1338 δυνατὸς
971 1275 1250 1340 ἐξελέσθαι
1273 1279 1361 1330 τὸν
1384 1278 1672 1348 ἄνθρωπον
1700 1282 1764 1331 ὲκ
1790 1280 1891 1349 τῆς

308 1367 620 1435 τυραννίδος
655 1366 750 1418 τοῦ
780 1365 1028 1418 διαόὁλου
1061 1369 1110 1419 εἰ
1166 1368 1241 1438 μὴ
1271 1370 1297 1421 6
1331 1368 1491 1433 αὐτὸς
1520 1370 1762 1440 ἀρχηγὸς
1791 1369 1895 1436 τῆς

310 1458 457 1525 ζωῆς
484 1458 642 1526 ήμῶν
667 1458 763 1510 καὶ
791 1458 887 1527 τῆς
916 1458 1187 1529 σωτηρίας
1214 1458 1346 1522 Θεὸς
1377 1459 1466 1512 διὰ
1492 1461 1587 1512 τοῦ
1618 1462 1747 1513 ἰδίου
1791 1458 1897 1512 σώ-

314 1566 482 1618 ματος
513 1549 606 1601 καὶ
633 1551 890 1619 αἵματος.

384 1642 469 1711 ιβ’.
496 1642 661 1709 Λέγει
687 1644 716 1694 6
745 1641 1065 1712 Σαρακηνός
1088 1657 1103 1673 ν
1132 1641 1232 1694 Διὰ
1256 1642 1310 1694 τί
1343 1642 1373 1693 6
1401 1641 1647 1711 Μωάμεδ
1676 1641 1781 1695 ὑπὸ
1798 1641 1892 1694 τοῦ

316 1732 592 1801 προφήτου
622 1730 844 1783 Ἡσαΐου
865 1730 1267 1799 κηρυττόμενος
1290 1730 1597 1800 προφήτης,
1622 1732 1716 1784 καὶ
1746 1733 1802 1785 ὲν
1826 1734 1892 1802 τῇ

1998 568 2128 621 ergo
2162 570 2252 607 rex
2284 554 2459 609 fecit?
2492 556 2686 611 Filium
2760 557 2966 611 habens
3028 557 3388 627 unigenitum,
3453 560 3579 613 huic

2016 644 2276 713 imposuit
2333 647 2548 701 ovinam
2598 647 2815 716 pellem,
2872 656 3030 716 atque
3085 648 3156 700 ita
3202 649 3256 701 in
3304 649 3576 718 regionem

2000 736 2145 790 illam
2202 736 2454 791 dimisit:
2502 753 2663 807 quem
2722 739 2896 793 visum
2950 739 3164 809 maligni
3204 740 3278 792 illi
3329 739 3576 793 homines

1993 839 2320 899 captumque
2404 829 2823 883 interemerunt.
2899 830 2968 882 At
3022 845 3113 882 rex
3174 830 3423 885 manibus
3464 831 3578 884 suis

1996 920 2087 972 lilii
2116 920 2432 990 sanguinem
2452 935 2694 981 sumens,
2717 934 2889 987 eoque
2912 921 3167 988 populum
3199 920 3345 973 illum
3363 931 3576 988 potans,

1994 1006 2270 1076 regionem
2307 1021 2459 1059 suam
2489 1007 2555 1059 de
2578 1005 2749 1058 exitio
2777 1006 2843 1058 ad
2899 1008 3063 1058 vitam
3111 1008 3405 1060 revocavit.
3454 1007 3578 1060 Pari

1994 1099 2155 1152 modo
2187 1096 2349 1168 igitur
2381 1106 2598 1166 reputes
2634 1097 2793 1149 velim
2833 1096 2898 1150 de
2931 1098 3243 1150 venerando
3272 1112 3498 1166 corpore
3519 1110 3576 1151 et

1994 1192 2256 1260 sanguine
2275 1188 2516 1253 Christi;
2547 1188 2687 1257 quod
2716 1202 2912 1256 nempe
2934 1203 3107 1255 neque
3128 1188 3374 1257 angelus.
3401 1201 3580 1256 neque

1992 1279 2278 1349 propheta,
2338 1287 2551 1348 poterat
2606 1279 2883 1332 hominem
2949 1278 3016 1331 de
3045 1278 3245 1331 diaboli
3282 1278 3569 1348 tyrannide

1997 1368 2235 1436 eripere,
2267 1375 2463 1436 praeter
2509 1382 2671 1436 quam
2721 1368 2835 1436 ipse
2887 1376 3088 1421 nostrae
3117 1369 3240 1422 vitae
3295 1378 3484 1422 auctor
3528 1375 3584 1423 et

1995 1456 2187 1510 salutis
2219 1455 2381 1522 Deus,
2420 1471 2516 1526 per
2540 1456 2822 1527 proprium
2855 1471 3053 1527 corpus
3079 1467 3132 1511 et
3164 1442 3506 1527 sanguinem.

2069 1637 2156 1691 12.
2184 1636 2321 1690 Dicit
2347 1638 2685 1691 Saracenus:
2716 1637 2826 1691 Cur
2855 1635 3230 1692 Mohamedem
3259 1653 3288 1691 a
3314 1639 3583 1708 propheta

1994 1730 2134 1785 Isaia
2166 1729 2558 1799 proclamatum
2595 1730 2915 1798 prophetam
2948 1740 3001 1782 et
3053 1730 3255 1784 diserte
3286 1731 3574 1799 scriptum,

312 1822 555 1893 ὑμετέρᾳ
582 1825 765 1891 γραφῇ
791 1822 1194 1893 κηρυττόμενος
1220 1824 1502 1892 προφήτης
1531 1826 1624 1875 καὶ
1650 1839 1897 1893 γεγραμ-

2007 1839 2096 1879 vos
2120 1822 2450 1892 repudiatis?
2468 1821 2558 1875 Ait
2574 1821 2913 1891 Euthymius:
2933 1819 3157 1875 intende
3170 1831 3406 1875 mentem
3433 1831 3582 1876 tuam

312 1914 471 1980 μένος
527 1912 625 1976 ὣν,
681 1912 949 1977 ὲξεώσατε
1009 1913 1238 1977 τοῦτον;
1297 1913 1443 1981 Ἔφη
1489 1916 1517 1965 6
1580 1914 1893 1983 Εὐθύμιος⁹

311 2002 520 2071 Στῆσον
546 2001 637 2055 τὸν
668 2002 795 2054 νοῦν
819 2018 912 2054 σου
942 2003 1035 2054 καὶ
1064 2002 1162 2070 τὴν
1198 2001 1504 2071 συνείδησιν
1533 2020 1626 2055 σου
1660 2002 1894 2057 ἐνώπιον

308 2092 406 2146 τοῦ
446 2093 582 2145 Θεοῦ
632 2096 743 2155 τοῖς
793 2094 971 2160 λόγοις
1028 2092 1123 2145 τοῦ
1171 2091 1415 2144 Ἡσαΐου.
1451 2091 1672 2157 Λέγειὸ
1714 2092 1896 2161 Σαρα-

310 2185 479 2253 κηνός
505 2202 518 2213 ·
546 2186 608 2237 El.
626 2185 652 2235 6
678 2185 834 2250 Θεὸς,
860 2184 962 2237 οὐκ
983 2182 1306 2251 ἁμφίὸολοςζ
1352 2182 1513 2247 Λέγει
1541 2184 1569 2234 6
1594 2180 1863 2250 Εὐθύμιος
1881 2195 1897 2213 ⁸

312 2276 383 2329 Τί
436 2292 521 2328 σοι
569 2276 713 2328 δοκεί
756 2276 886 2346 περὶ
929 2274 1117 2326 τούτου
1155 2273 1247 2327 τοῦ
1300 2274 1578 2343 προφήτου
1637 2272 1896 2337 Ἠσαῖους

312 2367 570 2439 θεράπων
600 2363 667 2435 ἦν
696 2365 832 2419 Θεοῦ
863 2365 957 2418 καὶ
986 2364 1237 2435 ἀληθινὸς
1269 2365 1554 2434 προφήτης
1592 2363 1624 2434 ἢ
1660 2362 1755 2430 οῦς
1796 2364 1899 2417 Λέ-

311 2476 402 2526 γει
436 2461 463 2512 6
493 2460 830 2528 Σαρακηνόςο
869 2457 977 2509 Καὶ
1012 2456 1155 2508 πάνυ
1187 2457 1471 2525 προφήτης
1502 2454 1596 2508 καὶ
1620 2454 1899 2522 θεράπων.

321 2552 469 2621 Ἔφη
502 2554 528 2602 ό
567 2550 871 2618 Εὑθὺμιοςο
908 2546 1160 2610 Τοιοῦτος
1188 2546 1329 2605 θεῖος
1365 2545 1649 2615 προφήτης
1682 2547 1773 2598 καὶ
1807 2546 1902 2614 μὲ-

315 2656 418 2707 γας
454 2640 680 2703 Ἡσαΐας
727 2639 858 2692 τάδε
903 2638 1037 2708 φησι
1071 2634 1321 2706 περὶτοῦ
1363 2633 1607 2704 Μωάμεδ
1649 2647 1663 2662 ⁸
1719 2632 1901 2703 Ἀφεῒ-

317 2735 389 2785 λε
432 2734 645 2800 Κύριος
676 2732 795 2784 ἀπὸ
835 2728 1239 2798 Ἰερουσαλὴμ
1264 2725 1458 2796 μέγαν
1503 2726 1601 2779 καὶ
1643 2726 1897 2794 μικρὸν,

316 2826 509 2891 regal
522 2823 596 2888 ὴν
610 2824 706 2874 καὶ
726 2824 934 2890 σειρὰν,
955 2820 1268 2889 προφήτην
1288 2816 1516 2886 ἄνομον
1534 2816 1900 2870 διδάσκοντα

317 2916 511 2982 ἄνομα
531 2930 546 2945 ο
571 2909 641 2968 οὖ
669 2914 722 2965 τί
753 2914 791 2981 ἠ
831 2911 982 2980 οὺρὰ
1005 2927 1024 2974 ;
1053 2913 1151 2964 καὶ
1172 2911 1327 2964 ἔστω
1351 2908 1604 2963 πλανῶν
1627 2908 1723 2963 καὶ
1749 2911 1902 2962 πλα-

318 3006 613 3075 νώμενις’
652 3005 825 3058 ταῦτα
863 3006 1162 3073 φάσκοντος
1202 3002 1298 3055 τοῦ
1348 3002 1575 3054 Ἠσαίου
1619 3003 1749 3071 περὶ
1803 2998 1897 3053 τοῦ

319 3098 581 3166 Μωὰμεδ.
620 3099 786 3164 Λέγει
821 3100 849 3150 6
886 3096 1221 3167 Σαρακηνός·
1262 3095 1399 3149 Εἰπὲ
1429 3095 1582 3163 ήμῖν,
1618 3093 1714 3162 τῆς
1751 3092 1902 3155 θείας

320 3191 540 3260 Γραφῆς
588 3189 853 3256 λεγούσης
903 3202 919 3217 ⁸

319 3279 529 3333 αὐλῶν
570 3281 676 3333 τὸν
728 3277 899 3333 οἶνον
937 3279 1220 3343 πίνοντες
1258 3280 1350 3330 καὶ
1393 3276 1488 3345 Μὴ
1528 3277 1909 3344 μεθύσκεσθε

322 3370 491 3428 οἶνον
546 3376 615 3428 ἐν
669 3368 716 3440 ᾧ
766 3376 942 3428 ἐστιν
992 3374 1029 3439 ἢ
1061 3373 1291 3427 ἀσωτία
1342 3372 1457 3434 πῶς
1511 3372 1727 3441 ὁρῶμεν
1784 3369 1909 3432 τοὺς

324 3469 684 3538 Χριστιανοὺς
716 3470 773 3520 ὲν
804 3470 872 3537 τῇ
904 3467 1046 3537 μέθῃ
1083 3467 1178 3520 καὶ
1231 3467 1290 3519 ἐν
1334 3465 1611 3534 ὀρχήμασι
1669 3463 1913 3531 δαιμονι-

324 3564 477 3624 κοῖς;
538 3559 1081 3629 Καταχριστιανικῶς
1119 3557 1275 3611 τοῦτο
1342 3556 1699 3626 πράττουσιν.
1764 3549 1912 3623 Ἀρά

327 3670 391 3722 γε
447 3652 671 3723 μέτοχοι
726 3653 833 3703 εἱσι
894 3652 1009 3720 τῆς
1057 3650 1150 3702 τοῦ
1199 3649 1333 3702 Θεοῦ
1394 3647 1706 3717 pacticiam;
1762 3646 1907 3715 Ἔφη

323 3747 352 3796 6
391 3745 666 3815 Εὺθὺμιος
690 3759 704 3773 ο
740 3745 833 3814 Μὴ
873 3742 1085 3810 γένοιτο
1110 3757 1123 3771 ·
1167 3741 1241 3810 μὴ
1277 3738 1582 3805 πλανᾶσθε,
1618 3740 1721 3808 τῆς
1756 3737 1908 3798 θείας

322 3836 543 3904 Γραφῆς
570 3833 726 3905 ἡμῶν
754 3834 1019 3902 λεγούσης
1062 3834 1105 3864 ³⁸
1129 3850 1142 3865 ο
1170 3834 1405 3897 Δίκαιος
1433 3832 1670 3899 Κύριος,
1699 3829 1795 3882 καὶ
1819 3826 1909 3879 δι·-

324 3930 657 3992 καιοσύνας
708 3928 1035 3995 ἠγάπησεν
1080 3941 1094 3954 ·
1129 3925 1265 3979 Οὔτε
1292 3924 1503 3994 πόρνοι,
1546 3920 1670 3974 οὔτε
1706 3920 1908 3990 μοιχοὶ,

2002 1924 2162 1985 atque
2188 1914 2599 1977 conscientiam,
2628 1928 2728 1967 ceu
2761 1922 2887 1967 ante
2905 1922 3257 1981 conspectum
3290 1913 3406 1974 Dei,
3434 1912 3585 1967 Isaia:

2000 2010 2203 2065 verbis.
2235 2009 2375 2063 Dicit
2395 2007 2699 2061 Saracenus
2733 2021 2747 2059 :
2781 2002 2834 2057 Si
2870 2002 3015 2058 Deus
3049 2013 3155 2069 est,
3190 2019 3300 2057 non
3336 2004 3437 2058 erit
3471 2018 3589 2058 am-

1999 2100 2196 2169 biguus
2221 2099 2329 2153 .Ait
2356 2096 2678 2167 Euthymius
2708 2111 2721 2146 :
2760 2094 2898 2159 Quid
2929 2094 3023 2148 tibi
3054 2094 3120 2149 de
3155 2095 3259 2149 hoc
3315 2096 3584 2164 propheta

2002 2192 2139 2246 Isaia
2173 2190 2416 2244 videtur?
2442 2203 2705 2243 servusne
2732 2187 2827 2240 Dei
2864 2195 2949 2241 est
2998 2202 3270 2255 verusque
3297 2188 3586 2256 propheta,

1988 2282 2209 2339 meone?
2250 2282 2387 2336 Dicit
2415 2280 2717 2335 Saracenus
2744 2296 2756 2333 :
2788 2278 3056 2347 Propheta
3099 2294 3326 2349 magnus
3385 2278 3588 2348 Deique

2003 2375 2263 2432 famulus.
2294 2374 2384 2428 Ait
2404 2372 2757 2443 Euthymius:
2786 2371 2950 2426 Divus
2979 2371 3067 2425 hic
3089 2385 3426 2439 magnusque
3448 2386 3577 2440 pro-

2010 2467 2175 2536 pheta
2209 2465 2376 2520 lsaias
2408 2466 2523 2518 haec
2552 2465 2618 2519 de
2646 2463 2961 2518 Mohamede
2983 2461 3382 2517 dicitzAbstulit
3403 2461 3587 2514 Domi-

2015 2576 2113 2614 nus
2153 2560 2217 2613 de
2238 2556 2536 2611 Jerusalem
2564 2571 2811 2624 magnum
2841 2570 3186 2623 parvumque.
3212 2564 3430 2622 caputet
3460 2570 3591 2607 cau-

2003 2653 2149 2716 dam,
2176 2649 2484 2720 proyhetam
2506 2648 2727 2714 impium
2757 2646 2919 2714 impia
2948 2651 3237 2698 docentem.
3263 2644 3430 2713 Cujus
3461 2646 3585 2714 qui-

2003 2744 2119 2797 dem
2145 2742 2270 2813 quid
2290 2742 2461 2795 cauda
2487 2750 2562 2793 est
2577 2743 2601 2795 .9
2619 2741 2817 2808 eritque
2835 2738 3098 2804 decipiens
3121 2748 3168 2789 et
3192 2737 3459 2805 deceptus;
3476 2738 3590 2791 haec

2003 2834 2149 2889 enim
2183 2834 2321 2889 dicit
2347 2833 2515 2888 Isaias
2532 2833 2600 2889 de
2626 2830 2944 2885 Mohamede
2972 2829 3037 2881 η.
3070 2829 3207 2882 Dicit
3239 2828 3542 2883 Saracenus
3575 2844 3589 2882 :

2004 2926 2101 2982 Dic
2123 2927 2305 2992 nobis,
2328 2942 2451 2980 cum
2473 2926 2656 2981 divina
2679 2925 2953 2994 Scriptura
2970 2924 3146 2977 dicat:
3171 2921 3263 2976 Va:
3280 2924 3342 2976 iis
3360 2925 3595 2992 quilym-

2005 3037 2148 3090 pana
2177 3029 2407 3073 tenentes
2429 3020 2773 3072 vinumsuum
2792 3018 2969 3070 bibunt
2990 3017 3065 3082 ‘3;
3093 3015 3242 3069 item:
3276 3014 3452 3068 Nolite
3483 3017 3594 3068 ine-

2012 3113 2178 3166 briari
2205 3112 2419 3175 vino,in
2442 3128 2543 3177 quo
2578 3120 2651 3163 est
2686 3110 2977 3174 luxuria“,
3012 3125 3111 3163 cur
3135 3109 3474 3162 Christianos
3513 3107 3593 3162 vi-

976 3186 1121 3241 Ot‘ml
1162 3189 1217 3240 οἱ
1258 3184 1409 3254 μετὰ
1438 3183 1766 3252 τυμπάνων
1798 3181 1899 3234 καὶ

2013 3205 2206 3259 demus
2257 3204 2508 3258 ebrietati
2540 3212 2595 3257 et
2641 3202 2923 3257 diabolicis
2954 3202 3170 3254 choreis
3204 3200 3546 3270 indulgentes
3569 3200 3595 3254 ?

2009 3295 2240 3350 Prorsus
2269 3294 2374 3349 hoc
2406 3309 2435 3347 a
2463 3291 2776 3346 Christiano
2824 3291 3074 3344 instituto
3114 3290 3350 3343 alienum
3404 3299 3594 3358 agunt.

2009 3389 2157 3443 Num
2191 3388 2357 3457 igitur
2398 3385 2492 3439 Dei
2530 3399 2759 3453 regnum
2791 3384 3219 3453 partieipabunt?
3247 3384 3336 3439 Ait
3385 3383 3593 3453 Euthy-

2010 3480 2173 3534 mius:
2191 3476 2451 3533 AbsitiNe
2476 3475 3153 3546 decipiamini,quoniam,
3181 3477 3255 3530 ait
3281 3475 3587 3545 Scriptura:

2009 3573 2191 3626 Justus
2230 3571 2503 3635 Dominus,
2534 3580 2581 3622 et
2609 3569 2855 3638 justitias
2879 3569 3135 3623 dilexit".
3167 3569 3352 3638 Neque
3383 3578 3591 3623 scorta-

2017 3672 2179 3728 tores,
2204 3678 2380 3731 neque
2411 3661 2668 3724 adulteri,
2703 3676 2885 3728 neque
2946 3660 3173 3722 ebriosi,
3218 3675 3392 3727 neque
3424 3659 3592 3723 fures,

2015 3771 2194 3824 neque
2211 3754 2424 3819 molles,
2459 3767 2638 3820 neque
2676 3752 3044 3806 masculorum
3094 3751 3495 3815 concubitores,
3515 3749 3601 3802 in-

2018 3848 2241 3901 trahunt
2270 3846 2324 3898 in
2351 3857 2579 3913 regnum
2607 3842 2872 3897 cwlorum
2898 3843 2978 3909 ¹⁶;
3014 3841 3118 3897 nisi
3149 3842 3241 3912 qui
3275 3841 3466 3896 fecerit
3500 3855 3599 3896 vo-

2018 3937 2285 3992 luntatem
2318 3935 2435 3989 Dei.

322 4041 442 4094 οὖτε
476 4040 725 4113 μέθυσοι,
755 4041 815 4092 οὑ
849 4038 1100 4105 κλέπται,
1132 4038 1190 4091 οὗ
1237 4035 1494 4107 μαλακοὶ,
1529 4032 1652 4085 οὒτε
1689 4028 2068 4101 ἀρσενοκοῖται
2127 4026 2528 4082 εἰσελεύσονται
2581 4029 2660 4093 εἰς
2714 4027 2813 4099 τήν
2872 4025 3151 4099 βασιλείαν
3200 4027 3307 4081 τῶν
3354 4024 3599 4095 οὐρανῶν

324 4137 372 4187 ει
410 4135 485 4205 μὴ
514 4134 544 4184 6
577 4131 750 4185 ποιῶν
778 4132 840 4183 τὸ
874 4131 1087 4200 θέλημα
1116 4129 1209 4182 τοῦ
1239 4125 1400 4182 Θεοῦ.

392 4222 481 4292 ιγ’.
520 4223 632 4275 Καὶ
664 4220 782 4291 μεθ’
822 4220 985 4290 ἔτερα
1011 4221 1040 4273 6
1068 4219 1336 4289 Εὐθύμιος
1368 4215 1506 4287 πρὸς
1538 4214 1629 4268 τὸν
1668 4212 1908 4283 Ἀγσιρη-

325 4313 412 4367 νὺν
436 4314 543 4381 ἔφη
569 4330 585 4344 ο
614 4312 751 4364 Εἰπὲ
786 4312 940 4381 ήμῖν,
981 4304 1027 4364 ὧ
1060 4309 1336 4378 σοφώτατε
1367 4307 1475 4360 τῶν
1512 4306 1719 4374 Ἀγαρ·
1752 4306 1911 4375 ὑμεῖς

325 4406 509 4472 λέγετε
548 4406 640 4458 τὸν
685 4402 931 4473 Μωάμεδ
975 4401 1257 4454 καλεῖσθαι
1302 4398 1588 4471 προφήτην
1633 4395 1769 4449 Θεοῦ
1817 4395 1913 4448 καὶ

2086 4205 2174 4259 15.
2194 4203 2258 4257 Εῑ
2278 4211 2399 4274 post
2413 4203 2519 4257 alia
2533 4202 2858 4275 Euthymius
2877 4202 3127 4273 Agareno
3140 4201 3276 4256 dixit
3298 4200 3426 4257 :Dic
3438 4203 3595 4263 mihi,

2011 4313 2046 4353 ο
2078 4297 2480 4367 sapientissime
2509 4296 2743 4352 ﬁliorum
2783 4298 2974 4366 Agaris
3006 4315 3020 4352 :
3065 4310 3161 4349 vos
3197 4295 3379 4351 dicitis
3410 4295 3599 4352 Moha-

2017 4391 2229 4444 medcm
2267 4390 2452 4443 vocari
2476 4389 2798 4459 prophetam
2827 4389 2922 4442 Dei
2949 4400 3008 4443 et
3031 4388 3285 4458 legatum.
3312 4386 3596 4444 Undenam

326 4500 626 4551 ἀπόστολον
653 4512 667 4525 ·
708 4496 872 4547 πόθεν
911 4494 1063 4563 ἔχετε
1091 4492 1251 4546 τοῦτο
1281 4492 1487 4558 δεῖξαι,
1521 4492 1613 4543 καὶ
1647 4493 1710 4541 ἐκ
1741 4487 1904 4540 ποίων

2018 4483 2121 4537 hoc
2149 4481 2459 4546 ostenditis,
2484 4490 2541 4536 et
2569 4480 2769 4550 quibus
2811 4480 3070 4534 testibus?
3100 4478 3347 4549 Namque
3395 4490 3453 4535 ut
3478 4496 3601 4535 cer-

336 4591 631 4660 μαρτύρων
656 4605 673 4650 ;
700 4588 949 4659 Ὀρῶμεν
978 4587 1086 4656 γὰρ
1112 4584 1233 4638 οὔτε
1248 4587 1447 4656 κρίσιν,
1478 4583 1602 4636 οὔτε
1633 4580 1912 4648 συζυγίας,

337 4683 458 4733 οὔτε
508 4680 781 4751 πώλησιν,
836 4679 961 4731 οὔτε
1023 4680 1251 4746 ἀγορὰν,
1303 4675 1427 4729 οὔτε
1485 4673 1764 4744 χωρισμὸν
1824 4687 1917 4722 συ-

334 4774 546 4840 ζυγίας,
599 4773 725 4825 οὔτε
768 4771 937 4840 ἄλλην
978 4771 1078 4838 τὴν
1125 4766 1335 4822 οἱανοῦν
1386 4765 1639 4818 ὑπόθεσιν
1711 4763 1915 4813 ποιεῖτε

364 4866 533 4935 πάρεξ
594 4861 1099 4933 μεμαρτυρημένας
1148 4856 1386 4928 γραφάς.
1453 4855 1510 4908 '0
1556 4854 1611 4906 δὲ
1669 4849 1916 4923 Μωάμεδ

338 4954 513 5024 οὗτος,
562 4956 623 5009 ὃν
672 4956 860 5023 λέγετε
923 4948 1067 5004 εἶναι
1125 4951 1412 5020 προφήτην
1467 4948 1640 5014 ὑμῶν,
1704 4946 1914 4997 παντάο

337 5050 500 5102 πασίν
548 5050 702 5100 ἔστιν
753 5047 1072 5115 ἅμάρτυρος
1120 5043 1214 5094 καὶ
1268 5038 1674 5099 ἀνυπόστατος’
1720 5035 1918 5104 γνώρι·

341 5157 437 5207 μσς
465 5140 577 5210 γάρ
610 5142 729 5191 ἐστι
782 5138 934 5206 παρὰ
999 5133 1214 5186 πάντων
1254 5133 1335 5185 ὅτι
1371 5129 1581 5200 μίσθιος
1611 5123 1677 5197 ἦν
1705 5142 1719 5157 ⁸
1765 5126 1859 5178 καὶ
1889 5123 1919 5174 6

338 5232 434 5299 τῆς
474 5232 617 5299 ζωῆς
670 5227 837 5281 αὑτοῦ
886 5225 1078 5296 χρόνος
1111 5223 1447 5291 πεντήκοντα
1491 5219 1586 5271 καὶ
1618 5215 1779 5269 πέντε
1821 5214 1917 5283 ἔτη

340 5321 445 5382 ζῶν
474 5324 533 5375 ἐν
572 5320 814 5389 ἁσωτείᾳ
853 5319 952 5369 καὶ
985 5314 1139 5392 πάσῃ
1169 5309 1481 5381 ἀκαθαρσίᾳ
1511 5306 1919 5376 τεσσαράκοντα

336 5414 451 5483 ἐτη,
484 5410 893 5481 εἰδωλολατρὼν
917 5411 977 5460 ἐν
1006 5406 1156 5475 πάσῃ
1178 5403 1422 5473 ἀσεϐείᾳ.
1456 5400 1537 5452 Τὰ
1561 5399 1617 5451 δὲ
1641 5398 1799 5451 πέντε
1825 5396 1920 5449 καὶ

335 5503 462 5559 δέκα
500 5506 596 5575 ἔτη
630 5505 839 5576 ἤρξατο
871 5498 1338 5571 ψευδοθεοσεόεἰν,
1369 5495 1523 5563 παρά
1552 5508 1696 5553 τινος
1726 5494 1923 5561 ἀστροο

338 5598 495 5668 νόμου
527 5596 789 5669 μοναχοῦ,
815 5594 876 5658 ὃς
909 5593 1008 5645 καὶ
1032 5588 1192 5652 αὐτὸς
1218 5588 1320 5641 οὐκ
1345 5582 1414 5658 ἦν
1444 5581 1602 5655 ὀρθὸς
1631 5580 1731 5653 τῆς
1762 5581 1922 5649 ὀρθο-

434 5791 476 5823 ¹¹
511 5792 617 5847 lsa.
654 5808 732 5856 ιι,
763 5792 852 5858 13,
890 5784 994 5841 15.
1076 5782 1121 5814 ⁸³
1146 5781 1249 5837 lsa.
1280 5798 1332 5849 ν,
1369 5778 1463 5835 11..

1570 5776 1615 5810 ’⁸
1646 5774 1847 5848 Ephes.
1884 5787 1939 5840 ν,
1973 5770 2060 5827 18.
2140 5768 2349 5827 "Psal.
2390 5785 2444 5836 ι,
2468 5766 2536 5839 ,8.

2012 4575 2222 4640 nimus,
2251 4589 2347 4629 vos
2377 4588 2557 4643 neque
2595 4573 2883 4639 judicium,
2904 4587 3084 4641 neque
3114 4572 3388 4642 conjugia,
3420 4587 3599 4642 neque

2012 4666 2406 4733 venditionem,
2429 4679 2607 4734 neque
2623 4664 2976 4733 emptionem,
3008 4678 3186 4733 neque
3213 4666 3454 4734 conjugii
3491 4665 3601 4719 dis-

2012 4758 2361 4823 solutionem,
2398 4772 2576 4826 neque
2603 4755 2749 4810 aliud
2778 4756 3008 4825 quodvis
3041 4756 3319 4826 negotium
3390 4757 3590 4821 facitis,

2014 4853 2132 4909 sine
2150 4852 2352 4921 scripto
2372 4849 2707 4903 testimonio.
2725 4849 2824 4901 Hic
2847 4859 3027 4900 autem
3049 4846 3413 4912 Mohamedes,
3437 4862 3597 4916 quem

2016 4944 2196 4999 dicitis
2226 4958 2347 4997 esse
2371 4944 2692 5012 pr0pbetam
2715 4952 2983 5003 vestrum,
3016 4954 3241 5007 prorsus
3263 4940 3411 4993 omni
3442 4941 3601 4993 testi—

2017 5038 2203 5090 monio
2242 5041 2392 5089 caret
2446 5042 2501 5088 et
2566 5033 2944 5087 fundamento.
2993 5029 3220 5083 Constat
3262 5032 3405 5085 enim
3460 5030 3600 5097 apud

2016 5141 2209 5182 omnes
2246 5125 2647 5179 mercenarium
2686 5124 2876 5188 fuisse,
2908 5133 2963 5176 et
2986 5125 3131 5193 quod
3157 5134 3327 5177 totum
3350 5122 3470 5175 vitae
3493 5136 3605 5173 suae

2019 5228 2239 5288 tempus
2281 5217 2677 5286 quinquaginta
2714 5228 2769 5271 et
2790 5216 3033 5285 quinque
3058 5230 3351 5277 annorum,
3381 5213 3435 5263 in
3454 5211 3604 5264 omni

2022 5310 2253 5365 luxuriae
2282 5318 2334 5362 et
2357 5307 2690 5376 impuritatis
2726 5323 2930 5376 genere
2981 5307 3245 5375 exegerit,
3301 5312 3353 5356 et
3384 5303 3605 5370 quidem

2032 5417 2208 5473 usque
2236 5401 2301 5455 ad
2324 5401 2802 5471 quadragesimum
2834 5411 3036 5451 annum
3070 5396 3269 5464 impius
3302 5394 3604 5451 idololatra.

2028 5492 2328 5547 Postremis
2358 5506 2492 5546 vero
2519 5491 2833 5560 quindecim
2865 5485 3025 5539 annis
3052 5488 3224 5555 carpit
3254 5486 3446 5540 falsam
3480 5487 3611 5539 nelia-

2028 5582 2241 5650 gionem
2271 5580 2559 5644 colere,ab
2582 5586 2897 5633 astroaonio
2926 5576 3157 5646 quodam
3190 5575 3457 5646 monacho
3481 5588 3608 5628 eru-

2651 5766 2693 5798 ¹⁸
2740 5766 2761 5821 Ι
2829 5765 2954 5822 Cor.
3004 5779 3081 5831 vi,
3120 5762 3286 5831 9,10.
